4000 6458
621 400 755 458 1051
1913 407 1973 463 S.
2013 405 2262 464 LEONIS
2294 404 2497 464 PAPE
2534 403 2603 460 Ill
3671 396 3761 458 1032

608 521 775 579 unius
801 517 1070 584 essentiae,
1103 518 1264 576 unius
1291 518 1599 589 potestatis,
1630 525 1937 575 creatorem
1959 520 2203 575 omnium
2230 523 2286 582 Α
2306 518 2607 590 perfectum
2639 513 2696 569 in
2725 509 2933 568 duabus
2962 509 3170 566 naturis
3195 507 3252 564 in
3286 507 3436 565 unius
3477 524 3669 580 personae
3694 517 3762 575 sin-

610 621 1010 679 creaturarum,
1043 628 1073 666 a
1097 627 1206 683 quo
1237 614 1441 678 omnia,
1468 627 1565 682 per
1586 628 1748 682 quem
1773 612 1977 678 omnia,
2005 613 2062 666 in
2096 627 2203 682 quo
2307 613 2595 686 gularitate
2652 606 3038 678 impassibilem
3091 614 3148 660 et
3189 604 3477 676 passibilem
3501 647 3514 670 ,
3566 610 3761 668 mortalem

611 707 791 762 omnia
820 725 832 761 :
873 707 1088 762 Patrem
1112 722 1142 760 a
1173 707 1375 778 seipso,
1403 723 1508 762 non
1533 708 1600 761 ab
1643 706 1775 773 alio;
1823 706 2019 762 Filium
2055 723 2085 760 a
2108 706 2207 761 Pa-
2305 715 2469 776 atque
2492 703 2870 767 immortalem,
2900 698 3217 756 cruciﬁxum
3266 702 3318 754 in
3347 699 3614 757 inﬁrmitate
3629 715 3761 769 nostra,

613 806 695 854 tre
719 800 976 871 genitura,
993 799 1164 855 Deum
1187 814 1374 853 verum
1409 799 1477 854 de
1502 799 1612 854 Deo
1635 814 1783 863 vero,
1809 798 1992 852 lumen
2015 812 2204 852 verum
2306 803 2664 872 cumdcmque
2691 799 3187 870 sempervivenlem
3211 797 3264 851 in
3284 796 3470 852 virtute
3489 801 3665 869 suam}
3681 817 3765 856 ωοτ.

614 893 680 948 de
714 893 916 948 lumine
947 907 1094 957 vero,
1124 909 1232 948 non
1261 903 1441 949 tamen
1469 894 1576 949 duo
1604 893 1805 947 lumina
1838 935 1852 958 ,
1912 892 2006 947 sed
2036 906 2206 945 unum
2309 905 2432 950 tuus
2465 902 2550 948 est
2577 892 2758 948 carnis
2797 906 2908 946 suae
2936 897 3109 945 morte
3148 896 3204 942 et
3232 888 3477 957 sepultus,
3499 897 3629 958 atque
3651 892 3698 945 ab
3718 892 3766 948 in.

613 984 824 1050 lumen;
861 985 1123 1057 Spiritum
1150 995 1396 1043 sanctum
1453 1004 1482 1042 a
1513 988 1673 1044 Patre
1695 996 1750 1044 et
1776 1004 1806 1042 a
1831 988 1969 1042 Filio
1995 986 2209 1056 mquali—
2311 989 2461 1056 feris,
2489 990 2744 1044 damnato
2763 995 2818 1042 et
2844 985 3075 1056 spoliato
3103 985 3344 1055 principe
3376 985 3521 1039 totius
3546 985 3766 1056 iniquitatis,

615 1084 700 1132 ter
726 1081 1130 1148 procedentem,
1174 1082 1710 1147 consubstantialem,
1741 1090 2069 1138 coaeternum
2099 1080 2206 1134 Pa-
2311 1082 2526 1138 rediens
2549 1081 2707 1136 tertia
2741 1080 2830 1135 die
2867 1079 3204 1142 resurrexit,
3263 1084 3418 1147 atque
3443 1093 3551 1132 cum
3586 1079 3767 1148 triumpho

615 1171 684 1224 tri
721 1179 776 1225 et
801 1171 956 1226 Filio.
986 1171 1148 1227 Pater
1175 1174 1368 1242 plenus
1418 1175 1561 1230 Deus
1600 1175 1656 1229 in
1693 1189 1771 1240 se,
1796 1173 1967 1228 Filius
2019 1171 2208 1242 plenus
2312 1174 2495 1245 glorise
2520 1172 2830 1228 videntibus
2869 1172 3147 1241 discipulis
3176 1170 3371 1225 coelum
3412 1171 3768 1235 ascendit,de

615 1261 758 1317 Deus
783 1278 814 1317 a
856 1263 1018 1320 Patre
1045 1265 1258 1333 genitus
1281 1307 1296 1332 ,
1347 1265 1578 1336 Spiritus
1606 1275 1826 1320 sanctus
1850 1264 2040 1334 plenus
2069 1264 2212 1318 Deus
2312 1265 2368 1320 in
2394 1265 2618 1320 dextera
2640 1263 2840 1328 Patris,
2865 1263 2916 1317 id
2949 1272 3051 1323 est.
3084 1262 3369 1332 majestate
3416 1261 3675 1325 divinitatis,
3697 1264 3768 1317 inde

615 1370 649 1411 a
677 1354 838 1411 Patre
873 1361 928 1412 et
951 1356 1086 1411 Filio
1119 1359 1436 1427 procedens.
1469 1359 1583 1414 Non
1613 1366 1794 1413 tamen
1825 1367 1934 1412 tres
1957 1357 2097 1412 Deos
2125 1355 2209 1410 di-
2308 1358 2423 1430 jam
2449 1366 2710 1413 venturus
2731 1354 2980 1425 judicare
3011 1355 3165 1409 vivos
3186 1362 3242 1408 et
3267 1363 3510 1417 mortuos,
3537 1368 3660 1421 quem
3679 1355 3767 1426 impii

616 1450 812 1515 cimus.
843 1453 936 1506 sed
968 1468 1133 1506 unum
1162 1453 1330 1507 Deum
1358 1454 1802 1523 omnipotentem.
1829 1458 2114 1514 aeternum.
2133 1447 2214 1501 in-
2308 1453 2642 1524 iudicantem
2669 1450 2925 1506 videbunt
2954 1450 3008 1504 in
3044 1464 3108 1504 ea
3138 1447 3314 1502 forma
3336 1463 3433 1516 qua
3453 1447 3682 1502 cruciﬁxus
3699 1455 3769 1510 est,

615 1540 908 1604 visibilem,
956 1542 1456 1598 incommutabilem
1480 1584 1496 1610 ,
1557 1544 1650 1613 qui
1707 1551 1851 1598 totus
1888 1550 1972 1597 est
2012 1540 2214 1610 ubique
2315 1561 2422 1600 non
2453 1545 2509 1598 in
2535 1558 2599 1598 ea
2623 1542 2928 1597 humilitate
2982 1557 3086 1612 qua
3119 1539 3320 1608 injuste
3341 1537 3582 1607 judicatus
3601 1548 3689 1602 est,
3717 1540 3770 1593 sed

615 1649 876 1704 praesens,
901 1651 1007 1690 non
1039 1651 1136 1705 per
1161 1645 1344 1706 partes
1369 1635 1600 1699 divisus,
1626 1636 1718 1691 sed
1761 1644 1906 1690 totus
1945 1635 1998 1689 in
2042 1633 2216 1690 omni-
2317 1638 2372 1692 in
2392 1653 2457 1693 ea
2506 1636 2751 1691 claritate
2775 1650 2880 1704 qua
2906 1634 3053 1702 juste
3095 1631 3431 1703 judicaturus
3471 1640 3541 1687 est
3580 1632 3768 1694 mundum;

617 1721 741 1787 bus,
771 1740 874 1778 non
906 1725 1170 1789 localiter,
1205 1726 1297 1781 sed
1325 1725 1687 1794 personaliter
1711 1766 1726 1790 ,
1775 1725 1865 1795 qui
1920 1725 2036 1780 sine
2067 1740 2216 1779 com-
2317 1728 2470 1799 cujus
2500 1727 2799 1795 maiestatis
2821 1726 2958 1781 visio
2985 1735 3191 1780 aeterna
3215 1734 3298 1780 est
3328 1725 3543 1779 omnium
3568 1734 3770 1779 sanctam:

618 1815 917 1871 mutatione
959 1816 1040 1870 sui
1091 1817 1370 1871 mutabilia
1393 1817 1597 1871 creavit
1627 1824 1680 1869 et
1705 1824 1888 1871 creata
1921 1815 2211 1886 gubernat,
2316 1819 2612 1877 beatitudo.
2637 1818 2739 1886 Qui
2766 1818 3061 1873 secundum
3089 1818 3235 1872 hanc
3249 1815 3399 1871 (idem
3425 1824 3596 1870 rectam
3616 1830 3771 1869 nouere-

619 1921 834 1976 semper
859 1922 1086 1962 manens
1118 1908 1169 1962 id
1197 1909 1340 1978 quod
1373 1917 1475 1971 est,
1508 1908 1594 1962 cui
1625 1907 1760 1961 nihil
1811 1907 2066 1962 accidens
2092 1922 2214 1961 esse
2243 1895 2292 1956 Β
2318 1911 2536 1977 uiderit,
2568 1911 2712 1965 hunc
2737 1911 2962 1965 damnat
2998 1908 3492 1975 sancta,'calbolica
3517 1915 3563 1960 et
3581 1905 3770 1977 apostolica

618 1999 838 2070 poterit,
865 1998 989 2068 quia
1022 1999 1252 2068 simplici
1303 1999 1602 2053 divinitatis
1652 2005 1861 2051 natura:
1909 1995 2045 2050 nihil
2099 1996 2220 2051 addi
2321 2003 2582 2068 Ecclesia,
2635 2018 2754 2072 quae
2786 2001 3004 2056 fundata
3035 2011 3122 2056 est
3158 2002 3228 2056 ab
3272 2001 3384 2070 ipso
3409 1998 3520 2054 Iesu
3541 1998 3769 2053 Christum-

618 2090 703 2144 vel
730 2091 896 2145 minui
926 2097 1126 2158 potest,
1156 2090 1283 2159 quia
1314 2105 1528 2160 semper
1555 2088 1699 2158 quod
1728 2096 1831 2151 est,
1866 2089 1954 2142 cui
2008 2102 2224 2157 semper
2323 2097 2474 2152 mino
2509 2104 2717 2160 ηοειι-ο,
2746 2094 2834 2150 cui
2869 2103 2954 2149 es;
2976 2092 3148 2164 gloria
3179 2093 3236 2146 in
3275 2091 3479 2146 secula.
3504 2089 3650 2144 Amen.

616 2183 855 2254 primum
881 2191 984 2246 est,
1017 2184 1102 2238 cui
1132 2182 1526 2253 sempiternum
1551 2188 1656 2246 est,
1685 2182 1772 2236 cui
1804 2181 1945 2236 idem
1969 2189 2054 2235 est
2077 2195 2221 2246 esse,
2863 2221 3207 2279 EPISTOLA
3247 2222 3364 2276 xw

620 2277 827 2340 vivere,
866 2286 921 2330 et
954 2277 1273 2348 intelligere.
1309 2277 1377 2330 Et
1426 2277 1541 2331 haec
1577 2277 1680 2329 tria
1714 2291 1853 2330 unus
1901 2278 2064 2330 Deus.
2098 2274 2226 2329 Haec
2400 2338 2465 2373 AD
2494 2274 3718 2373 Δτηεωῐωωίῐὲὲῇἶεὲὲξωξῷ“υοηοβε“εεω

623 2368 728 2422 tria
765 2368 906 2422 idem
948 2369 1092 2424 Deus
1116 2377 1171 2423 et
1199 2369 1480 2431 Dominus,
1524 2383 1654 2423 vera
1681 2376 1736 2422 et
1758 2369 2089 2437 sempiterna
2128 2365 2226 2420 tri-
2494 2334 2853 2442 Δτηῗῐξλῐωυκ
2881 2334 3338 2442 Δκίῖωεριδωνυῗί
3368 2334 3746 2442 Duroniam“.

622 2461 770 2515 nitas
799 2460 853 2514 in
879 2461 1150 2531 personis,
1175 2476 1304 2515 vera
1340 2469 1394 2515 et
1448 2463 1780 2530 sempiterna
1809 2461 1989 2514 unitas
2017 2459 2069 2513 in
2101 2459 2202 2514 sub

2187 2475 2227 2514 ,_
2328 2435 2493 2491 Mittit
2531 2435 2785 2505 pallium,
2817 2444 2865 2489 et
2903 2434 3184 2505 primatem
3228 2431 3383 2485 totius
3411 2427 3583 2498 Anglia:
3611 2427 3767 2494 agnoscit.

625 2556 844 2620 stantia,
879 2530 1003 2625 quia
1031 2571 1138 2610 una
1178 2563 1263 2610 est
1289 2555 1595 2610 substantia
1644 2554 1808 2608 Pater
1847 2562 1903 2608 et
1957 2552 2125 2607 Filius
2171 2560 2227 2608 et
2398 2550 2510 2604 Leo
2544 2549 2870 2619 episcopus,
2911 2563 3103 2603 servus
3145 2557 3420 2601 servorum
3457 2538 3554 2600 Dei,
3581 2530 3767 2590 Athelanlo

628 2646 870 2716 Spiritus
899 2656 1140 2703 sanctus.
1173 2647 1301 2703 Haec
1347 2663 1478 2704 vero
1508 2656 1698 2702 sancta
1728 2646 1968 2701 Trinitas
1990 2645 2124 2700 nihil
2144 2654 2230 2702 est
2331 2643 2740 2712 archiepiscopo
2763 2639 3201 2695 Dorobernensis
3222 2633 3467 2690 Ecclesiae
3487 2633 3532 2685 in
3551 2634 3770 2699 perpetuum.

629 2735 687 2791 in
732 2738 910 2792 tribus
961 2738 1208 2808 personis
1259 2739 1420 2793 simul
1471 2739 1767 2794 nominatis
1813 2754 1975 2808 quam
2020 2738 2074 2792 in
2118 2753 2228 2792 una
2403 2733 2706 2791 Pontiﬁcali
2744 2732 3060 2788 discretioni
3095 2729 3371 2800 praecipue
3412 2722 3619 2794 congruit
3650 2730 3772 2808 prest-

626 2826 868 2896 qualihet
895 2843 1129 2896 persona
1157 2827 1328 2884 semel
1376 2828 1554 2893 dicta,
1588 2828 1847 2898 quoniam
1888 2841 2228 2898 unaquaeque
2333 2829 2478 2884 libus
2515 2827 2881 2882 Ecclesiarum
2905 2866 2920 2889 ,
2965 2823 3266 2878 secundum
3305 2833 3479 2874 eorum
3511 2804 3773 2881 irrrprehensi-

623 2934 853 2990 persona
885 2920 1044 2989 plena
1074 2929 1159 2975 est
1195 2920 1495 2974 substantia
1524 2919 1579 2973 in
1607 2935 1664 2974 se
1686 2960 1700 2984 ,
1751 2935 1859 2974 non
1888 2928 2068 2973 tamen
2119 2927 2230 2974 tres
2341 2921 2506 2976 bilem
2557 2919 2748 2983 ﬁdem,
2793 2915 3126 2971 audientiam
3180 2913 3446 2984 praebere,
3477 2918 3524 2962 et
3549 2916 3685 2961 eorum
3708 2910 3774 2968 qn:

627 3011 962 3073 substantim,
994 3013 1090 3066 sed
1120 3027 1258 3065 unus
1290 3012 1450 3078 Deus,
1475 3027 1583 3065 una
1633 3011 1958 3074 substantia,
1997 3025 2105 3064 uua
2136 3026 2260 3070 es-.
2334 3028 2435 3084 per
2469 3006 2688 3067 beatuni
2724 3009 2948 3064 Petrum
2981 3007 3290 3078 principem
3324 2999 3638 3074 apostolorum
3663 3001 3700 3047 et
3718 3001 3773 3084 nos

627 3103 827 3170 scotia,
853 3119 958 3157 una
979 3103 1278 3169 aeternitas,
1311 3120 1418 3157 una
1463 3103 1798 3173 magnitudo,
1831 3118 1938 3157 una
1977 3102 2228 3168 bonitas,
2336 3120 2524 3175 gerere
2575 3101 3041 3165 desideraverint,
3096 3113 3224 3168 quae
3272 3093 3524 3152 canonicis
3561 3103 3640 3143 non
3675 3081 3772 3138 refra-

627 3195 790 3252 Pater
814 3207 868 3253 et
890 3195 1059 3251 Filius
1079 3204 1134 3249 et
1161 3195 1398 3265 Spiritus
1428 3204 1670 3251 sanctus.
1704 3193 1817 3250 Nec
1838 3195 1984 3249 aliud
2010 3203 2094 3250 est
2131 3195 2232 3248 Pa-
2267 3258 2304 3271 Α
2339 3207 2536 3271 gantur
2583 3195 2988 3260 sanctionibus,
3020 3192 3279 3247 eil‘ectum
3322 3187 3600 3244 concedere.
3636 3178 3682 3234 [ι
3711 3187 3775 3228 cum

628 3295 712 3343 ter
737 3289 790 3342 in
813 3295 1008 3342 natura
1049 3301 1212 3356 quam
1243 3285 1412 3340 Filius
1437 3286 1521 3341 vel
1551 3286 1788 3358 Spiritus
1817 3296 2070 3353 sanctus,
2128 3302 2229 3342 nec
2261 3258 2305 3321 Ο
2339 3258 2391 3345 id
2427 3290 2573 3360 quod
2612 3288 2952 3351 desiderant,
2985 3285 3362 3356 obtinuerint,
3393 3275 3777 3350 ﬂagrantioresergt

629 3378 778 3432 aliud
806 3377 974 3433 Filius
1014 3387 1072 3431 et
1100 3377 1336 3448 Spiritus
1378 3386 1600 3433 sanctus
1638 3393 1801 3448 quam
1852 3377 2014 3448 Pater
2041 3377 2096 3431 in
2135 3393 2232 3431 na-
2338 3399 2527 3440 eorum
2554 3382 2830 3453 religionis
2861 3395 3105 3435 amorem
3135 3378 3396 3432 existant.
3433 3360 3774 3453 Evhortanda

628 3479 775 3535 tura,
807 3471 1006 3539 quibus
1029 3477 1125 3524 est.
1155 3484 1262 3522 una
1293 3477 1508 3524 natura.
1553 3467 1662 3524 Sed
1688 3470 1829 3524 alius
1860 3476 1944 3524 est
1971 3469 2136 3522 Pater
2178 3468 2235 3522 in
2339 3492 2444 3547 quc
2474 3475 2631 3530 nobis
2660 3449 2777 3527 visa
2805 3482 2890 3527 est
2919 3487 2984 3526 ac
3012 3469 3289 3541 precanda
3319 3475 3407 3520 tua
3436 3463 3629 3518 fraterna
3654 3449 3779 3547 elati"?

629 3577 888 3633 persona,
918 3561 1056 3614 alius
1082 3560 1251 3615 Filius
1291 3561 1344 3615 in
1387 3575 1656 3631 persona,
1694 3560 1835 3614 alius
1861 3559 2097 3628 Spiritus
2118 3573 2236 3614 san-
2337 3542 2438 3638 ῥιιο
2493 3565 2818 3621 dioecesibus
2874 3561 3080 3633 Anglia;
3133 3560 3240 3616 sibi
3290 3554 3588 3614 commissis,
3629 3542 3780 3638 videliw
3847 3587 3852 3598 .

635 3664 759 3711 ctus
785 3655 838 3708 in
866 3669 1118 3724 persona.
1150 3651 1208 3705 In
1238 3651 1402 3707 Patre
1427 3652 1726 3716 aeternitas,
1772 3651 1824 3705 in
1853 3650 1992 3706 Filio
2017 3650 2236 3720 aequali-
2340 3635 2716 3731 cpiscoporum
2738 3699 2753 3724 ,
2805 3671 2901 3712 seu
2955 3654 3418 3711 monasteriorum
3468 3657 3562 3701 tam
3601 3635 3780 3731 monacho:

633 3757 738 3812 tas,
769 3747 822 3800 in
855 3745 1061 3815 Spiritu
1091 3752 1280 3798 sancto
1294 3744 1618 3798 :eternitatis
1642 3742 2077 3812 mqualitatisque
2105 3757 2236 3796 con-
2339 3724 2461 3808 ι-ίιηι
2490 3724 2652 3822 quam
2687 3750 3015 3807 clericorum
3053 3757 3109 3803 ei
3142 3745 3476 3815 puellarum;
3511 3752 3606 3807 qua:
3634 3724 3780 3786 sicutab

628 3841 813 3896 nexio.
841 3835 1018 3892 Unum
1046 3849 1237 3891 omnes
1267 3835 1321 3889 in
1349 3834 1655 3890 substantia
1683 3841 1738 3888 et
1767 3833 2027 3896 essentia,
2064 3832 2208 3886 omni

2202 3832 2236 3886 ί⁶
2342 3847 2564 3903 olitanis
2601 3845 2939 3914 temporibus
2971 3852 3061 3896 tua
3094 3840 3340 3896 Ecclesia
3371 3834 3552 3896 tenuit,
3574 3837 3619 3882 ut
3640 3827 3676 3879 in
3695 3829 3782 3914 stem

631 3927 905 3997 potentia,
960 3934 1015 3981 et
1068 3925 1368 3980 divinitate.
1421 3923 1575 3980 Sicut
1612 3924 1757 3979 enim
1803 3923 1998 3978 eadem
2047 3930 2236 3977 sancta
2340 3941 2546 3996 scrinio
2577 3913 2765 3992 ηοειιζο
2796 3935 3059 4006 requisita
3088 3930 3454 4003 cognovimus,
3482 3925 3543 3978 ita
3568 3919 3638 3974 tibi
3658 3913 3781 4006 tuisque

632 4018 874 4074 Trinitas
927 4017 1302 4088 inseparabilis
1344 4023 1427 4072 est
1475 4016 1529 4070 in
1579 4016 1915 4080 substantia,
1968 4015 2044 4070 ita
2091 4015 2238 4070 inse-
2341 4033 2748 4090 successoribus
2785 3999 3020 4086 ιεηξεηάα
3050 3999 3450 4081 conﬁrmamus.
3492 4016 3648 4072 omnes
3668 3999 3782 4070 Anglo-

631 4113 892 4183 parabilis
920 4121 1005 4168 est
1046 4112 1101 4166 in
1132 4111 1422 4182 operibus,
1465 4112 1714 4182 quamvis
1760 4127 1928 4182 opera
1981 4111 2078 4165 Dei
2119 4111 2211 4181 qui

2199 4111 2240 4164 ί··
2343 4144 2462 4184 rum
2497 4125 2767 4182 Ecclesias
2795 4132 3018 4183 sanctus
3047 4137 3111 4177 ac
3139 4119 3391 4191 egregius
3425 4109 3681 4184 przedicator
3702 4106 3779 4190 pali

631 4208 861 4264 busdam
909 4207 1159 4278 personis
1203 4206 1512 4277 specialiter
1565 4205 1925 4271 conveniant,
1970 4205 2110 4260 sicut
2139 4205 2238 4258 Pa-
2342 4219 2639 4291 Gregorius
2699 4216 2976 4272 οι-αίηαγίι
3031 4223 3200 4283 atque
3261 4207 3511 4266 catholico
3559 4191 3780 4291 εοιιῆΐωξξξί

638 4300 712 4354 tri
767 4315 870 4354 vox
913 4276 1006 4353 illa
1045 4313 1166 4368 quae
1215 4276 1281 4353 de
1327 4297 1466 4353 coelo
1518 4298 1700 4353 sonuit
1754 4311 1918 4367 super
1958 4295 2238 4351 Christum
2341 4276 2506 4370 δεθῖο
2552 4310 2854 4383 Augustino
2891 4276 3338 4376 archiepiscopo,
3371 4293 3565 4355 sincello
3591 4276 3782 4383 suo

640 4394 998 4464 baptizatum,
1033 4367 1087 4448 et
1115 4392 1183 4447 ad
1209 4392 1331 4447 Filii
1392 4407 1680 4462 personam
1731 4390 2086 4446 humanitatis
2121 4398 2241 4444 tan-
2346 4367 2463 4462 3,3
2493 4404 2610 4458 fore
2638 4367 2694 4457 ῖη
2725 4416 2902 4457 avum
2935 4415 3034 4469 per
3064 4367 3282 4453 έειοιιιιξιι
3311 4407 3457 4449 usum
3487 4382 3637 4458 pallii;
3662 4367 3804 4469 et

639 4458 920 4540 tummodo
942 4485 1176 4555 pertinet
1203 4458 1495 4552 susceptio,
1539 4491 1593 4537 et
1640 4482 1876 4554 Spiritus
1916 4483 2088 4537 sancti
2117 4498 2219 4551 per

2203 4498 2241 4534 "
2348 4497 2441 4552 tibi
2478 4495 2767 4551 scribimus
2804 4509 2872 4546 ex
2911 4458 3241 4546 auctoritate
3285 4484 3422 4542 beati
3464 4475 3589 4535 Petri
3623 4458 3783 4538 ap05l0lo'

639 4592 788 4633 son-.1:
810 4577 1023 4647 proprie
1053 4576 1302 4645 congruit
1333 4575 1416 4628 illa
1450 4574 1722 4640 columba,
1753 4575 1808 4628 in
1857 4573 2010 4642 cujus
2059 4573 2240 4643 specie
2268 4630 2322 4658 ῃ
2350 4605 2471 4644 mm
2500 4586 2784 4658 principis,
2814 4584 2904 4639 cui
2936 4599 2967 4638 a
2996 4582 3228 4637 Domino
3258 4581 3366 4634 Deo
3393 4579 3601 4647 ροιοειαε
3622 4564 3706 4617 data
3721 4557 3783 4606 est.

637 4670 782 4725 idem
805 4667 1040 4737 Spiritus
1063 4677 1282 4723 sanctus
1302 4667 1756 4738 descenditsuper
1773 4667 2022 4722 eumdem
2036 4665 2236 4720 Filium
2267 4630 2322 4690 Β
2348 4630 2562 4736 diem;
2597 4697 2607 4731 ;
2657 4630 2799 4742 ὁηξᾷ
2834 4685 2891 4729 ιιι
2927 4693 2980 4728 es
3021 4672 3249 4738 Petrus,
3290 4680 3335 4724 et
3372 4630 3513 4737 super
3539 4661 3644 4714 hanc
3669 4652 3783 4719 pura:

639 4761 936 4817 secundum
964 4760 1236 4815 hominem
1259 4760 1614 4831 baptizatum.
1646 4760 1846 4814 Tamen
1861 4761 2064 4829 absque
2087 4759 2239 4814 omni
2349 4769 2623 4839 ωάξβσαδο
2653 4767 2950 4821 Ecclesium
2983 4782 3154 4819 meum
3175 4805 3189 4830 ,
3220 4773 3267 4818 ει
3295 4770 3449 4833 pomo
3474 4750 3602 4821 in{eri
3624 4758 3694 4797 non

641 4855 980 4912 dubitatione
1005 4855 1153 4908 illam
1175 4870 1360 4910 vocem
1382 4864 1436 4910 et
1463 4855 1610 4910 illam
1626 4854 1929 4911 columbam
1957 4853 2008 4907 in
2032 4851 2221 4908 Christ:

2204 4851 2236 4906 ῐί
2349 4834 2588 4918 valebunt
2619 4860 2869 4914 adversus
2899 4874 3036 4912 eam.
3071 4857 3137 4910 Et
3168 4855 3262 4908 tibi
3297 4851 3427 4906 dabo
3454 4845 3594 4900 claves
3619 4834 3784 4924 ﬂ?ch

639 4949 1033 5004 humanitatem
1075 4957 1186 5003 tota
1213 4959 1402 5004 sancta
1444 4947 1683 5002 Trinitas
1704 4955 1924 5018 operata
1954 4955 2059 5008 est,
2083 4943 2238 5012 cujus
2349 4957 2522 5011 [0mm
2547 4972 2565 5020 ;
2594 4964 2639 5008 ει
2669 4952 3015 5025 quodcunque
3045 4947 3286 5019 ligaveris
3311 4957 3458 5013 super
3482 4943 3661 5025 terram,
3681 4911 3785 5025 erit

640 5057 806 5114 Opera
835 5041 1217 5113 inseparabilia
1253 5051 1398 5096 sunt.
1447 5041 1730 5096 Credimus
1759 5040 2008 5095 eumdem
2039 5038 2236 5094 Filium
2351 5057 2532 5119 gamm
2573 5054 2620 5099 et
2661 5045 2715 5098 in
2744 5042 2930 5107 cmlis;
2964 5051 3010 5096 et
3045 5039 3386 5111 quodcunque
3409 5015 3785 5119 solreriss‘uplfil‘:

641 5096 738 5190 Drei
770 5096 1004 5190 Verbum
1030 5133 1363 5189 teternaliter
1411 5142 1600 5189 natum
1657 5134 1724 5189 de
1753 5133 1912 5188 Patre
1938 5175 1952 5198 ,
2008 5133 2244 5188 consub-
2351 5096 2502 5203 :am,
2543 5137 2640 5190 erit
2671 5134 2902 5188 solutum
2941 5142 2988 5186 et
3028 5096 3084 5184 in
3119 5128 3260 5184 cwlis
3296 5096 3510 5198 lMauh.
3538 5113 3651 5176 xvi).
3675 5096 3785 5203 lino-‘9l

643 5227 957 5282 stantialem
985 5226 1131 5279 Patri
1164 5240 1261 5296 per
1289 5225 1497 5292 omnia,
1539 5226 1908 5296 temporaliter
1937 5234 2126 5280 natum
2176 5225 2245 5282 de
2355 5228 2655 5285 secundum
2703 5226 3008 5280 institutam
3056 5227 3366 5275 sanctorum
3416 5196 3784 5318 θεροηξπηριξξξῖἐ

645 5322 852 5394 Spiritu
879 5331 1068 5376 sancto
1095 5329 1149 5375 et
1176 5319 1345 5376 Maria
1378 5322 1619 5390 Virgine,
1651 5323 1786 5376 duas
1830 5321 2120 5376 habentem
2152 5337 2246 5375 na-
2359 5335 2474 5377 ram
2495 5360 2508 5385 ,
2552 5319 2680 5372 licet
2716 5313 2975 5370 immeriti
3015 5309 3257 5380 ejusdem
3295 5281 3766 5413 beati

647 5370 852 5394 "I'"""
880 5370 1063 5376 “’”’“““⁷
1100 5370 1149 5375 ⁷*
1176 5370 1345 5376 ’⁷’“““““
1399 5370 1406 5375 '
1428 5370 1619 5390 ’”Ο““”“⁷
1655 5370 1784 5376 “““““”
1833 5370 2120 5376 "“"""""
2152 5370 2222 5375 ""
2360 5370 2474 5377 "‘"'
2496 5370 2508 5385 ⁷
2557 5370 2617 5372 ⁷““
2641 5370 2646 5371 ⁷
3044 5370 3063 5380 '
3501 5389 3509 5398 Ι
3733 5374 3766 5389 ,1

643 5417 903 5478 tivitates,
935 5430 1099 5469 uuam
1130 5429 1196 5469 ex
1227 5415 1388 5470 Patre
1413 5423 1696 5480 aeternam,
1725 5415 1953 5469 alteram
1974 5429 2041 5468 ex
2073 5420 2248 5468 matre
2360 5412 2512 5484 regni
2547 5409 2808 5466 caelorum
2835 5447 2851 5472 ,
2891 5406 3066 5460 vicem
3107 5407 3356 5473 gerentes
3379 5392 3511 5503 ,‘tibl
3533 5426 3546 5450 ν

649 5463 903 5478 unum,
939 5463 1099 5469 -------
1135 5463 1196 5469 ---
1227 5463 1248 5469 -
1271 5463 1385 5470 -νη
1413 5463 1696 5480 ---νη----ι
1726 5463 1952 5469 --η-τ---
1980 5463 2041 5468 ---
2073 5463 2245 5468 ηπ---
2557 5463 2570 5466 -
2593 5463 2620 5464 η
2838 5463 2849 5472 ,
3108 5463 3138 5473 ν
3706 5474 3738 5482 ,ν

647 5512 1036 5584 temporalem;
1068 5511 1348 5581 quietiam
1380 5510 1548 5565 Filius
1569 5509 1684 5575 Dei,
1712 5525 1823 5563 sum
1851 5509 2030 5564 carnis
2053 5523 2250 5564 conce-
2362 5503 2582 5572 tuisque
2618 5495 3031 5554 successoribus
3067 5508 3256 5549 omnes
3292 5485 3557 5582 Anglorum

645 5604 834 5677 ptione
866 5611 1164 5671 conceptus
1188 5612 1272 5658 est
1293 5611 1348 5657 et
1378 5619 1488 5658 sua:
1526 5600 1708 5657 carnis
1737 5600 2020 5654 nativitate
2065 5607 2245 5654 natus.
2362 5597 2502 5653 sicut
2539 5610 2569 5649 a
2617 5592 2816 5664 priscis
2865 5587 3196 5660 temporibus
3241 5583 3478 5638 fuerunt,
3510 5585 3554 5624 In

2364 5691 2375 5694 _
2472 5690 2482 5694 _
2880 5693 2884 5694 ,
3445 5680 3527 5694 η..
3562 5674 3594 5694 ει

648 5655 828 5677 I’"""
876 5655 1483 5671 ""“I'"""""”
1538 5655 1548 5657 ‘
2620 5655 2635 5664 ⁸
2977 5655 2993 5660 “
3641 5655 3649 5661 ”
3774 5655 3786 5677 3

648 5697 820 5754 Deum
849 5713 1036 5752 verum
1066 5698 1387 5753 conﬁtemur
1417 5706 1735 5768 conceptum
1771 5704 1826 5751 et
1860 5698 2028 5751 Deum
2055 5710 2248 5750 verum
2362 5691 2416 5744 in
2471 5690 2587 5757 ipsa
2641 5694 2731 5739 tua
2783 5682 3202 5753 metropolitana
3250 5676 3402 5784 sede.
3445 5680 3527 5738 Ρετ

653 5798 861 5856 natum,
891 5788 1138 5845 eumdem
1170 5805 1358 5846 verum
1380 5789 1552 5846 Deum
1577 5805 1764 5845 verum
1791 5788 2067 5844 hominem
2080 5803 2250 5842 unum
2363 5781 2762 5853 cognitionem.
2804 5793 2898 5833 eas
2943 5769 3381 5844 irrefragabiliwl‘
3415 5771 3522 5860 lqu
3551 5752 3782 5860 95:31:.

655 5829 861 5856 ιιι-*νων
891 5829 1138 5845 υυιιυϋιι
1181 5829 1358 5846 νυ-υιιι-
1381 5829 1552 5846 υωιιι-
1586 5829 1764 5845 ννιι-ι..
1791 5829 2250 5844 ..υ......ν...υ....,,,
2367 5829 2762 5853 νυσηηνηηη
2812 5829 2894 5833 πή
2945 5829 3009 5831 κη
3035 5829 3042 5831 ἡ
3142 5829 3171 5844 υ
3419 5829 3424 5831 γ
3766 5829 3770 5832 _

655 5868 932 5939 Christum
973 5881 1171 5938 Filium
1211 5881 1306 5938 Dei
1333 5882 1672 5954 unigenitum
1703 5923 1719 5951 ,
1782 5897 1880 5953 per
1907 5881 2144 5954 primum
2195 5886 2254 5936 et
2363 5874 2546 5931 (limus
2575 5871 2912 5927 detinendas.
2946 5867 3003 5924 Si
3030 5867 3156 5939 quis
3182 5876 3334 5925 vero,
3362 5849 3490 5927 quod
3510 5855 3594 5901 non
3615 5829 3774 5900 ορωπθ
