4000 6474
205 449 331 508 1053

1625 438 2006 498 ΕΡΙΒΤΟΙΛΕ.

3307 441 3448 499 £031

203 578 377 627 contra
407 570 547 628 hanc
575 578 773 628 nostra:
802 563 1134 625 diﬁinitionis
1160 565 1247 624 vel
1278 565 1558 639 apostolici
1591 565 1762 637 privi-
1792 568 1844 629 Α
1867 562 2028 619 nitati
2061 571 2167 618 tua:
2185 601 2202 630 ,
2232 560 2582 634 benignitatis
2610 563 2805 620 studiis
2831 562 3040 618 invitati
3065 603 3080 629 ,
3111 563 3412 621 direximus
3431 602 3450 632 ,

205 660 320 733 legii
351 662 732 718 auctoritatem
762 661 951 716 venire
985 660 1310 726 tentaverit,
1338 675 1407 715 ex
1443 657 1772 713 auctoritate

203 755 485 826 apostolica
509 755 833 821 statuimus,
863 763 957 819 ut,
989 755 1037 808 si
1065 754 1506 824 archiepiscopus
1537 751 1626 807 vel
1655 751 1772 822 epi-

205 861 386 915 scopus
408 843 572 900 fuerit
588 885 603 912 ,
629 859 699 900 ex
718 846 910 901 ordine
937 845 1256 916 praesulatus
1283 846 1355 900 sit
1382 845 1662 916 dejectus;
1696 843 1774 899 si-

205 937 396 993 militer
421 939 707 1011 presbyter
729 938 816 995 vel
846 939 1108 995 diaconus
1136 947 1232 994 aut
1257 939 1394 995 alius
1421 939 1648 1009 quilibet
1673 937 1776 992 mi-

205 1028 364 1085 nister
393 1030 536 1084 sacri
567 1030 859 1086 ministerii
891 1031 937 1086 si
969 1030 1134 1086 fuerit
1153 1071 1170 1097 ,
1203 1031 1273 1085 ab
1299 1030 1489 1085 ordine
1516 1031 1588 1084 sit
1615 1029 1778 1099 depo-

203 1121 368 1189 situs;
399 1123 447 1178 si
476 1131 661 1179 autem
685 1139 752 1180 ex
779 1139 1007 1179 numero
1037 1124 1298 1180 laicorum
1325 1123 1514 1190 fuerit,
1544 1131 1654 1177 tam
1680 1136 1777 1176 rex

208 1228 358 1284 quam
381 1216 635 1288 princeps
652 1259 668 1285 ,
697 1226 791 1272 aut
818 1217 1071 1288 quaalibet
1095 1233 1293 1288 magna
1321 1218 1436 1273 sive
1463 1231 1631 1287 parva
1655 1230 1780 1286 per-

179 1308 329 1364 Jsona
347 1349 359 1371 ,
393 1324 424 1362 a
455 1325 625 1365 sacrae
651 1311 1052 1366 communionis
1083 1310 1500 1381 participatione
1525 1325 1583 1366 se
1610 1324 1777 1364 nove-

207 1400 277 1454 rit
317 1400 569 1456 alienum.
617 1400 769 1457 Hanc
809 1402 1078 1475 privilegii
1119 1404 1371 1476 paginam
1393 1445 1408 1468 ,
1459 1401 1780 1458 auctoritate

208 1491 341 1547 beati
370 1491 517 1547 Petri
553 1494 923 1563 apostolorum
957 1495 1252 1567 principis,
1286 1495 1442 1564 cujus
1475 1493 1781 1549 ministerio

208 1583 490 1656 fungimur,
523 1585 661 1651 tibi,
691 1585 1017 1654 Athelarde,
1048 1588 1264 1659 tuisque
1292 1586 1698 1643 successoribus
1724 1584 1782 1640 in

208 1683 515 1746 perpetuum
545 1677 894 1731 concedimus
920 1676 1290 1733 obtinendam.
1322 1677 1401 1731 Ad
1431 1675 1584 1745 cujus
1613 1674 1783 1730 ﬁrmi-

1873 655 2234 711 concedentes
2277 655 2443 712 etiam
2490 655 2584 711 tibi
2631 655 3000 711 ordinationes
3042 655 3450 726 episcoporum,

1873 747 2125 820 exigente
2164 745 2597 817 opportunitate,
2638 746 2852 802 Domini
2889 747 3257 817 praeveniente
3296 749 3457 805 mise-

1875 839 2113 895 ricordia
2135 881 2150 904 ,
2184 839 2462 894 celebrare
2487 854 2502 902 ;
2540 838 2618 892 ita
2643 847 2703 893 ut
2729 839 2934 894 Christi
2963 841 3301 912 evangelium
3330 842 3454 914 plu-

1876 932 2140 987 rimorum
2173 931 2584 986 annuntiatione
2609 931 2665 986 in
2709 932 2962 988 omnibus
3008 935 3289 1005 gentibus,
3337 951 3458 1007 qua:

1875 1026 2108 1082 necdum
2152 1039 2428 1081 conversae
2473 1032 2599 1080 sunt
2618 1067 2633 1091 ,
2677 1025 2950 1094 dilatetur,
2987 1035 3092 1083 etc.
3125 1047 3144 1081 ι
3175 1027 3311 1084 Nam
3358 1029 3462 1085 iste

1878 1118 2069 1174 Justus
2109 1126 2235 1173 ante
2269 1117 2336 1173 ab
2372 1116 2674 1186 Augustino
2705 1117 2992 1188 episcopus
3031 1119 3312 1175 ordinatus
3344 1127 3458 1186 est,

1879 1212 2021 1268 sicut
2045 1221 2102 1266 et
2130 1209 2382 1266 Mellitus.
2414 1209 2535 1281 Ipse
2563 1217 2779 1281 qucque
2807 1209 2996 1266 Justus
3020 1213 3294 1267 ordinavit
3323 1212 3463 1268 Pau-

1878 1303 2047 1358 linum
2082 1304 2393 1375 episcopum
2420 1344 2435 1371 ,
2472 1312 2528 1360 et
2562 1304 2829 1360 Honorius
2861 1320 2996 1375 papa
3045 1306 3194 1361 misit
3236 1306 3458 1378 pallium

1880 1396 1982 1468 ipsi
2002 1397 2249 1464 Paulino,
2272 1398 2364 1453 ubi
2387 1406 2600 1470 gentem
2620 1396 3186 1469 Nardanhymbrorum
3217 1416 3338 1455 cum
3367 1416 3464 1456 suo

1879 1504 2010 1560 rege
2030 1490 2096 1544 ad
2121 1490 2282 1545 ﬁdem
2305 1490 2526 1556 Christi,
2549 1489 2774 1545 Paulino
2788 1490 3214 1560 evangelizante,
3235 1508 3463 1549 conver-

1884 1595 1998 1635 sam
2025 1595 2147 1636 esse
2173 1582 2384 1636 didicit.
2415 1580 2518 1649 Qui
2547 1581 2804 1638 Paulinus
2832 1591 2956 1652 post
2984 1582 3190 1638 obitum
3218 1584 3464 1653 praedicti

1883 1671 2018 1728 Justi
2041 1715 2055 1740 ,
2083 1673 2380 1730 Honorium
2407 1674 2803 1730 Dorovernensi
2828 1674 3084 1730 Ecclesiae
3108 1675 3469 1746 archiepisco-

209 1774 366 1822 tatem
394 1767 646 1822 manibus
669 1769 874 1823 nostris
899 1768 1352 1839 subscriptionem
1381 1765 1780 1838 impressimus,
1882 1781 2012 1837 pum
2044 1768 2356 1834 ordinavit,
2398 1769 2485 1822 cui
2521 1768 2686 1823 etiam
2725 1768 2984 1837 praefatus
3021 1784 3160 1839 papa
3200 1767 3470 1824 Honorius

211 1857 457 1929 illamque
483 1861 705 1915 nomine
730 1869 918 1916 nostro
945 1861 1151 1932 signari
1178 1861 1574 1917 mandavimus.
1608 1860 1781 1928 Quam
1885 1858 2035 1912 misit
2056 1858 2279 1928 pallium
2306 1866 2361 1914 et
2384 1858 2614 1924 litteras,
2638 1858 2694 1913 in
2722 1859 2918 1928 quibus
2941 1859 3290 1915 continentur
3314 1860 3430 1916 haec
3455 1873 3472 1914 :

209 1952 364 2008 etiam
395 1968 426 2008 a
458 1953 650 2026 Sergio
677 1955 966 2010 scriniario
1003 1961 1192 2009 nostro
1226 1954 1391 2010 scribi
1427 1949 1788 2024 praecepimus
1811 1936 1862 1997 Β
1966 1969 1985 2002 ι
2024 1951 2386 2007 Dilectissimo
2419 1949 2578 2004 fratri
2607 1949 2846 2004 Honorio
2866 1991 2880 2014 ,
2914 1949 3189 2005 Honorius
3219 1950 3469 2006 salutem.

210 2059 385 2100 mense
409 2043 686 2102 Januario.
717 2045 839 2101 Dat.
872 2062 944 2100 xv
972 2045 1097 2100 Kal.
1129 2044 1412 2100 Februarii
1443 2060 1541 2114 per
1567 2059 1788 2099 manum
1893 2036 2056 2094 Juxta
2085 2049 2322 2096 vestram
2349 2040 2667 2112 petitionem
2699 2049 2754 2095 et
2781 2040 3016 2095 ﬁliorum
3047 2049 3360 2096 nostrorum
3390 2057 3473 2097 re-

210 2138 512 2206 Eustachii,
543 2139 842 2210 primicerii
877 2145 1078 2194 sancta:
1105 2137 1252 2194 sedis
1280 2137 1588 2208 apostolicae
1621 2138 1791 2208 impe-
1891 2148 2017 2203 gum
2039 2172 2054 2197 ,
2087 2133 2242 2187 vobis
2268 2147 2367 2204 per
2395 2139 2722 2202 praesentem
2748 2139 2993 2187 nostram
3019 2133 3437 2203 praeceptionem
3459 2175 3474 2197 .

209 2239 357 2285 rante
389 2231 608 2286 domino
644 2229 838 2285 Carolo
870 2229 1120 2300 piissimo
1153 2269 1169 2296 ,
1207 2228 1431 2284 consule
1459 2270 1473 2293 ,
1510 2227 1788 2297 Augusto,

210 2338 243 2377 a
284 2323 392 2378 Deo
435 2332 728 2389 coronato,
776 2338 1005 2395 magno,
1050 2321 1386 2393 paciﬁcoque
1431 2322 1789 2392 imperatore,

214 2428 351 2468 anno
376 2416 616 2471 secundo
639 2422 766 2487 post
791 2414 1132 2472 consulatum
1162 2414 1404 2484 ejusdem
1433 2412 1674 2479 domini,
1704 2413 1792 2468 in-

213 2505 441 2563 dictione
468 2507 700 2563 decima.

720 2596 1060 2656 EPISTOLA
1101 2596 1266 2653 XVII.

753 2688 1203 2762 (Fragmentum.
1229 2687 1250 2760 )

496 2776 620 2852 [Ex
645 2778 842 2845 Ivone,
872 2778 1027 2832 Decr.
1061 2797 1114 2849 p.
1146 2794 1239 2845 ιιι,
1271 2795 1318 2832 c.
1353 2777 1513 2851 102.]

280 2869 480 2929 Contra
519 2881 834 2928 sanctorum
867 2872 1094 2927 Patrum
1133 2886 1394 2928 censuras
1428 2871 1647 2927 videtur
1683 2870 1801 2926 exl-

213 2970 388 3029 stere,
417 2964 464 3020 si
497 2964 775 3019 saecularis
812 2964 976 3018 homo
1012 2963 1099 3019 vel
1133 2963 1306 3020 laicus
1341 2963 1694 3036 presbyteros
1732 2962 1802 3018 ab

212 3053 484 3118 ecclesiis,
514 3054 570 3108 in
599 3054 798 3124 quibus
827 3062 1071 3125 tempore
1097 3055 1455 3111 ordinationis
1493 3070 1682 3110 eorum
1709 3055 1803 3110 de-

212 3146 472 3204 nominati
502 3147 588 3203 vel
616 3147 910 3202 introducti
943 3145 1177 3213 fuerint,
1208 3147 1411 3202 nitetur
1438 3146 1727 3217 expellere.

719 3253 1059 3313 EPISTOLA
1092 3255 1278 3312 XVIII.

253 3365 456 3406 OINIUI
493 3365 689 3406 TOTIUS
723 3366 1032 3405 BRITANNIE
1070 3364 1428 3406 EPISCOPORUI
1463 3364 1534 3406 ET
1569 3363 1764 3404 εΑοειι-

733 3437 914 3477 DOTUII
952 3438 1020 3476 AD
1056 3435 1285 3476 LEONEI.

244 3512 323 3568 De
354 3513 679 3568 successione
713 3513 1224 3583 archiepiscoporum
1254 3511 1763 3581 Dorobernensium.

283 3606 485 3663 Omnes
513 3607 752 3678 episcopi
783 3614 838 3662 et
870 3607 1182 3662 sacerdotes
1206 3607 1374 3661 totius
1399 3605 1695 3660 Britanniae
1721 3605 1805 3661 in-

211 3697 347 3757 sula:
375 3699 670 3753 venerabili
698 3713 850 3768 papae
881 3697 1051 3753 Leoni
1078 3698 1306 3753 salutem
1339 3698 1392 3751 in
1421 3695 1658 3754 Christo.

286 3792 485 3848 Notum
526 3791 643 3848 fore
681 3792 929 3862 cupimus
962 3792 1190 3847 almitati
1223 3799 1454 3856 vestra},
1492 3791 1636 3846 sicut
1667 3789 1804 3862 legi-

210 3902 338 3942 mus
366 3885 420 3940 in
448 3885 692 3940 historiis
718 3884 1014 3957 Anglorum
1034 3926 1050 3951 ,
1080 3885 1350 3940 scribente
1378 3883 1523 3939 Beda
1552 3882 1806 3938 historio-

211 3978 422 4050 grapho
457 3987 513 4030 et
547 3977 802 4031 laudabili
843 3977 1064 4032 doctore
1098 3987 1289 4032 nostro
1311 4016 1324 4042 ,
1366 3976 1510 4046 quod
1548 3991 1658 4029 non
1695 3983 1806 4029 tam

211 4069 413 4138 ingens
441 4066 596 4122 labor
625 4066 974 4121 incumbebat
1001 4067 1366 4122 anterioribus
1395 4067 1600 4122 nostris
1619 4107 1634 4132 ,
1664 4066 1808 4122 scili-

209 4168 306 4215 cet
330 4158 484 4230 pallii
517 4159 692 4230 gratia
718 4157 949 4212 Romam
975 4172 1149 4227 usque
1175 4157 1428 4226 fatigari,
1458 4158 1808 4226 quemadmo-

212 4253 347 4307 dum
369 4263 558 4322 postea
582 4265 701 4306 mos
729 4250 971 4306 inolevit.
1007 4251 1236 4319 Scripsit
1260 4266 1494 4321 namque
1522 4252 1638 4321 ipse
1664 4268 1806 4322 prte-

213 4343 368 4398 fatus
403 4343 615 4410 doctor,
657 4343 803 4414 quod
833 4344 1025 4400 beatus
1062 4359 1200 4414 papa
1235 4342 1527 4414 Gregorius
1553 4344 1809 4415 Augusti-

214 4451 353 4491 num
401 4436 820 4506 przedicatorem
853 4435 1001 4508 genti
1038 4435 1332 4506 Arglorum
1369 4435 1661 4502 direxerit,
1700 4452 1807 4492 non

209 4525 538 4598 episcopum
575 4527 922 4593 ordinatum,
965 4528 1060 4582 sed
1107 4528 1467 4592 monachum,
1517 4542 1643 4582 cum
1689 4526 1810 4583 aliis

1828 3294 1874 3359 C

1891 2223 2008 2277 vice
2033 2223 2178 2277 beati
2208 2222 2357 2278 Petri
2388 2222 2757 2293 apostolorum
2785 2223 3069 2294 principis,
3097 2225 3476 2280 auctoritatem

1895 2315 2218 2382 tribuimus,
2258 2324 2317 2370 ut
2350 2315 2567 2386 quando
2595 2332 2764 2372 unum
2796 2330 2861 2372 ex
2905 2316 3060 2372 vobis
3093 2315 3277 2372 divina
3311 2318 3378 2373 ad
3416 2333 3477 2374 se

1888 2406 2115 2477 jusserit
2142 2407 2315 2478 gratia
2346 2408 2594 2475 evocari,
2627 2407 2675 2462 is
2702 2407 2795 2477 qui
2825 2419 3101 2479 superstes
3141 2407 3304 2464 fuerit
3344 2408 3478 2464 alte-

1894 2516 2017 2556 rum
2062 2500 2118 2556 in
2159 2500 2279 2556 loco
2325 2499 2566 2556 defuncti
2613 2501 2807 2556 debeat
2850 2502 3161 2572 episcopum
3205 2501 3477 2558 ordinare.

1893 2590 2002 2647 Pro
2045 2607 2152 2663 qua
2194 2593 2360 2648 etiam
2407 2608 2466 2649 re
2511 2593 2721 2665 singula
2768 2603 2964 2650 vestrae
3009 2595 3282 2651 dilectioni
3321 2595 3479 2666 pallia

1895 2699 1995 2754 pro
2022 2686 2212 2740 eadem
2239 2685 2581 2741 ordinatione
2610 2686 2935 2742 celebranda
2960 2685 3277 2754 direximus,
3300 2697 3361 2742 ut
3386 2703 3480 2758 per

1897 2785 2097 2833 nostrae
2134 2778 2517 2848 preceptionis
2551 2779 2934 2835 auctoritatem
2967 2780 3190 2850 possitis
3221 2779 3334 2837 Deo
3360 2781 3479 2851 pla-

1899 2870 2063 2926 citam
2088 2871 2486 2928 ordinationem
2511 2871 2725 2929 cﬁicere
2752 2891 2764 2927 :
2799 2875 2927 2944 quia
2953 2881 3013 2929 ut
3039 2875 3156 2930 haec
3174 2874 3330 2931 vobis
3353 2889 3482 2931 con-

1899 2964 2237 3031 cederemus,
2261 2964 2422 3036 longa
2453 2973 2721 3020 terrarum
2751 2967 3028 3036 marisque
3049 2964 3332 3021 intervalla
3362 2981 3486 3038 qua

1900 3060 2044 3116 inter
2071 3075 2169 3116 vos
2204 3070 2260 3116 et
2314 3075 2412 3116 nos
2447 3061 2724 3116 obsistunt
2769 3060 2838 3115 ad
2868 3061 2986 3117 haec
3024 3075 3125 3117 nos
3156 3061 3474 3117 condescen-

1902 3151 2031 3205 dere
2059 3162 2388 3222 coegerunt,
2421 3159 2480 3206 ut
2508 3150 2655 3205 nulla
2684 3151 2854 3221 possit
2883 3151 3253 3207 Ecclesiarum
3279 3160 3484 3209 vestra-

1905 3257 2025 3296 rum
2045 3243 2256 3312 jactura
2283 3258 2382 3313 per
2404 3241 2693 3312 cujuslibet
2717 3243 3023 3298 occasionis
3045 3243 3326 3298 obtentum
3354 3260 3483 3315 quo-

1904 3351 2012 3406 quo
2059 3338 2222 3394 modo
2268 3339 2594 3409 pervenire,
2643 3339 2740 3396 sed
2785 3340 2966 3410 potius
3015 3341 3289 3397 commissi
3340 3341 3490 3400 vobis

1902 3429 2086 3500 populi
2118 3430 2459 3486 devotionem
2486 3430 2700 3502 plenius
2729 3447 3052 3504 propagare.
3087 3431 3229 3489 Deus
3257 3443 3310 3490 te
3340 3435 3490 3491 inco-

1905 3523 2106 3578 lumem
2135 3525 2436 3592 custodiat,
2472 3525 2822 3584 dilectissime
2847 3527 3036 3584 frater.
3071 3548 3091 3582 ι

1974 3616 2108 3673 Item
2133 3617 2362 3674 Albinus
2384 3619 2470 3674 vel
2493 3618 2755 3676 Alcuinus
2781 3621 3052 3678 maximus
3077 3621 3332 3678 librarius
3357 3622 3491 3678 scri-

1904 3711 2015 3781 psit
2046 3712 2115 3766 ad
2148 3709 2357 3778 Oﬂ‘am,
2392 3727 2578 3784 regem
2612 3713 2943 3785 Anglorum,
2993 3714 3177 3771 dicens
3218 3715 3361 3784 quod
3405 3731 3494 3770 ar-

1905 3803 2285 3874 chiepiscopus
2319 3819 2535 3876 semper
2570 3806 2638 3861 ab
2677 3806 3086 3877 archiepiscopo
3119 3807 3316 3862 debeat
3347 3808 3494 3863 ordi-

1906 3895 2062 3959 nari,
2092 3903 2148 3949 et
2179 3895 2400 3965 pallium
2432 3896 2481 3950 ei
2512 3896 2672 3951 debet
2704 3897 2844 3952 mitti
2874 3913 2906 3952 a
2931 3897 3132 3954 domno
3163 3899 3485 3970 apostolico.

1907 3984 2016 4040 Sed
2065 4000 2252 4054 regum
2301 3984 2668 4040 dissensiones
2704 3985 2847 4043 hanc
2890 3987 3246 4043 turbaverunt
3271 3989 3488 4045 ordina-

1907 4076 2108 4131 tionem
2129 4117 2144 4143 ,
2176 4077 2250 4131 ita
2278 4085 2337 4131 ut
2368 4091 2474 4131 non
2522 4079 2760 4146 potuerit
2801 4079 2920 4135 ﬁeri
2949 4081 3091 4151 quod
3121 4081 3239 4137 fieri
3268 4082 3483 4153 debuit,

1907 4166 2155 4234 quamvis
2183 4167 2356 4220 sancti
2377 4180 2612 4222 canones
2635 4165 2947 4224 ﬁrmissime
2968 4170 3334 4228 decrevissent
3357 4189 3498 4230 nun-

1907 4271 2071 4325 quam
2120 4257 2190 4312 ob
2233 4271 2421 4327 regum
2463 4257 2831 4315 dissensiones
2878 4261 3248 4318 ecclesiastica
3291 4274 3494 4324 statuta

1909 4347 2100 4403 violari
2138 4349 2410 4406 debuisse.
2450 4350 2602 4407 Tunc
2642 4355 2900 4424 temporis
2930 4354 3291 4425 impleverunt
3319 4361 3492 4418 sancti

1908 4450 1962 4495 et
1991 4441 2276 4513 apostolici
2304 4443 2410 4498 viri
2440 4443 2571 4500 illud
2596 4445 2862 4502 laudabile
2891 4457 3219 4520 praeceptum
3251 4449 3479 4510 Salvato

1908 4533 1984 4588 ris
2009 4534 2232 4601 nostri,
2270 4535 2539 4591 dicentis:
2585 4535 2763 4592 Gratis
2810 4540 3113 4610 accepistis,
3159 4543 3324 4612 gratis
3371 4545 3495 4600 date

210 4615 469 4720 ejusdem
530 4618 810 4689 religionis
871 4619 1336 4720 cooperatoribus.
1398 4619 1515 4690 Ipse
1572 4625 1930 4720 namqueD(
1954 4623 2238 4715 Matthx,
2267 4625 2362 4699 8).
2413 4626 2566 4682 Tunc
2611 4629 2728 4684 sine
2776 4630 2980 4684 viribus
3029 4630 3269 4705 elanguit
3323 4635 3491 4693 simo-

205 4709 558 4780 Augustinus
591 4717 714 4782 post
747 4709 1159 4765 conversionem
1190 4710 1461 4781 praedictae
1511 4711 1687 4782 gentis
1737 4711 1806 4765 ab

205 4800 470 4858 Etherio
517 4801 826 4859 Arelatensi
874 4803 1317 4874 archiepiscopo,
1367 4804 1808 4876 archiepiscopus

206 4894 510 4950 ordinatus
546 4902 662 4962 est,
690 4892 850 4963 juxta
887 4896 1030 4966 quod
1062 4895 1214 4966 jussa
1251 4896 1422 4952 sancti
1458 4896 1629 4966 patris
1668 4894 1805 4952 Gre-

205 4987 361 5057 gorii
399 4996 704 5059 acceperat.
742 4989 938 5046 Postea
972 5005 1103 5043 vero
1148 4990 1481 5060 Augustinus
1525 5006 1806 5047 successo-

206 5093 339 5134 rem
369 5079 472 5135 sibi
495 5077 851 5136 Laurentium
881 5081 1060 5136 adhuc
1084 5081 1274 5136 vivens
1297 5082 1598 5149 ordinavit,
1626 5098 1808 5139 exem-

205 5171 376 5243 plum
401 5187 635 5241 sequens
657 5173 806 5228 beati
824 5173 972 5228 Petri
1003 5173 1261 5243 principis
1291 5175 1654 5243 apostolorum
1673 5215 1687 5240 ,
1716 5175 1808 5246 qui

205 5261 560 5319 Clementem
609 5263 909 5333 adjutorem
956 5274 1011 5320 et
1059 5281 1427 5321 successorem
1472 5266 1574 5322 sibi
1622 5283 1812 5326 conse-

205 5367 412 5409 crasse
439 5353 776 5424 perbibetur.
816 5354 946 5412 Post
969 5357 1321 5413 Laurentium
1358 5357 1593 5414 Mellitus
1625 5362 1808 5416 sedem

204 5445 659 5502 Dorobernensis
689 5447 946 5503 Ecclesiae
972 5448 1230 5519 suscepit.
1263 5449 1333 5505 Et
1361 5459 1486 5522 post
1512 5451 1806 5520 Mellitum,

202 5539 460 5607 Justus;
494 5541 587 5610 qui
619 5540 780 5596 ambo
808 5550 1162 5611 susceperunt
1200 5543 1403 5612 scripta
1443 5544 1808 5601 exhortatoria

203 5649 241 5687 a
285 5633 556 5704 pontifice
593 5631 851 5687 Romanae
885 5641 941 5687 et
979 5633 1286 5704 apostolica:
1324 5635 1468 5690 sedis
1503 5636 1810 5704 Bonifacio,

208 5725 361 5780 data
389 5725 493 5781 sibi
518 5722 804 5780 ordinandi
835 5725 1118 5798 episcopos
1149 5727 1506 5795 auctoritate;
1539 5729 1693 5800 cujus
1717 5745 1813 5786 au-

204 5818 502 5875 ctoritatis
535 5817 640 5873 ista
671 5826 753 5874 est
787 5815 983 5873 forma.
1016 5837 1033 5871 ι
1066 5819 1431 5878 Dilectissimo
1465 5821 1622 5878 fratri
1658 5823 1812 5881 Justo

203 5910 562 5969 Bonifacius.
594 5911 823 5968 Pallium
850 5927 950 5983 per
979 5913 1207 5972 latorem
1234 5918 1583 5988 presentium
1611 5918 1811 5978 frater-

554 6009 834 6072 Pnnon.
877 6005 1010 6074 CII.

1914 4695 2358 4782 niaca'haaresis,
2395 4718 2517 4786 quia
2549 4734 2655 4772 non
2685 4719 2912 4788 pecunia
2963 4695 3246 4777 emebatur
3288 4723 3489 4778 donum

1914 4805 2051 4874 Dei,
2081 4809 2174 4864 sed
2202 4808 2402 4879 gratis,
2436 4810 2576 4864 sicut
2603 4811 2717 4880 ipse
2747 4811 3014 4882 jusserat,
3047 4815 3366 4871 donabatur.
3403 4815 3494 4872 Ti-

1913 4900 2172 4955 mendum
2220 4909 2306 4957 est
2349 4909 2532 4957 tamen
2575 4904 2933 4962 vendentibus
2978 4907 3206 4978 gratiam
3252 4907 3349 4964 Dei
3385 4909 3493 4968 hoc

1916 4995 2060 5064 quod
2085 4993 2280 5050 Petrus
2307 4995 2582 5066 apostolus
2614 4995 2820 5054 Simoni
2849 4999 3062 5056 dicebat
3086 5015 3100 5054 :
3132 4997 3368 5056 Pecunia
3395 5011 3492 5058 tua

1917 5096 2086 5141 tecum
2111 5087 2179 5140 sit
2209 5085 2265 5140 in
2291 5087 2622 5158 perditione;
2650 5107 2754 5145 non
2777 5103 2854 5146 est
2879 5091 2973 5147 tibi
2999 5107 3154 5162 pars,
3187 5109 3349 5165 neque
3376 5109 3493 5150 sors

1911 5179 1968 5234 in
1997 5195 2233 5234 sermone
2262 5179 2359 5233 hoc
2389 5178 2548 5251 (Act.
2575 5196 2674 5236 vm
2700 5181 2741 5255 ).

2497 5292 2871 5351 ADMONITIO

1982 5381 2052 5438 In
2075 5391 2365 5452 sequentem
2391 5383 2645 5453 epitomen
2666 5383 2897 5457 epistola:
2921 5383 3109 5440 Leonis
3128 5401 3280 5458 papa:
3298 5385 3418 5442 ΙΙΙ.

1983 5492 2439 5620 [Vetustissimus
2475 5495 2564 5550 ille
2601 5502 2784 5551 noster
2814 5493 3074 5552 Lucensis
3104 5496 3273 5553 codex
3301 5512 3404 5554 ms.
3434 5496 3493 5554 in

2001 5561 2234 5620 lectione
2277 5581 2545 5620 canonum
2589 5566 2641 5619 in
2690 5565 2962 5620 eoitomen
3008 5568 3353 5620 redacturum
3400 5584 3492 5620 se-

1918 5561 2234 5622 collectione
2277 5581 2545 5622 canonum
2589 5566 2641 5619 in
2690 5565 2962 5635 epitomen
3008 5568 3354 5624 redactorum
3400 5584 3492 5626 se-

1917 5643 2170 5714 quentem
2207 5637 2413 5714 pariter
2448 5635 2644 5691 Leonis
2683 5636 2968 5714 epistolam
2996 5653 3094 5714 seu
3123 5639 3365 5714 epistola:
3395 5654 3490 5714 sy-

1916 5708 2126 5781 nopsim
2155 5708 2376 5781 exhibet
2394 5748 2410 5773 ,
2423 5722 2598 5781 quam
2633 5706 2964 5781 ad‘Leonem
2989 5709 3142 5781 hunc
3156 5706 3452 5781 pertinere
3469 5750 3488 5778 ,

1916 5777 2193 5853 ex'ilload
2218 5793 2378 5853 quem
2405 5778 2529 5832 data
2559 5777 2833 5853 scribitur,
2862 5777 3250 5853 intelligimus.
3270 5777 3486 5853 Directa

1916 5795 1982 5836 ex
2010 5795 2099 5835 IIIO
2125 5795 2193 5833 au
2218 5795 2378 5904 (Χιειιι
2405 5795 2529 5832 aata
2559 5795 2833 5844 SCI'IDllUl',
2866 5795 3235 5853 ιηιθιιιειωιιε.
3271 5795 3484 5839 υιιϐοιει

1915 5861 1998 5907 est
2036 5851 2179 5906 enim
2273 5848 2486 5926 lcuino,
2531 5849 2623 5918 qui
2661 5848 2818 5926 alteri
2861 5851 3028 5926 Leoni
3071 5851 3312 5926 pontiﬁci
3353 5851 3484 5910 nulli

1913 5931 2112 5993 praeter
2141 5935 2304 5992 quam
2327 5921 2490 5977 tertio
2517 5918 2736 5991 aequalis
2765 5922 2919 5978 vixit.
2943 5921 2964 5998 ]

2978 6016 3055 6081 83
