4000 6468
646 406 785 463 1039

638 606 1065 682 dispensareque
1091 614 1324 680 valeam,
1355 617 1448 671 sed
1474 618 1566 687 qui
1598 619 1828 676 aliorum
1856 621 2222 680 moderamine

637 708 805 773 atque
835 702 1130 758 directione
1161 704 1318 775 plane
1349 708 1655 779 indigeam;
1701 726 1827 768 eum
1854 714 1999 769 enim
2030 717 2218 772 admo-

635 794 765 849 dum
807 795 1066 866 exiguus,
1116 812 1241 853 vere
1280 802 1520 856 omnium
1566 803 1822 871 inﬁmus,
1866 813 1921 860 et
1964 808 2068 863 hac
2107 817 2217 873 tam

631 890 895 957 praeclara
924 903 1071 947 sorte
1100 901 1357 965 tantaque
1386 896 1662 953 functione
1691 901 1907 969 penitus
1939 903 2213 976 indignus,

630 992 686 1039 et
711 984 939 1054 proinde
967 985 1234 1052 Ecclesia,
1257 1003 1377 1057 quae
1405 990 1596 1045 domus
1624 991 1721 1046 Dei
1749 993 1818 1047 ab
1840 993 2099 1064 Apostolo
2126 998 2219 1054 de-

629 1076 835 1143 ﬁnitur,
861 1078 1066 1133 homini
1097 1089 1304 1135 natura:
1330 1096 1503 1151 usque
1533 1084 1667 1139 adeo
1694 1084 1923 1142 inﬁrmm
1952 1103 2018 1143 ac
2046 1089 2215 1145 imbe-

627 1167 785 1235 cillis,
811 1168 1229 1243 divinarumque
1256 1175 1634 1246 purgationum
1662 1178 1928 1235 beneﬁcio
1954 1181 2211 1251 majorem

623 1258 681 1314 in
727 1267 939 1330 partem
987 1263 1165 1319 adhuc
1216 1266 1471 1322 destituto
1501 1266 1593 1339 (ne
1633 1270 1761 1338 quid
1807 1271 1951 1327 aliud
1994 1275 2212 1342 gravius

624 1350 825 1426 dicam)
861 1356 1006 1410 nulla
1053 1357 1262 1412 ratione
1308 1360 1573 1415 committi
1618 1360 1919 1430 debuerat;
1970 1367 2063 1421 sed
2111 1384 2210 1424 nec

621 1458 721 1518 ego
750 1462 987 1518 quoque,
1019 1465 1142 1504 cum
1174 1451 1553 1521 memetipsum
1582 1467 1771 1525 regere
1799 1463 2031 1527 apteque
2060 1474 2209 1514 com-

617 1552 821 1608 ponere
861 1541 1091 1595 necdum
1130 1542 1263 1597 satis
1295 1542 1611 1611 didicerim,
1659 1561 1836 1616 neque
1864 1548 1987 1603 vilia
2030 1549 2120 1604 illa
2155 1560 2209 1607 et

615 1633 838 1682 terrena
882 1628 1014 1683 satis
1052 1629 1232 1684 adhuc
1261 1630 1635 1701 despexerim,
1680 1636 1984 1692 animarum
2018 1654 2203 1695 curam

613 1718 1170 1792 gubernationemque
1221 1725 1502 1795 suscipere
1555 1727 1827 1785 ullatenus
1877 1733 2200 1801 debueram,

613 1811 848 1866 cum'illi
878 1828 1125 1884 quoque,
1168 1816 1261 1884 qui
1299 1816 1656 1886 amplioribus
1698 1828 1753 1875 et
1793 1823 1960 1878 animi
1993 1834 2048 1884 et
2081 1841 2205 1881 cor-

612 1903 759 1968 poris
800 1904 958 1960 bonis
1000 1907 1258 1962 cumulati
1304 1917 1469 1975 sunt,
1519 1912 2005 1972 administrationis
2036 1918 2196 1989 hujus
2227 1899 2276 1958 Β

611 1989 775 2047 ﬁnem
804 2008 947 2064 aegre
974 1997 1266 2053 admodum
1306 2001 1565 2070 consequi
1594 2003 1828 2059 valeant.
1878 2006 1949 2062 At
1986 2018 2200 2077 postea-

606 2095 770 2154 quam
799 2087 966 2142 semel
1010 2091 1078 2143 ad
1121 2106 1320 2147 munus
1348 2093 1485 2160 hoc,
1535 2111 1642 2166 quo
1670 2113 1886 2168 semper
1917 2102 2195 2174 indignum

604 2189 694 2232 me
738 2174 979 2245 judicavi
1033 2189 1089 2236 et
1142 2183 1441 2240 etiamnum
1490 2185 1720 2255 judico,
1770 2201 1990 2248 evectus
2033 2209 2193 2261 sum,

602 2266 844 2335 utinam,
898 2271 943 2325 si
996 2271 1124 2328 illud
1152 2275 1511 2332 beatitudinis
1542 2279 1774 2349 elogium
1824 2297 1932 2338 non
1974 2286 2195 2342 omnino

602 2372 936 2430 promerear,
985 2380 1052 2420 eo
1099 2367 1289 2422 saltem
1329 2368 1697 2426 calamitatum
1740 2374 2194 2448 miseriarumque

603 2467 710 2507 non
737 2455 1039 2523 deveniam,
1062 2468 1121 2514 ut
1143 2474 1399 2529 perverso
1422 2464 1807 2536 obstinatoque
1834 2468 2001 2524 animi
2028 2486 2192 2527 sensu

591 2921 813 2977 gravem
864 2922 1126 2982 praaterea
1174 2918 1682 2993 intolerabilemque
1726 2926 1841 2980 suis
1887 2942 2007 2982 sese
2056 2944 2188 2984 con-

595 3000 771 3057 servis
817 3005 1134 3073 exhiberet,
1166 3017 1221 3064 et
1250 3026 1375 3065 cum
1421 3013 1651 3070 ebriosis
1680 3018 2068 3074 commercium
2096 3035 2187 3076 so-

588 3094 957 3168 cietatemque
982 3101 1242 3170 haberet,
1284 3107 1570 3175 repentino
1600 3107 1804 3164 domini
1834 3111 1917 3167 sui
1947 3113 2181 3171 adventu

588 3188 822 3258 divisus,
865 3195 1221 3268 eamdemque
1248 3214 1371 3254 cum
1406 3200 1707 3271 hypo‘critis
1734 3214 1946 3273 partem
1977 3206 2032 3261 in
2063 3208 2177 3263 sul-

588 3283 797 3351 phureo
826 3293 1020 3357 stagno
1050 3289 1279 3345 sortitus
1310 3290 1551 3363 legitur),
1582 3302 1678 3348 aut
1701 3303 1851 3350 certe
1880 3295 2057 3363 illius,
2085 3297 2178 3367 qui

584 3384 709 3427 cum
743 3373 1006 3430 talentum
1037 3388 1319 3449 acceptum
1351 3381 1663 3448 defodisset,
1696 3393 1751 3439 et
1780 3386 1881 3441 sub
1912 3394 2060 3443 terra
2087 3404 2181 3445 oc-

583 3462 865 3531 culuisset,
895 3467 1089 3523 acerbe
1120 3471 1476 3543 graviterque
1503 3486 1791 3532 accusatus
1811 3517 1826 3542 ,
1863 3494 1971 3533 non
2002 3479 2175 3537 solum

583 3553 765 3623 fenus,
792 3565 847 3612 et
874 3558 1005 3614 illud
1034 3561 1454 3632 multiplicatum
1485 3566 1812 3635 postulatur,
1842 3584 2026 3623 verum
2059 3571 2177 3641 ipso

582 3662 796 3718 quoque
824 3651 1044 3719 capitali
1080 3653 1447 3723 despoliatus,
1494 3656 1547 3711 in
1589 3659 1842 3713 tenebras
1877 3662 2177 3718 exteriores

582 3736 838 3807 abjicitur
871 3739 1088 3813 (Matth.
1123 3743 1273 3815 xxv).
1328 3744 1550 3801 Utinam
1597 3748 1653 3802 in
1704 3749 1900 3804 horum
1948 3767 2174 3810 numero

581 3843 689 3885 non
720 3829 990 3897 inveniar,
1018 3849 1195 3903 neque
1225 3837 1281 3889 in
1310 3836 1621 3906 exemplum
1652 3837 2091 3911 derisionemque
2119 3851 2174 3899 et

582 3918 776 3990 capitis
821 3923 1119 3979 motionem
1151 3925 1405 3981 omnibus
1458 3926 1795 3983 intuentibus
1842 3933 2169 4000 propositus,

580 4009 649 4067 ab
678 4025 852 4083 eoque
889 4014 982 4083 qui
1013 4015 1196 4070 omnia
1231 4025 1418 4072 nostra
1468 4018 1623 4072 novit
1668 4028 1723 4074 et
1767 4030 2044 4077 scrutatur
2086 4040 2171 4078 re-

579 4103 838 4175 dargutus
868 4114 923 4160 et
951 4108 1368 4172 condemnatus,
1395 4109 1619 4164 meritas
1659 4111 1969 4181 iniquarum
2000 4115 2169 4170 actio-

578 4211 708 4250 num
736 4213 929 4267 poenas
954 4199 1083 4253 olim
1109 4199 1389 4255 exsolvere
1418 4202 1729 4271 compellar,
1776 4204 1851 4258 ita
1890 4215 1948 4260 ut
1995 4205 2031 4261 ii
2074 4208 2169 4276 qui

578 4289 634 4341 in
667 4289 875 4345 similes
905 4290 1046 4347 forte
1087 4309 1256 4348 noxas
1292 4293 1497 4364 lapsuri
1538 4303 1727 4361 erant,
1769 4312 1890 4352 meo
1918 4299 2168 4369 exemplo

575 4380 946 4452 supplicioque
975 4384 1238 4439 admoniti
1282 4400 1313 4439 a
1356 4385 1561 4441 scelere
1597 4402 1655 4443 se
1693 4390 2047 4457 contineant,
2083 4391 2161 4445 vi-

578 4472 792 4540 tamque
819 4475 1117 4544 corrigant.
1168 4473 1173 4476 ⁴
1564 4518 1579 4529 .

645 4561 910 4631 Quoniam
938 4580 1070 4635 ergo
1099 4566 1209 4620 Deo
1235 4567 1584 4636 permittente
1622 4578 1677 4623 et
1715 4570 2039 4626 connivente
2072 4571 2162 4639 ju-

573 4669 703 4727 gum
727 4655 873 4710 istud
900 4657 1072 4723 subii,
1112 4671 1466 4730 praesensque
1512 4660 1877 4716 ministerium
1905 4669 1962 4717 et
1988 4662 2161 4718 famu-

572 4746 740 4802 latum
770 4748 937 4803 invite
962 4764 1028 4803 ac
1053 4756 1266 4805 tantum
1303 4768 1411 4808 non
1443 4768 1542 4823 per
1566 4753 1675 4808 vim
1708 4754 1953 4824 suscepi,
1984 4754 2160 4825 qualis

571 4840 704 4895 mihi
732 4841 888 4896 annis
918 4830 1066 4896 retro
1102 4842 1239 4898 actis
1266 4842 1473 4900 functio
1501 4846 1733 4917 vitaeque
1764 4846 1902 4901 ratio
1930 4847 2157 4903 exstite-

570 4931 671 4997 rit,
716 4933 1171 5002 quemadmodum
1207 4935 1459 4990 omnibus
1489 4937 1877 5007 propemodum
1913 4952 2160 5007 comper-

570 5029 686 5079 tum
722 5031 836 5088 est,
886 5024 1129 5079 breviter
1155 5024 1458 5093 expediam.
1513 5026 1699 5097 Itaque
1738 5027 1859 5082 aliis
1890 5027 2037 5083 aliud
2075 5036 2161 5084 est

508 5084 520 5146 ί
568 5114 807 5169 studium
834 5129 1077 5185 opusque
1110 5114 1285 5185 majus
1319 5115 1405 5170 vel
1446 5115 1623 5172 minus
1647 5157 1661 5183 ,
1710 5126 1869 5186 prout
1902 5118 2155 5175 uniuscu-

562 5206 759 5278 jusque
780 5205 885 5261 fert
911 5205 1099 5275 libido,
1122 5215 1177 5261 et
1204 5206 1382 5277 quivis
1404 5208 1547 5277 quod
1575 5208 1917 5278 profuturum
1948 5222 2150 5281 sperat,

570 5309 758 5369 suopte
802 5300 1070 5355 arbitratu
1120 5299 1224 5355 sibi
1272 5299 1442 5371 eligit.
1502 5299 1962 5368 Quemadmodum
2006 5306 2150 5359 enim

567 5394 733 5449 varia:
762 5393 1040 5448 hominum
1077 5400 1205 5447 sunt
1243 5392 1525 5447 sententia:
1546 5432 1561 5456 ,
1601 5393 1858 5463 variaque
1888 5395 2148 5461 consilia,

567 5485 793 5540 diversa:
837 5486 903 5539 ad
953 5485 1070 5540 hzec
1105 5485 1522 5540 consuetudines
1566 5492 1622 5540 et
1646 5501 1846 5549 mores,
1881 5486 1955 5540 ita
1986 5487 2175 5542 etiam.

567 5575 858 5631 electiones
887 5576 1132 5645 ritusque
1160 5576 1376 5631 vivendi
1405 5575 1575 5631 variis
1612 5577 1786 5631 modis
1813 5577 1956 5631 inter
1980 5592 2039 5631 se
2066 5591 2152 5632 se-

568 5676 885 5733 cernuntur,
912 5675 968 5723 et
992 5668 1388 5738 quodammodo
1418 5668 1487 5724 ad
1513 5666 1832 5724 inﬁnitatem
1858 5671 2145 5739 quamdam

640 5857 664 5886 °
690 5846 762 5905 Ex
791 5848 974 5906 codice
996 5846 1338 5911 Siquiertano
1366 5848 1726 5919 supplevimtts
1755 5862 1871 5916 qua-
1898 5847 2141 5899 deerant.

1939 421 1998 475 S.
2040 422 2290 481 LEONIS
2324 426 2525 484 PAP/E
2565 431 2629 486 Ill

709 519 781 575 At
806 534 935 574 vero
972 538 1071 592 ego
1101 536 1207 576 non
1247 522 1293 577 is
1328 541 1444 579 sum
1475 527 1567 595 qui
1597 528 1785 583 isthaec
1814 530 1915 585 rite
1944 534 2211 589 moderari
2240 541 2293 599 Α

2188 4621 2239 4681 D

3667 468 3748 523 1040

2387 537 2509 612 Ἐγώ
2552 541 2606 596 δὲ
2648 546 2705 599 οὑ
2734 546 2831 602 τῶν
2859 554 3136 627 οἰκονομεῖν
3161 562 3241 613 καί
3275 562 3433 618 ἰθύνειν
3458 576 3587 626 ταῦτα
3618 573 3747 641 δίδως.

2321 635 2497 702 μένων,
2539 645 2639 692 τῶν
2688 638 2742 695 δέ
2782 645 3139 716 οἰκονομεῖσθαι
3183 654 3266 705 καί
3306 650 3494 726 ἄγεσθαι
3531 635 3746 737 Muttine,

2319 734 2704 805 μεμοιραμένος·
2753 736 2927 798 ἐπειδή
2969 745 3182 818 σμικρὸς
3222 742 3373 819 ὅγαν,
3412 756 3481 806 καί
3513 762 3590 810 τῶν

2318 820 2615 894 ἐλάχιστος,
2648 831 2731 883 καί
2780 830 3085 895 τηλικαύτης
3124 837 3369 912 εὐμοιρίας
3408 844 3585 914 πάμπαν
3616 856 3673 906 ui
3701 859 3746 908 rl-

2316 912 2519 989 κληρίας
2555 920 2974 992 ἀπολειπόμενος,
3018 928 3097 981 καὶ
3140 924 3223 984 διὰ
3261 939 3409 989 ταῦτα
3447 912 3539 991 οὑδὲ
3563 940 3747 1003 Ἐκκλησίαν

2314 1010 2670 1077 πιστεύεσθαι,
2716 1015 2829 1074 ἥτις
2874 1015 3009 1071 ἐστίν
3055 1019 3388 1085 ἀπωτολαῶς
3432 1020 3542 1087 οἶκος
3573 1028 3677 1095 Θεοῦ,
3703 1038 3748 1110 βας

2317 1097 2642 1172 ϐουλημένος,
2685 1112 2759 1178 τῷ
2805 1106 3084 1182 ἁνισχὺρῳ
3123 1113 3209 1167 καί
3250 1115 3512 1189 νωθεστίρῳ
3539 1097 3746 1199 [millemille]

2312 1200 2406 1254 τῆς
2447 1197 2672 1267 φύσεως,
2700 1203 2783 1256 καί
2810 1211 2883 1276 τῷ
2911 1205 2962 1258 ἐν
2988 1202 3151 1264 δέοντι
3190 1218 3282 1271 τῆς
3316 1219 3408 1267 τῶν
3443 1215 3646 1294 θειοτέραν

2312 1307 2464 1352 σεως,
2490 1287 2621 1365 ἥπερ
2658 1296 2822 1349 εἰπεῖν
2863 1298 3254 1375 ἀναγκαιότερον
3282 1300 3360 1380 [ᾖς
3398 1327 3483 1381 περ
3517 1287 3639 1366 εἰπεῖν

2309 1380 2550 1459 νότερον]’
2583 1383 2662 1443 ὅτι
2691 1394 2763 1459 μὴ
2792 1391 2859 1445 τὰ
2886 1391 3068 1448 ἑαυτοῦ
3111 1389 3166 1449 εὑ
3193 1396 3404 1466 θέμενος,
3424 1398 3532 1472 μηδέ
3551 1411 3624 1458 τῶν
3637 1427 3745 1462 mu-

2308 1479 2405 1527 νῶν
2446 1480 2531 1530 καί
2559 1480 2897 1549 χαμαιζήλων
2925 1484 3255 1560 ὑπερκύψας,
3281 1487 3385 1544 οὑδί
3427 1491 3583 1562 ψυχῶν
3602 1517 3745 1569 προστε-

2310 1566 2424 1620 σίαν
2450 1571 2536 1624 καὶ
2574 1570 2875 1641 ἐπιμέλειαν⁹
2907 1574 3107 1646 εἱλόμην
3153 1573 3213 1631 ἂν
3255 1579 3582 1658 ὄγχειρίζεσθσιι

2308 1664 2334 1693 ⁸
2360 1654 2433 1719 οἷς
2463 1661 2564 1735 γὰρ
2597 1669 2689 1723 τῆς
2729 1671 2830 1718 τῶν
2869 1666 3054 1722 οἰκεὲαν
3095 1668 3324 1731 σπουδῆς
3356 1675 3408 1725 οὑ
3448 1677 3658 1743 mima
3680 1681 3745 1748 βελ-

2303 1752 2554 1816 τιώσεως,
2592 1756 2764 1831 σχολῇ
2789 1752 2913 1829 γ’ἆν
2939 1754 3082 1815 οὗτοι
3110 1763 3179 1816 τὰ
3205 1771 3303 1818 τῶν
3344 1765 3483 1827 πέλας
3504 1763 3548 1821 εὖ
3581 1767 3744 1828 διαθέσθαι

2303 1841 2719 1906 ίκανωθήσονται.
2750 1855 2839 1906 καί
2868 1852 2976 1925 ἅμα
3002 1865 3096 1919 τῆς
3125 1856 3320 1935 δωρεᾶς
3344 1862 3507 1923 ἐκείνης
3528 1868 3592 1918 καί
3613 1869 3745 1941 χάριτος

2303 1931 2500 1997 ἀνάξιον
2543 1936 2725 1994 ἑαυτὸν
2770 1944 2950 2017 κρίνων
2992 1951 3079 2002 καί
3122 1931 3451 2026 λοάιζόμενος,
3489 1931 3744 2032 καί

2302 2024 2371 2118 (ἐς
2412 2026 2471 2079 οὺ
2496 2033 2584 2082 τοῦ
2624 2042 2956 2107 μακαρισμοῦ
3004 2039 3196 2095 ὶκείνου
3240 2024 3392 2110 ἄξιος,
3419 2045 3529 2118 μηδί
3558 2024 3625 2103 τοὺ

2299 2111 2424 2173 εἶναι
2449 2123 2533 2175 καί
2566 2123 2916 2190 ταλανίζεσθαι
2951 2126 3164 2196 δίκαιος,
3199 2133 3324 2204 μηδέ
3363 2111 3447 2199 τῆς
3474 2140 3741 2211 ἆνειθὲτον

2297 2231 2413 2287 ρας,
2442 2217 2527 2269 καὶ
2549 2225 2640 2271 τοῦ
2665 2219 2968 2278 ὑπεναντίον
2996 2232 3308 2299 φρονήματος
3336 2232 3500 2287 ἐκείνου
3519 2241 3587 2289 τοῦ
3606 2242 3739 2309 ποτερώ

2295 2307 2379 2359 καί
2405 2309 2692 2386 κακούργου
2738 2310 2942 2381 δούλου,
2974 2314 3029 2379 ὃς
3054 2316 3142 2374 διὰ
3186 2321 3364 2382 πολλὴν
3407 2324 3604 2401 ῥᾳθυμίαν
3634 2348 3669 2381 τι
3690 2307 3742 2382 ini

2293 2397 2567 2472 ἀκρασίαν,
2611 2408 2702 2462 τήν
2750 2412 2844 2460 τοῦ
2891 2406 3150 2467 δεσπότου
3203 2413 3506 2491 ὑπερτίθεται
3542 2416 3742 2491 ἔφοδον,ιά

2291 2490 2457 2567 βαρὺς
2499 2503 2606 2556 τοῖς
2636 2495 2928 2564 συνδούλοις
2952 2506 3038 2558 καί
3080 2499 3390 2580 δυσφόρητος
3424 2490 3593 2583 γίνεται,
3614 2516 3740 2568 uim-

2289 2592 2440 2638 νωνεῖ
2477 2589 2781 2657 μεθύουσινο
2826 2592 2980 2666 ἐφ’ὦν
3025 2597 3246 2660 επεστὰς
3290 2604 3344 2671 οὑ
3382 2602 3739 2678 προσδοκῶμενοςὸ

2290 2676 2463 2757 κύριος
2487 2683 2570 2734 καὶ
2593 2678 2721 2758 διχῇ
2764 2680 2938 2739 διελῶν
2967 2695 3077 2749 τοῖς
3124 2676 3429 2767 ὑποκριταῖς
3454 2676 3736 2770 συναριθμήσων

2288 2764 2415 2831 μηδέ
2441 2776 2534 2825 τοῦ
2565 2774 2924 2838 πιστευθέντος
2953 2780 3011 2834 τό
3040 2780 3288 2854 τάλαντον
3315 2787 3395 2839 καί
3419 2786 3505 2841 ὑπὸ
3524 2796 3593 2859 γῆν
3613 2786 3737 2855 θεμένη

2287 2860 2374 2912 καί
2398 2861 2848 2938 κατακρὺᾦαντος·
2872 2872 2955 2922 καί
2977 2868 3061 2926 διὰ
3084 2879 3240 2929 τοῦτο
3268 2882 3449 2950 πικρῶς
3470 2876 3736 2947 ἐγκαλουμένων

2290 2952 2380 3003 καὶ
2405 2950 2464 3003 οὑ
2493 2953 2576 3006 τόν
2616 2955 2764 3032 τόκον
2794 2959 2940 3029 μόνον
2970 2965 3054 3017 καί
3079 2964 3142 3019 τό
3172 2966 3497 3024 πολυπλάσιον
3517 2971 3574 3028 είς
3598 2987 3737 3044 προπυ-

2284 3042 2458 3110 μὲνου,
2504 3046 2629 3102 ἀλλά
2674 3053 3008 3123 ζημιουμένου
3046 3059 3133 3111 καὶ
3171 3059 3230 3113 τό
3266 3061 3519 3133 κεφάλαιον,
3544 3060 3735 3129 καί

2284 3143 2751 3210 παραπεμπομένου
2775 3140 2847 3214 τῷ
2883 3147 3131 3224 ἐξωτέρω.
3166 3149 3274 3205 Εἴθε
3295 3158 3361 3223 μή
3389 3156 3436 3207 ἓν
3455 3155 3615 3211 τούτοις
3632 3151 3734 3211 ἄλοκι

2282 3229 2608 3306 παράδειγμα
2654 3243 2760 3297 τοῖς
2806 3239 3011 3302 πολλοῖς
3060 3247 3389 3318 προτεθείην,
3430 3249 3502 3301 καί
3537 3248 3590 3304 εἰς
3621 3247 3735 3301 κίνησιν

2281 3325 2494 3397 κεφαλῆς
2542 3335 2649 3389 τοῖς
2696 3333 2950 3405 καθορῶσι
2994 3335 3280 3408 hymetia»
3321 3340 3546 3412 ἐλεγχθεὶς
3577 3338 3665 3392 ποτὶ
3686 3335 3736 3387 ui

2280 3419 2595 3493 κατακριθείς
2648 3420 2751 3475 ὑπό
2808 3429 2899 3478 τοῦ
2944 3428 3117 3483 πάντα
3174 3427 3364 3491 εἰδότος
3401 3432 3479 3484 καί
3520 3426 3734 3493 ἐξετάξαντκ

2277 3510 2344 3562 τὰ
2394 3511 2634 3587 ἡμέτερα,
2668 3516 2751 3569 καί
2796 3518 2983 3589 ἀχθεὶς
3026 3521 3127 3576 ὑπό
3188 3524 3435 3595 μάστιγας
3475 3522 3650 3598 πράξεων
3673 3516 3735 3585 αὖκ

2277 3604 2430 3661 ὁσίων
2483 3607 2625 3670 δίκας
2671 3612 2857 3673 ἱκανῶς
2895 3616 3383 3691 είσπραχθήσομαι,
3413 3619 3481 3672 ἵνα
3518 3619 3555 3671 οί
3589 3616 3649 3669 ἐπὶ
3671 3617 3734 3667 ταῖς

2277 3696 2470 3766 ὁμοίοις
2493 3698 2724 3757 ὑπόδικοι
2753 3706 3060 3783 φωραθέντες
3088 3716 3163 3781 τῷ
3192 3708 3281 3767 ἀπ’
3299 3711 3412 3779 ἐμοῦ
3431 3710 3553 3765 πάθει
3578 3701 3735 3778 σωφρονί-

2277 3791 2463 3855 ζοιντο,
2495 3795 2582 3848 καί
2610 3797 2699 3852 τήν
2721 3792 2992 3871 διόρθωσιν
3031 3798 3377 3874 ἔπιδέχοιντο.

2340 4572 2479 4629 Ἐπεί
2506 4580 2672 4630 τοίνυν
2710 4583 3050 4652 συγχωρήσει
3068 4580 3126 4635 τέ
3153 4584 3237 4637 καί
3273 4578 3531 4655 παρορὼει
3552 4576 3645 4627 Θεοῦ
3665 4560 3728 4618 ὖπδ

2262 4665 2346 4720 τόν
2374 4669 2540 4722 αὑτοῦ
2582 4670 2828 4739 εἰσήχθην
2867 4671 3040 4741 ζυγὸν,
3072 4675 3153 4727 καὶ
3200 4674 3383 4730 ταύτην
3423 4675 3501 4728 τήν
3535 4656 3727 4734 ὑπηρεσίαν

2261 4761 2343 4813 καί
2383 4758 2634 4815 διακονίαν
2677 4763 2763 4815 οὑκ
2808 4763 3065 4826 ἐθελοντής
3116 4762 3440 4835 ἆναδὲδεγμαι
3460 4802 3472 4821 .
3523 4756 3584 4812 ότι
3616 4748 3725 4823 τρέπει

2261 4850 2583 4922 βιαζόμενος,
2613 4849 2697 4908 οἷοί
2739 4875 2827 4924 μοι
2858 4857 2926 4911 τὰ
2952 4857 3053 4931 πρό
3099 4855 3272 4923 τοῦδε,
3311 4858 3387 4910 καί
3422 4856 3484 4913 εἰς
3518 4844 3599 4904 οἷον
3618 4860 3727 4931 καθ’

2258 4946 2442 5015 prima:
2496 4948 2885 5010 καταστάσεως,
2938 4950 3005 5007 ὦς
3054 4949 3245 5010 πάντες
3301 4944 3479 5017 σχεδόν
3515 4940 3555 4995 οί

2256 5029 2431 5088 ἴσασιν
2456 5034 2581 5108 ἐρῶν
2604 5033 2853 5110 ἔρχομαι.
2888 5035 3046 5109 ’Δλλῳ
3073 5042 3164 5110 μὲν
3193 5036 3282 5095 οὖν
3308 5036 3418 5093 ἄλλο
3439 5058 3483 5092 τι
3507 5023 3725 5089 inﬂatu!“

2261 5146 2314 5181 τε
2347 5129 2433 5181 καὶ
2455 5128 2716 5199 τέχνημα,
2744 5128 2775 5188 ἣ
2800 5131 2977 5202 μικρὸν
3001 5129 3032 5190 ἢ
3059 5135 3247 5203 μεῖζον,
3273 5134 3339 5192 ὡς
3362 5125 3415 5184 ἂν
3440 5125 3565 5183 αὑτὸς
3583 5119 3724 5175 ἕαπκ

2260 5224 2333 5290 τῷ
2371 5218 2677 5289 αὑτεξουσίῳ
2726 5218 3038 5293 ὁρμώμενος,
3080 5225 3166 5276 καί
3200 5226 3289 5281 τήν
3332 5222 3510 5294 αἵρεσιν
3536 5217 3612 5266 τίδ’
3632 5220 3722 5273 ’τρί’

2260 5312 2411 5364 κτὲων
2456 5312 2526 5384 ἐφ’
2561 5312 2728 5383 ἐαυτῷ
2771 5316 2931 5389 φέρων
2980 5315 3262 5391 προέλοιτο.
3307 5310 3490 5368 Ἐπειδῆ
3534 5306 3626 5377 γάρν
3665 5312 3722 5394 ut

2257 5401 2419 5479 θάπερ
2497 5401 2774 5464 πολυειδεῖς
2834 5412 2932 5460 τῶν
2999 5408 3271 5480 ἀνθρώπων
3330 5405 3382 5459 αί
3439 5405 3630 5474 γνῶμαι
3668 5402 3719 5437 ἐί

2256 5496 2319 5549 τὰ
2364 5493 2648 5559 διαϐοὑλια,
2683 5495 2893 5573 διάφορὰ
2941 5519 2997 5553 τε
3037 5499 3103 5555 τὰ
3144 5500 3234 5558 ἤθη
3275 5500 3360 5552 καί
3392 5494 3417 5550 ό
3447 5491 3599 5567 τρόπος
3624 5497 3716 5544 παρ’

2254 5588 2508 5651 ποίκιλος,
2567 5589 2702 5643 οὕτω
2747 5587 2808 5648 δὴ
2863 5595 2944 5646 καί
3005 5592 3060 5647 οιί
3108 5595 3235 5649 κατά
3297 5591 3378 5645 τόν
3432 5586 3524 5659 βίον

2253 5677 2604 5753 διατέμνονται
2647 5681 2982 5757 πολυτρόπως
3036 5685 3120 5742 καί
3163 5657 3529 5751 διασχίζοντειι,
3570 5668 3630 5722 καὶ
3669 5657 3715 5715 ἀ
