4000 6528
451 346 590 404 1047

1723 337 1780 393 S.
1821 334 2070 393 LEONIS
2108 331 2309 391 ΡΑΡᾹΞ
2350 334 2418 390 ΠΙ

3586 339 3741 397 1048

449 447 697 523 tientium
732 464 943 537 linguas
969 463 1100 520 facit
1129 462 1379 528 disertas,
1415 471 1470 517 et
1499 462 1898 518 claudicantum
1940 478 2032 532 pe-

2136 463 2298 524 καλῶς
2323 463 2424 536 πρὸ
2475 465 2563 520 τὴν
2589 466 2680 517 τοῦ
2717 461 3018 532 Εὖαγγελίου
3062 459 3363 531 ἓτοιμασίαν
3390 468 3742 539 sipara-nmo:

446 563 564 624 des,
587 566 646 615 ut
671 559 738 613 ad
751 558 1027 629 Evangelii
1050 557 1486 627 praedicationem
1508 556 1760 611 alacriter
1779 565 2020 623 currant,

445 652 734 708 confirmat
762 651 1200 720 consolidatque;
1231 650 1491 705 talentum
1518 659 1778 719 prmterea
1806 665 2026 705 concre-

445 745 614 799 ditum
645 743 997 814 multiplicet,
1043 751 1102 797 ut
1140 751 1380 810 tempore
1418 751 1741 811 opportuno,
1788 741 1841 794 id
1885 739 2030 810 quod

444 837 824 906 patrifamilias
875 836 1130 900 debetur,
1183 850 1290 889 non
1340 835 1542 903 absque
1589 831 1772 888 fenore
1819 832 2029 887 restitui

445 927 755 998 contingat;
802 939 977 993 neque
1009 924 1065 978 id
1095 923 1266 978 solum
1298 923 1452 978 nobis
1483 923 1845 992 impertiatur,
1883 931 1940 975 ut
1975 923 2028 976 in

446 1017 612 1074 fertili
661 1017 751 1073 illa
794 1017 954 1073 vinea
999 1030 1302 1086 operemur,
1356 1015 1449 1069 sed
1490 1013 1734 1068 laborum
1765 1015 2030 1084 gravitate

445 1110 801 1181 molestiaque
848 1123 1004 1178 aequo
1053 1107 1234 1162 animo
1287 1105 1570 1171 toleratis,
1632 1116 1874 1175 aestuque
1923 1106 2028 1160 diei

447 1201 738 1263 exantlato,
781 1199 1112 1270 operationis
1143 1212 1357 1266 quoque
1392 1197 1672 1265 prmmium
1706 1196 2027 1262 referamus,

447 1299 502 1351 et
540 1292 624 1347 his
661 1289 755 1361 qui
790 1289 930 1344 citra
965 1288 1272 1357 pactionem
1306 1288 1404 1342 sub
1433 1287 1774 1341 undecimam
1807 1287 2032 1341 introie-

450 1391 594 1448 rant;
618 1383 672 1438 in
696 1381 948 1438 mercede
972 1378 1349 1450 consequenda
1374 1395 1651 1450 sequemur
1676 1377 1890 1452 (Matth.
1911 1379 2026 1450 xx);

448 1476 683 1546 denique
711 1475 912 1532 mentis
942 1485 1140 1530 nostrae
1167 1473 1380 1529 oculum
1412 1472 1676 1539 illustret,
1709 1483 1769 1527 ut
1798 1473 2031 1543 Spiritali

449 1571 565 1625 luce
591 1569 869 1637 illustrati,
891 1570 1210 1640 sublatoque
1235 1579 1290 1626 et
1313 1571 1459 1625 eluto
1482 1570 1626 1640 quod
1647 1569 1842 1623 animae
1861 1570 2032 1625 aciem

448 1661 804 1716 conturbabat
862 1668 917 1716 et
971 1661 1307 1716 intellectum
1363 1669 1606 1716 nostrum
1667 1659 2028 1726 obfuscabat,

450 1753 883 1822 propheticarum
908 1769 1101 1809 vocum
1139 1769 1357 1810 sensum
1396 1755 1654 1824 liquidius
1689 1755 2028 1820 bauriamus,

451 1845 860 1916 divinorumque
879 1853 1273 1915 praceptorum
1297 1846 1595 1901 ministeria
1622 1846 1854 1900 alacrius
1875 1847 2032 1900 obea-
2058 1827 2106 1887 Β

449 1950 596 1999 mus,
648 1942 703 1990 et
746 1950 817 1990 ne
862 1935 931 1990 ab
969 1935 1406 1990 adversariorum
1443 1935 1639 2005 iaculis
1683 1937 2027 2006 impetamur,

448 2026 742 2083 studiosius
786 2042 1112 2093 caveamus,
1169 2043 1374 2098 nosque
1425 2028 1791 2083 custodiamus
1835 2038 1890 2083 ct
1935 2030 2032 2083 ira:

447 2119 643 2176 divina:
685 2119 925 2193 gladium
971 2120 1349 2191 peccatoribus
1395 2121 1769 2176 imminentem
1816 2121 2031 2176 cautius

444 2212 855 2282 prrevideamus,
889 2220 951 2266 ut
979 2212 1025 2267 si
1053 2212 1268 2281 quidem
1297 2211 1413 2267 fieri
1441 2221 1651 2282 potest,
1682 2213 1924 2283 periculo
1954 2213 2033 2266 in-

447 2305 684 2372 tellecto,
713 2305 1041 2376 numineque
1071 2306 1302 2376 placato,
1351 2313 1460 2359 tam
1501 2305 1605 2376 ipsi
1642 2321 1805 2375 quam
1836 2305 2031 2375 reliqui

446 2414 676 2470 quorum
731 2400 896 2455 duces
945 2400 1225 2455 constituti
1281 2415 1507 2465 sumus,
1557 2406 1843 2453 venturam
1893 2399 2031 2454 iram

445 2490 763 2564 effugiamus
807 2512 820 2547 :
872 2493 1018 2564 quod
1064 2494 1110 2549 si
1155 2503 1445 2563 utrumque
1490 2493 1750 2563 consequi
1797 2506 2034 2562 nequea-

445 2601 599 2652 mus,
636 2585 827 2642 sallem
867 2587 1102 2642 animam
1143 2602 1351 2651 meam,
1395 2586 1549 2656 juxta
1584 2582 1716 2653 justi
1752 2584 1896 2639 illius
1929 2582 2032 2638 Lot

445 2681 785 2752 exemplum,
821 2681 911 2751 qui
949 2681 1186 2736 animam
1223 2696 1375 2736 suam
1407 2680 1475 2734 ab
1504 2679 1755 2756 incendio
1797 2677 2033 2733 liberare

445 2775 727 2846 satagebat
740 2772 892 2847 (Gen.
912 2791 1026 2839 xix,
1042 2775 1153 2847 22),
1170 2774 1371 2831 salvam
1391 2772 1606 2829 faciam.
1625 2773 1831 2828 Vestrze
1850 2773 2034 2842 itaque

394 2911 402 2919 .
443 2879 659 2936 p;'eces,
701 2866 1105 2938 spiritualisque
1131 2867 1364 2937 praesidii
1393 2874 1620 2921 conatus
1649 2865 1756 2920 huc
1785 2867 2030 2919 tendant.

444 2954 516 3010 At
555 2957 684 3027 quia
726 2957 941 3012 occasio
983 2957 1058 3010 ita
1103 2956 1252 3022 tulit,
1296 2957 1447 3012 lubet
1476 2957 1580 3011 hoc
1621 2955 1742 3011 loco
1778 2971 2033 3026 magnam

447 3045 596 3101 illam
618 3063 977 3120 sonoramque
997 3049 1302 3114 buccinam,
1322 3049 1848 3119 disertissimumque
1862 3048 2036 3103 Evan-

448 3138 575 3210 gelii
599 3155 934 3211 praeconem,
963 3141 1267 3212 apostolum
1292 3141 1519 3196 Paulum
1546 3141 1771 3196 audire.‘
1801 3139 1903 3196 Hic
1928 3141 2032 3196 ita-

446 3249 553 3305 que
579 3234 646 3290 de
673 3242 917 3291 veterum
945 3234 1310 3290 Romanorum
1341 3233 1576 3301 fervore,
1605 3233 2032 3304 eorumdemque

447 3324 504 3379 in
540 3324 647 3380 fide
683 3332 740 3380 et
775 3324 1033 3398 religione
1070 3326 1374 3382 constantia
1413 3326 1673 3396 majorem
1712 3327 1768 3402 in
1807 3326 2032 3382 modum

447 3415 503 3470 in
535 3416 726 3487 spiritu
765 3417 1064 3484 exsultans,
1103 3419 1345 3488 adeoque
1384 3419 1438 3472 in
1477 3417 1717 3488 Epistola
1760 3434 1922 3488 quam
1966 3416 2034 3473 ad

447 3507 594 3578 ipsos
621 3507 831 3574 scribit,
853 3523 962 3564 non
987 3509 1191 3579 absque
1214 3518 1404 3565 sancta
1425 3509 1659 3578 quadam
1683 3509 2027 3579 gloriatione,

445 3599 771 3670 illorumque
815 3599 1073 3670 pietatem
1116 3610 1172 3654 et
1213 3598 1372 3654 fidem
1427 3607 1540 3654 toto
1585 3608 1860 3655 terrarum
1903 3599 2035 3655 orbe

447 3690 716 3762 divulgari
741 3697 796 3746 et
819 3689 1083 3746 celebrari
1105 3690 1340 3760 iactans,
1368 3689 1692 3760 publiceque
1720 3699 2036 3746 contestans

451 3784 592 3840 inter
631 3791 824 3840 caetera
864 3783 940 3838 ita
977 3782 1208 3839 scribit:
1246 3780 1461 3837 Gratias
1488 3799 1586 3853 ago
1614 3781 1725 3836 Deo
1761 3800 1896 3848 meo,
1943 3799 2036 3853 per

447 3876 632 3932 Iesum
661 3873 930 3933 Christum
956 3893 1051 3948 pro
1086 3875 1326 3930 omnibus
1351 3875 1516 3940 vobis,
1543 3875 1669 3946 quia
1694 3875 1827 3944 ﬁdes
1861 3885 2035 3929 vestra

449 3969 802 4024 annuntiatur
822 3969 880 4024 in
901 3968 1144 4023 universo
1173 3967 1367 4023 mundo
1391 3965 1570 4039 (Rom.
1593 3983 1634 4032 ι,
1655 3965 1733 4040 8).
1769 3966 1877 4023 Sed
1903 3983 2036 4022 nun-

450 4061 579 4134 quid
611 4075 746 4132 pura
777 4061 868 4116 illa
897 4061 1220 4131 sinceraque
1241 4059 1520 4131 Evangelii
1549 4060 1718 4115 nostri
1747 4060 1902 4128 ﬁdes,
1943 4077 2010 4116 ex

453 4161 535 4208 tra
562 4169 725 4224 quam
761 4153 866 4208 alia
903 4152 1047 4208 nulla
1076 4163 1198 4218 est,
1248 4153 1393 4207 inter
1421 4152 1793 4207 Romanorum
1823 4161 2037 4208 tantum

451 4245 588 4302 ﬁnes
611 4245 864 4301 conclusa
893 4245 1149 4301 tenetur?
1179 4242 1550 4315 Nequaquam.
1583 4243 1741 4298 Nulla
1770 4245 1916 4299 enim
1945 4243 2036 4299 illa

451 4348 586 4404 certi
631 4345 931 4418 cuiuspiam
960 4343 1066 4400 loci
1111 4343 1361 4400 terminis
1405 4341 1891 4408 circumscribitur,
1940 4355 2036 4397 ve-

453 4454 574 4494 rum
604 4447 714 4493 tam
742 4437 854 4492 late
880 4435 1219 4501 diffunditur,
1259 4435 1559 4504 diffusaque
1584 4441 1941 4504 propagatur,
1979 4441 2038 4489 ut

2131 556 2211 609 καί
2262 555 2621 629 στηρίζοντος·
2679 554 3126 609 πολλαπλασιάσαι
3172 552 3225 609 δέ
3271 557 3326 610 τό
3385 557 3743 629 συγχωρηθὲν

2128 647 2371 703 τάλαντον
2404 652 2481 701 καὶ
2519 648 2565 701 ἐν
2609 655 2767 720 καιρῷ
2806 645 3089 702 ἀποδοῦναι
3116 651 3209 702 σὺν
3238 645 3369 720 τόκῳ
3390 657 3469 718 τῷ
3501 646 3738 721 δεσπότῃ

2129 742 2186 795 τὸ
2228 741 2558 812 ὀφειλόμενον“
2589 741 2890 814 ἐργάζεσθαι
2931 737 2984 794 δὲ
3021 741 3091 800 εἰς
3129 741 3215 794 τὸν
3244 741 3393 794 καλὸν
3424 735 3736 808 ἁμπελῶνα,

2129 839 2214 889 καί
2240 837 2298 890 τὸ
2330 833 2534 904 δόκιμον
2563 842 2652 893 τῆς
2687 835 2932 904 ἐργασίας
2958 834 3350 904 ἀπενέγκασθαι,
3386 831 3738 904 διενεπόντας

2131 930 2219 997 μέν
2249 935 2348 982 τῶν
2373 927 2538 981 πόνων
2582 924 2972 997 μεγαλοψύχως
3000 925 3058 978 τό
3093 925 3230 999 βαρύ
3263 945 3314 980 τε
3349 928 3438 979 καὶ
3467 923 3739 992 δυσαχθὲ-

2131 1038 2316 1072 στατον
2348 1019 2428 1069 καὶ
2474 1016 2845 1086 βαστάσαντας
2876 1017 3112 1086 γενναίως
3140 1023 3230 1073 τῆς
3261 1015 3454 1089 ἡμέρας
3475 1017 3570 1068 τόν
3605 1016 3739 1068 ratio

2130 1130 2293 1173 σωνα,
2319 1111 2404 1162 καί
2432 1116 2538 1167 τοῖς
2561 1109 2682 1180 περὶ
2710 1112 2798 1164 τήν
2827 1104 3092 1165 ἑνδεκάτην
3113 1111 3358 1160 εἰσιοῦσιν
3389 1110 3741 1177 ἀσυμφώνους

2133 1206 2181 1257 ἐν
2215 1211 2278 1278 τῇ
2314 1201 2522 1274 διανομῇ
2550 1209 2641 1259 τῆς
2677 1197 3086 1269 μισθαποδοσίας
3115 1198 3734 1271 συγκαταλεχθήσεσθαι·

2134 1295 2440 1366 αὐγασθῆναι
2483 1290 2536 1346 δέ
2584 1287 2725 1361 ἡμῶν
2761 1299 2851 1350 τῆς
2903 1288 3124 1350 διανοίας
3168 1291 3225 1343 τὸ
3267 1291 3502 1354 όπτικὸν,
3541 1293 3652 1342 xui."
3679 1298 3739 1359 τῇ

2132 1383 2350 1461 διόπτρα
2395 1383 2770 1444 ένατενίζοντας
2801 1389 2861 1451 τῇ
2889 1387 2980 1434 τοῦ
3012 1381 3334 1450 πνεύματος,
3365 1382 3508 1436 ὥστε
3535 1401 3738 1454 προίξ-η-

2132 1485 2284 1532 τικῶν
2314 1483 2485 1545 φωνῶν
2519 1475 2776 1548 ἀκροατὰς
2817 1473 3069 1544 γίνεσθαι,
3121 1473 3262 1526 θείων
3297 1493 3351 1527 τε
3392 1475 3739 1547 προσταγμά-

2133 1590 2231 1625 των
2273 1564 2593 1642 προθύμους,
2633 1565 2897 1637 ὑπηρέτας
2940 1568 3027 1618 καί
3055 1565 3242 1620 τούτου
3292 1563 3743 1637 ὑποδεδεγμένονς

2133 1668 2223 1721 τὴν
2265 1658 2480 1733 δωρεὰν,
2504 1660 2562 1714 τὸ
2601 1656 2768 1711 θολοῦν
2796 1658 2881 1711 τόν
2921 1666 3014 1717 τῆς
3050 1656 3233 1727 ψυχῆς
3277 1658 3536 1729 ὀφθαλμὸν
3572 1661 3665 1712 καί
3686 1661 3742 1713 τό

2137 1757 2187 1810 ἐν
2214 1757 2333 1825 ἡμῖν
2365 1756 2537 1823 νοερὸν
2567 1753 2858 1816 ἔπισκιοὶζον
2904 1751 3290 1825 ἓκκαθαίρεσθαι
3320 1754 3411 1805 καί
3456 1753 3742 1806 ἀπονίπτε-

2133 1849 2274 1907 σθαι,
2307 1844 2630 1915 πανταχόθεν
2671 1846 2762 1914 μὲν
2799 1844 3017 1903 ἑαυτοὺς
3063 1849 3452 1918 περιφρουρεῖν,
3497 1846 3593 1896 καὶ
3634 1863 3745 1896 συν·

2131 1946 2304 2014 τηρεῖν
2340 1945 2454 1997 ταῖς
2494 1943 2595 1991 τῶν
2640 1933 2874 1990 ὶναντίων
2901 1934 3071 2005 βολίσι
3098 1935 3262 2004 μένειν
3315 1934 3742 2010 ἁπροσϐλέτοπ·

2133 2029 2443 2104 προϐλέπειν
2470 2025 2522 2081 δὲ
2546 2033 2637 2084 την
2667 2027 2935 2099 ῥομφαίαν,
2969 2025 3111 2083 ἡνίκα
3132 2025 3218 2077 ἐπὶ
3244 2032 3354 2084 τοῖς
3379 2023 3745 2099 ἁμαρτάνουσι

2132 2120 2374 2180 θεήλατος
2402 2118 2758 2192 παραγίνεται,
2780 2118 2860 2169 ’ἱνα
2888 2116 2930 2168 εἰ
2956 2116 3046 2185 μὲν
3076 2111 3181 2168 οἷόν
3210 2135 3264 2169 τε
3292 2114 3574 2189 παράσχη
3605 2116 3743 2179 Θεὸς,

2134 2209 2238 2276 ὅτε,
2269 2211 2527 2280 σημαίνων
2569 2213 2658 2266 τήν
2699 2204 2867 2280 ἔφοδον
2891 2208 2952 2262 τὸ
2996 2206 3127 2260 θεῖον
3170 2206 3559 2277 ἒξιλεούμενος,
3599 2207 3747 2267 αὐτός

2133 2322 2186 2357 τε
2223 2305 2302 2356 καὶ
2333 2304 2378 2355 οὶ
2410 2299 2787 2375 κηρυσσόμενοι
2827 2299 2879 2351 ἐκ
2918 2305 3009 2358 τῆς
3047 2297 3203 2371 ὀργῆς
3244 2296 3546 2372 διαφύγοιεν
3571 2314 3587 2328 ⁶
3620 2302 3667 2352 εἰ
3693 2297 3744 2352 δί

2131 2401 2202 2469 μή
2250 2401 2430 2461 τοῦτο,
2468 2399 2559 2453 τήν
2602 2400 2720 2466 γοῦν
2772 2393 2995 2461 ἐμαυτοῦ
3050 2388 3248 2450 διασὼς
3298 2393 3483 2460 σώμαι
3538 2394 3747 2461 tgulis“

2133 2492 2265 2546 κατὰ
2291 2492 2379 2546 τόν
2403 2491 2519 2544 Λὼτ
2548 2489 2747 2552 ἐκεῖνον,
2770 2486 2854 2541 τὸν
2880 2483 3094 2548 δίκαιον,
3125 2483 3193 2545 ὡς
3219 2486 3393 2540 σώσαι
3424 2491 3523 2543 τήν
3553 2485 3745 2539 ἑαυτοῦ

2133 2585 2317 2659 ψυχὴν
2347 2592 2435 2642 τοῦ
2472 2587 2775 2661 ἐμπρησμοῦ
2818 2577 3364 2657 διεπραγματεύσατο.
3402 2581 3509 2632 Καὶ
3550 2579 3624 2632 τὰ
3664 2580 3750 2646 μὲν

2134 2687 2227 2740 τῆς
2277 2678 2532 2748 ὑμετέρας
2582 2679 2746 2747 εὐχῆς
2770 2695 2826 2730 τε
2870 2677 2953 2730 καί
3002 2681 3349 2744 πνευματικῆς
3379 2671 3748 2741 συμμασχίις

2134 2772 2353 2828 ἐνταῦθα
2386 2771 2588 2826 κείσθω.
2633 2771 2813 2842 καιρὸς
2853 2765 2908 2822 δὲ
2949 2767 3118 2821 λοιπόν
3152 2766 3371 2842 πάρεστι
3398 2769 3498 2822 τήν
3527 2764 3750 2835 μεγάλαι

2132 2876 2226 2928 τῆς
2261 2867 2492 2928 ἀληθείας
2522 2867 2805 2937 σάλπιγγα,
2835 2865 2923 2919 τόν
2957 2862 3431 2935 μεγαλοφωνότατον
3462 2865 3557 2914 τοῦ
3586 2860 3749 2930 Εὐαγ-

2134 2959 2302 3033 γε).ίου
2352 2961 2583 3030 κήρυκα,
2636 2955 2830 3011 Παῦλον
2878 2957 3198 3029 καταθρῆσαι
3239 2954 3323 3008 τόν
3369 2949 3609 3022 ἀοίδιμον
3664 2951 3747 3004 ἐπὶ

2135 3057 2243 3110 τοῖς
2275 3049 2429 3105 πάλαι
2469 3055 2677 3108 πιστοῖς
2703 3051 2964 3116 Ῥωμαίοις
2987 3043 3116 3116 ἄγαν
3148 3044 3632 3120 παρακαλούμενοι»,
3666 3047 3746 3098 καὶ

2139 3145 2241 3204 οἷον
2282 3156 2568 3222 σκιρτῶντα
2603 3155 2674 3216 τῷ
2707 3147 2982 3216 πνεύματι,
3015 3143 3256 3219 καὶπρὸς
3285 3143 3344 3197 τὸ
3380 3151 3477 3202 τῆς
3515 3146 3745 3200 πίστεως

2137 3245 2301 3299 αὐτῶν
2348 3240 2632 3298 σπουδαῖον
2666 3243 2750 3294 καὶ
2779 3239 2985 3312 θερμόν,
3017 3242 3432 3309 μεγαφρονοῦντα
3481 3238 3575 3289 καί
3604 3233 3740 3308 γλο-

2134 3335 2455 3406 τιμούμενον,
2485 3334 2570 3386 καὶ
2604 3335 2993 3405 μαρτυροῦντα,
3027 3324 3242 3399 ἔφ’ὅλοις
3289 3347 3344 3382 τε
3397 3332 3491 3381 τοῦ
3543 3327 3742 3396 κόσμου

2133 3433 2248 3485 τοῖς
2305 3426 2499 3498 πέρασι
2560 3418 2971 3498 περιηχούμενον
3020 3421 3102 3473 καί
3156 3415 3611 3490 διαγγελλόμενον,
3663 3419 3744 3471 καί

2136 3518 2578 3590 μεγαλαυχοῦντα
2624 3516 2806 3588 λέγειν’
2860 3512 2925 3570 δι’
2947 3510 3014 3567 ὧν
3062 3514 3238 3574 αὐτοῖς
3275 3513 3594 3567 ἐπιστέλλων

2133 3631 2274 3664 νεται
2303 3623 2318 3640 ⁹
2356 3627 2374 3658 ε
2407 3609 2720 3684 Εὐχαριστῷ
2771 3613 2844 3678 τῷ
2909 3600 3019 3661 Θεῶ
3069 3625 3166 3677 μου
3209 3602 3341 3674 [διὰ
3390 3603 3565 3662 Ἰησοῦ
3618 3614 3742 3676 Χρε-

2134 3709 2262 3759 στοῦ
2298 3703 2431 3775 ὑπὲρ
2483 3701 2688 3756 πάντων
2753 3695 2960 3772 ὑμῶν],
3014 3695 3092 3753 ὅτι
3139 3698 3169 3754 ἦ
3232 3699 3412 3757 πίστις
3454 3699 3606 3768 ὑμῶν
3655 3719 3744 3751 aa-

2133 3793 2460 3864 ταγγίλλεται
2520 3791 2568 3844 ἓν
2613 3787 2712 3862 ὅλῳ
2758 3797 2832 3863 τῷ
2880 3788 3082 3860 κόσμῳ.
3129 3805 3148 3839 ι
3187 3790 3278 3843 καί
3335 3785 3517 3846 ἔπειδή
3577 3790 3608 3846 ἦ
3644 3791 3749 3848 sed.

2135 3885 2268 3956 ἡμᾶς
2294 3891 2384 3940 τοῦ
2409 3882 2717 3956 Εὐαγγελίου
2757 3881 2952 3953 καθαρά
2980 3883 3063 3934 καὶ
3090 3877 3360 3940 ἆκίϐδηλος
3399 3883 3613 3945 πίστις,
3646 3881 3735 3932 καὶ

2134 3973 2267 4048 ὐπὶρ
2294 3975 2350 4033 ἢν
2381 3974 2467 4027 οὐκ
2494 3970 2642 4027 ἔστιν
2673 3971 2840 4050 ἑτέρα,
2863 3969 2978 4025 οὔτε
3010 3979 3305 4041 Ῥωμαϊκοῖς
3337 3968 3482 4042 ὅροις
3519 3969 3748 4026 συστελ·

2133 4067 2315 4141 λομένη
2371 4067 2760 4141 περιγράφεται,
2805 4061 2924 4120 οὔτε
2975 4064 3170 4140 πέρασι
3222 4067 3586 4135 περικοσμίοις
3637 4061 3747 4134 ὁρί-

2137 4161 2296 4223 ζεται,
2327 4161 2414 4212 ἐπί
2448 4164 2696 4212 τοσοῦτον
2746 4155 2800 4212 δέ
2839 4157 3026 4228 μᾶλλον
3056 4155 3426 4230 ὐπερὴπλωται
3462 4160 3551 4210 καί
3581 4162 3742 4231 ὑπερ-

2137 4251 2355 4320 κέχυται
2377 4290 2394 4316 ,
2446 4253 2532 4304 καί
2582 4257 2913 4324 πρηητικαῖς
2980 4251 3065 4303 καί
3125 4248 3491 4309 ἆποστολικαῖς
3559 4255 3746 4322 φωναῖς

2134 4341 2536 4417 παρορμώᾷενος
2591 4342 2777 4413 φάναι·
2826 4357 2846 4390 ε
2899 4342 2989 4401 Εἰς
3049 4345 3228 4396 πᾶσαν
3283 4345 3374 4398 την
3431 4347 3528 4411 71F.»
3572 4339 3601 4394 ό
3652 4334 3745 4394 τοῦ

2136 4432 2268 4486 θείου
2316 4430 2641 4506 κηρύγματος
2693 4432 2901 4506 φθόγγος
2960 4432 3214 4497 ἐξελήλυθε
3268 4435 3356 4485 καί
3411 4434 3487 4492 εἰς
3533 4434 3605 4486 τὰ
3653 4432 3746 4487 πί-

453 4528 782 4599 pmpheticae
840 4526 1257 4598 apostolicreque
1309 4540 1470 4580 voces
1524 4531 1874 4594 erumpentes
1902 4565 1918 4591 ,
1978 4525 2032 4578 in

2135 4542 2270 4597 ρατα
2315 4529 2408 4582 τῆς
2455 4523 2753 4594 οἰκουμένης
2787 4531 2885 4579 τῶν
2938 4521 3297 4600 κηρυσσόντων
3339 4525 3403 4578 τὰ
3450 4524 3688 4596 ῥήματα.
3720 4542 3740 4573 ι

453 4633 670 4674 omnem
702 4626 900 4673 terram
920 4618 1112 4673 divinae
1131 4615 1535 4686 praedicationis
1556 4630 1746 4670 sonum
1773 4616 2028 4681 exivisse,

453 4720 508 4767 et
545 4711 600 4764 in
638 4708 774 4764 fines
809 4709 956 4764 orbis
994 4717 1152 4764 terrae
1190 4707 1494 4764 caelestium
1531 4721 1843 4778 praeconum
1871 4707 2035 4762 verba

451 4801 822 4873 personuisse,
854 4799 1124 4855 afﬁrmare
1157 4816 1265 4856 non
1293 4799 1540 4854 dubitent
1571 4795 1749 4870 (Rom.
1775 4814 1843 4865 u;
1883 4795 2034 4852 Psal.

457 4893 533 4966 x).
571 4893 682 4949 lmo
709 4907 860 4957 vero,
890 4899 952 4945 ut
979 4890 1210 4961 amplius
1238 4890 1494 4960 quiddam
1525 4888 1725 4954 dicam,
1755 4889 1845 4943 illa
1878 4905 1945 4943 ne
1971 4888 2039 4943 ab

453 4985 588 5055 ipsis
615 4983 833 5054 quidem
863 4982 1046 5044 cmlis,
1087 4981 1463 5052 supremisque
1499 4987 1554 5034 et
1582 4980 2041 5035 intellectualibus

454 5073 745 5130 virtutibus
769 5071 1068 5128 secluditur
1098 5071 1277 5144 (Rom.
1308 5069 1429 5143 vm)
1455 5090 1468 5125 ε
1504 5086 1633 5126 nam
1661 5071 1763 5147 etsi
1794 5071 2042 5141 superior

455 5164 543 5220 illa
584 5163 825 5221 Ecclesia
866 5162 1351 5234 primogenitorum
1402 5163 1456 5216 in
1507 5161 1660 5217 caelis
1701 5161 2038 5232 iustificata,

453 5259 648 5315 civitas
670 5273 860 5315 eorum
885 5257 977 5328 qui
1007 5271 1104 5328 per
1129 5254 1290 5310 fidem
1312 5254 1597 5325 iustificati
1626 5264 1773 5321 sunt,
1801 5255 2042 5312 cmicstis

454 5350 822 5417 Hierusalem,
874 5349 1112 5404 civitatis
1155 5347 1406 5402 conditor
1446 5355 1502 5402 et
1540 5346 1721 5417 opifex
1753 5355 1836 5403 est
1874 5349 2039 5417 Deus,

454 5443 548 5514 qui
573 5452 787 5498 terrena
813 5441 1126 5496 caelestibus
1150 5438 1481 5505 conciliabit,
1505 5447 1559 5494 et
1581 5439 1872 5495 maceriem
1899 5441 2044 5511 sepis

455 5535 658 5601 diruit,
703 5542 758 5590 et
797 5548 954 5589 ovem
995 5533 1260 5604 perditam
1291 5533 1346 5587 in
1381 5533 1606 5588 humero
1637 5533 1906 5588 sublatam
1948 5550 2046 5604 per

455 5628 834 5685 admirabilem
887 5628 1204 5683 descensum
1255 5627 1796 5698 inexplicabilemque
1840 5629 2044 5682 demis-

456 5719 664 5774 sionem
695 5720 902 5784 salvat,
935 5720 1001 5774 iis
1031 5721 1122 5788 qui
1151 5721 1498 5788 perstiterant
1531 5721 1789 5786 inseruit,
1819 5720 2048 5790 aliisque

458 5811 512 5870 id
541 5825 711 5885 genus
739 5811 1050 5890 nominibus
1078 5810 1403 5894 appellatur,
1443 5819 1528 5871 est
1555 5820 1736 5881 tamen
1765 5825 1874 5879 non
1904 5809 2044 5890 alia,

2140 4618 2198 4670 Εἰ
2254 4613 2308 4670 δὲ
2360 4613 2440 4670 δεῖ
2481 4620 2565 4670 καί
2615 4617 2805 4670 τούτων
2855 4620 3017 4672 εἰπεῖν
3077 4615 3427 4688 ὑψηλότερον,
3483 4617 3624 4675 αὕτη
3669 4618 3747 4670 κεί

2117 4709 2192 4779 κέν
2238 4707 2433 4780 οὐρανῷ
2484 4714 2600 4767 ταῖς
2646 4708 2890 4780 ἀνωτάτω
2947 4709 3035 4762 καί
3071 4714 3274 4784 νοεραῖς
3310 4705 3564 4780 δυνάμεσι

2143 4799 2460 4873 ῥησιὰζεται,
2513 4801 2559 4855 εἰ
2603 4800 2702 4874 γὰρ
2748 4803 2831 4854 καί
2873 4802 2968 4870 μία
3007 4800 3268 4858 Ἐκκλησία
3317 4800 3367 4853 ἐν
3411 4801 3626 4872 οὖρανῷ
3664 4799 3746 4852 ul

2147 4890 2231 4943 ἐπὶ
2297 4897 2390 4961 γῆς
2411 4930 2425 4953 ,
2478 4893 2562 4945 καί
2619 4889 2912 4948 Ἐκκλησίαν
2981 4891 3317 4965 πρωτοτόκων
3386 4892 3441 4945 ἓν
3506 4893 3745 4967 οὐρανοῖς

2145 4979 2536 5054 δεδικαιωμὲνην
2585 4984 2761 5038 ἐκεῖθεν
2806 4981 3056 5056 ἀκούομεν
3083 4986 3244 5069 ,ικαὶ
3307 4983 3460 5044 πόλις
3528 4991 3638 5040 τῶν
3697 4985 3746 5038 ἕν

2147 5075 2324 5129 πίστει
2349 5072 2746 5145 δεδικαιωμένων
2791 5076 2822 5132 ἠ
2866 5071 2968 5128 ἅνω
3001 5072 3362 5150 Ἰερουσαλήμο
3396 5072 3456 5134 ἧς
3499 5075 3747 5145 τεχνίτης

2147 5167 2227 5220 καὶ
2268 5163 2575 5240 δημιουργὸς
2614 5164 2639 5220 ό
2681 5165 2822 5232 Θεὸς,
2857 5161 2882 5220 ὃ
2922 5168 3006 5220 καὶ
3049 5167 3320 5230 κατήλλαξε
3353 5169 3421 5222 τὰ
3459 5168 3747 5242 ἐπουράνια

2145 5264 2256 5318 τοῖς
2306 5259 2546 5329 ἐπιγείοις
2578 5260 2743 5312 καίτό
2779 5259 3093 5329 μεσότοιχον
3140 5265 3233 5314 τοῦ
3263 5266 3503 5334 φραγμοῦ
3545 5259 3744 5322 λέλυκε,

2147 5354 2234 5406 καί
2287 5353 2344 5407 τὸ
2399 5353 2653 5412 ἀπολωλός
2702 5353 2781 5406 ἐπὶ
2839 5360 2940 5408 τῶν
2978 5353 3126 5426 ὤμων
3181 5357 3435 5429 ἀράμενος
3492 5354 3746 5432 δι’ἆθδρα·

2146 5463 2269 5500 στου
2338 5444 2771 5514 συγκαταϐαίσεως
2841 5452 2946 5505 τοῖς
3005 5448 3312 5515 σωζομένοις
3373 5451 3454 5500 καί
3506 5451 3742 5518 μένουσιν

2144 5535 2436 5607 ἐγκατέμιξε
2465 5551 2475 5564 ·
2515 5537 2678 5608 ταύτῃ
2729 5557 2808 5590 τοι
2856 5539 2941 5590 καί
2985 5539 3121 5607 μάλα
3163 5537 3363 5598 δικαίως
3414 5542 3473 5596 τό
3536 5541 3740 5592 Ennio:

2145 5632 2228 5682 καί
2277 5627 2585 5683 ἀδιάστατον
2631 5626 2849 5699 ἔχομεν’
2888 5631 3029 5688 ἧνικα
3077 5633 3280 5684 σύνεσιν
3328 5634 3415 5684 καί
3449 5635 3738 5700 σύμπνοιαν

2147 5721 2178 5777 ἠ
2216 5720 2382 5779 κτίσις
2425 5727 2487 5792 τῇ
2536 5723 2711 5775 πίστει
2751 5729 2990 5777 συνοῑσεν
3030 5721 3331 5795 [σύνεισιν]·
3368 5725 3426 5777 οὗ
3460 5725 3559 5800 γὰρ
3593 5724 3644 5777 ἓν
3677 5727 3738 5797 τῇ

2147 5812 2375 5890 Ἰουδαίᾳ
2399 5814 2548 5888 μόνον
2581 5817 2805 5889 γνωστὸς
2833 5816 2858 5874 ὁ
2890 5818 3032 5881 Θεὸς.
