  <div class='ocr_page' id='page_1' title='image "/cluster/home/n/w/nwhite01/storage/ocr_20150623/102/hvd.32044015466808/530.png"; bbox 0 0 4000 6458; ppageno 0'>
   <div class='ocr_carea' id='block_1_1' title="bbox 217 367 338 429">
    <p class='ocr_par' dir='ltr' id='par_1_1' title="bbox 217 367 338 429">
     <span class='ocr_line' id='line_1_1' title="bbox 217 367 338 429; baseline 0.025 -3"><span class='ocrx_word' id='word_1_1' title='bbox 217 367 338 429; x_wconf 65' lang='lat'><strong>1049</strong></span> 
     </span>
    </p>
   </div>
   <div class='ocr_carea' id='block_1_2' title="bbox 271 1016 1763 1094">
    <p class='ocr_par' dir='ltr' id='par_1_2' title="bbox 271 1016 1763 1094">
     <span class='ocr_line' id='line_1_2' title="bbox 271 1016 1763 1094; baseline -0.001 -19"><span class='ocrx_word' id='word_1_2' title='bbox 271 1024 364 1077; x_wconf 76' lang='grc' dir='ltr'><strong>Καί</strong></span> <span class='ocrx_word' id='word_1_3' title='bbox 391 1021 438 1077; x_wconf 72' lang='grc' dir='ltr'><strong>οἳ</strong></span> <span class='ocrx_word' id='word_1_4' title='bbox 472 1021 531 1077; x_wconf 83' lang='grc' dir='ltr'><strong>τὸ</strong></span> <span class='ocrx_word' id='word_1_5' title='bbox 555 1020 662 1076; x_wconf 75' lang='grc' dir='ltr'><strong>νέον</strong></span> <span class='ocrx_word' id='word_1_6' title='bbox 695 1027 795 1078; x_wconf 84' lang='grc' dir='ltr'><strong>τῶν</strong></span> <span class='ocrx_word' id='word_1_7' title='bbox 823 1021 1074 1092; x_wconf 81' lang='grc' dir='ltr'><strong>Ῥωμαίων</strong></span> <span class='ocrx_word' id='word_1_8' title='bbox 1107 1016 1263 1090; x_wconf 79' lang='grc' dir='ltr'><strong>ὄνομα</strong></span> <span class='ocrx_word' id='word_1_9' title='bbox 1293 1018 1697 1094; x_wconf 82' lang='grc' dir='ltr'><strong>κληρωσάμενοι,</strong></span> <span class='ocrx_word' id='word_1_10' title='bbox 1729 1016 1763 1073; x_wconf 82' lang='grc' dir='ltr'><strong><em>ἄ</em></strong></span> 
     </span>
    </p>
   </div>
   <div class='ocr_carea' id='block_1_3' title="bbox 205 1107 1764 1182">
    <p class='ocr_par' dir='ltr' id='par_1_3' title="bbox 205 1107 1764 1182">
     <span class='ocr_line' id='line_1_3' title="bbox 205 1107 1764 1182; baseline -0.003 -15"><span class='ocrx_word' id='word_1_11' title='bbox 205 1109 344 1171; x_wconf 80' lang='grc' dir='ltr'><strong>τιδὴ</strong></span> <span class='ocrx_word' id='word_1_12' title='bbox 385 1111 469 1166; x_wconf 74' lang='grc' dir='ltr'><strong>ἕπί</strong></span> <span class='ocrx_word' id='word_1_13' title='bbox 518 1111 623 1171; x_wconf 72' lang='grc' dir='ltr'><strong>ἑνὸς</strong></span> <span class='ocrx_word' id='word_1_14' title='bbox 667 1113 745 1164; x_wconf 81' lang='grc' dir='ltr'><strong>καί</strong></span> <span class='ocrx_word' id='word_1_15' title='bbox 783 1117 874 1166; x_wconf 88' lang='grc' dir='ltr'><strong>τοῦ</strong></span> <span class='ocrx_word' id='word_1_16' title='bbox 923 1111 1076 1165; x_wconf 76' lang='grc' dir='ltr'><strong>αὐτοῦ</strong></span> <span class='ocrx_word' id='word_1_17' title='bbox 1123 1111 1347 1180; x_wconf 83' lang='grc' dir='ltr'><strong>θεμελίου</strong></span> <span class='ocrx_word' id='word_1_18' title='bbox 1393 1107 1764 1182; x_wconf 79' lang='grc' dir='ltr'><strong>ᾠκοδομημένοι</strong></span> 
     </span>
    </p>
   </div>
   <div class='ocr_carea' id='block_1_4' title="bbox 204 1199 1762 1277">
    <p class='ocr_par' dir='ltr' id='par_1_4' title="bbox 204 1199 1762 1277">
     <span class='ocr_line' id='line_1_4' title="bbox 204 1199 1762 1277; baseline -0.004 -20"><span class='ocrx_word' id='word_1_19' title='bbox 204 1211 287 1262; x_wconf 83' lang='grc' dir='ltr'><strong>τῆς</strong></span> <span class='ocrx_word' id='word_1_20' title='bbox 315 1205 558 1265; x_wconf 82' lang='grc' dir='ltr'><strong>πίστεως,</strong></span> <span class='ocrx_word' id='word_1_21' title='bbox 598 1205 754 1272; x_wconf 70' lang='grc' dir='ltr'><strong>φαμὲν</strong></span> <span class='ocrx_word' id='word_1_22' title='bbox 800 1199 860 1259; x_wconf 78' lang='grc' dir='ltr'><strong>δή</strong></span> <span class='ocrx_word' id='word_1_23' title='bbox 901 1208 997 1255; x_wconf 87' lang='grc' dir='ltr'><strong>τῶν</strong></span> <span class='ocrx_word' id='word_1_24' title='bbox 1041 1201 1336 1256; x_wconf 73' lang='grc' dir='ltr'><strong>ἀποστόλων</strong></span> <span class='ocrx_word' id='word_1_25' title='bbox 1377 1205 1462 1255; x_wconf 84' lang='grc' dir='ltr'><strong>καί</strong></span> <span class='ocrx_word' id='word_1_26' title='bbox 1499 1207 1762 1277; x_wconf 74' lang='grc' dir='ltr'><strong>προφητῶν</strong></span> 
     </span>
    </p>
   </div>
   <div class='ocr_carea' id='block_1_5' title="bbox 202 1288 1762 1366">
    <p class='ocr_par' dir='ltr' id='par_1_5' title="bbox 202 1288 1762 1366">
     <span class='ocr_line' id='line_1_5' title="bbox 202 1288 1762 1366; baseline -0.001 -20"><span class='ocrx_word' id='word_1_27' title='bbox 202 1288 461 1364; x_wconf 71' lang='grc' dir='ltr'><strong>πανσόφων</strong></span> <span class='ocrx_word' id='word_1_28' title='bbox 499 1293 930 1363; x_wconf 83' lang='grc' dir='ltr'><strong>τεχνιτευμάτων,</strong></span> <span class='ocrx_word' id='word_1_29' title='bbox 961 1293 1183 1351; x_wconf 82' lang='grc' dir='ltr'><strong>τεθέντος</strong></span> <span class='ocrx_word' id='word_1_30' title='bbox 1233 1293 1588 1366; x_wconf 75' lang='grc' dir='ltr'><strong>ἀκρογωνιαίου</strong></span> <span class='ocrx_word' id='word_1_31' title='bbox 1627 1291 1762 1346; x_wconf 88' lang='grc' dir='ltr'><strong>λίθου</strong></span> 
     </span>
    </p>
   </div>
   <div class='ocr_carea' id='block_1_6' title="bbox 201 1377 1766 1457">
    <p class='ocr_par' dir='ltr' id='par_1_6' title="bbox 201 1377 1766 1457">
     <span class='ocr_line' id='line_1_6' title="bbox 201 1377 1766 1457; baseline -0.003 -18"><span class='ocrx_word' id='word_1_32' title='bbox 201 1392 289 1439; x_wconf 87' lang='grc' dir='ltr'><strong>τοῦ</strong></span> <span class='ocrx_word' id='word_1_33' title='bbox 349 1386 549 1440; x_wconf 81' lang='grc' dir='ltr'><strong>πάντων</strong></span> <span class='ocrx_word' id='word_1_34' title='bbox 595 1387 735 1453; x_wconf 76' lang='grc' dir='ltr'><strong>ἡμῶν</strong></span> <span class='ocrx_word' id='word_1_35' title='bbox 784 1391 1011 1457; x_wconf 80' lang='grc' dir='ltr'><strong>Σωτῆρος</strong></span> <span class='ocrx_word' id='word_1_36' title='bbox 1069 1389 1293 1456; x_wconf 80' lang='grc' dir='ltr'><strong>Χριστοῦ</strong></span> <span class='ocrx_word' id='word_1_37' title='bbox 1347 1386 1432 1436; x_wconf 84' lang='grc' dir='ltr'><strong>καί</strong></span> <span class='ocrx_word' id='word_1_38' title='bbox 1477 1387 1624 1444; x_wconf 83' lang='grc' dir='ltr'><strong>Θεοῦ,</strong></span> <span class='ocrx_word' id='word_1_39' title='bbox 1657 1377 1766 1435; x_wconf 87' lang='grc' dir='ltr'><strong>κατ’</strong></span> 
     </span>
    </p>
   </div>
   <div class='ocr_carea' id='block_1_7' title="bbox 197 1469 1767 1547">
    <p class='ocr_par' dir='ltr' id='par_1_7' title="bbox 197 1469 1767 1547">
     <span class='ocr_line' id='line_1_7' title="bbox 197 1469 1767 1547; baseline -0.002 -19"><span class='ocrx_word' id='word_1_40' title='bbox 197 1472 330 1529; x_wconf 77' lang='grc' dir='ltr'><strong>οὐδὲν</strong></span> <span class='ocrx_word' id='word_1_41' title='bbox 377 1475 426 1528; x_wconf 73' lang='grc' dir='ltr'><strong>ἓν</strong></span> <span class='ocrx_word' id='word_1_42' title='bbox 474 1479 645 1529; x_wconf 90' lang='grc' dir='ltr'><strong>πίστει</strong></span> <span class='ocrx_word' id='word_1_43' title='bbox 699 1475 765 1529; x_wconf 88' lang='grc' dir='ltr'><strong>τά</strong></span> <span class='ocrx_word' id='word_1_44' title='bbox 806 1472 1019 1547; x_wconf 82' lang='grc' dir='ltr'><strong>δεύτερα</strong></span> <span class='ocrx_word' id='word_1_45' title='bbox 1077 1469 1176 1526; x_wconf 72' lang='grc' dir='ltr'><strong>τῶν</strong></span> <span class='ocrx_word' id='word_1_46' title='bbox 1233 1473 1594 1546; x_wconf 51' lang='grc' dir='ltr'><strong>πρεσϐυτέρων</strong></span> <span class='ocrx_word' id='word_1_47' title='bbox 1639 1473 1767 1526; x_wconf 81' lang='grc' dir='ltr'><strong>ἀποο</strong></span> 
     </span>
    </p>
   </div>
   <div class='ocr_carea' id='block_1_8' title="bbox 201 1564 1766 1643">
    <p class='ocr_par' dir='ltr' id='par_1_8' title="bbox 201 1564 1766 1643">
     <span class='ocr_line' id='line_1_8' title="bbox 201 1564 1766 1643; baseline -0.001 -23"><span class='ocrx_word' id='word_1_48' title='bbox 201 1567 455 1643; x_wconf 71' lang='grc' dir='ltr'><strong>φερόμεθα.</strong></span> <span class='ocrx_word' id='word_1_49' title='bbox 503 1567 580 1620; x_wconf 81' lang='grc' dir='ltr'><strong>Ἐν</strong></span> <span class='ocrx_word' id='word_1_50' title='bbox 610 1568 708 1642; x_wconf 75' lang='grc' dir='ltr'><strong>γὰρ</strong></span> <span class='ocrx_word' id='word_1_51' title='bbox 849 1565 1114 1640; x_wconf 76' lang='grc' dir='ltr'><strong>Ἐκκλησία</strong></span> <span class='ocrx_word' id='word_1_52' title='bbox 1152 1573 1240 1621; x_wconf 82' lang='grc' dir='ltr'><strong>τοῦ</strong></span> <span class='ocrx_word' id='word_1_53' title='bbox 1275 1573 1402 1621; x_wconf 86' lang='grc' dir='ltr'><strong>Θεοῦ</strong></span> <span class='ocrx_word' id='word_1_54' title='bbox 1443 1567 1528 1620; x_wconf 81' lang='grc' dir='ltr'><strong>οὐκ</strong></span> <span class='ocrx_word' id='word_1_55' title='bbox 1567 1564 1679 1620; x_wconf 77' lang='grc' dir='ltr'><strong>ἔστι</strong></span> <span class='ocrx_word' id='word_1_56' title='bbox 1709 1565 1766 1620; x_wconf 83' lang='grc' dir='ltr'><strong>τὸ</strong></span> 
     </span>
    </p>
   </div>
   <div class='ocr_carea' id='block_1_9' title="bbox 198 1656 1764 1736">
    <p class='ocr_par' dir='ltr' id='par_1_9' title="bbox 198 1656 1764 1736">
     <span class='ocr_line' id='line_1_9' title="bbox 198 1656 1764 1736; baseline -0.001 -23"><span class='ocrx_word' id='word_1_57' title='bbox 198 1661 688 1736; x_wconf 84' lang='grc' dir='ltr'><strong>προαριθμούμενον,</strong></span> <span class='ocrx_word' id='word_1_58' title='bbox 743 1662 967 1733; x_wconf 75' lang='grc' dir='ltr'><strong>καθάπερ</strong></span> <span class='ocrx_word' id='word_1_59' title='bbox 1011 1656 1098 1713; x_wconf 69' lang='grc' dir='ltr'><strong>οὒκ</strong></span> <span class='ocrx_word' id='word_1_60' title='bbox 1150 1658 1286 1714; x_wconf 77' lang='grc' dir='ltr'><strong>ἔστιν</strong></span> <span class='ocrx_word' id='word_1_61' title='bbox 1330 1657 1618 1723; x_wconf 78' lang='grc' dir='ltr'><strong>Ἰουδαῖος,</strong></span> <span class='ocrx_word' id='word_1_62' title='bbox 1662 1660 1764 1729; x_wconf 76' lang='grc' dir='ltr'><strong>οὐχ</strong></span> 
     </span>
    </p>
   </div>
   <div class='ocr_carea' id='block_1_10' title="bbox 199 1748 1760 1829">
    <p class='ocr_par' dir='ltr' id='par_1_10' title="bbox 199 1748 1760 1829">
     <span class='ocr_line' id='line_1_10' title="bbox 199 1748 1760 1829; baseline -0.003 -22"><span class='ocrx_word' id='word_1_63' title='bbox 199 1754 380 1820; x_wconf 78' lang='grc' dir='ltr'><strong>Ἐλλήν,</strong></span> <span class='ocrx_word' id='word_1_64' title='bbox 412 1755 469 1808; x_wconf 86' lang='grc' dir='ltr'><strong>ού</strong></span> <span class='ocrx_word' id='word_1_65' title='bbox 503 1754 757 1829; x_wconf 76' lang='grc' dir='ltr'><strong>βάρϐαρος</strong></span> <span class='ocrx_word' id='word_1_66' title='bbox 798 1753 872 1824; x_wconf 80' lang='grc' dir='ltr'><strong>[οὐ</strong></span> <span class='ocrx_word' id='word_1_67' title='bbox 901 1748 1137 1820; x_wconf 83' lang='grc' dir='ltr'><strong>Σκύθης],</strong></span> <span class='ocrx_word' id='word_1_68' title='bbox 1171 1753 1228 1806; x_wconf 85' lang='grc' dir='ltr'><strong>ού</strong></span> <span class='ocrx_word' id='word_1_69' title='bbox 1269 1750 1465 1814; x_wconf 77' lang='grc' dir='ltr'><strong>δοῦλος,</strong></span> <span class='ocrx_word' id='word_1_70' title='bbox 1497 1754 1582 1806; x_wconf 77' lang='grc' dir='ltr'><strong>οῦκ</strong></span> <span class='ocrx_word' id='word_1_71' title='bbox 1622 1749 1760 1805; x_wconf 81' lang='grc' dir='ltr'><strong>ἐλεύ-</strong></span> 
     </span>
    </p>
   </div>
   <div class='ocr_carea' id='block_1_11' title="bbox 199 1836 1838 1919">
    <p class='ocr_par' dir='ltr' id='par_1_11' title="bbox 199 1836 1838 1919">
     <span class='ocr_line' id='line_1_11' title="bbox 199 1836 1838 1919; baseline -0.001 -22"><span class='ocrx_word' id='word_1_72' title='bbox 199 1847 353 1918; x_wconf 80' lang='grc' dir='ltr'><strong>θερος,</strong></span> <span class='ocrx_word' id='word_1_73' title='bbox 392 1846 512 1900; x_wconf 90' lang='grc' dir='ltr'><strong>ἀλλά</strong></span> <span class='ocrx_word' id='word_1_74' title='bbox 542 1848 726 1905; x_wconf 84' lang='grc' dir='ltr'><strong>πάντες</strong></span> <span class='ocrx_word' id='word_1_75' title='bbox 761 1847 811 1898; x_wconf 72' lang='grc' dir='ltr'><strong>ὲν</strong></span> <span class='ocrx_word' id='word_1_76' title='bbox 835 1851 1041 1919; x_wconf 77' lang='grc' dir='ltr'><strong>Χριστῷ</strong></span> <span class='ocrx_word' id='word_1_77' title='bbox 1084 1841 1134 1895; x_wconf 88' lang='grc' dir='ltr'><strong>ἓν</strong></span> <span class='ocrx_word' id='word_1_78' title='bbox 1167 1844 1332 1914; x_wconf 80' lang='grc' dir='ltr'><strong>ἐσμέν.</strong></span> <span class='ocrx_word' id='word_1_79' title='bbox 1381 1841 1646 1916; x_wconf 73' lang='grc' dir='ltr'><strong>Τοιγάρτοι</strong></span> <span class='ocrx_word' id='word_1_80' title='bbox 1681 1845 1762 1895; x_wconf 83' lang='grc' dir='ltr'><strong>καί</strong></span> <span class='ocrx_word' id='word_1_81' title='bbox 1790 1836 1838 1896; x_wconf 87' lang='grc' dir='ltr'><strong>Β</strong></span> 
     </span>
    </p>
   </div>
   <div class='ocr_carea' id='block_1_12' title="bbox 201 1931 1762 2009">
    <p class='ocr_par' dir='ltr' id='par_1_12' title="bbox 201 1931 1762 2009">
     <span class='ocr_line' id='line_1_12' title="bbox 201 1931 1762 2009; baseline -0.004 -17"><span class='ocrx_word' id='word_1_82' title='bbox 201 1939 248 1993; x_wconf 73' lang='grc' dir='ltr'><strong>ἓν</strong></span> <span class='ocrx_word' id='word_1_83' title='bbox 279 1941 390 2009; x_wconf 76' lang='grc' dir='ltr'><strong>ἡμῖν</strong></span> <span class='ocrx_word' id='word_1_84' title='bbox 429 1937 455 1992; x_wconf 86' lang='grc' dir='ltr'>ὁ</span> <span class='ocrx_word' id='word_1_85' title='bbox 501 1939 635 1998; x_wconf 85' lang='grc' dir='ltr'><strong>θεῖος</strong></span> <span class='ocrx_word' id='word_1_86' title='bbox 674 1937 863 1996; x_wconf 79' lang='grc' dir='ltr'><strong>Παῦλος</strong></span> <span class='ocrx_word' id='word_1_87' title='bbox 896 1937 1197 2007; x_wconf 81' lang='grc' dir='ltr'><strong>κομπαζίτω</strong></span> <span class='ocrx_word' id='word_1_88' title='bbox 1225 1936 1310 1987; x_wconf 81' lang='grc' dir='ltr'><strong>καί</strong></span> <span class='ocrx_word' id='word_1_89' title='bbox 1343 1931 1580 2003; x_wconf 77' lang='grc' dir='ltr'><strong>αῦχείτω</strong></span> <span class='ocrx_word' id='word_1_90' title='bbox 1611 1934 1762 2004; x_wconf 74' lang='grc' dir='ltr'><strong>μέγα,</strong></span> 
     </span>
    </p>
   </div>
   <div class='ocr_carea' id='block_1_13' title="bbox 200 2025 1767 2099">
    <p class='ocr_par' dir='ltr' id='par_1_13' title="bbox 200 2025 1767 2099">
     <span class='ocr_line' id='line_1_13' title="bbox 200 2025 1767 2099; baseline -0.005 -16"><span class='ocrx_word' id='word_1_91' title='bbox 200 2033 278 2085; x_wconf 88' lang='grc' dir='ltr'><strong>καί</strong></span> <span class='ocrx_word' id='word_1_92' title='bbox 301 2029 614 2099; x_wconf 75' lang='grc' dir='ltr'><strong>σεμνυνέσθω</strong></span> <span class='ocrx_word' id='word_1_93' title='bbox 635 2028 906 2083; x_wconf 79' lang='grc' dir='ltr'><strong>συνάπτων</strong></span> <span class='ocrx_word' id='word_1_94' title='bbox 930 2033 1042 2086; x_wconf 89' lang='grc' dir='ltr'><strong>τοῖς</strong></span> <span class='ocrx_word' id='word_1_95' title='bbox 1069 2025 1298 2086; x_wconf 70' lang='grc' dir='ltr'><strong>παλαῖοις</strong></span> <span class='ocrx_word' id='word_1_96' title='bbox 1321 2025 1387 2078; x_wconf 87' lang='grc' dir='ltr'><strong>τά</strong></span> <span class='ocrx_word' id='word_1_97' title='bbox 1407 2025 1513 2084; x_wconf 85' lang='grc' dir='ltr'><strong>νέα,</strong></span> <span class='ocrx_word' id='word_1_98' title='bbox 1543 2025 1620 2076; x_wconf 78' lang='grc' dir='ltr'><strong>καί</strong></span> <span class='ocrx_word' id='word_1_99' title='bbox 1645 2043 1767 2094; x_wconf 73' lang='grc' dir='ltr'><strong>συγ-</strong></span> 
     </span>
    </p>
   </div>
   <div class='ocr_carea' id='block_1_14' title="bbox 200 2110 1765 2194">
    <p class='ocr_par' dir='ltr' id='par_1_14' title="bbox 200 2110 1765 2194">
     <span class='ocr_line' id='line_1_14' title="bbox 200 2110 1765 2194; baseline -0.003 -21"><span class='ocrx_word' id='word_1_100' title='bbox 200 2124 372 2194; x_wconf 78' lang='grc' dir='ltr'><strong>κρίνων</strong></span> <span class='ocrx_word' id='word_1_101' title='bbox 413 2121 474 2175; x_wconf 74' lang='grc' dir='ltr'><strong>ἓν.</strong></span> <span class='ocrx_word' id='word_1_102' title='bbox 513 2140 565 2174; x_wconf 94' lang='grc' dir='ltr'><strong>τε</strong></span> <span class='ocrx_word' id='word_1_103' title='bbox 617 2117 839 2190; x_wconf 70' lang='grc' dir='ltr'><strong>δόγμασι</strong></span> <span class='ocrx_word' id='word_1_104' title='bbox 871 2119 954 2172; x_wconf 87' lang='grc' dir='ltr'><strong>καί</strong></span> <span class='ocrx_word' id='word_1_105' title='bbox 985 2118 1324 2189; x_wconf 73' lang='grc' dir='ltr'><strong>κηρύγμασιν.</strong></span> <span class='ocrx_word' id='word_1_106' title='bbox 1360 2110 1433 2166; x_wconf 81' lang='grc' dir='ltr'><strong>Οὖ</strong></span> <span class='ocrx_word' id='word_1_107' title='bbox 1492 2117 1572 2168; x_wconf 86' lang='grc' dir='ltr'><strong>καὶ</strong></span> <span class='ocrx_word' id='word_1_108' title='bbox 1624 2116 1765 2185; x_wconf 76' lang='grc' dir='ltr'><strong>ἡμεῖς</strong></span> 
     </span>
    </p>
   </div>
   <div class='ocr_carea' id='block_1_15' title="bbox 197 2205 1766 2278">
    <p class='ocr_par' dir='ltr' id='par_1_15' title="bbox 197 2205 1766 2278">
     <span class='ocr_line' id='line_1_15' title="bbox 197 2205 1766 2278; baseline -0.002 -13"><span class='ocrx_word' id='word_1_109' title='bbox 197 2219 307 2272; x_wconf 88' lang='grc' dir='ltr'><strong>ταῖς</strong></span> <span class='ocrx_word' id='word_1_110' title='bbox 371 2207 723 2270; x_wconf 74' lang='grc' dir='ltr'><strong>διδασκαλίαις</strong></span> <span class='ocrx_word' id='word_1_111' title='bbox 805 2212 888 2264; x_wconf 81' lang='grc' dir='ltr'><strong>καί</strong></span> <span class='ocrx_word' id='word_1_112' title='bbox 959 2209 1235 2267; x_wconf 78' lang='grc' dir='ltr'><strong>ὑποθήκαις</strong></span> <span class='ocrx_word' id='word_1_113' title='bbox 1305 2208 1538 2276; x_wconf 80' lang='grc' dir='ltr'><strong>ίπόμενοι</strong></span> <span class='ocrx_word' id='word_1_114' title='bbox 1598 2205 1766 2278; x_wconf 78' lang='grc' dir='ltr'><strong>ίφάἶς</strong></span> 
     </span>
    </p>
   </div>
   <div class='ocr_carea' id='block_1_16' title="bbox 198 2300 1766 2375">
    <p class='ocr_par' dir='ltr' id='par_1_16' title="bbox 198 2300 1766 2375">
     <span class='ocr_line' id='line_1_16' title="bbox 198 2300 1766 2375; baseline 0 -21"><span class='ocrx_word' id='word_1_115' title='bbox 198 2303 499 2374; x_wconf 78' lang='grc' dir='ltr'><strong>ἐρῤιζὼμεθα</strong></span> <span class='ocrx_word' id='word_1_116' title='bbox 568 2304 949 2374; x_wconf 86' lang='grc' dir='ltr'><strong>κραταιούμενοι</strong></span> <span class='ocrx_word' id='word_1_117' title='bbox 996 2308 1057 2375; x_wconf 78' lang='grc' dir='ltr'><strong>τῇ</strong></span> <span class='ocrx_word' id='word_1_118' title='bbox 1106 2300 1341 2374; x_wconf 70' lang='grc' dir='ltr'><strong>ὁμολογίᾳ</strong></span> <span class='ocrx_word' id='word_1_119' title='bbox 1403 2307 1494 2360; x_wconf 77' lang='grc' dir='ltr'><strong>τῆς</strong></span> <span class='ocrx_word' id='word_1_120' title='bbox 1544 2303 1766 2360; x_wconf 86' lang='grc' dir='ltr'><strong>πίστεως</strong></span> 
     </span>
    </p>
   </div>
   <div class='ocr_carea' id='block_1_17' title="bbox 196 2391 1767 2468">
    <p class='ocr_par' dir='ltr' id='par_1_17' title="bbox 196 2391 1767 2468">
     <span class='ocr_line' id='line_1_17' title="bbox 196 2391 1767 2468; baseline -0.001 -22"><span class='ocrx_word' id='word_1_121' title='bbox 196 2397 354 2465; x_wconf 81' lang='grc' dir='ltr'><strong>ἡμῶν,</strong></span> <span class='ocrx_word' id='word_1_122' title='bbox 399 2397 449 2448; x_wconf 88' lang='grc' dir='ltr'><strong>ἐν</strong></span> <span class='ocrx_word' id='word_1_123' title='bbox 496 2391 836 2468; x_wconf 74' lang='grc' dir='ltr'><strong>ᾖὶστηκαμεν</strong></span> <span class='ocrx_word' id='word_1_124' title='bbox 885 2395 971 2447; x_wconf 75' lang='grc' dir='ltr'><strong>καὶ</strong></span> <span class='ocrx_word' id='word_1_125' title='bbox 1013 2393 1349 2463; x_wconf 75' lang='grc' dir='ltr'><strong>καυχώμεθα,</strong></span> <span class='ocrx_word' id='word_1_126' title='bbox 1383 2395 1462 2446; x_wconf 83' lang='grc' dir='ltr'><strong>καὶ</strong></span> <span class='ocrx_word' id='word_1_127' title='bbox 1510 2393 1603 2451; x_wconf 80' lang='grc' dir='ltr'><strong>τὰς</strong></span> <span class='ocrx_word' id='word_1_128' title='bbox 1649 2393 1767 2461; x_wconf 77' lang='grc' dir='ltr'><strong>ὁμε-</strong></span> 
     </span>
    </p>
   </div>
   <div class='ocr_carea' id='block_1_18' title="bbox 195 2482 1767 2560">
    <p class='ocr_par' dir='ltr' id='par_1_18' title="bbox 195 2482 1767 2560">
     <span class='ocr_line' id='line_1_18' title="bbox 195 2482 1767 2560; baseline -0.004 -18"><span class='ocrx_word' id='word_1_129' title='bbox 195 2491 347 2560; x_wconf 84' lang='grc' dir='ltr'><strong>τέρας</strong></span> <span class='ocrx_word' id='word_1_130' title='bbox 391 2486 706 2556; x_wconf 47' lang='grc' dir='ltr'><strong>ὑπολήψεις(</strong></span> <span class='ocrx_word' id='word_1_131' title='bbox 733 2486 787 2541; x_wconf 85' lang='grc' dir='ltr'><strong>αἶ</strong></span> <span class='ocrx_word' id='word_1_132' title='bbox 820 2485 949 2544; x_wconf 69' lang='grc' dir='ltr'><strong>τινες</strong></span> <span class='ocrx_word' id='word_1_133' title='bbox 990 2504 1115 2538; x_wconf 84' lang='grc' dir='ltr'><strong>ποτε</strong></span> <span class='ocrx_word' id='word_1_134' title='bbox 1163 2485 1264 2537; x_wconf 87' lang='grc' dir='ltr'><strong>είσί</strong></span> <span class='ocrx_word' id='word_1_135' title='bbox 1310 2485 1426 2557; x_wconf 79' lang='grc' dir='ltr'><strong>περὶ</strong></span> <span class='ocrx_word' id='word_1_136' title='bbox 1467 2488 1556 2540; x_wconf 74' lang='grc' dir='ltr'><strong>την</strong></span> <span class='ocrx_word' id='word_1_137' title='bbox 1605 2482 1767 2542; x_wconf 74' lang='grc' dir='ltr'><strong>οὕτως</strong></span> 
     </span>
    </p>
   </div>
   <div class='ocr_carea' id='block_1_19' title="bbox 195 2574 1766 2648">
    <p class='ocr_par' dir='ltr' id='par_1_19' title="bbox 195 2574 1766 2648">
     <span class='ocr_line' id='line_1_19' title="bbox 195 2574 1766 2648; baseline -0.002 -18"><span class='ocrx_word' id='word_1_138' title='bbox 195 2578 370 2632; x_wconf 84' lang='grc' dir='ltr'><strong>εύκλεᾶ</strong></span> <span class='ocrx_word' id='word_1_139' title='bbox 413 2581 496 2632; x_wconf 75' lang='grc' dir='ltr'><strong>καὶ</strong></span> <span class='ocrx_word' id='word_1_140' title='bbox 541 2579 809 2648; x_wconf 81' lang='grc' dir='ltr'><strong>ἀμώμητον</strong></span> <span class='ocrx_word' id='word_1_141' title='bbox 847 2579 961 2648; x_wconf 77' lang='grc' dir='ltr'><strong>ἡμῖν</strong></span> <span class='ocrx_word' id='word_1_142' title='bbox 1006 2576 1274 2646; x_wconf 71' lang='grc' dir='ltr'><strong>θρησκείαν</strong></span> <span class='ocrx_word' id='word_1_143' title='bbox 1315 2574 1766 2646; x_wconf 73' lang='grc' dir='ltr'><strong>ἀνακεκαλυμμένῳ</strong></span> 
     </span>
    </p>
   </div>
   <div class='ocr_carea' id='block_1_20' title="bbox 192 2666 1766 2746">
    <p class='ocr_par' dir='ltr' id='par_1_20' title="bbox 192 2666 1766 2746">
     <span class='ocr_line' id='line_1_20' title="bbox 192 2666 1766 2746; baseline -0.001 -22"><span class='ocrx_word' id='word_1_144' title='bbox 192 2673 457 2746; x_wconf 76' lang='grc' dir='ltr'><strong>προσώπῳ</strong></span> <span class='ocrx_word' id='word_1_145' title='bbox 503 2668 820 2744; x_wconf 82' lang='grc' dir='ltr'><strong>ἃιαπρυσίως</strong></span> <span class='ocrx_word' id='word_1_146' title='bbox 878 2671 1237 2744; x_wconf 80' lang='grc' dir='ltr'><strong>κηρύσσομεν,</strong></span> <span class='ocrx_word' id='word_1_147' title='bbox 1281 2669 1386 2740; x_wconf 82' lang='grc' dir='ltr'><strong>μεθ’</strong></span> <span class='ocrx_word' id='word_1_148' title='bbox 1401 2666 1459 2730; x_wconf 79' lang='grc' dir='ltr'><strong>ἧς</strong></span> <span class='ocrx_word' id='word_1_149' title='bbox 1516 2676 1588 2742; x_wconf 84' lang='grc' dir='ltr'><strong>τῷ</strong></span> <span class='ocrx_word' id='word_1_150' title='bbox 1657 2675 1766 2742; x_wconf 85' lang='grc' dir='ltr'><strong>Θεῷ</strong></span> 
     </span>
    </p>
   </div>
   <div class='ocr_carea' id='block_1_21' title="bbox 194 2757 1763 2834">
    <p class='ocr_par' dir='ltr' id='par_1_21' title="bbox 194 2757 1763 2834">
     <span class='ocr_line' id='line_1_21' title="bbox 194 2757 1763 2834; baseline -0.001 -21"><span class='ocrx_word' id='word_1_151' title='bbox 194 2763 515 2834; x_wconf 77' lang='grc' dir='ltr'><strong>λατρεύομεν,</strong></span> <span class='ocrx_word' id='word_1_152' title='bbox 543 2763 624 2815; x_wconf 81' lang='grc' dir='ltr'><strong>καί</strong></span> <span class='ocrx_word' id='word_1_153' title='bbox 651 2761 710 2820; x_wconf 75' lang='grc' dir='ltr'><strong>ἢν</strong></span> <span class='ocrx_word' id='word_1_154' title='bbox 749 2761 984 2816; x_wconf 78' lang='grc' dir='ltr'><strong>ἀναπνεῖν</strong></span> <span class='ocrx_word' id='word_1_155' title='bbox 1009 2759 1300 2824; x_wconf 82' lang='grc' dir='ltr'><strong>διαπαντὸς,</strong></span> <span class='ocrx_word' id='word_1_156' title='bbox 1325 2760 1355 2819; x_wconf 82' lang='grc' dir='ltr'><strong><em>ἣ</em></strong></span> <span class='ocrx_word' id='word_1_157' title='bbox 1384 2757 1579 2832; x_wconf 72' lang='grc' dir='ltr'><strong>[Ηανά.</strong></span> <span class='ocrx_word' id='word_1_158' title='bbox 1607 2758 1763 2828; x_wconf 80' lang='lat' dir='ltr'><strong>forte,</strong></span> 
     </span>
    </p>
   </div>
   <div class='ocr_carea' id='block_1_22' title="bbox 194 2849 1765 2927">
    <p class='ocr_par' dir='ltr' id='par_1_22' title="bbox 194 2849 1765 2927">
     <span class='ocr_line' id='line_1_22' title="bbox 194 2849 1765 2927; baseline -0.001 -20"><span class='ocrx_word' id='word_1_159' title='bbox 194 2849 246 2925; x_wconf 71' lang='grc' dir='ltr'><strong>ᾖ]</strong></span> <span class='ocrx_word' id='word_1_160' title='bbox 279 2855 367 2907; x_wconf 82' lang='grc' dir='ltr'><strong>τὸν</strong></span> <span class='ocrx_word' id='word_1_161' title='bbox 412 2853 574 2926; x_wconf 75' lang='grc' dir='ltr'><strong>ἀέρα,</strong></span> <span class='ocrx_word' id='word_1_162' title='bbox 605 2851 812 2912; x_wconf 85' lang='grc' dir='ltr'><strong>ἀκλινῶς</strong></span> <span class='ocrx_word' id='word_1_163' title='bbox 865 2850 1086 2924; x_wconf 69' lang='grc' dir='ltr'><strong>ἔχομεν·</strong></span> <span class='ocrx_word' id='word_1_164' title='bbox 1144 2850 1175 2927; x_wconf 76' lang='grc' dir='ltr'><strong><em>ᾖ</em></strong></span> <span class='ocrx_word' id='word_1_165' title='bbox 1213 2855 1297 2906; x_wconf 84' lang='grc' dir='ltr'><strong>καὶ</strong></span> <span class='ocrx_word' id='word_1_166' title='bbox 1340 2851 1765 2922; x_wconf 81' lang='grc' dir='ltr'><strong>συναπέρχεσθαι</strong></span> 
     </span>
    </p>
   </div>
   <div class='ocr_carea' id='block_1_23' title="bbox 191 2938 1764 3018">
    <p class='ocr_par' dir='ltr' id='par_1_23' title="bbox 191 2938 1764 3018">
     <span class='ocr_line' id='line_1_23' title="bbox 191 2938 1764 3018; baseline 0.002 -25"><span class='ocrx_word' id='word_1_167' title='bbox 191 2949 282 3000; x_wconf 78' lang='grc' dir='ltr'><strong>τῆς</strong></span> <span class='ocrx_word' id='word_1_168' title='bbox 310 2938 490 2994; x_wconf 76' lang='grc' dir='ltr'><strong>ἐνθένδε</strong></span> <span class='ocrx_word' id='word_1_169' title='bbox 526 2945 658 3005; x_wconf 76' lang='grc' dir='ltr'><strong>ζωῆς</strong></span> <span class='ocrx_word' id='word_1_170' title='bbox 696 2943 1190 3018; x_wconf 82' lang='grc' dir='ltr'><strong>κατισχυριζὸμεθα,</strong></span> <span class='ocrx_word' id='word_1_171' title='bbox 1233 2950 1295 3016; x_wconf 74' lang='grc' dir='ltr'><strong>τῇ</strong></span> <span class='ocrx_word' id='word_1_172' title='bbox 1350 2939 1532 2996; x_wconf 82' lang='grc' dir='ltr'><strong>ἀνωθεν</strong></span> <span class='ocrx_word' id='word_1_173' title='bbox 1582 2943 1764 3016; x_wconf 79' lang='grc' dir='ltr'><strong>χάριτι</strong></span> 
     </span>
    </p>
   </div>
   <div class='ocr_carea' id='block_1_24' title="bbox 188 3029 1765 3108">
    <p class='ocr_par' dir='ltr' id='par_1_24' title="bbox 188 3029 1765 3108">
     <span class='ocr_line' id='line_1_24' title="bbox 188 3029 1765 3108; baseline -0.001 -22"><span class='ocrx_word' id='word_1_174' title='bbox 188 3030 560 3103; x_wconf 78' lang='grc' dir='ltr'><strong>δυναμούμενοι</strong></span> <span class='ocrx_word' id='word_1_175' title='bbox 607 3035 691 3086; x_wconf 82' lang='grc' dir='ltr'><strong>καὶ</strong></span> <span class='ocrx_word' id='word_1_176' title='bbox 735 3034 1121 3108; x_wconf 77' lang='grc' dir='ltr'><strong>φρουρούμενοι,</strong></span> <span class='ocrx_word' id='word_1_177' title='bbox 1170 3035 1238 3092; x_wconf 87' lang='grc' dir='ltr'><strong>ὡς</strong></span> <span class='ocrx_word' id='word_1_178' title='bbox 1287 3035 1374 3086; x_wconf 81' lang='grc' dir='ltr'><strong>οὐκ</strong></span> <span class='ocrx_word' id='word_1_179' title='bbox 1424 3030 1566 3088; x_wconf 73' lang='grc' dir='ltr'><strong>ἴστιν</strong></span> <span class='ocrx_word' id='word_1_180' title='bbox 1615 3029 1765 3089; x_wconf 81' lang='grc' dir='ltr'><strong>ἄλλην</strong></span> 
     </span>
    </p>
   </div>
   <div class='ocr_carea' id='block_1_25' title="bbox 188 3119 1764 3199">
    <p class='ocr_par' dir='ltr' id='par_1_25' title="bbox 188 3119 1764 3199">
     <span class='ocr_line' id='line_1_25' title="bbox 188 3119 1764 3199; baseline 0.001 -22"><span class='ocrx_word' id='word_1_181' title='bbox 188 3123 401 3180; x_wconf 75' lang='grc' dir='ltr'><strong>ὁδεῦσαι</strong></span> <span class='ocrx_word' id='word_1_182' title='bbox 435 3123 466 3183; x_wconf 80' lang='grc' dir='ltr'><strong>ἣ</strong></span> <span class='ocrx_word' id='word_1_183' title='bbox 514 3124 745 3184; x_wconf 71' lang='grc' dir='ltr'><strong>ἐπιϐῆναι</strong></span> <span class='ocrx_word' id='word_1_184' title='bbox 771 3124 802 3184; x_wconf 78' lang='grc' dir='ltr'><strong>ἣ</strong></span> <span class='ocrx_word' id='word_1_185' title='bbox 836 3127 903 3181; x_wconf 81' lang='grc' dir='ltr'><strong>τὰ</strong></span> <span class='ocrx_word' id='word_1_186' title='bbox 939 3133 1031 3186; x_wconf 81' lang='grc' dir='ltr'><strong>τῆς</strong></span> <span class='ocrx_word' id='word_1_187' title='bbox 1060 3126 1324 3199; x_wconf 80' lang='grc' dir='ltr'><strong>παρούσης</strong></span> <span class='ocrx_word' id='word_1_188' title='bbox 1354 3129 1484 3188; x_wconf 83' lang='grc' dir='ltr'><strong>ζωῆς</strong></span> <span class='ocrx_word' id='word_1_189' title='bbox 1512 3119 1566 3177; x_wconf 75' lang='grc' dir='ltr'><strong>εὖ</strong></span> <span class='ocrx_word' id='word_1_190' title='bbox 1594 3124 1764 3178; x_wconf 74' lang='grc' dir='ltr'><strong>θέσθαι</strong></span> 
     </span>
    </p>
   </div>
   <div class='ocr_carea' id='block_1_26' title="bbox 1644 351 2020 414">
    <p class='ocr_par' dir='ltr' id='par_1_26' title="bbox 1644 351 2020 414">
     <span class='ocr_line' id='line_1_26' title="bbox 1644 351 2020 414; baseline -0.013 0"><span class='ocrx_word' id='word_1_191' title='bbox 1644 351 1996 414; x_wconf 64' lang='lat' dir='ltr'><strong>EPISTOLAS</strong></span> <span class='ocrx_word' id='word_1_192' title='bbox 2016 399 2020 408; x_wconf 89' lang='lat'><strong>.</strong></span> 
     </span>
    </p>
   </div>
   <div class='ocr_carea' id='block_1_27' title="bbox 1791 463 3443 541">
    <p class='ocr_par' dir='ltr' id='par_1_27' title="bbox 1791 463 3443 541">
     <span class='ocr_line' id='line_1_27' title="bbox 1791 463 3443 541; baseline -0.007 -12"><span class='ocrx_word' id='word_1_193' title='bbox 1791 481 1839 537; x_wconf 84' lang='grc' dir='ltr'>Α</span> <span class='ocrx_word' id='word_1_194' title='bbox 1868 485 1923 529; x_wconf 89' lang='lat' dir='ltr'><strong>et</strong></span> <span class='ocrx_word' id='word_1_195' title='bbox 1953 475 2074 540; x_wconf 90' lang='lat' dir='ltr'><strong>alia,</strong></span> <span class='ocrx_word' id='word_1_196' title='bbox 2116 472 2207 529; x_wconf 90' lang='lat' dir='ltr'><strong>sed</strong></span> <span class='ocrx_word' id='word_1_197' title='bbox 2241 487 2346 526; x_wconf 89' lang='lat' dir='ltr'><strong>una</strong></span> <span class='ocrx_word' id='word_1_198' title='bbox 2377 471 2672 541; x_wconf 89' lang='lat' dir='ltr'><strong>eademque</strong></span> <span class='ocrx_word' id='word_1_199' title='bbox 2710 468 2832 524; x_wconf 65' lang='grc' dir='ltr'><strong>(εωΙί</strong></span> <span class='ocrx_word' id='word_1_200' title='bbox 2872 473 3137 536; x_wconf 65' lang='lat' dir='ltr'><strong>terraeque</strong></span> <span class='ocrx_word' id='word_1_201' title='bbox 3166 463 3443 531; x_wconf 85' lang='lat' dir='ltr'><strong>Ecclesia;</strong></span> 
     </span>
    </p>
   </div>
   <div class='ocr_carea' id='block_1_28' title="bbox 3307 349 3448 405">
    <p class='ocr_par' dir='ltr' id='par_1_28' title="bbox 3307 349 3448 405">
     <span class='ocr_line' id='line_1_28' title="bbox 3307 349 3448 405; baseline 0 0"><span class='ocrx_word' id='word_1_202' title='bbox 3307 350 3330 405; x_wconf 75' lang='grc'>1</span> <span class='ocrx_word' id='word_1_203' title='bbox 3343 349 3448 405; x_wconf 80' lang='lat'><strong>050</strong></span> 
     </span>
    </p>
   </div>
   <div class='ocr_carea' id='block_1_29' title="bbox 1863 558 3447 635">
    <p class='ocr_par' dir='ltr' id='par_1_29' title="bbox 1863 558 3447 635">
     <span class='ocr_line' id='line_1_29' title="bbox 1863 558 3447 635; baseline -0.004 -17"><span class='ocrx_word' id='word_1_204' title='bbox 1863 583 2029 635; x_wconf 89' lang='lat' dir='ltr'><strong>quare</strong></span> <span class='ocrx_word' id='word_1_205' title='bbox 2067 582 2166 620; x_wconf 93' lang='lat' dir='ltr'><strong>nec</strong></span> <span class='ocrx_word' id='word_1_206' title='bbox 2207 565 2477 618; x_wconf 89' lang='lat' dir='ltr'><strong>immerito</strong></span> <span class='ocrx_word' id='word_1_207' title='bbox 2520 579 2685 616; x_wconf 88' lang='lat' dir='ltr'><strong>unam</strong></span> <span class='ocrx_word' id='word_1_208' title='bbox 2723 562 2923 631; x_wconf 91' lang='lat' dir='ltr'><strong>ubique</strong></span> <span class='ocrx_word' id='word_1_209' title='bbox 2952 574 3181 629; x_wconf 84' lang='lat' dir='ltr'><strong>eamque</strong></span> <span class='ocrx_word' id='word_1_210' title='bbox 3213 558 3447 612; x_wconf 83' lang='lat' dir='ltr'><strong>iudivul-</strong></span> 
     </span>
    </p>
   </div>
   <div class='ocr_carea' id='block_1_30' title="bbox 1863 652 3431 727">
    <p class='ocr_par' dir='ltr' id='par_1_30' title="bbox 1863 652 3431 727">
     <span class='ocr_line' id='line_1_30' title="bbox 1863 652 3431 727; baseline -0.006 -15"><span class='ocrx_word' id='word_1_211' title='bbox 1863 675 1976 712; x_wconf 88' lang='lat' dir='ltr'><strong>sam</strong></span> <span class='ocrx_word' id='word_1_212' title='bbox 2027 673 2124 727; x_wconf 86' lang='lat' dir='ltr'><strong>per</strong></span> <span class='ocrx_word' id='word_1_213' title='bbox 2166 655 2288 712; x_wconf 90' lang='lat' dir='ltr'><strong>ﬁdei</strong></span> <span class='ocrx_word' id='word_1_214' title='bbox 2334 655 2676 711; x_wconf 84' lang='lat' dir='ltr'><strong>concordiam</strong></span> <span class='ocrx_word' id='word_1_215' title='bbox 2721 654 3040 708; x_wconf 89' lang='lat' dir='ltr'><strong>societatem</strong></span> <span class='ocrx_word' id='word_1_216' title='bbox 3084 652 3431 716; x_wconf 78' lang='lat' dir='ltr'><strong>obtinemus;</strong></span> 
     </span>
    </p>
   </div>
   <div class='ocr_carea' id='block_1_31' title="bbox 1863 742 3435 819">
    <p class='ocr_par' dir='ltr' id='par_1_31' title="bbox 1863 742 3435 819">
     <span class='ocr_line' id='line_1_31' title="bbox 1863 742 3435 819; baseline -0.003 -17"><span class='ocrx_word' id='word_1_217' title='bbox 1863 766 2037 819; x_wconf 87' lang='lat' dir='ltr'><strong>neque</strong></span> <span class='ocrx_word' id='word_1_218' title='bbox 2073 751 2216 805; x_wconf 90' lang='lat' dir='ltr'><strong>enim</strong></span> <span class='ocrx_word' id='word_1_219' title='bbox 2256 750 2309 803; x_wconf 91' lang='lat' dir='ltr'><strong>in</strong></span> <span class='ocrx_word' id='word_1_220' title='bbox 2346 746 2527 803; x_wconf 63' lang='lat' dir='ltr'><strong>Iudaea</strong></span> <span class='ocrx_word' id='word_1_221' title='bbox 2559 756 2764 802; x_wconf 91' lang='lat' dir='ltr'><strong>tantum</strong></span> <span class='ocrx_word' id='word_1_222' title='bbox 2796 754 2953 801; x_wconf 90' lang='lat' dir='ltr'><strong>notus</strong></span> <span class='ocrx_word' id='word_1_223' title='bbox 2991 754 3074 800; x_wconf 92' lang='lat' dir='ltr'><strong>est</strong></span> <span class='ocrx_word' id='word_1_224' title='bbox 3111 744 3254 799; x_wconf 89' lang='lat' dir='ltr'><strong>Deus</strong></span> <span class='ocrx_word' id='word_1_225' title='bbox 3276 785 3292 808; x_wconf 92' lang='lat'><strong>,</strong></span> <span class='ocrx_word' id='word_1_226' title='bbox 3339 742 3435 798; x_wconf 91' lang='lat' dir='ltr'><strong>sed</strong></span> 
     </span>
    </p>
   </div>
   <div class='ocr_carea' id='block_1_32' title="bbox 1861 837 3431 911">
    <p class='ocr_par' dir='ltr' id='par_1_32' title="bbox 1861 837 3431 911">
     <span class='ocr_line' id='line_1_32' title="bbox 1861 837 3431 911; baseline -0.003 -17"><span class='ocrx_word' id='word_1_227' title='bbox 1861 843 2009 896; x_wconf 89' lang='lat' dir='ltr'><strong>omni</strong></span> <span class='ocrx_word' id='word_1_228' title='bbox 2049 843 2102 896; x_wconf 89' lang='lat' dir='ltr'><strong>in</strong></span> <span class='ocrx_word' id='word_1_229' title='bbox 2138 842 2286 906; x_wconf 90' lang='lat' dir='ltr'><strong>loco,</strong></span> <span class='ocrx_word' id='word_1_230' title='bbox 2328 856 2646 911; x_wconf 89' lang='lat' dir='ltr'><strong>quocunque</strong></span> <span class='ocrx_word' id='word_1_231' title='bbox 2682 856 2837 896; x_wconf 90' lang='lat' dir='ltr'><strong>mens</strong></span> <span class='ocrx_word' id='word_1_232' title='bbox 2874 853 3133 896; x_wconf 89' lang='lat' dir='ltr'><strong>sensusve</strong></span> <span class='ocrx_word' id='word_1_233' title='bbox 3162 837 3431 906; x_wconf 87' lang='lat' dir='ltr'><strong>attingere</strong></span> 
     </span>
    </p>
   </div>
   <div class='ocr_carea' id='block_1_33' title="bbox 1866 939 2064 1000">
    <p class='ocr_par' dir='ltr' id='par_1_33' title="bbox 1866 939 2064 1000">
     <span class='ocr_line' id='line_1_33' title="bbox 1866 939 2064 1000; baseline 0.005 -17"><span class='ocrx_word' id='word_1_234' title='bbox 1866 939 2064 1000; x_wconf 81' lang='lat' dir='ltr'><strong>potest.</strong></span> 
     </span>
    </p>
   </div>
   <div class='ocr_carea' id='block_1_34' title="bbox 1937 1023 3436 1094">
    <p class='ocr_par' dir='ltr' id='par_1_34' title="bbox 1937 1023 3436 1094">
     <span class='ocr_line' id='line_1_34' title="bbox 1937 1023 3436 1094; baseline -0.001 -16"><span class='ocrx_word' id='word_1_235' title='bbox 1937 1023 2087 1078; x_wconf 87' lang='lat' dir='ltr'><strong>Unde</strong></span> <span class='ocrx_word' id='word_1_236' title='bbox 2134 1033 2190 1078; x_wconf 92' lang='lat' dir='ltr'><strong>et</strong></span> <span class='ocrx_word' id='word_1_237' title='bbox 2233 1039 2332 1079; x_wconf 89' lang='lat' dir='ltr'><strong>nos</strong></span> <span class='ocrx_word' id='word_1_238' title='bbox 2375 1039 2621 1094; x_wconf 92' lang='lat' dir='ltr'><strong>quoque,</strong></span> <span class='ocrx_word' id='word_1_239' title='bbox 2671 1024 2764 1094; x_wconf 89' lang='lat' dir='ltr'><strong>qui</strong></span> <span class='ocrx_word' id='word_1_240' title='bbox 2812 1039 2965 1079; x_wconf 86' lang='lat' dir='ltr'><strong>novae</strong></span> <span class='ocrx_word' id='word_1_241' title='bbox 3009 1023 3194 1078; x_wconf 74' lang='lat' dir='ltr'><strong>Romae</strong></span> <span class='ocrx_word' id='word_1_242' title='bbox 3239 1035 3436 1077; x_wconf 88' lang='lat' dir='ltr'><strong>nomen</strong></span> 
     </span>
    </p>
   </div>
   <div class='ocr_carea' id='block_1_35' title="bbox 1864 1113 3445 1186">
    <p class='ocr_par' dir='ltr' id='par_1_35' title="bbox 1864 1113 3445 1186">
     <span class='ocr_line' id='line_1_35' title="bbox 1864 1113 3445 1186; baseline -0.002 -15"><span class='ocrx_word' id='word_1_243' title='bbox 1864 1117 2039 1171; x_wconf 89' lang='lat' dir='ltr'><strong>sortiti</strong></span> <span class='ocrx_word' id='word_1_244' title='bbox 2077 1132 2294 1183; x_wconf 90' lang='lat' dir='ltr'><strong>sumus,</strong></span> <span class='ocrx_word' id='word_1_245' title='bbox 2340 1127 2596 1186; x_wconf 78' lang='lat' dir='ltr'><strong>tanquam</strong></span> <span class='ocrx_word' id='word_1_246' title='bbox 2635 1133 2798 1186; x_wconf 90' lang='lat' dir='ltr'><strong>super</strong></span> <span class='ocrx_word' id='word_1_247' title='bbox 2835 1134 2944 1172; x_wconf 93' lang='lat' dir='ltr'><strong>uno</strong></span> <span class='ocrx_word' id='word_1_248' title='bbox 2982 1118 3280 1185; x_wconf 87' lang='lat' dir='ltr'><strong>eodemque</strong></span> <span class='ocrx_word' id='word_1_249' title='bbox 3319 1113 3445 1169; x_wconf 90' lang='lat' dir='ltr'><strong>ﬁdei</strong></span> 
     </span>
    </p>
   </div>
   <div class='ocr_carea' id='block_1_36' title="bbox 1867 1209 3444 1282">
    <p class='ocr_par' dir='ltr' id='par_1_36' title="bbox 1867 1209 3444 1282">
     <span class='ocr_line' id='line_1_36' title="bbox 1867 1209 3444 1282; baseline -0.001 -20"><span class='ocrx_word' id='word_1_250' title='bbox 1867 1209 2236 1275; x_wconf 82' lang='lat' dir='ltr'><strong>fundamento,</strong></span> <span class='ocrx_word' id='word_1_251' title='bbox 2269 1212 2631 1280; x_wconf 75' lang='lat' dir='ltr'><strong>apostolorum</strong></span> <span class='ocrx_word' id='word_1_252' title='bbox 2665 1211 2920 1264; x_wconf 84' lang='lat' dir='ltr'><strong>nimirum</strong></span> <span class='ocrx_word' id='word_1_253' title='bbox 2949 1219 3005 1266; x_wconf 93' lang='lat' dir='ltr'><strong>et</strong></span> <span class='ocrx_word' id='word_1_254' title='bbox 3032 1211 3444 1282; x_wconf 85' lang='lat' dir='ltr'><strong>prophetarum,</strong></span> 
     </span>
    </p>
   </div>
   <div class='ocr_carea' id='block_1_37' title="bbox 1867 1299 3448 1372">
    <p class='ocr_par' dir='ltr' id='par_1_37' title="bbox 1867 1299 3448 1372">
     <span class='ocr_line' id='line_1_37' title="bbox 1867 1299 3448 1372; baseline -0.003 -16"><span class='ocrx_word' id='word_1_255' title='bbox 1867 1302 2388 1370; x_wconf 75' lang='lat' dir='ltr'><strong>sapientissimorum</strong></span> <span class='ocrx_word' id='word_1_256' title='bbox 2417 1304 2604 1372; x_wconf 87' lang='lat' dir='ltr'><strong>utique</strong></span> <span class='ocrx_word' id='word_1_257' title='bbox 2631 1303 3049 1356; x_wconf 89' lang='lat' dir='ltr'><strong>architectorum</strong></span> <span class='ocrx_word' id='word_1_258' title='bbox 3067 1343 3081 1366; x_wconf 96' lang='lat'><strong>,</strong></span> <span class='ocrx_word' id='word_1_259' title='bbox 3119 1300 3336 1356; x_wconf 86' lang='lat' dir='ltr'><strong>Christo</strong></span> <span class='ocrx_word' id='word_1_260' title='bbox 3365 1299 3448 1353; x_wconf 84' lang='lat' dir='ltr'><strong>in-</strong></span> 
     </span>
    </p>
   </div>
   <div class='ocr_carea' id='block_1_38' title="bbox 1866 1391 3449 1459">
    <p class='ocr_par' dir='ltr' id='par_1_38' title="bbox 1866 1391 3449 1459">
     <span class='ocr_line' id='line_1_38' title="bbox 1866 1391 3449 1459; baseline -0.001 -14"><span class='ocrx_word' id='word_1_261' title='bbox 1866 1393 2027 1446; x_wconf 90' lang='lat' dir='ltr'><strong>terim</strong></span> <span class='ocrx_word' id='word_1_262' title='bbox 2075 1401 2128 1448; x_wconf 90' lang='lat' dir='ltr'><strong>et</strong></span> <span class='ocrx_word' id='word_1_263' title='bbox 2174 1394 2302 1456; x_wconf 90' lang='lat' dir='ltr'><strong>Deo,</strong></span> <span class='ocrx_word' id='word_1_264' title='bbox 2334 1393 2574 1447; x_wconf 89' lang='lat' dir='ltr'><strong>omnium</strong></span> <span class='ocrx_word' id='word_1_265' title='bbox 2603 1402 2847 1447; x_wconf 89' lang='lat' dir='ltr'><strong>nostrum</strong></span> <span class='ocrx_word' id='word_1_266' title='bbox 2883 1391 3163 1446; x_wconf 90' lang='lat' dir='ltr'><strong>Salvatore</strong></span> <span class='ocrx_word' id='word_1_267' title='bbox 3201 1404 3300 1459; x_wconf 90' lang='lat' dir='ltr'><strong>pro</strong></span> <span class='ocrx_word' id='word_1_268' title='bbox 3350 1405 3449 1444; x_wconf 91' lang='lat' dir='ltr'><strong>an-</strong></span> 
     </span>
    </p>
   </div>
   <div class='ocr_carea' id='block_1_39' title="bbox 1867 1481 3446 1556">
    <p class='ocr_par' dir='ltr' id='par_1_39' title="bbox 1867 1481 3446 1556">
     <span class='ocr_line' id='line_1_39' title="bbox 1867 1481 3446 1556; baseline -0.003 -17"><span class='ocrx_word' id='word_1_269' title='bbox 1867 1485 2039 1556; x_wconf 90' lang='lat' dir='ltr'><strong>gulari</strong></span> <span class='ocrx_word' id='word_1_270' title='bbox 2087 1485 2265 1554; x_wconf 87' lang='lat' dir='ltr'><strong>lapide</strong></span> <span class='ocrx_word' id='word_1_271' title='bbox 2315 1495 2368 1539; x_wconf 91' lang='lat' dir='ltr'><strong>et</strong></span> <span class='ocrx_word' id='word_1_272' title='bbox 2421 1485 2770 1540; x_wconf 82' lang='lat' dir='ltr'><strong>fundamento</strong></span> <span class='ocrx_word' id='word_1_273' title='bbox 2809 1483 3112 1548; x_wconf 89' lang='lat' dir='ltr'><strong>substrato,</strong></span> <span class='ocrx_word' id='word_1_274' title='bbox 3156 1481 3446 1548; x_wconf 68' lang='lat' dir='ltr'><strong>aediﬁcati,</strong></span> 
     </span>
    </p>
   </div>
   <div class='ocr_carea' id='block_1_40' title="bbox 1867 1573 3443 1649">
    <p class='ocr_par' dir='ltr' id='par_1_40' title="bbox 1867 1573 3443 1649">
     <span class='ocr_line' id='line_1_40' title="bbox 1867 1573 3443 1649; baseline -0.003 -17"><span class='ocrx_word' id='word_1_275' title='bbox 1867 1579 2012 1649; x_wconf 88' lang='lat' dir='ltr'><strong>quod</strong></span> <span class='ocrx_word' id='word_1_276' title='bbox 2036 1579 2251 1648; x_wconf 87' lang='lat' dir='ltr'><strong>quidem</strong></span> <span class='ocrx_word' id='word_1_277' title='bbox 2283 1579 2349 1632; x_wconf 91' lang='lat' dir='ltr'><strong>ad</strong></span> <span class='ocrx_word' id='word_1_278' title='bbox 2377 1578 2502 1632; x_wconf 87' lang='lat' dir='ltr'><strong>ﬁdei</strong></span> <span class='ocrx_word' id='word_1_279' title='bbox 2529 1578 2896 1648; x_wconf 81' lang='lat' dir='ltr'><strong>integritatem</strong></span> <span class='ocrx_word' id='word_1_280' title='bbox 2927 1575 3137 1636; x_wconf 86' lang='lat' dir='ltr'><strong>attinet,</strong></span> <span class='ocrx_word' id='word_1_281' title='bbox 3165 1573 3443 1627; x_wconf 82' lang='lat' dir='ltr'><strong>veteribus</strong></span> 
     </span>
    </p>
   </div>
   <div class='ocr_carea' id='block_1_41' title="bbox 1868 1663 3448 1739">
    <p class='ocr_par' dir='ltr' id='par_1_41' title="bbox 1868 1663 3448 1739">
     <span class='ocr_line' id='line_1_41' title="bbox 1868 1663 3448 1739; baseline -0.004 -16"><span class='ocrx_word' id='word_1_282' title='bbox 1868 1670 2127 1724; x_wconf 84' lang='lat' dir='ltr'><strong>Romanis</strong></span> <span class='ocrx_word' id='word_1_283' title='bbox 2155 1684 2496 1739; x_wconf 87' lang='lat' dir='ltr'><strong>nequaquam</strong></span> <span class='ocrx_word' id='word_1_284' title='bbox 2526 1669 2817 1724; x_wconf 86' lang='lat' dir='ltr'><strong>credimus.</strong></span> <span class='ocrx_word' id='word_1_285' title='bbox 2868 1666 3004 1720; x_wconf 87' lang='lat' dir='ltr'><strong>Nam</strong></span> <span class='ocrx_word' id='word_1_286' title='bbox 3033 1666 3088 1719; x_wconf 91' lang='lat' dir='ltr'><strong>in</strong></span> <span class='ocrx_word' id='word_1_287' title='bbox 3115 1663 3316 1719; x_wconf 90' lang='lat' dir='ltr'><strong>sanctis</strong></span> <span class='ocrx_word' id='word_1_288' title='bbox 3351 1663 3448 1717; x_wconf 90' lang='lat' dir='ltr'><strong>Dei</strong></span> 
     </span>
    </p>
   </div>
   <div class='ocr_carea' id='block_1_42' title="bbox 1869 1755 3451 1828">
    <p class='ocr_par' dir='ltr' id='par_1_42' title="bbox 1869 1755 3451 1828">
     <span class='ocr_line' id='line_1_42' title="bbox 1869 1755 3451 1828; baseline -0.004 -14"><span class='ocrx_word' id='word_1_289' title='bbox 1869 1760 2126 1815; x_wconf 86' lang='lat' dir='ltr'><strong>Ecclesiis</strong></span> <span class='ocrx_word' id='word_1_290' title='bbox 2157 1776 2264 1814; x_wconf 90' lang='lat' dir='ltr'><strong>non</strong></span> <span class='ocrx_word' id='word_1_291' title='bbox 2302 1769 2383 1814; x_wconf 90' lang='lat' dir='ltr'><strong>est</strong></span> <span class='ocrx_word' id='word_1_292' title='bbox 2417 1760 2616 1828; x_wconf 84' lang='lat' dir='ltr'><strong>prioris</strong></span> <span class='ocrx_word' id='word_1_293' title='bbox 2646 1767 2740 1812; x_wconf 92' lang='lat' dir='ltr'><strong>aut</strong></span> <span class='ocrx_word' id='word_1_294' title='bbox 2766 1757 3086 1828; x_wconf 83' lang='lat' dir='ltr'><strong>posterioris</strong></span> <span class='ocrx_word' id='word_1_295' title='bbox 3115 1755 3274 1820; x_wconf 89' lang='lat' dir='ltr'><strong>ratio,</strong></span> <span class='ocrx_word' id='word_1_296' title='bbox 3309 1755 3451 1808; x_wconf 90' lang='lat' dir='ltr'><strong>sicut</strong></span> 
     </span>
    </p>
   </div>
   <div class='ocr_carea' id='block_1_43' title="bbox 1866 1848 3453 1923">
    <p class='ocr_par' dir='ltr' id='par_1_43' title="bbox 1866 1848 3453 1923">
     <span class='ocr_line' id='line_1_43' title="bbox 1866 1848 3453 1923; baseline -0.005 -15"><span class='ocrx_word' id='word_1_297' title='bbox 1866 1869 2042 1923; x_wconf 90' lang='lat' dir='ltr'><strong>neque</strong></span> <span class='ocrx_word' id='word_1_298' title='bbox 2071 1851 2239 1908; x_wconf 79' lang='lat' dir='ltr'><strong>Judaei</strong></span> <span class='ocrx_word' id='word_1_299' title='bbox 2275 1868 2490 1922; x_wconf 92' lang='lat' dir='ltr'><strong>quoque</strong></span> <span class='ocrx_word' id='word_1_300' title='bbox 2525 1862 2579 1907; x_wconf 90' lang='lat' dir='ltr'><strong>et</strong></span> <span class='ocrx_word' id='word_1_301' title='bbox 2606 1851 2815 1917; x_wconf 65' lang='lat' dir='ltr'><strong>Graeci,</strong></span> <span class='ocrx_word' id='word_1_302' title='bbox 2862 1850 3006 1905; x_wconf 85' lang='lat' dir='ltr'><strong>servi</strong></span> <span class='ocrx_word' id='word_1_303' title='bbox 3055 1857 3112 1904; x_wconf 90' lang='lat' dir='ltr'><strong>et</strong></span> <span class='ocrx_word' id='word_1_304' title='bbox 3156 1848 3344 1911; x_wconf 86' lang='lat' dir='ltr'><strong>liberi,</strong></span> <span class='ocrx_word' id='word_1_305' title='bbox 3395 1854 3453 1901; x_wconf 92' lang='lat' dir='ltr'><strong>et</strong></span> 
     </span>
    </p>
   </div>
   <div class='ocr_carea' id='block_1_44' title="bbox 1864 1939 3451 2014">
    <p class='ocr_par' dir='ltr' id='par_1_44' title="bbox 1864 1939 3451 2014">
     <span class='ocr_line' id='line_1_44' title="bbox 1864 1939 3451 2014; baseline -0.006 -13"><span class='ocrx_word' id='word_1_306' title='bbox 1864 1946 2085 2001; x_wconf 89' lang='lat' dir='ltr'><strong>barbari</strong></span> <span class='ocrx_word' id='word_1_307' title='bbox 2115 1953 2169 2000; x_wconf 88' lang='lat' dir='ltr'><strong>et</strong></span> <span class='ocrx_word' id='word_1_308' title='bbox 2199 1942 2414 2014; x_wconf 69' lang='lat' dir='ltr'><strong>Scythae</strong></span> <span class='ocrx_word' id='word_1_309' title='bbox 2433 1983 2448 2007; x_wconf 94' lang='lat'><strong>,</strong></span> <span class='ocrx_word' id='word_1_310' title='bbox 2480 1945 2574 1997; x_wconf 90' lang='lat' dir='ltr'><strong>sed</strong></span> <span class='ocrx_word' id='word_1_311' title='bbox 2604 1958 2796 1997; x_wconf 90' lang='lat' dir='ltr'><strong>omnes</strong></span> <span class='ocrx_word' id='word_1_312' title='bbox 2822 1958 2990 1996; x_wconf 92' lang='lat' dir='ltr'><strong>unum</strong></span> <span class='ocrx_word' id='word_1_313' title='bbox 3029 1941 3081 1994; x_wconf 90' lang='lat' dir='ltr'><strong>in</strong></span> <span class='ocrx_word' id='word_1_314' title='bbox 3111 1939 3328 1995; x_wconf 90' lang='lat' dir='ltr'><strong>Christo</strong></span> <span class='ocrx_word' id='word_1_315' title='bbox 3359 1954 3451 1992; x_wconf 93' lang='lat' dir='ltr'><strong>su-</strong></span> 
     </span>
    </p>
   </div>
   <div class='ocr_carea' id='block_1_45' title="bbox 1867 2031 3449 2108">
    <p class='ocr_par' dir='ltr' id='par_1_45' title="bbox 1867 2031 3449 2108">
     <span class='ocr_line' id='line_1_45' title="bbox 1867 2031 3449 2108; baseline -0.005 -16"><span class='ocrx_word' id='word_1_316' title='bbox 1867 2049 1988 2092; x_wconf 79' lang='lat' dir='ltr'><strong>mu‘s</strong></span> <span class='ocrx_word' id='word_1_317' title='bbox 2016 2035 2240 2108; x_wconf 84' lang='lat' dir='ltr'><strong>(Coloss.</strong></span> <span class='ocrx_word' id='word_1_318' title='bbox 2271 2036 2380 2106; x_wconf 90' lang='grc' dir='ltr'><strong>ιιι).</strong></span> <span class='ocrx_word' id='word_1_319' title='bbox 2433 2035 2775 2103; x_wconf 83' lang='lat' dir='ltr'><strong>Quapropter</strong></span> <span class='ocrx_word' id='word_1_320' title='bbox 2819 2041 2874 2087; x_wconf 90' lang='lat' dir='ltr'><strong>et</strong></span> <span class='ocrx_word' id='word_1_321' title='bbox 2923 2033 2990 2087; x_wconf 92' lang='lat' dir='ltr'><strong>de</strong></span> <span class='ocrx_word' id='word_1_322' title='bbox 3039 2031 3195 2085; x_wconf 92' lang='lat' dir='ltr'><strong>nobis</strong></span> <span class='ocrx_word' id='word_1_323' title='bbox 3235 2043 3449 2099; x_wconf 88' lang='lat' dir='ltr'><strong>quoque</strong></span> 
     </span>
    </p>
   </div>
   <div class='ocr_carea' id='block_1_46' title="bbox 1866 2121 3448 2197">
    <p class='ocr_par' dir='ltr' id='par_1_46' title="bbox 1866 2121 3448 2197">
     <span class='ocr_line' id='line_1_46' title="bbox 1866 2121 3448 2197; baseline -0.007 -13"><span class='ocrx_word' id='word_1_324' title='bbox 1866 2129 2020 2184; x_wconf 87' lang='lat' dir='ltr'><strong>divus</strong></span> <span class='ocrx_word' id='word_1_325' title='bbox 2039 2127 2238 2181; x_wconf 84' lang='lat' dir='ltr'><strong>Paulus</strong></span> <span class='ocrx_word' id='word_1_326' title='bbox 2263 2125 2542 2197; x_wconf 79' lang='lat' dir='ltr'><strong>glorietur,</strong></span> <span class='ocrx_word' id='word_1_327' title='bbox 2568 2122 2957 2192; x_wconf 87' lang='lat' dir='ltr'><strong>magniﬁceque</strong></span> <span class='ocrx_word' id='word_1_328' title='bbox 2984 2121 3204 2186; x_wconf 88' lang='lat' dir='ltr'><strong>sentiat,</strong></span> <span class='ocrx_word' id='word_1_329' title='bbox 3230 2129 3283 2174; x_wconf 90' lang='lat' dir='ltr'><strong>et</strong></span> <span class='ocrx_word' id='word_1_330' title='bbox 3311 2134 3448 2174; x_wconf 86' lang='lat' dir='ltr'><strong>nova</strong></span> 
     </span>
    </p>
   </div>
   <div class='ocr_carea' id='block_1_47' title="bbox 1867 2211 3451 2289">
    <p class='ocr_par' dir='ltr' id='par_1_47' title="bbox 1867 2211 3451 2289">
     <span class='ocr_line' id='line_1_47' title="bbox 1867 2211 3451 2289; baseline -0.005 -16"><span class='ocrx_word' id='word_1_331' title='bbox 1867 2218 2103 2289; x_wconf 86' lang='lat' dir='ltr'><strong>antiquis</strong></span> <span class='ocrx_word' id='word_1_332' title='bbox 2131 2219 2485 2288; x_wconf 88' lang='lat' dir='ltr'><strong>conjungens,</strong></span> <span class='ocrx_word' id='word_1_333' title='bbox 2513 2217 2814 2286; x_wconf 89' lang='lat' dir='ltr'><strong>dogmaque</strong></span> <span class='ocrx_word' id='word_1_334' title='bbox 2843 2214 3118 2284; x_wconf 89' lang='lat' dir='ltr'><strong>dogmati,</strong></span> <span class='ocrx_word' id='word_1_335' title='bbox 3166 2222 3220 2268; x_wconf 89' lang='lat' dir='ltr'><strong>et</strong></span> <span class='ocrx_word' id='word_1_336' title='bbox 3257 2211 3451 2282; x_wconf 69' lang='lat' dir='ltr'><strong>praedi-</strong></span> 
     </span>
    </p>
   </div>
   <div class='ocr_carea' id='block_1_48' title="bbox 1867 2303 3446 2380">
    <p class='ocr_par' dir='ltr' id='par_1_48' title="bbox 1867 2303 3446 2380">
     <span class='ocr_line' id='line_1_48' title="bbox 1867 2303 3446 2380; baseline -0.007 -14"><span class='ocrx_word' id='word_1_337' title='bbox 1867 2312 2134 2368; x_wconf 90' lang='lat' dir='ltr'><strong>cationem</strong></span> <span class='ocrx_word' id='word_1_338' title='bbox 2184 2309 2554 2380; x_wconf 70' lang='lat' dir='ltr'><strong>pmdieationi</strong></span> <span class='ocrx_word' id='word_1_339' title='bbox 2609 2306 2989 2371; x_wconf 88' lang='lat' dir='ltr'><strong>committens,</strong></span> <span class='ocrx_word' id='word_1_340' title='bbox 3055 2319 3120 2360; x_wconf 83' lang='lat' dir='ltr'><strong>ex</strong></span> <span class='ocrx_word' id='word_1_341' title='bbox 3174 2317 3330 2372; x_wconf 83' lang='lat' dir='ltr'><strong>aequo</strong></span> <span class='ocrx_word' id='word_1_342' title='bbox 3379 2303 3446 2356; x_wconf 86' lang='lat' dir='ltr'><strong>de</strong></span> 
     </span>
    </p>
   </div>
   <div class='ocr_carea' id='block_1_49' title="bbox 1865 2393 3449 2472">
    <p class='ocr_par' dir='ltr' id='par_1_49' title="bbox 1865 2393 3449 2472">
     <span class='ocr_line' id='line_1_49' title="bbox 1865 2393 3449 2472; baseline -0.005 -16"><span class='ocrx_word' id='word_1_343' title='bbox 1865 2402 2109 2470; x_wconf 89' lang='lat' dir='ltr'><strong>utrisque</strong></span> <span class='ocrx_word' id='word_1_344' title='bbox 2135 2402 2353 2472; x_wconf 81' lang='lat' dir='ltr'><strong>gestiat.</strong></span> <span class='ocrx_word' id='word_1_345' title='bbox 2411 2398 2689 2469; x_wconf 90' lang='lat' dir='ltr'><strong>Siquidem</strong></span> <span class='ocrx_word' id='word_1_346' title='bbox 2721 2413 2822 2453; x_wconf 90' lang='lat' dir='ltr'><strong>nos</strong></span> <span class='ocrx_word' id='word_1_347' title='bbox 2848 2411 3002 2466; x_wconf 88' lang='lat' dir='ltr'><strong>aeque</strong></span> <span class='ocrx_word' id='word_1_348' title='bbox 3039 2410 3104 2450; x_wconf 93' lang='lat' dir='ltr'><strong>ac</strong></span> <span class='ocrx_word' id='word_1_349' title='bbox 3141 2393 3255 2460; x_wconf 90' lang='lat' dir='ltr'><strong>illi,</strong></span> <span class='ocrx_word' id='word_1_350' title='bbox 3304 2393 3449 2448; x_wconf 85' lang='lat' dir='ltr'><strong>illius</strong></span> 
     </span>
    </p>
   </div>
   <div class='ocr_carea' id='block_1_50' title="bbox 1866 2485 3450 2552">
    <p class='ocr_par' dir='ltr' id='par_1_50' title="bbox 1866 2485 3450 2552">
     <span class='ocr_line' id='line_1_50' title="bbox 1866 2485 3450 2552; baseline -0.004 -5"><span class='ocrx_word' id='word_1_351' title='bbox 1866 2494 2168 2549; x_wconf 89' lang='lat' dir='ltr'><strong>doctrinam</strong></span> <span class='ocrx_word' id='word_1_352' title='bbox 2203 2503 2259 2548; x_wconf 92' lang='lat' dir='ltr'><strong>et</strong></span> <span class='ocrx_word' id='word_1_353' title='bbox 2287 2492 2687 2547; x_wconf 89' lang='lat' dir='ltr'><strong>institutionem</strong></span> <span class='ocrx_word' id='word_1_354' title='bbox 2714 2489 2948 2545; x_wconf 89' lang='lat' dir='ltr'><strong>assecuti</strong></span> <span class='ocrx_word' id='word_1_355' title='bbox 2977 2503 3184 2552; x_wconf 89' lang='lat' dir='ltr'><strong>sumus,</strong></span> <span class='ocrx_word' id='word_1_356' title='bbox 3227 2487 3281 2540; x_wconf 92' lang='lat' dir='ltr'><strong>in</strong></span> <span class='ocrx_word' id='word_1_357' title='bbox 3318 2485 3450 2540; x_wconf 88' lang='lat' dir='ltr'><strong>illis-</strong></span> 
     </span>
    </p>
   </div>
   <div class='ocr_carea' id='block_1_51' title="bbox 1861 2580 3448 2656">
    <p class='ocr_par' dir='ltr' id='par_1_51' title="bbox 1861 2580 3448 2656">
     <span class='ocr_line' id='line_1_51' title="bbox 1861 2580 3448 2656; baseline -0.003 -18"><span class='ocrx_word' id='word_1_358' title='bbox 1861 2601 1970 2656; x_wconf 89' lang='lat' dir='ltr'><strong>que</strong></span> <span class='ocrx_word' id='word_1_359' title='bbox 1999 2586 2349 2641; x_wconf 85' lang='lat' dir='ltr'><strong>consistimus</strong></span> <span class='ocrx_word' id='word_1_360' title='bbox 2377 2585 2604 2641; x_wconf 89' lang='lat' dir='ltr'><strong>radieati</strong></span> <span class='ocrx_word' id='word_1_361' title='bbox 2624 2627 2638 2650; x_wconf 96' lang='lat'><strong>,</strong></span> <span class='ocrx_word' id='word_1_362' title='bbox 2680 2594 2734 2640; x_wconf 92' lang='lat' dir='ltr'><strong>et</strong></span> <span class='ocrx_word' id='word_1_363' title='bbox 2765 2585 2818 2638; x_wconf 90' lang='lat' dir='ltr'><strong>in</strong></span> <span class='ocrx_word' id='word_1_364' title='bbox 2849 2584 2973 2638; x_wconf 88' lang='lat' dir='ltr'><strong>ﬁdei</strong></span> <span class='ocrx_word' id='word_1_365' title='bbox 3002 2590 3205 2637; x_wconf 64' lang='lat' dir='ltr'><strong>nostrae</strong></span> <span class='ocrx_word' id='word_1_366' title='bbox 3235 2580 3448 2635; x_wconf 78' lang='lat' dir='ltr'><strong>confes-</strong></span> 
     </span>
    </p>
   </div>
   <div class='ocr_carea' id='block_1_52' title="bbox 1865 2672 3447 2746">
    <p class='ocr_par' dir='ltr' id='par_1_52' title="bbox 1865 2672 3447 2746">
     <span class='ocr_line' id='line_1_52' title="bbox 1865 2672 3447 2746; baseline -0.004 -16"><span class='ocrx_word' id='word_1_367' title='bbox 1865 2677 2016 2731; x_wconf 90' lang='lat' dir='ltr'><strong>sione</strong></span> <span class='ocrx_word' id='word_1_368' title='bbox 2042 2675 2346 2730; x_wconf 87' lang='lat' dir='ltr'><strong>conﬁrmati</strong></span> <span class='ocrx_word' id='word_1_369' title='bbox 2373 2695 2387 2730; x_wconf 91' lang='lat'><strong>:</strong></span> <span class='ocrx_word' id='word_1_370' title='bbox 2423 2677 2475 2730; x_wconf 91' lang='lat' dir='ltr'><strong>in</strong></span> <span class='ocrx_word' id='word_1_371' title='bbox 2503 2691 2610 2746; x_wconf 90' lang='lat' dir='ltr'><strong>qua</strong></span> <span class='ocrx_word' id='word_1_372' title='bbox 2638 2677 2804 2731; x_wconf 90' lang='lat' dir='ltr'><strong>etiam</strong></span> <span class='ocrx_word' id='word_1_373' title='bbox 2832 2684 3038 2730; x_wconf 90' lang='lat' dir='ltr'><strong>stamus</strong></span> <span class='ocrx_word' id='word_1_374' title='bbox 3067 2680 3123 2728; x_wconf 93' lang='lat' dir='ltr'><strong>et</strong></span> <span class='ocrx_word' id='word_1_375' title='bbox 3149 2672 3447 2744; x_wconf 80' lang='lat' dir='ltr'><strong>gloriamur</strong></span> 
     </span>
    </p>
   </div>
   <div class='ocr_carea' id='block_1_53' title="bbox 1864 2765 3447 2840">
    <p class='ocr_par' dir='ltr' id='par_1_53' title="bbox 1864 2765 3447 2840">
     <span class='ocr_line' id='line_1_53' title="bbox 1864 2765 3447 2840; baseline -0.003 -15"><span class='ocrx_word' id='word_1_376' title='bbox 1864 2781 2215 2839; x_wconf 90' lang='lat' dir='ltr'><strong>nostramque</strong></span> <span class='ocrx_word' id='word_1_377' title='bbox 2244 2785 2408 2840; x_wconf 91' lang='lat' dir='ltr'><strong>quam</strong></span> <span class='ocrx_word' id='word_1_378' title='bbox 2441 2769 2508 2824; x_wconf 91' lang='lat' dir='ltr'><strong>de</strong></span> <span class='ocrx_word' id='word_1_379' title='bbox 2538 2769 2797 2839; x_wconf 82' lang='lat' dir='ltr'><strong>religione</strong></span> <span class='ocrx_word' id='word_1_380' title='bbox 2833 2782 3006 2836; x_wconf 88' lang='lat' dir='ltr'><strong>usque</strong></span> <span class='ocrx_word' id='word_1_381' title='bbox 3043 2767 3176 2821; x_wconf 89' lang='lat' dir='ltr'><strong>adeo</strong></span> <span class='ocrx_word' id='word_1_382' title='bbox 3211 2765 3447 2836; x_wconf 90' lang='lat' dir='ltr'><strong>gloriosa</strong></span> 
     </span>
    </p>
   </div>
   <div class='ocr_carea' id='block_1_54' title="bbox 1864 2857 3448 2931">
    <p class='ocr_par' dir='ltr' id='par_1_54' title="bbox 1864 2857 3448 2931">
     <span class='ocr_line' id='line_1_54' title="bbox 1864 2857 3448 2931; baseline -0.005 -15"><span class='ocrx_word' id='word_1_383' title='bbox 1864 2870 1919 2916; x_wconf 89' lang='lat' dir='ltr'><strong>et</strong></span> <span class='ocrx_word' id='word_1_384' title='bbox 1949 2862 2220 2931; x_wconf 87' lang='lat' dir='ltr'><strong>inculpata</strong></span> <span class='ocrx_word' id='word_1_385' title='bbox 2251 2861 2516 2916; x_wconf 85' lang='lat' dir='ltr'><strong>habemus</strong></span> <span class='ocrx_word' id='word_1_386' title='bbox 2545 2860 2866 2915; x_wconf 87' lang='lat' dir='ltr'><strong>sententiam</strong></span> <span class='ocrx_word' id='word_1_387' title='bbox 2894 2866 3080 2928; x_wconf 88' lang='lat' dir='ltr'><strong>aperta</strong></span> <span class='ocrx_word' id='word_1_388' title='bbox 3102 2857 3448 2926; x_wconf 85' lang='lat' dir='ltr'><strong>revelataque</strong></span> 
     </span>
    </p>
   </div>
   <div class='ocr_carea' id='block_1_55' title="bbox 1864 2947 3446 3022">
    <p class='ocr_par' dir='ltr' id='par_1_55' title="bbox 1864 2947 3446 3022">
     <span class='ocr_line' id='line_1_55' title="bbox 1864 2947 3446 3022; baseline -0.001 -18"><span class='ocrx_word' id='word_1_389' title='bbox 1864 2950 2002 3007; x_wconf 80' lang='lat' dir='ltr'><strong>facie</strong></span> <span class='ocrx_word' id='word_1_390' title='bbox 2031 2953 2389 3022; x_wconf 63' lang='lat' dir='ltr'><strong>praedicamus</strong></span> <span class='ocrx_word' id='word_1_391' title='bbox 2413 2969 2428 3017; x_wconf 89' lang='lat'><strong>;</strong></span> <span class='ocrx_word' id='word_1_392' title='bbox 2457 2953 2510 3006; x_wconf 87' lang='lat' dir='ltr'><strong>in</strong></span> <span class='ocrx_word' id='word_1_393' title='bbox 2539 2967 2645 3022; x_wconf 91' lang='lat' dir='ltr'><strong>qua</strong></span> <span class='ocrx_word' id='word_1_394' title='bbox 2685 2961 2739 3005; x_wconf 90' lang='lat' dir='ltr'><strong>et</strong></span> <span class='ocrx_word' id='word_1_395' title='bbox 2775 2951 2884 3005; x_wconf 91' lang='lat' dir='ltr'><strong>Deo</strong></span> <span class='ocrx_word' id='word_1_396' title='bbox 2910 2963 3125 3019; x_wconf 88' lang='lat' dir='ltr'><strong>quoque</strong></span> <span class='ocrx_word' id='word_1_397' title='bbox 3157 2947 3446 3012; x_wconf 86' lang='lat' dir='ltr'><strong>servimus,</strong></span> 
     </span>
    </p>
   </div>
   <div class='ocr_carea' id='block_1_56' title="bbox 1864 3035 3447 3112">
    <p class='ocr_par' dir='ltr' id='par_1_56' title="bbox 1864 3035 3447 3112">
     <span class='ocr_line' id='line_1_56' title="bbox 1864 3035 3447 3112; baseline -0.006 -13"><span class='ocrx_word' id='word_1_398' title='bbox 1864 3052 1919 3099; x_wconf 90' lang='lat' dir='ltr'><strong>et</strong></span> <span class='ocrx_word' id='word_1_399' title='bbox 1953 3044 2080 3098; x_wconf 91' lang='lat' dir='ltr'><strong>dum</strong></span> <span class='ocrx_word' id='word_1_400' title='bbox 2116 3043 2442 3112; x_wconf 89' lang='lat' dir='ltr'><strong>spirabimus</strong></span> <span class='ocrx_word' id='word_1_401' title='bbox 2481 3043 2762 3097; x_wconf 83' lang='lat' dir='ltr'><strong>indefense</strong></span> <span class='ocrx_word' id='word_1_402' title='bbox 2798 3055 3186 3112; x_wconf 88' lang='lat' dir='ltr'><strong>perseverare,</strong></span> <span class='ocrx_word' id='word_1_403' title='bbox 3237 3035 3447 3094; x_wconf 83' lang='lat' dir='ltr'><strong>caelesti</strong></span> 
     </span>
    </p>
   </div>
   <div class='ocr_carea' id='block_1_57' title="bbox 1867 3131 3450 3205">
    <p class='ocr_par' dir='ltr' id='par_1_57' title="bbox 1867 3131 3450 3205">
     <span class='ocr_line' id='line_1_57' title="bbox 1867 3131 3450 3205; baseline -0.001 -18"><span class='ocrx_word' id='word_1_404' title='bbox 1867 3135 2044 3205; x_wconf 85' lang='lat' dir='ltr'><strong>gratia</strong></span> <span class='ocrx_word' id='word_1_405' title='bbox 2071 3135 2408 3189; x_wconf 89' lang='lat' dir='ltr'><strong>corroborati</strong></span> <span class='ocrx_word' id='word_1_406' title='bbox 2435 3134 2895 3202; x_wconf 90' lang='lat' dir='ltr'><strong>constabilitique,</strong></span> <span class='ocrx_word' id='word_1_407' title='bbox 2922 3148 2989 3188; x_wconf 82' lang='lat' dir='ltr'><strong>ex</strong></span> <span class='ocrx_word' id='word_1_408' title='bbox 3013 3133 3116 3186; x_wconf 84' lang='lat' dir='ltr'><strong>hac</strong></span> <span class='ocrx_word' id='word_1_409' title='bbox 3135 3131 3246 3185; x_wconf 87' lang='lat' dir='ltr'><strong>vita</strong></span> <span class='ocrx_word' id='word_1_410' title='bbox 3274 3131 3450 3185; x_wconf 85' lang='lat' dir='ltr'><strong>disce-</strong></span> 
     </span>
    </p>
   </div>
   <div class='ocr_carea' id='block_1_58' title="bbox 183 3193 1766 3294">
    <p class='ocr_par' dir='ltr' id='par_1_58' title="bbox 183 3206 1765 3290">
     <span class='ocr_line' id='line_1_58' title="bbox 183 3206 1765 3290; baseline -0.006 -17"><span class='ocrx_word' id='word_1_411' title='bbox 183 3214 220 3273; x_wconf 71' lang='grc' dir='ltr'>ἦ</span> <span class='ocrx_word' id='word_1_412' title='bbox 263 3221 362 3270; x_wconf 87' lang='grc' dir='ltr'><strong>τῶν</strong></span> <span class='ocrx_word' id='word_1_413' title='bbox 539 3214 789 3290; x_wconf 75' lang='grc' dir='ltr'><strong>μελλούσῃ</strong></span> <span class='ocrx_word' id='word_1_414' title='bbox 834 3215 1171 3288; x_wconf 74' lang='grc' dir='ltr'><strong>ἀποκειμένων</strong></span> <span class='ocrx_word' id='word_1_415' title='bbox 1217 3221 1326 3274; x_wconf 83' lang='grc' dir='ltr'><strong>τοῖς</strong></span> <span class='ocrx_word' id='word_1_416' title='bbox 1357 3213 1524 3282; x_wconf 40' lang='grc' dir='ltr'><strong>,ἀξίοις</strong></span> <span class='ocrx_word' id='word_1_417' title='bbox 1567 3206 1765 3286; x_wconf 71' lang='grc' dir='ltr'><strong>ἀγαθῶν</strong></span> 
     </span>
    </p>
   </div>
   <div class='ocr_carea' id='block_1_59' title="bbox 1865 3193 3445 3294">
    <p class='ocr_par' dir='ltr' id='par_1_59' title="bbox 1868 3223 3445 3294">
     <span class='ocr_line' id='line_1_59' title="bbox 1868 3223 3445 3294; baseline -0.003 -15"><span class='ocrx_word' id='word_1_418' title='bbox 1868 3226 1996 3280; x_wconf 82' lang='lat' dir='ltr'><strong>dere</strong></span> <span class='ocrx_word' id='word_1_419' title='bbox 2025 3233 2404 3294; x_wconf 88' lang='lat' dir='ltr'><strong>peroptamus;</strong></span> <span class='ocrx_word' id='word_1_420' title='bbox 2439 3240 2539 3279; x_wconf 92' lang='lat' dir='ltr'><strong>nec</strong></span> <span class='ocrx_word' id='word_1_421' title='bbox 2568 3225 2711 3279; x_wconf 89' lang='lat' dir='ltr'><strong>enim</strong></span> <span class='ocrx_word' id='word_1_422' title='bbox 2743 3223 2848 3277; x_wconf 89' lang='lat' dir='ltr'><strong>alia</strong></span> <span class='ocrx_word' id='word_1_423' title='bbox 2877 3233 2960 3277; x_wconf 89' lang='lat' dir='ltr'><strong>est</strong></span> <span class='ocrx_word' id='word_1_424' title='bbox 2987 3223 3099 3287; x_wconf 91' lang='lat' dir='ltr'><strong>via,</strong></span> <span class='ocrx_word' id='word_1_425' title='bbox 3125 3229 3187 3275; x_wconf 93' lang='lat' dir='ltr'><strong>ut</strong></span> <span class='ocrx_word' id='word_1_426' title='bbox 3208 3236 3445 3290; x_wconf 72' lang='lat' dir='ltr'><strong>przesen-</strong></span> 
     </span>
    </p>
   </div>
   <div class='ocr_carea' id='block_1_60' title="bbox 186 3306 571 3370">
    <p class='ocr_par' dir='ltr' id='par_1_60' title="bbox 186 3306 571 3370">
     <span class='ocr_line' id='line_1_60' title="bbox 186 3306 571 3370; baseline 0.01 -12"><span class='ocrx_word' id='word_1_427' title='bbox 186 3306 571 3370; x_wconf 73' lang='grc' dir='ltr'><strong>ἐπιτεύξασθαι.</strong></span> 
     </span>
    </p>
   </div>
   <div class='ocr_carea' id='block_1_61' title="bbox 254 3570 1767 3647">
    <p class='ocr_par' dir='ltr' id='par_1_61' title="bbox 254 3570 1767 3647">
     <span class='ocr_line' id='line_1_61' title="bbox 254 3570 1767 3647; baseline -0.001 -19"><span class='ocrx_word' id='word_1_428' title='bbox 254 3570 518 3647; x_wconf 70' lang='grc' dir='ltr'><strong>Ὀμολογῶ</strong></span> <span class='ocrx_word' id='word_1_429' title='bbox 552 3575 718 3630; x_wconf 80' lang='grc' dir='ltr'><strong>τοίνυν</strong></span> <span class='ocrx_word' id='word_1_430' title='bbox 753 3571 1014 3630; x_wconf 75' lang='grc' dir='ltr'><strong>πιστεύειν</strong></span> <span class='ocrx_word' id='word_1_431' title='bbox 1043 3575 1116 3635; x_wconf 87' lang='grc' dir='ltr'><strong>είς</strong></span> <span class='ocrx_word' id='word_1_432' title='bbox 1151 3575 1237 3629; x_wconf 81' lang='grc' dir='ltr'><strong>ἕνα</strong></span> <span class='ocrx_word' id='word_1_433' title='bbox 1265 3575 1388 3628; x_wconf 86' lang='grc' dir='ltr'><strong>Θεὸν</strong></span> <span class='ocrx_word' id='word_1_434' title='bbox 1415 3574 1610 3646; x_wconf 74' lang='grc' dir='ltr'><strong>Πατέρα</strong></span> <span class='ocrx_word' id='word_1_435' title='bbox 1638 3593 1767 3627; x_wconf 86' lang='grc' dir='ltr'><strong>παν·</strong></span> 
     </span>
    </p>
   </div>
   <div class='ocr_carea' id='block_1_62' title="bbox 182 3661 1766 3743">
    <p class='ocr_par' dir='ltr' id='par_1_62' title="bbox 182 3661 1766 3743">
     <span class='ocr_line' id='line_1_62' title="bbox 182 3661 1766 3743; baseline -0.004 -21"><span class='ocrx_word' id='word_1_436' title='bbox 182 3669 507 3743; x_wconf 81' lang='grc' dir='ltr'><strong>τοκράτορα,</strong></span> <span class='ocrx_word' id='word_1_437' title='bbox 537 3669 625 3722; x_wconf 86' lang='grc' dir='ltr'><strong>τὸν</strong></span> <span class='ocrx_word' id='word_1_438' title='bbox 671 3669 872 3723; x_wconf 80' lang='grc' dir='ltr'><strong>πάντων</strong></span> <span class='ocrx_word' id='word_1_439' title='bbox 913 3673 1124 3726; x_wconf 75' lang='grc' dir='ltr'><strong>ποιητήν</strong></span> <span class='ocrx_word' id='word_1_440' title='bbox 1159 3669 1239 3721; x_wconf 88' lang='grc' dir='ltr'><strong>καί</strong></span> <span class='ocrx_word' id='word_1_441' title='bbox 1276 3664 1526 3724; x_wconf 82' lang='grc' dir='ltr'><strong>δεσπότην</strong></span> <span class='ocrx_word' id='word_1_442' title='bbox 1557 3667 1638 3719; x_wconf 86' lang='grc' dir='ltr'><strong>καί</strong></span> <span class='ocrx_word' id='word_1_443' title='bbox 1671 3661 1766 3717; x_wconf 82' lang='grc' dir='ltr'><strong>κύ-</strong></span> 
     </span>
    </p>
   </div>
   <div class='ocr_carea' id='block_1_63' title="bbox 179 3760 1767 3834">
    <p class='ocr_par' dir='ltr' id='par_1_63' title="bbox 179 3760 1767 3834">
     <span class='ocr_line' id='line_1_63' title="bbox 179 3760 1767 3834; baseline -0.001 -20"><span class='ocrx_word' id='word_1_444' title='bbox 179 3775 316 3834; x_wconf 70' lang='grc' dir='ltr'><strong>ριονο</strong></span> <span class='ocrx_word' id='word_1_445' title='bbox 348 3763 432 3814; x_wconf 81' lang='grc' dir='ltr'><strong>καὶ</strong></span> <span class='ocrx_word' id='word_1_446' title='bbox 458 3762 528 3821; x_wconf 81' lang='grc' dir='ltr'><strong>εἰς</strong></span> <span class='ocrx_word' id='word_1_447' title='bbox 572 3762 656 3817; x_wconf 84' lang='grc' dir='ltr'><strong>τὸν</strong></span> <span class='ocrx_word' id='word_1_448' title='bbox 694 3762 805 3816; x_wconf 80' lang='grc' dir='ltr'><strong>Υίόν</strong></span> <span class='ocrx_word' id='word_1_449' title='bbox 835 3763 992 3818; x_wconf 77' lang='grc' dir='ltr'><strong>αὐτοῦ</strong></span> <span class='ocrx_word' id='word_1_450' title='bbox 1038 3762 1121 3816; x_wconf 83' lang='grc' dir='ltr'><strong>τὸν</strong></span> <span class='ocrx_word' id='word_1_451' title='bbox 1173 3769 1415 3834; x_wconf 62' lang='grc' dir='ltr'><strong>μονογενῆ</strong></span> <span class='ocrx_word' id='word_1_452' title='bbox 1467 3761 1554 3816; x_wconf 83' lang='grc' dir='ltr'><strong>τὸν</strong></span> <span class='ocrx_word' id='word_1_453' title='bbox 1593 3760 1767 3829; x_wconf 71' lang='grc' dir='ltr'><strong>κύριον</strong></span> 
     </span>
    </p>
   </div>
   <div class='ocr_carea' id='block_1_64' title="bbox 181 3853 1767 3929">
    <p class='ocr_par' dir='ltr' id='par_1_64' title="bbox 181 3853 1767 3929">
     <span class='ocr_line' id='line_1_64' title="bbox 181 3853 1767 3929; baseline 0.001 -25"><span class='ocrx_word' id='word_1_454' title='bbox 181 3855 327 3922; x_wconf 75' lang='grc' dir='ltr'><strong>ἡμῶν</strong></span> <span class='ocrx_word' id='word_1_455' title='bbox 367 3853 560 3910; x_wconf 84' lang='grc' dir='ltr'><strong>Ἰησοῦν</strong></span> <span class='ocrx_word' id='word_1_456' title='bbox 601 3856 835 3929; x_wconf 79' lang='grc' dir='ltr'><strong>Χριστὸν,</strong></span> <span class='ocrx_word' id='word_1_457' title='bbox 865 3857 951 3911; x_wconf 88' lang='grc' dir='ltr'><strong>τὸν</strong></span> <span class='ocrx_word' id='word_1_458' title='bbox 993 3855 1216 3914; x_wconf 79' lang='grc' dir='ltr'><strong>ἀληθινὸν</strong></span> <span class='ocrx_word' id='word_1_459' title='bbox 1259 3855 1401 3920; x_wconf 79' lang='grc' dir='ltr'><strong>Θεὸν,</strong></span> <span class='ocrx_word' id='word_1_460' title='bbox 1429 3855 1514 3909; x_wconf 84' lang='grc' dir='ltr'><strong>τὸν</strong></span> <span class='ocrx_word' id='word_1_461' title='bbox 1543 3854 1767 3925; x_wconf 86' lang='grc' dir='ltr'><strong>προαιώ-</strong></span> 
     </span>
    </p>
   </div>
   <div class='ocr_carea' id='block_1_65' title="bbox 180 3943 1766 4021">
    <p class='ocr_par' dir='ltr' id='par_1_65' title="bbox 180 3943 1766 4021">
     <span class='ocr_line' id='line_1_65' title="bbox 180 3943 1766 4021; baseline 0.001 -27"><span class='ocrx_word' id='word_1_462' title='bbox 180 3964 284 3995; x_wconf 74' lang='grc' dir='ltr'><strong>νιον</strong></span> <span class='ocrx_word' id='word_1_463' title='bbox 324 3943 497 4014; x_wconf 70' lang='grc' dir='ltr'><strong>Λόγον,</strong></span> <span class='ocrx_word' id='word_1_464' title='bbox 526 3945 607 3997; x_wconf 86' lang='grc' dir='ltr'><strong>τὸν</strong></span> <span class='ocrx_word' id='word_1_465' title='bbox 641 3947 887 4019; x_wconf 83' lang='grc' dir='ltr'><strong>ἀνάρχως</strong></span> <span class='ocrx_word' id='word_1_466' title='bbox 932 3950 1018 4001; x_wconf 84' lang='grc' dir='ltr'><strong>καί</strong></span> <span class='ocrx_word' id='word_1_467' title='bbox 1052 3947 1325 4021; x_wconf 79' lang='grc' dir='ltr'><strong>ἀφράστως</strong></span> <span class='ocrx_word' id='word_1_468' title='bbox 1363 3946 1412 4010; x_wconf 65' lang='grc' dir='ltr'><strong>ἐξ</strong></span> <span class='ocrx_word' id='word_1_469' title='bbox 1446 3947 1602 3999; x_wconf 79' lang='grc' dir='ltr'><strong>αὐτοῦ</strong></span> <span class='ocrx_word' id='word_1_470' title='bbox 1650 3963 1766 4016; x_wconf 74' lang='grc' dir='ltr'><strong>’γεν-</strong></span> 
     </span>
    </p>
   </div>
   <div class='ocr_carea' id='block_1_66' title="bbox 177 4034 1770 4110">
    <p class='ocr_par' dir='ltr' id='par_1_66' title="bbox 177 4034 1770 4110">
     <span class='ocr_line' id='line_1_66' title="bbox 177 4034 1770 4110; baseline 0.006 -26"><span class='ocrx_word' id='word_1_471' title='bbox 177 4035 424 4098; x_wconf 80' lang='grc' dir='ltr'><strong>νηθέντα,</strong></span> <span class='ocrx_word' id='word_1_472' title='bbox 475 4034 712 4095; x_wconf 79' lang='grc' dir='ltr'><strong>ἀλήπτως</strong></span> <span class='ocrx_word' id='word_1_473' title='bbox 763 4039 846 4090; x_wconf 84' lang='grc' dir='ltr'><strong>καί</strong></span> <span class='ocrx_word' id='word_1_474' title='bbox 898 4038 1239 4110; x_wconf 80' lang='grc' dir='ltr'><strong>ἀπερινοήτως</strong></span> <span class='ocrx_word' id='word_1_475' title='bbox 1292 4037 1439 4107; x_wconf 73' lang='grc' dir='ltr'><strong>πάσῃ</strong></span> <span class='ocrx_word' id='word_1_476' title='bbox 1489 4042 1638 4108; x_wconf 61' lang='lat' dir='ltr'><strong>vom?)</strong></span> <span class='ocrx_word' id='word_1_477' title='bbox 1686 4034 1770 4086; x_wconf 71' lang='grc' dir='ltr'><strong>καὶ</strong></span> 
     </span>
    </p>
   </div>
   <div class='ocr_carea' id='block_1_67' title="bbox 178 4125 1768 4197">
    <p class='ocr_par' dir='ltr' id='par_1_67' title="bbox 178 4125 1768 4197">
     <span class='ocr_line' id='line_1_67' title="bbox 178 4125 1768 4197; baseline 0 -19"><span class='ocrx_word' id='word_1_478' title='bbox 178 4126 400 4196; x_wconf 76' lang='grc' dir='ltr'><strong>αἰσθητῇ</strong></span> <span class='ocrx_word' id='word_1_479' title='bbox 449 4129 629 4180; x_wconf 85' lang='grc' dir='ltr'><strong>κτίσει·</strong></span> <span class='ocrx_word' id='word_1_480' title='bbox 683 4128 766 4180; x_wconf 82' lang='grc' dir='ltr'><strong>καί</strong></span> <span class='ocrx_word' id='word_1_481' title='bbox 809 4127 880 4186; x_wconf 86' lang='grc' dir='ltr'><strong>είς</strong></span> <span class='ocrx_word' id='word_1_482' title='bbox 921 4129 978 4182; x_wconf 87' lang='grc' dir='ltr'><strong>τὸ</strong></span> <span class='ocrx_word' id='word_1_483' title='bbox 1032 4132 1229 4197; x_wconf 83' lang='grc' dir='ltr'><strong>Πνεῦμα</strong></span> <span class='ocrx_word' id='word_1_484' title='bbox 1269 4133 1362 4186; x_wconf 79' lang='grc' dir='ltr'><strong>τῆς</strong></span> <span class='ocrx_word' id='word_1_485' title='bbox 1407 4125 1658 4189; x_wconf 85' lang='grc' dir='ltr'><strong>ἀληθείας,</strong></span> <span class='ocrx_word' id='word_1_486' title='bbox 1709 4125 1768 4179; x_wconf 85' lang='grc' dir='ltr'><strong>τὸ</strong></span> 
     </span>
    </p>
   </div>
   <div class='ocr_carea' id='block_1_68' title="bbox 180 4212 1765 4290">
    <p class='ocr_par' dir='ltr' id='par_1_68' title="bbox 180 4212 1765 4290">
     <span class='ocr_line' id='line_1_68' title="bbox 180 4212 1765 4290; baseline 0.001 -24"><span class='ocrx_word' id='word_1_487' title='bbox 180 4216 480 4290; x_wconf 78' lang='grc' dir='ltr'><strong>ζωαρχικόν</strong></span> <span class='ocrx_word' id='word_1_488' title='bbox 504 4219 591 4270; x_wconf 85' lang='grc' dir='ltr'><strong>καί</strong></span> <span class='ocrx_word' id='word_1_489' title='bbox 611 4218 873 4289; x_wconf 69' lang='grc' dir='ltr'><strong>πανάγιον·</strong></span> <span class='ocrx_word' id='word_1_490' title='bbox 896 4215 1092 4290; x_wconf 85' lang='grc' dir='ltr'><strong>Τριάδα</strong></span> <span class='ocrx_word' id='word_1_491' title='bbox 1120 4216 1404 4288; x_wconf 83' lang='grc' dir='ltr'><strong>ὁμοούσιον,</strong></span> <span class='ocrx_word' id='word_1_492' title='bbox 1436 4212 1765 4287; x_wconf 83' lang='grc' dir='ltr'><strong>ύπερούσιον,</strong></span> 
     </span>
    </p>
   </div>
   <div class='ocr_carea' id='block_1_69' title="bbox 177 4307 1769 4386">
    <p class='ocr_par' dir='ltr' id='par_1_69' title="bbox 177 4307 1769 4386">
     <span class='ocr_line' id='line_1_69' title="bbox 177 4307 1769 4386; baseline -0.003 -22"><span class='ocrx_word' id='word_1_493' title='bbox 177 4310 426 4386; x_wconf 81' lang='grc' dir='ltr'><strong>ἀόρατον,</strong></span> <span class='ocrx_word' id='word_1_494' title='bbox 468 4311 842 4377; x_wconf 75' lang='grc' dir='ltr'><strong>ἀκατάληπτον,</strong></span> <span class='ocrx_word' id='word_1_495' title='bbox 882 4311 1196 4382; x_wconf 80' lang='grc' dir='ltr'><strong>ἀχώριστον,</strong></span> <span class='ocrx_word' id='word_1_496' title='bbox 1227 4307 1577 4369; x_wconf 81' lang='grc' dir='ltr'><strong>ἀναλλοίωτον,</strong></span> <span class='ocrx_word' id='word_1_497' title='bbox 1609 4308 1769 4366; x_wconf 82' lang='grc' dir='ltr'><strong>ἀπλῆν</strong></span> 
     </span>
    </p>
   </div>
   <div class='ocr_carea' id='block_1_70' title="bbox 175 4397 1769 4476">
    <p class='ocr_par' dir='ltr' id='par_1_70' title="bbox 175 4397 1769 4476">
     <span class='ocr_line' id='line_1_70' title="bbox 175 4397 1769 4476; baseline -0.002 -22"><span class='ocrx_word' id='word_1_498' title='bbox 175 4403 270 4455; x_wconf 75' lang='grc' dir='ltr'><strong>καί</strong></span> <span class='ocrx_word' id='word_1_499' title='bbox 317 4402 479 4476; x_wconf 82' lang='grc' dir='ltr'><strong>ἀμερῆ</strong></span> <span class='ocrx_word' id='word_1_500' title='bbox 520 4405 606 4457; x_wconf 86' lang='grc' dir='ltr'><strong>καί</strong></span> <span class='ocrx_word' id='word_1_501' title='bbox 652 4403 937 4466; x_wconf 84' lang='grc' dir='ltr'><strong>ἀσύνθετον,</strong></span> <span class='ocrx_word' id='word_1_502' title='bbox 975 4400 1314 4462; x_wconf 78' lang='grc' dir='ltr'><strong>ἀδιάστατον,</strong></span> <span class='ocrx_word' id='word_1_503' title='bbox 1345 4397 1526 4463; x_wconf 81' lang='grc' dir='ltr'><strong>ἀΐδιον,</strong></span> <span class='ocrx_word' id='word_1_504' title='bbox 1557 4401 1769 4468; x_wconf 81' lang='grc' dir='ltr'><strong>ἀσώμαο</strong></span> 
     </span>
    </p>
   </div>
   <div class='ocr_carea' id='block_1_71' title="bbox 1866 3313 3445 3384">
    <p class='ocr_par' dir='ltr' id='par_1_71' title="bbox 1866 3313 3445 3384">
     <span class='ocr_line' id='line_1_71' title="bbox 1866 3313 3445 3384; baseline -0.003 -14"><span class='ocrx_word' id='word_1_505' title='bbox 1866 3325 1974 3371; x_wconf 89' lang='lat' dir='ltr'><strong>tem</strong></span> <span class='ocrx_word' id='word_1_506' title='bbox 2006 3317 2147 3371; x_wconf 89' lang='lat' dir='ltr'><strong>hanc</strong></span> <span class='ocrx_word' id='word_1_507' title='bbox 2173 3317 2336 3370; x_wconf 89' lang='lat' dir='ltr'><strong>vitam</strong></span> <span class='ocrx_word' id='word_1_508' title='bbox 2367 3323 2513 3372; x_wconf 86' lang='lat' dir='ltr'><strong>recte</strong></span> <span class='ocrx_word' id='word_1_509' title='bbox 2543 3323 2838 3384; x_wconf 90' lang='lat' dir='ltr'><strong>sancteque</strong></span> <span class='ocrx_word' id='word_1_510' title='bbox 2868 3313 3240 3377; x_wconf 91' lang='lat' dir='ltr'><strong>instituamus,</strong></span> <span class='ocrx_word' id='word_1_511' title='bbox 3275 3313 3445 3366; x_wconf 87' lang='lat' dir='ltr'><strong>bona-</strong></span> 
     </span>
    </p>
   </div>
   <div class='ocr_carea' id='block_1_72' title="bbox 1865 3404 3450 3477">
    <p class='ocr_par' dir='ltr' id='par_1_72' title="bbox 1865 3404 3450 3477">
     <span class='ocr_line' id='line_1_72' title="bbox 1865 3404 3450 3477; baseline -0.002 -16"><span class='ocrx_word' id='word_1_512' title='bbox 1865 3422 1970 3477; x_wconf 90' lang='lat' dir='ltr'><strong>que</strong></span> <span class='ocrx_word' id='word_1_513' title='bbox 1995 3422 2115 3477; x_wconf 70' lang='lat' dir='ltr'><strong>quze</strong></span> <span class='ocrx_word' id='word_1_514' title='bbox 2141 3407 2315 3476; x_wconf 89' lang='lat' dir='ltr'><strong>dignis</strong></span> <span class='ocrx_word' id='word_1_515' title='bbox 2346 3407 2401 3461; x_wconf 89' lang='lat' dir='ltr'><strong>in</strong></span> <span class='ocrx_word' id='word_1_516' title='bbox 2429 3404 2610 3461; x_wconf 84' lang='lat' dir='ltr'><strong>futuro</strong></span> <span class='ocrx_word' id='word_1_517' title='bbox 2637 3404 2833 3460; x_wconf 60' lang='lat' dir='ltr'><strong>sarculo</strong></span> <span class='ocrx_word' id='word_1_518' title='bbox 2860 3404 3097 3474; x_wconf 90' lang='lat' dir='ltr'><strong>reposita</strong></span> <span class='ocrx_word' id='word_1_519' title='bbox 3124 3409 3269 3469; x_wconf 92' lang='lat' dir='ltr'><strong>sunt,</strong></span> <span class='ocrx_word' id='word_1_520' title='bbox 3295 3407 3450 3458; x_wconf 85' lang='lat' dir='ltr'><strong>certo</strong></span> 
     </span>
    </p>
   </div>
   <div class='ocr_carea' id='block_1_73' title="bbox 1866 3513 2283 3568">
    <p class='ocr_par' dir='ltr' id='par_1_73' title="bbox 1866 3513 2283 3568">
     <span class='ocr_line' id='line_1_73' title="bbox 1866 3513 2283 3568; baseline 0.002 -16"><span class='ocrx_word' id='word_1_521' title='bbox 1866 3513 2283 3568; x_wconf 89' lang='lat' dir='ltr'><strong>consequamur.</strong></span> 
     </span>
    </p>
   </div>
   <div class='ocr_carea' id='block_1_74' title="bbox 1935 3586 3448 3658">
    <p class='ocr_par' dir='ltr' id='par_1_74' title="bbox 1935 3586 3448 3658">
     <span class='ocr_line' id='line_1_74' title="bbox 1935 3586 3448 3658; baseline 0.001 -16"><span class='ocrx_word' id='word_1_522' title='bbox 1935 3588 2132 3644; x_wconf 89' lang='lat' dir='ltr'><strong>Fateor</strong></span> <span class='ocrx_word' id='word_1_523' title='bbox 2152 3590 2379 3658; x_wconf 89' lang='lat' dir='ltr'><strong>proinde</strong></span> <span class='ocrx_word' id='word_1_524' title='bbox 2407 3605 2494 3645; x_wconf 90' lang='lat' dir='ltr'><strong>me</strong></span> <span class='ocrx_word' id='word_1_525' title='bbox 2519 3589 2739 3645; x_wconf 88' lang='lat' dir='ltr'><strong>credere</strong></span> <span class='ocrx_word' id='word_1_526' title='bbox 2768 3589 2822 3644; x_wconf 92' lang='lat' dir='ltr'><strong>in</strong></span> <span class='ocrx_word' id='word_1_527' title='bbox 2850 3604 3015 3644; x_wconf 88' lang='lat' dir='ltr'><strong>unum</strong></span> <span class='ocrx_word' id='word_1_528' title='bbox 3036 3588 3204 3643; x_wconf 90' lang='lat' dir='ltr'><strong>Deum</strong></span> <span class='ocrx_word' id='word_1_529' title='bbox 3226 3586 3448 3644; x_wconf 87' lang='lat' dir='ltr'><strong>Patrem</strong></span> 
     </span>
    </p>
   </div>
   <div class='ocr_carea' id='block_1_75' title="bbox 1866 3678 3448 3749">
    <p class='ocr_par' dir='ltr' id='par_1_75' title="bbox 1866 3678 3448 3749">
     <span class='ocr_line' id='line_1_75' title="bbox 1866 3678 3448 3749; baseline -0.001 -16"><span class='ocrx_word' id='word_1_530' title='bbox 1866 3680 2322 3749; x_wconf 84' lang='lat' dir='ltr'><strong>omnipotentem,</strong></span> <span class='ocrx_word' id='word_1_531' title='bbox 2369 3680 2611 3734; x_wconf 91' lang='lat' dir='ltr'><strong>omnium</strong></span> <span class='ocrx_word' id='word_1_532' title='bbox 2644 3679 2900 3734; x_wconf 84' lang='lat' dir='ltr'><strong>factorem</strong></span> <span class='ocrx_word' id='word_1_533' title='bbox 2923 3721 2937 3745; x_wconf 94' lang='lat'><strong>,</strong></span> <span class='ocrx_word' id='word_1_534' title='bbox 2979 3678 3221 3734; x_wconf 90' lang='lat' dir='ltr'><strong>omnium</strong></span> <span class='ocrx_word' id='word_1_535' title='bbox 3253 3678 3448 3732; x_wconf 86' lang='lat' dir='ltr'><strong>herum</strong></span> 
     </span>
    </p>
   </div>
   <div class='ocr_carea' id='block_1_76' title="bbox 1865 3770 3445 3844">
    <p class='ocr_par' dir='ltr' id='par_1_76' title="bbox 1865 3770 3445 3844">
     <span class='ocr_line' id='line_1_76' title="bbox 1865 3770 3445 3844; baseline -0.001 -17"><span class='ocrx_word' id='word_1_536' title='bbox 1865 3781 1921 3827; x_wconf 89' lang='lat' dir='ltr'><strong>et</strong></span> <span class='ocrx_word' id='word_1_537' title='bbox 1946 3773 2254 3837; x_wconf 90' lang='lat' dir='ltr'><strong>dominum;</strong></span> <span class='ocrx_word' id='word_1_538' title='bbox 2282 3781 2334 3828; x_wconf 92' lang='lat' dir='ltr'><strong>ct</strong></span> <span class='ocrx_word' id='word_1_539' title='bbox 2358 3773 2410 3827; x_wconf 92' lang='lat' dir='ltr'><strong>in</strong></span> <span class='ocrx_word' id='word_1_540' title='bbox 2431 3772 2623 3826; x_wconf 87' lang='lat' dir='ltr'><strong>Filium</strong></span> <span class='ocrx_word' id='word_1_541' title='bbox 2653 3773 2768 3844; x_wconf 87' lang='lat' dir='ltr'><strong>ejus</strong></span> <span class='ocrx_word' id='word_1_542' title='bbox 2799 3772 3132 3841; x_wconf 84' lang='lat' dir='ltr'><strong>unigenitum</strong></span> <span class='ocrx_word' id='word_1_543' title='bbox 3161 3770 3445 3825; x_wconf 86' lang='lat' dir='ltr'><strong>Dominum</strong></span> 
     </span>
    </p>
   </div>
   <div class='ocr_carea' id='block_1_77' title="bbox 1868 3856 3441 3927">
    <p class='ocr_par' dir='ltr' id='par_1_77' title="bbox 1868 3856 3441 3927">
     <span class='ocr_line' id='line_1_77' title="bbox 1868 3856 3441 3927; baseline -0.004 -11"><span class='ocrx_word' id='word_1_544' title='bbox 1868 3872 2113 3918; x_wconf 93' lang='lat' dir='ltr'><strong>nostrum</strong></span> <span class='ocrx_word' id='word_1_545' title='bbox 2163 3861 2346 3917; x_wconf 85' lang='lat' dir='ltr'><strong>Jesum</strong></span> <span class='ocrx_word' id='word_1_546' title='bbox 2393 3862 2700 3927; x_wconf 90' lang='lat' dir='ltr'><strong>Christum,</strong></span> <span class='ocrx_word' id='word_1_547' title='bbox 2747 3876 2933 3914; x_wconf 89' lang='lat' dir='ltr'><strong>verum</strong></span> <span class='ocrx_word' id='word_1_548' title='bbox 2966 3861 3168 3923; x_wconf 90' lang='lat' dir='ltr'><strong>Deum,</strong></span> <span class='ocrx_word' id='word_1_549' title='bbox 3202 3856 3441 3912; x_wconf 82' lang='lat' dir='ltr'><strong>Verbum</strong></span> 
     </span>
    </p>
   </div>
   <div class='ocr_carea' id='block_1_78' title="bbox 1867 3947 3446 4019">
    <p class='ocr_par' dir='ltr' id='par_1_78' title="bbox 1867 3947 3446 4019">
     <span class='ocr_line' id='line_1_78' title="bbox 1867 3947 3446 4019; baseline -0.006 -9"><span class='ocrx_word' id='word_1_550' title='bbox 1867 3964 2129 4010; x_wconf 69' lang='lat' dir='ltr'><strong>aeternum</strong></span> <span class='ocrx_word' id='word_1_551' title='bbox 2149 3994 2162 4017; x_wconf 92' lang='lat'><strong>,</strong></span> <span class='ocrx_word' id='word_1_552' title='bbox 2201 3953 2268 4006; x_wconf 93' lang='lat' dir='ltr'><strong>ab</strong></span> <span class='ocrx_word' id='word_1_553' title='bbox 2295 3961 2497 4007; x_wconf 59' lang='lat' dir='ltr'><strong>aeterno</strong></span> <span class='ocrx_word' id='word_1_554' title='bbox 2525 3951 2892 4015; x_wconf 82' lang='lat' dir='ltr'><strong>ineﬁ‘abiliter,</strong></span> <span class='ocrx_word' id='word_1_555' title='bbox 2921 3947 3446 4019; x_wconf 85' lang='lat' dir='ltr'><strong>incomprehensibi-</strong></span> 
     </span>
    </p>
   </div>
   <div class='ocr_carea' id='block_1_79' title="bbox 1868 4038 3446 4112">
    <p class='ocr_par' dir='ltr' id='par_1_79' title="bbox 1868 4038 3446 4112">
     <span class='ocr_line' id='line_1_79' title="bbox 1868 4038 3446 4112; baseline -0.003 -17"><span class='ocrx_word' id='word_1_556' title='bbox 1868 4043 2013 4109; x_wconf 91' lang='lat' dir='ltr'><strong>liter,</strong></span> <span class='ocrx_word' id='word_1_557' title='bbox 2046 4041 2314 4112; x_wconf 87' lang='lat' dir='ltr'><strong>modoque</strong></span> <span class='ocrx_word' id='word_1_558' title='bbox 2344 4057 2504 4111; x_wconf 90' lang='lat' dir='ltr'><strong>quem</strong></span> <span class='ocrx_word' id='word_1_559' title='bbox 2535 4041 2709 4105; x_wconf 89' lang='lat' dir='ltr'><strong>nulla,</strong></span> <span class='ocrx_word' id='word_1_560' title='bbox 2753 4055 2926 4109; x_wconf 90' lang='lat' dir='ltr'><strong>neque</strong></span> <span class='ocrx_word' id='word_1_561' title='bbox 2961 4038 3239 4109; x_wconf 89' lang='lat' dir='ltr'><strong>spiritalis,</strong></span> <span class='ocrx_word' id='word_1_562' title='bbox 3270 4049 3446 4104; x_wconf 88' lang='lat' dir='ltr'><strong>neque</strong></span> 
     </span>
    </p>
   </div>
   <div class='ocr_carea' id='block_1_80' title="bbox 1870 4132 3438 4204">
    <p class='ocr_par' dir='ltr' id='par_1_80' title="bbox 1870 4132 3438 4204">
     <span class='ocr_line' id='line_1_80' title="bbox 1870 4132 3438 4204; baseline -0.005 -13"><span class='ocrx_word' id='word_1_563' title='bbox 1870 4135 2141 4191; x_wconf 90' lang='lat' dir='ltr'><strong>sensibilis</strong></span> <span class='ocrx_word' id='word_1_564' title='bbox 2167 4143 2416 4190; x_wconf 87' lang='lat' dir='ltr'><strong>creatura</strong></span> <span class='ocrx_word' id='word_1_565' title='bbox 2447 4134 2658 4204; x_wconf 88' lang='lat' dir='ltr'><strong>assequi</strong></span> <span class='ocrx_word' id='word_1_566' title='bbox 2689 4142 2896 4204; x_wconf 90' lang='lat' dir='ltr'><strong>potest,</strong></span> <span class='ocrx_word' id='word_1_567' title='bbox 2925 4149 2993 4189; x_wconf 84' lang='lat' dir='ltr'><strong>ex</strong></span> <span class='ocrx_word' id='word_1_568' title='bbox 3024 4132 3186 4186; x_wconf 90' lang='lat' dir='ltr'><strong>Patre</strong></span> <span class='ocrx_word' id='word_1_569' title='bbox 3217 4138 3438 4196; x_wconf 89' lang='lat' dir='ltr'><strong>natum;</strong></span> 
     </span>
    </p>
   </div>
   <div class='ocr_carea' id='block_1_81' title="bbox 1869 4222 3440 4294">
    <p class='ocr_par' dir='ltr' id='par_1_81' title="bbox 1869 4222 3440 4294">
     <span class='ocr_line' id='line_1_81' title="bbox 1869 4222 3440 4294; baseline -0.005 -13"><span class='ocrx_word' id='word_1_570' title='bbox 1869 4236 1923 4282; x_wconf 90' lang='lat' dir='ltr'><strong>et</strong></span> <span class='ocrx_word' id='word_1_571' title='bbox 1953 4228 2007 4280; x_wconf 90' lang='lat' dir='ltr'><strong>in</strong></span> <span class='ocrx_word' id='word_1_572' title='bbox 2037 4226 2299 4294; x_wconf 89' lang='lat' dir='ltr'><strong>Spiritum</strong></span> <span class='ocrx_word' id='word_1_573' title='bbox 2337 4235 2581 4281; x_wconf 90' lang='lat' dir='ltr'><strong>sanetum</strong></span> <span class='ocrx_word' id='word_1_574' title='bbox 2610 4225 2884 4280; x_wconf 88' lang='lat' dir='ltr'><strong>viviﬁcum</strong></span> <span class='ocrx_word' id='word_1_575' title='bbox 2917 4240 2982 4280; x_wconf 92' lang='lat' dir='ltr'><strong>ac</strong></span> <span class='ocrx_word' id='word_1_576' title='bbox 3016 4222 3440 4278; x_wconf 88' lang='lat' dir='ltr'><strong>sanctissimum.</strong></span> 
     </span>
    </p>
   </div>
   <div class='ocr_carea' id='block_1_82' title="bbox 1869 4313 3443 4387">
    <p class='ocr_par' dir='ltr' id='par_1_82' title="bbox 1869 4313 3443 4387">
     <span class='ocr_line' id='line_1_82' title="bbox 1869 4313 3443 4387; baseline -0.004 -15"><span class='ocrx_word' id='word_1_577' title='bbox 1869 4319 2042 4373; x_wconf 88' lang='lat' dir='ltr'><strong>Credo</strong></span> <span class='ocrx_word' id='word_1_578' title='bbox 2081 4318 2134 4371; x_wconf 88' lang='lat' dir='ltr'><strong>in</strong></span> <span class='ocrx_word' id='word_1_579' title='bbox 2178 4318 2516 4372; x_wconf 90' lang='lat' dir='ltr'><strong>homousiam</strong></span> <span class='ocrx_word' id='word_1_580' title='bbox 2555 4317 2910 4383; x_wconf 89' lang='lat' dir='ltr'><strong>Trinitatem,</strong></span> <span class='ocrx_word' id='word_1_581' title='bbox 2951 4313 3443 4387; x_wconf 84' lang='lat' dir='ltr'><strong>supersubstantia-</strong></span> 
     </span>
    </p>
   </div>
   <div class='ocr_carea' id='block_1_83' title="bbox 1869 4405 3444 4480">
    <p class='ocr_par' dir='ltr' id='par_1_83' title="bbox 1869 4405 3444 4480">
     <span class='ocr_line' id='line_1_83' title="bbox 1869 4405 3444 4480; baseline -0.003 -16"><span class='ocrx_word' id='word_1_582' title='bbox 1869 4410 1972 4465; x_wconf 89' lang='lat' dir='ltr'><strong>lem</strong></span> <span class='ocrx_word' id='word_1_583' title='bbox 1990 4452 2005 4476; x_wconf 97' lang='lat'><strong>,</strong></span> <span class='ocrx_word' id='word_1_584' title='bbox 2040 4409 2508 4480; x_wconf 90' lang='lat' dir='ltr'><strong>inaspectabilem,</strong></span> <span class='ocrx_word' id='word_1_585' title='bbox 2539 4408 3136 4480; x_wconf 89' lang='lat' dir='ltr'><strong>incomprehensibilem</strong></span> <span class='ocrx_word' id='word_1_586' title='bbox 3157 4448 3171 4472; x_wconf 97' lang='lat'><strong>,</strong></span> <span class='ocrx_word' id='word_1_587' title='bbox 3200 4405 3444 4477; x_wconf 85' lang='lat' dir='ltr'><strong>imparti-</strong></span> 
     </span>
    </p>
   </div>
   <div class='ocr_carea' id='block_1_84' title="bbox 107 4488 1766 4600">
    <p class='ocr_par' dir='ltr' id='par_1_84' title="bbox 107 4488 1761 4564">
     <span class='ocr_line' id='line_1_84' title="bbox 107 4488 1761 4564; baseline -0.001 -18"><span class='ocrx_word' id='word_1_588' title='bbox 107 4539 120 4554; x_wconf 89' lang='lat'><strong>._</strong></span> <span class='ocrx_word' id='word_1_589' title='bbox 175 4511 295 4557; x_wconf 77' lang='grc' dir='ltr'><strong>τον,</strong></span> <span class='ocrx_word' id='word_1_590' title='bbox 333 4488 530 4559; x_wconf 74' lang='grc' dir='ltr'><strong>ἄποιον,</strong></span> <span class='ocrx_word' id='word_1_591' title='bbox 572 4490 790 4560; x_wconf 84' lang='grc' dir='ltr'><strong>ἆποσον,</strong></span> <span class='ocrx_word' id='word_1_592' title='bbox 839 4494 1096 4564; x_wconf 86' lang='grc' dir='ltr'><strong>ὁμότιμον,</strong></span> <span class='ocrx_word' id='word_1_593' title='bbox 1145 4491 1377 4562; x_wconf 83' lang='grc' dir='ltr'><strong>ὁμόδοξον</strong></span> <span class='ocrx_word' id='word_1_594' title='bbox 1418 4494 1498 4546; x_wconf 84' lang='grc' dir='ltr'><strong>καὶ</strong></span> <span class='ocrx_word' id='word_1_595' title='bbox 1544 4489 1761 4562; x_wconf 46' lang='lat' dir='ltr'><strong>sesego»-</strong></span> 
     </span>
    </p>
   </div>
   <div class='ocr_carea' id='block_1_85' title="bbox 1865 4488 3440 4600">
    <p class='ocr_par' dir='ltr' id='par_1_85' title="bbox 1869 4495 3440 4567">
     <span class='ocr_line' id='line_1_85' title="bbox 1869 4495 3440 4567; baseline -0.004 -11"><span class='ocrx_word' id='word_1_596' title='bbox 1869 4501 2052 4565; x_wconf 91' lang='lat' dir='ltr'><strong>bilem,</strong></span> <span class='ocrx_word' id='word_1_597' title='bbox 2067 4499 2482 4566; x_wconf 90' lang='lat' dir='ltr'><strong>inalterabilem,</strong></span> <span class='ocrx_word' id='word_1_598' title='bbox 2497 4509 2775 4564; x_wconf 71' lang='lat' dir='ltr'><strong>aeternam,</strong></span> <span class='ocrx_word' id='word_1_599' title='bbox 2796 4499 3100 4562; x_wconf 88' lang='lat' dir='ltr'><strong>indivisam,</strong></span> <span class='ocrx_word' id='word_1_600' title='bbox 3116 4495 3440 4567; x_wconf 88' lang='lat' dir='ltr'><strong>simplicem,</strong></span> 
     </span>
    </p>
   </div>
   <div class='ocr_carea' id='block_1_86' title="bbox 117 4587 1762 4660">
    <p class='ocr_par' dir='ltr' id='par_1_86' title="bbox 117 4587 1762 4660">
     <span class='ocr_line' id='line_1_86' title="bbox 117 4587 1762 4660; baseline 0.002 -21"><span class='ocrx_word' id='word_1_601' title='bbox 117 4592 120 4594; x_wconf 74' lang='grc'><em>’</em></span> <span class='ocrx_word' id='word_1_602' title='bbox 171 4587 349 4658; x_wconf 72' lang='grc' dir='ltr'><strong>ἀναφῆ</strong></span> <span class='ocrx_word' id='word_1_603' title='bbox 378 4607 432 4641; x_wconf 89' lang='grc' dir='ltr'><strong>τε</strong></span> <span class='ocrx_word' id='word_1_604' title='bbox 470 4589 552 4640; x_wconf 79' lang='grc' dir='ltr'><strong>καί</strong></span> <span class='ocrx_word' id='word_1_605' title='bbox 581 4587 920 4660; x_wconf 68' lang='grc' dir='ltr'><strong>ἀψηλὰφητον,</strong></span> <span class='ocrx_word' id='word_1_606' title='bbox 963 4591 1050 4643; x_wconf 81' lang='grc' dir='ltr'><strong>καί</strong></span> <span class='ocrx_word' id='word_1_607' title='bbox 1095 4589 1503 4658; x_wconf 77' lang='grc' dir='ltr'><strong>ἀσχημάτιστον,</strong></span> <span class='ocrx_word' id='word_1_608' title='bbox 1549 4587 1762 4658; x_wconf 81' lang='grc' dir='ltr'><strong>ἀπειρά-</strong></span> 
     </span>
    </p>
   </div>
   <div class='ocr_carea' id='block_1_87' title="bbox 169 4678 1765 4756">
    <p class='ocr_par' dir='ltr' id='par_1_87' title="bbox 169 4678 1765 4756">
     <span class='ocr_line' id='line_1_87' title="bbox 169 4678 1765 4756; baseline 0.001 -26"><span class='ocrx_word' id='word_1_609' title='bbox 169 4678 366 4749; x_wconf 67' lang='grc' dir='ltr'><strong>γαθον,</strong></span> <span class='ocrx_word' id='word_1_610' title='bbox 425 4685 526 4750; x_wconf 73' lang='grc' dir='ltr'><strong>φῶς</strong></span> <span class='ocrx_word' id='word_1_611' title='bbox 579 4679 890 4750; x_wconf 75' lang='grc' dir='ltr'><strong>ἀειλαμπές,</strong></span> <span class='ocrx_word' id='word_1_612' title='bbox 953 4681 1260 4751; x_wconf 71' lang='grc' dir='ltr'><strong>τριλαμπές,</strong></span> <span class='ocrx_word' id='word_1_613' title='bbox 1317 4681 1632 4756; x_wconf 79' lang='grc' dir='ltr'><strong>ύπέρφωτον,</strong></span> <span class='ocrx_word' id='word_1_614' title='bbox 1685 4679 1765 4734; x_wconf 84' lang='grc' dir='ltr'><strong>ἀεί</strong></span> 
     </span>
    </p>
   </div>
   <div class='ocr_carea' id='block_1_88' title="bbox 171 4769 1761 4844">
    <p class='ocr_par' dir='ltr' id='par_1_88' title="bbox 171 4769 1761 4844">
     <span class='ocr_line' id='line_1_88' title="bbox 171 4769 1761 4844; baseline 0.001 -22"><span class='ocrx_word' id='word_1_615' title='bbox 171 4769 442 4830; x_wconf 76' lang='grc' dir='ltr'><strong>ὡσαύτως</strong></span> <span class='ocrx_word' id='word_1_616' title='bbox 476 4773 561 4824; x_wconf 81' lang='grc' dir='ltr'><strong>καί</strong></span> <span class='ocrx_word' id='word_1_617' title='bbox 600 4773 728 4826; x_wconf 85' lang='grc' dir='ltr'><strong>κατὰ</strong></span> <span class='ocrx_word' id='word_1_618' title='bbox 775 4775 840 4826; x_wconf 86' lang='grc' dir='ltr'><strong>τά</strong></span> <span class='ocrx_word' id='word_1_619' title='bbox 898 4773 1026 4828; x_wconf 80' lang='grc' dir='ltr'><strong>αὐτὰ</strong></span> <span class='ocrx_word' id='word_1_620' title='bbox 1071 4771 1328 4844; x_wconf 56' lang='grc' dir='ltr'><strong>ἔχουσαν</strong></span> <span class='ocrx_word' id='word_1_621' title='bbox 1377 4774 1581 4826; x_wconf 89' lang='grc' dir='ltr'><strong>πάντων</strong></span> <span class='ocrx_word' id='word_1_622' title='bbox 1645 4776 1761 4824; x_wconf 67' lang='grc' dir='ltr'><strong>ἕπο-</strong></span> 
     </span>
    </p>
   </div>
   <div class='ocr_carea' id='block_1_89' title="bbox 173 4861 1762 4936">
    <p class='ocr_par' dir='ltr' id='par_1_89' title="bbox 173 4861 1762 4936">
     <span class='ocr_line' id='line_1_89' title="bbox 173 4861 1762 4936; baseline 0.001 -21"><span class='ocrx_word' id='word_1_623' title='bbox 173 4866 369 4918; x_wconf 77' lang='grc' dir='ltr'><strong>πτικην</strong></span> <span class='ocrx_word' id='word_1_624' title='bbox 418 4864 502 4915; x_wconf 83' lang='grc' dir='ltr'><strong>καί</strong></span> <span class='ocrx_word' id='word_1_625' title='bbox 541 4863 850 4924; x_wconf 83' lang='grc' dir='ltr'><strong>τελειωτικήν</strong></span> <span class='ocrx_word' id='word_1_626' title='bbox 881 4861 1116 4935; x_wconf 79' lang='grc' dir='ltr'><strong>δύναμιν,</strong></span> <span class='ocrx_word' id='word_1_627' title='bbox 1153 4869 1285 4919; x_wconf 87' lang='grc' dir='ltr'><strong>πᾶσι</strong></span> <span class='ocrx_word' id='word_1_628' title='bbox 1317 4871 1424 4919; x_wconf 84' lang='grc' dir='ltr'><strong>τοῖς</strong></span> <span class='ocrx_word' id='word_1_629' title='bbox 1461 4863 1676 4936; x_wconf 72' lang='grc' dir='ltr'><strong>λογικοῖς</strong></span> <span class='ocrx_word' id='word_1_630' title='bbox 1705 4881 1762 4916; x_wconf 91' lang='grc' dir='ltr'><strong>τε</strong></span> 
     </span>
    </p>
   </div>
   <div class='ocr_carea' id='block_1_90' title="bbox 177 4949 1762 5032">
    <p class='ocr_par' dir='ltr' id='par_1_90' title="bbox 177 4949 1762 5032">
     <span class='ocr_line' id='line_1_90' title="bbox 177 4949 1762 5032; baseline 0.001 -25"><span class='ocrx_word' id='word_1_631' title='bbox 177 4956 263 5007; x_wconf 68' lang='grc' dir='ltr'><strong>καὶ</strong></span> <span class='ocrx_word' id='word_1_632' title='bbox 295 4961 487 5030; x_wconf 82' lang='grc' dir='ltr'><strong>νοεροῐς</strong></span> <span class='ocrx_word' id='word_1_633' title='bbox 507 4993 521 5019; x_wconf 87' lang='grc'><strong>,</strong></span> <span class='ocrx_word' id='word_1_634' title='bbox 551 4963 736 5031; x_wconf 84' lang='grc' dir='ltr'><strong>νοερῶς</strong></span> <span class='ocrx_word' id='word_1_635' title='bbox 779 4959 863 5011; x_wconf 80' lang='grc' dir='ltr'><strong>καί</strong></span> <span class='ocrx_word' id='word_1_636' title='bbox 899 4959 1099 5032; x_wconf 85' lang='grc' dir='ltr'><strong>ἀμερῶς</strong></span> <span class='ocrx_word' id='word_1_637' title='bbox 1124 4965 1188 5029; x_wconf 78' lang='grc' dir='ltr'><strong>τῇ</strong></span> <span class='ocrx_word' id='word_1_638' title='bbox 1214 4957 1427 5031; x_wconf 78' lang='grc' dir='ltr'><strong>προνοίᾳ</strong></span> <span class='ocrx_word' id='word_1_639' title='bbox 1455 4949 1762 5029; x_wconf 87' lang='grc' dir='ltr'><strong>[προχύσει]</strong></span> 
     </span>
    </p>
   </div>
   <div class='ocr_carea' id='block_1_91' title="bbox 173 5045 1768 5119">
    <p class='ocr_par' dir='ltr' id='par_1_91' title="bbox 173 5045 1768 5119">
     <span class='ocr_line' id='line_1_91' title="bbox 173 5045 1768 5119; baseline -0.002 -20"><span class='ocrx_word' id='word_1_640' title='bbox 173 5049 270 5099; x_wconf 87' lang='grc' dir='ltr'><strong>τοῦ</strong></span> <span class='ocrx_word' id='word_1_641' title='bbox 337 5045 470 5098; x_wconf 85' lang='grc' dir='ltr'><strong>θείου</strong></span> <span class='ocrx_word' id='word_1_642' title='bbox 525 5047 686 5119; x_wconf 75' lang='grc' dir='ltr'><strong>φωτὸς</strong></span> <span class='ocrx_word' id='word_1_643' title='bbox 736 5047 1128 5118; x_wconf 71' lang='grc' dir='ltr'><strong>ἰπιλὰμπουσαν</strong></span> <span class='ocrx_word' id='word_1_644' title='bbox 1193 5047 1446 5118; x_wconf 71' lang='grc' dir='ltr'><strong>ἀναλόγως</strong></span> <span class='ocrx_word' id='word_1_645' title='bbox 1497 5052 1611 5104; x_wconf 89' lang='grc' dir='ltr'><strong>ταῖς</strong></span> <span class='ocrx_word' id='word_1_646' title='bbox 1669 5051 1768 5100; x_wconf 85' lang='grc' dir='ltr'><strong>τῶν</strong></span> 
     </span>
    </p>
   </div>
   <div class='ocr_carea' id='block_1_92' title="bbox 177 5132 1762 5216">
    <p class='ocr_par' dir='ltr' id='par_1_92' title="bbox 177 5132 1762 5216">
     <span class='ocr_line' id='line_1_92' title="bbox 177 5132 1762 5216; baseline 0.002 -28"><span class='ocrx_word' id='word_1_647' title='bbox 177 5138 527 5210; x_wconf 69' lang='grc' dir='ltr'><strong>φωτιζομίνων</strong></span> <span class='ocrx_word' id='word_1_648' title='bbox 577 5138 944 5212; x_wconf 82' lang='grc' dir='ltr'><strong>παραδοχαῖς,</strong></span> <span class='ocrx_word' id='word_1_649' title='bbox 984 5144 1069 5196; x_wconf 78' lang='grc' dir='ltr'><strong>καί</strong></span> <span class='ocrx_word' id='word_1_650' title='bbox 1113 5143 1243 5216; x_wconf 77' lang='grc' dir='ltr'><strong>πρὸς</strong></span> <span class='ocrx_word' id='word_1_651' title='bbox 1286 5142 1345 5196; x_wconf 82' lang='grc' dir='ltr'><strong>τὸ</strong></span> <span class='ocrx_word' id='word_1_652' title='bbox 1380 5135 1506 5194; x_wconf 84' lang='grc' dir='ltr'><strong>εἶναι</strong></span> <span class='ocrx_word' id='word_1_653' title='bbox 1551 5136 1657 5210; x_wconf 81' lang='grc' dir='ltr'><strong>[καὶ</strong></span> <span class='ocrx_word' id='word_1_654' title='bbox 1703 5132 1762 5192; x_wconf 72' lang='grc' dir='ltr'><strong>εὖ</strong></span> 
     </span>
    </p>
   </div>
   <div class='ocr_carea' id='block_1_93' title="bbox 175 5226 1766 5312">
    <p class='ocr_par' dir='ltr' id='par_1_93' title="bbox 175 5226 1766 5312">
     <span class='ocr_line' id='line_1_93' title="bbox 175 5226 1766 5312; baseline 0.005 -30"><span class='ocrx_word' id='word_1_655' title='bbox 175 5226 335 5299; x_wconf 72' lang='grc' dir='ltr'><strong>εἶναι]</strong></span> <span class='ocrx_word' id='word_1_656' title='bbox 364 5229 700 5308; x_wconf 79' lang='grc' dir='ltr'><strong>διατηροῦσαν</strong></span> <span class='ocrx_word' id='word_1_657' title='bbox 749 5236 798 5290; x_wconf 69' lang='grc' dir='ltr'><strong>ἕν</strong></span> <span class='ocrx_word' id='word_1_658' title='bbox 828 5237 1093 5308; x_wconf 75' lang='grc' dir='ltr'><strong>ὑφεστῶσι</strong></span> <span class='ocrx_word' id='word_1_659' title='bbox 1135 5239 1409 5312; x_wconf 70' lang='grc' dir='ltr'><strong>πράγμασι</strong></span> <span class='ocrx_word' id='word_1_660' title='bbox 1453 5237 1536 5290; x_wconf 74' lang='grc' dir='ltr'><strong>καί</strong></span> <span class='ocrx_word' id='word_1_661' title='bbox 1579 5236 1639 5289; x_wconf 88' lang='grc' dir='ltr'><strong>ού</strong></span> <span class='ocrx_word' id='word_1_662' title='bbox 1679 5233 1766 5305; x_wconf 74' lang='grc' dir='ltr'><strong>ψι-</strong></span> 
     </span>
    </p>
   </div>
   <div class='ocr_carea' id='block_1_94' title="bbox 173 5322 1762 5402">
    <p class='ocr_par' dir='ltr' id='par_1_94' title="bbox 173 5322 1762 5402">
     <span class='ocr_line' id='line_1_94' title="bbox 173 5322 1762 5402; baseline -0.001 -20"><span class='ocrx_word' id='word_1_663' title='bbox 173 5323 291 5382; x_wconf 78' lang='grc' dir='ltr'><strong>λοῖς</strong></span> <span class='ocrx_word' id='word_1_664' title='bbox 340 5322 550 5394; x_wconf 73' lang='grc' dir='ltr'><strong>ὀνόμασι</strong></span> <span class='ocrx_word' id='word_1_665' title='bbox 589 5330 978 5398; x_wconf 74' lang='grc' dir='ltr'><strong>γνωριζομένην,</strong></span> <span class='ocrx_word' id='word_1_666' title='bbox 1148 5330 1366 5396; x_wconf 69' lang='grc' dir='ltr'><strong>θεότητι,</strong></span> <span class='ocrx_word' id='word_1_667' title='bbox 1412 5331 1492 5383; x_wconf 74' lang='grc' dir='ltr'><strong>καὶ</strong></span> <span class='ocrx_word' id='word_1_668' title='bbox 1539 5322 1762 5402; x_wconf 72' lang='grc' dir='ltr'><strong>ἐξουσίᾳ,</strong></span> 
     </span>
    </p>
   </div>
   <div class='ocr_carea' id='block_1_95' title="bbox 173 5414 1766 5496">
    <p class='ocr_par' dir='ltr' id='par_1_95' title="bbox 173 5414 1766 5496">
     <span class='ocr_line' id='line_1_95' title="bbox 173 5414 1766 5496; baseline 0.004 -29"><span class='ocrx_word' id='word_1_669' title='bbox 173 5417 264 5468; x_wconf 71' lang='grc' dir='ltr'><strong>καί</strong></span> <span class='ocrx_word' id='word_1_670' title='bbox 293 5414 527 5492; x_wconf 76' lang='grc' dir='ltr'><strong>βασιλείᾳ</strong></span> <span class='ocrx_word' id='word_1_671' title='bbox 575 5417 917 5489; x_wconf 76' lang='grc' dir='ltr'><strong>δοξαζομένην,</strong></span> <span class='ocrx_word' id='word_1_672' title='bbox 951 5425 1037 5475; x_wconf 81' lang='grc' dir='ltr'><strong>καί</strong></span> <span class='ocrx_word' id='word_1_673' title='bbox 1065 5422 1509 5496; x_wconf 74' lang='grc' dir='ltr'><strong>προσκυνουμένην</strong></span> <span class='ocrx_word' id='word_1_674' title='bbox 1545 5419 1644 5474; x_wconf 85' lang='grc' dir='ltr'><strong>ύπὸ</strong></span> <span class='ocrx_word' id='word_1_675' title='bbox 1665 5419 1766 5474; x_wconf 80' lang='grc' dir='ltr'><strong>πά-</strong></span> 
     </span>
    </p>
   </div>
   <div class='ocr_carea' id='block_1_96' title="bbox 170 5505 1197 5586">
    <p class='ocr_par' dir='ltr' id='par_1_96' title="bbox 170 5505 1197 5586">
     <span class='ocr_line' id='line_1_96' title="bbox 170 5505 1197 5586; baseline 0.001 -20"><span class='ocrx_word' id='word_1_676' title='bbox 170 5525 278 5566; x_wconf 80' lang='grc' dir='ltr'><strong>σης</strong></span> <span class='ocrx_word' id='word_1_677' title='bbox 325 5505 579 5579; x_wconf 75' lang='grc' dir='ltr'><strong>ὁρωμένης</strong></span> <span class='ocrx_word' id='word_1_678' title='bbox 604 5513 686 5564; x_wconf 80' lang='grc' dir='ltr'><strong>καὶ</strong></span> <span class='ocrx_word' id='word_1_679' title='bbox 714 5512 935 5586; x_wconf 79' lang='grc' dir='ltr'><strong>ἀοράτου</strong></span> <span class='ocrx_word' id='word_1_680' title='bbox 964 5515 1197 5576; x_wconf 83' lang='grc' dir='ltr'><strong>κτίσεως.</strong></span> 
     </span>
    </p>
   </div>
   <div class='ocr_carea' id='block_1_97' title="bbox 1868 4588 3440 4663">
    <p class='ocr_par' dir='ltr' id='par_1_97' title="bbox 1868 4588 3440 4663">
     <span class='ocr_line' id='line_1_97' title="bbox 1868 4588 3440 4663; baseline -0.004 -15"><span class='ocrx_word' id='word_1_681' title='bbox 1868 4595 2043 4648; x_wconf 89' lang='lat' dir='ltr'><strong>omnis</strong></span> <span class='ocrx_word' id='word_1_682' title='bbox 2070 4593 2259 4663; x_wconf 87' lang='lat' dir='ltr'><strong>partis,</strong></span> <span class='ocrx_word' id='word_1_683' title='bbox 2287 4592 2466 4646; x_wconf 90' lang='lat' dir='ltr'><strong>omnis</strong></span> <span class='ocrx_word' id='word_1_684' title='bbox 2495 4591 2919 4660; x_wconf 90' lang='lat' dir='ltr'><strong>compositionis,</strong></span> <span class='ocrx_word' id='word_1_685' title='bbox 2957 4591 3132 4644; x_wconf 89' lang='lat' dir='ltr'><strong>omnis</strong></span> <span class='ocrx_word' id='word_1_686' title='bbox 3171 4588 3440 4658; x_wconf 89' lang='lat' dir='ltr'><strong>corporis,</strong></span> 
     </span>
    </p>
   </div>
   <div class='ocr_carea' id='block_1_98' title="bbox 1863 4680 3436 4752">
    <p class='ocr_par' dir='ltr' id='par_1_98' title="bbox 1863 4680 3436 4752">
     <span class='ocr_line' id='line_1_98' title="bbox 1863 4680 3436 4752; baseline -0.004 -13"><span class='ocrx_word' id='word_1_687' title='bbox 1863 4685 2039 4739; x_wconf 89' lang='lat' dir='ltr'><strong>omnis</strong></span> <span class='ocrx_word' id='word_1_688' title='bbox 2085 4684 2403 4752; x_wconf 86' lang='lat' dir='ltr'><strong>quantitatis</strong></span> <span class='ocrx_word' id='word_1_689' title='bbox 2456 4690 2511 4738; x_wconf 88' lang='lat' dir='ltr'><strong>et</strong></span> <span class='ocrx_word' id='word_1_690' title='bbox 2557 4682 2832 4752; x_wconf 90' lang='lat' dir='ltr'><strong>qualitatis</strong></span> <span class='ocrx_word' id='word_1_691' title='bbox 2877 4691 3150 4751; x_wconf 83' lang='lat' dir='ltr'><strong>expertem</strong></span> <span class='ocrx_word' id='word_1_692' title='bbox 3177 4723 3192 4746; x_wconf 96' lang='lat'><strong>,</strong></span> <span class='ocrx_word' id='word_1_693' title='bbox 3245 4680 3436 4733; x_wconf 89' lang='lat' dir='ltr'><strong>eodem</strong></span> 
     </span>
    </p>
   </div>
   <div class='ocr_carea' id='block_1_99' title="bbox 1864 4770 3438 4846">
    <p class='ocr_par' dir='ltr' id='par_1_99' title="bbox 1864 4770 3438 4846">
     <span class='ocr_line' id='line_1_99' title="bbox 1864 4770 3438 4846; baseline -0.007 -14"><span class='ocrx_word' id='word_1_694' title='bbox 1864 4778 2106 4839; x_wconf 89' lang='lat' dir='ltr'><strong>honore,</strong></span> <span class='ocrx_word' id='word_1_695' title='bbox 2155 4775 2344 4830; x_wconf 86' lang='lat' dir='ltr'><strong>eadem</strong></span> <span class='ocrx_word' id='word_1_696' title='bbox 2383 4774 2552 4846; x_wconf 88' lang='lat' dir='ltr'><strong>gloria</strong></span> <span class='ocrx_word' id='word_1_697' title='bbox 2579 4815 2594 4839; x_wconf 99' lang='lat'><strong>,</strong></span> <span class='ocrx_word' id='word_1_698' title='bbox 2641 4774 2826 4828; x_wconf 89' lang='lat' dir='ltr'><strong>eadem</strong></span> <span class='ocrx_word' id='word_1_699' title='bbox 2867 4773 3064 4827; x_wconf 90' lang='lat' dir='ltr'><strong>deitate</strong></span> <span class='ocrx_word' id='word_1_700' title='bbox 3107 4770 3397 4840; x_wconf 90' lang='lat' dir='ltr'><strong>pollentem</strong></span> <span class='ocrx_word' id='word_1_701' title='bbox 3421 4808 3438 4833; x_wconf 94' lang='lat'><strong>,</strong></span> 
     </span>
    </p>
   </div>
   <div class='ocr_carea' id='block_1_100' title="bbox 1862 4859 3440 4936">
    <p class='ocr_par' dir='ltr' id='par_1_100' title="bbox 1862 4859 3440 4936">
     <span class='ocr_line' id='line_1_100' title="bbox 1862 4859 3440 4936; baseline -0.005 -14"><span class='ocrx_word' id='word_1_702' title='bbox 1862 4867 1993 4922; x_wconf 92' lang='lat' dir='ltr'><strong>nulli</strong></span> <span class='ocrx_word' id='word_1_703' title='bbox 2022 4882 2195 4936; x_wconf 90' lang='lat' dir='ltr'><strong>neque</strong></span> <span class='ocrx_word' id='word_1_704' title='bbox 2222 4866 2420 4932; x_wconf 81' lang='lat' dir='ltr'><strong>taetui,</strong></span> <span class='ocrx_word' id='word_1_705' title='bbox 2460 4882 2635 4936; x_wconf 90' lang='lat' dir='ltr'><strong>neque</strong></span> <span class='ocrx_word' id='word_1_706' title='bbox 2663 4865 2936 4919; x_wconf 90' lang='lat' dir='ltr'><strong>contactui</strong></span> <span class='ocrx_word' id='word_1_707' title='bbox 2963 4864 3175 4918; x_wconf 89' lang='lat' dir='ltr'><strong>obviam</strong></span> <span class='ocrx_word' id='word_1_708' title='bbox 3199 4902 3214 4926; x_wconf 96' lang='lat'><strong>,</strong></span> <span class='ocrx_word' id='word_1_709' title='bbox 3261 4859 3440 4915; x_wconf 90' lang='lat' dir='ltr'><strong>omnis</strong></span> 
     </span>
    </p>
   </div>
   <div class='ocr_carea' id='block_1_101' title="bbox 1866 4951 3442 5027">
    <p class='ocr_par' dir='ltr' id='par_1_101' title="bbox 1866 4951 3442 5027">
     <span class='ocr_line' id='line_1_101' title="bbox 1866 4951 3442 5027; baseline -0.005 -15"><span class='ocrx_word' id='word_1_710' title='bbox 1866 4957 2051 5027; x_wconf 60' lang='lat' dir='ltr'><strong>ﬁgura:</strong></span> <span class='ocrx_word' id='word_1_711' title='bbox 2080 4967 2384 5022; x_wconf 79' lang='lat' dir='ltr'><strong>exsortem,</strong></span> <span class='ocrx_word' id='word_1_712' title='bbox 2419 4957 2624 5010; x_wconf 88' lang='lat' dir='ltr'><strong>inﬁnite</strong></span> <span class='ocrx_word' id='word_1_713' title='bbox 2654 4956 2878 5021; x_wconf 88' lang='lat' dir='ltr'><strong>bonam,</strong></span> <span class='ocrx_word' id='word_1_714' title='bbox 2915 4955 3094 5008; x_wconf 90' lang='lat' dir='ltr'><strong>lumen</strong></span> <span class='ocrx_word' id='word_1_715' title='bbox 3122 4951 3442 5006; x_wconf 83' lang='lat' dir='ltr'><strong>defectionis</strong></span> 
     </span>
    </p>
   </div>
   <div class='ocr_carea' id='block_1_102' title="bbox 1867 5041 3441 5120">
    <p class='ocr_par' dir='ltr' id='par_1_102' title="bbox 1867 5041 3441 5120">
     <span class='ocr_line' id='line_1_102' title="bbox 1867 5041 3441 5120; baseline -0.005 -16"><span class='ocrx_word' id='word_1_716' title='bbox 1867 5051 2139 5117; x_wconf 88' lang='lat' dir='ltr'><strong>nesciam,</strong></span> <span class='ocrx_word' id='word_1_717' title='bbox 2191 5050 2457 5112; x_wconf 85' lang='lat' dir='ltr'><strong>trilucem,</strong></span> <span class='ocrx_word' id='word_1_718' title='bbox 2489 5047 3018 5120; x_wconf 88' lang='lat' dir='ltr'><strong>supersplendidam,</strong></span> <span class='ocrx_word' id='word_1_719' title='bbox 3067 5059 3282 5113; x_wconf 86' lang='lat' dir='ltr'><strong>semper</strong></span> <span class='ocrx_word' id='word_1_720' title='bbox 3322 5041 3441 5112; x_wconf 88' lang='lat' dir='ltr'><strong>pari</strong></span> 
     </span>
    </p>
   </div>
   <div class='ocr_carea' id='block_1_103' title="bbox 1866 5138 3436 5211">
    <p class='ocr_par' dir='ltr' id='par_1_103' title="bbox 1866 5138 3436 5211">
     <span class='ocr_line' id='line_1_103' title="bbox 1866 5138 3436 5211; baseline -0.005 -14"><span class='ocrx_word' id='word_1_721' title='bbox 1866 5142 2132 5211; x_wconf 88' lang='lat' dir='ltr'><strong>similique</strong></span> <span class='ocrx_word' id='word_1_722' title='bbox 2163 5144 2318 5196; x_wconf 91' lang='lat' dir='ltr'><strong>modo</strong></span> <span class='ocrx_word' id='word_1_723' title='bbox 2344 5140 2607 5204; x_wconf 70' lang='lat' dir='ltr'><strong>affectam,</strong></span> <span class='ocrx_word' id='word_1_724' title='bbox 2634 5141 2884 5196; x_wconf 87' lang='lat' dir='ltr'><strong>virtutem</strong></span> <span class='ocrx_word' id='word_1_725' title='bbox 2909 5138 3086 5194; x_wconf 89' lang='lat' dir='ltr'><strong>omnia</strong></span> <span class='ocrx_word' id='word_1_726' title='bbox 3115 5138 3436 5200; x_wconf 90' lang='lat' dir='ltr'><strong>intuentem,</strong></span> 
     </span>
    </p>
   </div>
   <div class='ocr_carea' id='block_1_104' title="bbox 1865 5229 3437 5302">
    <p class='ocr_par' dir='ltr' id='par_1_104' title="bbox 1865 5229 3437 5302">
     <span class='ocr_line' id='line_1_104' title="bbox 1865 5229 3437 5302; baseline -0.006 -14"><span class='ocrx_word' id='word_1_727' title='bbox 1865 5233 2150 5302; x_wconf 90' lang='lat' dir='ltr'><strong>omniaque</strong></span> <span class='ocrx_word' id='word_1_728' title='bbox 2174 5232 2572 5302; x_wconf 85' lang='lat' dir='ltr'><strong>perﬁcientcm;</strong></span> <span class='ocrx_word' id='word_1_729' title='bbox 2614 5232 2864 5287; x_wconf 87' lang='lat' dir='ltr'><strong>omnibus</strong></span> <span class='ocrx_word' id='word_1_730' title='bbox 2893 5244 3016 5284; x_wconf 90' lang='lat' dir='ltr'><strong>cum</strong></span> <span class='ocrx_word' id='word_1_731' title='bbox 3042 5229 3283 5292; x_wconf 87' lang='lat' dir='ltr'><strong>ratione,</strong></span> <span class='ocrx_word' id='word_1_732' title='bbox 3322 5237 3437 5280; x_wconf 90' lang='lat' dir='ltr'><strong>tum</strong></span> 
     </span>
    </p>
   </div>
   <div class='ocr_carea' id='block_1_105' title="bbox 1864 5319 3436 5393">
    <p class='ocr_par' dir='ltr' id='par_1_105' title="bbox 1864 5319 3436 5393">
     <span class='ocr_line' id='line_1_105' title="bbox 1864 5319 3436 5393; baseline -0.006 -14"><span class='ocrx_word' id='word_1_733' title='bbox 1864 5323 2139 5379; x_wconf 89' lang='lat' dir='ltr'><strong>intellectu</strong></span> <span class='ocrx_word' id='word_1_734' title='bbox 2167 5339 2378 5392; x_wconf 88' lang='lat' dir='ltr'><strong>quoque</strong></span> <span class='ocrx_word' id='word_1_735' title='bbox 2409 5324 2645 5393; x_wconf 72' lang='lat' dir='ltr'><strong>prmditis</strong></span> <span class='ocrx_word' id='word_1_736' title='bbox 2675 5321 3026 5392; x_wconf 88' lang='lat' dir='ltr'><strong>spiritualiter</strong></span> <span class='ocrx_word' id='word_1_737' title='bbox 3047 5319 3436 5387; x_wconf 85' lang='lat' dir='ltr'><strong>imlivulseque,</strong></span> 
     </span>
    </p>
   </div>
   <div class='ocr_carea' id='block_1_106' title="bbox 1867 5409 3443 5485">
    <p class='ocr_par' dir='ltr' id='par_1_106' title="bbox 1867 5409 3443 5485">
     <span class='ocr_line' id='line_1_106' title="bbox 1867 5409 3443 5485; baseline -0.005 -15"><span class='ocrx_word' id='word_1_738' title='bbox 1867 5424 1921 5470; x_wconf 89' lang='lat' dir='ltr'><strong>et</strong></span> <span class='ocrx_word' id='word_1_739' title='bbox 1946 5415 2171 5484; x_wconf 89' lang='lat' dir='ltr'><strong>proinde</strong></span> <span class='ocrx_word' id='word_1_740' title='bbox 2196 5430 2293 5485; x_wconf 90' lang='lat' dir='ltr'><strong>per</strong></span> <span class='ocrx_word' id='word_1_741' title='bbox 2321 5415 2514 5469; x_wconf 80' lang='lat' dir='ltr'><strong>divime</strong></span> <span class='ocrx_word' id='word_1_742' title='bbox 2543 5415 2680 5468; x_wconf 87' lang='lat' dir='ltr'><strong>lucis</strong></span> <span class='ocrx_word' id='word_1_743' title='bbox 2709 5413 2918 5466; x_wconf 90' lang='lat' dir='ltr'><strong>radium</strong></span> <span class='ocrx_word' id='word_1_744' title='bbox 2949 5419 3292 5480; x_wconf 73' lang='lat' dir='ltr'><strong>praesentem,</strong></span> <span class='ocrx_word' id='word_1_745' title='bbox 3321 5409 3443 5463; x_wconf 84' lang='lat' dir='ltr'><strong>illu-</strong></span> 
     </span>
    </p>
   </div>
   <div class='ocr_carea' id='block_1_107' title="bbox 1867 5503 3440 5574">
    <p class='ocr_par' dir='ltr' id='par_1_107' title="bbox 1867 5503 3440 5574">
     <span class='ocr_line' id='line_1_107' title="bbox 1867 5503 3440 5574; baseline -0.006 -7"><span class='ocrx_word' id='word_1_746' title='bbox 1867 5513 2072 5567; x_wconf 87' lang='lat' dir='ltr'><strong>miuata</strong></span> <span class='ocrx_word' id='word_1_747' title='bbox 2109 5519 2166 5566; x_wconf 88' lang='lat' dir='ltr'><strong>et</strong></span> <span class='ocrx_word' id='word_1_748' title='bbox 2198 5512 2486 5566; x_wconf 80' lang='lat' dir='ltr'><strong>existentia</strong></span> <span class='ocrx_word' id='word_1_749' title='bbox 2525 5509 2702 5564; x_wconf 90' lang='lat' dir='ltr'><strong>omnia</strong></span> <span class='ocrx_word' id='word_1_750' title='bbox 2725 5548 2739 5572; x_wconf 92' lang='lat'><strong>,</strong></span> <span class='ocrx_word' id='word_1_751' title='bbox 2789 5515 2898 5560; x_wconf 90' lang='lat' dir='ltr'><strong>tam</strong></span> <span class='ocrx_word' id='word_1_752' title='bbox 2936 5506 2991 5560; x_wconf 87' lang='lat' dir='ltr'><strong>in</strong></span> <span class='ocrx_word' id='word_1_753' title='bbox 3031 5520 3148 5561; x_wconf 86' lang='lat' dir='ltr'><strong>esse</strong></span> <span class='ocrx_word' id='word_1_754' title='bbox 3180 5520 3340 5574; x_wconf 88' lang='lat' dir='ltr'><strong>quam</strong></span> <span class='ocrx_word' id='word_1_755' title='bbox 3386 5503 3440 5557; x_wconf 89' lang='lat' dir='ltr'><strong>in</strong></span> 
     </span>
    </p>
   </div>
   <div class='ocr_carea' id='block_1_108' title="bbox 1866 5593 3440 5668">
    <p class='ocr_par' dir='ltr' id='par_1_108' title="bbox 1866 5593 3440 5668">
     <span class='ocr_line' id='line_1_108' title="bbox 1866 5593 3440 5668; baseline -0.006 -11"><span class='ocrx_word' id='word_1_756' title='bbox 1866 5604 2005 5658; x_wconf 89' lang='lat' dir='ltr'><strong>bene</strong></span> <span class='ocrx_word' id='word_1_757' title='bbox 2033 5618 2152 5657; x_wconf 90' lang='lat' dir='ltr'><strong>esse</strong></span> <span class='ocrx_word' id='word_1_758' title='bbox 2181 5603 2585 5663; x_wconf 82' lang='lat' dir='ltr'><strong>convenienter,</strong></span> <span class='ocrx_word' id='word_1_759' title='bbox 2618 5608 2777 5668; x_wconf 87' lang='lat' dir='ltr'><strong>prout</strong></span> <span class='ocrx_word' id='word_1_760' title='bbox 2807 5596 3066 5666; x_wconf 89' lang='lat' dir='ltr'><strong>cujusque</strong></span> <span class='ocrx_word' id='word_1_761' title='bbox 3093 5605 3284 5650; x_wconf 89' lang='lat' dir='ltr'><strong>natura</strong></span> <span class='ocrx_word' id='word_1_762' title='bbox 3318 5593 3440 5658; x_wconf 81' lang='lat' dir='ltr'><strong>fert,</strong></span> 
     </span>
    </p>
   </div>
   <div class='ocr_carea' id='block_1_109' title="bbox 1869 5685 3444 5757">
    <p class='ocr_par' dir='ltr' id='par_1_109' title="bbox 1869 5685 3444 5757">
     <span class='ocr_line' id='line_1_109' title="bbox 1869 5685 3444 5757; baseline -0.005 -9"><span class='ocrx_word' id='word_1_763' title='bbox 1869 5704 2319 5757; x_wconf 82' lang='lat' dir='ltr'><strong>conservantem;</strong></span> <span class='ocrx_word' id='word_1_764' title='bbox 2367 5693 2420 5746; x_wconf 88' lang='lat' dir='ltr'><strong>in</strong></span> <span class='ocrx_word' id='word_1_765' title='bbox 2462 5692 2620 5744; x_wconf 86' lang='lat' dir='ltr'><strong>rebus</strong></span> <span class='ocrx_word' id='word_1_766' title='bbox 2656 5690 3102 5750; x_wconf 81' lang='lat' dir='ltr'><strong>subsistentibus,</strong></span> <span class='ocrx_word' id='word_1_767' title='bbox 3149 5695 3203 5741; x_wconf 83' lang='lat' dir='ltr'><strong>et</strong></span> <span class='ocrx_word' id='word_1_768' title='bbox 3242 5701 3348 5741; x_wconf 90' lang='lat' dir='ltr'><strong>non</strong></span> <span class='ocrx_word' id='word_1_769' title='bbox 3389 5685 3444 5740; x_wconf 89' lang='lat' dir='ltr'><strong>in</strong></span> 
     </span>
    </p>
   </div>
   <div class='ocr_carea' id='block_1_110' title="bbox 1867 5777 3441 5856">
    <p class='ocr_par' dir='ltr' id='par_1_110' title="bbox 1867 5777 3441 5856">
     <span class='ocr_line' id='line_1_110' title="bbox 1867 5777 3441 5856; baseline -0.005 -15"><span class='ocrx_word' id='word_1_770' title='bbox 1867 5787 1998 5843; x_wconf 89' lang='lat' dir='ltr'><strong>solis</strong></span> <span class='ocrx_word' id='word_1_771' title='bbox 2034 5787 2300 5856; x_wconf 88' lang='lat' dir='ltr'><strong>nudisque</strong></span> <span class='ocrx_word' id='word_1_772' title='bbox 2336 5783 2641 5839; x_wconf 90' lang='lat' dir='ltr'><strong>nominibus</strong></span> <span class='ocrx_word' id='word_1_773' title='bbox 2674 5782 2975 5853; x_wconf 84' lang='lat' dir='ltr'><strong>cognitam;</strong></span> <span class='ocrx_word' id='word_1_774' title='bbox 3003 5795 3106 5835; x_wconf 90' lang='lat' dir='ltr'><strong>una</strong></span> <span class='ocrx_word' id='word_1_775' title='bbox 3132 5777 3441 5856; x_wconf 67' lang='lat' dir='ltr'><strong>divinitate,</strong></span> 
     </span>
    </p>
   </div>
  </div>
