  <div class='ocr_page' id='page_1' title='image "/cluster/home/n/w/nwhite01/storage/ocr_20150623/102/hvd.32044015466808/533.png"; bbox 0 0 4000 6526; ppageno 0'>
   <div class='ocr_carea' id='block_1_1' title="bbox 602 415 739 472">
    <p class='ocr_par' dir='ltr' id='par_1_1' title="bbox 602 415 739 472">
     <span class='ocr_line' id='line_1_1' title="bbox 602 415 739 472; baseline -0.015 0"><span class='ocrx_word' id='word_1_1' title='bbox 602 415 739 472; x_wconf 74' lang='grc'><strong>1055</strong></span> 
     </span>
    </p>
   </div>
   <div class='ocr_carea' id='block_1_2' title="bbox 1885 395 3748 477">
    <p class='ocr_par' dir='ltr' id='par_1_2' title="bbox 1885 395 3748 477">
     <span class='ocr_line' id='line_1_2' title="bbox 1885 395 3748 477; baseline 0 -19"><span class='ocrx_word' id='word_1_2' title='bbox 1885 403 1942 458; x_wconf 90' lang='lat' dir='ltr'><strong>S.</strong></span> <span class='ocrx_word' id='word_1_3' title='bbox 1986 401 2234 458; x_wconf 84' lang='lat' dir='ltr'><strong>LEONlS</strong></span> <span class='ocrx_word' id='word_1_4' title='bbox 2272 395 2473 456; x_wconf 67' lang='lat' dir='ltr'><strong>PAPIE</strong></span> <span class='ocrx_word' id='word_1_5' title='bbox 2514 401 2582 456; x_wconf 82' lang='lat' dir='ltr'><strong>Ill</strong></span> <span class='ocrx_word' id='word_1_6' title='bbox 3662 415 3748 477; x_wconf 64' lang='grc' dir='ltr'><strong>ωδε</strong></span> 
     </span>
    </p>
   </div>
   <div class='ocr_carea' id='block_1_3' title="bbox 605 503 2185 596">
    <p class='ocr_par' dir='ltr' id='par_1_3' title="bbox 605 517 2183 592">
     <span class='ocr_line' id='line_1_3' title="bbox 605 517 2183 592; baseline -0.01 -6"><span class='ocrx_word' id='word_1_7' title='bbox 605 537 963 586; x_wconf 65' lang='grc' dir='ltr'><strong>ιηδηειτθεθῐιι</strong></span> <span class='ocrx_word' id='word_1_8' title='bbox 994 522 1304 592; x_wconf 88' lang='lat' dir='ltr'><strong>impostoris</strong></span> <span class='ocrx_word' id='word_1_9' title='bbox 1339 518 1684 591; x_wconf 74' lang='lat' dir='ltr'><strong>Eutychetis,</strong></span> <span class='ocrx_word' id='word_1_10' title='bbox 1710 525 1764 574; x_wconf 87' lang='lat' dir='ltr'><strong>et</strong></span> <span class='ocrx_word' id='word_1_11' title='bbox 1787 517 2031 573; x_wconf 90' lang='lat' dir='ltr'><strong>Dioscori</strong></span> <span class='ocrx_word' id='word_1_12' title='bbox 2055 531 2183 571; x_wconf 89' lang='lat' dir='ltr'><strong>con-</strong></span> 
     </span>
    </p>
   </div>
   <div class='ocr_carea' id='block_1_4' title="bbox 2169 503 3749 596">
    <p class='ocr_par' dir='ltr' id='par_1_4' title="bbox 2169 503 3749 596">
     <span class='ocr_line' id='line_1_4' title="bbox 2169 503 3749 596; baseline 0.02 -41"><span class='ocrx_word' id='word_1_13' title='bbox 2169 545 2183 555; x_wconf 92' lang='lat'><strong>.</strong></span> <span class='ocrx_word' id='word_1_14' title='bbox 2207 515 2474 586; x_wconf 81' lang='grc' dir='ltr'><strong>Ατυχίου</strong></span> <span class='ocrx_word' id='word_1_15' title='bbox 2527 503 2834 587; x_wconf 78' lang='grc' dir='ltr'><strong>[Εὐτυχίος]</strong></span> <span class='ocrx_word' id='word_1_16' title='bbox 2882 519 2963 572; x_wconf 78' lang='grc' dir='ltr'><strong>καί</strong></span> <span class='ocrx_word' id='word_1_17' title='bbox 3015 517 3300 593; x_wconf 76' lang='grc' dir='ltr'><strong>Διοσκόρου</strong></span> <span class='ocrx_word' id='word_1_18' title='bbox 3353 518 3587 593; x_wconf 53' lang='lat' dir='ltr'><strong>«mea:</strong></span> <span class='ocrx_word' id='word_1_19' title='bbox 3622 551 3662 585; x_wconf 87' lang='grc' dir='ltr'><strong>τι</strong></span> <span class='ocrx_word' id='word_1_20' title='bbox 3698 544 3749 596; x_wconf 62' lang='grc' dir='ltr'><strong>καὶ</strong></span> 
     </span>
    </p>
   </div>
   <div class='ocr_carea' id='block_1_5' title="bbox 603 610 2178 683">
    <p class='ocr_par' dir='ltr' id='par_1_5' title="bbox 603 610 2178 683">
     <span class='ocr_line' id='line_1_5' title="bbox 603 610 2178 683; baseline -0.009 -6"><span class='ocrx_word' id='word_1_21' title='bbox 603 624 872 677; x_wconf 83' lang='lat' dir='ltr'><strong>fusionem</strong></span> <span class='ocrx_word' id='word_1_22' title='bbox 926 617 1394 672; x_wconf 90' lang='lat' dir='ltr'><strong>concretionemve</strong></span> <span class='ocrx_word' id='word_1_23' title='bbox 1450 612 1635 683; x_wconf 86' lang='lat' dir='ltr'><strong>procul</strong></span> <span class='ocrx_word' id='word_1_24' title='bbox 1666 613 1793 667; x_wconf 90' lang='lat' dir='ltr'><strong>hinc</strong></span> <span class='ocrx_word' id='word_1_25' title='bbox 1823 610 2178 682; x_wconf 72' lang='lat' dir='ltr'><strong>ablegamus},</strong></span> 
     </span>
    </p>
   </div>
   <div class='ocr_carea' id='block_1_6' title="bbox 606 701 2184 776">
    <p class='ocr_par' dir='ltr' id='par_1_6' title="bbox 606 701 2184 776">
     <span class='ocr_line' id='line_1_6' title="bbox 606 701 2184 776; baseline -0.007 -11"><span class='ocrx_word' id='word_1_26' title='bbox 606 712 665 765; x_wconf 89' lang='lat' dir='ltr'><strong>ﬁt</strong></span> <span class='ocrx_word' id='word_1_27' title='bbox 693 719 753 765; x_wconf 90' lang='lat' dir='ltr'><strong>ut</strong></span> <span class='ocrx_word' id='word_1_28' title='bbox 780 725 943 764; x_wconf 90' lang='lat' dir='ltr'><strong>unum</strong></span> <span class='ocrx_word' id='word_1_29' title='bbox 974 707 1330 776; x_wconf 86' lang='lat' dir='ltr'><strong>eumdemque</strong></span> <span class='ocrx_word' id='word_1_30' title='bbox 1356 705 1712 760; x_wconf 86' lang='lat' dir='ltr'><strong>conﬁteamur</strong></span> <span class='ocrx_word' id='word_1_31' title='bbox 1737 711 1978 757; x_wconf 87' lang='lat' dir='ltr'><strong>creatum</strong></span> <span class='ocrx_word' id='word_1_32' title='bbox 2018 708 2073 755; x_wconf 84' lang='lat' dir='ltr'><strong>et</strong></span> <span class='ocrx_word' id='word_1_33' title='bbox 2102 701 2184 755; x_wconf 89' lang='lat' dir='ltr'><strong>in-</strong></span> 
     </span>
    </p>
   </div>
   <div class='ocr_carea' id='block_1_7' title="bbox 605 795 2184 867">
    <p class='ocr_par' dir='ltr' id='par_1_7' title="bbox 605 795 2184 867">
     <span class='ocr_line' id='line_1_7' title="bbox 605 795 2184 867; baseline -0.006 -8"><span class='ocrx_word' id='word_1_34' title='bbox 605 813 869 867; x_wconf 88' lang='lat' dir='ltr'><strong>creatum,</strong></span> <span class='ocrx_word' id='word_1_35' title='bbox 914 810 1173 856; x_wconf 59' lang='lat' dir='ltr'><strong>aeternum</strong></span> <span class='ocrx_word' id='word_1_36' title='bbox 1214 809 1268 853; x_wconf 75' lang='grc' dir='ltr'><strong>ει</strong></span> <span class='ocrx_word' id='word_1_37' title='bbox 1314 808 1757 867; x_wconf 90' lang='lat' dir='ltr'><strong>temporaneum,</strong></span> <span class='ocrx_word' id='word_1_38' title='bbox 1810 795 2087 852; x_wconf 58' lang='lat' dir='ltr'><strong>caelestem</strong></span> <span class='ocrx_word' id='word_1_39' title='bbox 2127 803 2184 849; x_wconf 74' lang='grc' dir='ltr'><strong>ει</strong></span> 
     </span>
    </p>
   </div>
   <div class='ocr_carea' id='block_1_8' title="bbox 608 889 2186 964">
    <p class='ocr_par' dir='ltr' id='par_1_8' title="bbox 608 889 2186 964">
     <span class='ocr_line' id='line_1_8' title="bbox 608 889 2186 964; baseline -0.01 -9"><span class='ocrx_word' id='word_1_40' title='bbox 608 909 906 963; x_wconf 90' lang='lat' dir='ltr'><strong>terrenum,</strong></span> <span class='ocrx_word' id='word_1_41' title='bbox 936 895 1407 964; x_wconf 90' lang='lat' dir='ltr'><strong>circumscriptum</strong></span> <span class='ocrx_word' id='word_1_42' title='bbox 1433 901 1488 947; x_wconf 90' lang='lat' dir='ltr'><strong>et</strong></span> <span class='ocrx_word' id='word_1_43' title='bbox 1512 889 2061 957; x_wconf 88' lang='lat' dir='ltr'><strong>incircumscriptum,</strong></span> <span class='ocrx_word' id='word_1_44' title='bbox 2091 903 2186 958; x_wconf 91' lang='lat' dir='ltr'><strong>pa-</strong></span> 
     </span>
    </p>
   </div>
   <div class='ocr_carea' id='block_1_9' title="bbox 607 977 2186 1056">
    <p class='ocr_par' dir='ltr' id='par_1_9' title="bbox 607 977 2186 1056">
     <span class='ocr_line' id='line_1_9' title="bbox 607 977 2186 1056; baseline -0.008 -13"><span class='ocrx_word' id='word_1_45' title='bbox 607 989 812 1043; x_wconf 90' lang='lat' dir='ltr'><strong>tibilem</strong></span> <span class='ocrx_word' id='word_1_46' title='bbox 840 997 891 1041; x_wconf 88' lang='lat' dir='ltr'><strong>et</strong></span> <span class='ocrx_word' id='word_1_47' title='bbox 920 985 1289 1056; x_wconf 89' lang='lat' dir='ltr'><strong>impatibilem,</strong></span> <span class='ocrx_word' id='word_1_48' title='bbox 1316 985 1432 1038; x_wconf 87' lang='lat' dir='ltr'><strong>sine</strong></span> <span class='ocrx_word' id='word_1_49' title='bbox 1463 989 1634 1036; x_wconf 83' lang='lat' dir='ltr'><strong>matre</strong></span> <span class='ocrx_word' id='word_1_50' title='bbox 1661 989 1716 1035; x_wconf 92' lang='lat' dir='ltr'><strong>et</strong></span> <span class='ocrx_word' id='word_1_51' title='bbox 1740 981 1856 1035; x_wconf 89' lang='lat' dir='ltr'><strong>sine</strong></span> <span class='ocrx_word' id='word_1_52' title='bbox 1879 988 2034 1049; x_wconf 91' lang='lat' dir='ltr'><strong>patre</strong></span> <span class='ocrx_word' id='word_1_53' title='bbox 2063 997 2075 1030; x_wconf 92' lang='lat'>:</span> <span class='ocrx_word' id='word_1_54' title='bbox 2105 977 2186 1031; x_wconf 90' lang='lat' dir='ltr'><strong>al-</strong></span> 
     </span>
    </p>
   </div>
   <div class='ocr_carea' id='block_1_10' title="bbox 607 1073 2188 1148">
    <p class='ocr_par' dir='ltr' id='par_1_10' title="bbox 607 1073 2188 1148">
     <span class='ocr_line' id='line_1_10' title="bbox 607 1073 2188 1148; baseline -0.007 -15"><span class='ocrx_word' id='word_1_55' title='bbox 607 1089 777 1133; x_wconf 88' lang='lat' dir='ltr'><strong>terum</strong></span> <span class='ocrx_word' id='word_1_56' title='bbox 799 1078 1017 1148; x_wconf 88' lang='lat' dir='ltr'><strong>quidem</strong></span> <span class='ocrx_word' id='word_1_57' title='bbox 1039 1086 1262 1147; x_wconf 76' lang='lat' dir='ltr'><strong>propter</strong></span> <span class='ocrx_word' id='word_1_58' title='bbox 1287 1073 1630 1136; x_wconf 70' lang='lat' dir='ltr'><strong>ineﬁabilem,</strong></span> <span class='ocrx_word' id='word_1_59' title='bbox 1654 1080 1929 1135; x_wconf 65' lang='lat' dir='ltr'><strong>aeternam,</strong></span> <span class='ocrx_word' id='word_1_60' title='bbox 1951 1078 2005 1124; x_wconf 91' lang='lat' dir='ltr'><strong>et</strong></span> <span class='ocrx_word' id='word_1_61' title='bbox 2028 1082 2188 1123; x_wconf 91' lang='lat' dir='ltr'><strong>omne</strong></span> 
     </span>
    </p>
   </div>
   <div class='ocr_carea' id='block_1_11' title="bbox 608 1164 2188 1230">
    <p class='ocr_par' dir='ltr' id='par_1_11' title="bbox 608 1164 2188 1230">
     <span class='ocr_line' id='line_1_11' title="bbox 608 1164 2188 1230; baseline -0.004 -4"><span class='ocrx_word' id='word_1_62' title='bbox 608 1173 865 1227; x_wconf 65' lang='lat' dir='ltr'><strong>sreculum</strong></span> <span class='ocrx_word' id='word_1_63' title='bbox 908 1171 1319 1226; x_wconf 76' lang='lat' dir='ltr'><strong>antecedentem</strong></span> <span class='ocrx_word' id='word_1_64' title='bbox 1355 1185 1421 1224; x_wconf 77' lang='lat' dir='ltr'><strong>ex</strong></span> <span class='ocrx_word' id='word_1_65' title='bbox 1467 1167 1629 1222; x_wconf 85' lang='lat' dir='ltr'><strong>Patre</strong></span> <span class='ocrx_word' id='word_1_66' title='bbox 1655 1165 2015 1230; x_wconf 80' lang='lat' dir='ltr'><strong>nativitatem,</strong></span> <span class='ocrx_word' id='word_1_67' title='bbox 2053 1164 2188 1219; x_wconf 85' lang='lat' dir='ltr'><strong>alte-</strong></span> 
     </span>
    </p>
   </div>
   <div class='ocr_carea' id='block_1_12' title="bbox 606 1258 2190 1332">
    <p class='ocr_par' dir='ltr' id='par_1_12' title="bbox 606 1258 2190 1332">
     <span class='ocr_line' id='line_1_12' title="bbox 606 1258 2190 1332; baseline -0.003 -16"><span class='ocrx_word' id='word_1_68' title='bbox 606 1278 722 1317; x_wconf 87' lang='lat' dir='ltr'><strong>rum</strong></span> <span class='ocrx_word' id='word_1_69' title='bbox 757 1278 886 1317; x_wconf 90' lang='lat' dir='ltr'><strong>vero</strong></span> <span class='ocrx_word' id='word_1_70' title='bbox 920 1270 1144 1332; x_wconf 84' lang='lat' dir='ltr'><strong>propter</strong></span> <span class='ocrx_word' id='word_1_71' title='bbox 1180 1277 1432 1316; x_wconf 86' lang='lat' dir='ltr'><strong>arcanam</strong></span> <span class='ocrx_word' id='word_1_72' title='bbox 1479 1258 2190 1329; x_wconf 80' lang='lat' dir='ltr'><strong>incomprehensibilemque</strong></span> 
     </span>
    </p>
   </div>
   <div class='ocr_carea' id='block_1_13' title="bbox 605 1351 2191 1420">
    <p class='ocr_par' dir='ltr' id='par_1_13' title="bbox 605 1351 2191 1420">
     <span class='ocr_line' id='line_1_13' title="bbox 605 1351 2191 1420; baseline -0.005 -8"><span class='ocrx_word' id='word_1_73' title='bbox 605 1373 728 1412; x_wconf 91' lang='lat' dir='ltr'><strong>cum</strong></span> <span class='ocrx_word' id='word_1_74' title='bbox 763 1365 950 1410; x_wconf 90' lang='lat' dir='ltr'><strong>nostra</strong></span> <span class='ocrx_word' id='word_1_75' title='bbox 981 1364 1174 1409; x_wconf 88' lang='lat' dir='ltr'><strong>natura</strong></span> <span class='ocrx_word' id='word_1_76' title='bbox 1207 1355 1489 1418; x_wconf 90' lang='lat' dir='ltr'><strong>unionem;</strong></span> <span class='ocrx_word' id='word_1_77' title='bbox 1517 1355 1650 1407; x_wconf 87' lang='lat' dir='ltr'><strong>duas</strong></span> <span class='ocrx_word' id='word_1_78' title='bbox 1681 1352 1824 1406; x_wconf 91' lang='lat' dir='ltr'><strong>enim</strong></span> <span class='ocrx_word' id='word_1_79' title='bbox 1857 1351 2024 1420; x_wconf 88' lang='lat' dir='ltr'><strong>ipsius</strong></span> <span class='ocrx_word' id='word_1_80' title='bbox 2050 1351 2191 1404; x_wconf 88' lang='lat' dir='ltr'><strong>nati-</strong></span> 
     </span>
    </p>
   </div>
   <div class='ocr_carea' id='block_1_14' title="bbox 606 1441 2191 1512">
    <p class='ocr_par' dir='ltr' id='par_1_14' title="bbox 606 1441 2191 1512">
     <span class='ocr_line' id='line_1_14' title="bbox 606 1441 2191 1512; baseline -0.001 -14"><span class='ocrx_word' id='word_1_81' title='bbox 606 1441 1072 1512; x_wconf 65' lang='lat' dir='ltr'><strong>vitates,&#39;omnem</strong></span> <span class='ocrx_word' id='word_1_82' title='bbox 1098 1461 1317 1501; x_wconf 88' lang='lat' dir='ltr'><strong>sensum</strong></span> <span class='ocrx_word' id='word_1_83' title='bbox 1336 1459 1658 1512; x_wconf 92' lang='lat' dir='ltr'><strong>omnemque</strong></span> <span class='ocrx_word' id='word_1_84' title='bbox 1685 1442 2011 1497; x_wconf 88' lang='lat' dir='ltr'><strong>intellectum</strong></span> <span class='ocrx_word' id='word_1_85' title='bbox 2039 1456 2191 1496; x_wconf 80' lang='lat' dir='ltr'><strong>exce-</strong></span> 
     </span>
    </p>
   </div>
   <div class='ocr_carea' id='block_1_15' title="bbox 606 1533 2190 1612">
    <p class='ocr_par' dir='ltr' id='par_1_15' title="bbox 606 1533 2190 1612">
     <span class='ocr_line' id='line_1_15' title="bbox 606 1533 2190 1612; baseline -0.003 -19"><span class='ocrx_word' id='word_1_86' title='bbox 606 1542 795 1594; x_wconf 85' lang='lat' dir='ltr'><strong>dcntcs</strong></span> <span class='ocrx_word' id='word_1_87' title='bbox 843 1539 1183 1607; x_wconf 83' lang='lat' dir='ltr'><strong>agnoscimus</strong></span> <span class='ocrx_word' id='word_1_88' title='bbox 1222 1555 1235 1590; x_wconf 90' lang='lat'>:</span> <span class='ocrx_word' id='word_1_89' title='bbox 1287 1536 1594 1606; x_wconf 85' lang='lat' dir='ltr'><strong>unigenitus</strong></span> <span class='ocrx_word' id='word_1_90' title='bbox 1635 1535 1782 1590; x_wconf 91' lang='lat' dir='ltr'><strong>enim</strong></span> <span class='ocrx_word' id='word_1_91' title='bbox 1827 1533 2024 1598; x_wconf 91' lang='lat' dir='ltr'><strong>Filius,</strong></span> <span class='ocrx_word' id='word_1_92' title='bbox 2064 1549 2190 1612; x_wconf 80' lang='lat' dir='ltr'><strong>cum</strong></span> 
     </span>
    </p>
   </div>
   <div class='ocr_carea' id='block_1_16' title="bbox 607 1624 2190 1693">
    <p class='ocr_par' dir='ltr' id='par_1_16' title="bbox 607 1624 2190 1693">
     <span class='ocr_line' id='line_1_16' title="bbox 607 1624 2190 1693; baseline -0.004 -9"><span class='ocrx_word' id='word_1_93' title='bbox 607 1630 776 1684; x_wconf 84' lang='lat' dir='ltr'><strong>forma</strong></span> <span class='ocrx_word' id='word_1_94' title='bbox 803 1632 897 1684; x_wconf 89' lang='lat' dir='ltr'><strong>Dei</strong></span> <span class='ocrx_word' id='word_1_95' title='bbox 923 1645 984 1683; x_wconf 89' lang='lat' dir='ltr'><strong>ac</strong></span> <span class='ocrx_word' id='word_1_96' title='bbox 1006 1631 1060 1682; x_wconf 90' lang='lat' dir='ltr'><strong>in</strong></span> <span class='ocrx_word' id='word_1_97' title='bbox 1088 1629 1228 1692; x_wconf 91' lang='lat' dir='ltr'><strong>sinu,</strong></span> <span class='ocrx_word' id='word_1_98' title='bbox 1254 1627 1355 1683; x_wconf 90' lang='lat' dir='ltr'><strong>hoc</strong></span> <span class='ocrx_word' id='word_1_99' title='bbox 1376 1636 1480 1693; x_wconf 88' lang='lat' dir='ltr'><strong>est,</strong></span> <span class='ocrx_word' id='word_1_100' title='bbox 1513 1627 1630 1683; x_wconf 91' lang='lat' dir='ltr'><strong>usia</strong></span> <span class='ocrx_word' id='word_1_101' title='bbox 1655 1626 1834 1680; x_wconf 84' lang='lat' dir='ltr'><strong>Patris</strong></span> <span class='ocrx_word' id='word_1_102' title='bbox 1856 1636 2020 1690; x_wconf 87' lang='lat' dir='ltr'><strong>esset,</strong></span> <span class='ocrx_word' id='word_1_103' title='bbox 2044 1632 2098 1679; x_wconf 91' lang='lat' dir='ltr'><strong>et</strong></span> <span class='ocrx_word' id='word_1_104' title='bbox 2123 1624 2190 1678; x_wconf 91' lang='lat' dir='ltr'><strong>ab</strong></span> 
     </span>
    </p>
   </div>
   <div class='ocr_carea' id='block_1_17' title="bbox 605 1715 2189 1789">
    <p class='ocr_par' dir='ltr' id='par_1_17' title="bbox 605 1715 2189 1789">
     <span class='ocr_line' id='line_1_17' title="bbox 605 1715 2189 1789; baseline -0.003 -16"><span class='ocrx_word' id='word_1_105' title='bbox 605 1727 805 1773; x_wconf 67' lang='lat' dir='ltr'><strong>aeterno</strong></span> <span class='ocrx_word' id='word_1_106' title='bbox 841 1736 907 1774; x_wconf 78' lang='lat' dir='ltr'><strong>ex</strong></span> <span class='ocrx_word' id='word_1_107' title='bbox 943 1719 1061 1789; x_wconf 89' lang='lat' dir='ltr'><strong>ipso</strong></span> <span class='ocrx_word' id='word_1_108' title='bbox 1089 1719 1325 1773; x_wconf 87' lang='lat' dir='ltr'><strong>eluceret</strong></span> <span class='ocrx_word' id='word_1_109' title='bbox 1347 1759 1360 1782; x_wconf 94' lang='lat'><strong>,</strong></span> <span class='ocrx_word' id='word_1_110' title='bbox 1403 1718 1503 1773; x_wconf 89' lang='lat' dir='ltr'><strong>sub</strong></span> <span class='ocrx_word' id='word_1_111' title='bbox 1543 1717 1858 1772; x_wconf 84' lang='lat' dir='ltr'><strong>saeculorum</strong></span> <span class='ocrx_word' id='word_1_112' title='bbox 1902 1715 2062 1770; x_wconf 90' lang='lat' dir='ltr'><strong>ﬁnem</strong></span> <span class='ocrx_word' id='word_1_113' title='bbox 2100 1730 2189 1769; x_wconf 87' lang='lat' dir='ltr'><strong>se-</strong></span> 
     </span>
    </p>
   </div>
   <div class='ocr_carea' id='block_1_18' title="bbox 609 1809 2188 1881">
    <p class='ocr_par' dir='ltr' id='par_1_18' title="bbox 609 1809 2188 1881">
     <span class='ocr_line' id='line_1_18' title="bbox 609 1809 2188 1881; baseline -0.003 -16"><span class='ocrx_word' id='word_1_114' title='bbox 609 1813 895 1881; x_wconf 86' lang='lat' dir='ltr'><strong>metipsum</strong></span> <span class='ocrx_word' id='word_1_115' title='bbox 922 1812 1240 1874; x_wconf 75' lang='lat' dir='ltr'><strong>exinanivit,</strong></span> <span class='ocrx_word' id='word_1_116' title='bbox 1273 1811 1629 1880; x_wconf 87' lang='lat' dir='ltr'><strong>servilemque</strong></span> <span class='ocrx_word' id='word_1_117' title='bbox 1670 1809 1916 1873; x_wconf 84' lang='lat' dir='ltr'><strong>formam,</strong></span> <span class='ocrx_word' id='word_1_118' title='bbox 1952 1809 2054 1862; x_wconf 89' lang='lat' dir='ltr'><strong>hoc</strong></span> <span class='ocrx_word' id='word_1_119' title='bbox 2083 1815 2188 1874; x_wconf 88' lang='lat' dir='ltr'><strong>est,</strong></span> 
     </span>
    </p>
   </div>
   <div class='ocr_carea' id='block_1_19' title="bbox 606 1903 1524 1972">
    <p class='ocr_par' dir='ltr' id='par_1_19' title="bbox 606 1903 1524 1972">
     <span class='ocr_line' id='line_1_19' title="bbox 606 1903 1524 1972; baseline -0.002 -16"><span class='ocrx_word' id='word_1_120' title='bbox 606 1911 848 1958; x_wconf 88' lang='lat' dir='ltr'><strong>nostram</strong></span> <span class='ocrx_word' id='word_1_121' title='bbox 888 1903 1245 1958; x_wconf 82' lang='lat' dir='ltr'><strong>substantiam</strong></span> <span class='ocrx_word' id='word_1_122' title='bbox 1268 1903 1524 1972; x_wconf 87' lang='lat' dir='ltr'><strong>suscepit.</strong></span> 
     </span>
    </p>
   </div>
   <div class='ocr_carea' id='block_1_20' title="bbox 676 1989 2188 2062">
    <p class='ocr_par' dir='ltr' id='par_1_20' title="bbox 676 1989 2188 2062">
     <span class='ocr_line' id='line_1_20' title="bbox 676 1989 2188 2062; baseline -0.002 -14"><span class='ocrx_word' id='word_1_123' title='bbox 676 1993 814 2048; x_wconf 90' lang='lat' dir='ltr'><strong>Unio</strong></span> <span class='ocrx_word' id='word_1_124' title='bbox 840 1995 1020 2062; x_wconf 88' lang='lat' dir='ltr'><strong>itaque</strong></span> <span class='ocrx_word' id='word_1_125' title='bbox 1050 1994 1103 2046; x_wconf 91' lang='lat' dir='ltr'><strong>in</strong></span> <span class='ocrx_word' id='word_1_126' title='bbox 1130 1993 1348 2048; x_wconf 88' lang='lat' dir='ltr'><strong>Christo</strong></span> <span class='ocrx_word' id='word_1_127' title='bbox 1380 1993 1678 2047; x_wconf 89' lang='lat' dir='ltr'><strong>secundum</strong></span> <span class='ocrx_word' id='word_1_128' title='bbox 1706 1990 2020 2062; x_wconf 86' lang='lat' dir='ltr'><strong>hypostasin</strong></span> <span class='ocrx_word' id='word_1_129' title='bbox 2044 1989 2188 2045; x_wconf 88' lang='lat' dir='ltr'><strong>aliud</strong></span> 
     </span>
    </p>
   </div>
   <div class='ocr_carea' id='block_1_21' title="bbox 603 2080 2188 2154">
    <p class='ocr_par' dir='ltr' id='par_1_21' title="bbox 603 2080 2188 2154">
     <span class='ocr_line' id='line_1_21' title="bbox 603 2080 2188 2154; baseline -0.001 -18"><span class='ocrx_word' id='word_1_130' title='bbox 603 2083 670 2137; x_wconf 86' lang='lat' dir='ltr'><strong>ad</strong></span> <span class='ocrx_word' id='word_1_131' title='bbox 695 2083 839 2137; x_wconf 76' lang='lat' dir='ltr'><strong>aliud</strong></span> <span class='ocrx_word' id='word_1_132' title='bbox 867 2083 1134 2154; x_wconf 82' lang='lat' dir='ltr'><strong>adjuugit,</strong></span> <span class='ocrx_word' id='word_1_133' title='bbox 1175 2092 1304 2153; x_wconf 82' lang='lat' dir='ltr'><strong>puta</strong></span> <span class='ocrx_word' id='word_1_134' title='bbox 1348 2082 1563 2137; x_wconf 88' lang='lat' dir='ltr'><strong>visibile</strong></span> <span class='ocrx_word' id='word_1_135' title='bbox 1600 2082 1668 2137; x_wconf 88' lang='lat' dir='ltr'><strong>ad</strong></span> <span class='ocrx_word' id='word_1_136' title='bbox 1728 2080 2019 2144; x_wconf 85' lang='lat' dir='ltr'><strong>invisibile,</strong></span> <span class='ocrx_word' id='word_1_137' title='bbox 2046 2080 2188 2148; x_wconf 82' lang='lat' dir='ltr'><strong>pati-</strong></span> 
     </span>
    </p>
   </div>
   <div class='ocr_carea' id='block_1_22' title="bbox 603 2169 2189 2244">
    <p class='ocr_par' dir='ltr' id='par_1_22' title="bbox 603 2169 2189 2244">
     <span class='ocr_line' id='line_1_22' title="bbox 603 2169 2189 2244; baseline -0.002 -17"><span class='ocrx_word' id='word_1_138' title='bbox 603 2173 709 2227; x_wconf 91' lang='lat' dir='ltr'><strong>bile</strong></span> <span class='ocrx_word' id='word_1_139' title='bbox 756 2173 824 2227; x_wconf 88' lang='lat' dir='ltr'><strong>ad</strong></span> <span class='ocrx_word' id='word_1_140' title='bbox 885 2173 1201 2244; x_wconf 86' lang='lat' dir='ltr'><strong>impatibile,</strong></span> <span class='ocrx_word' id='word_1_141' title='bbox 1235 2184 1542 2242; x_wconf 68' lang='lat' dir='ltr'><strong>caeteraque</strong></span> <span class='ocrx_word' id='word_1_142' title='bbox 1582 2187 1649 2226; x_wconf 74' lang='lat' dir='ltr'><strong>ex</strong></span> <span class='ocrx_word' id='word_1_143' title='bbox 1703 2172 1901 2240; x_wconf 89' lang='lat' dir='ltr'><strong>quibus</strong></span> <span class='ocrx_word' id='word_1_144' title='bbox 1940 2169 2189 2225; x_wconf 83' lang='lat' dir='ltr'><strong>Salvator</strong></span> 
     </span>
    </p>
   </div>
   <div class='ocr_carea' id='block_1_23' title="bbox 606 2263 2184 2331">
    <p class='ocr_par' dir='ltr' id='par_1_23' title="bbox 606 2263 2184 2331">
     <span class='ocr_line' id='line_1_23' title="bbox 606 2263 2184 2331; baseline -0.003 -12"><span class='ocrx_word' id='word_1_145' title='bbox 606 2267 976 2331; x_wconf 89' lang='lat' dir='ltr'><strong>constituitur,</strong></span> <span class='ocrx_word' id='word_1_146' title='bbox 1008 2284 1113 2322; x_wconf 90' lang='lat' dir='ltr'><strong>non</strong></span> <span class='ocrx_word' id='word_1_147' title='bbox 1158 2275 1338 2320; x_wconf 88' lang='lat' dir='ltr'><strong>tamen</strong></span> <span class='ocrx_word' id='word_1_148' title='bbox 1372 2266 1537 2320; x_wconf 92' lang='lat' dir='ltr'><strong>alium</strong></span> <span class='ocrx_word' id='word_1_149' title='bbox 1587 2274 1641 2319; x_wconf 90' lang='lat' dir='ltr'><strong>et</strong></span> <span class='ocrx_word' id='word_1_150' title='bbox 1671 2265 1837 2318; x_wconf 89' lang='lat' dir='ltr'><strong>alium</strong></span> <span class='ocrx_word' id='word_1_151' title='bbox 1883 2263 2184 2327; x_wconf 77' lang='lat' dir='ltr'><strong>constituit,</strong></span> 
     </span>
    </p>
   </div>
   <div class='ocr_carea' id='block_1_24' title="bbox 604 2355 2186 2429">
    <p class='ocr_par' dir='ltr' id='par_1_24' title="bbox 604 2355 2186 2429">
     <span class='ocr_line' id='line_1_24' title="bbox 604 2355 2186 2429; baseline -0.001 -18"><span class='ocrx_word' id='word_1_152' title='bbox 604 2358 763 2412; x_wconf 90' lang='lat' dir='ltr'><strong>absit.</strong></span> <span class='ocrx_word' id='word_1_153' title='bbox 814 2357 991 2415; x_wconf 88' lang='lat' dir='ltr'><strong>Unum</strong></span> <span class='ocrx_word' id='word_1_154' title='bbox 1021 2374 1253 2429; x_wconf 88' lang='lat' dir='ltr'><strong>namque</strong></span> <span class='ocrx_word' id='word_1_155' title='bbox 1288 2359 1643 2427; x_wconf 88' lang='lat' dir='ltr'><strong>eumdemque</strong></span> <span class='ocrx_word' id='word_1_156' title='bbox 1688 2357 1857 2412; x_wconf 91' lang='lat' dir='ltr'><strong>Deum</strong></span> <span class='ocrx_word' id='word_1_157' title='bbox 1886 2355 2186 2426; x_wconf 87' lang='lat' dir='ltr'><strong>perfectum</strong></span> 
     </span>
    </p>
   </div>
   <div class='ocr_carea' id='block_1_25' title="bbox 609 2444 2185 2519">
    <p class='ocr_par' dir='ltr' id='par_1_25' title="bbox 609 2444 2185 2519">
     <span class='ocr_line' id='line_1_25' title="bbox 609 2444 2185 2519; baseline -0.003 -17"><span class='ocrx_word' id='word_1_158' title='bbox 609 2457 664 2502; x_wconf 88' lang='lat' dir='ltr'><strong>et</strong></span> <span class='ocrx_word' id='word_1_159' title='bbox 708 2448 980 2504; x_wconf 88' lang='lat' dir='ltr'><strong>hominem</strong></span> <span class='ocrx_word' id='word_1_160' title='bbox 1038 2450 1222 2504; x_wconf 90' lang='lat' dir='ltr'><strong>itidem</strong></span> <span class='ocrx_word' id='word_1_161' title='bbox 1278 2449 1576 2519; x_wconf 81' lang='lat' dir='ltr'><strong>perfectum</strong></span> <span class='ocrx_word' id='word_1_162' title='bbox 1649 2446 1990 2503; x_wconf 89' lang='lat' dir='ltr'><strong>conﬁtemur.</strong></span> <span class='ocrx_word' id='word_1_163' title='bbox 2052 2444 2185 2499; x_wconf 85' lang='lat' dir='ltr'><strong>Nam</strong></span> 
     </span>
    </p>
   </div>
   <div class='ocr_carea' id='block_1_26' title="bbox 611 2538 2184 2603">
    <p class='ocr_par' dir='ltr' id='par_1_26' title="bbox 611 2538 2184 2603">
     <span class='ocr_line' id='line_1_26' title="bbox 611 2538 2184 2603; baseline -0.002 -8"><span class='ocrx_word' id='word_1_164' title='bbox 611 2542 716 2596; x_wconf 89' lang='lat' dir='ltr'><strong>etsi</strong></span> <span class='ocrx_word' id='word_1_165' title='bbox 775 2550 1090 2596; x_wconf 89' lang='lat' dir='ltr'><strong>naturarum</strong></span> <span class='ocrx_word' id='word_1_166' title='bbox 1146 2540 1505 2596; x_wconf 78' lang='lat' dir='ltr'><strong>differentiam</strong></span> <span class='ocrx_word' id='word_1_167' title='bbox 1577 2539 1794 2595; x_wconf 85' lang='lat' dir='ltr'><strong>Christo</strong></span> <span class='ocrx_word' id='word_1_168' title='bbox 1849 2538 2138 2592; x_wconf 90' lang='lat' dir='ltr'><strong>tribuimus</strong></span> <span class='ocrx_word' id='word_1_169' title='bbox 2170 2577 2184 2603; x_wconf 96' lang='lat'><strong>,</strong></span> 
     </span>
    </p>
   </div>
   <div class='ocr_carea' id='block_1_27' title="bbox 606 2619 2187 2701">
    <p class='ocr_par' dir='ltr' id='par_1_27' title="bbox 606 2619 2187 2701">
     <span class='ocr_line' id='line_1_27' title="bbox 606 2619 2187 2701; baseline -0.004 -15"><span class='ocrx_word' id='word_1_170' title='bbox 606 2649 772 2686; x_wconf 91' lang='lat' dir='ltr'><strong>unum</strong></span> <span class='ocrx_word' id='word_1_171' title='bbox 805 2639 987 2688; x_wconf 91' lang='lat' dir='ltr'><strong>tamen</strong></span> <span class='ocrx_word' id='word_1_172' title='bbox 1018 2633 1376 2701; x_wconf 83' lang='lat' dir='ltr'><strong>eumdcmque</strong></span> <span class='ocrx_word' id='word_1_173' title='bbox 1413 2632 1576 2685; x_wconf 86' lang='lat' dir='ltr'><strong>etiam</strong></span> <span class='ocrx_word' id='word_1_174' title='bbox 1613 2619 2187 2700; x_wconf 31' lang='lat' dir='ltr'><strong>post&#39;incarnationem</strong></span> 
     </span>
    </p>
   </div>
   <div class='ocr_carea' id='block_1_28' title="bbox 606 2717 2188 2795">
    <p class='ocr_par' dir='ltr' id='par_1_28' title="bbox 606 2717 2188 2795">
     <span class='ocr_line' id='line_1_28' title="bbox 606 2717 2188 2795; baseline -0.004 -18"><span class='ocrx_word' id='word_1_175' title='bbox 606 2725 968 2795; x_wconf 80' lang='lat' dir='ltr'><strong>agnoscimus,</strong></span> <span class='ocrx_word' id='word_1_176' title='bbox 1006 2733 1060 2779; x_wconf 91' lang='lat' dir='ltr'><strong>et</strong></span> <span class='ocrx_word' id='word_1_177' title='bbox 1091 2739 1197 2793; x_wconf 90' lang='lat' dir='ltr'><strong>quo</strong></span> <span class='ocrx_word' id='word_1_178' title='bbox 1227 2723 1452 2777; x_wconf 87' lang='lat' dir='ltr'><strong>stolidus</strong></span> <span class='ocrx_word' id='word_1_179' title='bbox 1480 2721 1762 2776; x_wconf 88' lang='lat' dir='ltr'><strong>Nestorius</strong></span> <span class='ocrx_word' id='word_1_180' title='bbox 1794 2734 1825 2772; x_wconf 90' lang='lat' dir='ltr'><strong>a</strong></span> <span class='ocrx_word' id='word_1_181' title='bbox 1858 2717 2054 2773; x_wconf 85' lang='lat' dir='ltr'><strong>divinis</strong></span> <span class='ocrx_word' id='word_1_182' title='bbox 2101 2731 2188 2771; x_wconf 90' lang='lat' dir='ltr'><strong>se-</strong></span> 
     </span>
    </p>
   </div>
   <div class='ocr_carea' id='block_1_29' title="bbox 604 2807 2185 2884">
    <p class='ocr_par' dir='ltr' id='par_1_29' title="bbox 604 2807 2185 2884">
     <span class='ocr_line' id='line_1_29' title="bbox 604 2807 2185 2884; baseline -0.004 -18"><span class='ocrx_word' id='word_1_183' title='bbox 604 2816 711 2884; x_wconf 90' lang='lat' dir='ltr'><strong>ptis</strong></span> <span class='ocrx_word' id='word_1_184' title='bbox 760 2814 1011 2880; x_wconf 85' lang='lat' dir='ltr'><strong>facessat,</strong></span> <span class='ocrx_word' id='word_1_185' title='bbox 1050 2822 1269 2884; x_wconf 86' lang='lat' dir='ltr'><strong>propter</strong></span> <span class='ocrx_word' id='word_1_186' title='bbox 1309 2821 1627 2866; x_wconf 89' lang='lat' dir='ltr'><strong>naturarum</strong></span> <span class='ocrx_word' id='word_1_187' title='bbox 1668 2809 1736 2863; x_wconf 91' lang='lat' dir='ltr'><strong>ad</strong></span> <span class='ocrx_word' id='word_1_188' title='bbox 1790 2807 2185 2881; x_wconf 85' lang='lat' dir='ltr'><strong>hypostaticam</strong></span> 
     </span>
    </p>
   </div>
   <div class='ocr_carea' id='block_1_30' title="bbox 602 2899 2184 2966">
    <p class='ocr_par' dir='ltr' id='par_1_30' title="bbox 602 2899 2184 2966">
     <span class='ocr_line' id='line_1_30' title="bbox 602 2899 2184 2966; baseline -0.004 -8"><span class='ocrx_word' id='word_1_189' title='bbox 602 2905 858 2960; x_wconf 89' lang='lat' dir='ltr'><strong>unionem</strong></span> <span class='ocrx_word' id='word_1_190' title='bbox 906 2907 1214 2961; x_wconf 85' lang='lat' dir='ltr'><strong>coeuntium</strong></span> <span class='ocrx_word' id='word_1_191' title='bbox 1254 2904 1642 2966; x_wconf 85' lang='lat' dir='ltr'><strong>diversitatem,</strong></span> <span class='ocrx_word' id='word_1_192' title='bbox 1697 2917 1804 2956; x_wconf 91' lang='lat' dir='ltr'><strong>non</strong></span> <span class='ocrx_word' id='word_1_193' title='bbox 1860 2901 1992 2956; x_wconf 88' lang='lat' dir='ltr'><strong>duos</strong></span> <span class='ocrx_word' id='word_1_194' title='bbox 2023 2899 2184 2965; x_wconf 89' lang='lat' dir='ltr'><strong>ﬁlios,</strong></span> 
     </span>
    </p>
   </div>
   <div class='ocr_carea' id='block_1_31' title="bbox 605 2993 2187 3057">
    <p class='ocr_par' dir='ltr' id='par_1_31' title="bbox 605 2993 2187 3057">
     <span class='ocr_line' id='line_1_31' title="bbox 605 2993 2187 3057; baseline -0.005 -5"><span class='ocrx_word' id='word_1_195' title='bbox 605 3009 696 3052; x_wconf 87' lang='lat' dir='ltr'><strong>aut</strong></span> <span class='ocrx_word' id='word_1_196' title='bbox 740 2998 1054 3051; x_wconf 86' lang='lat' dir='ltr'><strong>dualitatem</strong></span> <span class='ocrx_word' id='word_1_197' title='bbox 1120 2996 1352 3050; x_wconf 87' lang='lat' dir='ltr'><strong>ﬁliorum</strong></span> <span class='ocrx_word' id='word_1_198' title='bbox 1403 2993 1743 3057; x_wconf 90' lang='lat' dir='ltr'><strong>inducimus,</strong></span> <span class='ocrx_word' id='word_1_199' title='bbox 1776 3006 1964 3046; x_wconf 91' lang='lat' dir='ltr'><strong>omnes</strong></span> <span class='ocrx_word' id='word_1_200' title='bbox 2007 2999 2187 3045; x_wconf 89' lang='lat' dir='ltr'><strong>autem</strong></span> 
     </span>
    </p>
   </div>
   <div class='ocr_carea' id='block_1_32' title="bbox 605 3083 2186 3155">
    <p class='ocr_par' dir='ltr' id='par_1_32' title="bbox 605 3083 2186 3155">
     <span class='ocr_line' id='line_1_32' title="bbox 605 3083 2186 3155; baseline -0.008 -9"><span class='ocrx_word' id='word_1_201' title='bbox 605 3090 808 3147; x_wconf 89' lang='lat' dir='ltr'><strong>Christi</strong></span> <span class='ocrx_word' id='word_1_202' title='bbox 851 3089 1112 3150; x_wconf 82' lang='lat' dir='ltr'><strong>actiones,</strong></span> <span class='ocrx_word' id='word_1_203' title='bbox 1154 3101 1274 3155; x_wconf 78' lang='lat' dir='ltr'><strong>quae</strong></span> <span class='ocrx_word' id='word_1_204' title='bbox 1301 3086 1488 3154; x_wconf 90' lang='lat' dir='ltr'><strong>utique</strong></span> <span class='ocrx_word' id='word_1_205' title='bbox 1517 3083 1868 3148; x_wconf 64' lang='lat' dir='ltr'><strong>theandricze,</strong></span> <span class='ocrx_word' id='word_1_206' title='bbox 1921 3083 2024 3136; x_wconf 90' lang='lat' dir='ltr'><strong>hoc</strong></span> <span class='ocrx_word' id='word_1_207' title='bbox 2080 3089 2186 3146; x_wconf 89' lang='lat' dir='ltr'><strong>est,</strong></span> 
     </span>
    </p>
   </div>
   <div class='ocr_carea' id='block_1_33' title="bbox 605 3172 2188 3242">
    <p class='ocr_par' dir='ltr' id='par_1_33' title="bbox 605 3172 2188 3242">
     <span class='ocr_line' id='line_1_33' title="bbox 605 3172 2188 3242; baseline -0.008 -5"><span class='ocrx_word' id='word_1_208' title='bbox 605 3183 699 3238; x_wconf 91' lang='lat' dir='ltr'><strong>Dei</strong></span> <span class='ocrx_word' id='word_1_209' title='bbox 731 3180 892 3236; x_wconf 86' lang='lat' dir='ltr'><strong>simul</strong></span> <span class='ocrx_word' id='word_1_210' title='bbox 920 3187 975 3233; x_wconf 89' lang='lat' dir='ltr'><strong>et</strong></span> <span class='ocrx_word' id='word_1_211' title='bbox 999 3178 1256 3242; x_wconf 86' lang='lat' dir='ltr'><strong>hominis,</strong></span> <span class='ocrx_word' id='word_1_212' title='bbox 1285 3185 1463 3241; x_wconf 88' lang='lat' dir='ltr'><strong>erant,</strong></span> <span class='ocrx_word' id='word_1_213' title='bbox 1492 3175 1584 3229; x_wconf 90' lang='lat' dir='ltr'><strong>uni</strong></span> <span class='ocrx_word' id='word_1_214' title='bbox 1608 3175 1913 3229; x_wconf 88' lang='lat' dir='ltr'><strong>tribuimus.</strong></span> <span class='ocrx_word' id='word_1_215' title='bbox 1949 3172 2084 3227; x_wconf 88' lang='lat' dir='ltr'><strong>Nam</strong></span> <span class='ocrx_word' id='word_1_216' title='bbox 2128 3179 2188 3226; x_wconf 89' lang='lat' dir='ltr'><strong>ut</strong></span> 
     </span>
    </p>
   </div>
   <div class='ocr_carea' id='block_1_34' title="bbox 2217 1887 2265 1948">
    <p class='ocr_par' dir='ltr' id='par_1_34' title="bbox 2217 1887 2265 1948">
     <span class='ocr_line' id='line_1_34' title="bbox 2217 1887 2265 1948; baseline 0 0"><span class='ocrx_word' id='word_1_217' title='bbox 2217 1887 2265 1948; x_wconf 92' lang='lat' dir='ltr'><strong>B</strong></span> 
     </span>
    </p>
   </div>
   <div class='ocr_carea' id='block_1_35' title="bbox 2282 610 3748 684">
    <p class='ocr_par' dir='ltr' id='par_1_35' title="bbox 2282 610 3748 684">
     <span class='ocr_line' id='line_1_35' title="bbox 2282 610 3748 684; baseline 0.008 -23"><span class='ocrx_word' id='word_1_218' title='bbox 2282 612 2650 668; x_wconf 79' lang='grc' dir='ltr'><strong>συνουσίωσις⁵</strong></span> <span class='ocrx_word' id='word_1_219' title='bbox 2683 610 2907 664; x_wconf 73' lang='grc' dir='ltr'><strong>ἐντεῦθεν</strong></span> <span class='ocrx_word' id='word_1_220' title='bbox 2934 613 3020 665; x_wconf 80' lang='grc' dir='ltr'><strong>τὸν</strong></span> <span class='ocrx_word' id='word_1_221' title='bbox 3062 611 3225 666; x_wconf 68' lang='grc' dir='ltr'><strong>αὑτὸν</strong></span> <span class='ocrx_word' id='word_1_222' title='bbox 3274 612 3468 666; x_wconf 81' lang='grc' dir='ltr'><strong>κτιστὸν</strong></span> <span class='ocrx_word' id='word_1_223' title='bbox 3503 619 3572 670; x_wconf 75' lang='grc' dir='ltr'><strong>καί</strong></span> <span class='ocrx_word' id='word_1_224' title='bbox 3593 616 3748 684; x_wconf 61' lang='grc' dir='ltr'><strong>ἄπιστε,</strong></span> 
     </span>
    </p>
   </div>
   <div class='ocr_carea' id='block_1_36' title="bbox 2281 696 3750 785">
    <p class='ocr_par' dir='ltr' id='par_1_36' title="bbox 2281 696 3750 785">
     <span class='ocr_line' id='line_1_36' title="bbox 2281 696 3750 785; baseline 0.006 -34"><span class='ocrx_word' id='word_1_225' title='bbox 2281 696 2634 771; x_wconf 79' lang='grc' dir='ltr'><strong>ὁμολογοῦμεν,</strong></span> <span class='ocrx_word' id='word_1_226' title='bbox 2665 700 2962 774; x_wconf 80' lang='grc' dir='ltr'><strong>προαιὼνιόν</strong></span> <span class='ocrx_word' id='word_1_227' title='bbox 3005 724 3058 758; x_wconf 90' lang='grc' dir='ltr'><strong>τε</strong></span> <span class='ocrx_word' id='word_1_228' title='bbox 3115 706 3205 756; x_wconf 77' lang='grc' dir='ltr'><strong>καί</strong></span> <span class='ocrx_word' id='word_1_229' title='bbox 3251 703 3577 779; x_wconf 75' lang='grc' dir='ltr'><strong>ύπέρχρονον,</strong></span> <span class='ocrx_word' id='word_1_230' title='bbox 3603 715 3750 785; x_wconf 57' lang='grc' dir='ltr'><strong>οὖρῂιῇ</strong></span> 
     </span>
    </p>
   </div>
   <div class='ocr_carea' id='block_1_37' title="bbox 2283 792 3747 874">
    <p class='ocr_par' dir='ltr' id='par_1_37' title="bbox 2283 792 3747 874">
     <span class='ocr_line' id='line_1_37' title="bbox 2283 792 3747 874; baseline 0.012 -31"><span class='ocrx_word' id='word_1_231' title='bbox 2283 809 2338 844; x_wconf 89' lang='grc' dir='ltr'><strong>τε</strong></span> <span class='ocrx_word' id='word_1_232' title='bbox 2389 792 2478 844; x_wconf 80' lang='grc' dir='ltr'><strong>καί</strong></span> <span class='ocrx_word' id='word_1_233' title='bbox 2528 792 2776 864; x_wconf 76' lang='grc' dir='ltr'><strong>ἐπίγειον,</strong></span> <span class='ocrx_word' id='word_1_234' title='bbox 2828 793 3178 868; x_wconf 79' lang='grc' dir='ltr'><strong>περίγραπτὸν</strong></span> <span class='ocrx_word' id='word_1_235' title='bbox 3230 815 3285 847; x_wconf 84' lang='grc' dir='ltr'><strong>τε</strong></span> <span class='ocrx_word' id='word_1_236' title='bbox 3335 797 3416 848; x_wconf 74' lang='grc' dir='ltr'><strong>καί</strong></span> <span class='ocrx_word' id='word_1_237' title='bbox 3457 798 3747 874; x_wconf 68' lang='grc' dir='ltr'><strong>ἁπερίγραπτιτ,</strong></span> 
     </span>
    </p>
   </div>
   <div class='ocr_carea' id='block_1_38' title="bbox 2282 881 3749 963">
    <p class='ocr_par' dir='ltr' id='par_1_38' title="bbox 2282 881 3749 963">
     <span class='ocr_line' id='line_1_38' title="bbox 2282 881 3749 963; baseline 0.007 -28"><span class='ocrx_word' id='word_1_238' title='bbox 2282 881 2501 940; x_wconf 75' lang='grc' dir='ltr'><strong>παθητόν</strong></span> <span class='ocrx_word' id='word_1_239' title='bbox 2537 902 2588 937; x_wconf 85' lang='grc' dir='ltr'><strong>τε</strong></span> <span class='ocrx_word' id='word_1_240' title='bbox 2618 887 2702 937; x_wconf 81' lang='grc' dir='ltr'><strong>καί</strong></span> <span class='ocrx_word' id='word_1_241' title='bbox 2747 885 2937 950; x_wconf 81' lang='grc' dir='ltr'><strong>ἀπαθῆ,</strong></span> <span class='ocrx_word' id='word_1_242' title='bbox 2983 889 3226 961; x_wconf 75' lang='grc' dir='ltr'><strong>ἀμήτορα</strong></span> <span class='ocrx_word' id='word_1_243' title='bbox 3269 890 3354 941; x_wconf 82' lang='grc' dir='ltr'><strong>καί</strong></span> <span class='ocrx_word' id='word_1_244' title='bbox 3395 889 3673 963; x_wconf 68' lang='grc' dir='ltr'><strong>ἆπὰτορα,τὲ</strong></span> <span class='ocrx_word' id='word_1_245' title='bbox 3703 906 3749 953; x_wconf 54' lang='lat' dir='ltr'><strong>ab</strong></span> 
     </span>
    </p>
   </div>
   <div class='ocr_carea' id='block_1_39' title="bbox 2283 959 3748 1057">
    <p class='ocr_par' dir='ltr' id='par_1_39' title="bbox 2283 971 3748 1057">
     <span class='ocr_line' id='line_1_39' title="bbox 2283 971 3748 1057; baseline 0.008 -29"><span class='ocrx_word' id='word_1_246' title='bbox 2283 971 2369 1028; x_wconf 80' lang='grc' dir='ltr'><strong>διὰ</strong></span> <span class='ocrx_word' id='word_1_247' title='bbox 2421 980 2508 1034; x_wconf 77' lang='grc' dir='ltr'><strong>τήν</strong></span> <span class='ocrx_word' id='word_1_248' title='bbox 2555 971 2813 1048; x_wconf 77' lang='grc' dir='ltr'><strong>ἆρῤητον,</strong></span> <span class='ocrx_word' id='word_1_249' title='bbox 2875 982 2961 1032; x_wconf 78' lang='grc' dir='ltr'><strong>καί</strong></span> <span class='ocrx_word' id='word_1_250' title='bbox 3006 975 3280 1055; x_wconf 77' lang='grc' dir='ltr'><strong>ἄναρχον,</strong></span> <span class='ocrx_word' id='word_1_251' title='bbox 3332 982 3411 1034; x_wconf 81' lang='grc' dir='ltr'><strong>καί</strong></span> <span class='ocrx_word' id='word_1_252' title='bbox 3463 989 3692 1057; x_wconf 58' lang='lat' dir='ltr'><strong>«panicium</strong></span> <span class='ocrx_word' id='word_1_253' title='bbox 3721 996 3748 1047; x_wconf 76' lang='grc' dir='ltr'><strong>ἐι</strong></span> 
     </span>
    </p>
   </div>
   <div class='ocr_carea' id='block_1_40' title="bbox 2285 1068 3750 1153">
    <p class='ocr_par' dir='ltr' id='par_1_40' title="bbox 2285 1068 3750 1153">
     <span class='ocr_line' id='line_1_40' title="bbox 2285 1068 3750 1153; baseline 0.01 -32"><span class='ocrx_word' id='word_1_254' title='bbox 2285 1068 2482 1142; x_wconf 80' lang='grc' dir='ltr'><strong>Πατρὸς</strong></span> <span class='ocrx_word' id='word_1_255' title='bbox 2514 1071 2762 1141; x_wconf 80' lang='grc' dir='ltr'><strong>γέννησιν,</strong></span> <span class='ocrx_word' id='word_1_256' title='bbox 2807 1072 2864 1126; x_wconf 81' lang='grc' dir='ltr'>τὸ</span> <span class='ocrx_word' id='word_1_257' title='bbox 2893 1070 2946 1126; x_wconf 80' lang='grc' dir='ltr'><em>δέ</em></span> <span class='ocrx_word' id='word_1_258' title='bbox 2997 1070 3081 1127; x_wconf 72' lang='grc' dir='ltr'><strong>διὰ</strong></span> <span class='ocrx_word' id='word_1_259' title='bbox 3135 1078 3229 1131; x_wconf 71' lang='grc' dir='ltr'><strong>τὴν</strong></span> <span class='ocrx_word' id='word_1_260' title='bbox 3268 1076 3508 1146; x_wconf 71' lang='grc' dir='ltr'><strong>καθ’ἦμᾶς</strong></span> <span class='ocrx_word' id='word_1_261' title='bbox 3547 1085 3697 1153; x_wconf 51' lang='lat' dir='ltr'><strong>ape-eiu</strong></span> <span class='ocrx_word' id='word_1_262' title='bbox 3721 1107 3750 1139; x_wconf 71' lang='grc' dir='ltr'><strong>τε</strong></span> 
     </span>
    </p>
   </div>
   <div class='ocr_carea' id='block_1_41' title="bbox 2286 1161 3751 1241">
    <p class='ocr_par' dir='ltr' id='par_1_41' title="bbox 2286 1161 3751 1241">
     <span class='ocr_line' id='line_1_41' title="bbox 2286 1161 3751 1241; baseline 0.007 -29"><span class='ocrx_word' id='word_1_263' title='bbox 2286 1164 2367 1214; x_wconf 74' lang='grc' dir='ltr'><strong>καί</strong></span> <span class='ocrx_word' id='word_1_264' title='bbox 2405 1161 2730 1234; x_wconf 80' lang='grc' dir='ltr'><strong>ἀπερινὸητον</strong></span> <span class='ocrx_word' id='word_1_265' title='bbox 2777 1163 2977 1227; x_wconf 79' lang='grc' dir='ltr'><strong>ἕνωσιν,</strong></span> <span class='ocrx_word' id='word_1_266' title='bbox 3011 1167 3095 1218; x_wconf 79' lang='grc' dir='ltr'><strong>καὶ</strong></span> <span class='ocrx_word' id='word_1_267' title='bbox 3143 1161 3240 1218; x_wconf 80' lang='grc' dir='ltr'><strong>δύο</strong></span> <span class='ocrx_word' id='word_1_268' title='bbox 3282 1165 3434 1218; x_wconf 73' lang='grc' dir='ltr'><strong>αὐτοῦ</strong></span> <span class='ocrx_word' id='word_1_269' title='bbox 3481 1168 3556 1227; x_wconf 78' lang='grc' dir='ltr'><strong>τὰς</strong></span> <span class='ocrx_word' id='word_1_270' title='bbox 3588 1178 3751 1241; x_wconf 64' lang='grc' dir='ltr'><strong>γεννήσεις</strong></span> 
     </span>
    </p>
   </div>
   <div class='ocr_carea' id='block_1_42' title="bbox 2287 1255 3751 1335">
    <p class='ocr_par' dir='ltr' id='par_1_42' title="bbox 2287 1255 3751 1335">
     <span class='ocr_line' id='line_1_42' title="bbox 2287 1255 3751 1335; baseline 0.002 -25"><span class='ocrx_word' id='word_1_271' title='bbox 2287 1255 2624 1331; x_wconf 77' lang='grc' dir='ltr'><strong>κηρύσσομεν,</strong></span> <span class='ocrx_word' id='word_1_272' title='bbox 2667 1257 3054 1318; x_wconf 80' lang='grc' dir='ltr'><strong>ἀκαταλήπτους</strong></span> <span class='ocrx_word' id='word_1_273' title='bbox 3074 1298 3087 1321; x_wconf 90' lang='grc'><strong>,</strong></span> <span class='ocrx_word' id='word_1_274' title='bbox 3119 1262 3207 1310; x_wconf 80' lang='grc' dir='ltr'><strong>καί</strong></span> <span class='ocrx_word' id='word_1_275' title='bbox 3237 1259 3367 1333; x_wconf 78' lang='grc' dir='ltr'><strong>ύπέρ</strong></span> <span class='ocrx_word' id='word_1_276' title='bbox 3394 1259 3523 1331; x_wconf 64' lang='grc' dir='ltr'><strong>λόγον</strong></span> <span class='ocrx_word' id='word_1_277' title='bbox 3558 1273 3751 1335; x_wconf 49' lang='grc' dir='ltr'><strong>τυγχανφῴ</strong></span> 
     </span>
    </p>
   </div>
   <div class='ocr_carea' id='block_1_43' title="bbox 2289 1343 3749 1426">
    <p class='ocr_par' dir='ltr' id='par_1_43' title="bbox 2289 1343 3749 1426">
     <span class='ocr_line' id='line_1_43' title="bbox 2289 1343 3749 1426; baseline 0.005 -28"><span class='ocrx_word' id='word_1_278' title='bbox 2289 1360 2405 1405; x_wconf 68' lang='lat' dir='ltr'><strong>cett“</strong></span> <span class='ocrx_word' id='word_1_279' title='bbox 2455 1343 2608 1422; x_wconf 84' lang='grc' dir='ltr'><strong>ὁγὰρ</strong></span> <span class='ocrx_word' id='word_1_280' title='bbox 2649 1347 2698 1400; x_wconf 79' lang='grc' dir='ltr'><strong>ἓν</strong></span> <span class='ocrx_word' id='word_1_281' title='bbox 2737 1357 2896 1424; x_wconf 76' lang='grc' dir='ltr'><strong>μορφῇ</strong></span> <span class='ocrx_word' id='word_1_282' title='bbox 2933 1355 3056 1404; x_wconf 87' lang='grc' dir='ltr'><strong>Θεοῦ</strong></span> <span class='ocrx_word' id='word_1_283' title='bbox 3114 1355 3382 1426; x_wconf 78' lang='grc' dir='ltr'><strong>ὑπαρχων</strong></span> <span class='ocrx_word' id='word_1_284' title='bbox 3423 1361 3644 1425; x_wconf 69' lang='grc' dir='ltr'><strong>μονογενής</strong></span> <span class='ocrx_word' id='word_1_285' title='bbox 3673 1361 3749 1424; x_wconf 59' lang='grc' dir='ltr'><strong>ῐεές,</strong></span> 
     </span>
    </p>
   </div>
   <div class='ocr_carea' id='block_1_44' title="bbox 2289 1433 3750 1514">
    <p class='ocr_par' dir='ltr' id='par_1_44' title="bbox 2289 1433 3750 1514">
     <span class='ocr_line' id='line_1_44' title="bbox 2289 1433 3750 1514; baseline 0.01 -24"><span class='ocrx_word' id='word_1_286' title='bbox 2289 1434 2315 1490; x_wconf 83' lang='grc' dir='ltr'>ὁ</span> <span class='ocrx_word' id='word_1_287' title='bbox 2364 1433 2429 1490; x_wconf 83' lang='grc' dir='ltr'><strong>ὢν</strong></span> <span class='ocrx_word' id='word_1_288' title='bbox 2467 1438 2515 1489; x_wconf 82' lang='grc' dir='ltr'><strong>ἐν</strong></span> <span class='ocrx_word' id='word_1_289' title='bbox 2557 1445 2672 1499; x_wconf 80' lang='grc' dir='ltr'><strong>τοῖς</strong></span> <span class='ocrx_word' id='word_1_290' title='bbox 2700 1439 2898 1500; x_wconf 80' lang='grc' dir='ltr'><strong>κόλποις</strong></span> <span class='ocrx_word' id='word_1_291' title='bbox 2925 1445 3017 1495; x_wconf 86' lang='grc' dir='ltr'><strong>τοῦ</strong></span> <span class='ocrx_word' id='word_1_292' title='bbox 3049 1444 3275 1514; x_wconf 75' lang='grc' dir='ltr'><strong>Πατρός,</strong></span> <span class='ocrx_word' id='word_1_293' title='bbox 3303 1445 3545 1499; x_wconf 76' lang='grc' dir='ltr'><strong>τουτέστιν</strong></span> <span class='ocrx_word' id='word_1_294' title='bbox 3572 1447 3646 1500; x_wconf 80' lang='grc' dir='ltr'><strong>ὁέν</strong></span> <span class='ocrx_word' id='word_1_295' title='bbox 3665 1457 3750 1506; x_wconf 68' lang='lat' dir='ltr'><strong>eiei:</strong></span> 
     </span>
    </p>
   </div>
   <div class='ocr_carea' id='block_1_45' title="bbox 2287 1515 3750 1607">
    <p class='ocr_par' dir='ltr' id='par_1_45' title="bbox 2287 1515 3750 1607">
     <span class='ocr_line' id='line_1_45' title="bbox 2287 1515 3750 1607; baseline 0.006 -22"><span class='ocrx_word' id='word_1_296' title='bbox 2287 1537 2379 1585; x_wconf 82' lang='grc' dir='ltr'><strong>τοῦ</strong></span> <span class='ocrx_word' id='word_1_297' title='bbox 2417 1531 2610 1606; x_wconf 77' lang='grc' dir='ltr'><strong>Πατρός</strong></span> <span class='ocrx_word' id='word_1_298' title='bbox 2651 1535 2950 1606; x_wconf 51' lang='lat' dir='ltr'><strong>«pueritia-uo;</strong></span> <span class='ocrx_word' id='word_1_299' title='bbox 2999 1535 3048 1598; x_wconf 84' lang='grc' dir='ltr'><strong>ἐξ</strong></span> <span class='ocrx_word' id='word_1_300' title='bbox 3081 1538 3246 1590; x_wconf 73' lang='grc' dir='ltr'><strong>αὑτοῦ</strong></span> <span class='ocrx_word' id='word_1_301' title='bbox 3293 1536 3561 1607; x_wconf 59' lang='grc' dir='ltr'><strong>ἐκλάμψας,</strong></span> <span class='ocrx_word' id='word_1_302' title='bbox 3587 1541 3648 1594; x_wconf 72' lang='grc' dir='ltr'><strong>ἐπὶ</strong></span> 
     </span>
    </p>
   </div>
   <div class='ocr_carea' id='block_1_46' title="bbox 2287 1621 3751 1696">
    <p class='ocr_par' dir='ltr' id='par_1_46' title="bbox 2287 1621 3751 1696">
     <span class='ocr_line' id='line_1_46' title="bbox 2287 1621 3751 1696; baseline 0.009 -20"><span class='ocrx_word' id='word_1_303' title='bbox 2287 1621 2452 1696; x_wconf 77' lang='grc' dir='ltr'><strong>τελείᾳ</strong></span> <span class='ocrx_word' id='word_1_304' title='bbox 2492 1630 2590 1677; x_wconf 84' lang='grc' dir='ltr'><strong>τῶν</strong></span> <span class='ocrx_word' id='word_1_305' title='bbox 2634 1625 2846 1687; x_wconf 82' lang='grc' dir='ltr'><strong>αἰώνων,</strong></span> <span class='ocrx_word' id='word_1_306' title='bbox 2879 1626 3057 1681; x_wconf 78' lang='grc' dir='ltr'><strong>ἑαυτὸν</strong></span> <span class='ocrx_word' id='word_1_307' title='bbox 3094 1629 3361 1694; x_wconf 77' lang='grc' dir='ltr'><strong>κεκένωκε,</strong></span> <span class='ocrx_word' id='word_1_308' title='bbox 3389 1633 3465 1683; x_wconf 78' lang='grc' dir='ltr'><strong>καί</strong></span> <span class='ocrx_word' id='word_1_309' title='bbox 3485 1636 3560 1689; x_wconf 75' lang='grc' dir='ltr'><strong>τὴν</strong></span> <span class='ocrx_word' id='word_1_310' title='bbox 3589 1640 3653 1687; x_wconf 79' lang='grc' dir='ltr'><strong>τοῦ</strong></span> <span class='ocrx_word' id='word_1_311' title='bbox 3682 1634 3751 1689; x_wconf 62' lang='grc' dir='ltr'><strong>δοί-</strong></span> 
     </span>
    </p>
   </div>
   <div class='ocr_carea' id='block_1_47' title="bbox 2287 1714 3644 1792">
    <p class='ocr_par' dir='ltr' id='par_1_47' title="bbox 2287 1714 3644 1792">
     <span class='ocr_line' id='line_1_47' title="bbox 2287 1714 3644 1792; baseline 0.007 -24"><span class='ocrx_word' id='word_1_312' title='bbox 2287 1714 2376 1769; x_wconf 87' lang='grc' dir='ltr'><strong>λου</strong></span> <span class='ocrx_word' id='word_1_313' title='bbox 2404 1719 2592 1791; x_wconf 65' lang='grc' dir='ltr'><strong>μορφήν</strong></span> <span class='ocrx_word' id='word_1_314' title='bbox 2616 1716 2850 1772; x_wconf 75' lang='grc' dir='ltr'><strong>ἀνέλαϐεν</strong></span> <span class='ocrx_word' id='word_1_315' title='bbox 2866 1757 2884 1785; x_wconf 85' lang='grc'><strong>,</strong></span> <span class='ocrx_word' id='word_1_316' title='bbox 2910 1716 2938 1772; x_wconf 83' lang='grc' dir='ltr'>ὅ</span> <span class='ocrx_word' id='word_1_317' title='bbox 2964 1720 3077 1775; x_wconf 77' lang='grc' dir='ltr'><strong>ἐστι</strong></span> <span class='ocrx_word' id='word_1_318' title='bbox 3103 1724 3198 1778; x_wconf 78' lang='grc' dir='ltr'><strong>τήν</strong></span> <span class='ocrx_word' id='word_1_319' title='bbox 3229 1721 3468 1792; x_wconf 73' lang='grc' dir='ltr'><strong>ἡμετέραν</strong></span> <span class='ocrx_word' id='word_1_320' title='bbox 3491 1723 3644 1777; x_wconf 75' lang='grc' dir='ltr'><strong>οὐσίαν.</strong></span> 
     </span>
    </p>
   </div>
   <div class='ocr_carea' id='block_1_48' title="bbox 2361 1973 3750 2062">
    <p class='ocr_par' dir='ltr' id='par_1_48' title="bbox 2361 1973 3750 2062">
     <span class='ocr_line' id='line_1_48' title="bbox 2361 1973 3750 2062; baseline 0.012 -34"><span class='ocrx_word' id='word_1_321' title='bbox 2361 1984 2412 2029; x_wconf 86' lang='lat' dir='ltr'><strong>&#39;ll</strong></span> <span class='ocrx_word' id='word_1_322' title='bbox 2455 1977 2502 2030; x_wconf 80' lang='grc' dir='ltr'><strong>ἐν</strong></span> <span class='ocrx_word' id='word_1_323' title='bbox 2546 1986 2751 2052; x_wconf 79' lang='grc' dir='ltr'><strong>Χριστῷ</strong></span> <span class='ocrx_word' id='word_1_324' title='bbox 2797 1973 2885 2035; x_wconf 72' lang='grc' dir='ltr'><strong>οὖν</strong></span> <span class='ocrx_word' id='word_1_325' title='bbox 2921 1981 3025 2036; x_wconf 80' lang='grc' dir='ltr'><strong>καθ’</strong></span> <span class='ocrx_word' id='word_1_326' title='bbox 3046 1982 3343 2040; x_wconf 86' lang='grc' dir='ltr'><strong>ύπὸστασιν</strong></span> <span class='ocrx_word' id='word_1_327' title='bbox 3386 1984 3571 2054; x_wconf 77' lang='grc' dir='ltr'><strong>ἕνωσιε,</strong></span> <span class='ocrx_word' id='word_1_328' title='bbox 3596 1987 3676 2044; x_wconf 63' lang='lat' dir='ltr'><strong>illa</strong></span> <span class='ocrx_word' id='word_1_329' title='bbox 3701 1998 3750 2062; x_wconf 64' lang='grc' dir='ltr'><strong>μὲν</strong></span> 
     </span>
    </p>
   </div>
   <div class='ocr_carea' id='block_1_49' title="bbox 2289 2066 3751 2150">
    <p class='ocr_par' dir='ltr' id='par_1_49' title="bbox 2289 2066 3751 2150">
     <span class='ocr_line' id='line_1_49' title="bbox 2289 2066 3751 2150; baseline 0.01 -28"><span class='ocrx_word' id='word_1_330' title='bbox 2289 2067 2418 2140; x_wconf 80' lang='grc' dir='ltr'><strong>πρὸς</strong></span> <span class='ocrx_word' id='word_1_331' title='bbox 2451 2066 2570 2124; x_wconf 72' lang='grc' dir='ltr'><strong>ἅὶλο</strong></span> <span class='ocrx_word' id='word_1_332' title='bbox 2609 2073 2673 2124; x_wconf 76' lang='grc' dir='ltr'><strong>τὰ</strong></span> <span class='ocrx_word' id='word_1_333' title='bbox 2709 2073 2758 2136; x_wconf 74' lang='grc' dir='ltr'><strong>ἑξ</strong></span> <span class='ocrx_word' id='word_1_334' title='bbox 2804 2068 2870 2126; x_wconf 81' lang='grc' dir='ltr'><strong>ὧν</strong></span> <span class='ocrx_word' id='word_1_335' title='bbox 2913 2072 2940 2128; x_wconf 86' lang='grc' dir='ltr'>ὁ</span> <span class='ocrx_word' id='word_1_336' title='bbox 2994 2081 3205 2146; x_wconf 76' lang='grc' dir='ltr'><strong>Σωτὴρ,</strong></span> <span class='ocrx_word' id='word_1_337' title='bbox 3255 2079 3484 2150; x_wconf 80' lang='grc' dir='ltr'><strong>συνάγει·</strong></span> <span class='ocrx_word' id='word_1_338' title='bbox 3528 2077 3603 2134; x_wconf 76' lang='grc' dir='ltr'><strong>οἷον</strong></span> <span class='ocrx_word' id='word_1_339' title='bbox 3639 2081 3678 2138; x_wconf 72' lang='grc' dir='ltr'><strong>δὴ</strong></span> <span class='ocrx_word' id='word_1_340' title='bbox 3705 2086 3751 2137; x_wconf 60' lang='lat' dir='ltr'><strong>rit</strong></span> 
     </span>
    </p>
   </div>
   <div class='ocr_carea' id='block_1_50' title="bbox 2290 2161 3748 2243">
    <p class='ocr_par' dir='ltr' id='par_1_50' title="bbox 2290 2161 3748 2243">
     <span class='ocr_line' id='line_1_50' title="bbox 2290 2161 3748 2243; baseline 0.01 -29"><span class='ocrx_word' id='word_1_341' title='bbox 2290 2161 2502 2236; x_wconf 84' lang='grc' dir='ltr'><strong>ἀόρατον</strong></span> <span class='ocrx_word' id='word_1_342' title='bbox 2535 2167 2619 2217; x_wconf 81' lang='grc' dir='ltr'><strong>καί</strong></span> <span class='ocrx_word' id='word_1_343' title='bbox 2651 2163 2919 2238; x_wconf 80' lang='grc' dir='ltr'><strong>ὁρώμενον,</strong></span> <span class='ocrx_word' id='word_1_344' title='bbox 2946 2169 3172 2226; x_wconf 82' lang='grc' dir='ltr'><strong>παθητὸν</strong></span> <span class='ocrx_word' id='word_1_345' title='bbox 3200 2171 3287 2223; x_wconf 77' lang='grc' dir='ltr'><strong>καί</strong></span> <span class='ocrx_word' id='word_1_346' title='bbox 3313 2170 3558 2243; x_wconf 74' lang='grc' dir='ltr'><strong>ἀκήρατον,</strong></span> <span class='ocrx_word' id='word_1_347' title='bbox 3587 2174 3648 2226; x_wconf 75' lang='grc' dir='ltr'><strong>οὐκ</strong></span> <span class='ocrx_word' id='word_1_348' title='bbox 3664 2171 3748 2228; x_wconf 58' lang='lat' dir='ltr'><strong>illa</strong></span> 
     </span>
    </p>
   </div>
   <div class='ocr_carea' id='block_1_51' title="bbox 2290 2249 3748 2329">
    <p class='ocr_par' dir='ltr' id='par_1_51' title="bbox 2290 2249 3748 2329">
     <span class='ocr_line' id='line_1_51' title="bbox 2290 2249 3748 2329; baseline 0.011 -24"><span class='ocrx_word' id='word_1_349' title='bbox 2290 2249 2344 2306; x_wconf 68' lang='grc' dir='ltr'><strong>δὲ</strong></span> <span class='ocrx_word' id='word_1_350' title='bbox 2370 2257 2458 2307; x_wconf 82' lang='grc' dir='ltr'><strong>καὶ</strong></span> <span class='ocrx_word' id='word_1_351' title='bbox 2490 2252 2634 2309; x_wconf 78' lang='grc' dir='ltr'><strong>ἄλλον</strong></span> <span class='ocrx_word' id='word_1_352' title='bbox 2671 2261 2742 2329; x_wconf 77' lang='grc' dir='ltr'><strong><em>μή</em></strong></span> <span class='ocrx_word' id='word_1_353' title='bbox 2775 2260 2987 2329; x_wconf 66' lang='grc' dir='ltr'><strong>γένοῖτο.</strong></span> <span class='ocrx_word' id='word_1_354' title='bbox 3035 2261 3161 2315; x_wconf 80' lang='grc' dir='ltr'><strong>Θεὸν</strong></span> <span class='ocrx_word' id='word_1_355' title='bbox 3192 2264 3280 2316; x_wconf 85' lang='grc' dir='ltr'><strong>τὸν</strong></span> <span class='ocrx_word' id='word_1_356' title='bbox 3311 2265 3453 2319; x_wconf 80' lang='grc' dir='ltr'><strong>αὑτὸν</strong></span> <span class='ocrx_word' id='word_1_357' title='bbox 3487 2265 3633 2318; x_wconf 72' lang='grc' dir='ltr'><strong>τέλειον</strong></span> <span class='ocrx_word' id='word_1_358' title='bbox 3661 2267 3748 2322; x_wconf 65' lang='grc' dir='ltr'><strong>ὦλιθὲ</strong></span> 
     </span>
    </p>
   </div>
   <div class='ocr_carea' id='block_1_52' title="bbox 2289 2341 3749 2431">
    <p class='ocr_par' dir='ltr' id='par_1_52' title="bbox 2289 2341 3749 2431">
     <span class='ocr_line' id='line_1_52' title="bbox 2289 2341 3749 2431; baseline 0.012 -37"><span class='ocrx_word' id='word_1_359' title='bbox 2289 2346 2372 2398; x_wconf 81' lang='grc' dir='ltr'><strong>καί</strong></span> <span class='ocrx_word' id='word_1_360' title='bbox 2419 2341 2682 2421; x_wconf 79' lang='grc' dir='ltr'><strong>ἄνθρωπον</strong></span> <span class='ocrx_word' id='word_1_361' title='bbox 2737 2349 2922 2404; x_wconf 72' lang='grc' dir='ltr'><strong>τέλειον</strong></span> <span class='ocrx_word' id='word_1_362' title='bbox 2972 2349 3339 2426; x_wconf 79' lang='grc' dir='ltr'><strong>ὁμολογοῦμεν.</strong></span> <span class='ocrx_word' id='word_1_363' title='bbox 3389 2356 3452 2409; x_wconf 86' lang='grc' dir='ltr'><strong>Τὸ</strong></span> <span class='ocrx_word' id='word_1_364' title='bbox 3493 2353 3668 2431; x_wconf 68' lang='grc' dir='ltr'><strong>διάφορον</strong></span> <span class='ocrx_word' id='word_1_365' title='bbox 3695 2365 3749 2412; x_wconf 73' lang='grc' dir='ltr'><strong>τέο</strong></span> 
     </span>
    </p>
   </div>
   <div class='ocr_carea' id='block_1_53' title="bbox 2289 2436 3746 2517">
    <p class='ocr_par' dir='ltr' id='par_1_53' title="bbox 2289 2436 3746 2517">
     <span class='ocr_line' id='line_1_53' title="bbox 2289 2436 3746 2517; baseline 0.007 -29"><span class='ocrx_word' id='word_1_366' title='bbox 2289 2436 2487 2506; x_wconf 80' lang='grc' dir='ltr'><strong>φύσεων</strong></span> <span class='ocrx_word' id='word_1_367' title='bbox 2525 2440 2917 2512; x_wconf 77' lang='grc' dir='ltr'><strong>προσνέμοντες,</strong></span> <span class='ocrx_word' id='word_1_368' title='bbox 2961 2442 3046 2496; x_wconf 83' lang='grc' dir='ltr'><strong>ἕνα</strong></span> <span class='ocrx_word' id='word_1_369' title='bbox 3089 2447 3176 2497; x_wconf 81' lang='grc' dir='ltr'><strong>καὶ</strong></span> <span class='ocrx_word' id='word_1_370' title='bbox 3210 2445 3300 2499; x_wconf 85' lang='grc' dir='ltr'><strong>τὸν</strong></span> <span class='ocrx_word' id='word_1_371' title='bbox 3341 2445 3481 2500; x_wconf 79' lang='grc' dir='ltr'><strong>αὐτὸν</strong></span> <span class='ocrx_word' id='word_1_372' title='bbox 3511 2450 3746 2517; x_wconf 64' lang='grc' dir='ltr'><strong>γινώσκοντες,</strong></span> 
     </span>
    </p>
   </div>
   <div class='ocr_carea' id='block_1_54' title="bbox 2289 2531 3744 2610">
    <p class='ocr_par' dir='ltr' id='par_1_54' title="bbox 2289 2531 3744 2610">
     <span class='ocr_line' id='line_1_54' title="bbox 2289 2531 3744 2610; baseline 0.005 -27"><span class='ocrx_word' id='word_1_373' title='bbox 2289 2531 2368 2583; x_wconf 83' lang='grc' dir='ltr'><strong>καί</strong></span> <span class='ocrx_word' id='word_1_374' title='bbox 2393 2531 2526 2599; x_wconf 85' lang='grc' dir='ltr'><strong>μετά</strong></span> <span class='ocrx_word' id='word_1_375' title='bbox 2554 2535 2644 2589; x_wconf 79' lang='grc' dir='ltr'><strong>τήν</strong></span> <span class='ocrx_word' id='word_1_376' title='bbox 2679 2533 2957 2609; x_wconf 84' lang='grc' dir='ltr'><strong>σᾶρκωσιν,</strong></span> <span class='ocrx_word' id='word_1_377' title='bbox 2997 2537 3086 2589; x_wconf 81' lang='grc' dir='ltr'><strong>οὐκ</strong></span> <span class='ocrx_word' id='word_1_378' title='bbox 3119 2539 3198 2596; x_wconf 78' lang='grc' dir='ltr'><strong>εἰς</strong></span> <span class='ocrx_word' id='word_1_379' title='bbox 3231 2533 3394 2591; x_wconf 82' lang='grc' dir='ltr'>δυάδα</span> <span class='ocrx_word' id='word_1_380' title='bbox 3419 2537 3522 2591; x_wconf 77' lang='grc' dir='ltr'><strong>υίῶν</strong></span> <span class='ocrx_word' id='word_1_381' title='bbox 3544 2542 3744 2610; x_wconf 71' lang='grc' dir='ltr'><strong>μερίζοντες,</strong></span> 
     </span>
    </p>
   </div>
   <div class='ocr_carea' id='block_1_55' title="bbox 2289 2618 3748 2705">
    <p class='ocr_par' dir='ltr' id='par_1_55' title="bbox 2289 2618 3748 2705">
     <span class='ocr_line' id='line_1_55' title="bbox 2289 2618 3748 2705; baseline 0.005 -30"><span class='ocrx_word' id='word_1_382' title='bbox 2289 2618 2372 2676; x_wconf 78' lang='grc' dir='ltr'><strong>διὰ</strong></span> <span class='ocrx_word' id='word_1_383' title='bbox 2411 2623 2470 2677; x_wconf 84' lang='grc' dir='ltr'><strong>τὸ</strong></span> <span class='ocrx_word' id='word_1_384' title='bbox 2515 2623 2737 2698; x_wconf 73' lang='grc' dir='ltr'><strong>ἑτεροῖον</strong></span> <span class='ocrx_word' id='word_1_385' title='bbox 2795 2633 2894 2682; x_wconf 88' lang='grc' dir='ltr'><strong>τῶν</strong></span> <span class='ocrx_word' id='word_1_386' title='bbox 2942 2626 3359 2700; x_wconf 70' lang='grc' dir='ltr'><strong>συνδραμουσῶν</strong></span> <span class='ocrx_word' id='word_1_387' title='bbox 3397 2632 3472 2684; x_wconf 71' lang='grc' dir='ltr'><strong>ἐπί</strong></span> <span class='ocrx_word' id='word_1_388' title='bbox 3586 2630 3748 2683; x_wconf 52' lang='lat' dir='ltr'><strong>remai-</strong></span> 
     </span>
    </p>
   </div>
   <div class='ocr_carea' id='block_1_56' title="bbox 2287 2714 3746 2796">
    <p class='ocr_par' dir='ltr' id='par_1_56' title="bbox 2287 2714 3746 2796">
     <span class='ocr_line' id='line_1_56' title="bbox 2287 2714 3746 2796; baseline 0.005 -29"><span class='ocrx_word' id='word_1_389' title='bbox 2287 2733 2472 2767; x_wconf 91' lang='grc' dir='ltr'><strong>στασιν</strong></span> <span class='ocrx_word' id='word_1_390' title='bbox 2521 2714 2692 2770; x_wconf 71' lang='grc' dir='ltr'><strong>ἕνὼσει</strong></span> <span class='ocrx_word' id='word_1_391' title='bbox 2741 2719 2961 2790; x_wconf 71' lang='grc' dir='ltr'><strong>φύσεων,</strong></span> <span class='ocrx_word' id='word_1_392' title='bbox 3014 2720 3097 2774; x_wconf 85' lang='grc' dir='ltr'><strong>ἶνα</strong></span> <span class='ocrx_word' id='word_1_393' title='bbox 3156 2719 3316 2796; x_wconf 75' lang='grc' dir='ltr'><strong>ἐξωθῇ</strong></span> <span class='ocrx_word' id='word_1_394' title='bbox 3360 2729 3447 2782; x_wconf 80' lang='grc' dir='ltr'><strong>τῆς</strong></span> <span class='ocrx_word' id='word_1_395' title='bbox 3478 2723 3588 2780; x_wconf 77' lang='grc' dir='ltr'><strong>θείας</strong></span> <span class='ocrx_word' id='word_1_396' title='bbox 3618 2720 3746 2780; x_wconf 65' lang='grc' dir='ltr'><strong>τᾶλὲέ</strong></span> 
     </span>
    </p>
   </div>
   <div class='ocr_carea' id='block_1_57' title="bbox 2287 2808 3745 2889">
    <p class='ocr_par' dir='ltr' id='par_1_57' title="bbox 2287 2808 3745 2889">
     <span class='ocr_line' id='line_1_57' title="bbox 2287 2808 3745 2889; baseline 0.005 -30"><span class='ocrx_word' id='word_1_397' title='bbox 2287 2808 2567 2882; x_wconf 81' lang='grc' dir='ltr'><strong>παράφρων</strong></span> <span class='ocrx_word' id='word_1_398' title='bbox 2593 2811 2888 2881; x_wconf 82' lang='grc' dir='ltr'><strong>Νεστόριος,</strong></span> <span class='ocrx_word' id='word_1_399' title='bbox 2918 2813 3084 2868; x_wconf 80' lang='grc' dir='ltr'><strong>πάντα</strong></span> <span class='ocrx_word' id='word_1_400' title='bbox 3115 2812 3174 2868; x_wconf 70' lang='grc' dir='ltr'><strong>δὲ</strong></span> <span class='ocrx_word' id='word_1_401' title='bbox 3199 2817 3265 2871; x_wconf 77' lang='grc' dir='ltr'><strong>τὰ</strong></span> <span class='ocrx_word' id='word_1_402' title='bbox 3291 2824 3380 2875; x_wconf 79' lang='grc' dir='ltr'><strong>τῆς</strong></span> <span class='ocrx_word' id='word_1_403' title='bbox 3403 2816 3639 2889; x_wconf 70' lang='grc' dir='ltr'><strong>Θεανδρικῆς</strong></span> <span class='ocrx_word' id='word_1_404' title='bbox 3655 2819 3745 2868; x_wconf 70' lang='lat' dir='ltr'><strong>cr‘m-i</strong></span> 
     </span>
    </p>
   </div>
   <div class='ocr_carea' id='block_1_58' title="bbox 2288 2897 3744 2980">
    <p class='ocr_par' dir='ltr' id='par_1_58' title="bbox 2288 2897 3744 2980">
     <span class='ocr_line' id='line_1_58' title="bbox 2288 2897 3744 2980; baseline 0.011 -31"><span class='ocrx_word' id='word_1_405' title='bbox 2288 2897 2538 2971; x_wconf 70' lang='grc' dir='ltr'><strong>ἐνεργείας</strong></span> <span class='ocrx_word' id='word_1_406' title='bbox 2580 2900 2955 2957; x_wconf 75' lang='grc' dir='ltr'><strong>ἐπιτελέσαντα.</strong></span> <span class='ocrx_word' id='word_1_407' title='bbox 2987 2909 3070 2965; x_wconf 78' lang='grc' dir='ltr'><strong>Ὠς</strong></span> <span class='ocrx_word' id='word_1_408' title='bbox 3103 2907 3207 2980; x_wconf 77' lang='grc' dir='ltr'><strong>γὰρ</strong></span> <span class='ocrx_word' id='word_1_409' title='bbox 3252 2907 3373 2966; x_wconf 82' lang='grc' dir='ltr'><strong>Θεὸς</strong></span> <span class='ocrx_word' id='word_1_410' title='bbox 3399 2908 3563 2980; x_wconf 73' lang='grc' dir='ltr'><strong>ἐνήργει</strong></span> <span class='ocrx_word' id='word_1_411' title='bbox 3596 2908 3643 2960; x_wconf 76' lang='grc' dir='ltr'><strong>τὰ</strong></span> <span class='ocrx_word' id='word_1_412' title='bbox 3670 2907 3744 2965; x_wconf 72' lang='grc' dir='ltr'><strong>θεῖε.</strong></span> 
     </span>
    </p>
   </div>
   <div class='ocr_carea' id='block_1_59' title="bbox 2288 2984 3744 3074">
    <p class='ocr_par' dir='ltr' id='par_1_59' title="bbox 2288 2984 3744 3074">
     <span class='ocr_line' id='line_1_59' title="bbox 2288 2984 3744 3074; baseline 0.01 -32"><span class='ocrx_word' id='word_1_413' title='bbox 2288 2984 2352 3042; x_wconf 86' lang='grc' dir='ltr'><strong>δι’</strong></span> <span class='ocrx_word' id='word_1_414' title='bbox 2365 2991 2534 3045; x_wconf 82' lang='grc' dir='ltr'><strong>αὐτῶν</strong></span> <span class='ocrx_word' id='word_1_415' title='bbox 2563 2993 2654 3052; x_wconf 81' lang='grc' dir='ltr'><strong>τὰς</strong></span> <span class='ocrx_word' id='word_1_416' title='bbox 2683 2993 2986 3066; x_wconf 79' lang='grc' dir='ltr'><strong>θεοσημείας</strong></span> <span class='ocrx_word' id='word_1_417' title='bbox 3014 2999 3100 3052; x_wconf 78' lang='grc' dir='ltr'><strong>καί</strong></span> <span class='ocrx_word' id='word_1_418' title='bbox 3144 2999 3210 3052; x_wconf 79' lang='grc' dir='ltr'><strong>τὰ</strong></span> <span class='ocrx_word' id='word_1_419' title='bbox 3250 2999 3472 3072; x_wconf 78' lang='grc' dir='ltr'>θαύματα</span> <span class='ocrx_word' id='word_1_420' title='bbox 3509 2998 3744 3074; x_wconf 70' lang='grc' dir='ltr'><strong>ἐργαζόμηκι</strong></span> 
     </span>
    </p>
   </div>
   <div class='ocr_carea' id='block_1_60' title="bbox 2289 3078 3745 3167">
    <p class='ocr_par' dir='ltr' id='par_1_60' title="bbox 2289 3078 3745 3167">
     <span class='ocr_line' id='line_1_60' title="bbox 2289 3078 3745 3167; baseline 0.006 -26"><span class='ocrx_word' id='word_1_421' title='bbox 2289 3081 2358 3141; x_wconf 77' lang='grc' dir='ltr'><strong>ὦς</strong></span> <span class='ocrx_word' id='word_1_422' title='bbox 2388 3078 2650 3156; x_wconf 72' lang='grc' dir='ltr'><strong>ἅνθρωπος</strong></span> <span class='ocrx_word' id='word_1_423' title='bbox 2675 3083 2751 3151; x_wconf 74' lang='grc' dir='ltr'><strong>δὲ,</strong></span> <span class='ocrx_word' id='word_1_424' title='bbox 2781 3086 2807 3142; x_wconf 83' lang='grc' dir='ltr'>ὁ</span> <span class='ocrx_word' id='word_1_425' title='bbox 2838 3090 2986 3152; x_wconf 79' lang='grc' dir='ltr'><strong>αὐτὸς</strong></span> <span class='ocrx_word' id='word_1_426' title='bbox 3014 3093 3080 3146; x_wconf 80' lang='grc' dir='ltr'><strong>τὰ</strong></span> <span class='ocrx_word' id='word_1_427' title='bbox 3109 3094 3250 3152; x_wconf 81' lang='grc' dir='ltr'><strong>πάθη</strong></span> <span class='ocrx_word' id='word_1_428' title='bbox 3290 3096 3372 3148; x_wconf 77' lang='grc' dir='ltr'><strong>καί</strong></span> <span class='ocrx_word' id='word_1_429' title='bbox 3405 3095 3489 3152; x_wconf 80' lang='grc' dir='ltr'><strong>τὰς</strong></span> <span class='ocrx_word' id='word_1_430' title='bbox 3513 3092 3745 3167; x_wconf 71' lang='grc' dir='ltr'><strong>ὕϐρειςέιου·</strong></span> 
     </span>
    </p>
   </div>
   <div class='ocr_carea' id='block_1_61' title="bbox 2289 3174 3742 3255">
    <p class='ocr_par' dir='ltr' id='par_1_61' title="bbox 2289 3174 3742 3255">
     <span class='ocr_line' id='line_1_61' title="bbox 2289 3174 3742 3255; baseline 0.008 -31"><span class='ocrx_word' id='word_1_431' title='bbox 2289 3176 2413 3235; x_wconf 80' lang='grc' dir='ltr'><strong>σίως</strong></span> <span class='ocrx_word' id='word_1_432' title='bbox 2444 3174 2760 3241; x_wconf 71' lang='grc' dir='ltr'><strong>κατεδέξατο.</strong></span> <span class='ocrx_word' id='word_1_433' title='bbox 2794 3183 2882 3236; x_wconf 81' lang='grc' dir='ltr'><strong>Διά</strong></span> <span class='ocrx_word' id='word_1_434' title='bbox 2912 3189 3062 3237; x_wconf 84' lang='grc' dir='ltr'><strong>τοῦτο</strong></span> <span class='ocrx_word' id='word_1_435' title='bbox 3092 3186 3229 3254; x_wconf 83' lang='grc' dir='ltr'><strong>μετὰ</strong></span> <span class='ocrx_word' id='word_1_436' title='bbox 3255 3192 3352 3240; x_wconf 83' lang='grc' dir='ltr'><strong>τῶν</strong></span> <span class='ocrx_word' id='word_1_437' title='bbox 3381 3184 3463 3240; x_wconf 85' lang='grc' dir='ltr'><strong>δύο</strong></span> <span class='ocrx_word' id='word_1_438' title='bbox 3503 3187 3653 3255; x_wconf 72' lang='grc' dir='ltr'><strong>φύσεων</strong></span> 
     </span>
    </p>
   </div>
   <div class='ocr_carea' id='block_1_62' title="bbox 610 3254 2190 3347">
    <p class='ocr_par' dir='ltr' id='par_1_62' title="bbox 610 3265 2190 3339">
     <span class='ocr_line' id='line_1_62' title="bbox 610 3265 2190 3339; baseline -0.007 -10"><span class='ocrx_word' id='word_1_439' title='bbox 610 3274 755 3329; x_wconf 90' lang='lat' dir='ltr'><strong>Deus</strong></span> <span class='ocrx_word' id='word_1_440' title='bbox 781 3281 918 3336; x_wconf 86' lang='lat' dir='ltr'><strong>erat,</strong></span> <span class='ocrx_word' id='word_1_441' title='bbox 957 3270 1148 3325; x_wconf 88' lang='lat' dir='ltr'><strong>edebat</strong></span> <span class='ocrx_word' id='word_1_442' title='bbox 1181 3283 1344 3339; x_wconf 86' lang='lat' dir='ltr'><strong>opera</strong></span> <span class='ocrx_word' id='word_1_443' title='bbox 1393 3267 1592 3331; x_wconf 88' lang='lat' dir='ltr'><strong>divina,</strong></span> <span class='ocrx_word' id='word_1_444' title='bbox 1626 3267 1775 3336; x_wconf 81' lang='lat' dir='ltr'><strong>signa</strong></span> <span class='ocrx_word' id='word_1_445' title='bbox 1835 3265 2092 3318; x_wconf 90' lang='lat' dir='ltr'><strong>nimirum</strong></span> <span class='ocrx_word' id='word_1_446' title='bbox 2140 3271 2190 3319; x_wconf 91' lang='lat' dir='ltr'><strong>ct</strong></span> 
     </span>
    </p>
   </div>
   <div class='ocr_carea' id='block_1_63' title="bbox 2166 3254 3746 3347">
    <p class='ocr_par' dir='ltr' id='par_1_63' title="bbox 2166 3254 3746 3347">
     <span class='ocr_line' id='line_1_63' title="bbox 2166 3254 3746 3347; baseline 0.012 -33"><span class='ocrx_word' id='word_1_447' title='bbox 2166 3271 2195 3318; x_wconf 69' lang='grc' dir='ltr'><strong>ει</strong></span> <span class='ocrx_word' id='word_1_448' title='bbox 2220 3254 2263 3316; x_wconf 87' lang='lat' dir='ltr'><strong>C</strong></span> <span class='ocrx_word' id='word_1_449' title='bbox 2294 3263 2484 3327; x_wconf 81' lang='grc' dir='ltr'><strong>λούθως·</strong></span> <span class='ocrx_word' id='word_1_450' title='bbox 2521 3272 2622 3328; x_wconf 62' lang='grc' dir='ltr'><strong>,καί</strong></span> <span class='ocrx_word' id='word_1_451' title='bbox 2675 3272 2980 3342; x_wconf 76' lang='grc' dir='ltr'><strong>ἀναγκαίως,</strong></span> <span class='ocrx_word' id='word_1_452' title='bbox 3036 3277 3339 3347; x_wconf 81' lang='grc' dir='ltr'><strong>ἰσαρίθμους</strong></span> <span class='ocrx_word' id='word_1_453' title='bbox 3382 3278 3458 3330; x_wconf 80' lang='grc' dir='ltr'><strong>καὶ</strong></span> <span class='ocrx_word' id='word_1_454' title='bbox 3503 3254 3580 3336; x_wconf 74' lang='lat' dir='ltr'><strong>rei:</strong></span> <span class='ocrx_word' id='word_1_455' title='bbox 3614 3267 3746 3344; x_wconf 46' lang='grc' dir='ltr'><strong>φυσικὴ</strong></span> 
     </span>
    </p>
   </div>
   <div class='ocr_carea' id='block_1_64' title="bbox 603 3359 2187 3432">
    <p class='ocr_par' dir='ltr' id='par_1_64' title="bbox 603 3359 2187 3432">
     <span class='ocr_line' id='line_1_64' title="bbox 603 3359 2187 3432; baseline -0.007 -9"><span class='ocrx_word' id='word_1_456' title='bbox 603 3367 865 3423; x_wconf 88' lang='lat' dir='ltr'><strong>miracula</strong></span> <span class='ocrx_word' id='word_1_457' title='bbox 900 3385 912 3420; x_wconf 93' lang='lat'>:</span> <span class='ocrx_word' id='word_1_458' title='bbox 952 3374 1012 3419; x_wconf 92' lang='lat' dir='ltr'><strong>ut</strong></span> <span class='ocrx_word' id='word_1_459' title='bbox 1042 3372 1224 3419; x_wconf 90' lang='lat' dir='ltr'><strong>autem</strong></span> <span class='ocrx_word' id='word_1_460' title='bbox 1279 3363 1441 3417; x_wconf 91' lang='lat' dir='ltr'><strong>homo</strong></span> <span class='ocrx_word' id='word_1_461' title='bbox 1473 3362 1617 3416; x_wconf 92' lang='lat' dir='ltr'><strong>idem</strong></span> <span class='ocrx_word' id='word_1_462' title='bbox 1648 3362 1760 3432; x_wconf 90' lang='lat' dir='ltr'><strong>ipse</strong></span> <span class='ocrx_word' id='word_1_463' title='bbox 1790 3367 1978 3430; x_wconf 90' lang='lat' dir='ltr'><strong>sponte</strong></span> <span class='ocrx_word' id='word_1_464' title='bbox 2037 3359 2187 3414; x_wconf 89' lang='lat' dir='ltr'><strong>subi-</strong></span> 
     </span>
    </p>
   </div>
   <div class='ocr_carea' id='block_1_65' title="bbox 602 3450 2187 3529">
    <p class='ocr_par' dir='ltr' id='par_1_65' title="bbox 602 3450 2187 3529">
     <span class='ocr_line' id='line_1_65' title="bbox 602 3450 2187 3529; baseline -0.006 -15"><span class='ocrx_word' id='word_1_465' title='bbox 602 3462 696 3514; x_wconf 87' lang='lat' dir='ltr'><strong>bat</strong></span> <span class='ocrx_word' id='word_1_466' title='bbox 725 3459 1025 3529; x_wconf 88' lang='lat' dir='ltr'><strong>passiones,</strong></span> <span class='ocrx_word' id='word_1_467' title='bbox 1065 3455 1474 3522; x_wconf 88' lang='lat' dir='ltr'><strong>sustinebatque</strong></span> <span class='ocrx_word' id='word_1_468' title='bbox 1503 3453 1700 3522; x_wconf 88' lang='lat' dir='ltr'><strong>probra</strong></span> <span class='ocrx_word' id='word_1_469' title='bbox 1729 3461 1784 3506; x_wconf 94' lang='lat' dir='ltr'><strong>et</strong></span> <span class='ocrx_word' id='word_1_470' title='bbox 1813 3450 2187 3507; x_wconf 90' lang='lat' dir='ltr'><strong>contumelias.</strong></span> 
     </span>
    </p>
   </div>
   <div class='ocr_carea' id='block_1_66' title="bbox 604 3545 2194 3611">
    <p class='ocr_par' dir='ltr' id='par_1_66' title="bbox 604 3545 2194 3611">
     <span class='ocr_line' id='line_1_66' title="bbox 604 3545 2194 3611; baseline -0.006 -4"><span class='ocrx_word' id='word_1_471' title='bbox 604 3551 759 3608; x_wconf 89' lang='lat' dir='ltr'><strong>Unde</strong></span> <span class='ocrx_word' id='word_1_472' title='bbox 783 3566 906 3606; x_wconf 91' lang='lat' dir='ltr'><strong>cum</strong></span> <span class='ocrx_word' id='word_1_473' title='bbox 945 3550 1153 3604; x_wconf 86' lang='lat' dir='ltr'><strong>duabus</strong></span> <span class='ocrx_word' id='word_1_474' title='bbox 1187 3547 1396 3602; x_wconf 90' lang='lat' dir='ltr'><strong>naturis</strong></span> <span class='ocrx_word' id='word_1_475' title='bbox 1431 3555 1812 3611; x_wconf 86' lang='lat' dir='ltr'><strong>consentanee,</strong></span> <span class='ocrx_word' id='word_1_476' title='bbox 1871 3545 1980 3599; x_wconf 90' lang='lat' dir='ltr'><strong>imo</strong></span> <span class='ocrx_word' id='word_1_477' title='bbox 2005 3559 2194 3599; x_wconf 86' lang='lat' dir='ltr'><strong>neces-</strong></span> 
     </span>
    </p>
   </div>
   <div class='ocr_carea' id='block_1_67' title="bbox 603 3638 2190 3710">
    <p class='ocr_par' dir='ltr' id='par_1_67' title="bbox 603 3638 2190 3710">
     <span class='ocr_line' id='line_1_67' title="bbox 603 3638 2190 3710; baseline -0.004 -13"><span class='ocrx_word' id='word_1_478' title='bbox 603 3645 769 3707; x_wconf 86' lang='lat' dir='ltr'><strong>sario,</strong></span> <span class='ocrx_word' id='word_1_479' title='bbox 799 3642 954 3710; x_wconf 78' lang='lat' dir='ltr'><strong>juxta</strong></span> <span class='ocrx_word' id='word_1_480' title='bbox 976 3641 1096 3710; x_wconf 88' lang='lat' dir='ltr'><strong>pias</strong></span> <span class='ocrx_word' id='word_1_481' title='bbox 1120 3639 1438 3707; x_wconf 90' lang='lat' dir='ltr'><strong>divinasque</strong></span> <span class='ocrx_word' id='word_1_482' title='bbox 1486 3638 1788 3692; x_wconf 89' lang='lat' dir='ltr'><strong>divinorum</strong></span> <span class='ocrx_word' id='word_1_483' title='bbox 1833 3645 2051 3706; x_wconf 89' lang='lat' dir='ltr'><strong>patrum</strong></span> <span class='ocrx_word' id='word_1_484' title='bbox 2092 3651 2190 3690; x_wconf 91' lang='lat' dir='ltr'><strong>no-</strong></span> 
     </span>
    </p>
   </div>
   <div class='ocr_carea' id='block_1_68' title="bbox 603 3727 2187 3797">
    <p class='ocr_par' dir='ltr' id='par_1_68' title="bbox 603 3727 2187 3797">
     <span class='ocr_line' id='line_1_68' title="bbox 603 3727 2187 3797; baseline -0.004 -10"><span class='ocrx_word' id='word_1_485' title='bbox 603 3742 839 3788; x_wconf 91' lang='lat' dir='ltr'><strong>strorum</strong></span> <span class='ocrx_word' id='word_1_486' title='bbox 869 3731 1206 3794; x_wconf 87' lang='lat' dir='ltr'><strong>traditiones,</strong></span> <span class='ocrx_word' id='word_1_487' title='bbox 1257 3728 1392 3782; x_wconf 86' lang='lat' dir='ltr'><strong>duas</strong></span> <span class='ocrx_word' id='word_1_488' title='bbox 1415 3742 1631 3797; x_wconf 90' lang='lat' dir='ltr'><strong>quoque</strong></span> <span class='ocrx_word' id='word_1_489' title='bbox 1658 3727 1936 3782; x_wconf 88' lang='lat' dir='ltr'><strong>naturales</strong></span> <span class='ocrx_word' id='word_1_490' title='bbox 1989 3742 2187 3796; x_wconf 89' lang='lat' dir='ltr'><strong>opera-</strong></span> 
     </span>
    </p>
   </div>
   <div class='ocr_carea' id='block_1_69' title="bbox 605 3817 2188 3893">
    <p class='ocr_par' dir='ltr' id='par_1_69' title="bbox 605 3817 2188 3893">
     <span class='ocr_line' id='line_1_69' title="bbox 605 3817 2188 3893; baseline -0.006 -15"><span class='ocrx_word' id='word_1_491' title='bbox 605 3825 778 3878; x_wconf 90' lang='lat' dir='ltr'><strong>tiones</strong></span> <span class='ocrx_word' id='word_1_492' title='bbox 803 3823 946 3877; x_wconf 89' lang='lat' dir='ltr'><strong>illius</strong></span> <span class='ocrx_word' id='word_1_493' title='bbox 969 3821 1233 3893; x_wconf 82' lang='lat' dir='ltr'><strong>gloriﬁco,</strong></span> <span class='ocrx_word' id='word_1_494' title='bbox 1263 3820 1502 3889; x_wconf 89' lang='lat' dir='ltr'><strong>ipsarum</strong></span> <span class='ocrx_word' id='word_1_495' title='bbox 1533 3817 1934 3887; x_wconf 87' lang='lat' dir='ltr'><strong>quodammodo</strong></span> <span class='ocrx_word' id='word_1_496' title='bbox 1970 3826 2188 3870; x_wconf 85' lang='lat' dir='ltr'><strong>natura-</strong></span> 
     </span>
    </p>
   </div>
   <div class='ocr_carea' id='block_1_70' title="bbox 607 3911 2182 3981">
    <p class='ocr_par' dir='ltr' id='par_1_70' title="bbox 607 3911 2182 3981">
     <span class='ocr_line' id='line_1_70' title="bbox 607 3911 2182 3981; baseline -0.005 -9"><span class='ocrx_word' id='word_1_497' title='bbox 607 3933 725 3971; x_wconf 87' lang='lat' dir='ltr'><strong>rum</strong></span> <span class='ocrx_word' id='word_1_498' title='bbox 763 3924 816 3972; x_wconf 89' lang='lat' dir='ltr'><strong>et</strong></span> <span class='ocrx_word' id='word_1_499' title='bbox 844 3915 1268 3971; x_wconf 87' lang='lat' dir='ltr'><strong>substantiarum</strong></span> <span class='ocrx_word' id='word_1_500' title='bbox 1307 3912 1512 3967; x_wconf 91' lang='lat' dir='ltr'><strong>indices</strong></span> <span class='ocrx_word' id='word_1_501' title='bbox 1560 3919 1723 3981; x_wconf 89' lang='lat' dir='ltr'><strong>atque</strong></span> <span class='ocrx_word' id='word_1_502' title='bbox 1758 3911 2182 3966; x_wconf 90' lang='lat' dir='ltr'><strong>constitutrices.</strong></span> 
     </span>
    </p>
   </div>
   <div class='ocr_carea' id='block_1_71' title="bbox 605 4003 2190 4075">
    <p class='ocr_par' dir='ltr' id='par_1_71' title="bbox 605 4003 2190 4075">
     <span class='ocr_line' id='line_1_71' title="bbox 605 4003 2190 4075; baseline -0.004 -13"><span class='ocrx_word' id='word_1_503' title='bbox 605 4009 731 4063; x_wconf 90' lang='lat' dir='ltr'><strong>Pari</strong></span> <span class='ocrx_word' id='word_1_504' title='bbox 764 4009 925 4063; x_wconf 92' lang='lat' dir='ltr'><strong>modo</strong></span> <span class='ocrx_word' id='word_1_505' title='bbox 955 4017 1009 4062; x_wconf 91' lang='lat' dir='ltr'><strong>et</strong></span> <span class='ocrx_word' id='word_1_506' title='bbox 1039 4007 1177 4062; x_wconf 88' lang='lat' dir='ltr'><strong>duas</strong></span> <span class='ocrx_word' id='word_1_507' title='bbox 1207 4020 1419 4075; x_wconf 88' lang='lat' dir='ltr'><strong>quoque</strong></span> <span class='ocrx_word' id='word_1_508' title='bbox 1447 4004 1718 4058; x_wconf 88' lang='lat' dir='ltr'><strong>naturales</strong></span> <span class='ocrx_word' id='word_1_509' title='bbox 1740 4003 1902 4057; x_wconf 91' lang='lat' dir='ltr'><strong>unius</strong></span> <span class='ocrx_word' id='word_1_510' title='bbox 1921 4003 2190 4072; x_wconf 86' lang='lat' dir='ltr'><strong>ejusdem-</strong></span> 
     </span>
    </p>
   </div>
   <div class='ocr_carea' id='block_1_72' title="bbox 608 4093 2189 4170">
    <p class='ocr_par' dir='ltr' id='par_1_72' title="bbox 608 4093 2189 4170">
     <span class='ocr_line' id='line_1_72' title="bbox 608 4093 2189 4170; baseline -0.003 -16"><span class='ocrx_word' id='word_1_511' title='bbox 608 4115 713 4170; x_wconf 88' lang='lat' dir='ltr'><strong>que</strong></span> <span class='ocrx_word' id='word_1_512' title='bbox 763 4097 858 4155; x_wconf 89' lang='lat' dir='ltr'><strong>Dei</strong></span> <span class='ocrx_word' id='word_1_513' title='bbox 905 4106 960 4154; x_wconf 89' lang='lat' dir='ltr'><strong>et</strong></span> <span class='ocrx_word' id='word_1_514' title='bbox 1020 4097 1232 4153; x_wconf 91' lang='lat' dir='ltr'><strong>Domini</strong></span> <span class='ocrx_word' id='word_1_515' title='bbox 1258 4097 1426 4151; x_wconf 93' lang='lat' dir='ltr'><strong>nostri</strong></span> <span class='ocrx_word' id='word_1_516' title='bbox 1477 4095 1605 4150; x_wconf 84' lang='lat' dir='ltr'><strong>Jesu</strong></span> <span class='ocrx_word' id='word_1_517' title='bbox 1660 4094 1860 4149; x_wconf 90' lang='lat' dir='ltr'><strong>Christi</strong></span> <span class='ocrx_word' id='word_1_518' title='bbox 1884 4093 2189 4149; x_wconf 88' lang='lat' dir='ltr'><strong>voluntates</strong></span> 
     </span>
    </p>
   </div>
   <div class='ocr_carea' id='block_1_73' title="bbox 603 4185 2186 4259">
    <p class='ocr_par' dir='ltr' id='par_1_73' title="bbox 603 4185 2186 4259">
     <span class='ocr_line' id='line_1_73' title="bbox 603 4185 2186 4259; baseline -0.005 -13"><span class='ocrx_word' id='word_1_519' title='bbox 603 4207 852 4246; x_wconf 90' lang='lat' dir='ltr'><strong>veneror.</strong></span> <span class='ocrx_word' id='word_1_520' title='bbox 886 4189 1021 4243; x_wconf 86' lang='lat' dir='ltr'><strong>Nam</strong></span> <span class='ocrx_word' id='word_1_521' title='bbox 1070 4189 1222 4259; x_wconf 84' lang='lat' dir='ltr'><strong>juxta</strong></span> <span class='ocrx_word' id='word_1_522' title='bbox 1251 4197 1537 4256; x_wconf 87' lang='lat' dir='ltr'><strong>utramque</strong></span> <span class='ocrx_word' id='word_1_523' title='bbox 1567 4194 1840 4250; x_wconf 88' lang='lat' dir='ltr'><strong>naturam,</strong></span> <span class='ocrx_word' id='word_1_524' title='bbox 1892 4199 1956 4238; x_wconf 83' lang='lat' dir='ltr'><strong>ex</strong></span> <span class='ocrx_word' id='word_1_525' title='bbox 1988 4185 2186 4253; x_wconf 90' lang='lat' dir='ltr'><strong>quibus</strong></span> 
     </span>
    </p>
   </div>
   <div class='ocr_carea' id='block_1_74' title="bbox 601 4273 2186 4351">
    <p class='ocr_par' dir='ltr' id='par_1_74' title="bbox 601 4273 2186 4351">
     <span class='ocr_line' id='line_1_74' title="bbox 601 4273 2186 4351; baseline -0.006 -15"><span class='ocrx_word' id='word_1_526' title='bbox 601 4282 737 4337; x_wconf 86' lang='lat' dir='ltr'><strong>etin</strong></span> <span class='ocrx_word' id='word_1_527' title='bbox 767 4281 964 4351; x_wconf 87' lang='lat' dir='ltr'><strong>quibus</strong></span> <span class='ocrx_word' id='word_1_528' title='bbox 985 4279 1172 4334; x_wconf 84' lang='lat' dir='ltr'><strong>existit</strong></span> <span class='ocrx_word' id='word_1_529' title='bbox 1204 4287 1258 4332; x_wconf 92' lang='lat' dir='ltr'><strong>et</strong></span> <span class='ocrx_word' id='word_1_530' title='bbox 1285 4276 1636 4349; x_wconf 51' lang='lat' dir='ltr'><strong>.intelligitur,</strong></span> <span class='ocrx_word' id='word_1_531' title='bbox 1675 4275 1968 4330; x_wconf 84' lang='lat' dir='ltr'><strong>voluntatis</strong></span> <span class='ocrx_word' id='word_1_532' title='bbox 2017 4273 2186 4328; x_wconf 82' lang='lat' dir='ltr'><strong>facul-</strong></span> 
     </span>
    </p>
   </div>
   <div class='ocr_carea' id='block_1_75' title="bbox 606 4364 2185 4436">
    <p class='ocr_par' dir='ltr' id='par_1_75' title="bbox 606 4364 2185 4436">
     <span class='ocr_line' id='line_1_75' title="bbox 606 4364 2185 4436; baseline -0.005 -9"><span class='ocrx_word' id='word_1_533' title='bbox 606 4383 773 4428; x_wconf 88' lang='lat' dir='ltr'><strong>tatem</strong></span> <span class='ocrx_word' id='word_1_534' title='bbox 801 4373 849 4426; x_wconf 92' lang='lat' dir='ltr'><strong>ei</strong></span> <span class='ocrx_word' id='word_1_535' title='bbox 900 4371 1313 4425; x_wconf 82' lang='lat' dir='ltr'><strong>tribuimuszut</strong></span> <span class='ocrx_word' id='word_1_536' title='bbox 1341 4368 1486 4422; x_wconf 90' lang='lat' dir='ltr'><strong>enim</strong></span> <span class='ocrx_word' id='word_1_537' title='bbox 1548 4373 1805 4436; x_wconf 86' lang='lat' dir='ltr'><strong>operatur</strong></span> <span class='ocrx_word' id='word_1_538' title='bbox 1852 4364 2185 4434; x_wconf 84' lang='lat' dir='ltr'><strong>salutarique</strong></span> 
     </span>
    </p>
   </div>
   <div class='ocr_carea' id='block_1_76' title="bbox 603 4456 2038 4527">
    <p class='ocr_par' dir='ltr' id='par_1_76' title="bbox 603 4456 2038 4527">
     <span class='ocr_line' id='line_1_76' title="bbox 603 4456 2038 4527; baseline -0.006 -10"><span class='ocrx_word' id='word_1_539' title='bbox 603 4462 841 4517; x_wconf 80' lang='lat' dir='ltr'><strong>nassioni</strong></span> <span class='ocrx_word' id='word_1_540' title='bbox 878 4461 1020 4515; x_wconf 90' lang='lat' dir='ltr'><strong>ultro</strong></span> <span class='ocrx_word' id='word_1_541' title='bbox 1051 4474 1170 4515; x_wconf 88' lang='lat' dir='ltr'><strong>sese</strong></span> <span class='ocrx_word' id='word_1_542' title='bbox 1207 4459 1443 4527; x_wconf 81' lang='lat' dir='ltr'><strong>exponit,</strong></span> <span class='ocrx_word' id='word_1_543' title='bbox 1473 4457 1545 4511; x_wconf 86' lang='lat' dir='ltr'><strong>ita</strong></span> <span class='ocrx_word' id='word_1_544' title='bbox 1576 4465 1630 4512; x_wconf 92' lang='lat' dir='ltr'><strong>et</strong></span> <span class='ocrx_word' id='word_1_545' title='bbox 1662 4456 1778 4510; x_wconf 89' lang='lat' dir='ltr'><strong>vult</strong></span> <span class='ocrx_word' id='word_1_546' title='bbox 1805 4471 2038 4525; x_wconf 91' lang='lat' dir='ltr'><strong>quoque.</strong></span> 
     </span>
    </p>
   </div>
   <div class='ocr_carea' id='block_1_77' title="bbox 673 4551 2181 4622">
    <p class='ocr_par' dir='ltr' id='par_1_77' title="bbox 673 4551 2181 4622">
     <span class='ocr_line' id='line_1_77' title="bbox 673 4551 2181 4622; baseline -0.005 -11"><span class='ocrx_word' id='word_1_547' title='bbox 673 4556 846 4611; x_wconf 88' lang='lat' dir='ltr'><strong>Credo</strong></span> <span class='ocrx_word' id='word_1_548' title='bbox 881 4571 1093 4609; x_wconf 88' lang='lat' dir='ltr'><strong>rursum</strong></span> <span class='ocrx_word' id='word_1_549' title='bbox 1127 4553 1277 4608; x_wconf 92' lang='lat' dir='ltr'><strong>illum</strong></span> <span class='ocrx_word' id='word_1_550' title='bbox 1307 4553 1480 4622; x_wconf 89' lang='lat' dir='ltr'><strong>ipsum</strong></span> <span class='ocrx_word' id='word_1_551' title='bbox 1530 4551 1848 4606; x_wconf 78' lang='lat' dir='ltr'><strong>cruciﬁxum</strong></span> <span class='ocrx_word' id='word_1_552' title='bbox 1901 4565 2041 4616; x_wconf 90' lang='lat' dir='ltr'><strong>esse,</strong></span> <span class='ocrx_word' id='word_1_553' title='bbox 2073 4565 2181 4606; x_wconf 90' lang='lat' dir='ltr'><strong>non</strong></span> 
     </span>
    </p>
   </div>
   <div class='ocr_carea' id='block_1_78' title="bbox 611 4642 2188 4718">
    <p class='ocr_par' dir='ltr' id='par_1_78' title="bbox 611 4642 2188 4718">
     <span class='ocr_line' id='line_1_78' title="bbox 611 4642 2188 4718; baseline -0.003 -16"><span class='ocrx_word' id='word_1_554' title='bbox 611 4648 819 4718; x_wconf 81' lang='lat' dir='ltr'><strong>quidem</strong></span> <span class='ocrx_word' id='word_1_555' title='bbox 843 4647 895 4700; x_wconf 92' lang='lat' dir='ltr'><strong>in</strong></span> <span class='ocrx_word' id='word_1_556' title='bbox 926 4662 989 4700; x_wconf 90' lang='lat' dir='ltr'><strong>ea</strong></span> <span class='ocrx_word' id='word_1_557' title='bbox 1010 4654 1200 4700; x_wconf 87' lang='lat' dir='ltr'><strong>natura</strong></span> <span class='ocrx_word' id='word_1_558' title='bbox 1233 4645 1286 4699; x_wconf 91' lang='lat' dir='ltr'><strong>in</strong></span> <span class='ocrx_word' id='word_1_559' title='bbox 1315 4660 1421 4713; x_wconf 89' lang='lat' dir='ltr'><strong>qua</strong></span> <span class='ocrx_word' id='word_1_560' title='bbox 1461 4658 1583 4698; x_wconf 93' lang='lat' dir='ltr'><strong>cum</strong></span> <span class='ocrx_word' id='word_1_561' title='bbox 1611 4642 1772 4697; x_wconf 89' lang='lat' dir='ltr'><strong>Patre</strong></span> <span class='ocrx_word' id='word_1_562' title='bbox 1807 4642 1948 4697; x_wconf 89' lang='lat' dir='ltr'><strong>lucet</strong></span> <span class='ocrx_word' id='word_1_563' title='bbox 2004 4649 2059 4697; x_wconf 91' lang='lat' dir='ltr'><strong>et</strong></span> <span class='ocrx_word' id='word_1_564' title='bbox 2103 4658 2188 4698; x_wconf 85' lang='lat' dir='ltr'><strong>re-</strong></span> 
     </span>
    </p>
   </div>
   <div class='ocr_carea' id='block_1_79' title="bbox 604 4733 2186 4812">
    <p class='ocr_par' dir='ltr' id='par_1_79' title="bbox 604 4733 2186 4812">
     <span class='ocr_line' id='line_1_79' title="bbox 604 4733 2186 4812; baseline -0.005 -18"><span class='ocrx_word' id='word_1_565' title='bbox 604 4747 731 4812; x_wconf 76' lang='lat' dir='ltr'><strong>gnat</strong></span> <span class='ocrx_word' id='word_1_566' title='bbox 754 4738 892 4809; x_wconf 86' lang='lat' dir='ltr'><strong>(esto</strong></span> <span class='ocrx_word' id='word_1_567' title='bbox 916 4738 1099 4808; x_wconf 76' lang='lat' dir='ltr'><strong>gloriae</strong></span> <span class='ocrx_word' id='word_1_568' title='bbox 1122 4737 1382 4792; x_wconf 90' lang='lat' dir='ltr'><strong>Dominus</strong></span> <span class='ocrx_word' id='word_1_569' title='bbox 1413 4741 1636 4806; x_wconf 88' lang='lat' dir='ltr'><strong>propter</strong></span> <span class='ocrx_word' id='word_1_570' title='bbox 1663 4733 1979 4788; x_wconf 87' lang='lat' dir='ltr'><strong>idiomatum</strong></span> <span class='ocrx_word' id='word_1_571' title='bbox 2034 4749 2186 4789; x_wconf 91' lang='lat' dir='ltr'><strong>com-</strong></span> 
     </span>
    </p>
   </div>
   <div class='ocr_carea' id='block_1_80' title="bbox 605 4824 2184 4896">
    <p class='ocr_par' dir='ltr' id='par_1_80' title="bbox 605 4824 2184 4896">
     <span class='ocr_line' id='line_1_80' title="bbox 605 4824 2184 4896; baseline -0.003 -14"><span class='ocrx_word' id='word_1_572' title='bbox 605 4829 1026 4884; x_wconf 89' lang='lat' dir='ltr'><strong>municationem</strong></span> <span class='ocrx_word' id='word_1_573' title='bbox 1079 4827 1377 4882; x_wconf 84' lang='lat' dir='ltr'><strong>cruciﬁxus</strong></span> <span class='ocrx_word' id='word_1_574' title='bbox 1431 4824 1686 4896; x_wconf 84' lang='lat' dir='ltr'><strong>dicatur),</strong></span> <span class='ocrx_word' id='word_1_575' title='bbox 1741 4825 1832 4880; x_wconf 92' lang='lat' dir='ltr'><strong>sed</strong></span> <span class='ocrx_word' id='word_1_576' title='bbox 1876 4825 1930 4878; x_wconf 89' lang='lat' dir='ltr'><strong>in</strong></span> <span class='ocrx_word' id='word_1_577' title='bbox 1965 4833 2184 4890; x_wconf 88' lang='lat' dir='ltr'><strong>natura,</strong></span> 
     </span>
    </p>
   </div>
   <div class='ocr_carea' id='block_1_81' title="bbox 603 4917 2184 4985">
    <p class='ocr_par' dir='ltr' id='par_1_81' title="bbox 603 4917 2184 4985">
     <span class='ocr_line' id='line_1_81' title="bbox 603 4917 2184 4985; baseline -0.004 -11"><span class='ocrx_word' id='word_1_578' title='bbox 603 4921 707 4974; x_wconf 85' lang='lat' dir='ltr'><strong>hoc</strong></span> <span class='ocrx_word' id='word_1_579' title='bbox 731 4929 833 4983; x_wconf 84' lang='lat' dir='ltr'><strong>est,</strong></span> <span class='ocrx_word' id='word_1_580' title='bbox 890 4928 1127 4982; x_wconf 86' lang='lat' dir='ltr'><strong>terrena,</strong></span> <span class='ocrx_word' id='word_1_581' title='bbox 1178 4917 1472 4972; x_wconf 90' lang='lat' dir='ltr'><strong>secundum</strong></span> <span class='ocrx_word' id='word_1_582' title='bbox 1519 4930 1679 4985; x_wconf 89' lang='lat' dir='ltr'><strong>quam</strong></span> <span class='ocrx_word' id='word_1_583' title='bbox 1724 4921 2038 4968; x_wconf 87' lang='lat' dir='ltr'><strong>terrestrem</strong></span> <span class='ocrx_word' id='word_1_584' title='bbox 2085 4928 2184 4967; x_wconf 91' lang='lat' dir='ltr'><strong>no-</strong></span> 
     </span>
    </p>
   </div>
   <div class='ocr_carea' id='block_1_82' title="bbox 604 5003 2185 5076">
    <p class='ocr_par' dir='ltr' id='par_1_82' title="bbox 604 5003 2185 5076">
     <span class='ocr_line' id='line_1_82' title="bbox 604 5003 2185 5076; baseline -0.004 -14"><span class='ocrx_word' id='word_1_585' title='bbox 604 5017 772 5063; x_wconf 88' lang='lat' dir='ltr'><strong>stram</strong></span> <span class='ocrx_word' id='word_1_586' title='bbox 836 5024 1073 5064; x_wconf 88' lang='lat' dir='ltr'><strong>massam</strong></span> <span class='ocrx_word' id='word_1_587' title='bbox 1103 5007 1366 5076; x_wconf 89' lang='lat' dir='ltr'><strong>suscepit,</strong></span> <span class='ocrx_word' id='word_1_588' title='bbox 1418 5014 1473 5060; x_wconf 89' lang='lat' dir='ltr'><strong>et</strong></span> <span class='ocrx_word' id='word_1_589' title='bbox 1525 5004 1701 5059; x_wconf 85' lang='lat' dir='ltr'><strong>factus</strong></span> <span class='ocrx_word' id='word_1_590' title='bbox 1729 5012 1813 5057; x_wconf 89' lang='lat' dir='ltr'><strong>est</strong></span> <span class='ocrx_word' id='word_1_591' title='bbox 1843 5003 2185 5057; x_wconf 91' lang='lat' dir='ltr'><strong>maledictum</strong></span> 
     </span>
    </p>
   </div>
   <div class='ocr_carea' id='block_1_83' title="bbox 603 5095 2186 5172">
    <p class='ocr_par' dir='ltr' id='par_1_83' title="bbox 603 5095 2186 5172">
     <span class='ocr_line' id='line_1_83' title="bbox 603 5095 2186 5172; baseline -0.003 -17"><span class='ocrx_word' id='word_1_592' title='bbox 603 5110 824 5172; x_wconf 89' lang='lat' dir='ltr'><strong>propter</strong></span> <span class='ocrx_word' id='word_1_593' title='bbox 872 5109 1098 5171; x_wconf 89' lang='lat' dir='ltr'><strong>peccata</strong></span> <span class='ocrx_word' id='word_1_594' title='bbox 1154 5109 1362 5164; x_wconf 91' lang='lat' dir='ltr'><strong>nostra,</strong></span> <span class='ocrx_word' id='word_1_595' title='bbox 1389 5113 1495 5168; x_wconf 93' lang='lat' dir='ltr'><strong>quo</strong></span> <span class='ocrx_word' id='word_1_596' title='bbox 1521 5114 1631 5152; x_wconf 86' lang='lat' dir='ltr'><strong>suae</strong></span> <span class='ocrx_word' id='word_1_597' title='bbox 1669 5113 1770 5152; x_wconf 85' lang='lat' dir='ltr'><strong>nos</strong></span> <span class='ocrx_word' id='word_1_598' title='bbox 1796 5095 2186 5153; x_wconf 89' lang='lat' dir='ltr'><strong>benedictionis</strong></span> 
     </span>
    </p>
   </div>
   <div class='ocr_carea' id='block_1_84' title="bbox 606 5188 2191 5263">
    <p class='ocr_par' dir='ltr' id='par_1_84' title="bbox 606 5188 2191 5263">
     <span class='ocr_line' id='line_1_84' title="bbox 606 5188 2191 5263; baseline -0.002 -17"><span class='ocrx_word' id='word_1_599' title='bbox 606 5194 809 5248; x_wconf 81' lang='lat' dir='ltr'><strong>faceret</strong></span> <span class='ocrx_word' id='word_1_600' title='bbox 839 5209 960 5248; x_wconf 89' lang='lat' dir='ltr'><strong>esse</strong></span> <span class='ocrx_word' id='word_1_601' title='bbox 990 5193 1310 5263; x_wconf 89' lang='lat' dir='ltr'><strong>participes;</strong></span> <span class='ocrx_word' id='word_1_602' title='bbox 1337 5200 1392 5246; x_wconf 91' lang='lat' dir='ltr'><strong>et</strong></span> <span class='ocrx_word' id='word_1_603' title='bbox 1431 5191 1612 5246; x_wconf 90' lang='lat' dir='ltr'><strong>carnis</strong></span> <span class='ocrx_word' id='word_1_604' title='bbox 1641 5199 1870 5245; x_wconf 92' lang='lat' dir='ltr'><strong>mortem</strong></span> <span class='ocrx_word' id='word_1_605' title='bbox 1897 5189 1965 5243; x_wconf 86' lang='lat' dir='ltr'><strong>ab</strong></span> <span class='ocrx_word' id='word_1_606' title='bbox 1993 5188 2191 5258; x_wconf 85' lang='lat' dir='ltr'><strong>impro-</strong></span> 
     </span>
    </p>
   </div>
   <div class='ocr_carea' id='block_1_85' title="bbox 603 5281 2186 5355">
    <p class='ocr_par' dir='ltr' id='par_1_85' title="bbox 603 5281 2186 5355">
     <span class='ocr_line' id='line_1_85' title="bbox 603 5281 2186 5355; baseline -0.003 -15"><span class='ocrx_word' id='word_1_607' title='bbox 603 5286 684 5340; x_wconf 88' lang='lat' dir='ltr'><strong>bis</strong></span> <span class='ocrx_word' id='word_1_608' title='bbox 734 5286 936 5341; x_wconf 89' lang='lat' dir='ltr'><strong>illatam</strong></span> <span class='ocrx_word' id='word_1_609' title='bbox 985 5286 1261 5355; x_wconf 89' lang='lat' dir='ltr'><strong>patienter</strong></span> <span class='ocrx_word' id='word_1_610' title='bbox 1318 5284 1596 5348; x_wconf 87' lang='lat' dir='ltr'><strong>sustinuit,</strong></span> <span class='ocrx_word' id='word_1_611' title='bbox 1624 5299 1730 5353; x_wconf 90' lang='lat' dir='ltr'><strong>quo</strong></span> <span class='ocrx_word' id='word_1_612' title='bbox 1774 5281 1967 5336; x_wconf 89' lang='lat' dir='ltr'><strong>mortis</strong></span> <span class='ocrx_word' id='word_1_613' title='bbox 1994 5281 2186 5336; x_wconf 88' lang='lat' dir='ltr'><strong>stimu-</strong></span> 
     </span>
    </p>
   </div>
   <div class='ocr_carea' id='block_1_86' title="bbox 603 5375 2190 5447">
    <p class='ocr_par' dir='ltr' id='par_1_86' title="bbox 603 5375 2190 5447">
     <span class='ocr_line' id='line_1_86' title="bbox 603 5375 2190 5447; baseline -0.001 -19"><span class='ocrx_word' id='word_1_614' title='bbox 603 5376 738 5440; x_wconf 88' lang='lat' dir='ltr'><strong>lum,</strong></span> <span class='ocrx_word' id='word_1_615' title='bbox 772 5379 824 5432; x_wconf 89' lang='lat' dir='ltr'><strong>id</strong></span> <span class='ocrx_word' id='word_1_616' title='bbox 858 5388 941 5432; x_wconf 90' lang='lat' dir='ltr'><strong>est</strong></span> <span class='ocrx_word' id='word_1_617' title='bbox 969 5387 1250 5447; x_wconf 87' lang='lat' dir='ltr'><strong>peccatum</strong></span> <span class='ocrx_word' id='word_1_618' title='bbox 1300 5377 1351 5431; x_wconf 92' lang='lat' dir='ltr'><strong>in</strong></span> <span class='ocrx_word' id='word_1_619' title='bbox 1379 5390 1542 5431; x_wconf 87' lang='lat' dir='ltr'><strong>carne</strong></span> <span class='ocrx_word' id='word_1_620' title='bbox 1565 5391 1661 5430; x_wconf 91' lang='lat' dir='ltr'><strong>sua</strong></span> <span class='ocrx_word' id='word_1_621' title='bbox 1697 5375 2100 5437; x_wconf 90' lang='lat' dir='ltr'><strong>condemnaret,</strong></span> <span class='ocrx_word' id='word_1_622' title='bbox 2135 5380 2190 5427; x_wconf 89' lang='lat' dir='ltr'><strong>et</strong></span> 
     </span>
    </p>
   </div>
   <div class='ocr_carea' id='block_1_87' title="bbox 601 5467 2189 5542">
    <p class='ocr_par' dir='ltr' id='par_1_87' title="bbox 601 5467 2189 5542">
     <span class='ocr_line' id='line_1_87' title="bbox 601 5467 2189 5542; baseline -0.002 -19"><span class='ocrx_word' id='word_1_623' title='bbox 601 5470 909 5526; x_wconf 88' lang='lat' dir='ltr'><strong>destrueret</strong></span> <span class='ocrx_word' id='word_1_624' title='bbox 960 5486 1084 5525; x_wconf 91' lang='lat' dir='ltr'><strong>eum</strong></span> <span class='ocrx_word' id='word_1_625' title='bbox 1115 5471 1205 5542; x_wconf 91' lang='lat' dir='ltr'><strong>qui</strong></span> <span class='ocrx_word' id='word_1_626' title='bbox 1245 5470 1438 5526; x_wconf 87' lang='lat' dir='ltr'><strong>mortis</strong></span> <span class='ocrx_word' id='word_1_627' title='bbox 1476 5469 1711 5524; x_wconf 87' lang='lat' dir='ltr'><strong>habebat</strong></span> <span class='ocrx_word' id='word_1_628' title='bbox 1744 5468 2053 5538; x_wconf 87' lang='lat' dir='ltr'><strong>imperium,</strong></span> <span class='ocrx_word' id='word_1_629' title='bbox 2084 5467 2189 5521; x_wconf 92' lang='lat' dir='ltr'><strong>hoc</strong></span> 
     </span>
    </p>
   </div>
   <div class='ocr_carea' id='block_1_88' title="bbox 603 5560 2187 5633">
    <p class='ocr_par' dir='ltr' id='par_1_88' title="bbox 603 5560 2187 5633">
     <span class='ocr_line' id='line_1_88' title="bbox 603 5560 2187 5633; baseline -0.001 -18"><span class='ocrx_word' id='word_1_630' title='bbox 603 5571 686 5616; x_wconf 85' lang='lat' dir='ltr'><strong>est</strong></span> <span class='ocrx_word' id='word_1_631' title='bbox 709 5563 1002 5619; x_wconf 90' lang='lat' dir='ltr'><strong>diabolum.</strong></span> <span class='ocrx_word' id='word_1_632' title='bbox 1029 5562 1204 5619; x_wconf 88' lang='lat' dir='ltr'><strong>Credo</strong></span> <span class='ocrx_word' id='word_1_633' title='bbox 1229 5579 1424 5633; x_wconf 90' lang='lat' dir='ltr'><strong>corpus</strong></span> <span class='ocrx_word' id='word_1_634' title='bbox 1445 5579 1603 5617; x_wconf 91' lang='lat' dir='ltr'><strong>suum</strong></span> <span class='ocrx_word' id='word_1_635' title='bbox 1645 5560 1940 5632; x_wconf 62' lang='lat' dir='ltr'><strong>sepultura:</strong></span> <span class='ocrx_word' id='word_1_636' title='bbox 1970 5569 2187 5616; x_wconf 88' lang='lat' dir='ltr'><strong>contra-</strong></span> 
     </span>
    </p>
   </div>
   <div class='ocr_carea' id='block_1_89' title="bbox 603 5652 2186 5722">
    <p class='ocr_par' dir='ltr' id='par_1_89' title="bbox 603 5652 2186 5722">
     <span class='ocr_line' id='line_1_89' title="bbox 603 5652 2186 5722; baseline 0.003 -20"><span class='ocrx_word' id='word_1_637' title='bbox 603 5652 797 5717; x_wconf 86' lang='lat' dir='ltr'><strong>ditum,</strong></span> <span class='ocrx_word' id='word_1_638' title='bbox 822 5652 1193 5722; x_wconf 86' lang='lat' dir='ltr'><strong>incorruptum</strong></span> <span class='ocrx_word' id='word_1_639' title='bbox 1223 5669 1599 5720; x_wconf 84' lang='lat' dir='ltr'><strong>conservasse,</strong></span> <span class='ocrx_word' id='word_1_640' title='bbox 1629 5652 1774 5708; x_wconf 89' lang='lat' dir='ltr'><strong>nullo</strong></span> <span class='ocrx_word' id='word_1_641' title='bbox 1820 5653 2038 5722; x_wconf 70' lang='lat' dir='ltr'><strong>Quidem</strong></span> <span class='ocrx_word' id='word_1_642' title='bbox 2070 5667 2186 5706; x_wconf 86' lang='lat' dir='ltr'><strong>mo—</strong></span> 
     </span>
    </p>
   </div>
   <div class='ocr_carea' id='block_1_90' title="bbox 602 5742 2183 5815">
    <p class='ocr_par' dir='ltr' id='par_1_90' title="bbox 602 5742 2183 5815">
     <span class='ocr_line' id='line_1_90' title="bbox 602 5742 2183 5815; baseline 0.003 -20"><span class='ocrx_word' id='word_1_643' title='bbox 602 5742 672 5796; x_wconf 92' lang='lat' dir='ltr'><strong>do</strong></span> <span class='ocrx_word' id='word_1_644' title='bbox 701 5745 768 5797; x_wconf 88' lang='lat' dir='ltr'><strong>ab</strong></span> <span class='ocrx_word' id='word_1_645' title='bbox 804 5761 1002 5800; x_wconf 84' lang='lat' dir='ltr'><strong>arcana</strong></span> <span class='ocrx_word' id='word_1_646' title='bbox 1038 5745 1125 5799; x_wconf 90' lang='lat' dir='ltr'><strong>illa</strong></span> <span class='ocrx_word' id='word_1_647' title='bbox 1157 5746 1628 5815; x_wconf 81' lang='lat' dir='ltr'><strong>inexplicabilique</strong></span> <span class='ocrx_word' id='word_1_648' title='bbox 1649 5746 1847 5800; x_wconf 89' lang='lat' dir='ltr'><strong>unione</strong></span> <span class='ocrx_word' id='word_1_649' title='bbox 1887 5745 2183 5810; x_wconf 91' lang='lat' dir='ltr'><strong>divulsum,</strong></span> 
     </span>
    </p>
   </div>
   <div class='ocr_carea' id='block_1_91' title="bbox 606 5835 2179 5912">
    <p class='ocr_par' dir='ltr' id='par_1_91' title="bbox 606 5835 2179 5912">
     <span class='ocr_line' id='line_1_91' title="bbox 606 5835 2179 5912; baseline 0.003 -24"><span class='ocrx_word' id='word_1_650' title='bbox 606 5836 709 5890; x_wconf 88' lang='lat' dir='ltr'><strong>etsi</strong></span> <span class='ocrx_word' id='word_1_651' title='bbox 725 5835 854 5892; x_wconf 92' lang='lat' dir='ltr'><strong>illud</strong></span> <span class='ocrx_word' id='word_1_652' title='bbox 877 5839 1040 5894; x_wconf 89' lang='lat' dir='ltr'><strong>tridui</strong></span> <span class='ocrx_word' id='word_1_653' title='bbox 1066 5839 1156 5894; x_wconf 92' lang='lat' dir='ltr'><strong>illo</strong></span> <span class='ocrx_word' id='word_1_654' title='bbox 1179 5839 1460 5895; x_wconf 88' lang='lat' dir='ltr'><strong>intervallo</strong></span> <span class='ocrx_word' id='word_1_655' title='bbox 1481 5839 1661 5894; x_wconf 89' lang='lat' dir='ltr'><strong>anima</strong></span> <span class='ocrx_word' id='word_1_656' title='bbox 1679 5839 1841 5894; x_wconf 78' lang='lat' dir='ltr'><strong>fuerit</strong></span> <span class='ocrx_word' id='word_1_657' title='bbox 1862 5837 2179 5912; x_wconf 86' lang='lat' dir='ltr'><strong>spoliatum;</strong></span> 
     </span>
    </p>
   </div>
   <div class='ocr_carea' id='block_1_92' title="bbox 2210 4611 2264 4672">
    <p class='ocr_par' dir='ltr' id='par_1_92' title="bbox 2210 4611 2264 4672">
     <span class='ocr_line' id='line_1_92' title="bbox 2210 4611 2264 4672; baseline 0 0"><span class='ocrx_word' id='word_1_658' title='bbox 2210 4611 2264 4672; x_wconf 87' lang='lat' dir='ltr'><strong>D</strong></span> 
     </span>
    </p>
   </div>
   <div class='ocr_carea' id='block_1_93' title="bbox 2293 3356 3743 3435">
    <p class='ocr_par' dir='ltr' id='par_1_93' title="bbox 2293 3356 3743 3435">
     <span class='ocr_line' id='line_1_93' title="bbox 2293 3356 3743 3435; baseline 0.01 -27"><span class='ocrx_word' id='word_1_659' title='bbox 2293 3356 2452 3410; x_wconf 79' lang='grc' dir='ltr'><strong>αὐτοῦ</strong></span> <span class='ocrx_word' id='word_1_660' title='bbox 2497 3359 2740 3435; x_wconf 78' lang='grc' dir='ltr'><strong>ἐνεργείας</strong></span> <span class='ocrx_word' id='word_1_661' title='bbox 2770 3361 2987 3430; x_wconf 82' lang='grc' dir='ltr'><strong>δοξάζω,</strong></span> <span class='ocrx_word' id='word_1_662' title='bbox 3020 3369 3088 3426; x_wconf 78' lang='grc' dir='ltr'><strong>ὡς</strong></span> <span class='ocrx_word' id='word_1_663' title='bbox 3113 3364 3392 3427; x_wconf 82' lang='grc' dir='ltr'><strong>δηλωτικάς</strong></span> <span class='ocrx_word' id='word_1_664' title='bbox 3425 3369 3502 3421; x_wconf 79' lang='grc' dir='ltr'><strong>καί</strong></span> <span class='ocrx_word' id='word_1_665' title='bbox 3530 3365 3743 3422; x_wconf 64' lang='lat' dir='ltr'><strong>cumuli;</strong></span> 
     </span>
    </p>
   </div>
   <div class='ocr_carea' id='block_1_94' title="bbox 2290 3451 3745 3531">
    <p class='ocr_par' dir='ltr' id='par_1_94' title="bbox 2290 3451 3745 3531">
     <span class='ocr_line' id='line_1_94' title="bbox 2290 3451 3745 3531; baseline 0.005 -25"><span class='ocrx_word' id='word_1_666' title='bbox 2290 3451 2460 3506; x_wconf 85' lang='grc' dir='ltr'><strong>αύτῶν</strong></span> <span class='ocrx_word' id='word_1_667' title='bbox 2486 3459 2588 3508; x_wconf 84' lang='grc' dir='ltr'><strong>τῶν</strong></span> <span class='ocrx_word' id='word_1_668' title='bbox 2632 3456 2810 3511; x_wconf 80' lang='grc' dir='ltr'><strong>οὐσιῶν</strong></span> <span class='ocrx_word' id='word_1_669' title='bbox 2856 3457 3011 3529; x_wconf 74' lang='grc' dir='ltr'><strong>ἤγουν</strong></span> <span class='ocrx_word' id='word_1_670' title='bbox 3054 3463 3277 3531; x_wconf 71' lang='grc' dir='ltr'><strong>φύσεων,</strong></span> <span class='ocrx_word' id='word_1_671' title='bbox 3310 3461 3431 3516; x_wconf 60' lang='grc' dir='ltr'><strong>»ωιτά</strong></span> <span class='ocrx_word' id='word_1_672' title='bbox 3475 3459 3551 3519; x_wconf 77' lang='grc' dir='ltr'><strong>τὰς</strong></span> <span class='ocrx_word' id='word_1_673' title='bbox 3584 3455 3745 3512; x_wconf 74' lang='grc' dir='ltr'><strong>Θιοσεεεῐῖ</strong></span> 
     </span>
    </p>
   </div>
   <div class='ocr_carea' id='block_1_95' title="bbox 2291 3545 3740 3629">
    <p class='ocr_par' dir='ltr' id='par_1_95' title="bbox 2291 3545 3740 3629">
     <span class='ocr_line' id='line_1_95' title="bbox 2291 3545 3740 3629; baseline 0.004 -33"><span class='ocrx_word' id='word_1_674' title='bbox 2291 3545 2378 3597; x_wconf 82' lang='grc' dir='ltr'><strong>καί</strong></span> <span class='ocrx_word' id='word_1_675' title='bbox 2405 3545 2701 3619; x_wconf 82' lang='grc' dir='ltr'><strong>Θεοπρεπεῖς</strong></span> <span class='ocrx_word' id='word_1_676' title='bbox 2723 3556 2821 3603; x_wconf 80' lang='grc' dir='ltr'><strong>τῶν</strong></span> <span class='ocrx_word' id='word_1_677' title='bbox 2848 3551 3094 3624; x_wconf 74' lang='grc' dir='ltr'><strong>θεοσὸφων</strong></span> <span class='ocrx_word' id='word_1_678' title='bbox 3121 3554 3267 3622; x_wconf 80' lang='grc' dir='ltr'><strong>ἡμῶν</strong></span> <span class='ocrx_word' id='word_1_679' title='bbox 3284 3553 3500 3629; x_wconf 75' lang='grc' dir='ltr'><strong>πατέρων</strong></span> <span class='ocrx_word' id='word_1_680' title='bbox 3516 3545 3740 3622; x_wconf 69' lang='grc' dir='ltr'><strong>παραδόσεις-</strong></span> 
     </span>
    </p>
   </div>
   <div class='ocr_carea' id='block_1_96' title="bbox 2291 3637 3742 3716">
    <p class='ocr_par' dir='ltr' id='par_1_96' title="bbox 2291 3637 3742 3716">
     <span class='ocr_line' id='line_1_96' title="bbox 2291 3637 3742 3716; baseline -0.001 -27"><span class='ocrx_word' id='word_1_681' title='bbox 2291 3639 2556 3696; x_wconf 79' lang='grc' dir='ltr'><strong>·Ωισαυτως</strong></span> <span class='ocrx_word' id='word_1_682' title='bbox 2583 3641 2668 3693; x_wconf 79' lang='grc' dir='ltr'><strong>καί</strong></span> <span class='ocrx_word' id='word_1_683' title='bbox 2697 3637 2787 3693; x_wconf 84' lang='grc' dir='ltr'><strong>δύο</strong></span> <span class='ocrx_word' id='word_1_684' title='bbox 2816 3641 3035 3703; x_wconf 75' lang='grc' dir='ltr'><strong>Θελήσεις</strong></span> <span class='ocrx_word' id='word_1_685' title='bbox 3068 3641 3231 3716; x_wconf 72' lang='grc' dir='ltr'><strong>ἤγουν</strong></span> <span class='ocrx_word' id='word_1_686' title='bbox 3267 3644 3505 3714; x_wconf 70' lang='grc' dir='ltr'><strong>θελήματα</strong></span> <span class='ocrx_word' id='word_1_687' title='bbox 3534 3637 3670 3710; x_wconf 73' lang='grc' dir='ltr'><strong>φυσιή</strong></span> <span class='ocrx_word' id='word_1_688' title='bbox 3691 3637 3742 3688; x_wconf 66' lang='grc' dir='ltr'><strong>τώ</strong></span> 
     </span>
    </p>
   </div>
   <div class='ocr_carea' id='block_1_97' title="bbox 2289 3732 3740 3812">
    <p class='ocr_par' dir='ltr' id='par_1_97' title="bbox 2289 3732 3740 3812">
     <span class='ocr_line' id='line_1_97' title="bbox 2289 3732 3740 3812; baseline 0 -26"><span class='ocrx_word' id='word_1_689' title='bbox 2289 3732 2449 3786; x_wconf 79' lang='grc' dir='ltr'><strong>αὐτοῦ</strong></span> <span class='ocrx_word' id='word_1_690' title='bbox 2478 3733 2586 3794; x_wconf 82' lang='grc' dir='ltr'><strong>ἑνὸς</strong></span> <span class='ocrx_word' id='word_1_691' title='bbox 2615 3738 2796 3812; x_wconf 79' lang='grc' dir='ltr'><strong>Κυρίου</strong></span> <span class='ocrx_word' id='word_1_692' title='bbox 2825 3741 2910 3791; x_wconf 83' lang='grc' dir='ltr'><strong>καί</strong></span> <span class='ocrx_word' id='word_1_693' title='bbox 2941 3743 3066 3792; x_wconf 83' lang='grc' dir='ltr'><strong>Θεοῦ</strong></span> <span class='ocrx_word' id='word_1_694' title='bbox 3093 3738 3237 3811; x_wconf 75' lang='grc' dir='ltr'><strong>ἡμῶν</strong></span> <span class='ocrx_word' id='word_1_695' title='bbox 3264 3739 3421 3797; x_wconf 79' lang='grc' dir='ltr'><strong>Ἰησοῦ</strong></span> <span class='ocrx_word' id='word_1_696' title='bbox 3447 3739 3626 3809; x_wconf 77' lang='grc' dir='ltr'><strong>Χριστοῦ</strong></span> <span class='ocrx_word' id='word_1_697' title='bbox 3644 3748 3740 3801; x_wconf 62' lang='grc' dir='ltr'><strong>τρισί</strong></span> 
     </span>
    </p>
   </div>
   <div class='ocr_carea' id='block_1_98' title="bbox 2293 3823 3742 3903">
    <p class='ocr_par' dir='ltr' id='par_1_98' title="bbox 2293 3823 3742 3903">
     <span class='ocr_line' id='line_1_98' title="bbox 2293 3823 3742 3903; baseline 0.002 -27"><span class='ocrx_word' id='word_1_698' title='bbox 2293 3823 2446 3877; x_wconf 75' lang='grc' dir='ltr'><strong>ϐεύω.</strong></span> <span class='ocrx_word' id='word_1_699' title='bbox 2492 3825 2756 3884; x_wconf 80' lang='grc' dir='ltr'><strong>Θελητικὸν</strong></span> <span class='ocrx_word' id='word_1_700' title='bbox 2801 3829 2898 3903; x_wconf 80' lang='grc' dir='ltr'><strong>γὰρ</strong></span> <span class='ocrx_word' id='word_1_701' title='bbox 2933 3831 3080 3884; x_wconf 76' lang='grc' dir='ltr'><strong>αὐτὸν</strong></span> <span class='ocrx_word' id='word_1_702' title='bbox 3120 3833 3352 3902; x_wconf 75' lang='grc' dir='ltr'><strong>γινώσκω</strong></span> <span class='ocrx_word' id='word_1_703' title='bbox 3395 3826 3659 3898; x_wconf 61' lang='grc' dir='ltr'><strong>κατθῚτίραν</strong></span> <span class='ocrx_word' id='word_1_704' title='bbox 3685 3825 3742 3873; x_wconf 69' lang='grc' dir='ltr'><strong>τίον</strong></span> 
     </span>
    </p>
   </div>
   <div class='ocr_carea' id='block_1_99' title="bbox 2290 3913 3739 3996">
    <p class='ocr_par' dir='ltr' id='par_1_99' title="bbox 2290 3913 3739 3996">
     <span class='ocr_line' id='line_1_99' title="bbox 2290 3913 3739 3996; baseline -0.005 -27"><span class='ocrx_word' id='word_1_705' title='bbox 2290 3916 2508 3986; x_wconf 80' lang='grc' dir='ltr'><strong>φύσεων,</strong></span> <span class='ocrx_word' id='word_1_706' title='bbox 2539 3919 2589 3981; x_wconf 82' lang='grc' dir='ltr'><strong>ἐξ</strong></span> <span class='ocrx_word' id='word_1_707' title='bbox 2623 3915 2688 3971; x_wconf 82' lang='grc' dir='ltr'><strong>ὧν</strong></span> <span class='ocrx_word' id='word_1_708' title='bbox 2729 3921 2812 3973; x_wconf 82' lang='grc' dir='ltr'><strong>καί</strong></span> <span class='ocrx_word' id='word_1_709' title='bbox 2849 3920 2896 3973; x_wconf 79' lang='grc' dir='ltr'><strong>ἔν</strong></span> <span class='ocrx_word' id='word_1_710' title='bbox 2928 3915 3005 3980; x_wconf 72' lang='grc' dir='ltr'><strong>αἶς</strong></span> <span class='ocrx_word' id='word_1_711' title='bbox 3032 3921 3269 3996; x_wconf 75' lang='grc' dir='ltr'><strong>ὑπάρχει</strong></span> <span class='ocrx_word' id='word_1_712' title='bbox 3314 3922 3398 3974; x_wconf 83' lang='grc' dir='ltr'><strong>καί</strong></span> <span class='ocrx_word' id='word_1_713' title='bbox 3440 3923 3611 3973; x_wconf 81' lang='grc' dir='ltr'><strong>νοεῖται·</strong></span> <span class='ocrx_word' id='word_1_714' title='bbox 3633 3913 3739 3980; x_wconf 68' lang='grc' dir='ltr'><strong>ὅπερ</strong></span> 
     </span>
    </p>
   </div>
   <div class='ocr_carea' id='block_1_100' title="bbox 2289 4002 3739 4088">
    <p class='ocr_par' dir='ltr' id='par_1_100' title="bbox 2289 4002 3739 4088">
     <span class='ocr_line' id='line_1_100' title="bbox 2289 4002 3739 4088; baseline -0.001 -29"><span class='ocrx_word' id='word_1_715' title='bbox 2289 4006 2583 4080; x_wconf 77' lang='grc' dir='ltr'><strong>ἐνεργοῦντα</strong></span> <span class='ocrx_word' id='word_1_716' title='bbox 2605 4009 2738 4088; x_wconf 78' lang='grc' dir='ltr'><strong>ούτω</strong></span> <span class='ocrx_word' id='word_1_717' title='bbox 2768 4012 2850 4064; x_wconf 80' lang='grc' dir='ltr'><strong>καί</strong></span> <span class='ocrx_word' id='word_1_718' title='bbox 2885 4010 3100 4068; x_wconf 76' lang='grc' dir='ltr'><strong>θέλοντα·</strong></span> <span class='ocrx_word' id='word_1_719' title='bbox 3135 4013 3226 4067; x_wconf 64' lang='grc' dir='ltr'><strong>ἐπὶ</strong></span> <span class='ocrx_word' id='word_1_720' title='bbox 3253 4013 3313 4068; x_wconf 89' lang='grc' dir='ltr'><strong>τὸ</strong></span> <span class='ocrx_word' id='word_1_721' title='bbox 3342 4011 3486 4071; x_wconf 81' lang='grc' dir='ltr'><strong>πάθος</strong></span> <span class='ocrx_word' id='word_1_722' title='bbox 3509 4005 3614 4062; x_wconf 77' lang='grc' dir='ltr'><strong>δὲτὸ</strong></span> 
     </span>
    </p>
   </div>
   <div class='ocr_carea' id='block_1_101' title="bbox 2287 4096 2923 4169">
    <p class='ocr_par' dir='ltr' id='par_1_101' title="bbox 2287 4096 2923 4169">
     <span class='ocr_line' id='line_1_101' title="bbox 2287 4096 2923 4169; baseline 0.014 -20"><span class='ocrx_word' id='word_1_723' title='bbox 2287 4115 2393 4169; x_wconf 86' lang='grc' dir='ltr'><strong>ριον</strong></span> <span class='ocrx_word' id='word_1_724' title='bbox 2422 4096 2667 4160; x_wconf 77' lang='grc' dir='ltr'><strong>ίκουσίως</strong></span> <span class='ocrx_word' id='word_1_725' title='bbox 2699 4101 2923 4158; x_wconf 72' lang='grc' dir='ltr'><strong>ἐλθόντα.</strong></span> 
     </span>
    </p>
   </div>
   <div class='ocr_carea' id='block_1_102' title="bbox 2356 4532 3737 4630">
    <p class='ocr_par' dir='ltr' id='par_1_102' title="bbox 2356 4532 3737 4630">
     <span class='ocr_line' id='line_1_102' title="bbox 2356 4532 3737 4630; baseline -0.004 -25"><span class='ocrx_word' id='word_1_726' title='bbox 2356 4551 2583 4606; x_wconf 82' lang='grc' dir='ltr'><strong>Πιστεύω</strong></span> <span class='ocrx_word' id='word_1_727' title='bbox 2622 4551 2773 4608; x_wconf 80' lang='grc' dir='ltr'><strong>αὐτὸν</strong></span> <span class='ocrx_word' id='word_1_728' title='bbox 2817 4553 3172 4630; x_wconf 60' lang='grc' dir='ltr'><strong>στωρωξῆναι</strong></span> <span class='ocrx_word' id='word_1_729' title='bbox 3205 4552 3292 4609; x_wconf 78' lang='grc' dir='ltr'><strong>οὐκ</strong></span> <span class='ocrx_word' id='word_1_730' title='bbox 3343 4545 3436 4608; x_wconf 62' lang='lat' dir='ltr'><strong>iani</strong></span> <span class='ocrx_word' id='word_1_731' title='bbox 3459 4532 3737 4616; x_wconf 45' lang='lat' dir='ltr'><strong>eadem»</strong></span> 
     </span>
    </p>
   </div>
   <div class='ocr_carea' id='block_1_103' title="bbox 2287 4629 3737 4726">
    <p class='ocr_par' dir='ltr' id='par_1_103' title="bbox 2287 4629 3737 4726">
     <span class='ocr_line' id='line_1_103' title="bbox 2287 4629 3737 4726; baseline 0.006 -29"><span class='ocrx_word' id='word_1_732' title='bbox 2287 4649 2360 4712; x_wconf 85' lang='grc' dir='ltr'><strong>τῷ</strong></span> <span class='ocrx_word' id='word_1_733' title='bbox 2384 4646 2543 4714; x_wconf 81' lang='grc' dir='ltr'><strong>Πατρί</strong></span> <span class='ocrx_word' id='word_1_734' title='bbox 2570 4645 2736 4718; x_wconf 77' lang='grc' dir='ltr'><strong>οὐσίᾳ·</strong></span> <span class='ocrx_word' id='word_1_735' title='bbox 2769 4647 2813 4698; x_wconf 82' lang='grc' dir='ltr'><strong>εἰ</strong></span> <span class='ocrx_word' id='word_1_736' title='bbox 2849 4646 2932 4699; x_wconf 79' lang='grc' dir='ltr'><strong>καί</strong></span> <span class='ocrx_word' id='word_1_737' title='bbox 2958 4645 3042 4700; x_wconf 82' lang='grc' dir='ltr'><strong>τὸν</strong></span> <span class='ocrx_word' id='word_1_738' title='bbox 3071 4648 3251 4723; x_wconf 75' lang='grc' dir='ltr'><strong>Κύριον</strong></span> <span class='ocrx_word' id='word_1_739' title='bbox 3289 4652 3377 4704; x_wconf 77' lang='grc' dir='ltr'><strong>τῆς</strong></span> <span class='ocrx_word' id='word_1_740' title='bbox 3409 4641 3535 4705; x_wconf 62' lang='grc' dir='ltr'><strong>δόξης</strong></span> 
     </span>
    </p>
   </div>
   <div class='ocr_carea' id='block_1_104' title="bbox 2289 4715 3735 4810">
    <p class='ocr_par' dir='ltr' id='par_1_104' title="bbox 2289 4715 3735 4810">
     <span class='ocr_line' id='line_1_104' title="bbox 2289 4715 3735 4810; baseline 0.017 -23"><span class='ocrx_word' id='word_1_741' title='bbox 2289 4737 2404 4788; x_wconf 83' lang='grc' dir='ltr'><strong>σθαι</strong></span> <span class='ocrx_word' id='word_1_742' title='bbox 2430 4735 2624 4805; x_wconf 78' lang='grc' dir='ltr'><strong>λέγεται</strong></span> <span class='ocrx_word' id='word_1_743' title='bbox 2655 4715 2984 4810; x_wconf 73' lang='grc' dir='ltr'><strong>[γέγραπται]</strong></span> <span class='ocrx_word' id='word_1_744' title='bbox 3007 4745 3079 4808; x_wconf 86' lang='grc' dir='ltr'><strong>τῷ</strong></span> <span class='ocrx_word' id='word_1_745' title='bbox 3108 4715 3237 4810; x_wconf 66' lang='grc' dir='ltr'><strong>λύγῳ</strong></span> <span class='ocrx_word' id='word_1_746' title='bbox 3264 4745 3353 4798; x_wconf 75' lang='grc' dir='ltr'><strong>τῆς</strong></span> <span class='ocrx_word' id='word_1_747' title='bbox 3374 4728 3638 4789; x_wconf 46' lang='grc' dir='ltr'><strong>ἀντιδόσεως.</strong></span> 
     </span>
    </p>
   </div>
   <div class='ocr_carea' id='block_1_105' title="bbox 2286 4809 3734 4900">
    <p class='ocr_par' dir='ltr' id='par_1_105' title="bbox 2286 4809 3734 4900">
     <span class='ocr_line' id='line_1_105' title="bbox 2286 4809 3734 4900; baseline -0.006 -2"><span class='ocrx_word' id='word_1_748' title='bbox 2286 4831 2350 4898; x_wconf 65' lang='grc' dir='ltr'><strong>τῇ</strong></span> <span class='ocrx_word' id='word_1_749' title='bbox 2378 4825 2484 4879; x_wconf 81' lang='grc' dir='ltr'><strong>καθ’</strong></span> <span class='ocrx_word' id='word_1_750' title='bbox 2501 4828 2634 4896; x_wconf 69' lang='grc' dir='ltr'><strong>ἡμᾶς</strong></span> <span class='ocrx_word' id='word_1_751' title='bbox 2655 4831 2779 4900; x_wconf 67' lang='grc' dir='ltr'><strong>Ἱερᾷ</strong></span> <span class='ocrx_word' id='word_1_752' title='bbox 2807 4825 3008 4899; x_wconf 75' lang='grc' dir='ltr'><strong>[γεηρᾷ]</strong></span> <span class='ocrx_word' id='word_1_753' title='bbox 3026 4809 3196 4900; x_wconf 55' lang='grc' dir='ltr'><strong>φύσει,</strong></span> <span class='ocrx_word' id='word_1_754' title='bbox 3225 4828 3327 4883; x_wconf 82' lang='grc' dir='ltr'>καθ’</span> <span class='ocrx_word' id='word_1_755' title='bbox 3349 4829 3402 4885; x_wconf 75' lang='grc' dir='ltr'><strong>ἣν</strong></span> <span class='ocrx_word' id='word_1_756' title='bbox 3421 4825 3473 4878; x_wconf 81' lang='grc' dir='ltr'><strong>τὸ</strong></span> <span class='ocrx_word' id='word_1_757' title='bbox 3499 4816 3632 4890; x_wconf 57' lang='lat' dir='ltr'><strong>xm</strong></span> <span class='ocrx_word' id='word_1_758' title='bbox 3651 4809 3734 4900; x_wconf 49' lang='lat'><strong>&#39;38&quot;</strong></span> 
     </span>
    </p>
   </div>
   <div class='ocr_carea' id='block_1_106' title="bbox 2287 4897 3732 5000">
    <p class='ocr_par' dir='ltr' id='par_1_106' title="bbox 2287 4897 3732 5000">
     <span class='ocr_line' id='line_1_106' title="bbox 2287 4897 3732 5000; baseline -0.005 -32"><span class='ocrx_word' id='word_1_759' title='bbox 2287 4897 2492 4968; x_wconf 77' lang='grc' dir='ltr'><strong>ἀνέλαϐε</strong></span> <span class='ocrx_word' id='word_1_760' title='bbox 2547 4897 2786 4988; x_wconf 58' lang='grc' dir='ltr'><strong>φύραμα,</strong></span> <span class='ocrx_word' id='word_1_761' title='bbox 2819 4897 3144 4988; x_wconf 27' lang='grc' dir='ltr'><strong>διαί-κατάρα</strong></span> <span class='ocrx_word' id='word_1_762' title='bbox 3185 4920 3314 4994; x_wconf 73' lang='grc' dir='ltr'><strong>ύπέρ</strong></span> <span class='ocrx_word' id='word_1_763' title='bbox 3347 4918 3468 4989; x_wconf 70' lang='grc' dir='ltr'><strong>ἡμῶν</strong></span> <span class='ocrx_word' id='word_1_764' title='bbox 3503 4897 3732 5000; x_wconf 56' lang='grc' dir='ltr'><strong>γέγονξνιῖνξ</strong></span> 
     </span>
    </p>
   </div>
   <div class='ocr_carea' id='block_1_107' title="bbox 2286 4995 3733 5082">
    <p class='ocr_par' dir='ltr' id='par_1_107' title="bbox 2286 4995 3733 5082">
     <span class='ocr_line' id='line_1_107' title="bbox 2286 4995 3733 5082; baseline -0.002 -22"><span class='ocrx_word' id='word_1_765' title='bbox 2286 5014 2376 5067; x_wconf 79' lang='grc' dir='ltr'><strong>τῆς</strong></span> <span class='ocrx_word' id='word_1_766' title='bbox 2423 5004 2730 5082; x_wconf 78' lang='grc' dir='ltr'><strong>παρ’ἑαυτῷ</strong></span> <span class='ocrx_word' id='word_1_767' title='bbox 2770 5010 3000 5082; x_wconf 69' lang='grc' dir='ltr'><strong>εὐλογίας</strong></span> <span class='ocrx_word' id='word_1_768' title='bbox 3041 5014 3294 5072; x_wconf 80' lang='grc' dir='ltr'><strong>κοινωνούς</strong></span> <span class='ocrx_word' id='word_1_769' title='bbox 3322 5013 3443 5081; x_wconf 76' lang='grc' dir='ltr'><strong>ἡμᾶς</strong></span> <span class='ocrx_word' id='word_1_770' title='bbox 3479 4995 3733 5058; x_wconf 48' lang='lat' dir='ltr'><strong>amati-31h”</strong></span> 
     </span>
    </p>
   </div>
   <div class='ocr_carea' id='block_1_108' title="bbox 2285 5082 3730 5178">
    <p class='ocr_par' dir='ltr' id='par_1_108' title="bbox 2285 5082 3730 5178">
     <span class='ocr_line' id='line_1_108' title="bbox 2285 5082 3730 5178; baseline -0.001 -26"><span class='ocrx_word' id='word_1_771' title='bbox 2285 5099 2368 5152; x_wconf 90' lang='grc' dir='ltr'><strong>τὸν</strong></span> <span class='ocrx_word' id='word_1_772' title='bbox 2415 5104 2514 5151; x_wconf 84' lang='grc' dir='ltr'><strong>τῶν</strong></span> <span class='ocrx_word' id='word_1_773' title='bbox 2565 5103 2854 5177; x_wconf 68' lang='grc' dir='ltr'><strong>κακούργων</strong></span> <span class='ocrx_word' id='word_1_774' title='bbox 2892 5104 3022 5156; x_wconf 83' lang='grc' dir='ltr'><strong>κατὰ</strong></span> <span class='ocrx_word' id='word_1_775' title='bbox 3068 5109 3158 5162; x_wconf 73' lang='grc' dir='ltr'><strong>τήν</strong></span> <span class='ocrx_word' id='word_1_776' title='bbox 3209 5106 3373 5178; x_wconf 74' lang='grc' dir='ltr'><strong>σάρκα</strong></span> <span class='ocrx_word' id='word_1_777' title='bbox 3421 5096 3618 5160; x_wconf 71' lang='grc' dir='ltr'><strong>ἠνέσχετο</strong></span> <span class='ocrx_word' id='word_1_778' title='bbox 3653 5082 3730 5132; x_wconf 52' lang='grc' dir='ltr'><strong>ὑπ’</strong></span> 
     </span>
    </p>
   </div>
   <div class='ocr_carea' id='block_1_109' title="bbox 2285 5173 3732 5263">
    <p class='ocr_par' dir='ltr' id='par_1_109' title="bbox 2285 5173 3732 5263">
     <span class='ocr_line' id='line_1_109' title="bbox 2285 5173 3732 5263; baseline -0.003 -22"><span class='ocrx_word' id='word_1_779' title='bbox 2285 5194 2448 5261; x_wconf 78' lang='grc' dir='ltr'><strong>μεῖναι</strong></span> <span class='ocrx_word' id='word_1_780' title='bbox 2481 5186 2709 5248; x_wconf 58' lang='grc' dir='ltr'><strong>θάνατον.</strong></span> <span class='ocrx_word' id='word_1_781' title='bbox 2739 5191 2819 5244; x_wconf 85' lang='grc' dir='ltr'><strong>’ίνα</strong></span> <span class='ocrx_word' id='word_1_782' title='bbox 2861 5193 2920 5246; x_wconf 88' lang='grc' dir='ltr'><strong>τὸ</strong></span> <span class='ocrx_word' id='word_1_783' title='bbox 2959 5200 3050 5248; x_wconf 84' lang='grc' dir='ltr'><strong>τοῦ</strong></span> <span class='ocrx_word' id='word_1_784' title='bbox 3095 5195 3303 5248; x_wconf 80' lang='grc' dir='ltr'><strong>θανάτου</strong></span> <span class='ocrx_word' id='word_1_785' title='bbox 3334 5190 3523 5263; x_wconf 76' lang='grc' dir='ltr'><strong>κέντρον.</strong></span> <span class='ocrx_word' id='word_1_786' title='bbox 3543 5184 3609 5237; x_wconf 67' lang='grc' dir='ltr'><strong>τάν</strong></span> <span class='ocrx_word' id='word_1_787' title='bbox 3631 5173 3732 5263; x_wconf 52' lang='grc' dir='ltr'><strong>ἐξιεῖ</strong></span> 
     </span>
    </p>
   </div>
   <div class='ocr_carea' id='block_1_110' title="bbox 2286 5257 3728 5358">
    <p class='ocr_par' dir='ltr' id='par_1_110' title="bbox 2286 5271 3728 5358">
     <span class='ocr_line' id='line_1_110' title="bbox 2286 5271 3728 5358; baseline 0.001 -26"><span class='ocrx_word' id='word_1_788' title='bbox 2286 5281 2396 5332; x_wconf 87' lang='grc' dir='ltr'><strong>τίαν</strong></span> <span class='ocrx_word' id='word_1_789' title='bbox 2434 5281 2702 5353; x_wconf 78' lang='grc' dir='ltr'><strong>κατακρίνῃ</strong></span> <span class='ocrx_word' id='word_1_790' title='bbox 2747 5281 2798 5334; x_wconf 77' lang='grc' dir='ltr'><strong>ἓν</strong></span> <span class='ocrx_word' id='word_1_791' title='bbox 2836 5289 2900 5356; x_wconf 76' lang='grc' dir='ltr'><strong>τῇ</strong></span> <span class='ocrx_word' id='word_1_792' title='bbox 2947 5285 3101 5358; x_wconf 77' lang='grc' dir='ltr'><strong>σαρκί</strong></span> <span class='ocrx_word' id='word_1_793' title='bbox 3129 5286 3305 5349; x_wconf 79' lang='grc' dir='ltr'><strong>αὐτοῦ,</strong></span> <span class='ocrx_word' id='word_1_794' title='bbox 3330 5283 3403 5335; x_wconf 84' lang='grc' dir='ltr'><strong>καί</strong></span> <span class='ocrx_word' id='word_1_795' title='bbox 3437 5271 3661 5346; x_wconf 61' lang='grc' dir='ltr'><strong>καιτοιργιίσῖΕ</strong></span> <span class='ocrx_word' id='word_1_796' title='bbox 3678 5277 3728 5311; x_wconf 49' lang='grc' dir='ltr'><strong>θ’</strong></span> 
     </span>
    </p>
   </div>
   <div class='ocr_carea' id='block_1_111' title="bbox 2287 5353 3726 5444">
    <p class='ocr_par' dir='ltr' id='par_1_111' title="bbox 2287 5355 3726 5444">
     <span class='ocr_line' id='line_1_111' title="bbox 2287 5355 3726 5444; baseline -0.015 -12"><span class='ocrx_word' id='word_1_797' title='bbox 2287 5370 2346 5424; x_wconf 65' lang='grc' dir='ltr'><strong>’δι’ὸ</strong></span> <span class='ocrx_word' id='word_1_798' title='bbox 2381 5372 2568 5444; x_wconf 78' lang='grc' dir='ltr'><strong>κράτος</strong></span> <span class='ocrx_word' id='word_1_799' title='bbox 2598 5370 2792 5440; x_wconf 69' lang='grc' dir='ltr'><strong>ἔχοντα</strong></span> <span class='ocrx_word' id='word_1_800' title='bbox 2821 5381 2912 5428; x_wconf 83' lang='grc' dir='ltr'><strong>τοῦ</strong></span> <span class='ocrx_word' id='word_1_801' title='bbox 2942 5377 3156 5432; x_wconf 83' lang='grc' dir='ltr'><strong>θανάτου</strong></span> <span class='ocrx_word' id='word_1_802' title='bbox 3176 5418 3188 5436; x_wconf 86' lang='grc'><strong>.</strong></span> <span class='ocrx_word' id='word_1_803' title='bbox 3219 5376 3434 5431; x_wconf 82' lang='grc' dir='ltr'><strong>τουτέστι</strong></span> <span class='ocrx_word' id='word_1_804' title='bbox 3460 5372 3528 5423; x_wconf 58' lang='grc' dir='ltr'><strong>τὸν</strong></span> <span class='ocrx_word' id='word_1_805' title='bbox 3563 5355 3726 5444; x_wconf 43' lang='lat'><strong>8:026“?-</strong></span> 
     </span>
    </p>
   </div>
   <div class='ocr_carea' id='block_1_112' title="bbox 2287 5441 3725 5540">
    <p class='ocr_par' dir='ltr' id='par_1_112' title="bbox 2287 5441 3725 5540">
     <span class='ocr_line' id='line_1_112' title="bbox 2287 5441 3725 5540; baseline -0.01 -23"><span class='ocrx_word' id='word_1_806' title='bbox 2287 5441 2425 5538; x_wconf 65' lang='grc' dir='ltr'><strong>Ταφῇ</strong></span> <span class='ocrx_word' id='word_1_807' title='bbox 2451 5461 2504 5518; x_wconf 71' lang='grc' dir='ltr'><em>δέ</em></span> <span class='ocrx_word' id='word_1_808' title='bbox 2539 5463 2818 5536; x_wconf 79' lang='grc' dir='ltr'><strong>παραδοθὲν</strong></span> <span class='ocrx_word' id='word_1_809' title='bbox 2845 5469 3003 5521; x_wconf 79' lang='grc' dir='ltr'><strong>αὐτοῦ</strong></span> <span class='ocrx_word' id='word_1_810' title='bbox 3047 5470 3103 5523; x_wconf 85' lang='grc' dir='ltr'><strong>τὸ</strong></span> <span class='ocrx_word' id='word_1_811' title='bbox 3138 5476 3280 5540; x_wconf 79' lang='grc' dir='ltr'><strong>σῶμα</strong></span> <span class='ocrx_word' id='word_1_812' title='bbox 3321 5464 3533 5538; x_wconf 70' lang='grc' dir='ltr'><strong>ἄφθαρτον</strong></span> <span class='ocrx_word' id='word_1_813' title='bbox 3569 5441 3725 5540; x_wconf 47' lang='grc' dir='ltr'><strong>διατξῄ</strong></span> 
     </span>
    </p>
   </div>
   <div class='ocr_carea' id='block_1_113' title="bbox 2289 5533 3726 5636">
    <p class='ocr_par' dir='ltr' id='par_1_113' title="bbox 2289 5533 3726 5636">
     <span class='ocr_line' id='line_1_113' title="bbox 2371 5533 3664 5550; baseline 0 0"><span class='ocrx_word' id='word_1_814' title='bbox 2371 5533 2410 5538; x_wconf 59' lang='grc' dir='ltr'><strong>ν-</strong></span> <span class='ocrx_word' id='word_1_815' title='bbox 2611 5533 2620 5536; x_wconf 95' lang='grc'><strong><em>-</em></strong></span> <span class='ocrx_word' id='word_1_816' title='bbox 3213 5533 3223 5540; x_wconf 90' lang='grc'><strong>-</strong></span> <span class='ocrx_word' id='word_1_817' title='bbox 3359 5533 3368 5538; x_wconf 92' lang='grc'><strong>-</strong></span> <span class='ocrx_word' id='word_1_818' title='bbox 3438 5533 3446 5537; x_wconf 87' lang='grc'><strong><em>-</em></strong></span> <span class='ocrx_word' id='word_1_819' title='bbox 3651 5533 3664 5550; x_wconf 89' lang='grc'><strong>.</strong></span> 
     </span>
     <span class='ocr_line' id='line_1_114' title="bbox 2289 5547 3726 5636; baseline -0.007 -27"><span class='ocrx_word' id='word_1_820' title='bbox 2289 5577 2451 5610; x_wconf 87' lang='grc' dir='ltr'><strong>σαντα</strong></span> <span class='ocrx_word' id='word_1_821' title='bbox 2478 5554 2723 5629; x_wconf 76' lang='grc' dir='ltr'><strong>μηδαμῶς</strong></span> <span class='ocrx_word' id='word_1_822' title='bbox 2751 5566 2842 5619; x_wconf 79' lang='grc' dir='ltr'><strong>τῆς</strong></span> <span class='ocrx_word' id='word_1_823' title='bbox 2887 5561 3176 5636; x_wconf 70' lang='grc' dir='ltr'><strong>ἀπορρήτου</strong></span> <span class='ocrx_word' id='word_1_824' title='bbox 3215 5566 3292 5615; x_wconf 82' lang='grc' dir='ltr'><strong>καί</strong></span> <span class='ocrx_word' id='word_1_825' title='bbox 3339 5553 3616 5627; x_wconf 70' lang='grc' dir='ltr'><strong>ἁναφράστου</strong></span> 
     </span>
    </p>
   </div>
   <div class='ocr_carea' id='block_1_114' title="bbox 2290 5634 3724 5730">
    <p class='ocr_par' dir='ltr' id='par_1_114' title="bbox 2290 5634 3724 5730">
     <span class='ocr_line' id='line_1_115' title="bbox 2290 5634 3724 5730; baseline -0.005 -27"><span class='ocrx_word' id='word_1_826' title='bbox 2290 5651 2429 5725; x_wconf 80' lang='grc' dir='ltr'><strong>ρεθέν</strong></span> <span class='ocrx_word' id='word_1_827' title='bbox 2470 5650 2713 5709; x_wconf 70' lang='grc' dir='ltr'><strong>ἑνὼσεως·</strong></span> <span class='ocrx_word' id='word_1_828' title='bbox 2761 5652 2805 5705; x_wconf 84' lang='grc' dir='ltr'><strong>εἰ</strong></span> <span class='ocrx_word' id='word_1_829' title='bbox 2848 5655 2929 5706; x_wconf 80' lang='grc' dir='ltr'><strong>καί</strong></span> <span class='ocrx_word' id='word_1_830' title='bbox 2973 5662 3064 5714; x_wconf 80' lang='grc' dir='ltr'><strong>τῆς</strong></span> <span class='ocrx_word' id='word_1_831' title='bbox 3101 5654 3293 5726; x_wconf 78' lang='grc' dir='ltr'><strong>λογικῆς</strong></span> <span class='ocrx_word' id='word_1_832' title='bbox 3335 5650 3471 5703; x_wconf 71' lang='grc' dir='ltr'><strong>αὐτοῦ</strong></span> <span class='ocrx_word' id='word_1_833' title='bbox 3511 5638 3577 5692; x_wconf 76' lang='grc' dir='ltr'><strong>καί</strong></span> 
     </span>
    </p>
   </div>
   <div class='ocr_carea' id='block_1_115' title="bbox 2289 5717 3721 5818">
    <p class='ocr_par' dir='ltr' id='par_1_115' title="bbox 2289 5717 3721 5818">
     <span class='ocr_line' id='line_1_116' title="bbox 2289 5717 3721 5818; baseline -0.046 -5"><span class='ocrx_word' id='word_1_834' title='bbox 2289 5717 2469 5812; x_wconf 42' lang='grc' dir='ltr'><strong>Ψυχῆς</strong></span> <span class='ocrx_word' id='word_1_835' title='bbox 2512 5742 2773 5814; x_wconf 74' lang='grc' dir='ltr'><strong>ἐχωρίσθη</strong></span> <span class='ocrx_word' id='word_1_836' title='bbox 2816 5743 2865 5796; x_wconf 73' lang='grc' dir='ltr'><strong>ἕν</strong></span> <span class='ocrx_word' id='word_1_837' title='bbox 2900 5751 2973 5814; x_wconf 88' lang='grc' dir='ltr'><strong>τῷ</strong></span> <span class='ocrx_word' id='word_1_838' title='bbox 3014 5717 3264 5818; x_wconf 57' lang='grc' dir='ltr'><strong>τριαμέρῳ</strong></span> <span class='ocrx_word' id='word_1_839' title='bbox 3309 5717 3721 5818; x_wconf 38' lang='grc' dir='ltr'><strong>διαστήματιψερ*</strong></span> 
     </span>
    </p>
   </div>
   <div class='ocr_carea' id='block_1_116' title="bbox 2289 5809 3718 5910">
    <p class='ocr_par' dir='ltr' id='par_1_116' title="bbox 2289 5809 3718 5910">
     <span class='ocr_line' id='line_1_117' title="bbox 2289 5809 3718 5910; baseline -0.003 -17"><span class='ocrx_word' id='word_1_840' title='bbox 2289 5837 2437 5896; x_wconf 72' lang='grc' dir='ltr'><strong>αὐτὸς</strong></span> <span class='ocrx_word' id='word_1_841' title='bbox 2483 5838 2565 5891; x_wconf 80' lang='grc' dir='ltr'><strong>καὶ</strong></span> <span class='ocrx_word' id='word_1_842' title='bbox 2617 5838 2690 5901; x_wconf 77' lang='grc' dir='ltr'><strong>εἰς</strong></span> <span class='ocrx_word' id='word_1_843' title='bbox 2746 5833 2872 5910; x_wconf 81' lang='grc' dir='ltr'><strong>ᾅδου</strong></span> <span class='ocrx_word' id='word_1_844' title='bbox 2927 5839 3355 5908; x_wconf 77' lang='grc' dir='ltr'><strong>καταϐέϐηκε,καί</strong></span> <span class='ocrx_word' id='word_1_845' title='bbox 3399 5836 3487 5889; x_wconf 72' lang='grc' dir='ltr'><strong>τοῖς</strong></span> <span class='ocrx_word' id='word_1_846' title='bbox 3520 5823 3558 5876; x_wconf 73' lang='grc' dir='ltr'><strong>έν</strong></span> <span class='ocrx_word' id='word_1_847' title='bbox 3595 5809 3718 5888; x_wconf 55' lang='grc' dir='ltr'><strong>Ῡνλω</strong></span> 
     </span>
    </p>
   </div>
  </div>
