4000 6466
148 442 166 494 l
177 441 268 497 057

1565 425 1925 484 EPlSTOLzE
1937 465 1951 480 .

3236 426 3374 482 1058

143 558 424 626 πνεύμασιν,
478 556 546 616 ὡς
592 552 618 608 ό
663 558 926 628 κορυφαῖος
971 550 1056 602 καί
1095 548 1230 606 θεῖος
1283 543 1434 616 ἴφησε
1482 543 1692 617 Πέτρος,

1802 555 1921 594 cum
1958 553 2063 608 qua
2110 539 2289 592 anima
2344 547 2398 593 et
2426 539 2537 609 ipse
2564 556 2778 612 quoque
2810 542 2879 596 ad
2905 541 3108 598 inferos
3153 542 3376 598 descen-

142 648 376 721 πορευθείς
425 646 627 718 ἐκήρηξε
670 650 757 701 τήν
808 643 1108 705 ἀνάστασιν,
1145 643 1230 695 καί
1277 644 1366 696 την
1414 637 1694 709 ίλευθερίαν

143 743 216 794 καί
240 737 580 811 ἀπολύτρωσιν
602 736 907 808 ἐχαρίσατο,
932 732 1211 805 ἀφθαρσίας
1240 727 1292 785 δὲ
1328 731 1442 802 ἡμῖν
1469 731 1693 803 ἀπαρχή

141 833 334 902 γέγονεν’
380 832 429 883 ἐν
567 827 888 903 πρωτότοκος
927 828 980 880 ἐκ
1028 834 1126 881 τῶν
1170 833 1356 901 νεκρῶν
1394 826 1692 881 ἀνεϐίωσεν.

147 919 314 980 Ἀνέστη
347 923 443 997 γάρ
486 924 554 981 ὡς
596 922 738 984 Θεὸς,
779 924 1015 980 πατήσας
1062 920 1146 974 τόν
1201 918 1424 983 θάνατον,
1470 915 1689 991 προοδο·

141 1022 281 1079 ποιῶν
333 1015 471 1087 πάσῃ
529 1015 684 1090 σαρκί
733 1017 822 1072 τήν
885 1013 1193 1078 ἀνάστασιν,
1245 1013 1330 1065 καί
1384 1012 1693 1069 συνέστησεν

140 1105 280 1174 ἡμᾶς,
304 1104 421 1166 τοὺς
452 1101 702 1166 πεσόντας
730 1111 806 1179 τῷ
831 1112 924 1167 τῆς
951 1102 1208 1177 ἁμαρτίας
1229 1105 1492 1174 πτώμασι.

197 1551 489 1608 Ἐπιστάντα
525 1549 580 1606 δί
625 1552 754 1624 μετά
779 1555 872 1612 τὴν
913 1551 1198 1608 ἀνάστασιν
1232 1561 1345 1615 ταῖς
1375 1555 1582 1625 γυναιξὶ,
1609 1557 1692 1610 καί

130 1649 215 1704 τήν
256 1644 417 1720 χαράν
461 1645 637 1706 αὐταῖς
677 1642 1103 1719 προαγγείλαντα,
1137 1647 1221 1698 καί
1266 1649 1355 1703 τήν
1378 1645 1432 1698 ἐκ
1469 1651 1560 1699 τοῦ
1604 1646 1692 1704 θή-

126 1737 228 1800 λεος
282 1738 396 1810 ἡμῖν
447 1735 769 1806 ἐνσκήφασαν
819 1735 982 1793 λύπην
1035 1735 1402 1808 ἔξαφανίσαντα
1421 1775 1436 1801 ,
1482 1737 1690 1808 ὀφθέντα

125 1825 179 1881 δὲ
220 1829 294 1880 καί
336 1834 438 1886 τοῖς
482 1827 770 1886 θεσπεσίοις
821 1827 975 1879 αὐτοῦ
1029 1826 1282 1896 μαθηταῖς
1331 1825 1390 1880 τὸ
1427 1833 1518 1884 τῆς
1567 1828 1690 1880 ἀνα-

1801 632 1898 696 dit,
1952 632 2141 701 iisque,
2192 632 2281 700 qui
2315 633 2367 684 in
2395 647 2558 686 carne
2585 643 2746 688 erant
2781 635 3062 704 spiritibus
3100 634 3382 706 (quemad-

1798 725 2016 779 modum
2069 725 2434 793 apostolorum
2464 728 2779 796 coryphmus
2805 726 3020 782 divinus
3045 726 3240 782 Petrus
3281 743 3379 782 ex—

1797 814 1994 886 ponit),
2029 815 2484 874 resurrectionem
2513 818 2858 885 prmdicavit,
2881 816 3290 888 libertatemque
3331 826 3385 873 et

1798 905 2224 975 redemptionem
2253 905 2572 974 impertivit,
2600 914 2653 960 et
2683 906 2837 961 nobis
2888 922 3124 976 quoque,
3173 915 3233 960 ut
3259 916 3384 978 pote

1794 997 2187 1067 primogenitus
2234 1004 2596 1062 mortuorum,
2644 1012 2741 1066 per
2784 997 3238 1052 resurrectionem
3287 998 3383 1052 ali-

1795 1092 1938 1158 quod
1979 1088 2404 1158 incorruptionis
2446 1087 2770 1158 principium
2819 1089 3028 1143 exstitit
3080 1103 3095 1142 :
3145 1089 3384 1143 surrexit

1794 1179 1940 1234 enim
1969 1189 2028 1234 ut
2076 1180 2238 1245 Deus,
2289 1188 2521 1234 mortem
2567 1179 2943 1249 pessumdans,
2996 1181 3373 1250 universaeque

1794 1272 1946 1327 carni
1975 1272 2044 1326 ad
2071 1273 2526 1328 resurrectionem
2547 1273 2690 1326 viam
2711 1270 3045 1342 patefaciens
3069 1289 3084 1337 ;
3120 1288 3240 1339 nos,
3271 1273 3369 1342 qui

1791 1364 2002 1434 peccati
2049 1379 2178 1419 casu
2207 1364 2263 1418 in
2291 1371 2522 1419 mortem
2556 1363 2990 1429 concideramus,
3033 1378 3141 1418 una
3192 1379 3378 1419 secum

1793 1459 2192 1530 quodammodo
2213 1459 2503 1514 suscitans.

1864 1553 2039 1610 Credo
2063 1554 2382 1610 mulieribus
2425 1560 2550 1625 post
2575 1552 3034 1609 resurrectionem
3067 1565 3221 1606 suam
3247 1553 3378 1606 asti—

1794 1646 1944 1710 tisse,
1977 1647 2308 1717 tristitiaque
2358 1661 2478 1716 quze
2507 1663 2573 1702 ex
2600 1646 2828 1701 muliere
2865 1646 2934 1700 ad
2961 1660 3059 1700 nos
3087 1645 3384 1701 devenerat

1792 1734 2010 1798 abolita,
2033 1735 2288 1805 gaudium
2307 1734 2658 1804 laetitiamque
2677 1735 2782 1790 illis
2807 1737 3177 1791 annuntiasse.
3203 1734 3379 1792 Credo

1791 1826 1987 1881 divinis
2016 1827 2294 1897 discipulis
2319 1828 2500 1882 vivum
2535 1843 2656 1884 sese
2676 1830 3008 1896 exhibuisse,
3039 1845 3151 1886 suae
3199 1847 3379 1887 resur-

122 1917 343 1976 στάσιως
370 1917 525 1971 αὐτοῦ
565 1916 904 1989 πιστούμενον
943 1919 1244 1990 μυστήριον
1291 1918 1377 1969 καί
1405 1913 1688 1982 δεικνύντα,

1802 1917 2051 1972 rectionis
2084 1918 2401 1988 mysterium
2422 1918 2801 1987 conﬁrmasse,
2833 1935 2898 1976 ac
2941 1922 3216 1992 quomodo
3243 1921 3388 1977 idem

121 2005 235 2087 [ᾡς]
260 2010 332 2076 τίς
370 2011 525 2069 αὐτὸς
562 2007 620 2068 ἧν
653 2011 735 2064 καί
783 2009 884 2082 πρὸ
923 2016 1015 2067 τῆς
1060 2008 1382 2067 ἀναστάςεως
1406 2005 1492 2062 διά
1520 2029 1572 2063 τε
1599 2015 1692 2070 τῆς

120 2108 368 2181 ϐρώσεως,
404 2109 491 2161 καί
537 2112 629 2164 τῆς
679 2106 765 2159 τοῦ
813 2107 970 2175 σοφοῦ
1029 2107 1192 2175 Θωμᾶ
1242 2103 1374 2158 κατὰ
1425 2108 1518 2161 τήν
1557 2105 1692 2157 Θείαν

113 2197 328 2265 πλευράν
372 2197 600 2265 ἄπαφῆς,
652 2193 988 2264 ἀναληφθέντα
1035 2213 1089 2247 τε
1137 2195 1208 2253 εἰς
1260 2195 1384 2254 τούς
1427 2194 1689 2268 οὐρανούς,

114 2291 199 2343 καί
242 2288 540 2342 καθεσθέντα
587 2287 640 2340 ἐκ
681 2285 854 2350 δεξιῶν
890 2291 980 2338 τοῦ
1015 2290 1144 2340 Θεοῦ
1196 2289 1280 2340 καί
1321 2286 1512 2360 Πατρός
1563 2289 1694 2356 μετά

111 2387 204 2435 τοῦ
256 2381 689 2456 προσλήμματος,
735 2381 842 2451 μεθ’
858 2377 915 2434 οὗ
965 2375 1108 2438 αὖθις
1163 2379 1425 2436 ἐλεύσεται
1470 2380 1521 2434 ἕν
1575 2377 1694 2451 δόξῃ

109 2475 383 2548 θεοπρεπεῖ
436 2475 520 2527 καί
568 2474 772 2543 ἐξουσίᾳ
825 2481 887 2542 τῇ
925 2473 1053 2525 κατά
1091 2473 1262 2530 πάσης
1325 2473 1561 2533 κτίσεως.
1612 2474 1696 2525 καί

107 2571 284 2638 κριτὴς
319 2566 684 2623 καθεσθήσεται
728 2565 922 2636 ἑκάστῳ
965 2566 1095 2619 κατά
1124 2565 1180 2618 τὸ
1217 2564 1513 2634 βεϐιωμένον
1561 2565 1693 2620 ἀπο-

104 2656 299 2718 διδούς’
337 2679 532 2718 πάντας
576 2659 675 2732 γάρ
723 2660 859 2728 ἡμᾶς
907 2659 1249 2733 φανερωθῆναι
1295 2656 1377 2714 δεῖ
1399 2658 1696 2734 ἔμπροσθεν

104 2755 198 2804 τοῦ
228 2747 452 2822 βήματος
495 2753 587 2803 τοῦ
616 2753 868 2822 Χριστοῦ.

179 2843 314 2896 Μετὰ
354 2847 520 2896 ταῦτα
549 2838 778 2896 πιστεύω
811 2844 894 2895 καί
931 2842 1126 2917 σαρκός
1166 2843 1461 2910 ἀνάστασιν,
1489 2846 1626 2903 ἡνίκα
1663 2846 1696 2904 ἡ

105 2939 201 2991 τοῦ
249 2933 444 3004 κόσμου
498 2935 972 3004 μεταστοιχείωσις
1016 2936 1242 3005 γίνηται,
1287 2936 1371 2990 ἶνα
1420 2937 1480 2992 τό
1526 2936 1696 2994 θνητόν

104 3027 246 3097 ἡμῶν
290 3024 563 3085 ἐνδύσηται
601 3027 899 3093 ἀθανασίαν,
930 3029 1015 3082 καί
1062 3028 1122 3082 τὸ
1151 3028 1364 3102 φθαρτόν
1411 3031 1697 3104 ἀφταρσίαν

102 3114 462 3188 περιϐάληται.
517 3113 773 3189 Ὀμολογῶ
820 3118 906 3171 καί
967 3115 1018 3171 ἓν
1071 3117 1347 3190 βάπτισμα
1400 3120 1472 3178 είς
1521 3115 1698 3188 ἄφεσιν

101 3206 394 3278 ἁμαρτιῶν,
424 3209 483 3265 τὸ
531 3213 606 3270 εἰς
651 3210 852 3288 Πατέρα
881 3212 967 3265 καί
1014 3212 1128 3266 Υίόν
1177 3213 1261 3265 καί
1307 3211 1448 3284 ἅγιον
1493 3209 1695 3282 Πνεῦμα

100 3300 398 3372 τελούμενον
435 3304 566 3359 κατά
609 3308 700 3362 τὴν
749 3303 1069 3377 εύαγγελικὴν
1097 3305 1178 3358 καὶ
1213 3305 1345 3356 θείαν
1375 3301 1690 3378 παράδοσιν.

97 3376 283 3450 Terina
338 3403 429 3455 τῆς
481 3393 746 3470 ὄρθοδόξου
795 3398 880 3449 καί
936 3396 1078 3469 ἱερᾶς
1127 3397 1266 3466 ἡμῶν
1323 3376 1557 3471 λατρείας
1603 3416 1692 3450 σε·

99 3489 303 3557 ϐάσμια
347 3487 579 3563 δόγματα
616 3491 699 3542 καί
738 3492 997 3562 μυστήρια
1047 3491 1177 3544 κατά
1232 3509 1286 3544 τε
1333 3495 1422 3547 τήν
1469 3486 1695 3562 παραδοο

95 3583 272 3636 θεῖσαν
319 3583 441 3651 ἡμῖν
487 3583 627 3655 παρά
671 3588 770 3635 τῶν
839 3584 962 3635 θείον
1022 3588 1376 3654 μυσταγωγῶν
1443 3582 1694 3653 ὑψηλήντε

98 3677 189 3727 καί
238 3675 674 3748 ἀκραιφνεστάτην
721 3673 991 3744 θεολογίαν,
1023 3675 1106 3727 καί
1151 3678 1241 3732 τήν
1280 3677 1532 3748 σωτήριον
1576 3678 1696 3749 περὶ

95 3768 241 3835 ἡμᾶς
266 3771 362 3820 τοῦ
391 3772 516 3822 Θεοῦ
546 3765 696 3840 λόγου
736 3768 1040 3837 οἰκονομίαν,
1073 3768 1157 3819 καί
1186 3764 1290 3820 ὅσα
1326 3769 1528 3827 τούτοις
1555 3790 1694 3837 συμ-

97 3857 349 3914 ϐαίνοντα
395 3859 641 3931 ἐφάμιλλα
687 3861 996 3935 κηρύγματα.
1035 3858 1166 3929 μετά
1206 3856 1381 3920 πάσης
1419 3859 1694 3932 ἀποδοχῆς

95 3953 190 4006 καί
219 3955 452 4014 πίστεως
477 3960 714 4029 συντηρῶ
740 3974 796 4011 τε
825 3957 904 4009 καί
934 3956 1253 4026 ἀσπάζομαι.

170 4286 532 4359 ’Δποδὲχομαι
578 4287 632 4344 δὲ
687 4295 772 4344 καί
816 4292 996 4354 ἐξαιτῶ
1032 4291 1124 4353 τάς
1170 4311 1224 4346 τε
1276 4293 1560 4366 πρεσϐείας
1609 4293 1695 4346 καί

91 4382 236 4456 πρὸς
283 4383 410 4434 Θεὸν
464 4381 725 4446 ἔντεύξεις⁶
783 4391 982 4458 πρῶτον
1019 4385 1108 4454 μὲν
1161 4387 1244 4438 καί
1301 4385 1568 4462 ἐξαίρετον,
1602 4392 1696 4445 τῆς

90 4475 497 4545 πανάγνοψκαί
537 4479 852 4546 παναμὼμου
904 4479 991 4531 καί
1046 4480 1375 4551 ἀειπαρθένου
1430 4477 1695 4537 δεσποίνης

89 4568 248 4635 ἡμῶν
274 4571 613 4640 Θεομήτορος⁰
639 4564 818 4622 ἔπειτα
838 4575 936 4622 τῶν
973 4569 1110 4623 θείων
1147 4572 1230 4624 καί
1257 4567 1498 4646 οὖρανίων
1536 4569 1692 4624 δυνά·

89 4680 241 4730 μεων
291 4667 395 4715 τῶν
441 4659 596 4732 ἁγίων
633 4661 718 4715 καί
745 4666 1076 4733 πανευφήμων
1123 4663 1424 4718 ἀποστόλων
1458 4670 1558 4719 τῶν
1589 4686 1691 4734 μα-

90 4750 298 4821 καρίων
343 4755 628 4822 προφητῶν,
663 4752 746 4803 καί
792 4749 997 4815 ἐνδόξων
1039 4754 1126 4806 καί
1169 4753 1450 4809 καλλινίκων
1488 4752 1691 4830 μαρτύ-

90 4859 232 4910 ρων,
266 4841 354 4892 καί
403 4841 660 4914 Θεοφόρων
703 4843 956 4909 Πατέρων,
1011 4847 1092 4898 καί
1138 4846 1341 4901 πάντων
1387 4854 1487 4900 τῶν
1537 4847 1694 4918 ἁγίων

90 4939 205 4985 τῶν
255 4929 350 4984 ἀπ’
372 4935 552 4992 αἰῶνος
599 4935 1044 5006 εύαρεστησάντων
1087 4932 1161 5005 τῷ
1225 4950 1426 5011 κυριῳ’
1468 4935 1510 4989 οἳ
1561 4941 1692 5000 ζῶσι

92 5025 396 5085 διαπαντὸς
419 5026 467 5079 ἓν
495 5028 643 5095 αὐτῷ’
674 5026 850 5098 ψυχαί
872 5030 969 5101 γάρ
999 5026 1202 5083 δικαίων
1231 5029 1279 5081 ἐν
1312 5033 1456 5102 χειρί
1483 5035 1688 5106 Κυρίου⁶

94 5123 176 5178 ὡς
217 5123 471 5190 μεγίστην
507 5122 763 5189 σωτηρίαν
810 5120 1033 5174 ἐντεῦθεν
1082 5119 1266 5192 ψυχῆς
1313 5124 1402 5177 καί
1456 5124 1699 5193 σώματος

95 5212 494 5284 καρπούμενος.
507 5229 509 5231 ·

175 5479 462 5548 upon-nove?»
498 5469 553 5527 δὲ
599 5473 684 5525 καί
708 5471 1123 5544 περιπτύσσομαι
1148 5471 1213 5526 τά
1248 5472 1508 5546 σεϐάσμιοι
1535 5473 1701 5528 αὐτῶν

89 5545 357 5633 λείῷ-ανα,
393 5564 461 5624 ὡς
508 5565 728 5635 ἰατρεῖον
767 5561 1009 5633 ψυχικῶν
1045 5582 1100 5617 τε
1139 5565 1220 5617 καί
1254 5571 1558 5634 σωματικῶν
1599 5585 1700 5618 πα-

92 5656 358 5724 Εημάτων
403 5651 750 5728 τυγχάνοντα.
802 5653 1022 5724 ’Λνυμνῶ
1053 5648 1143 5708 οὖν
1185 5656 1351 5709 αύτῶν
1388 5662 1479 5714 τὴν
1518 5661 1701 5726 σεμνὴν

93 5748 193 5798 καί
243 5743 422 5799 ἔνθεον
451 5745 707 5801 πολιτείαν
747 5746 829 5798 καὶ
863 5745 987 5803 τούς
1035 5742 1293 5817 ἀοιδίμους
1320 5746 1483 5799 αὐτῶν
1509 5749 1704 5817 ἀγῶνας

92 5840 192 5889 καί
252 5833 477 5905 ἄθλους,
521 5839 740 5913 γεραίρω
787 5836 879 5896 τὰς
933 5836 1124 5903 θήκας,
1167 5839 1252 5892 καί
1299 5845 1413 5898 ταῖς
1461 5838 1704 5896 ἀνωτάτω

1793 2009 1909 2080 ipse
1957 2008 2130 2076 foret,
2161 2010 2253 2079 qui
2301 2019 2429 2064 ante
2465 2013 2918 2066 resurrectionem
2942 2028 3041 2083 per
3080 2015 3372 2070 manduca-

1793 2098 1996 2153 tionem
2025 2099 2274 2168 sacrique
2310 2100 2517 2168 lateris,
2553 2101 2696 2171 quod
2727 2103 2946 2171 sapiens
2982 2102 3216 2158 Thomas
3244 2120 3375 2159 con-

1793 2191 2069 2258 treetavit,
2100 2192 2510 2258 exbibitionem,
2561 2193 2982 2248 demonstrasse.
3021 2193 3199 2250 Credo
3225 2196 3378 2251 deni-

1794 2296 1899 2351 que
1927 2290 2264 2352 assumptum
2304 2297 2426 2338 esse
2448 2283 2503 2336 in
2539 2282 2725 2350 caelos,
2750 2291 2805 2338 et
2840 2284 2909 2339 ad
2961 2285 3243 2340 dexteram
3291 2287 3386 2343 Dei

1794 2371 1972 2428 Patris
2027 2373 2359 2440 consedisse,
2409 2381 2463 2427 et
2501 2387 2628 2428 cum
2687 2382 2964 2445 assumpto
2993 2390 3220 2446 corpore
3270 2393 3379 2433 non

1795 2464 2000 2533 absque
2027 2463 2220 2535 gloria,
2261 2464 2552 2535 divinaque
2580 2465 2864 2536 majestate
2898 2466 3026 2522 olim
3057 2468 3231 2524 denuo
3251 2485 3384 2526 ven-

1797 2562 1976 2609 turum
2027 2570 2165 2620 esse,
2200 2554 2438 2623 judicem
2467 2570 2764 2622 sessurum,
2795 2566 2850 2611 et
2887 2558 3186 2629 unicuique
3221 2559 3380 2629 juxta

1794 2647 1919 2702 vitae
1969 2663 2079 2702 suae
2123 2647 2367 2703 rationes
2427 2648 2810 2704 redditurum:
2849 2665 3038 2706 omnes
3093 2653 3238 2707 enim
3284 2668 3387 2709 nos

1795 2736 2135 2793 manifestari
2169 2745 2382 2808 oportet
2409 2747 2534 2793 ante
2572 2738 2807 2792 tribunal
2831 2738 3055 2795 Christi.

1867 2827 2043 2884 Credo
2073 2836 2358 2898 postquam
2400 2828 2632 2883 mundus
2665 2829 2754 2884 hic
2783 2829 2946 2886 fuerit
2975 2831 3282 2898 innovatus,
3327 2840 3384 2890 et

1797 2920 2195 2990 quodammodo
2255 2921 2783 2988 transelementatus,
2831 2931 2886 2976 et
2939 2924 3120 2979 carnis
3173 2940 3390 2996 quoque

1799 3013 2260 3067 resurrectionem
2285 3012 2543 3076 futuram,
2576 3029 2682 3082 quo
2704 3014 2960 3068 nimirum
2991 3024 3238 3070 nostrum
3284 3017 3391 3072 hoc

1799 3102 2027 3156 mortale
2086 3102 2276 3156 induat
2305 3103 2768 3159 immortalitatem
2813 3112 2868 3159 et
2907 3106 3260 3177 corruptibile
3303 3107 3384 3161 in-

1802 3192 2207 3262 corruptionem
2260 3192 2440 3264 (Rom.
2496 3193 2632 3265 xiv).
2690 3195 2966 3250 Conﬁteor
3015 3198 3178 3251 etiam
3222 3214 3390 3253 unum

1798 3285 2066 3355 baptisma
2107 3284 2161 3338 in
2191 3285 2565 3341 remissionem
2593 3295 2959 3356 peccatorum,
3010 3289 3152 3356 quod
3188 3303 3384 3344 secun-

1795 3377 1925 3430 dum
1972 3376 2342 3448 evangelicam
2376 3375 2836 3446 apostolicamque
2880 3378 3228 3434 traditionem
3253 3393 3382 3450 per-

1796 3469 1977 3525 ficitur
2007 3471 2062 3524 in
2092 3471 2311 3525 nomine
2348 3469 2547 3536 Patris,
2573 3479 2628 3524 et
2666 3471 2811 3538 Filii,
2849 3481 2904 3526 et
2931 3471 3167 3543 Spiritus
3190 3474 3387 3528 sancti.

1797 3561 1921 3617 Haec
1969 3563 2276 3617 veneranda
2341 3563 2629 3618 orthodoxi
2676 3565 2925 3636 sacrique
2977 3566 3154 3620 cultus
3213 3567 3388 3622 nostri

1796 3655 2049 3724 dogmata
2093 3654 2384 3725 divinaque
2426 3657 2705 3726 mysteria,
2737 3671 2856 3727 quae
2897 3657 3052 3728 juxta
3099 3659 3385 3715 sublimem

1796 3743 2330 3812 sincerissimamque
2373 3745 2699 3816 theologiam
2737 3747 2905 3801 divini
2928 3750 3178 3818 sacrique
3205 3751 3391 3804 docto-

1795 3851 1883 3888 res
1905 3835 2061 3889 nobis
2083 3836 2452 3901 tradiderunt,
2481 3845 2594 3890 tum
2630 3837 2924 3892 salutarem
2960 3853 3175 3908 quoque
3215 3839 3382 3894 divini

1793 3925 1949 3979 verbi
1986 3939 2113 3996 erga
2141 3939 2242 3980 nos
2270 3926 2754 3994 dispensationem,
2788 3933 2904 3981 tum
2930 3935 3157 3982 caeteras
3201 3942 3390 3984 omnes

1796 4015 1949 4069 hisce
1982 4015 2188 4070 similes
2213 4025 2267 4070 et
2295 4025 2689 4072 consentaneas
2734 4017 3012 4073 doctrinas
3042 4019 3386 4088 praedicatio-

1796 4121 2000 4175 nesque
2039 4122 2160 4161 eum
2197 4107 2343 4161 omni
2394 4109 2763 4177 aceeptatione
2793 4116 2846 4162 et
2873 4107 2978 4165 ﬁde
3005 4109 3306 4178 amplector
3327 4119 3384 4167 et

1797 4214 1972 4254 servo.
2788 4190 2792 4194 ’

1866 4291 2165 4346 Exosculor
2188 4291 2537 4346 nihilominus
2577 4299 2633 4345 et
2659 4299 2850 4361 expeto
2881 4299 3187 4346 sanctorum
3237 4293 3378 4361 apud

1796 4382 1968 4438 Deum
2015 4383 2314 4452 patrocinia
2361 4391 2418 4438 et
2468 4383 2932 4439 intercessiones:
2965 4384 3142 4454 primo
3170 4385 3386 4454 quidem

1796 4477 2174 4546 praecipueque
2220 4475 2576 4530 sanctissimae
2606 4484 2661 4544 et
2690 4473 3201 4530 immaculatissimm
3239 4491 3384 4531 sem-

1801 4583 1898 4638 per
1927 4569 2155 4639 virginis
2189 4585 2252 4624 ac
2285 4567 2517 4624 dominre
2543 4577 2745 4625 nostra:
2769 4569 2864 4624 Dei
2892 4569 3103 4635 matris,
3133 4584 3259 4624 mox
3284 4585 3381 4625 ve-

1799 4675 1860 4714 ro
1911 4659 2214 4714 divinarum
2272 4660 2684 4731 ccclestiumque
2730 4660 3009 4725 virtutum,
3065 4671 3382 4718 sanctorum

1799 4751 2415 4823 laudatissimorumque
2474 4752 2866 4823 apostolorum,
2920 4756 3203 4810 beatorum
3256 4768 3385 4823 pro-

1795 4843 2098 4912 phetarum,
2118 4841 2626 4913 gloriosissimorum
2641 4844 3224 4916 invictissimorumque
3241 4860 3384 4900 mar-

1794 4943 1999 5005 tyrum,
2030 4932 2336 4988 divinorum
2359 4933 2600 4999 Patrum,
2631 4951 2693 4990 ac
2723 4938 2967 4992 omnium
2993 4937 3225 5007 denique
3252 4950 3377 4990 san-

1797 5032 2030 5089 ctorum,
2057 5024 2149 5094 qui
2174 5024 2242 5078 ab
2275 5023 2429 5077 initio
2451 5026 2636 5080 mundi
2684 5027 2912 5081 Domino
2937 5026 3279 5096 placuerunt,
3327 5033 3382 5081 et

1803 5117 2004 5186 absque
2028 5116 2136 5169 ullo
2165 5116 2385 5169 omnino
2416 5116 2522 5170 [ine
2570 5118 2626 5171 in
2658 5117 2774 5186 ipso
2799 5126 2854 5172 et
2881 5133 2978 5187 per
3000 5118 3175 5188 ipsum
3196 5118 3384 5174 vivunt

1803 5207 2021 5277 (animae
2037 5205 2456 5272 enimjustorum
2481 5207 2533 5261 in
2549 5222 2709 5262 manu
2725 5207 2818 5263 Dei
2831 5215 2956 5260 sunt
2979 5205 3132 5278 [Sap.
3160 5224 3243 5272 ιιι,
3270 5208 3323 5280 1]
3341 5209 3380 5278 ),

1801 5303 1862 5348 ut
1903 5294 1997 5364 qui
2028 5294 2319 5347 maximam
2365 5296 2490 5350 hinc
2527 5297 2721 5351 animae
2756 5298 3106 5367 corporisque
3155 5298 3383 5355 salutem

1802 5400 2128 5456 consequar.

1873 5479 2052 5533 Adero
2085 5477 2217 5533 item
2242 5487 2298 5536 et
2328 5481 2615 5536 exosculor
2640 5480 2977 5537 venerandas
3017 5481 3231 5538 illorum
3252 5483 3385 5539 reli-

1805 5571 1982 5641 quias,
2021 5571 2218 5642 quippe
2243 5589 2362 5643 qum
2394 5583 2595 5628 certam
2642 5573 2944 5628 animorum
2989 5591 3386 5648 corporumque

1809 5661 2011 5716 morbis
2039 5662 2290 5729 salutem,
2348 5663 2776 5733 medicinamque
2805 5666 3104 5720 conferant.
3140 5667 3386 5736 Suscipio

1807 5761 2066 5823 prmterca
2099 5769 2162 5809 ac
2186 5753 2346 5809 laudo
2391 5756 2752 5809 venerandam
2780 5756 3123 5828 divinamque
3172 5761 3384 5816 illorum

1811 5847 2298 5912 conversationem,
2341 5845 2828 5920 celeberrimosque
2852 5853 3161 5907 earumdem
3187 5867 3387 5918 agones
