4000 6532
630 465 769 522 1065

1910 444 1968 502 S.
2005 437 2253 504 LEONIS
2290 434 2494 492 PAPIE
2535 433 2606 490 Ill

3696 443 3774 502 l06l

629 593 768 634 mus.
807 547 1216 628 Vestranautem
1255 562 1715 622 desideratissima
1751 561 1804 614 in
1851 556 2079 612 Domino
2104 553 2248 620 frag

2330 554 2456 609 ςοιτο
2511 555 2645 622 ἡμᾶς
2707 554 2888 623 πρῶτα
2948 550 3035 618 μὲν
3097 548 3296 617 εὐχαῖς
3343 553 3454 607 ταῖς
3498 549 3605 625 πρός
3654 553 3778 633 ιῦρω.

631 665 880 727 ternitas,
904 662 1078 716 vicem
1110 657 1268 712 nobis
1296 654 1528 710 reddens
1564 651 1817 721 precibus
1841 648 1905 701 ad
1935 645 2223 701 Dominum

634 756 786 819 fusis,
817 751 1240 824 opportunisque
1274 746 1638 809 sermonibus,
1669 751 1723 796 et
1747 742 1878 810 ipsis
1905 752 2119 808 quoque
2143 749 2229 791 re-

633 847 758 911 bus,
788 860 887 899 nos
925 841 1206 896 conﬁrmet
1230 838 1611 906 inlormetque,
1649 849 1755 903 quo
1783 830 1979 886 vestris
2020 827 2228 898 legibus

634 946 926 1003 vestraque
949 930 1151 987 suﬁ‘ulti
1189 929 1438 985 doctrina
1465 927 1520 981 in
1559 926 1662 979 hac
1689 921 1795 976 ﬁde
1821 919 2061 984 stabiles,
2101 917 2230 972 sim-

635 1029 823 1102 plices,
869 1035 923 1080 et
964 1025 1032 1079 ab
1070 1023 1216 1079 omni
1261 1021 1472 1076 defectu
1538 1019 1805 1072 immunes
1854 1013 2227 1084 persistamus,

637 1101 929 1188 omniaque
959 1116 1215 1188 mysteria
1250 1129 1372 1184 qua:
1406 1113 1462 1166 in
1503 1111 1616 1179 ipsa
1652 1107 1739 1162 vel
1769 1107 1834 1162 de
1875 1106 1991 1175 ipsa
2034 1103 2101 1158 ab
2130 1101 2233 1156 ini-

639 1213 715 1268 tio
745 1220 868 1266 sunt
901 1211 1118 1276 tradita,
1171 1208 1492 1262 inconcussa
1539 1201 1893 1264 retineamus,
1938 1204 1992 1251 et
2016 1195 2235 1250 univer-

642 1319 762 1358 sum
803 1303 1034 1370 denique
1083 1298 1402 1353 rationalem
1448 1302 1696 1350 nostrum
1747 1305 1985 1361 gregem,
2031 1285 2228 1344 summi

641 1393 876 1464 pastoris
921 1391 1141 1445 nomine
1200 1398 1255 1444 et
1297 1385 1552 1441 unctione
1594 1382 1930 1461 insignitum,
1985 1378 2236 1447 intraque

646 1482 1026 1538 ecclesiasticae
1057 1479 1225 1534 caulae
1248 1485 1398 1547 septa
1425 1475 1803 1536 constitutum,
1843 1468 2130 1525 manifesta
2155 1465 2237 1520 di-

648 1572 790 1627 vina:
817 1571 958 1626 illius
1001 1578 1055 1624 et
1082 1568 1386 1639 apostolica:
1425 1564 1720 1636 spiritualis
1759 1560 2019 1618 doctrinae
2046 1558 2238 1615 ﬁstulae

651 1661 1094 1726 ebuccinatione,
1155 1658 1485 1726 vocibusque
1546 1655 1804 1710 divinitus
1851 1649 2129 1721 inspiratis
2184 1648 2240 1703 in

651 1768 821 1809 unum
845 1767 1235 1824 congregemus
1261 1751 1406 1806 etab
1434 1747 1808 1804 insidiantium
1833 1745 2071 1799 ferarum
2097 1756 2242 1797 mor-

649 1844 799 1899 sibus
837 1843 1064 1898 illaesum
1093 1855 1498 1898 conservemus.

2325 641 2502 698 ἔπειτα
2544 639 2598 695 δέ
2652 643 2735 695 καὶ
2783 640 2944 710 λόγοις
2995 645 3101 697 τοῖς
3155 639 3428 695 καθήκουσι
3469 644 3542 695 καί
3585 649 3780 719 πρά-ρεστ,

2327 737 2711 806 ἓπιστηρίζουσι
2769 733 2853 786 καί
2911 733 3307 793 συνετίζουσιν,
3351 731 3431 783 ἶνα
3471 741 3569 792 ταῖς
3608 737 3782 816 ὑμετέρης

2324 828 2636 897 νομοθεσίαις
2678 827 2762 879 καί
2807 822 3162 882 διδασκαλίαις
3209 825 3466 893 στήκωμεν
3507 823 3661 899 ἑδραῖοί
3689 836 3721 887 ξ,
3748 847 3782 910 τῇ

2327 919 2539 991 τοιαύτῃ
2589 918 2761 972 πίστει
2815 915 3089 973 ἀνελλιπῶς
3145 915 3234 966 καί
3283 914 3511 986 ἀκίραιοι³
3543 919 3671 972 πάντα
3697 928 3784 980 tib

2326 1012 2451 1084 αὐτῇ
2513 1012 2772 1082 μυστήρια
2797 1045 2814 1072 ,
2867 1003 3050 1070 ἅνωξεν
3099 1001 3490 1080 παραδεδομένα
3544 1008 3780 1086 time
3865 1006 3867 1044 ἓ

2330 1102 2680 1172 φυλάττοντες,
2726 1100 2808 1152 καί
2844 1095 2987 1152 εἵσω
3028 1103 3133 1152 τῶν
3189 1093 3324 1163 ὅρων
3369 1103 3457 1155 τῆς
3497 1098 3784 1167 inanimatam};

2331 1192 2484 1249 αὐλῆς
2531 1189 2800 1258 ἱστάμενα,
2839 1196 2901 1260 τῇ
2952 1188 3059 1258 θεία
3109 1187 3346 1256 σύριγγι,
3391 1193 3452 1261 τῇ
3497 1195 3574 1248 τῆς
3611 1190 3784 1250 ἀπεστὼ

2334 1289 2421 1341 κῆς
2457 1281 2539 1334 καί
2580 1287 2926 1348 πνευματικῆς
2962 1276 3304 1338 διδασκαλίας
3350 1280 3539 1349 εὐσήμῳ
3574 1285 3786 1356 πιριςεμςέ-

2335 1393 2436 1437 σει,
2475 1373 2561 1425 καί
2601 1371 2958 1430 Θεοπνεύστοις
2991 1374 3242 1440 ἠχήμασι
3284 1367 3448 1424 πάντα
3493 1373 3552 1426 τά

2337 1465 2478 1536 ἱερᾶς
2503 1468 2717 1535 ποίμνης
2743 1465 3005 1538 θρέμματα
3030 1464 3493 1539 περιαθροίζοντες,
3519 1467 3590 1519 καί
3615 1477 3786 1540 τηροῦντες

2336 1561 2479 1634 παρά
2505 1548 2605 1616 τῶν
2640 1559 3066 1615 ἐπιϐουλεύοντων
3099 1558 3298 1633 θηρίων
3332 1557 3550 1618 amem

2341 1653 2468 1723 μένα
2509 1660 2582 1725 τῷ
2604 1657 2696 1706 τοῦ
2737 1651 3108 1723 ἀρχιποίμενος
3157 1656 3386 1724 Χριστοῦ
3420 1653 3784 1726 χρίσμπικὶξιέ.

2341 1765 2484 1815 ματι.

721 1937 776 1993 Si
805 1953 909 2008 qua
931 1946 1112 1991 autem
1138 1951 1169 1989 a
1206 1935 1364 1990 nobis
1387 1943 1512 1988 sunt
1532 1928 1922 2004 praetermissa,
1961 1942 2026 1983 ea
2053 1926 2231 1982 amico

2408 1925 2511 1976 Καί
2549 1923 2614 1977 τά
2658 1921 2778 1995 παρ’
2800 1923 2940 1993 ἡμῶν
2963 1918 3344 1991 ἀπολειπόμενα
3379 1918 3440 1976 δι’
3462 1920 3625 1977 ἑαυτῶν
3645 1924 3782 1982 timb-

644 2038 974 2101 paternoque
994 2026 1188 2083 affectu
1213 2043 1310 2098 per
1334 2024 1732 2094 vosmeptipsos
1762 2021 1996 2092 explete,
2024 2035 2132 2091 quo
2155 2018 2240 2073 ηἰ-

642 2121 840 2176 mirum
866 2128 1045 2175 vestra
1071 2116 1401 2172 abundantia
1425 2123 1669 2169 nostram
1694 2111 1941 2182 suppleat
1961 2111 2234 2181 inopiam;

657 2212 1046 2281 quodcunque,
1080 2209 1322 2278 inquam,
1347 2205 1436 2262 vel
1466 2206 1520 2260 in
1553 2202 1847 2268 verbis,vel
1875 2201 2040 2256 etiam
2069 2201 2122 2254 in
2150 2215 2241 2255 re-

656 2302 760 2356 bus
791 2301 947 2354 nobis
997 2301 1170 2364 deest,
1218 2299 1274 2353 id
1316 2295 1611 2352 venerabili
1652 2294 2038 2363 sacerdoteque
2084 2292 2244 2363 digna

663 2390 989 2444 auctoritate
1031 2390 1154 2443 vitae
1192 2396 1391 2443 nostrae
1420 2387 1639 2457 adjicite
1682 2394 1736 2441 et
1765 2383 2195 2456 supersediﬁcate
2226 2400 2239 2436 :

661 2484 933 2539 charisma
974 2483 1117 2537 enim
1173 2482 1327 2537 vobis
1379 2481 1855 2544 communicatum,
1907 2477 2113 2532 nullum
2144 2477 2246 2530 hac

657 2576 868 2631 ratione
901 2577 1083 2645 capiet
1103 2575 1508 2639 detrimentum,
1537 2572 1802 2642 siquidem
1834 2569 2072 2626 liberalis
2095 2583 2243 2624 com-

655 2667 954 2723 municatio
983 2669 1114 2723 adeo
1142 2670 1410 2723 bonorum
1449 2667 1859 2721 diminutionem
1901 2664 2102 2719 nullam
2151 2662 2248 2717 ad-

657 2759 789 2827 fert,
812 2766 872 2815 ut
894 2776 991 2816 suo
1014 2777 1228 2831 quoque
1253 2769 1495 2831 tempore
1523 2758 1845 2828 multiplices
1873 2757 2247 2829 gloriososque

666 2851 875 2910 fruetus
911 2852 1175 2908 refundat.
1215 2853 1408 2908 Vestra
1432 2852 1657 2922 proinde
1692 2851 1872 2906 divina
1921 2850 2122 2904 virtute
2150 2865 2250 2904 nos

667 2943 834 2999 veluti
898 2943 1226 2999 infirmiores
1298 2943 1526 3006 fulcite,
1578 2943 1852 3012 pedesque
1927 2947 2143 2994 nostros
2187 2939 2254 2994 ad

661 3034 986 3090 currendam
1024 3033 1302 3104 Evangelii
1339 3033 1584 3089 semitam
1631 3031 1895 3101 perllcite,
1925 3045 2102 3099 neque
2142 3028 2250 3084 ulla

659 3125 902 3190 omnino,
933 3140 1052 3194 qua:
1082 3125 1338 3179 salutaria
1370 3132 1461 3178 aut
1485 3124 1636 3177 utilia
1678 3122 2024 3188 videbuntur,
2061 3136 2253 3193 sugge-

655 3231 776 3271 rere
798 3215 1214 3287 praetermittite,
1245 3225 1304 3270 ut
1331 3215 1784 3285 quemadmodum
1816 3214 1871 3268 in
1900 3213 2005 3268 ﬁde
2029 3221 2084 3268 et
2110 3229 2243 3268 eon-

2337 2022 2488 2092 ροῦτε
2515 2056 2530 2082 ,
2581 2018 2649 2074 ὡς
2695 2013 2975 2087 φιλάδελφοι
3023 2015 3108 2068 καί
3159 2013 3505 2088 φιλόστοργοι,
3545 2015 3610 2067 ἵνα
3645 2016 3685 2069 τὸ
3705 2016 3782 2085 ista

2339 2111 2689 2186 περίσσευμα,
2718 2109 2789 2168 εἰς
2816 2106 2874 2161 τό
2898 2106 3145 2182 ἡμέτερον
3170 2107 3497 2178 χρησιμεύσῃ
3520 2107 3722 2178 ὑπερῆρε,
3738 2112 3784 2162 ul

2339 2203 2399 2257 τὸ
2444 2201 2492 2254 ἐν
2535 2201 2701 2272 λόγοις
2763 2202 2846 2255 καί
2899 2202 3203 2273 πράγμασιν
3254 2201 3377 2271 ἡμῖν
3407 2191 3594 2265 ξὲνδὼν,
3635 2209 3682 2268 τῷ
3712 2205 3784 2257 ατί

2342 2295 2429 2349 τόν
2480 2292 2586 2364 βίον
2636 2297 2777 2362 ὑμῶν
2824 2292 3123 2366 ἱεροπρεπεῖ
3176 2293 3267 2346 καί
3335 2287 3497 2361 σεμνῷ
3544 2298 3783 2364 παραστήματι

2344 2382 2766 2455 ίποικοδομήσγπε
2825 2386 2908 2439 καί
2943 2384 3272 2448 ἔπαυξήσητε
3324 2381 3714 2453 [ἐποικοδομήσηται
3741 2385 3782 2438 m'

2345 2476 2737 2547 ἐπαυξήσηταιι,
2773 2476 2926 2549 μηδὲν
2961 2477 3382 2554 μικρολογούενοι
3408 2480 3518 2552 περὶ
3537 2476 3583 2530 τὸ
3604 2473 3696 2529 δοθὲν
3723 2479 3783 2544 ita

2348 2569 2507 2643 [ἡμῖν]
2556 2573 2818 2645 χάρισμα,
2864 2571 2922 2624 οὐ
2952 2573 3052 2645 γάρ
3084 2571 3368 2626 ἐλάττωσιν
3397 2571 3521 2643 φέρει
3544 2576 3630 2628 τοῖς

2347 2663 2696 2738 παρέχουσιν,
2721 2662 2824 2716 ἀλλ’
2841 2664 2913 2724 είς
2938 2664 2996 2717 τὸ
3024 2663 3408 2718 πολλαπλάσιον
3445 2661 3783 2735 εὐκαίρως

2346 2756 2469 2813 τοὺς
2499 2756 2728 2826 καρποὺς
2769 2761 2872 2814 τοῖς
2895 2758 3326 2830 προαιρουμένοις
3349 2753 3635 2810 ἀποδίδωσιν.
3656 2756 3782 2823 Trapa-

2348 2841 2525 2898 δουσιν
2547 2846 2681 2915 ἡμᾶς
2707 2847 2774 2904 ὡς
2796 2847 3201 2918 ἀσθενεστέρους
3222 2857 3287 2919 τῇ
3317 2847 3439 2922 παρ’
3455 2847 3616 2901 ἑαυτῶν
3637 2842 3782 2911 Omisit

2350 2931 2585 3004 δυνάμει,
2644 2939 2724 2989 καί
2770 2939 3135 3011 καταρτίζουσι
3183 2941 3309 2999 τοὺς
3355 2936 3504 2997 πόδας
3544 2939 3648 3014 ἦμῷν
3668 2939 3779 2994 tim

2349 3032 2440 3080 τοῦ
2473 3029 2771 3100 Εὐαγγελίου
2817 3030 2990 3104 τρίϐον
3019 3034 3099 3084 καὶ
3131 3032 3496 3102 συμϐουλεύειν
3537 3030 3588 3083 τά
3622 3027 3782 3096 emes:

2350 3119 2434 3171 καί
2482 3117 2738 3192 σωτηρίας
2793 3121 3022 3190 ἐχόμενα
3073 3127 3144 3191 μή
3194 3120 3483 3182 διαλίποιτε,
3523 3121 3587 3172 ἵνα
3620 3119 3779 3188 ὥσπερέν

2353 3216 2416 3285 τῇ
2447 3209 2682 3285 ὁμολογίᾳ
2739 3211 2798 3266 τὸ
2844 3213 3028 3268 ἐνιαῖον
3076 3217 3166 3268 καί
3219 3212 3480 3285 ἀδιάφορον
3518 3209 3686 3281 ἔχωμεν,
3712 3208 3780 3258 εὖτε

669 3304 910 3363 fessione
955 3308 1216 3363 unitatem
1255 3307 1709 3376 concordiamque
1737 3319 2145 3370 conservamus,
2177 3305 2248 3360 ita

2353 3303 2437 3354 καί
2484 3303 2533 3354 ἐν
2575 3310 2647 3374 τῷ
2692 3301 2960 3376 συνδέσμῳ
3007 3312 3096 3363 τῆς
3143 3306 3350 3374 ἀγάπης
3387 3302 3779 3376 συναρμοζόμινοιω

664 3398 944 3454 charitatis
991 3415 1203 3469 quoque
1233 3398 1450 3454 vinculo
1493 3399 1662 3466 aptati
1701 3397 2071 3466 colligatique,
2111 3397 2254 3451 indi-

664 3489 876 3546 vulsum
901 3491 1050 3558 pacis
1078 3492 1302 3556 donum,
1344 3489 1488 3560 quod
1516 3489 1880 3544 Ecclesiarum
1909 3489 2254 3544 concordiam

653 3579 1025 3648 unitatemque
1072 3581 1345 3647 conciliat,
1390 3581 1801 3650 conservatique
1841 3581 1895 3635 in
1941 3580 2255 3636 concredito

656 3672 814 3728 nobis
862 3673 1162 3725 ministerio
1192 3673 1331 3726 inter
1376 3689 1476 3728 nos
1513 3686 1683 3741 usque
1718 3674 2091 3727 retineamus:
2140 3687 2250 3741 quo

658 3761 844 3832 magni
894 3762 1038 3832 regis
1091 3762 1281 3816 civitas
1333 3763 1459 3817 hinc
1509 3765 1713 3817 munita
1741 3773 1793 3818 et
1832 3764 2250 3828 circumvallata,

667 3855 922 3910 omnibus
950 3855 1230 3913 fraudibus
1273 3855 1844 3926 inaspectabiliumque
1887 3857 2119 3910 hostium
2169 3857 2255 3910 in-

659 3947 912 4013 sultibus,
956 3949 1046 4018 qui
1087 3949 1241 4003 avide
1289 3956 1667 4018 exspectantes
1697 3957 1756 4002 ut
1803 3949 2036 4018 aliquem
2061 3949 2114 4002 in
2139 3949 2256 4018 ipsa

669 4040 996 4111 descriptum
1027 4038 1339 4110 Spirituquc
1367 4040 1638 4108 signatum
1677 4040 1953 4103 devorent,
1981 4055 2256 4109 nunquam

667 4147 777 4188 non
816 4132 870 4186 in
899 4131 1127 4186 circuitu
1162 4129 1528 4195 obambulant,
1557 4139 1770 4184 maneat
1801 4130 2094 4198 impervia:
2123 4146 2258 4184 con-

673 4230 761 4277 tra
787 4237 922 4292 quos
935 4237 1066 4276 sane
1096 4221 1508 4291 inaspectahiles
1534 4221 1716 4276 hostes
1737 4237 1843 4276 non
1874 4221 2134 4285 carnalia,
2166 4220 2260 4275 sed

667 4314 971 4385 spiritualia
1015 4312 1300 4381 obiicimus
1351 4330 1522 4378 arma,
1573 4322 1783 4368 scutum
1820 4311 2072 4366 videlicet
2113 4311 2258 4378 ﬁdei,

675 4404 1053 4472 sermonisque
1081 4404 1338 4474 gladium,
1357 4403 1502 4472 quod
1528 4403 1868 4458 estverbum
1909 4402 2022 4467 Dei,
2051 4410 2109 4456 ut
2136 4416 2262 4470 pec-

670 4497 780 4551 cati
827 4497 1156 4551 munitiones
1196 4505 1250 4550 et
1279 4496 1556 4550 machinas
1599 4496 1818 4564 spiritus
1866 4495 2029 4549 funda
2079 4497 2261 4549 demo-

669 4585 868 4642 lientes
925 4587 1386 4656 insectantesque,
1433 4585 1700 4640 crudelem
1737 4585 1946 4639 illorum
1975 4585 2256 4639 audaciam

2354 3391 2676 3463 συνδεόμενω
2703 3395 3103 3450 ἀναπόσπαστον
3151 3406 3247 3458 τῆς
3294 3399 3479 3473 εἰρήνης
3503 3396 3551 3450 τὸ
3576 3392 3688 3464 δῶρον
3705 3393 3778 3458 ἔντῇ

2353 3491 2736 3558 πεπιστευμένη
2787 3490 2902 3559 ἡμῖν
2945 3488 3175 3564 διακονία
3203 3490 3406 3562 39,1395)
3441 3490 3587 3547 αὐτοῖς
3612 3486 3781 3552 κατέσχε

2355 3598 2464 3649 μεν,
2499 3579 2529 3637 ἢ
2579 3581 2632 3634 τό
2681 3578 2994 3650 ἀδιάτμητον
3037 3585 3122 3636 καί
3172 3583 3438 3653 σύμφωνον
3470 3576 3780 3654 τῇέιαλπσίᾳπι·

2355 3676 2653 3742 ριποιεῖται,
2713 3668 2856 3730 ὅπως
2907 3672 3131 3726 ἐντεῦθεν
3167 3673 3201 3729 ἡ
3259 3674 3408 3728 νοητή
3445 3668 3566 3726 πόλις
3601 3669 3664 3718 τυῧ
3697 3661 3780 3729 βεστ·

2354 3762 2478 3822 λίως
2532 3769 2624 3817 τοῦ
2679 3761 2900 3836 μεγάλου
2959 3765 3290 3837 τειχιζομένη
3345 3765 3426 3817 καί
3468 3755 3778 3830 περιφρουρωμάε

2357 3856 2710 3916 ἀκατάϐλητος
2751 3859 2838 3911 καί
2865 3859 3150 3930 ἀπορθητος
3188 3857 3395 3928 διαμένη
3433 3856 3481 3907 ἐκ
3506 3852 3639 3910 πάσης
3656 3843 3777 3920 RW"

2355 3946 2442 4005 λῆς
2471 3967 2525 4000 τε
2563 3949 2645 3999 καὶ
2672 3948 2863 4017 τέχνης
2892 3954 2994 4002 τῶν
3019 3949 3254 4024 ἀοράτων
3281 3949 3486 4022 ἐχθρῶν,
3509 3945 3579 3996 καί
3603 3947 3672 3993 τῶν
3689 3934 3778 3998 ιῦιλῆ

2358 4039 2708 4114 περιθεόντων,
2740 4042 2825 4092 καί
2847 4040 3131 4104 ζητούντων
3155 4047 3416 4096 καταπιεῖν
3448 4056 3544 4092 τινα
3566 4038 3638 4088 τοῖιν
3657 4029 3689 4081 ἓν
3711 4025 3779 4092 τδτῇ

2359 4111 2842 4206 ἀπογεγραμμένων.
2881 4135 2965 4186 καὶ
3002 4135 3378 4203 σημειωθέντων
3410 4132 3454 4184 ἐν
3495 4125 3692 4194 nautium“
3718 4111 3776 4206 κέ

2360 4219 2424 4294 ᾦν
2462 4204 2844 4295 προϐαλλόμεθα
2887 4226 2944 4277 οὗ
2986 4226 3209 4299 σαρκικὰ
3248 4222 3395 4285 ὅπλα,
3427 4219 3535 4274 ἀλλᾶ
3567 4204 3776 4299 ττνευμίταᾷ1

2359 4319 2448 4373 τήν
2489 4336 2542 4370 τε
2592 4314 2788 4370 ἀσπίδα
2833 4325 2926 4375 τῆς
2963 4320 3186 4377 πίστεως
3239 4319 3321 4371 καί
3367 4318 3448 4372 τήν
3489 4313 3563 4365 τοῦ
3597 4304 3698 4374 λάτον

2359 4426 2574 4481 χαιραν,
2610 4404 2636 4460 ὅ
2676 4405 2795 4461 ἔστι
2833 4407 2975 4480 ῥῆμα
3009 4413 3139 4463 Θεοῦ
3181 4414 3273 4463 τοῦ
3303 4405 3499 4460 καθελεῖν
3531 4405 3604 4456 τῆς
3630 4387 3777 4481 illi?“

2360 4479 2474 4555 reici
2495 4494 2742 4557 ἑλεπόλεις
2771 4500 2852 4549 καί
2897 4500 3136 4567 μηχανὰς
3168 4506 3234 4571 τῇ
3260 4493 3480 4567 σφενδόνῃ
3505 4493 3579 4544 τοῦ
3604 4479 3774 4576 ποιεόμετῆ

2364 4585 2538 4660 πόρῥῳ
2566 4608 2666 4641 που
2700 4588 2756 4642 τὸ
2798 4585 2969 4664 ἄγριον
3005 4591 3196 4660 θράσος
3240 4590 3396 4644 αὐτῶν
3427 4575 3774 4664 ἀποσοϐοῦντις-εξί

666 4677 858 4748 procul
889 4677 1154 4747 pellamus
1185 4655 1629 4749 frangamusque,
1661 4692 1767 4746 quo
1797 4677 1896 4730 hac
1925 4677 2138 4730 tandem
2167 4690 2248 4730 ra-

2330 4669 2334 4700 ’
2363 4677 2703 4744 ἐκδιώκοντες,
2738 4683 2806 4740 ὡς
2831 4689 2922 4740 τῆς
2950 4682 3086 4742 θείας
3115 4681 3333 4754 φυλακῆς
3356 4697 3405 4734 τε
3449 4675 3524 4727 καί
3681 4655 3772 4753 δεκάς

667 4769 818 4826 tione
849 4768 1028 4822 divina
1056 4769 1298 4824 custodia
1339 4768 1646 4837 auxilioque
1686 4767 1862 4838 potiti,
1892 4767 2015 4820 vitae
2057 4774 2257 4821 nostra:

667 4861 1008 4920 conversatio
1029 4860 1211 4930 quieta
1241 4869 1540 4930 pacataque
1565 4860 1922 4924 consistat,et
1947 4860 2000 4913 in
2036 4873 2260 4930 regene-

666 4951 898 5017 ratione,
945 4966 1068 5005 cum
1111 4949 1403 5004 novissima
1461 4950 1585 5004 tuba
1608 4949 1940 5020 personabit,
1967 4949 2113 5020 digni
2134 4963 2263 5004 cen-

667 5057 906 5106 seamur,
923 5042 1015 5111 qui
1044 5042 1179 5096 citra
1207 5041 1710 5096 condemnationem
1732 5041 1857 5094 vitae
1886 5049 2085 5094 nostra:
2134 5039 2257 5094 duci

651 5111 724 5206 {in
763 5132 942 5188 Patris
995 5133 1163 5206 gloria
1214 5147 1338 5189 cum
1385 5133 1588 5187 sanctis
1636 5131 1840 5204 angelis
1879 5131 1989 5185 suis
2035 5140 2262 5186 venturo

653 5201 1042 5297 loceurramus,
1068 5241 1280 5297 unaque
1319 5227 1386 5281 ad
1419 5226 1602 5295 sponsi
1635 5225 1951 5290 thalamum,
1982 5240 2102 5278 cum
2137 5241 2264 5294 pru-

635 5315 920 5406 a‘sdentibus‘
981 5317 1299 5387 virginibus,
1352 5317 1580 5388 spiritali
1621 5317 1970 5384 angelicoque
2016 5315 2262 5369 convivio

639 5399 932 5479 ‘perpetuo
981 5409 1198 5465 fruituri
1232 5410 1617 5482 ingrediamur,
1665 5422 1956 5478 eorumque
1999 5407 2260 5461 bonorum

637 5489 916 5579 fbeeredes
956 5502 1272 5570 eﬁiciamur,
1308 5520 1426 5573 quae
1453 5503 1506 5558 in
1537 5501 1756 5558 Christo
1804 5515 1933 5554 vero
1977 5499 2087 5554 Deo
2110 5512 2264 5568 repo-

641 5589 777 5652 'sita
808 5604 931 5651 sunt
951 5612 1056 5652 non
1083 5597 1334 5667 indignis,
1388 5595 1548 5664 idque
1573 5591 1927 5647 immaculata:
1951 5589 2265 5658 inculpata-

676 5703 779 5757 que
835 5689 1027 5743 matris
1086 5688 1230 5744 illius
1257 5696 1311 5744 et
1358 5686 1600 5741 omnium
1651 5690 1960 5740 sanctorum
1994 5682 2263 5737 interces-

677 5779 848 5834 sione.
881 5779 1076 5835 Amen.

751 5869 904 5938 Quod
932 5881 1111 5935 autem
1129 5874 1234 5930 isto
1261 5871 1437 5929 serius
1462 5885 1558 5942 per
1577 5885 1640 5926 ea
1660 5882 1782 5939 quae
1809 5868 2075 5924 hactenus
2096 5877 2261 5935 expo-

2362 4791 2520 4841 μενοι,
2542 4770 2572 4829 ἦ
2603 4774 2685 4825 καί
2721 4776 2967 4845 ἠρεμαῖον
2995 4773 3079 4826 καί
3109 4773 3356 4846 είρηναῖον
3394 4768 3514 4828 ἡμῶν
3548 4756 3771 4846 "‘“W‘.”

2362 4861 2663 4932 πολίτευμα,
2690 4862 2777 4916 ἶνα
2807 4866 2891 4916 καὶ
2936 4864 2985 4916 ἐν
3030 4870 3092 4937 τῇ
3144 4860 3482 4934 παλινγενεσίᾳ
3507 4853 3547 4904 ἕν
3584 4853 3630 4916 τῇ
3656 4841 3769 4937 ἔφη

2363 4953 2603 5025 σάλπιγγι
2637 4955 2916 5024 ἀξιωθῶμεν
2943 4961 3015 5024 τῷ
3041 4931 3378 5029 ἀρχηγῷ-τῆς
3415 4953 3526 5012 ζωῆς
3547 4943 3648 5009 ἡμῶν

2363 5046 2546 5116 κρίτως
2573 5042 2863 5101 ὑπαντῆσαι
2902 5026 3165 5118 ἐρχομένῳ
3194 5026 3324 5116 μετά
3362 5038 3490 5100 δόξης·
3521 5036 3592 5086 τῆς
3623 5026 3769 5118 πετραξ

2369 5138 2464 5190 σὺν
2491 5144 2599 5195 τοῖς
2631 5135 2790 5205 άγίοις
2831 5135 3059 5209 ἀγγέλοις
3084 5137 3260 5201 αὐτοῦ,
3286 5133 3364 5188 καί
3387 5131 3432 5183 ἓν
3461 5136 3518 5190 τῷ
3539 5119 3765 5209 vomit?

2365 5231 2622 5303 φρονίμοις
2668 5195 3063 5299 συνεισέλθωμεν
3108 5195 3376 5305 παρθίνοιςι
3407 5220 3480 5274 καὶ

2365 5320 2737 5391 ἀπολαύσωμεν
2788 5319 3099 5381 πανδαισίας
3125 5336 3136 5348 ⁸
3194 5314 3465 5393 κληρονόμοι

2375 5413 2388 5429 ⁸
2597 5411 2607 5426 ’
2792 5417 2812 5427 ”
2894 5411 2959 5430 ’ν’
3089 5411 3102 5427 ‘
3179 5411 3236 5430 Α·
3305 5404 3344 5430 ἐκ.
3381 5390 3619 5430 τηρητιτῶ
3639 5394 3702 5430 ull
3749 5417 3754 5426 .

3568 5407 3619 5450 τῳ
3639 5407 3754 5430 ωΙιΠ¹”’ῗ

3559 5463 3637 5528 m6
3653 5451 3761 5535 μτρδε

2365 5509 2476 5576 Θεῷ
2507 5501 2788 5576 πρεσϐείας
2831 5501 3094 5575 ἀχράντου
3140 5501 3222 5552 καί
3256 5493 3499 5566 ἀμωμήτου
3525 5495 3594 5533 αντ

2365 5411 2702 5481 ἀποκειμένων
2729 5417 2840 5471 τοῖς
2881 5411 3037 5474 ἀξίοις
3079 5411 3269 5481 ἀγαθῶν
3299 5404 3346 5460 ἕν
3381 5397 3547 5476 Χριστῷ

2369 5597 2453 5650 καί
2477 5595 2676 5649 πάντων
2698 5601 2796 5648 τῶν
2834 5592 3010 5663 ἁγίων.
3038 5595 3205 5661 Ἄρειόν.

2436 5865 2496 5916 Εἰ
2539 5858 2594 5916 δέ
2629 5865 2869 5916 τοσοῦτον
2914 5856 3008 5928 ὀψὲ
3041 5863 3131 5914 τοῦ
3192 5852 3352 5926 καιροῦ
3393 5845 3438 5898 ἐν
3478 5833 3626 5892 τούτοις
3641 5816 3756 5874 3"“
