4000 6562
508 412 648 471 108⁸1

1523 407 1902 464 PASCHALIS
1940 408 1983 474 l,
2025 406 2376 466 PONTIFEX
2410 411 2768 469 ROMANUS.

508 526 636 587 dum
661 522 804 577 fama
829 529 973 578 mter
998 520 1259 593 quosdam
1287 520 1624 591 vulgaverat,
1676 521 1820 590 quod
1847 519 2091 589 ejusdem
2119 526 2172 585 Α
2197 525 2479 580 beatorum
2525 526 2756 582 Andreae
2786 526 3017 597 apostoli
3054 535 3112 581 et
3157 526 3403 598 Gregorii
3434 528 3813 597 confessoris,

502 616 676 673 beatae
722 612 952 670 Caecilia:
976 627 1174 682 corpus
1201 614 1270 668 ab
1297 612 1585 683 Aistulpbo
1614 611 2097 682 Langobardorum

504 721 632 778 rege
660 705 846 761 furtim
867 705 1060 761 fuisset
1086 706 1346 771 ablatum,
1391 705 1594 761 idcirco
1628 720 1766 775 pene
1808 704 2096 760 oblivionis

504 801 727 856 obtentu
754 807 1080 870 postponere
1125 799 1495 854 credebamus.
1551 798 1703 853 Unde
1751 806 1952 861 tamen,
1993 797 2097 853 Do—

504 891 637 947 mini
660 899 933 946 annuente
953 888 1263 951 clementia,
1289 889 1522 960 quadam
1540 889 1627 943 die
1662 888 1790 943 dum
1813 895 1939 941 ante
1963 901 2097 942 con-

504 984 799 1040 fessionem
829 983 973 1037 beati
1007 982 1151 1037 Petri
1192 980 1418 1053 apostoli
1464 979 1808 1052 psallentium
1829 1020 1843 1044 ,
1882 979 2100 1033 matuti-

503 1075 612 1130 nali
657 1075 969 1130 lucescente
1004 1072 1304 1137 Dominica,
1341 1060 1643 1127 residentes
1683 1069 2099 1125 obscrvaremus

502 1168 873 1232 harmoniam,
925 1182 1120 1236 sopore
1149 1166 1204 1219 in
1252 1164 1431 1233 aliquo
1475 1163 1721 1233 corporis
1749 1161 2098 1232 fragilitatem

502 1268 851 1331 aggravante,
878 1259 1051 1315 astitit
1097 1258 1253 1313 nobis
1284 1257 1457 1328 puella
1487 1256 1877 1327 pulcherrima,
1909 1263 1966 1310 et
1990 1253 2101 1308 vir—

501 1352 669 1425 ginali
699 1360 922 1423 aspectu
954 1360 1012 1405 et
1060 1350 1245 1404 habitu
1296 1350 1514 1405 decora.
1564 1348 1633 1403 Et
1663 1346 1790 1401 talia
1831 1345 1987 1400 nobis
2016 1344 2100 1400 in-

502 1459 660 1507 tuens
690 1447 805 1502 ait:
853 1445 1046 1501 Multas
1076 1446 1172 1500 tibi
1209 1446 1410 1517 gratias
1460 1443 1750 1500 referimus
1778 1442 1923 1509 quod
1965 1456 2099 1496 cun-

501 1548 719 1596 ctanien
765 1535 1130 1610 [certamen],
1185 1537 1412 1607 quodin
1459 1535 1696 1590 medium
1745 1548 2096 1603 apposueras,

500 1628 864 1684 frustratoriis
888 1626 1241 1682 relationibus
1262 1627 1611 1698 pervulgatus
1637 1626 1754 1680 sine
1778 1640 1966 1688 causa,
2009 1640 2099 1679 re-

499 1718 727 1789 liquisti,
747 1718 884 1799 Iquia
915 1726 1065 1773 tanto
1109 1732 1277 1787 penes
1302 1733 1390 1772 me
1417 1716 1862 1788 appropinquasti
1889 1756 1905 1781 ,
1952 1715 2098 1771 (110d

501 1826 598 1868 ore
624 1812 845 1882 proprio
878 1810 1027 1881 loqui
1058 1811 1420 1865 communiter
1444 1809 1768 1863 valeremus.

2201 632 2302 672 nec
2326 634 2432 672 non
2467 618 2522 673 in
2556 620 2818 675 honorem
2861 629 3173 677 sanctarum
3210 621 3487 694 virginum
3514 632 3577 678 et
3602 634 3820 696 marty-

2201 724 2320 763 rum
2354 709 2575 781 Agatha:
2603 720 2657 767 et
2681 712 2911 768 Caeciliae
2939 711 3079 768 infra
3118 714 3407 770 ecclesiam
3444 714 3508 771 in
3562 715 3694 771 loco
3720 720 3817 788 qui

2200 800 2399 854 dicitur
2440 799 2607 857 Collis
2631 800 2874 859 Jacentis
2899 815 2948 857 ιι.
2996 802 3056 858 ln
3085 820 3196 874 quo
3239 804 3661 861 monachorum
3702 808 3817 865 Deo

2198 890 2550 945 servientium
2588 893 2993 963 congregationi
3021 896 3262 951 unanimi
3293 896 3692 953 consuluimns
3718 915 3817 969 pro

2199 982 2530 1050 quotidianis
2568 982 2817 1040 laudibus
2849 993 2904 1039 et
2938 1000 3041 1056 pro
3067 986 3331 1053 subsidio,
3357 995 3416 1043 et
3442 988 3817 1045 luminaria:

2201 1058 2643 1141 continuatione,
2691 1090 2786 1131 seu
2819 1076 3058 1133 utilitate
3091 1086 3147 1133 et
3182 1079 3455 1150 stipendio
3507 1072 3817 1137 monadic-

2149 1210 2154 1217 .
2201 1179 2322 1218 rum
2347 1164 2439 1219 diu
2466 1174 2739 1236 noctuque
2766 1168 2994 1225 Domino
3032 1169 3144 1227 Deo
3172 1178 3361 1228 nostro
3386 1174 3701 1230 devotione
3729 1174 3819 1232 do-

2199 1252 2313 1309 bita
2340 1255 2726 1324 persolvendis,
2759 1264 2865 1312 etc.

2780 1346 3116 1405 EPISTOLA
3150 1350 3212 1407 ll.

2357 1456 2425 1494 AD
2454 1456 2778 1498 BARNARDUI
2803 1458 3136 1499 VlENNBNSEI
3162 1462 3659 1505 ARCHIEPISCOPUI.

2267 1532 2547 1589 Paschalis
2588 1535 2874 1606 episcopus
2917 1552 3109 1593 servus
3144 1554 3429 1595 servorum
3480 1540 3615 1607 Dei,
3668 1558 3819 1601 mve-

2199 1624 2524 1682 rendissimo
2572 1634 2627 1681 et
2665 1628 3009 1683 sanctissimo
3064 1628 3218 1685 fratri
3268 1630 3565 1686 Barnardo
3613 1647 3819 1692 sanet:

2200 1714 2528 1770 Viennensis
2554 1716 2813 1773 Ecclesiae
2841 1705 3254 1792 archiepiscopo

2270 1805 2407 1873 Quia
2437 1808 2785 1863 sanctitatem
2817 1818 2963 1864 tuam
2992 1811 3045 1865 in
3094 1812 3331 1869 Ecclesia
3366 1816 3682 1872 Viennensi
3726 1836 3815 1888 gu-

570 1902 641 1956 Et
667 1902 793 1956 dum
821 1917 852 1954 a
893 1901 1050 1956 nobis
1072 1900 1357 1972 diligenter
1392 1900 1724 1971 interrogata
1750 1898 1941 1954 fuisset
1965 1914 1980 1953 :
2011 1897 2091 1953 Tu
2120 1882 2168 1944 Β
2194 1898 2572 1954 bernationem
2605 1902 2907 1983 suscepisse
2934 1904 3309 1974 cognovimus,
3341 1907 3399 1960 in
3433 1906 3683 1963 Domino
3712 1882 3816 1964 Deo

499 1992 623 2063 quis
660 2006 739 2057 es,
793 2000 848 2046 et
893 1992 1037 2061 quod
1066 2000 1394 2046 estonomen
1425 1992 1625 2045 tuum?
1679 2008 1798 2062 qu:e
1835 1990 1966 2046 talia
2005 2007 2094 2047 me

497 2082 883 2153 praemonendo
907 2080 1356 2153 [praesumendo],
1395 2083 1652 2137 conaris?
1682 2082 1739 2138 Si
1772 2084 1838 2138 de
1875 2082 2096 2165 nomine

498 2172 719 2242 quatris,
766 2170 1003 2238 Caecilia,
1036 2172 1242 2242 inquit,
1282 2172 1481 2227 famula
1525 2172 1727 2228 Christi
1758 2189 1942 2229 vocor.
1994 2173 2095 2229 Cui

499 2261 833 2332 subjungens
872 2262 1023 2316 dixi:
1072 2262 1351 2330 Quomodo
1393 2264 1494 2319 hoc
1527 2265 1749 2320 credere
1788 2281 2093 2335 possumus,

500 2368 626 2409 cum
652 2352 780 2408 olim
808 2351 952 2408 fama
992 2354 1224 2409 relatum
1267 2355 1340 2409 sit
1377 2356 1519 2425 quod
1544 2357 1685 2412 idem
1714 2357 2098 2412 sacratissimae

499 2444 756 2515 martyris
790 2460 990 2515 corpus
1031 2461 1064 2500 a
1114 2444 1668 2518 Longobardis'iude
1721 2448 1915 2503 fuisset
1947 2449 2099 2504 abla-

501 2535 658 2590 tum?
689 2535 819 2604 Qua:
862 2536 937 2592 ita
983 2539 1317 2606 respondens
1356 2537 1531 2592 dixit:
1578 2539 1795 2595 Veritas
1837 2539 2095 2610 estquod

499 2641 589 2682 me
623 2626 854 2683 multum
892 2628 1337 2685 desideraverunt
1371 2641 1425 2686 et
1464 2631 1817 2701 quaesierunt,
1850 2633 1944 2689 se'l
1973 2649 2099 2705 gra-

499 2717 576 2773 tia
607 2717 839 2774 dominae
883 2734 1017 2774 mea!
1058 2735 1378 2792 semperque
1425 2722 1653 2793 virginis
1682 2724 1777 2778 Dei
1817 2724 2098 2795 genitricis

497 2807 686 2865 Maria:
713 2808 907 2876 adfuit,
933 2811 1078 2880 quod
1105 2826 1205 2865 nec
1238 2827 1325 2865 me
1353 2812 1618 2879 invenire,
1649 2828 1750 2869 nec
1796 2829 1881 2869 me
1902 2815 2100 2886 depor-

500 2909 638 2967 tare,
693 2904 835 2959 sicut
880 2903 1187 2971 voluerant,
1230 2905 1360 2961 hinc
1387 2906 1599 2977 longius
1641 2915 1950 2979 potuerunt.
1990 2908 2099 2964 Sed

499 2993 643 3051 sicut
663 2994 876 3065 coepisti
904 3010 1068 3067 perge
1097 2994 1363 3069 [perage],
1411 3005 1467 3053 et
1491 2998 1634 3053 sicut
1673 3000 1918 3070 operaris
1944 3000 2101 3056 inde-

501 3087 745 3143 sinenter
780 3101 1027 3157 operare,
1062 3089 1188 3158 quia
1214 3090 1574 3160 omnipotenti
1613 3092 1726 3148 Deo
1747 3108 1833 3147 me
1860 3094 1958 3149 tibi
1986 3073 2107 3164 pla:

500 3175 615 3233 cuit
638 3177 899 3233 revelare.
931 3177 1000 3232 Et
1029 3193 1227 3249 corpus
1267 3194 1444 3236 meum
1473 3196 1595 3237 cum
1628 3182 1751 3238 aliis
1778 3184 2100 3254 corporibus

502 3266 709 3323 sanctis
751 3283 872 3339 quae
908 3275 1034 3324 sunt
1074 3266 1232 3338 juxta
1272 3284 1359 3325 me
1399 3273 1695 3327 recondere
1746 3272 1902 3327 stude
1952 3274 2096 3329 intra

497 3372 689 3417 muros
715 3360 888 3415 urbis.
925 3360 993 3415 Et
1019 3361 1136 3417 haec
1163 3361 1352 3418 dicens
1383 3364 1668 3419 abscessit.

569 3452 722 3508 Tunc
742 3454 945 3509 etenim
964 3470 1066 3525 pro
1083 3452 1244 3523 hujus
1265 3454 1613 3511 revelationis
1635 3455 2094 3524 manifestatione,

496 3545 646 3601 omni
673 3532 975 3615 postposita
1000 3542 1334 3612 difﬁcultate,
1364 3547 1745 3603 incunctanter
1787 3556 1842 3603 et
1887 3549 2094 3620 absque

498 3637 851 3711 ambiguitate
876 3637 1045 3708 ipsius
1068 3641 1398 3697 venerabilis
1436 3642 1661 3713 virginis
1690 3659 1891 3715 corpus
1919 3644 2101 3714 inqui-

498 3728 733 3785 rendum
778 3728 1138 3785 decrevimus.
1172 3731 1274 3798 Qui
1329 3740 1383 3787 et
1414 3742 1686 3789 annuente
1717 3735 1828 3791 Deo
1873 3736 2098 3807 ejusque

500 3819 661 3876 Solito
686 3816 1027 3887 adjuvamine
1054 3829 1410 3891 properantes
1436 3823 1493 3878 in
1522 3826 1896 3881 coemeterium
1925 3827 2099 3883 sancti

502 3910 642 3966 Sixti
667 3925 759 3965 seu
788 3909 1101 3967 Praetextati
1126 3912 1289 3968 situm
1315 3912 1446 3970 foris
1476 3923 1687 3986 portam
1710 3918 1937 3988 Appiam
1968 3919 2099 3991 (sic-

499 4007 560 4055 ut
602 4001 658 4055 in
686 4002 1056 4056 sacratissima
1090 4003 1235 4059 illius
1279 4006 1530 4075 passione
1579 4006 1869 4065 manifeste
1906 4025 2098 4065 narra-

502 4088 636 4161 tur),
660 4090 802 4145 inter
842 4091 1076 4164 collegas
1120 4095 1406 4164 episcopos
1441 4096 1495 4150 in
1543 4099 1724 4153 aureis
1763 4100 2098 4157 indumentis

502 4195 626 4237 cum
675 4180 967 4235 venerabili
1016 4176 1215 4251 sponso
1271 4184 1597 4254 reperimus.
1656 4186 1758 4242 Ubi
1808 4198 1862 4243 et
1900 4189 2095 4245 lintea-

502 4275 670 4340 mina,
712 4290 836 4329 cum
867 4274 1062 4344 quibus
1101 4277 1501 4333 sacratissimus
1552 4280 1774 4349 sanguis
1820 4282 2098 4339 abstersus

503 4374 588 4422 est
608 4367 675 4423 de
704 4367 895 4438 plagis,
927 4367 981 4422 in
1010 4369 1207 4439 quibus
1235 4371 1531 4440 spiculator
1578 4373 1719 4427 trina
1748 4375 2098 4445 percussione

502 4456 794 4512 crudeliter
830 4472 888 4513 se
914 4468 1157 4527 gesserat
1195 4460 1559 4535 [incesserat],
1600 4464 1668 4518 ad
1698 4464 1861 4533 pedes
1894 4464 2098 4520 beatis-

502 4545 656 4603 sima:
688 4545 913 4615 virginis
942 4550 997 4605 in
1024 4566 1193 4606 unum
1223 4552 1463 4608 revoluta
1488 4542 1753 4624 plenaque
1790 4571 1986 4613 cruore
2012 4557 2094 4611 in-

502 4637 771 4705 venimus.
823 4638 954 4706 Quae
988 4642 1170 4697 omnia
1224 4644 1428 4699 nostris
1457 4645 1709 4701 manibus
1739 4654 2095 4703 attrectantes

504 4727 970 4803 [pertractantes],
1021 4746 1144 4786 cum
1169 4733 1466 4789 venerabili
1493 4749 1718 4804 corpore
1761 4736 1985 4791 honeste
2014 4736 2099 4791 in-

503 4828 590 4875 tra
622 4837 809 4878 muros
834 4820 994 4892 hujus
1034 4824 1289 4881 Romamn
1315 4827 1467 4881 urbis
1494 4827 1820 4883 induximus.

572 4914 680 4970 Pro
724 4917 879 4987 cujus
913 4916 1254 4972 desiderabili
1313 4917 1593 4973 lilectione
1630 4918 1842 4974 titulum
1869 4960 1883 4985 ,
1932 4936 2093 4991 quem

500 5004 607 5077 pia:
642 5006 944 5061 devotionis
976 5005 1169 5062 affectu
1198 5017 1416 5064 sanctus
1450 5024 1588 5079 papa
1618 5007 1638 5062 Ι
1673 5006 1964 5078 Gregorius
1993 5010 2092 5065 do-

502 5103 620 5151 ctor
644 5096 879 5154 eximius
907 5096 1202 5163 dicaverat,
1230 5097 1465 5152 laxatum
1493 5098 1836 5163 existentem,
1874 5098 1966 5154 Dei
1994 5115 2092 5155 an-

501 5196 700 5242 nuente
726 5186 1034 5254 clementia,
1086 5189 1140 5242 in
1168 5187 1446 5243 meliorem
1486 5196 1688 5243 statum
1724 5203 1755 5243 a
1782 5189 1935 5245 novis
1960 5189 2087 5246 fun-

500 5278 770 5334 damentis
799 5278 897 5334 Dei
943 5277 1188 5348 ejusdem
1230 5278 1457 5350 virginis
1483 5294 1678 5351 corpus
1717 5296 1839 5335 cum
1874 5280 2088 5337 charis-

496 5369 638 5428 εἰωο
675 5384 890 5442 Sponsa,
943 5378 1104 5441 atque
1126 5370 1371 5426 Tiburtio
1396 5380 1451 5426 et
1478 5370 1707 5427 Maximo
1734 5372 2087 5443 martyribus,

494 5452 600 5520 nec
623 5476 732 5518 non
764 5454 989 5520 Urbano}
1010 5470 1066 5519 et
1102 5462 1294 5531 Lucio,
1326 5464 1569 5533 utrisque
1596 5462 1958 5533 pontificibus,
1990 5465 2091 5519 sub

495 5568 657 5614 sacro
700 5554 858 5611 altari
905 5546 1191 5613 beatorum
1229 5557 1458 5613 Andrea:
1486 5557 1715 5626 apostoli
1752 5566 1807 5611 et
1842 5556 2089 5630 Gregorii

495 5634 829 5705 confessoris
864 5647 1180 5706 dedicantes
1209 5648 1609 5705 collocavimus.

565 5738 753 5811 Ibique
793 5742 863 5797 ad
887 5741 1101 5798 laudem
1125 5726 1388 5800 creatoris
1412 5744 1716 5799 instaurata
1753 5743 2085 5799 monasterio

2198 1997 2397 2045 nostro.
2424 1989 2718 2059 plurimum
2773 1991 2897 2048 inde
2929 1994 3246 2064 gaudemus.
3298 1995 3459 2052 Unde
3512 2000 3813 2068 apostolica

2197 2079 2317 2135 vice
2364 2096 2673 2147 monemus,
2722 2089 2785 2137 ut
2828 2083 2880 2136 in
2913 2084 3161 2139 custodia
3205 2086 3390 2157 gregis
3418 2087 3525 2142 Dei
3574 2089 3810 2144 studium

2199 2181 2305 2225 tuae
2328 2170 2633 2227 dilectionis
2652 2173 2947 2243 prudenter
2972 2173 3232 2246 invigilet.
3254 2172 3414 2230 Pallii
3440 2192 3630 2239 usum,
3657 2194 3812 2248 quem

2199 2259 2266 2315 ad
2291 2261 2649 2317 sacerdotalis
2694 2260 2855 2317 cilicii
2886 2263 3172 2328 honorem,
3215 2271 3271 2319 et
3298 2264 3366 2318 ad
3413 2267 3814 2323 ostendendam

2198 2351 2619 2405 unanimitatem
2670 2367 2793 2407 cum
2822 2353 2983 2408 beato
3024 2352 3187 2410 Petro
3212 2355 3487 2426 apostolo,
3526 2360 3815 2416 universus

2199 2457 2328 2513 grex
2382 2442 2788 2498 Dominicarum
2839 2444 3023 2499 ovium
3068 2460 3188 2515 quae
3215 2446 3267 2501 ei
3313 2450 3638 2503 commissa
3668 2462 3809 2517 sunt,

2198 2534 2308 2589 vim
2346 2535 2547 2589 habere
2598 2550 2705 2590 non
2737 2534 2963 2590 dubium
2999 2544 3122 2603 est,
3170 2535 3239 2592 ab
3285 2538 3628 2609 apostolica,
3680 2542 3811 2597 sicut

2200 2623 2400 2690 decuit,
2435 2624 2562 2680 sede
2594 2625 2907 2695 poposcisti.
2952 2626 3130 2696 Ipsum
3161 2627 3328 2698 igitur
3355 2629 3460 2683 tibi
3490 2630 3809 2687 Viennensi-

2200 2730 2306 2787 que
2330 2724 2436 2770 tuae
2474 2715 2731 2772 Ecclesia:
2778 2723 2840 2771 ut
2876 2724 3000 2787 pote
3044 2718 3113 2773 ab
3151 2718 3357 2774 eisdem
3389 2721 3670 2789 apostoiis
3694 2721 3807 2778 fun-

2201 2807 2361 2871 datae,
2406 2804 2674 2875 majorum
2706 2820 2857 2861 more
2877 2805 3109 2863 libenter
3143 2808 3497 2874 indulsimus,
3533 2812 3610 2867 ad
3640 2824 3811 2869 osten-

2199 2894 2431 2953 dendam
2490 2897 2544 2953 in
2598 2905 2651 2953 te
2699 2905 2957 2973 tuamque
3010 2897 3312 2973 Ecclesiam
3363 2901 3632 2972 ejusdem
3678 2905 3811 2961 δώ

2202 2985 2515 3058 aposmlicte
2545 2972 2867 3042 charitatém
2895 3004 2909 3042 :
2958 2995 3125 3058 utque
3146 2987 3449 3068 secundm
3480 3005 3700 3047 morem
3720 2993 3809 3048 Ec.

2202 3077 2381 3134 clesicc
2406 3092 2471 3133 eo
2497 3077 2690 3143 utaris,
2719 3070 2954 3150 benigne
2976 3067 3341 3150 designamus.
3373 3079 3808 3140 Fraternitatetn

2202 3175 2353 3224 tuam
2384 3168 2691 3224 necessario
2738 3177 3177 3234 commonentes,
3216 3176 3275 3223 ut
3298 3169 3531 3226 creditae
3566 3172 3672 3227 tibi
3712 3173 3809 3229 Ec.

2128 3239 2173 3302 ο
2205 3264 2386 3320 clesiae
2426 3279 2563 3335 opus
2608 3263 2706 3329 ita,
2754 3261 2868 3318 Deo
2897 3260 3135 3328 favente,
3184 3262 3410 3335 exsequi
3453 3267 3716 3331 studeas,
3759 3274 3811 3321 ut

2200 3357 2396 3427 adepta
2429 3355 2585 3426 cujus
2622 3354 2839 3411 ornaris
2879 3354 3059 3410 studio
3089 3354 3390 3425 dignitate,
3446 3363 3507 3411 et
3544 3358 3811 3427 probitate

2205 3464 2421 3505 morum
2467 3454 2522 3503 et
2559 3446 2850 3502 vivacitate
2899 3444 3277 3501 sollicitudinis
3319 3452 3377 3499 et
3402 3447 3694 3502 custodita
3736 3448 3811 3502 in-

2202 3540 2454 3612 tegritate
2515 3538 2641 3594 fidei
2705 3537 2938 3608 amplius
2990 3538 3212 3593 studeas
3264 3535 3553 3593 adornari.
3622 3538 3807 3595 Omnia

2201 3632 2365 3689 etiam
2398 3629 2681 3700 privilegia
2704 3680 2705 3683 η
2729 3644 2857 3701 qua:
2893 3638 2999 3684 tua:
3034 3629 3243 3700 pridem
3294 3644 3571 3686 concessa
3619 3641 3747 3686 sunt
3779 3647 3809 3686 a

2199 3720 2692 3796 przedeccssoribus
2738 3720 2941 3776 nostris
2985 3719 3273 3787 Ecclesia,
3319 3720 3590 3779 volumus
3632 3724 3807 3779 incon-

2198 3830 2358 3870 versa
2389 3813 2484 3868 tibi
2517 3820 2573 3867 et
2602 3812 3007 3868 successoribus
3034 3811 3142 3866 tuis
3171 3827 3530 3883 permanere.

2273 3906 2544 3976 Scriptum
2571 3920 2668 3974 per
2696 3920 2918 3958 manum
2944 3901 3333 3975 Theophylacti
3360 3906 3569 3960 notarii
3598 3915 3660 3961 et
3682 3908 3807 3962 scri-

2200 3999 2383 4065 niarii,
2414 3999 2467 4052 in
2491 4012 2679 4052 mense
2704 3996 3036 4062 Decembris,
3082 3995 3379 4051 indictione
3414 3996 3506 4050 l0.
3537 3997 3691 4053 Bene
3720 4015 3805 4053 va-

2200 4091 2325 4147 lete.
2376 4091 2509 4146 Data
2537 4105 2635 4160 per
2668 4106 2886 4145 manum
2911 4089 3128 4160 Georgii
3154 4089 3565 4147 bibliothecarii
3603 4102 3803 4147 sancta

2202 4186 2346 4242 sedis
2385 4185 2728 4256 apostolicae,
2773 4182 2944 4238 Nonis
2979 4183 3293 4238 Decembris
3314 4224 3329 4248 ,
3364 4184 3685 4253 imperante
3708 4187 3801 4240 do-

2200 4277 2348 4331 mino
2374 4277 2619 4347 piissimo
2651 4276 2895 4346 Augusto
2918 4314 2932 4338 ,
2980 4273 3252 4328 Ludovico
3301 4289 3332 4327 a
3362 4274 3479 4329 Deo
3512 4284 3795 4341 coronato,

2201 4380 2417 4437 magno,
2445 4364 2690 4437 paciﬁco,
2726 4364 3071 4435 imperatore,
3112 4356 3232 4433 ejus
3254 4362 3474 4434 imperii
3512 4381 3669 4423 anno
3692 4366 3725 4421 ι
3750 4375 3803 4421 et

2198 4457 2507 4530 patritiatus
2541 4456 2657 4526 ejus
2691 4457 2746 4512 5.

2758 4547 2911 4604 EPIS
2925 4545 3104 4604 TOLA
3145 4548 3233 4603 Ill.

2572 4657 2639 4696 AD
2666 4656 2967 4696 ιυυονιεωι
2996 4655 3399 4696 ιιιρειιΑτοιιει.

2271 4732 2457 4790 Honor
2479 4732 2695 4802 quidem
2727 4716 3040 4787 sanctorum
3066 4732 3119 4786 in
3148 4733 3251 4787 hoc
3284 4732 3494 4787 mundo
3524 4736 3792 4808 principa-

2193 4823 2323 4879 liter
2350 4830 2434 4878 est
2474 4821 2725 4894 quaelibet
2756 4821 2908 4889 loca,
2960 4822 3269 4878 nominibus
3318 4838 3517 4879 eorum
3561 4838 3792 4891 sacrata,

2197 4916 2455 4973 divinitus
2494 4915 2741 4972 venerari
2786 4914 3040 4981 assidue;
3092 4916 3185 4971 sed
3212 4915 3265 4971 id
3294 4915 3412 4971 ﬁeri
3442 4917 3689 4988 plenitaer
3711 4938 3795 4976 ne-

2198 5009 2336 5081 quit,
2374 5008 2480 5064 nisi
2510 5024 2540 5062 a
2581 5006 2853 5078 deputatis
2889 5006 3191 5064 cultoribus
3222 5007 3318 5073 ibi,
3365 5010 3501 5080 quia
3553 5028 3667 5068 non
3706 5015 3796 5069 ho-

2196 5102 2373 5158 mines
2394 5115 2494 5171 pro
2522 5099 2675 5163 locis,
2703 5098 2797 5154 sed
2825 5112 2929 5170 pro
2956 5099 3115 5154 bonis
3139 5099 3452 5156 hominibus
3474 5101 3603 5157 loca
3635 5118 3795 5159 vate-

2196 5198 2406 5246 rantur.
2459 5188 2777 5259 Quicunque
2827 5188 3010 5258 itaque
3055 5187 3302 5244 localiter
3337 5189 3605 5260 cuiquam
3647 5191 3793 5261 jurat

2196 5283 2316 5357 (sic)
2345 5289 2675 5347 sanctorum,
2701 5290 2913 5337 constat
2938 5281 3128 5352 procul
3157 5278 3569 5350 dubio'jurasse
3584 5283 3790 5339 illorum

2194 5376 2536 5431 honestatem
2566 5374 2659 5443 qui
2696 5373 2915 5445 proprie
2951 5372 3027 5428 ibi
3064 5372 3390 5443 deputantur
3428 5372 3501 5428 ad
3548 5374 3788 5429 divinum

2194 5464 2397 5520 cultum
2422 5465 2703 5529 utendum,
2759 5479 2862 5519 nec
2906 5463 3214 5520 inﬁrmasse
3263 5464 3527 5520 videntur
3552 5481 3662 5536 pro
3698 5480 3789 5520 suo

2188 5572 2349 5627 posse
2395 5555 2615 5612 tutelam
2647 5556 2702 5611 in
2746 5556 2825 5611 eis
2870 5555 3122 5611 videlicet
3156 5554 3317 5610 rebus
3362 5555 3504 5611 bene
3556 5556 3787 5627 ntiquis,

2187 5648 2315 5719 quia
2338 5648 2579 5703 locorum
2611 5648 2864 5714 cultores,
2900 5648 3095 5714 honor,
3127 5655 3179 5703 et
3210 5647 3404 5718 religio
3456 5663 3523 5704 ex
3552 5648 3645 5704 his
3665 5663 3789 5704 con—

2186 5740 2452 5797 tinentur.
2492 5739 2727 5811 Ideoque
2755 5740 2981 5811 quilibet
3012 5749 3171 5799 votor
3195 5741 3411 5797 mriose
3447 5741 3616 5797 debet
3659 5738 3786 5798 eniti

568 5861 596 5891 ι
622 5850 774 5908 Proti
819 5864 870 5910 et
908 5852 1174 5919 Jacinthi,
1223 5855 1376 5913 locus
1414 5856 1567 5912 titulo
1602 5856 1883 5923 proximus
1930 5854 2023 5912 ubi
2059 5861 2218 5911 erant
2251 5868 2481 5923 corpora
2503 5852 2770 5909 dictorum
2795 5860 3120 5923 martyrum.
