4000 6476
169 421 331 482 1089
392 439 418 450 θ

1675 423 2053 486 EPISTOLE.

3363 428 3502 485 1090

174 561 488 626 quatenus
521 555 759 614 cultores
804 556 944 614 sacri
989 555 1093 613 loci
1120 556 1265 614 illius
1283 598 1298 625 ,
1347 555 1438 613 ubi
1476 555 1579 612 sibi
1604 565 1690 611 est
1715 571 1808 612 vo-
1913 555 2054 612 dona
2081 571 2293 628 regum,
2321 565 2416 613 aut
2437 571 2468 613 a
2507 557 2832 616 Christianis
2857 557 3172 616 hominibus
3198 573 3296 632 per
3329 562 3502 618 dona;

178 650 338 710 tum,
377 655 658 717 quantum
684 648 738 702 in
767 662 825 702 se
865 655 978 713 est,
1011 647 1192 718 quiete
1237 649 1353 703 sine
1381 647 1626 702 molestia
1660 646 1813 717 quie-

1915 647 2151 703 tionibus
2182 647 2264 704 vel
2316 648 2718 705 venditionibus
2764 664 2858 706 seu
2913 652 3250 706 testamentis
3295 651 3501 720 oblata,

181 753 360 795 scere
409 750 642 812 queant.
711 741 886 811 Atque
931 757 1020 797 res
1066 742 1141 796 ibi
1190 741 1428 813 legitime
1478 739 1813 811 pertinentes
1906 739 2056 810 justo
2093 740 2283 796 ordine
2308 741 2632 812 generaliter
2661 751 2716 797 et
2751 742 3056 812 specialiter
3101 742 3342 797 omnium
3373 758 3502 796 san-

181 829 488 888 damnose
543 847 644 888 nec
682 840 907 902 pereant
949 847 1051 888 nec
1097 831 1432 887 auferantur.
1493 831 1808 901 Propterea,

183 925 526 980 reverende
555 927 607 980 in
644 925 862 982 Christo
888 928 1204 983 charissime
1238 926 1312 981 fili
1355 926 1649 990 Ludovice,
1700 940 1816 980 me-

179 1027 398 1071 mento
430 1019 717 1074 votionum
747 1029 1053 1077 sanctarum
1089 1036 1226 1092 quas
1255 1019 1322 1075 ad
1349 1021 1610 1076 honorem
1639 1017 1814 1074 sancti

182 1105 353 1163 Petri
416 1101 615 1166 coram
643 1113 845 1169 sanctis
893 1113 1137 1184 reliquis,
1192 1127 1292 1168 nec
1341 1129 1450 1169 non
1491 1111 1704 1168 clericis
1750 1126 1814 1166 ac

182 1198 475 1258 ﬁdelibus
509 1206 617 1260 tuis
645 1215 770 1262 ante
797 1216 1038 1279 tempora
1061 1222 1234 1278 pauca
1254 1205 1551 1277 promisisti
1577 1222 1591 1270 ;
1637 1213 1693 1259 et
1714 1203 1816 1258 hu-

177 1289 280 1362 jus
316 1297 405 1351 rei
439 1299 618 1367 gratia
649 1316 842 1356 causas
890 1301 1024 1357 sitas
1065 1302 1116 1355 in
1152 1310 1334 1356 vestra
1373 1301 1575 1355 ditione
1599 1340 1614 1363 ,
1667 1298 1817 1352 velut

183 1389 476 1458 proprias
519 1392 762 1450 defende.
812 1393 988 1464 Atque
1030 1402 1274 1450 nostrum
1311 1395 1546 1461 legatum
1579 1393 1815 1447 Leonem

184 1480 552 1538 exorcistam
582 1483 778 1540 ibidem
801 1482 1224 1542 commerantem
1251 1488 1331 1542 sic
1366 1485 1436 1541 ab
1464 1485 1664 1556 injuria
1687 1499 1816 1540 con-

187 1583 366 1627 serva
425 1573 695 1642 illasum,
746 1586 806 1632 ut
855 1579 994 1648 apud
1027 1578 1274 1634 homines
1325 1576 1547 1649 perjurii
1592 1576 1812 1643 famam,

189 1663 357 1732 quod
387 1665 566 1733 absit,
589 1681 696 1722 non
722 1667 989 1734 incurras,
1014 1669 1108 1724 sed
1145 1669 1288 1740 apud
1325 1668 1615 1724 Dominum
1647 1665 1820 1721 facto-

191 1771 332 1813 rum
361 1761 722 1817 sanctitatem
749 1762 1015 1818 obtineas.

763 1907 789 1936 α
821 1893 1152 1950 EPISTOLA
1191 1893 1282 1949 IV.

307 2024 384 2062 Δῐ)
421 2023 811 2065 PETRONACIUH
851 2021 1300 2062 ARCIIIEPISCOPL'II
1331 2019 1707 2060 RAVENNATEII.

191 2115 280 2175 De
308 2120 726 2190 conﬁrmatione
765 2119 1152 2192 privilegiorum
1190 2117 1504 2172 Ravennatis
1543 2115 1813 2170 Ecclesia.

274 2212 580 2268 Paschalis
623 2213 929 2284 episc0pus,
977 2227 1166 2267 servus
1203 2226 1485 2266 servorum
1519 2209 1633 2273 Dei,
1663 2223 1817 2284 revel-

197 2307 394 2362 rendo
427 2313 486 2361 et
515 2306 859 2361 sanctissimo
889 2305 1041 2360 fratri
1068 2305 1388 2360 Petronacio
1411 2304 1818 2374 archiepiscopo

199 2404 430 2452 sanctae
453 2395 783 2451 Ravennatis
813 2395 1090 2460 Ecclesia,
1122 2403 1175 2450 et
1208 2410 1305 2465 per
1336 2404 1385 2450 te
1412 2395 1466 2449 in
1505 2394 1692 2448 eadem
1718 2391 1818 2445 Ec-

199 2488 389 2544 clesia
421 2489 480 2542 in
513 2496 854 2558 perpetuum.

284 2582 436 2638 Cum
471 2583 573 2654 pia
600 2582 882 2638 desideriis
904 2582 1179 2637 voluntate
1203 2590 1258 2636 et
1282 2579 1545 2635 laudande
1581 2575 1820 2632 devotio-

202 2673 302 2730 nis
335 2673 579 2729 intentio
609 2674 918 2744 apostolicis
939 2675 1010 2729 sit
1035 2689 1251 2744 semper
1272 2673 1466 2728 studiis
1495 2670 1815 2741 adjuvanda,

205 2779 353 2822 cura
385 2771 477 2820 est
502 2763 883 2820 sollicitudinis
903 2766 1227 2829 adhibenda,
1254 2773 1312 2818 ut
1339 2780 1402 2819 ea
1429 2779 1550 2833 quae
1576 2762 1824 2833 legaliter

205 2866 497 2930 geruntur
516 2867 572 2913 et
590 2859 830 2929 aequitati
851 2874 1095 2930 persona
1107 2860 1448 2915 conveniunt.
1476 2857 1622 2912 nulla
1649 2857 1824 2910 valeat

207 2949 598 3021 refragatione
632 2961 984 3021 perturvare;
1038 2953 1133 3007 sed
1159 2949 1526 3021 irrefragavile
1558 2947 1682 3018 jure
1712 2947 1822 3002 Deo

207 3041 407 3097 valeat
437 3027 757 3112 permanere
775 3083 792 3110 ,
823 3051 878 3098 et
902 3043 971 3097 ob
1009 3043 1112 3097 hoc
1135 3042 1444 3112 apostolicis
1467 3039 1823 3110 promulgatis

211 3131 611 3188 sanctionibus
631 3132 870 3203 pr0pria,
897 3147 1018 3201 qua
1040 3131 1268 3186 rationis
1297 3138 1586 3200 suppetunt
1609 3129 1689 3184 fas
1710 3129 1824 3183 exi-

215 3230 314 3295 get
343 3223 676 3294 possidenda
713 3223 1043 3279 confirmari.
1097 3220 1407 3294 (Hucusque
1451 3220 1606 3274 Liber
1655 3219 1821 3273 Diur-

216 3313 376 3387 nus.)
409 3313 580 3386 Igitur
608 3315 862 3385 quoniam
907 3314 1125 3384 quidem
1151 3312 1390 3368 fraterna
1430 3311 1690 3367 sanctitas
1730 3318 1820 3364 tua
1849 3299 1894 3362 C

218 3407 440 3463 direxit
461 3408 617 3464 nobis
641 3423 740 3479 per
773 3406 1021 3478 Sergium
1051 3407 1358 3478 religiosum
1382 3404 1662 3460 diaconem
1691 3419 1819 3459 san-

218 3506 333 3554 cta
394 3507 502 3553 tua
555 3496 886 3554 Ravennatis
931 3497 1187 3554 Ecclesia
1238 3496 1580 3569 privilegium
1619 3495 1821 3550 domini

218 3587 460 3645 Adriani
489 3589 764 3658 quondam
794 3605 946 3660 papa
971 3588 1383 3659 pradecessoris
1412 3587 1603 3653 nostri,
1637 3587 1689 3642 in
1715 3602 1822 3657 quo

221 3680 582 3737 confirmabit
603 3680 882 3752 privilegia
910 3680 1106 3736 Leonis
1147 3680 1416 3752 quondam
1458 3680 1818 3749 imperatoris,

223 3770 378 3828 facta
432 3773 500 3828 ab
537 3772 837 3844 Epiphanio
880 3773 1151 3842 quondam
1204 3771 1453 3842 religioso
1482 3771 1717 3836 notario,
1767 3780 1823 3825 et

224 3863 520 3929 scrinario,
552 3872 608 3919 et
623 3864 953 3934 apocrisario
973 3873 1171 3920 sancta
1199 3863 1528 3919 Ravennatis
1546 3863 1819 3930 Ecclesia,

227 3956 327 4028 qui
352 3955 590 4010 directus
626 3964 710 4010 est
738 3972 770 4008 a
795 3956 1118 4011 veneranda
1151 3958 1424 4010 memoria
1451 3954 1712 4008 Damiano
1736 3970 1823 4007 ar-

228 4045 601 4116 chiepiscopo,
642 4053 703 4099 ut
729 4045 1062 4098 confirmata
1098 4059 1266 4098 sacrae
1301 4053 1482 4098 essent
1508 4047 1819 4112 praeceden-

229 4145 318 4192 tes
345 4135 604 4192 formulas
626 4137 694 4192 ab
716 4136 830 4206 ipso
856 4135 1035 4191 Leone
1064 4136 1388 4206 imperatore
1422 4143 1530 4189 tam
1557 4135 1691 4190 diva
1713 4149 1823 4188 me-

229 4228 428 4284 moria
449 4228 613 4298 prisci
642 4227 953 4292 Justiniani,
983 4243 1309 4296 quamquam
1335 4225 1531 4282 ceteris
1567 4225 1824 4296 piissimis

229 4320 658 4390 imperatoribus
678 4318 956 4392 privilegia
987 4327 1186 4374 sancta
1206 4327 1398 4374 vestra
1418 4319 1670 4374 Ecclesia
1691 4333 1824 4388 pra-

231 4414 462 4485 largita,
506 4414 558 4468 in
600 4414 795 4484 quibus
819 4422 873 4468 et
914 4413 1034 4468 aliis
1058 4413 1163 4484 piis
1203 4412 1472 4482 capitulis,
1524 4420 1667 4468 etut
1705 4412 1823 4466 sine

232 4507 524 4578 Sacrilegio
570 4507 654 4562 vel
696 4506 873 4562 feritis
921 4507 1124 4578 rapina
1161 4505 1279 4575 ejus
1328 4506 1465 4562 fines
1500 4506 1821 4577 pralargita

235 4607 400 4664 sunt,
450 4606 504 4654 et
530 4599 1007 4669 promulgationcs.
1061 4599 1359 4654 Postulabit
1401 4613 1614 4669 quoque
1665 4599 1820 4654 nobis

235 4689 578 4747 tuaalmitas
604 4691 791 4764 eadem
837 4692 949 4762 ipsa
985 4708 1082 4764 per
1118 4702 1331 4748 nostros
1358 4693 1681 4764 apostolicos
1708 4695 1822 4763 api-

235 4797 330 4838 ces
365 4779 675 4837 firmitatem
705 4784 968 4854 accipere.
1015 4783 1166 4840 Unde
1207 4792 1508 4840 annuentcs
1543 4801 1820 4856 praepara-

235 4873 348 4928 tius
385 4874 680 4941 sancimus,
723 4883 777 4930 et
803 4875 1184 4931 conﬁrmamus
1233 4877 1413 4931 omnia
1467 4890 1820 4946 quacumque

235 4958 364 5021 sunt
390 4966 670 5038 privilegia
697 4967 842 5023 edita
870 4967 924 5023 in
951 4977 1135 5024 sancta
1165 4977 1344 5025 vestra
1365 4968 1695 5026 Ravennatis
1720 4970 1821 5026 Ec-

233 5055 399 5136 clesia
451 5067 560 5112 tam
610 5059 1067 5129 pradecessorum
1117 5071 1456 5129 nostrorum,
1503 5063 1816 5133 pontificum

235 5146 442 5205 scilicet
471 5157 672 5205 sancta
691 5151 1082 5207 rewrdationis
1107 5151 1363 5208 Hadriani
1391 5161 1447 5209 et
1471 5152 1690 5220 Leonis,
1723 5170 1818 5210 seu

234 5243 696 5312 pradecessorum
725 5242 961 5310 illorum,
1004 5259 1272 5316 quamque
1296 5245 1702 5316 imperatorum,
1733 5248 1819 5304 vel

307 5404 332 5434 ι
369 5395 519 5472 lianc
546 5395 825 5472 epistolam
851 5411 917 5452 ex
948 5397 1194 5472 Ughellio
1223 5407 1500 5469 acceptam
1530 5401 1676 5456 dedit
1705 5402 1821 5472 qui-

237 5465 357 5520 dem
389 5465 658 5533 Labbeus,
697 5469 792 5524 sed
838 5465 1080 5523 mutilam
1111 5471 1246 5525 adeo
1287 5465 1656 5528 et'erroribus
1697 5465 1818 5529 sca-

239 5544 458 5593 tentem.
501 5546 561 5593 ut
586 5539 672 5614 vis
706 5539 976 5614 interdum
1014 5540 1134 5596 elici
1180 5557 1246 5596 ex
1286 5557 1350 5596 ea
1391 5557 1582 5598 sensus
1620 5543 1816 5614 aliquis

235 5623 508 5693 congruus
530 5610 719 5693 possit.
754 5609 1115 5693 Sinceriorem
1154 5628 1216 5693 es
1261 5616 1597 5693 autographo
1642 5609 1814 5669 in'ar-

236 5678 383 5758 bini-is
408 5678 632 5758 cortice,
663 5681 775 5736 sive
804 5690 863 5735 ut
889 5683 1066 5758 aptius
1091 5678 1505 5758 arbitrareniuij'
1526 5685 1577 5758 in
1611 5701 1814 5758 papyro
1855 5731 1858 5736 .

236 5744 489 5827 @gyptia
532 5744 810 5822 expresso,
857 5744 1003 5827 ettin
1034 5753 1390 5827 Ambrosiana
1435 5744 1818 5814 Mediolanensi

234 5815 559 5900 bi.‘l'ioth_eca
599 5815 815 5900 servato
857 5823 1371 5900 exhibent__Palatini
1412 5829 1580 5894 socii,
1612 5830 1704 5900 qui
1731 5845 1814 5885 re-

235 5899 354 5945 rum
381 5893 684 5950 Italicarum
711 5895 1005 5964 scriptores
1034 5912 1064 5949 a
1109 5895 1403 5952 Muratorio
1447 5893 1699 5957 collect-os
1724 5902 1816 5959 de-

1917 841 2022 890 cta
2054 843 2162 890 tua
2187 834 2443 889 Ecclesia
2497 835 2800 904 largitatem
2839 834 3302 890 conrovorationis
3340 833 3508 888 ﬁrmi-

1917 935 2082 984 tatem
2117 929 2170 983 in
2218 937 2541 1000 perpetuum
2581 929 2782 985 habere
2811 929 3174 1000 pracipimus,
3222 935 3279 983 et
3306 927 3508 983 contir-

1914 1036 2147 1088 mamus,
2198 1030 2258 1076 ut
2294 1021 2499 1076 nullum
2545 1021 2723 1076 locum
2747 1031 2842 1076 aut
2881 1021 2973 1091 jus
3012 1019 3377 1089 subjacentem
3409 1021 3507 1074 sub

1915 1113 2125 1168 dicione
2168 1121 2368 1169 sancta:
2397 1122 2502 1168 tua
2544 1111 2801 1168 Ecclesia
2845 1129 2944 1184 per
2973 1112 3214 1182 quolibet
3250 1110 3510 1166 adinven-

1914 1205 2082 1260 tionis
2111 1216 2448 1277 argumento,
2503 1205 2742 1276 potentia
2791 1221 3008 1275 quoquo
3057 1205 3220 1260 modo
3251 1206 3502 1270 audente,

1909 1297 2144 1370 judicari
2180 1296 2457 1353 sull'ultum
2488 1298 2630 1353 civili
2667 1306 2761 1352 aut
2794 1297 3014 1351 militari
3038 1297 3301 1366 pracinto
3353 1312 3511 1351 usur-

1915 1390 2034 1459 pari
2067 1389 2151 1444 vel
2171 1391 2490 1445 subtrahere
2522 1397 2618 1444 aut
2649 1389 2870 1450 violare,
2924 1387 3007 1443 vel
3032 1388 3320 1444 novazione
3345 1388 3513 1443 adifi-

1917 1481 2148 1536 cationis
2175 1481 2469 1546 inducere;
2510 1480 2604 1535 sed
2649 1480 2693 1534 si
2733 1479 2857 1550 quis
2885 1486 3134 1534 corutum
3180 1487 3273 1533 aut
3311 1478 3509 1533 caden-

1921 1582 2029 1630 tem
2067 1572 2325 1644 templum
2376 1587 2638 1628 rcnovare
2686 1579 2780 1626 aut
2829 1571 3096 1625 aedificare
3139 1569 3510 1638 temptaverit,

1919 1678 2026 1717 non
2057 1663 2258 1718 habere
2285 1663 2560 1717 licentiam
2587 1669 2714 1716 ante
2747 1661 2849 1715 hoc
2879 1675 3060 1731 agere,
3093 1661 3195 1714 nisi
3235 1659 3386 1730 prius
3419 1673 3514 1728 per

1920 1756 2136 1812 solitam
2170 1757 2598 1812 benedictionem
2628 1764 2852 1834 paterna
2876 1757 3152 1812 sanctitati
3175 1764 3369 1812 vestra
3395 1771 3514 1811 san-

1921 1857 2007 1904 cta
2042 1857 2096 1904 ct
2118 1848 2442 1903 venerabilis
2468 1864 2601 1903 crux
2630 1848 2703 1903 ibi
2732 1847 2968 1918 ﬁgatur;
2995 1864 3170 1918 neque
3194 1848 3286 1918 qui
3316 1863 3382 1903 ex
3409 1847 3515 1902 alio

1921 1944 2234 2014 episcopato
2273 1943 2484 1998 dicione
2520 1951 2614 1996 aut
2656 1943 2892 1998 civitatis
2923 1943 3122 1998 ibilem
3153 1944 3434 2000 venientes
3461 1950 3516 1998 et

1922 2041 2321 2090 commorantes
2351 2032 2460 2086 Deo
2507 2033 2767 2086 amabiles
2809 2033 3038 2088 clericos
3081 2048 3413 2103 praesumere
3442 2015 3513 2086 in

1921 2124 2324 2194 subjacentibus
2353 2124 2505 2180 vobis
2531 2123 2777 2179 ecclesiis
2812 2124 2928 2179 sine
2961 2124 3383 2194 praeceptionem
3426 2137 3516 2176 ve-

1921 2228 2089 2274 stram
2121 2215 2511 2271 sacerdotalem
2538 2231 2701 2286 agere
2729 2215 3110 2282 ministerium,
3135 2216 3307 2285 magis
3335 2223 3515 2270 autem

1921 2317 1977 2366 et
1999 2321 2187 2362 omnes
2210 2307 2544 2361 advenarum
2583 2305 3022 2376 religiosissimos
3059 2305 3288 2361 clericos
3315 2305 3517 2360 limites

1921 2408 2086 2468 atque
2112 2399 2354 2453 actiones
2379 2404 2615 2451 vestram
2646 2397 2992 2452 sanctitatem
3022 2397 3280 2452 obaudire
3298 2405 3356 2450 et
3387 2395 3518 2450 deli-

1923 2491 2042 2546 nire
2086 2499 2140 2545 et
2179 2490 2476 2544 secundum
2501 2489 2806 2544 divinarum
2839 2489 3016 2560 legum
3042 2497 3098 2545 et
3124 2489 3518 2544 sacratissima-

1921 2599 2044 2638 rum
2075 2581 2384 2653 regularum
2419 2589 2602 2635 tenore
2633 2578 2882 2636 effectum
2909 2581 2962 2635 in
2992 2581 3071 2635 eis
3097 2579 3300 2636 inferre
3329 2595 3519 2635 mona-

1925 2675 2092 2730 sterio
2137 2681 2318 2728 vestro
2372 2672 2544 2727 sancti
2575 2672 2734 2742 primi
2785 2673 3040 2744 martyris
3079 2671 3372 2742 Stephani,
3421 2671 3517 2742 qui

1925 2769 2007 2823 sic
2051 2766 2379 2829 nominatur,
2433 2765 2822 2832 fuiidamenta,
2862 2775 2917 2821 et
2947 2763 3145 2833 rejacet
3175 2763 3329 2834 juxta
3366 2763 3515 2834 pala-

1926 2862 2081 2926 tium,
2134 2876 2259 2915 cum
2298 2859 2548 2914 omnibus
2579 2859 2758 2914 eidem
2805 2859 3202 2929 pertinentibus
3253 2857 3520 2930 religiosis

1925 2953 2226 3018 monachis,
2257 2952 2439 3006 omnia
2465 2952 2771 3006 veneranda
2800 2951 3046 3017 oracula,
3079 2966 3140 3006 ac
3164 2950 3514 3017 monasteria,

1925 3053 1980 3099 et
2007 3053 2218 3100 ceteros
2247 3042 2587 3097 venerandos
2611 3042 2758 3097 locos
2785 3043 2885 3098 sub
2915 3043 3198 3112 parrochia
3223 3042 3521 3097 existentes

1927 3135 2200 3192 sanctitati
2234 3142 2447 3197 vestra,
2488 3134 2587 3188 sub
2617 3134 2830 3188 dicione
2855 3141 2910 3188 et
2949 3142 3218 3203 potestate
3245 3133 3520 3190 sanctitati

1927 3235 2120 3281 vestra
2153 3224 2486 3294 subjaccant,
2523 3234 2578 3277 et
2609 3239 2707 3293 per
2731 3233 2784 3278 te
2813 3228 3013 3280 Sancta
3045 3232 3151 3278 tua
3174 3223 3430 3278 Ecclesia
3467 3231 3521 3278 et

1925 3334 2264 3390 quecumque
2317 3317 2492 3372 sacris
2540 3317 2622 3371 eis
2656 3317 2956 3387 privilegiis
2986 3318 3038 3371 in
3090 3317 3303 3386 integro
3336 3315 3520 3370 obser-

1925 3409 2116 3465 vandis
2145 3424 2306 3479 super
2331 3408 2448 3473 his;
2496 3423 2597 3463 nec
2626 3408 2831 3465 nullum
2866 3408 3114 3463 molestia
3142 3417 3234 3462 aut
3271 3407 3522 3478 angat-ias

1926 3511 2020 3558 aut
2063 3501 2399 3573 gravamina,
2437 3509 2528 3554 aut
2571 3501 2823 3555 excuvias
2851 3500 3079 3571 quilibet
3121 3499 3324 3553 inferre
3375 3498 3519 3569 parti

1926 3603 2130 3650 sancta
2155 3602 2260 3647 tua
2288 3591 2564 3657 Ecclesia,
2597 3607 2697 3647 nec
2719 3608 2822 3647 non
2859 3591 3080 3646 colonos
3110 3599 3204 3645 aut
3226 3590 3519 3660 partiarios

1925 3694 1981 3741 et
2011 3699 2196 3741 servos
2240 3683 2583 3753 subjacentes
2618 3683 2762 3753 parti
2786 3691 2989 3738 sancta
3015 3691 3212 3738 vestra
3257 3681 3516 3737 Ecclesia

1924 3793 1955 3833 a
1977 3775 2218 3848 quolibet
2252 3776 2494 3831 omnium
2537 3774 2604 3829 ad
2651 3775 2992 3829 militandum
3022 3775 3382 3839 subtrahere;
3421 3773 3519 3829 sed

1925 3870 1970 3924 si
2006 3868 2218 3923 militati
2268 3866 2469 3920 fuerint
2495 3880 2590 3920 eos
2627 3866 2855 3934 discingi
2896 3873 2952 3920 et
2997 3865 3316 3920 desmilitari
3355 3863 3516 3934 juve-

1925 3975 2063 4024 mus,
2099 3965 2293 4011 vestra
2322 3957 2642 4010 veneranda
2692 3956 2964 4010 redituros
2989 3956 3172 4026 parti;
3215 3963 3274 4008 ut
3314 3955 3359 4010 si
3391 3953 3516 4024 quis

1926 4050 2052 4104 talia
2083 4058 2409 4104 temeranter
2429 4048 2776 4119 pravaricari
2806 4047 3172 4117 temptaverit,
3198 4046 3376 4101 dehis
3397 4061 3517 4116 qua

1924 4157 1954 4195 a
1989 4141 2141 4195 nobis
2165 4140 2252 4209 pie
2283 4140 2489 4193 sancita
2522 4147 2678 4205 sunt,
2713 4145 2768 4193 et
2785 4136 2932 4206 juste
2963 4153 2993 4192 a
3020 4137 3176 4193 nobis
3201 4135 3431 4207 petistis,
3461 4144 3517 4191 et

1924 4247 2021 4302 per
2046 4240 2367 4302 prasentcm
2401 4238 2638 4284 nostram
2677 4228 3029 4298 apostolicam
3061 4228 3371 4284 continetur
3406 4227 3517 4282 for-

1925 4324 2090 4389 mula,
2134 4340 2241 4378 non
2269 4323 2442 4378 solum
2472 4322 2605 4376 nihil
2626 4321 2938 4392 pravaleat,
2979 4321 3074 4378 sed
3103 4323 3265 4378 etiam
3304 4336 3402 4393 pro
3433 4330 3516 4378 ta-

1922 4418 2028 4473 lem
2061 4425 2301 4471 atrocem
2324 4415 2626 4479 audaciam,
2656 4423 2710 4468 et
2736 4413 2980 4469 omnium
3011 4429 3233 4468 suarum
3284 4411 3515 4468 faculta-

1925 4519 2036 4565 tum
2084 4510 2375 4564 amissione
2423 4507 2723 4573 faciantur,
2783 4523 2885 4563 nec
2939 4523 3046 4562 non
3084 4515 3140 4562 et
3199 4507 3504 4562 animarum

1923 4599 2257 4655 adversionis
2271 4599 2566 4670 periculum
2585 4599 2805 4654 minime
2830 4598 3103 4653 declinare
3122 4598 3384 4670 poterint,
3406 4596 3515 4653 suf-

1927 4692 2233 4748 ficientibus
2259 4691 2511 4746 omnibus
2534 4690 2590 4744 in
2619 4691 2932 4746 ostensione
2971 4691 3083 4746 sola
3110 4691 3269 4762 hujus
3292 4698 3511 4761 aposto-

1926 4783 2045 4838 lica
2075 4791 2274 4840 nostra
2320 4783 2680 4838 exaracionis.
2734 4781 2791 4837 Si
2823 4783 2947 4853 quis
2991 4799 3120 4838 vero
3171 4792 3361 4840 contra
3408 4785 3510 4840 hoc

1925 4884 2169 4933 nostrum
2216 4875 2569 4948 apostolicum
2611 4885 2938 4947 praceptum
2968 4877 3174 4949 egerit,
3223 4885 3510 4946 componat

1925 4970 2046 5025 auri
2071 4969 2232 5026 obriti
2278 4969 2446 5025 libras
2470 4970 2748 5040 quinque;
2796 4971 3017 5042 insuper
3043 4981 3097 5026 et
3140 4971 3509 5026 anathematis

1924 5065 2156 5120 vinculis
2181 5066 2252 5120 sit
2280 5063 2589 5132 innodatus,
2633 5074 2689 5121 et
2717 5075 2990 5138 perpetua
3033 5065 3506 5121 condemnationis

1922 5156 2241 5238 submissus.
2275 5155 2426 5224 Quod
2463 5165 2790 5228 praceptum
2834 5157 3261 5213 conﬁrmationis
3288 5173 3319 5212 a
3350 5157 3506 5212 nobis

1921 5249 2127 5307 factum
2156 5250 2497 5306 scrivendum
2530 5252 2882 5323 pracepimus
2912 5247 3196 5306 Timotheo
3219 5251 3432 5306 notario
3451 5257 3506 5305 ct

1921 5407 2136 5463 derunt.
2178 5405 2308 5475 Ejus
2347 5406 2554 5476 pariter
2578 5406 2860 5463 exordium
2899 5405 3096 5477 legitur
3136 5407 3355 5462 totidem
3383 5423 3505 5463 Ver-

1919 5479 2005 5534 bis
2035 5478 2086 5532 in
2118 5477 2285 5534 Libro
2311 5479 2515 5534 Diurno
2553 5478 2918 5533 Romanorum
2955 5478 3266 5547 pontiﬁcum
3302 5495 3332 5532 a
3372 5477 3482 5534 Gar

1917 5549 2071 5621 nerio
2091 5549 2234 5605 edito
2261 5566 2381 5621 cap.
2415 5550 2472 5621 7,
2489 5565 2644 5621 Anum.
2674 5547 2740 5613 9;
2768 5563 2846 5621 ex_
2865 5549 3107 5621 illovero
3150 5551 3341 5604 menda
3364 5565 3502 5604 non-

1918 5619 2082 5683 nulla,
2138 5636 2258 5690 qua
2290 5617 2344 5675 in
2388 5619 2588 5690 bullam
2633 5619 2772 5690 hanc
2816 5617 3095 5676 Paschalis
3143 5621 3500 5690 irrepserunt,

1918 5688 2194 5747 emendari
2224 5707 2402 5763 posse
2465 5689 2628 5763 idem
2655 5688 2950 5746 Garnerius
2991 5701 3190 5746 monet.
3255 5688 3330 5744 Ea
3375 5704 3502 5745 vero

1918 5777 2050 5819 cura
2094 5760 2300 5833 quod—a
2347 5760 2582 5833 nemine
2614 5761 2891 5833 hucusque
2919 5763 3003 5833 sit
3049 5763 3368 5833 prastitum,
3403 5775 3502 5816 nos

1920 5848 2028 5888 non
2055 5831 2277 5900 manet,
2321 5833 2543 5888 daturos
2569 5831 2772 5888 bullam
2801 5847 2869 5888 ex
2914 5831 3301 5890 Mediolanensi
3347 5839 3502 5899 auto-

1920 5905 2146 5976 grapho.
