4000 6512
1785 451 2044 513 REMIGII
2079 447 2438 511 CURIENSIS
2474 444 2780 506 EPISCOPI
3676 457 3760 511 {096

653 582 925 632 vetustate
947 579 1286 644 consumpta,
1313 571 1560 629 incendio
1582 571 1816 626 dentur:
1843 568 2095 639 quoniam
2115 579 2224 620 non
2251 567 2304 625 Α
2329 558 2594 616 Similiter
2618 567 2676 616 et
2706 557 2902 629 reliqui
2923 557 3125 629 populi,
3151 557 3380 628 majores
3406 560 3578 617 scilicet
3597 571 3636 619 et
3655 567 3760 622 mino-

653 667 783 723 licet
807 683 872 722 ea
900 681 1018 735 quae
1057 666 1109 720 in
1134 664 1377 720 sacrario
1406 664 1630 728 fuerint,
1667 662 1808 717 male
1836 659 2078 723 tractari,
2129 655 2226 712 sed
2326 667 2415 708 res
2441 668 2540 722 per
2565 653 2682 722 ejus
2700 652 2974 708 licentiam
2995 653 3257 722 quidquid
3286 655 3524 723 agendum
3554 665 3622 709 est
3646 671 3756 728 agant,

653 759 905 816 inccndio
933 759 1184 814 universa
1206 758 1504 812 tradantur.
1533 754 1757 811 Cineres
1781 763 1995 824 quoque
2037 764 2221 806 eorum
2325 759 2426 800 nec
2449 745 2568 801 sine
2606 745 2723 815 ejus
2753 744 3018 816 permisso
3065 761 3098 798 a
3144 760 3243 799 sua
3287 747 3517 814 parochia
3553 748 3757 817 abscedant,

654 850 710 906 in
747 850 1123 920 baptisterium
1166 847 1486 914 inferantur,
1517 847 1608 903 ubi
1633 845 1815 901 nullus
1839 845 2100 900 transitus
2129 842 2224 896 ha-

653 943 864 1006 beatur,
900 950 991 996 aut
1017 941 1070 995 in
1115 940 1340 1011 pariete,
1379 947 1472 993 aut
1512 939 1566 993 in
1606 937 1768 993 fossis
1794 937 2222 1008 pavimentorum

645 1029 947 1099 jactentur,
1005 1045 1072 1086 ne
1122 1029 1509 1084 introeuntium
1568 1028 1793 1100 pedibus
1855 1027 2220 1098 inquinentur.

651 1123 829 1179 Pallas
850 1140 979 1179 vero
1007 1133 1060 1178 et
1083 1123 1200 1178 vela
1243 1139 1363 1192 quae
1389 1123 1445 1177 in
1488 1121 1779 1178 sanctuarii
1809 1121 2083 1177 sordidata
2108 1118 2210 1174 fue-

650 1214 761 1268 rint
811 1213 1130 1279 ministerio,
1178 1213 1389 1268 diaconi
1439 1229 1561 1269 cum
1615 1212 1912 1268 humilibus
1958 1211 2222 1266 ministris

651 1303 792 1356 intra
820 1303 1117 1357 sacrarium
1147 1301 1344 1368 lavent,
1377 1317 1482 1358 non
1504 1303 1783 1374 ejicientes
1811 1301 1958 1357 foras
1983 1317 2013 1356 a
2042 1316 2224 1356 sacra-

648 1393 731 1448 rio
752 1393 1016 1449 velamina
1047 1392 1336 1449 Dominicat
1361 1409 1581 1459 mensae,
1615 1408 1684 1448 ne
1729 1392 1868 1448 forte
1893 1391 2067 1463 pulvis
2112 1391 2219 1446 Do-

633 1489 834 1544 ‘minici
863 1489 1107 1558 corporis
1133 1487 1270 1542 male
1293 1487 1527 1554 decidat,
1565 1486 1805 1559 syndone
1848 1484 1981 1541 foris
2020 1484 2219 1551 delata,

647 1587 704 1634 et
737 1580 843 1634 erit
873 1579 971 1634 hoc
996 1578 1239 1648 operanti
1269 1587 1548 1650 peccatum
1579 1596 1592 1631 :
1621 1578 1827 1633 idcirco
1872 1576 1930 1632 iu
1981 1575 2222 1632 sacrario

646 1669 909 1725 ministris
931 1668 1269 1738 praecipimus
1296 1684 1419 1725 cum
1447 1670 1723 1742 diligentia
1744 1668 2033 1725 custodire.
2058 1666 2221 1724 Palla:

647 1760 704 1815 in
734 1760 836 1814 alia
864 1760 1016 1830 pelve
1040 1761 1310 1828 laventur,
1329 1761 1462 1816 etin
1490 1761 1594 1815 alia
1619 1761 1757 1816 vela.

987 1964 1103 2029 Quo
1131 1963 1244 2019 loco
1269 1874 1580 2019 celeligamda
1602 1966 1670 2019 sit
1690 1965 1871 2020 missa.

643 2055 747 2131 (Ex
776 2055 1002 2128 epistola
1027 2055 1319 2131 Clementis
1343 2058 1593 2131 omnibus
1626 2057 1914 2131 episcopis,
1940 2057 2223 2130 presbyte-

1089 2129 1195 2194 ris,
1225 2127 1539 2184 diaconibus
1567 2127 1775 2201 miSsa.)

716 2218 812 2275 Hic
847 2235 996 2292 ergo,
1022 2221 1125 2276 hoc
1146 2230 1250 2286 est,
1281 2220 1336 2274 in
1361 2220 1616 2291 praesenti
1641 2221 1752 2274 vita
1783 2221 1991 2290 positos
2009 2228 2225 2289 oportet

641 2327 740 2367 vos
768 2327 1061 2383 agnoscere
1098 2310 1430 2367 voluntatem
1472 2311 1702 2374 Domini,
1736 2311 1825 2366 ubi
1853 2319 1908 2365 et
1952 2310 2143 2382 agendi
2170 2317 2226 2366 et

646 2402 984 2459 sacriﬁcandi
1033 2411 1119 2458 est
1138 2402 1288 2460 locus
1318 2421 1332 2456 :
1370 2404 1622 2473 quoniam
1671 2404 1727 2458 in
1757 2403 1876 2458 aliis
1900 2403 2032 2459 locis
2057 2402 2223 2458 sacri-

646 2491 810 2548 ficare
828 2501 884 2549 et
905 2494 1100 2549 missas
1122 2494 1398 2551 celebrare
1421 2509 1526 2550 non
1553 2496 1695 2560 licet,
1712 2496 1814 2551 nisi
1831 2497 1884 2551 in
1909 2496 1994 2551 his
2017 2497 2072 2550 in
2100 2495 2221 2564 qui-

642 2582 747 2638 bus
799 2584 1083 2656 episeopus
1135 2587 1386 2658 proprius
1428 2587 1671 2658 jusserit,
1723 2595 1817 2642 aut
1845 2588 1914 2643 ab
1968 2588 2222 2658 episcopo

640 2674 965 2746 regulariter
1011 2677 1279 2744 ordinato,
1338 2686 1557 2734 tenente
1603 2678 1854 2734 videlicet
1913 2678 2221 2744 civitatem,

640 2781 990 2828 consecratus
1011 2771 1194 2828 fuerit.
1223 2771 1397 2828 Aliter
1415 2773 1560 2829 enim
1585 2789 1694 2829 non
1719 2773 1980 2829 sunthaec
1994 2774 2220 2846 agenda,

640 2873 746 2918 nec
766 2862 868 2918 rite
905 2863 1248 2921 celebranda.

1381 2955 1470 3013 IV.
2015 3011 2018 3014 .

926 3045 1005 3102 De
1029 3047 1321 3103 obedientia
1351 3049 1639 3104 exhibenda
1669 3049 1941 3121 episcopis.

826 3136 928 3210 (Ex
965 3137 1154 3194 eadem
1178 3139 1403 3208 epistola
1431 3138 1492 3192 Β.
1531 3138 1826 3196 Clementis
1851 3139 2048 3212 papa.)

723 3224 886 3283 Vobis
913 3230 1007 3299 qui
1031 3230 1335 3286 sacerdotio
1363 3231 1577 3286 Domini
1617 3230 1902 3304 fungimini
1930 3241 1988 3287 et
2019 3233 2074 3287 in
2103 3248 2223 3304 spe-

640 3315 766 3374 culo
807 3319 938 3373 estis
959 3318 1140 3389 positi,
1168 3319 1288 3390 plus
1314 3321 1452 3376 scire
1472 3331 1706 3392 oportet,
1745 3333 1805 3379 ut
1840 3325 2084 3380 subditos
2129 3342 2223 3382 vo-

640 3407 728 3465 bis
755 3409 981 3480 populos
1017 3409 1251 3481 pleniter
1292 3413 1488 3469 docere
1527 3415 1769 3485 possitis,
1817 3419 2002 3487 eisque
2031 3418 2099 3472 ad
2144 3433 2224 3475 re-

645 3514 752 3572 gna
795 3503 1058 3558 caelorum
1109 3503 1359 3560 ducatum
1380 3507 1620 3577 praebere
1675 3508 1902 3565 Domino
1949 3521 2221 3571 annuente

646 3590 870 3648 valeatis
924 3611 938 3647 :
985 3593 1128 3650 unde
1165 3603 1220 3649 et
1263 3595 1378 3665 ipsa
1411 3613 1510 3668 per
1546 3614 1605 3654 se
1639 3600 1852 3656 Veritas
1897 3602 1972 3656 ait
2005 3620 2018 3655 :
2068 3602 2222 3659 Vobis

646 3681 832 3736 datum
878 3693 953 3738 est
981 3701 1131 3740 nosse
1157 3689 1459 3757 mysterium
1489 3691 1632 3761 regni
1653 3691 1771 3758 Dei,
1799 3696 1998 3749 ca'teris
2047 3707 2221 3751 autem

646 3771 703 3828 in
730 3776 1018 3845 parabolis,
1047 3787 1104 3832 et
1125 3778 1351 3850 reliqua.
1391 3779 1642 3843 Vestrum
1668 3790 1813 3840 enim
1840 3786 1933 3855 qui
1957 3786 2224 3859 legatione

647 3864 863 3922 Domini
897 3867 1202 3940 fungimini,
1230 3880 1314 3926 est
1358 3871 1556 3929 docere
1602 3875 1850 3946 populos,
1877 3892 2065 3932 eorum
2092 3894 2223 3934 vero

645 3967 730 4015 est
745 3961 900 4016 vobis
927 3963 1148 4018 obedire
1171 3970 1232 4018 ut
1259 3964 1388 4021 Deo.
1439 3965 1496 4021 Si
1534 3976 1713 4022 autem
1762 3969 1921 4025 nobis
1949 3970 2222 4041 episcopis

645 4065 751 4106 nun
772 4049 1072 4107 obedierint
1091 4069 1278 4110 omnes
1305 4057 1627 4128 presbyteri,
1667 4059 1900 4126 diaconi,
1929 4076 1995 4116 ae
2013 4062 2228 4117 subdia-

645 4140 789 4206 coni,
847 4151 902 4197 et
955 4142 1147 4213 reliqui
1197 4145 1406 4212 clerici,
1454 4163 1748 4218 omnesque
1797 4151 2069 4222 principes
2114 4162 2225 4208 tam

647 4228 871 4299 majoris
905 4231 1119 4288 ordinis
1147 4249 1310 4304 quam
1369 4245 1425 4291 et
1475 4236 1769 4304 inferioris,
1818 4250 1983 4310 atque
2031 4241 2225 4311 reliqui

645 4324 853 4394 populi,
881 4324 1077 4391 tribus,
1107 4335 1162 4381 et
1200 4327 1396 4397 lingua:
1425 4345 1531 4384 non
1561 4332 2078 4403 obtemperaverint,
2117 4350 2225 4390 non

648 4415 822 4471 solum
847 4415 1096 4483 infames,
1124 4420 1217 4474 sed
1248 4428 1304 4474 et
1328 4429 1573 4479 extorres
1591 4439 1622 4478 a
1649 4440 1815 4497 regno
1845 4426 1964 4493 Dei,
1997 4437 2052 4482 et
2092 4443 2225 4483 eon-

650 4506 823 4562 sortio
870 4507 1130 4576 ﬁdelium,
1185 4525 1217 4564 a
1270 4510 1547 4569 liminibus
1586 4525 1786 4572 sanctae
1832 4518 1926 4574 Dei
1972 4519 2226 4576 Ecclesia:

648 4597 810 4653 alieni
833 4608 1011 4654 erunt.
1037 4601 1171 4656 Nam
1203 4613 1446 4660 vestrum
1479 4615 1562 4662 est
1611 4623 1705 4664 eos
1726 4610 2013 4678 instruere,
2036 4627 2225 4668 eorum

649 4703 779 4744 vero
817 4697 901 4744 est
921 4689 1071 4746 vobis
1091 4693 1310 4750 obedire
1359 4695 1428 4749 ut'
1449 4696 1589 4763 Deo,
1635 4697 1785 4767 cujus
1817 4699 2081 4773 legatione
2107 4702 2228 4759 fun-

650 4781 856 4854 gimini,
884 4782 1096 4840 dicente
1118 4784 1377 4842 Domino:
1406 4787 1510 4855 Qui
1537 4805 1626 4844 vos
1658 4791 1826 4858 audit,
1853 4809 1935 4848 me
1963 4795 2132 4860 audit,
2179 4805 2229 4850 et

649 4875 740 4946 qui
763 4891 852 4930 vos
881 4877 1095 4946 spernit,
1123 4893 1202 4932 me
1220 4881 1433 4950 spernit,
1458 4889 1506 4934 et
1531 4880 1620 4952 qui
1640 4897 1727 4936 vos
1756 4883 1955 4954 recipit,
1986 4901 2068 4939 me
2093 4885 2228 4940 reci-

649 4965 758 5037 pit;
785 4973 841 5022 et
866 4965 969 5032 Qui
997 4984 1078 5022 me
1099 4969 1301 5039 recipit,
1331 4971 1512 5042 recipit
1539 4987 1656 5026 eum
1679 4972 1770 5042 qui
1806 4988 1887 5028 me
1911 4973 2051 5028 misit
2073 4973 2227 5047 (Luc.

649 5071 710 5125 ι,
742 5056 840 5125 16;
870 5056 1094 5131 ιι,’48).

1405 5151 1471 5209 ν.

865 5242 1018 5298 Nihil
1043 5244 1233 5317 absque
1263 5243 1476 5300 licentia
1489 5245 1714 5320 episcopi
1733 5250 2015 5321 agendum.

939 5337 1041 5410 (Ex
1073 5339 1261 5395 eadem
1287 5339 1515 5412 epistola
1543 5341 1684 5398 inter
1706 5344 1948 5417 cetera.)

725 5447 1066 5522 Quapropter
1137 5455 1347 5510 cunctis
1424 5454 1713 5522 ﬁdelibus,
1775 5464 1830 5511 et
1889 5473 2233 5530 summopere

654 5543 906 5598 omnibus
927 5546 1276 5618 presbyteris,
1302 5557 1356 5602 et
1387 5548 1728 5615 diaconibus,
1759 5564 1824 5605 ac
1854 5551 2079 5622 reliquis
2119 5553 2231 5609 cle-

657 5632 785 5687 ricis
806 5636 1186 5692 attendendum
1212 5650 1311 5703 est,
1345 5650 1402 5694 nt
1424 5641 1555 5696 nihil
1594 5644 1799 5712 absque
1845 5645 2080 5714 episcopi
2111 5661 2234 5716 pro-

655 5726 760 5796 prii
787 5727 1000 5784 lieentia
1026 5742 1204 5799 agant.
1236 5733 1351 5788 Non
1368 5737 1551 5806 utique
1579 5737 1775 5792 missas
1802 5739 1917 5793 sine
1943 5738 2059 5809 ejus
2079 5739 2232 5808 jussu

662 5820 945 5889 quisquam
985 5825 1425 5896 presbyterorum
1449 5828 1501 5882 in
1525 5844 1622 5883 sua
1643 5831 1904 5899 parocltia
1935 5840 2078 5902 agat,
2127 5849 2234 5888 non

661 5905 916 5978 baptizet,
943 5929 1044 5968 nec
1063 5916 1350 5986 quidquam
1380 5917 1578 5987 absque
1604 5918 1721 5988 ejus
1762 5922 2029 5992 permisso
2081 5931 2225 5996 agat.

2245 1921 2297 1985 B

2323 850 2424 892 nec
2458 836 2513 891 in
2543 851 2604 892 ea
2634 836 2986 894 adventantes
3032 837 3240 892 morari
3296 852 3600 907 praesumant.
3636 844 3760 900 Anim

2322 942 2453 984 vero
2505 943 2695 984 eorum
2747 929 2798 984 ei
2850 929 3070 984 creditae
3124 937 3252 983 sunt
3299 947 3310 980 :
3363 929 3472 985 ideo
3519 933 3655 987 omnia
3694 935 3760 1003 ejus

2323 1019 2550 1076 consilio
2573 1035 2734 1090 agere
2760 1021 2980 1087 debent,
3011 1029 3066 1076 et
3097 1037 3166 1076 eo
3194 1019 3480 1076 inconsulto
3508 1024 3630 1078 nihil.

2325 1221 2478 1288 Quod
2528 1224 2766 1278 omnibus
2794 1133 3138 1295 baptismi":l
3149 1176 3409 1295 percipere
3433 1227 3491 1279 sit
3511 1231 3759 1282 necessarias.

2323 1313 2424 1386 (Ex
2458 1315 2681 1386 epistola
2711 1314 2774 1368 Β.
2803 1315 3098 1371 Clementis
3131 1331 3305 1385 papae,
3329 1317 3509 1385 scripta
3528 1316 3758 1375 lulioaclu-

2633 1385 2801 1450 liano,
2832 1395 2886 1441 et
2925 1387 3153 1455 reliquis
3175 1387 3560 1455 consodalihus.)

2393 1475 2521 1532 Sive
2555 1477 2700 1532 enim
2747 1477 2928 1548 justus
2957 1477 3049 1543 sit,
3099 1477 3217 1532 sive
3265 1475 3506 1544 injustus,
3545 1476 3760 1546 baptismum

2317 1582 2417 1641 per
2437 1569 2619 1623 omnia
2647 1570 3013 1626 necessarium
3036 1580 3141 1626 est.
3182 1568 3336 1625 Justo
3368 1569 3575 1640 quidem,
3596 1579 3639 1624 ut
3656 1572 3758 1625 adin-

2317 1660 2530 1732 pleatur
2546 1662 2600 1716 in
2625 1677 2691 1717 eo
2713 1661 2998 1732 perfectio,
3031 1670 3085 1716 et
3127 1669 3466 1731 regeneretur
3490 1661 3612 1715 Deo:
3640 1660 3760 1728 hijusto

2321 1762 2520 1819 autem,
2570 1761 2632 1808 ut
2673 1760 3022 1809 neceatorum
3051 1767 3177 1823 quae
3217 1752 3379 1824 gessit
3404 1751 3611 1807 remissio
3641 1767 3757 1809 mact-

2322 1842 2501 1899 datur.

3047 1913 3160 1970 VII.

2494 2006 2800 2078 Baptizatos
2827 2008 2891 2062 ab
2920 2007 3160 2080 episcopo
3207 2008 3489 2079 consignari
3509 2008 3658 2062 debere.

2731 2099 2886 2170 (Item
2910 2115 2976 2155 ex
2999 2101 3191 2156 eadem
3215 2098 3476 2170 epistola.)

2394 2214 2656 2272 Omnibus
2685 2232 2816 2288 ergo
2844 2215 3208 2272 festinandum
3237 2225 3321 2271 est
3347 2215 3454 2271 sine
3476 2229 3595 2269 mora
3629 2213 3752 2267 renasci

2325 2305 2455 2372 Deo,
2506 2315 2561 2362 et
2617 2308 2830 2363 demum
2881 2308 3190 2379 consignari
3243 2307 3310 2360 ab
3365 2307 3595 2376 episc0po,
3629 2305 3664 2358 id
3693 2313 3751 2364 est

2325 2397 2693 2468 septiformem
2723 2400 2951 2470 gratiam
2980 2401 3152 2454 sancti
3177 2398 3406 2468 Spiritus
3424 2399 3657 2468 percipere,
3679 2396 3750 2462 quia

2325 2489 2566 2545 incertus
2591 2499 2674 2544 est
2695 2489 3118 2561 uniuscujusque
3144 2491 3324 2544 exitus
3348 2489 3476 2542 vitae.
3517 2487 3618 2542 Cum
3649 2494 3752 2538 autem

2326 2591 2678 2652 regeneratus
2705 2582 2866 2637 fuerit
2887 2597 2985 2652 per
3030 2597 3254 2652 aquam,
3281 2593 3335 2636 et
3357 2581 3636 2651 postmodum
3665 2576 3755 2645 septi-

2325 2675 2516 2732 formis
2542 2675 2778 2746 Spiritus
2811 2677 2985 2746 gratia
3033 2676 3102 2729 ab
3131 2677 3400 2746 episcopo,
3434 2681 3486 2728 ut
3516 2677 3750 2726 memoratum

2322 2775 2430 2833 est,
2458 2770 2829 2832 coulirmatus,
2858 2767 2984 2836 quia
3011 2766 3173 2822 aliter
3203 2766 3459 2836 perfectus
3475 2777 3571 2818 esse
3594 2759 3752 2816 Christia-

2323 2874 2427 2914 nus
2483 2875 2822 2930 nequaquam
2872 2861 3094 2930 poterit,
3144 2875 3246 2916 nec
3291 2857 3460 2914 sedem
3501 2856 3650 2910 habere
3679 2851 3754 2904 inter

2321 2949 2592 3021 perfectos
2639 2952 2755 3007 sine
2797 2953 3155 3019 necessitate,
3197 2954 3291 3008 sed
3330 2951 3513 3007 incuria
3542 2955 3611 3002 aut
3647 2942 3752 2998 volun-

2322 3049 2435 3096 tate
2459 3042 2804 3107 remanserit,
2835 3049 2894 3096 ut
2917 3042 3118 3097 habeat
3142 3042 3286 3113 quod
3313 3057 3344 3096 a
3372 3039 3515 3094 Petro
3543 3033 3751 3103 accepimus,

2322 3143 2378 3190 et
2407 3135 2588 3191 caeteri
2617 3136 2790 3191 sancti
2815 3135 3043 3206 apostoli
3088 3133 3424 3207 praecipiente
3445 3128 3620 3184 Domino
3637 3124 3750 3179 docue-

2325 3235 2484 3292 runt;
2521 3237 2577 3284 et
2612 3221 2826 3284 demum
2853 3244 2920 3284 ex
2940 3229 3199 3299 operibus
3239 3226 3389 3282 bonis
3433 3221 3630 3278 ostendat
3666 3217 3698 3270 in
3721 3225 3752 3266 se

2330 3319 2740 3376 similitudinem
2773 3319 2888 3388 ejus
2913 3320 3007 3392 qui
3030 3335 3154 3375 eum
3183 3318 3362 3390 genuit
3381 3315 3542 3386 patris.
3578 3311 3665 3366 Post
3689 3307 3750 3360 hac

2324 3428 2455 3469 vero
2483 3423 2744 3486 agnoscat
2783 3413 2950 3470 Deum
3001 3414 3273 3470 honorare
3309 3429 3322 3464 :
3352 3411 3506 3466 honor
3538 3413 3664 3458 autem
3691 3395 3754 3465 cits

2325 3515 2430 3572 est,
2461 3517 2519 3562 ut
2542 3507 2617 3562 ita
2661 3507 2834 3574 vivat,
2861 3509 3003 3563 sicut
3027 3506 3118 3562 ille
3141 3507 3285 3573 vult;
3336 3503 3440 3559 vult
3461 3510 3602 3556 autem
3639 3505 3749 3547 unum-

2324 3609 2595 3671 quemque
2653 3601 2728 3656 ita
2789 3601 2972 3656 vivere
2999 3641 3015 3668 ,
3066 3608 3127 3655 ut
3178 3595 3501 3656 homicidium
3547 3599 3589 3646 et
3633 3581 3752 3639 adultr

2326 3692 2467 3746 rium
2509 3693 2738 3759 nesciat,
2765 3693 2946 3748 odium
3001 3700 3057 3747 et
3104 3691 3382 3748 avaritiam
3405 3681 3749 3772 fugiatzirantlilr

2324 3783 2589 3856 perbiam,
2614 3783 2932 3853 iactantiam
2962 3794 3207 3856 respuat,
3238 3792 3292 3839 et
3315 3789 3579 3846 execretur,
3597 3765 3748 3823 invidiam

2324 3891 2541 3948 quoque
2590 3885 2645 3932 et
2689 3885 2884 3933 caetera
2925 3877 3011 3933 his
3059 3879 3260 3934 similia
3301 3874 3493 3948 penitus
3527 3883 3552 3922 a
3590 3879 3630 3919 se
3661 3857 3748 3913 (1|thi

2324 3968 2496 4025 aliena
2506 4009 2519 4023 .

3061 4041 3194 4097 VIII.

2435 4132 2576 4200 Quid
2602 4133 2837 4206 conferat
2863 4151 3014 4206 aqua:
3053 4135 3336 4206 baptismus
3361 4129 3422 4184 ad
3443 4125 3524 4181 Dei
3543 4119 3688 4176 Cttlltttl.

2727 4226 2883 4299 (Item
2912 4243 2977 4283 ex
3002 4228 3193 4283 eadem
3225 4219 3480 4296 epistola.)

2398 4342 2582 4400 Primo
2610 4345 2850 4416 quidem,
2881 4346 3008 4416 quia
3039 4347 3184 4417 quod
3229 4345 3333 4400 Deo
3367 4334 3553 4410 placuit,
3571 4322 3744 4395 impletur;

2332 4435 2596 4501 secundo,
2619 4436 2746 4490 cuia
2779 4448 3095 4508 regenerata
3120 4452 3188 4493 ex
3221 4433 3368 4505 aquis
3405 4439 3452 4485 et
3486 4417 3744 4512 Βθογνθηίξηίξ

2328 4525 2596 4597 fragilitas
2610 4528 2811 4598 prioris
2833 4513 3156 4593 nativitatis,
3184 4541 3299 4598 quae
3331 4519 3465 4576 vobis
3488 4529 3564 4586 per
3582 4510 3744 4564 hominem

2250 4652 2306 4714 Β
2331 4614 2471 4674 facta
2504 4627 2607 4684 est,
2631 4629 2962 4690 amputatur,
2993 4630 3046 4676 et
3065 4621 3139 4674 ita
3179 4622 3384 4676 demum
3418 4603 3637 4714 perveniri:

2331 4709 2452 4765 ritis
2498 4709 2564 4763 ad
2595 4710 2858 4777 salutem;
2907 4710 3066 4766 aliter
3097 4706 3415 4782 impossibile
3451 4707 3534 4756 est.
3573 4690 3637 4745 Sic

2328 4799 2484 4854 vobis
2511 4815 2636 4854 cum
2681 4809 3022 4856 sacramento
3059 4772 3224 4856 verus
3251 4795 3484 4870 propheta
3520 4786 3676 4839 testatus
3699 4772 3742 4820 esi

2331 4889 2516 4945 dicens
2549 4909 2562 4944 :
2589 4889 2773 4958 Amen,
2802 4908 2951 4946 amen
2975 4892 3093 4946 dico
3117 4892 3281 4956 vobis,
3321 4885 3410 4941 πίεί
3437 4879 3532 4953 ⁴1¹¹ί⁸

2331 4990 2486 5036 natus
2508 4981 2666 5052 fuerit
2701 4999 2767 5036 ea:
2795 5000 2932 5055 aqua
2975 4991 3023 5037 et
3079 4981 3298 5052 Spiritu,
3335 4993 3429 5032 non
3467 4960 3742 5024 mirabilius

2333 5089 2490 5145 gnum
2512 5071 2757 5129 caelorum
2781 5072 2961 5146 (Joan.
2987 5090 3074 5143 ut,
3110 5075 3189 5148 3).

2455 5277 2607 5344 Quod
2628 5295 2734 5334 non
2755 5280 2943 5352 ubique
2972 5289 3024 5336 et
3052 5298 3086 5336 a
3121 5281 3234 5338 solo
3262 5264 3596 5346 sacriﬁcatui“
3614 5260 3724 5356 (“:w.

2335 5371 2438 5444 (Ex
2459 5341 2685 5443 epistola
2700 5341 2945 5428 Anaeleti
2969 5388 3120 5444 papa:
3148 5375 3338 5445 scripta
3359 5341 3564 5445 omnibus
3579 5341 3740 5416 epistol)"

2687 5429 3008 5514 carterisqu'e
3028 5429 3240 5501 cunctis
3258 5429 3511 5500 ﬁdelibus.)
3716 5513 3724 5524 '

2406 5557 2517 5614 Deo
2533 5555 2674 5614 enim
2700 5558 2938 5630 perfecte
2965 5561 3329 5618 sacriﬁcantes
3346 5567 3437 5610 non
3455 5540 3603 5601 ἀθδθηί
3617 5529 3736 5630 vita?

2336 5649 2430 5705 sed
2460 5615 3020 5720 portari,'consolari,
3065 5659 3227 5723 atque
3252 5649 3313 5705 ab
3337 5615 3736 5749 omnibuiniil‘i'ﬁ

2336 5741 2440 5813 Ipsi
2461 5702 2646 5796 autem
2667 5743 2884 5813 quando
2907 5702 3461 5840 Dominojsacriﬁcattl:
3487 5731 3570 5840 iis?
3596 5702 3734 5840 frg

2339 5804 2499 5906 agere
2525 5804 2740 5902 debent,
2784 5834 2879 5890 sed
2921 5843 3090 5892 testes
3124 5850 3300 5893 secum
3325 5804 3731 5927 ρἀδίδθξξξζξιηῖ

2336 5892 2577 5996 Ρέιτθοιθ
2632 5925 2684 5979 in
2715 5892 2946 5983 sacratis
2973 5926 3203 5984 Domino
3246 5922 3365 5982 locis
3384 5899 3634 5969 'sacriﬁcm
3661 5892 3682 5946 Ρ
