4000 6466
218 421 356 484 1097

1341 419 1662 483 CANONES
1697 419 1836 482 PRO
1874 419 2012 480 SUA
2047 417 2368 480 leECESl.

3329 418 3470 478 {098

209 545 428 602 bentur.
455 536 548 596 Ait
563 550 799 610 namque
830 535 1131 595 auctoritas
1157 535 1294 610 legis
1336 537 1540 596 Divina:
1573 555 1588 594 :
1626 537 1780 604 Vide,
1809 537 1863 601 Α
1885 543 2173 610 peccantes
2217 531 2525 591 sacerdotes
2567 545 2601 586 a
2649 529 2853 604 templo
2896 528 3056 604 ejecit
3081 546 3095 586 :
3123 532 3266 590 unde
3297 530 3473 606 liquet

211 651 274 689 ne
303 633 498 704 offeras
521 629 829 688 holocausta
846 636 939 684 tua
960 630 1018 686 in
1042 629 1185 684 omni
1212 628 1346 696 loco,
1375 647 1527 704 quem
1563 628 1796 696 uideris;

210 724 300 780 sed
327 725 386 780 in
422 723 556 792 loco,
587 739 739 797 quem
783 721 936 796 elegit
960 721 1220 779 Dominus
1267 722 1412 778 Deus
1450 732 1572 778 tuus
1614 720 1794 795 (Deut.

210 833 307 885 xu,
333 813 445 894 17)).
471 815 772 888 Episcopus
812 814 926 870 Deo
965 813 1302 880 sacriﬁcans,
1336 821 1524 880 testes,
1572 820 1635 868 ut
1660 826 1800 884 pra:-

211 902 380 962 ﬁxum
400 913 484 962 est
511 919 697 962 secum
725 903 940 972 habeat,
974 911 1030 960 et
1049 903 1234 976 plures
1262 919 1428 976 quam
1447 902 1585 959 alius
1614 915 1800 958 sacer-

214 997 311 1053 dos
361 1011 378 1052 :
433 995 576 1052 sicut
623 993 922 1066 majoribus
963 995 1187 1053 honoris
1222 996 1480 1069 gradibus
1519 993 1794 1068 fungitur,

212 1085 292 1141 sic
320 1083 546 1153 majoris
588 1085 886 1142 testimonii
931 1085 1416 1143 incrementatione
1462 1085 1689 1158 indiget.
1735 1084 1798 1142 In

211 1175 627 1234 solemnioribus
652 1177 851 1248 quippe
872 1175 1082 1243 diebus,
1113 1184 1207 1232 aut
1227 1185 1459 1248 septem,
1490 1183 1588 1232 aut
1637 1175 1799 1247 quin-
1884 1165 1893 1179 ’

211 1281 338 1339 que,
373 1275 467 1323 aut
496 1275 610 1325 tres
644 1268 919 1333 diaconos,
965 1267 1060 1339 qui
1099 1265 1216 1338 ejus
1259 1267 1400 1326 oculi
1423 1267 1694 1334 dicuntur,
1740 1275 1798 1324 et

212 1358 590 1427 subdiaconos,
621 1367 784 1429 atque
803 1356 1041 1430 reliquos
1059 1357 1338 1415 ministros
1367 1373 1553 1415 secum
1576 1357 1792 1426 habeat,

211 1449 305 1521 qui
339 1450 510 1506 sacris
535 1450 710 1506 induti
731 1450 1067 1507 vestimentis
1095 1449 1152 1506 in
1180 1441 1359 1507 fronte
1377 1458 1432 1506 et
1455 1465 1484 1504 a
1522 1459 1699 1522 tergo,
1740 1457 1797 1507 et

209 1539 516 1614 presbyteri
535 1555 568 1598 e
593 1541 814 1613 regione
834 1541 1058 1597 dextera
1085 1540 1328 1613 laevaque
1348 1543 1584 1598 contrito
1605 1541 1792 1609 corde,

212 1638 268 1687 et
299 1632 583 1690 humiliato
603 1633 668 1689 ac
685 1647 858 1705 prono
879 1615 1024 1689 stent
1062 1632 1232 1702 vultu,
1265 1633 1632 1690 custodientes
1667 1648 1792 1689 eum

211 1735 243 1775 a
263 1720 543 1780 malevolis
571 1722 899 1793 hominibus,
924 1731 982 1781 et
1013 1737 1339 1782 consensum
1366 1722 1484 1795 ejus
1509 1723 1792 1798 praebeant

213 1814 508 1873 sacriﬁcio.

971 1906 1023 1967 Χ

605 1998 731 2056 Non
757 1998 1018 2056 tollendas
1047 2015 1132 2058 res
1152 2000 1405 2059 ecclesiae.

461 2091 566 2166 (Ex
585 2095 774 2150 eadem
802 2094 1029 2168 epistola
1061 2095 1320 2153 'Anacleti
1344 2097 1543 2171 papae.)

283 2180 426 2255 Ergo
447 2184 541 2255 qui
561 2183 764 2242 Christi
788 2188 1048 2258 pecunias
1073 2196 1128 2244 et
1146 2188 1388 2245 ecclesiae
1408 2189 1571 2262 rapit,
1595 2189 1797 2259 aufert,

215 2268 300 2329 vel
325 2270 559 2342 fraudat,
581 2274 850 2334 homicida
873 2287 979 2347 est,
1011 2287 1174 2351 atque
1196 2279 1471 2336 homicida
1500 2288 1628 2338 ante
1671 2296 1800 2338 con-

216 2367 670 2439 spectumjudicis
694 2385 814 2428 esse
840 2372 1202 2443 deputabitur.
1235 2372 1338 2442 Qui
1355 2373 1497 2444 rapit
1516 2375 1802 2445 pecuniam

215 2459 446 2514 proximi
477 2461 579 2526 sui,
622 2459 964 2535 iniquitatem
1021 2473 1324 2535 operatur:
1373 2465 1466 2537 qui
1497 2475 1677 2523 autem
1707 2483 1804 2538 pe-

217 2551 435 2608 cuniam
487 2552 575 2612 vel
626 2569 717 2613 res
775 2555 1018 2614 ecclesiae
1073 2556 1404 2628 abstulerit,
1457 2559 1803 2632 sacrilegium

219 2646 373 2708 facit.

958 2744 1053 2804 XI.

579 2834 663 2895 De
680 2837 1014 2897 ordinatione
1043 2841 1430 2914 episcoporum.

220 2920 328 2999 (Ex
368 2924 597 2999 epistola
620 2926 864 2985 Anacleti
894 2932 1276 3012 pallanscripta
1305 2929 1558 2991 omnibus
1596 2933 1804 3008 episco-

856 3001 939 3071 pis
958 3001 1171 3073 Italiae.)

240 3107 244 3110 ’
291 3109 670 3171 Ordinationes
695 3112 1092 3184 episcoporum
1139 3114 1464 3172 auctoritate
1505 3115 1804 3187 apostolica

221 3201 294 3262 ab
343 3205 594 3262 omnibus
619 3205 714 3277 qui
755 3206 812 3262 in
861 3206 1049 3263 eadem
1100 3207 1305 3263 fuerint
1347 3207 1629 3280 provincia
1680 3217 1806 3266 sunt

223 3295 561 3356 celebranda:
607 3316 622 3354 :
674 3299 768 3371 qui
816 3299 978 3356 simul
1033 3301 1418 3358 convenientes
1483 3301 1805 3359 scrutinium

223 3388 512 3461 diligenter
548 3397 733 3464 agant,
770 3390 1147 3464 jejuniumque
1182 3409 1305 3450 cum
1335 3395 1588 3451 omnibus
1629 3397 1807 3468 preci-

222 3481 327 3539 bus
351 3482 644 3551 celebrent,
666 3491 723 3538 et
739 3499 931 3540 manus
961 3500 1085 3541 cum
1115 3487 1320 3543 sanctis
1349 3487 1658 3560 Evangeliis
1687 3502 1808 3558 quae

223 3574 567 3645 praedicaturi
620 3583 746 3630 sunt
801 3576 1141 3648 imponentes
1197 3577 1479 3634 Dominica
1534 3578 1622 3634 die
1673 3579 1809 3634 hora

224 3669 386 3725 tertia
407 3677 648 3738 orantes,
671 3685 934 3743 sacraque
954 3671 1214 3728 unctione
1245 3670 1494 3744 exemplo
1514 3672 1809 3743 propheta-

224 3775 349 3816 rum
373 3769 428 3816 et
474 3776 661 3836 regum
702 3763 880 3833 capita
920 3778 1112 3819 eorum
1158 3779 1314 3820 more
1339 3763 1705 3834 apostolorum
1755 3770 1811 3820 et

226 3848 400 3920 Moysi
425 3862 704 3925 ungentes,
733 3855 859 3924 quia
893 3855 1071 3911 omnis
1100 3855 1458 3912 sanctiﬁcatio
1498 3861 1711 3911 constat
1755 3853 1811 3909 in

227 3941 436 4014 Spiritu
473 3955 682 4014 sancto,
727 3945 884 4016 cujus
926 3948 1100 4004 virtus
1147 3949 1435 4005 invisibilis
1481 3956 1672 4004 sancto
1725 3954 1814 4004 est

229 4036 532 4093 chrismate
549 4039 911 4110 promulgata,
940 4049 997 4095 et
1041 4043 1148 4097 hoc
1191 4043 1302 4096 ritu
1325 4041 1623 4098 solemnem
1673 4041 1814 4098 cele—

228 4127 394 4185 brent
418 4129 834 4187 ordinationem.
857 4129 1013 4198 Quod
1035 4132 1082 4187 si
1108 4146 1298 4188 omnes
1317 4131 1481 4188 simul
1523 4131 1815 4188 convenire

231 4221 456 4278 minime
503 4221 799 4293 potuerint,
836 4238 1119 4280 assensum
1177 4231 1362 4280 tamen
1403 4223 1517 4280 suis
1561 4223 1816 4294 precibus

228 4315 529 4385 praebeant,
551 4322 614 4369 ut
642 4315 711 4370 ab
735 4315 852 4386 ipsa
889 4311 1230 4373 ordinatione
1260 4316 1442 4372 animo
1468 4331 1579 4372 non
1613 4316 1814 4372 desint.

230 4403 404 4463 Porro
446 4415 502 4462 et
532 4407 1077 4480 Hierosolymitarum
1124 4408 1336 4480 primus
1370 4407 1816 4480 archiepiscopus

229 4497 422 4555 beatus
445 4497 700 4569 Jacobus,
733 4501 827 4572 qui
876 4500 1063 4558 Justus
1103 4502 1420 4568 dicebatur,
1445 4510 1502 4557 et
1520 4501 1817 4558 secundum

232 4603 455 4647 carnem
483 4592 694 4648 Domini
719 4601 1060 4664 nuncupatus
1087 4601 1172 4650 est
1209 4592 1397 4660 frater,
1425 4609 1459 4648 a
1497 4593 1679 4660 Petro,
1718 4591 1814 4650 Ja-

231 4683 388 4751 cobo,
424 4691 482 4740 et
516 4681 724 4741 Joanne
762 4684 1020 4754 apostolis
1049 4692 1135 4740 est
1166 4685 1450 4741 ordinatus
1485 4703 1498 4739 :
1537 4699 1817 4742 successo-

231 4775 384 4832 ribus
402 4776 653 4832 videlicet
671 4777 862 4834 dantes
882 4776 1114 4832 formam
1135 4792 1346 4844 eorum,
1367 4785 1430 4832 ut
1451 4777 1630 4835 minus
1651 4791 1815 4847 quam

231 4881 265 4921 a
312 4866 484 4923 tribus
533 4867 818 4939 episcopis,
867 4868 1197 4941 reliquisque
1236 4868 1489 4926 omnibus
1532 4881 1814 4925 assensmn

229 4957 616 5027 praebentibus,
638 4960 944 5019 nullatenus
967 4959 1277 5032 ordinetur,
1302 4971 1359 5021 et
1387 4961 1660 5052 communi
1687 4968 1813 5019 voto

231 5046 506 5106 ordinatio
527 5047 851 5108 celebretur.

625 5231 706 5292 De
722 5238 1053 5294 accusatione
1071 5237 1422 5296 sacerdotum.

699 5324 815 5400 ,(Ex
851 5327 1043 5383 eadem
1086 5327 1335 5400 epistola.

307 5410 598 5471 Accusatio
622 5430 836 5488 quoque
863 5432 1050 5475 eorum
1078 5433 1242 5491 super
1275 5434 1382 5490 qua
1411 5434 1511 5476 nos
1538 5418 1822 5478 consulere

236 5507 503 5577 voluistis,
534 5509 750 5568 nonniSi
792 5514 858 5568 ab
887 5512 1095 5570 idoneis
1124 5521 1180 5569 et
1222 5514 1621 5586 probatissimis
1663 5515 1816 5582 viris,

237 5602 330 5672 qui
346 5610 402 5659 et
412 5603 806 5672 suspicionibus
831 5612 885 5661 et
905 5605 1198 5661 sceleribus
1210 5613 1452 5672 careant,
1477 5605 1594 5660 ﬁeri
1618 5606 1776 5662 debet
1803 5623 1818 5660 :

239 5692 366 5762 quia
385 5693 646 5751 Dominus
676 5695 814 5751 sacri
837 5696 920 5752 sui
940 5695 1186 5766 corporis
1198 5702 1525 5751 tractatores
1546 5711 1577 5750 a
1601 5694 1822 5763 vilibus,

241 5793 298 5842 et
328 5772 595 5858 reprobis,
623 5803 687 5846 ac
708 5803 815 5844 non
844 5787 1051 5844 idoneis
1068 5787 1318 5858 personis
1345 5786 1599 5842 infamari
1624 5787 1820 5857 noluit,

241 5889 344 5938 nec
392 5877 711 5936 calumniari
756 5879 1036 5953 permisit,
1068 5878 1162 5936 sed
1202 5877 1318 5951 ipso
1358 5879 1578 5952 proprio
1612 5878 1822 5955 ﬂagello

491 5968 763 6037 Panos.
810 5973 936 6038 Cll.

1900 630 2046 702 quod
2064 627 2263 685 summi
2297 626 2626 694 sacerdotes,
2651 625 2708 682 id
2733 632 2837 693 est,
2869 623 3108 698 episcopi
3146 639 3178 681 a
3206 625 3318 682 Deo
3349 634 3478 682 sunt

1891 719 2193 791 judicandi,
2216 735 2324 777 non
2345 719 2414 775 ab
2429 717 2678 774 humanis
2705 724 2800 774 aut
2817 731 3000 790 pravae
3021 717 3146 772 vitae
3168 716 3480 773 hominibus

1897 810 2174 871 lacerandi
2202 850 2221 883 ,
2285 811 2380 870 sed
2427 810 2608 884 potius
2647 811 2716 867 ab
2759 808 3014 868 omnibus
3057 807 3305 868 ﬁdelibus
3352 823 3481 881 por-

1898 890 2079 962 tandi.

2619 990 2756 1052 XIII.

2179 1087 2261 1147 De
2294 1087 2631 1162 querimonia
2661 1096 2847 1144 contra
2875 1088 3194 1146 sacerdotes.

2387 1179 2491 1254 (Ex
2515 1179 2706 1236 eadem
2727 1177 3002 1252 epistola.)

1970 1269 2028 1328 Si
2055 1270 2179 1343 quis
2212 1272 2473 1329 adversus
2511 1271 2821 1328 sacerdotes
2848 1271 2934 1326 vel
2971 1272 3233 1329 ecclesias
3287 1283 3480 1330 eorum

1897 1373 2205 1421 commotus
2242 1363 2409 1422 fuerit
2438 1373 2532 1420 aut
2552 1378 2747 1422 causas
2783 1364 3052 1432 habuerit,
3102 1365 3255 1434 prius
3279 1364 3349 1420 ad
3392 1379 3488 1421 eos

1897 1464 2149 1512 recurrat
2211 1456 2495 1513 charitatis
2557 1458 2770 1524 studio,
2817 1463 2878 1511 ut
2914 1454 3168 1511 familiari
3217 1457 3488 1527 colloquio

1896 1549 2214 1605 commoniti
2240 1549 2306 1604 ea
2331 1556 2524 1606 sanent
2554 1565 2674 1621 quae
2701 1549 2940 1605 sananda
2962 1555 3111 1614 sunt,
3139 1554 3195 1603 et
3221 1548 3492 1604 charitatc

1895 1641 2186 1697 emendent
2200 1656 2319 1712 quae
2337 1641 2484 1712 juste
2497 1639 2838 1698 emendanda
2861 1639 3200 1712 agnoverint.
3225 1637 3286 1695 Si
3307 1644 3490 1693 autem

1896 1730 2063 1803 aliqui
2093 1747 2188 1789 eos
2212 1731 2532 1804 priusquam
2565 1731 2682 1787 haec
2718 1731 2948 1803 egerint,
2996 1729 3260 1795 lacerare,
3318 1744 3480 1784 accu-

1895 1836 2040 1889 sare,
2070 1833 2166 1879 aut
2213 1822 2477 1880 infestare
2503 1822 2972 1894 praesumpserint,
3017 1819 3493 1876 excommunicen-

1821 1898 1873 1966 Β
1901 1922 2014 1983 tur,
2069 1925 2127 1972 et
2156 1916 2379 1973 minime
2418 1915 2769 1972 absolvantur
2817 1923 3111 1985 antequam
3140 1927 3239 1984 per
3267 1909 3489 1968 satisfa-

1903 2007 2140 2062 ctionem
2190 2007 2511 2078 condignam
2540 2006 2753 2078 egerint
2780 2004 3178 2076 paenitentiam,
3234 2003 3494 2074 quoniam

1902 2094 2102 2165 injuria
2128 2111 2318 2154 eorum
2347 2097 2416 2154 ad
2443 2095 2722 2153 Christum
2747 2095 3007 2169 pertinet,
3045 2092 3200 2166 cujus
3223 2092 3495 2167 legatione

1903 2187 2224 2263 funguntur.

2614 2283 2754 2341 XIV.

2217 2374 2298 2433 De
2329 2376 2568 2448 bipertito
2605 2376 2789 2431 ordine
2822 2375 3171 2431 sacerdotum.

1905 2469 2009 2546 (Ex
2037 2469 2263 2544 epistola
2294 2469 2772 2551 Anaclercripta
2821 2467 3073 2551 omnibus
3121 2465 3391 2551 epiSCOpis
3438 2471 3497 2521 et

2231 2487 2263 2526 a
2296 2482 2541 2526 Anactetl
2568 2482 2772 2551 scripta
2821 2482 3073 2551 omnibus
3121 2484 3151 2522 e

2230 2539 2456 2611 reliquis
2499 2540 2700 2596 Christi
2751 2482 3186 2609 sacerdotibus:

1977 2652 2334 2712 Sacerdotum
2387 2651 2574 2708 fratris
2602 2651 2737 2708 ordo
2783 2650 3074 2723 bipertitus
3117 2656 3222 2718 est,
3254 2657 3312 2706 et
3354 2649 3499 2717 sicut

1904 2748 2170 2807 Dominus
2195 2749 2348 2804 illum
2374 2747 2686 2814 constituit,
2711 2762 2744 2802 a
2777 2746 2926 2803 nullo
2963 2746 3125 2802 debet
3166 2744 3492 2816 perturbari.

1907 2840 2073 2898 Scitis
2098 2851 2280 2898 autem
2308 2855 2339 2896 a
2369 2841 2601 2898 Domino
2621 2839 2892 2912 apostolos
2920 2852 3043 2895 esse
3067 2837 3270 2895 electos
3289 2845 3346 2894 et
3369 2853 3500 2894 cono

1905 2932 2149 2999 stitutos,
2174 2940 2231 2988 et
2254 2941 2441 3004 postea
2467 2947 2567 3004 per
2612 2931 2858 2988 diversas
2903 2931 3210 3002 provincias
3255 2931 3326 2986 ad
3362 2944 3504 3002 prae-

1907 3025 2200 3081 dicandum
2219 3023 2514 3096 dispersos.
2532 3023 2669 3080 Cum
2682 3038 2814 3081 vero
2835 3023 3031 3080 messis
3051 3023 3219 3094 coepit
3229 3037 3497 3088 crescere,

1905 3115 2099 3170 videns
2123 3132 2326 3186 paucos
2354 3131 2474 3174 esse
2495 3117 2796 3189 operarios,
2819 3114 2888 3172 ad
2911 3131 3102 3174 eorum
3127 3115 3502 3186 adjumentum

1909 3205 2254 3276 septuaginta
2297 3205 2422 3277 eligi
2449 3206 2708 3277 praecepit
2746 3205 3059 3276 discipulos.
3089 3206 3343 3277 Episcopi
3369 3221 3508 3264 vero

1913 3297 2300 3368 apostolorum,
2335 3296 2642 3368 presbyteri
2681 3311 2896 3368 quoque
2939 3299 3282 3370 septuaginta
3337 3297 3505 3356 disci-

1910 3390 2161 3461 pulcrum
2181 3389 2358 3446 locum
2397 3399 2599 3446 tenent.
2634 3389 2884 3460 Episc0pi
2913 3397 3096 3446 autem
3140 3405 3250 3447 non
3299 3391 3357 3446 in
3405 3403 3501 3447 ca.

1911 3479 2105 3547 stellis,
2137 3487 2231 3536 aut
2258 3479 2488 3536 modicis
2521 3480 2837 3537 civitatibus
2866 3481 3063 3538 debent
3089 3482 3366 3550 conStitui,
3403 3484 3504 3540 sed

1911 3571 2217 3645 presbyteri
2242 3585 2342 3642 per
2364 3571 2614 3638 castella,
2640 3579 2697 3629 et
2737 3572 2982 3628 modicas
3034 3572 3308 3640 civitates,
3342 3581 3506 3644 atque

1913 3664 2069 3720 villas
2099 3665 2299 3720 debent
2329 3663 2397 3718 ab
2428 3664 2700 3736 episcopis
2741 3662 2986 3720 ordinari
3022 3673 3078 3720 et
3102 3664 3230 3735 poni
3258 3682 3270 3718 :
3307 3664 3506 3735 singuli

1913 3765 2097 3810 tamen
2121 3771 2220 3826 per
2249 3754 2491 3827 singulos
2534 3754 2720 3812 titulos
2755 3769 2901 3811 suos.
2945 3753 3190 3826 Amplius
3218 3771 3380 3825 quam
3413 3755 3507 3812 isti

1915 3851 2021 3908 duo
2048 3851 2266 3908 ordines
2286 3850 2652 3917 sacerdotum,
2681 3865 2784 3906 nec
2822 3849 2984 3906 nobis
3012 3848 3195 3905 collati
3226 3856 3375 3917 sunt,
3399 3862 3502 3904 nec

1915 3943 2143 4016 apostoli
2181 3944 2496 4000 docuerunt.

2650 4048 2770 4110 XV.

2204 4142 2282 4201 De
2316 4143 2398 4200 his
2447 4144 2539 4216 qui
2582 4143 2828 4216 praelatos
2853 4153 3205 4202 contemnunt.

2409 4236 2513 4308 (Ex
2540 4237 2729 4292 eadem
2752 4235 3022 4309 epistola.)

1989 4351 2225 4409 Necesse
2248 4351 2396 4408 enim
2422 4360 2507 4410 est
2533 4360 2594 4409 ut
2616 4360 2858 4410 rectores
2887 4369 2918 4408 a
2953 4348 3184 4410 subditis
3211 4353 3506 4408 timeantur

1918 4445 1988 4502 ab
2013 4446 2250 4516 ipsisque
2271 4446 2632 4518 corrigantur,
2667 4455 2728 4502 ut
2768 4446 3004 4503 humana
3050 4446 3336 4502 formidine
3379 4460 3506 4518 pec-

1918 4555 2046 4596 care
2070 4547 2316 4595 metuant
2338 4539 2432 4612 qui
2459 4540 2638 4596 divina
2661 4539 2866 4610 judicia
2904 4557 3013 4597 non
3059 4540 3371 4598 formidant.
3402 4541 3506 4595 De-

1839 4635 1896 4700 Ῑ)
1923 4633 2150 4690 teriores
2178 4634 2378 4706 quippe
2401 4643 2528 4690 sunt
2553 4635 2646 4704 qui
2682 4635 2966 4691 doctorum
3002 4635 3172 4691 vitam
3215 4648 3505 4704 moresque

1919 4737 2275 4800 corrumpunt
2313 4729 2400 4786 his
2443 4729 2536 4801 qui
2578 4730 2905 4787 substantias
2943 4730 3170 4788 aliorum
3197 4731 3509 4812 praediaque

1920 4822 2199 4895 diripiunt.
2228 4825 2336 4895 Ipsi
2368 4833 2552 4879 autem
2593 4838 2657 4879 ea
2684 4839 2805 4894 qum
2834 4832 2987 4881 extra
3015 4841 3137 4891 nos,
3161 4824 3288 4880 licet
3318 4832 3507 4880 nostra

1919 4913 2047 4981 sint,
2081 4915 2337 4971 auferunt
2361 4932 2374 4970 :
2406 4916 2578 4971 nostri
2605 4931 2822 4986 quoque
2845 4915 3179 4972 detractores
3208 4922 3262 4972 et
3290 4931 3504 4971 morum

1917 5015 2267 5079 corruptores
2303 5014 2651 5073 nostrorum,
2682 5007 2795 5063 sive
2825 5007 2917 5077 qui
2946 5008 3235 5064 adversum
3278 5021 3379 5063 nos
3415 5022 3507 5060 ar-

1915 5107 2152 5167 mantur,
2182 5099 2403 5170 praprie
2428 5113 2530 5154 nos
2567 5098 2670 5169 ipsi
2709 5098 3004 5169 decipiunt,
3030 5107 3086 5153 et
3110 5095 3394 5167 ideojuste
3421 5096 3506 5152 in-

1917 5191 2088 5248 fames
2111 5197 2256 5260 sunt,
2279 5197 2334 5246 et
2360 5189 2557 5248 merito
2585 5190 2654 5246 ab
2675 5190 2919 5248 Ecclesia
2945 5198 3196 5248 extorres
3233 5189 3391 5247 ﬁunt.

2640 5300 2791 5359 XVI.‘
2999 5367 3001 5369 _

2131 5391 2212 5451 De
2244 5392 2326 5450 his
2361 5393 2451 5466 qui
2488 5392 2759 5450 doctorum
2803 5393 2982 5466 culpas
3032 5393 3281 5466 produnt.

2385 5485 2485 5560 (Ex
2517 5485 2708 5543 eadem
2743 5485 3016 5562 epistola.)

1991 5595 2215 5655 Multum
2237 5615 2367 5656 vero
2389 5601 2591 5657 distant
2628 5599 2824 5657 damna
2860 5616 3073 5657 morum
3114 5617 3147 5657 a
3175 5602 3389 5658 damnis
3409 5615 3502 5659 ree

1921 5706 2043 5746 rum
2069 5691 2467 5764 temporalium,
2499 5705 2622 5746 cum
2651 5689 2754 5746 ista
2789 5699 2945 5747 extra
2968 5707 3069 5748 nos
3095 5692 3224 5759 sint,
3250 5691 3340 5747 illa
3367 5707 3503 5748 vero

1920 5786 1978 5842 in
2003 5787 2178 5843 nobis.
2216 5785 2495 5842 Sententia
2531 5799 2745 5856 quoque
2774 5784 2944 5842 Citam
2973 5785 3068 5840 ﬁlii
3095 5783 3207 5842 Noe
3234 5785 3504 5840 damnan-

1923 5888 2015 5940 tur
2042 5880 2137 5956 qui
2159 5894 2381 5939 suorum
2407 5877 2689 5937 doctorum
2729 5879 2815 5938 vel
2859 5878 3270 5951 praepositorum
3316 5876 3506 5950 culpas

3063 5969 3140 6035 35
