4000 6468
628 357 768 415 ηας

1741 357 2000 416 REMIGII
2039 352 2404 417 CURIENSIS
2441 347 2749 412 EPISCOPI

3651 364 3740 422 ΗΜ

627 471 759 528 talia
787 469 986 529 vestris
1014 468 1070 525 in
1113 466 1358 527 ecclesiis
1397 469 1726 540 permittatis
1770 471 2023 542 deinceps
2068 469 2209 536 ﬁeri,
2238 470 2293 533 Α
2315 481 2424 522 non
2449 463 2744 520 admittunt
2777 467 2836 518 et
2869 473 2969 518 nos
2993 459 3380 519 submovemus.
3405 462 3651 526 Accusatori
3672 491 3744 532 om.

624 577 696 618 ne
717 577 851 634 grex
873 561 1114 634 pretioso
1139 562 1401 632 sanguine
1427 559 1632 619 Christi
1661 562 1969 634 redemptus
1999 562 2054 618 in
2075 577 2213 633 pra:-

625 654 895 727 cipitium,
923 653 1070 726 quod
1101 653 1264 722 absit,
1293 662 1433 710 ruat.

1312 743 1544 802 XXVIII.

624 838 705 895 De
742 839 952 912 jejunio
1003 847 1196 912 septem
1241 837 1709 912 hebdomadarum,
1755 847 1876 893 ante
1927 835 2135 892 Pascha
2178 853 2212 891 a

1123 910 1326 966 clericis
1364 910 1703 965 observando.

625 1004 728 1077 (Ex
752 1003 980 1077 epistola
1019 1003 1540 1146 Telesphoricgapae)
1569 1002 1769 1074 scripta
1805 1001 2057 1059 omnibus
2099 1001 2213 1073 epi-

1317 1091 1343 1132 s
1410 1091 1513 1146 pts.

1410 1091 1513 1147 pts.

693 1174 976 1232 Credimus
1004 1181 1252 1230 sanctam
1283 1171 1447 1228 tidem
1475 1178 1715 1227 vestram
1738 1168 1795 1226 in
1840 1167 2212 1242 apostolorum

620 1268 926 1324 eruditione
951 1267 1254 1334 fundatam,
1287 1267 1426 1322 hanc
1474 1274 1661 1322 tenere
1688 1273 1745 1321 et
1772 1265 1916 1321 hanc
1943 1263 2213 1320 universis

615 1358 832 1430 populis
879 1374 1170 1432 exponere,
1221 1358 1312 1428 qui
1358 1356 1609 1413 videlicet
1652 1372 1686 1413 a
1729 1356 2042 1414 constitutis
2084 1369 2214 1425 apo-

617 1449 886 1507 stolorum
918 1466 1218 1523 eorumque
1254 1465 1631 1508 successorum
1674 1449 1820 1506 nulla
1849 1450 2059 1505 ratione
2105 1449 2214 1506 dis-

616 1544 881 1610 sentiunt,
908 1547 1167 1616 per'quos
1203 1543 1410 1613 justum
1438 1551 1523 1600 est
1547 1551 1776 1600 caeteros
1807 1543 2030 1599 erudiri.
2070 1541 2214 1610 Qua-

614 1646 840 1708 propter
883 1636 1214 1709 cognoscite,
1253 1653 1286 1693 a
1335 1637 1493 1695 nobis
1533 1644 1590 1692 et
1615 1637 1828 1693 cunctis
1857 1635 2126 1707 episcopis
2157 1635 2212 1690 in

615 1728 762 1786 hanc
801 1731 1153 1802 apostolicam
1196 1733 1380 1788 sedem
1427 1732 1772 1804 congregatis
1811 1738 2076 1787 statutum
2103 1736 2212 1796 est,

615 1828 679 1876 ut
700 1828 908 1894 septem
947 1823 1319 1902 hebdomadas
1341 1823 1532 1895 plenas
1558 1830 1685 1879 ante
1714 1830 1965 1879 sanctum
1999 1821 2212 1877 Pascha
2239 1843 2289 1907 Β

616 1928 810 1969 omnes
864 1913 1046 1970 clerici
1093 1915 1149 1970 in
1207 1923 1353 1970 sorte
1407 1914 1623 1969 Domini
1672 1914 1850 1969 vocati
1879 1931 1911 1969 a
1936 1929 2100 1970 carne
2128 1913 2213 1984 je-

607 1999 820 2074 junent.
872 2004 1009 2075 Quia
1057 2007 1199 2062 sicut
1245 2007 1479 2062 discreta
1509 2006 1688 2076 {debet
1729 2021 1850 2062 esse
1889 2006 2004 2063 vita
2055 2007 2214 2063 cleri-

578 2113 801 2180 corum
829 2114 863 2154 a
891 2098 1158 2155 laicorum
1201 2099 1635 2167 conversatione,
1687 2100 1761 2154 ita
1806 2108 1862 2156 et
1906 2099 1960 2154 in
2006 2099 2212 2170 jejunio

613 2191 774 2247 debet
804 2191 924 2248 ﬁeri
950 2192 1231 2260 discretio,
1265 2201 1332 2248 .et
1355 2193 1497 2248 sicut
1527 2191 1655 2247 laici
1703 2198 1757 2247 et
1801 2191 2088 2247 saeculares
2116 2193 2215 2248 ho-

609 2284 789 2340 mines
833 2284 1024 2342 nolunt
1053 2301 1149 2342 eos
1175 2286 1423 2356 recipere
1468 2286 1525 2340 in
1563 2285 2036 2356 impulsationibus
2075 2287 2208 2354 suis,

613 2377 875 2449 quoniam
916 2378 973 2432 in
1001 2378 1255 2434 omnibus
1285 2379 1523 2434 discreta
1551 2377 1714 2434 debet
1759 2394 1974 2449 semper
2014 2394 2136 2435 esse
2159 2387 2216 2436 et

611 2478 900 2542 segregata
947 2470 1058 2525 vita
1109 2477 1165 2526 et
1213 2470 1555 2526 conversatio
1603 2468 1929 2525 clericorum
1972 2486 2003 2525 a
2040 2486 2211 2526 saecu-

611 2560 811 2618 larium
835 2561 1102 2618 laicorum
1126 2578 1142 2630 ;
1170 2570 1227 2617 et
1250 2562 1394 2618 sicut
1433 2561 1491 2618 hi
1535 2559 1764 2633 amplius
1809 2569 1935 2618 sunt
1961 2561 2214 2633 applicati

611 2653 812 2711 diVinis
842 2654 1074 2712 cultibus
1096 2663 1152 2710 et
1190 2653 1490 2710 familiares
1512 2654 1767 2709 dicuntur
1785 2653 2000 2710 Domini
2030 2655 2216 2711 Salva-

610 2745 774 2812 toris,
802 2745 879 2800 ita
905 2744 1150 2801 moribus
1174 2751 1228 2800 et
1271 2744 1682 2801 conversatione
1713 2751 1879 2816 atque
1923 2745 2217 2802 sanctitate

611 2835 811 2891 debent
848 2849 969 2894 esse
998 2835 1261 2892 distincti.
1293 2833 1403 2891 Has
1431 2850 1560 2906 ergo
1599 2842 1810 2906 septem
1837 2833 2214 2891 hebdomadas

611 2942 805 2984 omnes
833 2928 1020 2985 clerici
1041 2944 1074 2984 a
1101 2945 1266 2986 carne
1294 2940 1352 2985 et
1375 2930 1584 2987 deliciis
1606 2930 1870 3002 iejunent,
1900 2937 1955 2985 et
1973 2930 2211 3002 hymnis,

613 3029 671 3078 et
701 3021 923 3093 vigiliis,
976 3031 1143 3094 atque
1173 3024 1512 3082 orationibus
1560 3024 1792 3081 Domino
1835 3023 2102 3081 inhaerere
2129 3021 2217 3079 die

615 3122 889 3189 noctuque
927 3116 1201 3174 studeant.

1324 3187 1514 3244 XXIX.

613 3279 693 3338 De
711 3288 938 3355 tempore
963 3281 1173 3355 missae,
1192 3290 1240 3336 et
1269 3281 1408 3355 quod
1451 3281 1730 3353 Angelicus
1759 3284 1982 3354 hymnus
2023 3281 2209 3338 dicen-

857 3353 958 3410 dus
986 3362 1063 3409 est
1093 3351 1421 3408 solummodo
1447 3351 1677 3424 tempore
1703 3351 1957 3426 congruo.

1118 3444 1223 3520 (Ex
1253 3445 1444 3503 eadem
1472 3445 1745 3518 epistola.)

686 3540 859 3600 Nocte
905 3553 1038 3599 vero
1081 3550 1272 3597 sancta
1325 3538 1626 3596 nativitatis
1667 3539 1880 3595 Domini
1926 3538 2216 3596 salvatoris

613 3635 815 3691 missas
855 3632 1138 3689 celebrent
1161 3640 1218 3688 et
1246 3634 1510 3704 hymnum
1554 3631 1870 3705 Angelicum
1898 3632 1954 3687 in
1999 3633 2079 3689 eis
2122 3647 2212 3688 so-

613 3725 870 3782 lemniter
917 3724 1247 3780 decantent:
1297 3723 1555 3794 quoniam
1587 3722 1778 3779 eadem
1812 3732 1972 3778 nocte
2015 3724 2083 3779 ab
2113 3739 2213 3778 an-

614 3817 736 3891 gelo
758 3816 1067 3890 pastoribus
1103 3823 1190 3873 est
1223 3815 1526 3884 nuntiatus,
1565 3814 1706 3872 sicut
1741 3814 1860 3886 ipsa
1904 3815 2105 3871 veritas
2131 3822 2215 3870 te-

617 3917 798 3967 statur
826 3911 1014 3968 dicens
1039 3929 1053 3966 :
1083 3909 1334 3966 Pastores
1376 3917 1525 3964 erant
1551 3907 1608 3964 in
1637 3908 1847 3980 regione
1871 3908 2055 3963 eadem
2092 3907 2218 3980 vigi-

616 4003 811 4073 lantes,
856 4014 906 4063 et
948 4005 1295 4062 custodientes
1340 4003 1548 4076 vigilias
1597 4003 1765 4058 noctis
1800 4020 1961 4075 supra
2009 4019 2216 4074 gregem

616 4115 795 4165 suum,
843 4107 892 4154 et
934 4115 1052 4154 ecce
1095 4097 1311 4170 angelus
1354 4097 1570 4152 Domini
1601 4097 1741 4151 stetit
1779 4096 1942 4167 juxta
1971 4095 2116 4163 illos,
2166 4103 2218 4151 et

616 4191 907 4247 timuerunt
930 4191 1116 4246 timore
1136 4203 1362 4260 magno;
1392 4195 1442 4243 et
1462 4187 1598 4243 dixit
1624 4186 1731 4242 illis
1752 4187 2004 4258 angelus:
2036 4185 2218 4243 Nolite

616 4283 822 4350 timere,
853 4298 968 4338 ecce
997 4282 1136 4337 enim
1155 4277 1454 4351 evangelizo
1480 4279 1626 4334 vobis
1663 4279 1917 4350 gaudium
1943 4293 2213 4350 magnum,

616 4373 757 4447 quod
795 4373 896 4428 erit
942 4373 1086 4429 omni
1124 4369 1337 4443 papula.
1376 4367 1518 4437 Quia
1559 4377 1716 4425 natus
1763 4379 1838 4425 est
1884 4369 2024 4425 vobis
2062 4369 2219 4424 hodie

620 4463 877 4531 salvator,
905 4464 996 4536 qui
1019 4471 1096 4520 est
1119 4461 1360 4518 Christus
1386 4459 1667 4528 Dominus,
1703 4460 1758 4516 in
1780 4461 1988 4515 civitate
2007 4458 2179 4516 David
2191 4475 2213 4526 ;

619 4566 670 4613 et
696 4557 795 4612 hoc
821 4555 963 4612 vobis
1005 4557 1212 4627 signum
1231 4568 1251 4607 :
1283 4554 1562 4608 invenietis
1599 4552 1874 4623 infantem,
1905 4553 2094 4624 pannis
2130 4550 2214 4606 in-

619 4647 878 4715 volutum,
910 4656 959 4703 et
991 4648 1216 4719 positum
1246 4646 1302 4700 in
1345 4645 1620 4717 prwsepio.
1653 4643 1724 4698 Et
1763 4644 1935 4700 subito
1965 4645 2108 4714 facta
2138 4654 2215 4701 est

621 4756 745 4796 cum
787 4737 972 4812 angelo
1021 4737 1304 4792 multitudo
1350 4736 1553 4792 militia:
1599 4734 1834 4800 ccelestis,
1883 4735 2216 4790 laudantium

621 4831 818 4900 Deum,
842 4841 895 4887 et
941 4830 1226 4886 dicentium
1249 4843 1268 4882 :
1316 4827 1500 4884 Gloria
1539 4829 1596 4884 in
1631 4827 1900 4883 altissimis
1942 4827 2054 4883 Deo
2085 4837 2136 4884 et
2161 4829 2218 4884 in

621 4936 770 4983 terra
789 4943 897 4999 pax
909 4925 1206 4983 hominibus
1229 4926 1376 4982 bonae
1387 4925 1671 4980 voluntatis
1701 4923 1854 4997 (Luc.
1883 4940 1946 4990 ιι,
1973 4924 2007 4980 8
2026 4922 2212 4997 seqq.).

629 5019 878 5091 Reliquis
906 5028 1090 5077 autem
1119 5019 1452 5090 temporibus
1491 5017 1783 5074 missarum
1821 5016 2216 5073 celebrationes

625 5120 760 5170 ante
786 5113 980 5170 horam
1025 5113 1134 5170 diei
1163 5112 1383 5168 tertiam
1422 5111 1649 5168 minime
1686 5117 1814 5166 sunt
1853 5107 2215 5175 celebrandae,

625 5204 757 5279 quia
799 5205 992 5262 eadem
1033 5205 1172 5261 hora
1219 5211 1275 5259 et
1301 5202 1562 5258 Dominus
1595 5200 1908 5266 cruciﬁxus,
1952 5209 2008 5255 et
2057 5213 2221 5272 super

629 5299 908 5372 apostolos
945 5297 1185 5372 Spiritus
1225 5306 1448 5355 sanctus
1491 5295 1838 5353 descendisse
1881 5293 2098 5368 legitur.
2137 5289 2222 5348 Ab

629 5395 900 5473 episcopis
941 5403 1123 5450 autem
1163 5393 1308 5450 idem
1336 5389 1626 5462 Angelicus
1670 5391 1906 5462 hymnus
1946 5403 2046 5460 pro
2087 5394 2225 5443 tem-

630 5502 786 5560 pore,
801 5495 858 5546 et
885 5487 942 5544 in
966 5487 1088 5546 loco
1110 5486 1166 5543 in
1187 5486 1472 5542 missarum
1495 5482 1774 5543 solemniis
1788 5481 2098 5540 recitandus
2116 5485 2219 5537 est.

1326 5579 1498 5635 XXX.

604 5743 614 5751 η
698 5673 786 5737 Na
810 5676 998 5736 absens
1025 5682 1324 5741 accusetur,
1351 5681 1401 5728 et
1429 5673 1518 5746 qui
1541 5687 1792 5728 accusare
1827 5687 1929 5726 non
1954 5667 2174 5740 possint.

598 5798 617 5839 ν
1119 5768 1225 5841 (Ex
1247 5767 1439 5824 eadem
1467 5763 1740 5836 epistola.)

718 5863 1080 5924 Accusatores
1099 5876 1232 5921 vero
1252 5869 1305 5920 et
1325 5858 1698 5918 accusationes
1719 5872 1855 5929 quas
1877 5853 2020 5928 leges
2043 5850 2225 5914 saeculi
2248 5842 2267 5866 ⁸

2315 557 2445 614 nino
2471 572 2579 612 non
2601 554 2752 612 credi
2791 552 3132 611 decernimus
3149 593 3164 620 ,
3209 553 3299 608 oui
3329 553 3520 611 absente
3540 558 3746 624 adversario

2315 664 2534 706 causam
2564 646 2895 719 suggesserit
2925 653 3048 702 ante
3068 645 3341 717 utriusque
3366 648 3512 717 partis
3521 648 3747 718 justamdis-

2315 743 2660 812 cussivonem;
2702 757 2804 797 nec
2825 740 2884 797 hi
2905 741 2997 813 qui
3021 754 3131 796 non
3159 747 3281 795 sunt
3317 739 3477 796 idonei
3501 744 3747 816 suscipiantur

2314 835 2383 890 ad
2407 833 2848 899 accusationem;
2876 839 2933 888 et
2970 847 3160 888 omnes
3184 831 3273 902 qui
3297 832 3524 889 adversus
3549 835 3682 893 Patres
3698 854 3747 895 ar-

2314 937 2553 994 mantur,
2586 926 2818 983 infames
2841 941 2964 983 esse
2991 941 3291 983 censemus.
3311 924 3480 981 Patres
3502 927 3615 982 enim
3634 944 3746 986 omnes

2312 1019 2608 1075 venerandi
2634 1027 2782 1087 sunt,
2811 1033 2918 1074 non
2943 1017 3232 1089 respuendi
3257 1031 3320 1072 ac
3340 1015 3596 1071 insidiandi.
3613 1016 3746 1074 llivero

2315 1111 2408 1184 qui
2436 1127 2562 1169 cum
2588 1113 2828 1168 inimicis
2855 1119 3154 1176 morantur,
3186 1120 3276 1166 aut
3301 1109 3387 1180 qui
3411 1111 3601 1180 suspecti
3625 1112 3747 1166 baben-

2315 1211 2424 1274 tur,
2447 1206 2673 1263 minime
2697 1206 3051 1278 recipiantur,
3085 1204 3212 1274 quia
3237 1218 3411 1259 eorum
3435 1202 3642 1257 aemulatio
3667 1203 3747 1258 lace-

2314 1306 2402 1354 rat
2424 1299 2589 1354 etiam
2615 1299 2951 1356 innocentes.
2981 1297 3137 1352 Hunc
3161 1310 3367 1351 murum
3388 1293 3672 1349 ﬁrmissimum
3689 1304 3748 1349 sta-

2314 1397 2536 1446 tuerunt
2564 1390 2756 1446 Patres
2785 1389 2988 1456 nostri,
3017 1396 3073 1443 et
3111 1403 3211 1444 nos
3232 1402 3350 1442 cum
3377 1386 3447 1441 eis
3471 1393 3619 1441 contra
3635 1401 3746 1454 perse-

2315 1492 2532 1540 cutores
2557 1494 2789 1540 vestros.
2819 1483 2935 1539 Hoc
2965 1482 3207 1537 remedio
3256 1494 3429 1536 eorum
3466 1477 3666 1547 pellantur
3681 1494 3748 1532 nt.

2316 1577 2684 1642 chinamenta,
2715 1582 2773 1630 et
2797 1591 2895 1631 vos
2921 1574 3224 1630 sanctiores
3245 1579 3299 1630 et
3320 1570 3579 1629 securiores
3594 1568 3748 1625 famulari

2315 1670 2634 1728 mereamini
2662 1676 2844 1726 vestro
2869 1667 3159 1724 Salvatori.

3009 1781 3207 1839 XXXI.

2316 1877 2396 1935 De
2415 1860 2857 1950 ‘metropolitanis,
2888 1884 2946 1929 ut
2979 1873 3156 1950 nullus
3180 1871 3366 1941 absque
3384 1867 3748 1950 comprovincialium

2385 1940 2745 2021 episcoporum
2783 1940 3041 2002 instantia
3067 1940 3360 2014 aliquorum
3381 1940 3537 1994 audiat
3558 1955 3696 1993 carm.

2317 2043 2431 2116 (Ex
2477 2042 2706 2116 epistola
2749 2039 2908 2116 Ygini
2936 2052 3091 2116 papae
3114 2034 3341 2116 (cunctis
3365 2031 3618 2116 apostolica
3642 2030 3749 2084 lidett

2671 2103 2917 2168 doctrina
2938 2103 3250 2180 vigentibus
3277 2103 3504 2174 scripta.)

2385 2231 2679 2295 Caeterum,
2719 2229 2952 2290 fratres,
2983 2223 3128 2280 salvo
3165 2224 3222 2278 in
3252 2219 3469 2275 omnibus
3491 2216 3674 2270 Romana
3690 2211 3748 2266 Ec-

2317 2319 2489 2376 clesiae
2510 2318 2804 2391 privilegio,
2832 2316 3011 2372 nullus
3041 2312 3474 2384 metropolitanus
3497 2307 3646 2376 absque
3663 2313 3750 2358 catt-

2315 2427 2502 2468 rorum
2539 2411 2785 2467 omnium
2833 2405 3367 2479 comprovincialium
3401 2402 3686 2474 episcOporum
3707 2395 3750 2449 in-

2316 2508 2518 2564 stantia
2547 2507 2852 2578 aliquorum
2894 2505 3080 2562 audiat
3125 2519 3344 2568 causas;
3373 2497 3484 2571 quia
3518 2496 3640 2552 irrita
3661 2496 3750 2547 enim

2316 2601 2474 2657 aliter
2514 2609 2649 2656 actae
2682 2614 2844 2670 quam
2873 2599 2928 2653 in
2957 2603 3253 2668 conspectu
3279 2609 3453 2651 eorum
3490 2589 3665 2645 omnium
3680 2596 3750 2635 ten-

2317 2695 2504 2764 tilataz,
2528 2702 2584 2752 et
2604 2695 2718 2768 ipse
2747 2693 2795 2751 si
2816 2692 3029 2759 fecerit,
3063 2697 3430 2746 coerceatur-a
3449 2681 3659 2739 fratribus.

3005 2805 3226 2862 XXXII.

2711 2901 2828 2969 Quo
2857 2901 2942 2955 die
2969 2897 3182 2953 Pascha
3213 2895 3492 2951 celebretur.

2319 2996 2422 3070 (Ex
2449 2995 2678 3072 epistola
2707 2994 2789 3072 Pii
2816 3010 2971 3066 papa:
2993 2993 3198 3072 scripta
3223 2990 3459 3072 omnibus
3483 2980 3626 3072 in‘ftde
3650 2970 3749 3031 cllo-

2652 3054 2835 3123 ctrina
2851 3054 3153 3136 apostolica
3185 3054 3544 3126 manentibus.)

2387 3160 2658 3217 Caeterum
2686 3172 2849 3214 nosse
2874 3132 2974 3214 vos
3003 3154 3275 3217 volumus,
3301 3148 3432 3222 quod
3451 3143 3613 3202 Pascha
3627 3132 3750 3195 Domini

2240 3227 2285 3293 Ο
2317 3254 2405 3312 die
2449 3253 2733 3310 Dominico
2780 3249 2978 3307 annuis
3022 3230 3357 3320 temporibus
3393 3241 3456 3297 sit
3484 3230 3748 3320 celebrandas.

2314 3351 2438 3409 Istis
2468 3364 2600 3420 ergo
2632 3346 2972 3419 temporibus
3001 3343 3235 3400 Hermes
3273 3339 3450 3394 doctor
3477 3330 3577 3387 ﬁdei
3607 3334 3654 3420 et

2313 3410 2602 3515 pturarum
2630 3410 2783 3496 fulsit
2803 3439 2950 3494 inter
2977 3451 3098 3493 nos.
3139 3435 3210 3490 Et
3235 3432 3358 3488 licet
3391 3441 3482 3483 nos
3506 3423 3612 3515 idem

2315 3504 2577 3607 praedicta
2611 3533 2698 3589 die
2727 3531 3162 3595 celebraremus,
3199 3535 3255 3582 et
3293 3521 3491 3596 quidam
3522 3504 3751 3607 inde

2316 3592 2441 3682 rent
2471 3625 2540 3680 ad
2569 3621 3000 3680 corroborandas
3030 3627 3216 3675 tamen
3256 3615 3453 3670 animas
3488 3616 3630 3662 eorum
3655 3592 3750 3689 είὰξξα

2317 3714 2561 3771 Hermeti
2590 3713 2814 3786 angelus
2839 3710 3056 3767 Domini
3083 3709 3140 3764 in
3161 3705 3346 3764 habitu
3365 3695 3570 3788 Pastoris
3587 3686 3748 3788 attigi}:

2316 3815 2374 3863 et
2395 3773 2750 3877 prmcepitvei
2793 3811 2854 3858 ut
2898 3801 3111 3858 Pascha
3141 3799 3229 3855 die
3259 3791 3504 3854 dominico
3528 3785 3581 3840 ab
3604 3773 3750 3877 omni???

2319 3862 2689 3955 celebraretur
2734 3905 2979 3966 tempore
3020 3908 3140 3948 suo.
3193 3888 3342 3948 Unde
3379 3892 3430 3940 et
3461 3894 3540 3938 vos

2319 3991 2645 4048 auctoritate
2665 3987 3006 4053 instruimus,
3025 3996 3220 4041 omnes
3240 3979 3422 4037 eadem
3441 3978 3611 4029 servare
3625 3956 3749 4053 debettt

2319 4089 2447 4160 quia
2479 4095 2535 4142 et
2562 4101 2663 4142 nos
2691 4083 2879 4140 eadem
2927 4051 3233 4138 servamus.
3262 4073 3368 4133 Nec
3405 4061 3577 4128 debetis
3605 4070 3627 4112 ι
3653 4051 3750 4119 ait"

2320 4191 2538 4252 quoquo
2556 4175 2719 4234 modo
2739 4173 3029 4233 dissidere.

2994 4283 3238 4342 XXXIII.

2323 4389 2407 4448 Ne
2442 4387 2647 4463 praedia
2679 4378 3274 4525 θεοιεδίαειίσὲιρριῖξῖἷῗξε
3312 4371 3450 4430 tollat
3479 4373 3521 4423 et
3550 4345 3748 4418 ηὸειιιῧυ

2347 4553 2452 4628 (Ex
2477 4551 2706 4626 epistola
2733 4548 2888 4620 cujus
2913 4505 3084 4618 supr;
3114 4505 3311 4599 Italicis
3337 4531 3560 4628 fratribus
3579 4505 3732 4628 sctit-lii

2391 4643 2477 4700 Ad
2503 4617 2689 4699 sedem
2718 4617 2902 4696 autem
2943 4617 3296 4708 apostolicam
3322 4625 3552 4700 perlatum
3581 4617 3652 4670 est.

2324 4736 2433 4793 sint
2461 4736 2602 4791 inter
2630 4749 2730 4790 vos
2757 4731 3156 4797 contentiones,
3183 4736 3239 4783 et
3264 4715 3599 4779 aemulationes,
3622 4701 3749 4797 Cll)":

2325 4828 2414 4883 dia
2439 4826 2637 4882 divinis
2659 4825 2847 4880 usibus
2875 4822 3092 4884 tradita,
3126 4782 3339 4889 quidam
3359 4799 3572 4866 humanis
3587 4782 3747 4889 εξΡΡΙίξῗξξ

2324 4922 2538 4988 usibus,
2565 4927 2622 4976 et
2647 4919 2876 4975 Domino
2896 4916 3009 4972 Deo
3027 4912 3116 4970 cui
3139 4910 3330 4967 tradita
3349 4873 3748 5006 sunt

2327 4961 2538 4988 ..σηηηη
2566 4961 2622 4976 ν,
2647 4961 2874 4975 ww“
2896 4961 3005 4972 ,η
3031 4961 3116 4970 ___
3140 4961 3292 4967 '____7
3324 4961 3328 4962 ν
3685 4963 3694 4973 ⁸

2324 5021 2387 5070 ut
2425 5013 2538 5070 suis
2580 5011 2770 5068 usibus
2816 5006 3140 5065 inserviant.
3172 5000 3485 5101 Quapropter
3601 4961 3748 5101 (illum:

2327 5067 2885 5175 illiususurpationis
2939 5067 3263 5154 contumelia
3289 5067 3578 5175 depellendit
3608 5067 3748 5175 est:

2326 5197 2530 5268 praedia
2560 5154 2678 5251 sibir
2698 5199 3035 5250 secretorum
3075 5154 3748 5285 caelestium.

2325 5249 2558 5347 busdam
2583 5284 2917 5342 irruentibus
2941 5287 3224 5338 vexentur.
3249 5269 3394 5376 Quod
3417 5265 3458 5321 si

2324 5381 2516 5456 pserit,
2548 5378 2842 5450 sacrilegus
2869 5375 3156 5438 habeatur,
3198 5375 3252 5424 et
3280 5343 3746 5468 sicut

2327 5429 2516 5537 lc’etur.’
2530 5475 2684 5548 Ipsos
2707 5429 2887 5528 autem
2910 5469 3005 5541 qui
3025 5468 3128 5523 hoc
3152 5467 3314 5534 agunt
3335 5449 3552 5557 clericos,
3567 5429 3750 5557 Ἐξευῗὶ

2327 5570 2640 5630 sacerdotes
2665 5566 2921 5639 persequi
2947 5575 3150 5632 eosque
3179 5554 3428 5650 infamare
3454 5535 3749 5659 magna“;

2328 5666 2536 5723 malum
2561 5624 2724 5733 super
2745 5658 2950 5716 malum
2978 5655 3235 5712 addentes
3264 5624 3750 5753 deteriori

2296 5744 2299 5746 ’
2329 5711 2716 5854 tanta;
2743 5711 3166 5854 assumes:
3184 5739 3290 5854 ‘33}.
3305 5711 3748 5854 ίίξῆἳξξῗθὲξὲἳὲ

2333 5820 2574 5908 sistatet
2596 5820 2809 5905 crescat
2831 5843 2887 5903 in
2912 5835 3174 5913 templum
3200 5828 3312 5893 Dei.
3331 5826 3390 5886 Et
3418 5820 3534 5878 sicut
3555 5820 3621 5882 ‘1‘"
