4000 6486
286 427 426 490 “0'3

282 650 341 701 et
365 637 591 703 invadit,
624 635 686 690 ﬁt
715 629 1030 700 sacrilegus,
1082 624 1161 681 sic
1190 631 1246 680 et
1290 621 1381 676 ille
1414 619 1507 690 qui
1537 615 1655 685 ejus
1683 628 1864 671 sacer-

279 731 442 792 dotes
465 724 788 799 insequitur,
814 716 1086 791 sacrilegii
1105 729 1235 774 reus
1256 710 1461 778 existit,
1488 716 1546 766 et
1568 705 1864 774 sacrilegus

278 820 572 898 Iudicatur.

949 901 1189 960 XXXIV.

285 1005 441 1077 Quod
477 1019 582 1060 non
608 1002 677 1059 sit
711 998 1228 1140 graviuscfielgggtgtm
1269 991 1550 1069 fornicatio
1576 1006 1735 1064 quam
1777 1005 1868 1045 sa-

746 1165 867 1240 (Ex
892 1164 1082 1220 eadem
1108 1160 1355 1253 epistola.
1382 1159 1402 1229 )

351 1282 470 1339 Non
497 1295 626 1353 ergo
651 1279 872 1354 gravius
909 1285 1198 1350 peccatum
1235 1282 1320 1331 est
1350 1270 1658 1338 fornicatio,
1700 1283 1865 1340 quam

280 1376 662 1447 sacrilegium:
702 1383 758 1430 et
785 1375 926 1431 sicut
967 1370 1144 1442 majus
1179 1378 1264 1427 est
1303 1377 1590 1441 peccatum
1627 1366 1771 1438 quod
1808 1365 1866 1421 in

280 1466 452 1523 Deum
479 1466 840 1522 committitur
861 1481 1026 1536 quam
1048 1465 1192 1535 quod
1232 1462 1289 1518 in
1315 1460 1614 1527 hominem,
1645 1458 1725 1514 sic
1746 1471 1867 1529 gra-

279 1562 400 1618 vius
423 1552 770 1634 sacrilegium
799 1574 980 1634 agere,
1007 1572 1174 1630 quam
1198 1553 1476 1611 fornicari.

969 1671 1186 1727 XXXV.

278 1764 435 1836 Quod
462 1765 597 1822 nulli
642 1763 1018 1843 arcbiepiscopi
1047 1764 1607 1843 primateshvocentur,
1645 1756 1748 1811 nisi
1783 1753 1865 1809 illi

667 1839 755 1910 qui
782 1837 980 1908 prima:
1005 1842 1179 1888 tenent
1209 1837 1460 1885 civitates.
1562 1883 1575 1896 ,

279 1927 382 2002 (Ex
400 1927 636 2002 epistola
665 1895 872 2002 Antiitii
905 1922 1090 2002 [Forte
1119 1919 1355 2002 Aniceti]
1383 1933 1554 2002 papae,
1594 1918 1864 2002 universis
1891 1895 1940 1957 Β

305 1989 548 2055 ecclesiis
578 2013 675 2070 per
697 1996 884 2051 Galliae
905 1989 1217 2066 provincias
1246 1989 1556 2046 constitutis
1591 1989 1839 2062 scripta.)

347 2090 491 2145 Nulli
519 2087 911 2159 archiepiscopi
950 2085 1211 2156 primates
1233 2090 1514 2149 vocentur,
1542 2081 1649 2137 nisi
1674 2080 1752 2136 illi
1772 2081 1866 2150 qui

275 2183 482 2255 primas
508 2189 692 2237 tenent
720 2181 1004 2246 civitates,
1037 2193 1264 2249 quarum
1309 2177 1590 2247 episcopos
1638 2174 1868 2245 apostoli

278 2282 333 2329 et
353 2287 697 2329 successores
726 2286 915 2327 eorum
939 2270 1266 2342 regulariter
1286 2268 1629 2340 patriarchas
1652 2267 1735 2322 vel
1754 2266 1870 2337 pri-

277 2373 453 2421 mates
485 2380 608 2421 esse
639 2365 1060 2436 constituerunt.
1091 2361 1207 2418 Nisi
1236 2361 1417 2434 aliqua
1448 2377 1582 2433 gens
1611 2361 1868 2432 deinceps

278 2456 346 2511 ad
374 2455 535 2510 ﬁdem
562 2462 935 2521 convertatur,
966 2453 1054 2510 cui
1081 2468 1306 2527 necesse
1339 2453 1410 2510 sit
1435 2460 1654 2524 propter
1679 2452 1864 2508 multi-

277 2547 525 2603 tudinem
575 2548 955 2619 episcoporum
1004 2547 1264 2618 primates
1321 2545 1599 2602 constitui.
1651 2544 1867 2617 Reliqui

277 2654 408 2695 vero
431 2640 524 2710 qui
550 2640 684 2695 alias
720 2639 1166 2710 metropolitanas
1193 2638 1350 2694 sedes
1374 2639 1551 2710 adepti
1579 2645 1724 2706 sunt,
1757 2651 1867 2694 non

276 2733 559 2805 primates,
587 2735 684 2790 sed
708 2732 1114 2802 metropolitani
1140 2720 1512 2788 nominantur.

952 2824 1195 2881 XXXVI.

599 2915 682 2972 De
711 2917 1132 2972 ordinationibus
1161 2905 1541 2987 episcoporum.

554 3005 665 3081 (Ex
695 3007 884 3063 eadem
916 3007 1166 3078 epistola,
1207 3005 1362 3074 cujus
1391 3004 1600 3078 supra.)

351 3101 431 3156 De
471 3099 904 3156 ordinationibus
931 3101 1310 3170 episcoporum
1357 3112 1520 3169 super
1546 3098 1741 3170 quibus
1767 3114 1869 3158 nos

277 3192 561 3251 consulere
590 3192 858 3259 voluistis,
887 3192 1017 3247 olim
1053 3192 1107 3246 in
1146 3192 1340 3262 spiritu
1377 3191 1723 3263 przecessoris
1762 3207 1863 3249 no-

1395 405 1713 467 CANONNS
1749 400 1888 462 PRO
1928 401 2063 461 SUA
2099 399 2419 460 DIG'JCESI.

283 537 547 603 siamDei
571 541 751 594 vastat
773 526 996 605 ejusque
1023 528 1226 601 praedia
1259 532 1316 582 et
1349 521 1571 580 donaria
1600 517 1868 591 exspoliat
1891 521 1946 582 Α

3405 394 3554 459 1100

2628 513 2890 572 XXXVII.

1966 606 2120 674 Quod
2165 616 2388 664 sacratae
2406 606 2518 663 Deo
2539 608 2765 678 feminae,
2799 605 2875 661 vel
2914 605 3208 672 monachae,
3246 619 3402 678 sacra
3425 622 3552 662 vasa

2036 678 2115 750 vel
2141 690 2378 734 sacratas
2408 677 2578 750 pallas
2614 678 2932 750 contingere,
2968 685 3018 733 et
3042 678 3312 732 incensum
3351 677 3550 732 circum

2034 748 2230 804 altaria
2253 748 2458 821 deferre
2487 765 2593 804 non
2623 749 2864 804 debeant.
3221 785 3223 788 ‹

1964 863 2068 940 (Ex
2095 862 2324 935 epistola
2350 863 2564 944 _S_oteris
2591 876 2746 944 papae
2782 861 2990 944 scripta
3012 859 3286 944 episcopis
3316 874 3419 933 per
3442 860 3552 919 Ita-

2350 935 2438 990 liae
2462 931 2772 1006 provincias
2797 931 3154 1007 constitutis.)

2033 1049 2291 1106 Sacratas
2312 1048 2426 1105 Deo
2452 1047 2701 1114 feminas,
2739 1045 2828 1102 vel
2865 1047 3185 1114 monachas,
3216 1062 3373 1104 sacra
3397 1060 3553 1118 vasa,

1964 1140 2049 1198 vel
2064 1147 2307 1198 sacratas
2324 1140 2520 1212 pallas,
2544 1153 2713 1212 penes
2724 1153 2823 1195 vos
2836 1138 3175 1210 contingere,
3195 1149 3252 1196 et
3272 1140 3556 1198 incensum

1964 1233 2113 1290 circa
2142 1233 2336 1288 altaria
2381 1230 2594 1288 deferre
2615 1272 2629 1299 ,
2673 1229 2944 1302 perlatum
2985 1238 3071 1288 est
3100 1231 3169 1286 ad
3199 1232 3555 1302 apostolicam

1967 1325 2190 1382 sedem:
2220 1340 2342 1396 quae
2365 1325 2548 1380 omnia
2586 1322 3011 1394 reprehensione
3056 1330 3113 1378 et
3155 1323 3558 1394 vituperatione

1965 1419 2124 1489 plena
2148 1432 2290 1485 esse,
2327 1416 2460 1474 nulli
2482 1423 2634 1473 recta
2658 1414 2988 1488 sapientium
3021 1413 3244 1470 dubium
3271 1423 3375 1472 est.
3413 1414 3558 1482 Qua-

1965 1521 2190 1586 propter
2215 1512 2374 1583 hujus
2418 1521 2621 1570 sanctae
2666 1512 2824 1569 sedis'
2840 1510 3167 1568 auctoritate
3211 1511 3328 1567 haec
3370 1512 3557 1567 omnia
3664 1516 3670 1524 '

1965 1608 2120 1664 vobis
2147 1621 2398 1664 resecare
2420 1606 2686 1674 funditus,
2716 1612 2920 1677 quanto
2954 1604 3113 1662 citius
3135 1604 3408 1677 poteritis,
3435 1618 3561 1660 cen-

1968 1715 2188 1766 semus;
2227 1708 2284 1757 et
2306 1715 2376 1756 ne
2405 1701 2573 1771 pestis
2600 1701 2719 1756 haec
2745 1699 2911 1756 latius
2941 1699 3270 1770 divulgetur,
3309 1712 3409 1771 per
3441 1713 3558 1755 om-

1968 1807 2066 1847 nes
2093 1790 2402 1862 provincias
2430 1791 2669 1863 abstergi
2695 1790 2998 1846 diutissime
3021 1789 3359 1846 mandamus.

2615 1901 2904 1960 XXXVIII.

1971 1995 2126 2062 Quod
2161 1995 2450 2067 baptismus
2474 2003 2704 2067 tempore
2738 1993 2962 2067 Pascha:
3003 1994 3345 2050 celebrandas
3381 1994 3449 2050 sit
3473 2010 3562 2050 ca-

2232 2064 2236 2077 ⁵
2581 2064 2587 2066 ⁷
2649 2064 2857 2120 tholicis

1972 2176 2094 2250 (Ex
2133 2176 2362 2251 epistola
2405 2178 2642 2236 Victoris
2662 2191 2828 2322 ἑοῖ)ιὲ
2859 2180 3076 2322 )scripta
3111 2177 3411 2252 TheOphilo
3447 2176 3566 2254 epi-

2662 2265 2844 2322 scopo.
2859 2265 2880 2322 )
3485 2273 3487 2275 ί

2040 2359 2424 2417 Celebritatem
2452 2359 2870 2417 sanctiPaschae
2897 2361 2984 2417 die
3020 2360 3309 2418 Dominica
3345 2359 3433 2433 agi
3468 2361 3568 2419 de-

1967 2454 2131 2526 bere,
2173 2462 2230 2510 et
2273 2455 2706 2526 praadecessores
2734 2454 2910 2511 nostri
2960 2454 3075 2526 jam
3123 2463 3454 2524 statuerunt,
3503 2466 3564 2515 et

1968 2546 2124 2604 vobis
2152 2547 2284 2603 illud
2326 2547 2517 2604 eadem
2539 2547 2627 2606 die
2656 2548 2937 2605 celebrare
2975 2548 3289 2606 solemniter
3313 2550 3561 2615 ,manda-

1969 2655 2111 2708 mus,
2141 2638 2268 2710 quia
2298 2655 2408 2696 non
2437 2640 2591 2696 decet
2615 2647 2676 2696 ut
2705 2639 2951 2696 membra
2977 2655 3010 2695 a
3034 2640 3211 2712 capite
3231 2639 3564 2712 discrepent,

1969 2745 2073 2787 nec
2099 2731 2372 2787 contraria
2387 2738 2596 2804 gerant.
2624 2731 2670 2786 A
2693 2746 2764 2785 xv
2782 2729 2913 2785 Maii
2925 2745 3058 2786 vero
3077 2729 3207 2784 luna
3217 2728 3382 2800 primi
3407 2743 3566 2784 men-

1970 2823 2047 2880 sis
2085 2838 2258 2894 usque
2286 2825 2356 2879 ad
2383 2839 2477 2880 ni
2514 2821 2758 2893 ejusdem
2803 2822 3009 2880 mensis
3060 2822 3236 2888 diem,
3267 2821 3458 2878 eadem
3478 2835 3569 2877 ce-

1970 2911 2213 2969 lebretur
2239 2904 2525 2971 festivitas.
2572 2914 2778 2970 Eodem
2817 2929 2952 2970 vero
2979 2920 3226 2986 tempore
3262 2913 3569 2984 baptismus

1969 3005 2328 3062 celebrandas
2367 3015 2452 3061 est
2491 3006 2795 3063 catholicis.
2855 3006 2964 3064 Sed
2999 3015 3204 3074 tamen,
3263 3007 3311 3062 si
3342 3020 3570 3063 necesse

1970 3097 2156 3165 fuerit,
2211 3092 2526 3155 aut’mortis
2553 3099 2861 3170 periculum
2902 3098 3191 3171 ingruerit,
3225 3097 3454 3171 gentiles
3497 3098 3568 3155 ad

1971 3189 2135 3246 ﬁdem
2161 3190 2444 3247 venientes
2465 3207 2791 3262 quocunque
2808 3192 2950 3259 loco,
2993 3192 3080 3250 vel
3101 3202 3398 3261 momento,
3447 3193 3570 3249 ubi-

276 3285 377 3342 stri
402 3284 648 3340 Anacleti
668 3325 683 3350 ,
729 3283 976 3356 quaedam
1006 3283 1114 3353 jam
1145 3283 1365 3340 decreta
1390 3283 1711 3354 reperimus.
1747 3283 1867 3341 Sci-
1894 3257 1939 3321 Ο
1971 3296 2182 3352 cunque
2207 3282 2480 3349 evenient,
2522 3282 2637 3339 sive
2667 3284 2724 3338 in
2745 3283 2984 3349 ﬂumine,
3014 3277 3128 3339 sive
3172 3285 3228 3340 in
3259 3284 3421 3352 mari,
3452 3285 3569 3341 sive

276 3391 398 3432 mus
419 3378 584 3442 enim,
608 3377 834 3432 beatum
872 3373 1164 3442 Iacobum,
1198 3375 1292 3445 qui
1335 3375 1619 3430 dicebatur
1647 3374 1862 3446 justus,

277 3467 370 3538 qui
398 3468 564 3523 etiam
609 3467 906 3523 secundum
933 3481 1154 3524 carnem
1188 3465 1359 3522 frater
1401 3467 1639 3524 Domini-7
1656 3484 1865 3526 nuncu-

276 3567 438 3628 patus
461 3565 566 3624 est,
598 3573 629 3614 a
656 3557 841 3624 Petro,
881 3557 1106 3625 Jacobo,
1136 3566 1192 3614 et
1215 3556 1420 3616 Joanne
1449 3559 1711 3630 apostolis
1738 3560 1864 3617 Hie-

275 3650 565 3722 rosolymis
589 3650 901 3721 episcopum
929 3665 1050 3706 esse
1074 3650 1409 3707 ordinatum.
1456 3651 1515 3708 Si
1547 3662 1729 3710 autem
1753 3670 1865 3712 non

279 3740 460 3796 minus
486 3755 648 3810 quam
675 3756 707 3795 a
744 3741 918 3796 tribus
959 3741 1238 3812 apostolis,
1272 3749 1454 3799 tantus
1480 3743 1566 3798 vir
1596 3743 1699 3799 fuit
1719 3744 1866 3800 ordi-

278 3840 460 3900 natus,
481 3840 634 3903 patet
653 3835 896 3906 profecto
917 3849 1013 3891 eos
1041 3835 1273 3891 formam
1296 3837 1612 3894 instituente
1632 3837 1864 3896 Domino

279 3925 587 3992 tradidisse,
618 3943 725 3982 non
754 3927 958 3994 minus,
994 3943 1157 3998 quam
1183 3945 1216 3985 a
1244 3928 1419 3986 tribus
1440 3930 1728 4002 episcopis,
1751 3931 1870 4000 epi-

279 4031 505 4088 scopum
530 4018 772 4073 ordinari
811 4019 1027 4074 debere.
1061 4018 1170 4075 Sed
1200 4030 1478 4077 crescente
1500 4036 1728 4077 numero
1747 4022 1865 4092 epi-

280 4125 588 4182 scoporum,
613 4111 720 4168 nisi
749 4113 1046 4168 necessitas
1073 4113 1445 4180 intervenerit,
1478 4115 1678 4172 debent
1699 4116 1865 4172 etiam

1968 3376 2024 3430 in
2051 3374 2313 3441 fontibus,
2369 3382 2582 3430 tantum
2636 3374 2967 3432 Christianae
3005 3375 3349 3433 confessione
3375 3375 3570 3432 credu-

1967 3466 2136 3524 litatis
2162 3466 2480 3535 clariﬁcata,
2503 3469 2870 3538 baptizentur.
2915 3469 3053 3541 Ipsis
3075 3461 3311 3541 quoque,
3333 3469 3481 3541 quod
3507 3469 3568 3528 in

1966 3558 2238 3630 baptismo
2261 3558 2487 3629 polliciti
2515 3567 2661 3627 sunt,
2681 3575 3027 3633 summopere
3053 3569 3138 3619 est
3163 3562 3566 3629 attentendum,

1966 3668 2037 3710 ne
2059 3651 2326 3720 inﬁdeles,
2359 3652 2455 3710 sed
2475 3651 2662 3711 ﬁdeles
2691 3653 3058 3711 inveniantur.

2637 3765 2892 3843 χχχιχ.

1969 3857 2124 3927 Quod
2137 3857 2434 3916 inconsulto
2447 3859 2692 3916 Romano
2713 3861 3181 3985 pontiﬁcencaum
3203 3862 3569 3935 episcopo“

2454 3946 2560 3985 non
2589 3930 2814 3985 debeant
2879 3932 3080 3985 :ﬂinm.

2454 3946 2560 3985 non
2589 3930 2814 3985 debeant
2841 3930 3080 3986 diﬂiniri.

2414 4023 2518 4096 (Ex
2577 4024 2771 4080 eadem
2825 4025 3103 4098 epistola.)

2034 4113 2112 4171 Ea
2125 4112 2500 4184 vosjudicare,
2519 4116 2589 4170 ad
2609 4114 2971 4186 apostolicam
2987 4115 3226 4173 delatum
3240 4125 3326 4175 est
3351 4121 3561 4190 sedem,

277 4200 461 4272 plures
489 4202 693 4272 augeri,
732 4202 788 4257 id
831 4210 950 4270 est,
991 4203 1432 4276 archiepiscopus
1454 4205 1500 4260 si
1538 4206 1768 4274 obierit,
1808 4217 1866 4265 et
1965 4221 2086 4278 qua:
2114 4213 2339 4278 propter
2379 4203 2600 4277 [Forte,‘
2624 4206 2845 4279 praeter]
2883 4216 3130 4264 nostram
3153 4208 3309 4266 vobis
3333 4209 3568 4270 dilﬁnire

281 4295 418 4351 alter
465 4295 797 4352 ordinandus
841 4296 1128 4368 episcopus
1174 4295 1338 4353 fuerit
1385 4313 1575 4354 omnes
1619 4300 1865 4372 ejusdem
1964 4313 2076 4354 non
2103 4297 2233 4352 licet
2267 4297 2672 4364 auctoritatem,
2707 4297 2763 4353 id
2793 4305 2901 4365 est,
2941 4299 3324 4372 episcoporum
3348 4316 3564 4362 causas.

278 4389 572 4459 provinciae
616 4390 853 4461 episcopi
899 4391 968 4446 ad
1005 4391 1189 4448 sedem
1223 4392 1621 4463 metropolitani
1660 4409 1863 4452 conve-
1967 4391 2122 4450 Unde
2151 4393 2228 4448 ita
2257 4392 2610 4448 constitutum
2635 4391 2808 4463 liquet
2834 4407 2866 4447 a
2901 4398 3154 4464 tempore
3193 4395 3566 4466 apostolorum

280 4483 460 4551 niant,
514 4492 575 4539 ut
631 4485 698 4540 ab
729 4483 980 4540 omnibus
1023 4485 1140 4557 ipse
1177 4485 1410 4556 eligatur
1456 4493 1510 4542 et
1555 4486 1859 4544 ordinetur.
1964 4492 2020 4542 et
2063 4485 2318 4557 deinceps
2352 4485 2579 4556 placuit,
2629 4491 2691 4540 ut
2735 4493 3023 4541 accusatus
3073 4487 3160 4542 vel
3191 4487 3481 4560 judicatus
3529 4505 3563 4546 a

280 4577 506 4648 Oportet
529 4588 709 4635 autem
736 4589 798 4635 ut
824 4581 938 4650 ipse
976 4580 1069 4652 qui
1104 4580 1211 4637 illis
1236 4582 1484 4638 omnibus
1507 4598 1742 4654 prmesse
1769 4584 1865 4640 de-
1964 4579 2508 4654 comprovincialibus
2522 4580 2577 4635 in
2605 4579 2785 4651 aliqua
2808 4596 2970 4638 causa
3004 4581 3292 4654 episcopus
3329 4584 3564 4641 licenter

279 4673 392 4739 bet,
422 4671 490 4728 ab
529 4673 783 4730 omnibus
827 4674 934 4730 illis
977 4675 1208 4747 eligatur
1234 4684 1291 4732 et
1315 4675 1612 4734 ordinetur.
1643 4677 1860 4750 Reliqui
1887 4671 1937 4692 ν
1964 4673 2218 4746 appellet,
2243 4681 2300 4730 et
2334 4673 2496 4728 adeat
2519 4672 2830 4743 apostolicae
2857 4672 3002 4729 sedis
3045 4673 3366 4744 pontiﬁcem
3399 4693 3413 4728 :
3444 4675 3557 4747 (qui

279 4780 408 4820 vero
428 4768 912 4837 comprovinciales
940 4767 1200 4841 episcOpi,
1226 4769 1273 4827 si
1293 4785 1516 4828 necesse
1544 4769 1728 4840 fuerit,
1759 4787 1863 4829 caa-
1964 4774 2060 4823 aut
2081 4781 2182 4838 per
2211 4780 2271 4821 se
2293 4773 2386 4820 aut
2407 4764 2644 4820 vicarios
2669 4778 2798 4820 suos
2827 4763 2946 4836 ejus
2965 4766 3251 4822 retractari
3279 4767 3558 4837 negotium

279 4859 412 4914 teris
457 4861 948 4930 consentientibus,
994 4877 1027 4918 a
1072 4863 1248 4920 tribus
1282 4864 1439 4937 jussu
1469 4866 1862 4939 archiepiscopi
1960 4864 2240 4930 procuret.
2287 4864 2344 4913 ei
2371 4856 2499 4913 dum
2542 4855 2740 4912 iterato
2775 4853 2982 4924 Ῑηάίοὶο
3029 4856 3276 4927 pontifex
3333 4871 3558 4914 causam

280 4953 588 5008 consecrari
613 4963 842 5022 possunt
863 4955 1150 5028 episcopis.
1187 4955 1297 5014 Sed
1333 4957 1528 5015 melius
1553 4966 1638 5015 est
1673 4959 1722 5015 si
1747 4959 1862 5030 ipse
1929 5008 1932 5011 .
1962 4965 2118 5008 suam
2145 4951 2277 5023 agit,
2307 4949 2489 5006 nullus
2511 4948 2649 5006 alius
2673 4948 2731 5004 in
2753 4948 2872 5020 ejus
2898 4949 3017 5008 loco
3043 4958 3300 5021 ponatur,
3343 4959 3436 5006 aut
3473 4965 3564 5007 or-

279 5060 402 5102 cum
432 5048 685 5104 omnibus
704 5063 827 5105 eum
856 5053 949 5120 qui
978 5052 1170 5124 dignus
1197 5062 1282 5110 est
1315 5054 1572 5127 elegerit,
1600 5064 1657 5111 et
1679 5056 1862 5113 cuncti

1977 5045 2182 5101 linetur
2199 5044 2489 5118 episcopus
2513 5061 2526 5099 :
2559 5044 2840 5116 quoniam,
2878 5059 3191 5116 quanquam
3215 5043 3560 5114 comprovin-

278 5137 483 5209 pariter
508 5142 949 5198 consecraverint
975 5144 1305 5216 pontiﬁcem.
1335 5146 1405 5202 Et
1429 5146 1559 5203 licet
1586 5146 1730 5204 istud
1764 5163 1860 5205 ne-
1933 5213 1935 5216 ,
1965 5139 2192 5196 Cialibus
2213 5137 2484 5211 episcopis
2517 5139 2757 5198 accusati
2784 5154 3008 5196 causam
3027 5137 3303 5210 Ροῐιῑίίὶοίδ
3324 5137 3556 5194 scrutari

280 5229 530 5300 cessitate
559 5240 785 5304 cogente
812 5249 1131 5290 concessum
1174 5235 1280 5304 sit,
1325 5235 1458 5292 illud
1499 5245 1681 5293 autem
1717 5238 1863 5309 quod
1963 5232 2145 5301 liceat,
2168 5247 2279 5288 non
2303 5239 2484 5288 tamen
2506 5230 2758 5301 diﬁinire,
2795 5223 3105 5289 inconsulto
3133 5230 3380 5289 Romano
3415 5243 3551 5302 pon-

282 5323 346 5380 de
365 5323 760 5398 archiepiscopi
779 5327 1194 5386 consecratione
1211 5337 1540 5402 praeceptum
1555 5336 1718 5402 atque
1729 5345 1864 5401 pra:-
1963 5323 2130 5392 tiﬁce,
2165 5324 2491 5397 permissum
2518 5333 2623 5382 est.
2784 5379 2788 5383 .

279 5417 485 5475 dictum
513 5426 617 5489 est,
643 5420 700 5477 id
717 5430 837 5492 est,
876 5432 938 5480 ut
950 5439 1152 5509 (omnes
1195 5425 1522 5499 suﬁ‘raganei
1554 5441 1680 5482 eum
1707 5426 1860 5484 Ordi-
2694 5436 2807 5496 XL.

278 5511 761 5607 nemﬁnuua‘enus
790 5515 1068 5574 Ῐωιηιιίπί
1099 5517 1262 5607 lic”:
1305 5518 1432 5590 quia
1459 5519 1554 5590 (Ιιιί
1589 5518 1697 5576 illis
1728 5534 1866 5592 Ρη·
1965 5532 2345 5607 EpitcOporum
2384 5541 2558 5607 testes
2579 5540 2704 5604 quot
2761 5547 2879 5607 esse
2897 5529 3140 5598 debeant,
3180 5537 3323 5585 etne
3366 5527 3552 5584 absens

279 5611 380 5671 est,
413 5604 480 5661 ab
507 5607 760 5664 omnibus
784 5608 1052 5679 episcopis
1079 5606 1276 5679 quibus
1305 5617 1504 5681 praeest
1542 5609 1706 5666 debet
1730 5624 1865 5666 cou-
2015 5602 2025 5606 ⁷
2158 5602 2167 5607 ⁷
2468 5602 3046 5676 quisquamjudicelur-

243 5719 246 5724 -
280 5696 468 5753 stitui:
507 5699 592 5755 sin
620 5699 779 5757 aliter
801 5709 1192 5772 praesumptum
1223 5701 1406 5769 fuerit,
1441 5700 1650 5757 viribus
1675 5715 1865 5758 carere
1927 5746 1938 5750 -
1967 5697 2070 5772 (Ex
2105 5695 2334 5771 epistola
2387 5695 2694 5779 Zephyrini
2719 5693 3110 5779 papaeoscrip‘ta
3153 5689 3406 5748 omnibus
3451 5703 3555 5760 per

281 5804 390 5846 non
414 5793 637 5854 dubium
659 5803 765 5866 est,
795 5797 924 5870 quia
965 5796 1124 5855 irrita
1154 5797 1264 5856 erit
1293 5795 1412 5869 ejus
1437 5809 1596 5854 secus
1629 5801 1751 5854 acta
1775 5810 1864 5854 orb

1977 5766 1986 5772 ’
2137 5766 2156 5771 “
2447 5766 2691 5823 Siciliam
2714 5766 3068 5837 constitutis.)
3245 5787 3258 5794 ο

284 5885 504 5948 dinatio.
541 5927 544 5932 -
613 5941 622 5951 .
733 5879 738 5883 ’
2034 5881 2368 5963 Patriarcba
2394 5880 2481 5939 vel
2527 5880 2789 5954 primates
2814 5883 3151 5962 accusatum
3181 5873 3550 5948 {discutientes
