4000 6498
1320 650 1506 708 XLIX.

1122 742 1203 799 De
1231 744 1352 800 sede
1377 746 1622 819 episcoPi.

1072 833 1174 908 (Ex
1200 837 1389 893 eadem
1418 839 1695 912 epistola.)

674 922 829 993 Quod
869 929 1058 983 autem
1087 927 1244 986 sedes
1272 928 1329 986 in
1372 929 1752 1006 episcoporum
1783 931 2033 994 ecclesiis
2086 950 2186 998 ex-

2296 595 2388 648 no,
2426 585 2872 658 speculationem,
2905 600 2960 648 et
2992 603 3323 664 potestatem
3357 602 3595 673 judicandi
3631 619 3751 674 etsol.

2295 675 2477 767 vendi,
2502 685 2665 750 atque
2688 679 2890 754 ligandi
2939 701 2971 742 a
3001 686 3239 748 Domino
3269 693 3368 750 sibi
3393 697 3550 756 datam
3585 711 3747 767 materia

2283 765 2657 866 docetaunde
2688 770 2940 832 Salvator
2966 777 3024 834 in
3054 779 3346 854 Evangelio
3369 786 3440 842 ait
3475 806 3487 843 :
3517 765 3747 866 Quaeram

2292 857 2579 932 ligaveritis
2602 880 2760 938 super
2784 876 3001 942 terram,
3034 883 3194 930 erunt
3221 875 3380 949 ligata
3399 881 3451 936 in
3470 857 3576 938 caelo
3597 899 3634 940 ι.

672 1073 702 1106 ι
735 1059 946 1122 Caetera
970 1064 1370 1137 desiderantur,
1394 1073 1459 1126 ut
1501 1077 1558 1128 et
1576 1067 1794 1144 Notingi
1823 1072 2064 1148 episcopi
2092 1075 2327 1151 capitula
2351 1090 2472 1150 qua:
2494 1077 2758 1140 Remedio
2790 1083 2991 1157 adjecit
3017 1085 3132 1147 ﬁde
3160 1088 3418 1151 Coldasti.

2193 1614 2266 1664 IN

1057 1757 1409 1823 SMARAGDI
1445 1760 1741 1824 ABBATlS
1777 1760 2298 1826 COLLECTIONES
2328 1763 2402 1825 IN
2433 1765 2818 1832 EPISTOLAS
2850 1771 2947 1854 ET
2983 1774 3381 1840 EVANGELIA

1624 1913 1774 2006 Qua;
1797 1941 1931 2008 per~
1948 1923 2293 1991 circuitum
2331 1928 2487 1992 anui
2513 1927 2828 2011 leguntur.

641 2169 1126 2238 commentarium
1140 2146 1476 2238 perpetuum
1527 2178 1586 2255 a7
1614 2145 1918 2238 Smaragdo
1954 2150 2221 2232 abbate]

2148 2179 2172 2225 e
2196 2169 2246 2233 Β
2274 2151 2919 2255 νοιίςίέίὶιπίεέἰᾳυω
2956 2160 3140 2243 plebis
3174 2159 3475 2234 necessitati
3507 2180 3728 2255 inserviunt,

574 2261 634 2317 in
663 2257 902 2332 singulas
944 2255 1367 2328 Evangeliorum
1405 2263 1462 2312 et
1493 2254 1861 2328 Epistolarum
1909 2254 2171 2316 lectiones

574 2353 920 2418 adornatum,
944 2349 1124 2406 denuo
1146 2347 1365 2404 tandem
1391 2355 1516 2420 post
1543 2348 1740 2404 saecula
1769 2349 1897 2416 tria,
1928 2349 2171 2420 quinque

571 2442 997 2518 insuperlustris
1016 2456 1287 2498 annorum
1302 2440 1523 2512 elapsis,
1545 2457 1613 2498 ex
1636 2441 1882 2498 editione
1905 2441 2166 2513 principe,

570 2547 632 2597 ut
686 2540 862 2608 aiunt,
901 2550 1176 2601 recusum,
1211 2532 1384 2591 multo
1423 2549 1485 2590 se
1532 2532 1754 2590 nomine
1784 2532 2169 2590 commendare

570 2634 804 2706 diligens
850 2632 1081 2705 quisque
1133 2629 1308 2686 lector
1335 2628 1496 2687 facile
1539 2627 1826 2702 intelliget.
1861 2627 2074 2683 Emicat
2110 2625 2167 2683 in

566 2741 634 2783 eo
667 2725 904 2800 primum
945 2723 1191 2781 omnium
1231 2720 1346 2780 fere
1393 2721 1721 2793 scriptorum
1769 2718 2167 2778 ecclesiastico-

566 2834 712 2885 rum,
727 2819 820 2889 qui
847 2834 878 2874 a
900 2817 1100 2876 saeculo
1119 2815 1344 2872 circiter
1363 2823 1559 2873 octavo
1578 2815 1832 2884 ﬂoruere,
1859 2815 2164 2872 communis

567 2911 794 2978 indoles,
827 2912 918 2983 pia
972 2926 1124 2978 sane,
1180 2909 1404 2967 humilis
1434 2917 1490 2966 et
1525 2909 1866 2975 doctissima,
1922 2923 2029 2978 qua
2058 2905 2164 2964 sibi

564 3006 748 3062 minus
794 3004 1008 3072 conﬁsi,
1044 3009 1294 3059 veterum
1321 3003 1505 3073 potius
1529 3001 1756 3057 Patrum
1797 3012 1963 3072 opera
1994 3015 2164 3056 manu

565 3094 756 3152 sedula
777 3093 1144 3160 revolverent,
1167 3093 1536 3164 exprimerent
1563 3091 1781 3162 placita,
1817 3091 2072 3162 dictaque
2092 3092 2160 3148 de

564 3190 754 3256 verbo,
796 3187 911 3245 suis
938 3187 1232 3244 inserenda
1260 3185 1416 3243 libris
1445 3193 1541 3242 aut
1574 3184 1938 3253 sermonibus,
1971 3199 2161 3242 excer-

562 3289 776 3354 perent.
807 3279 1161 3353 Smaragdus,
1189 3288 1250 3336 ut
1277 3281 1394 3353 ipse
1419 3287 1674 3348 testatur,
1711 3298 1730 3333 ι
1761 3281 1907 3338 hunc
1928 3295 1996 3337 ex
2024 3279 2158 3336 mul~

564 3379 639 3433 tis
665 3394 835 3434 unum
855 3376 1070 3434 curavit
1099 3375 1352 3447 colligere
1388 3375 1614 3443 librum,
1643 3383 1700 3432 et
1731 3375 1798 3432 de
1831 3388 2155 3446 magnorum

561 3473 886 3530 tractatibus
923 3472 1261 3544 prolatisque
1313 3469 1659 3527 sermonibus
1702 3469 1950 3535 Patrum,
1997 3467 2154 3540 quasi

2271 2259 2455 2316 varias
2481 2259 2725 2332 ejusdem
2753 2247 2872 2319 fere
2899 2265 3212 2336 argumenti
3240 2266 3460 2340 sylloges
3482 2271 3634 2341 publici
3647 2247 3732 2344 juris

2271 2348 2473 2406 fecere.
2507 2350 2661 2409 Unus
2703 2367 2834 2410 vero
2870 2353 3071 2410 Noster
3121 2357 3336 2414 obviam
3371 2361 3556 2430 quidem
3579 2373 3620 2418 et
3646 2380 3732 2419 com-

2269 2456 2490 2498 munem
2514 2443 2788 2513 semitam,
2828 2447 3052 2518 proprio
3085 2457 3271 2506 autem
3299 2441 3520 2520 tramite,
3547 2455 3732 2520 insistas,

2269 2538 2399 2595 dum
2429 2539 2521 2596 alii
2566 2540 2808 2614 integras
2841 2543 3070 2616 singulis
3102 2545 3418 2604 lectionibus
3449 2549 3642 2605 bomilias
3675 2565 3728 2619 ap

2264 2622 2553 2705 ponerent,
2586 2633 2703 2705 ipse
2747 2649 2818 2690 ex
2859 2635 3029 2691 variis
3057 2623 3392 2695 diversorum
3423 2650 3642 2696 auctorum
3658 2656 3726 2696 scr-

2267 2713 2522 2781 monibus
2553 2733 2649 2781 aut
2681 2725 2838 2785 libris
2884 2715 3213 2800 perpetuum
3271 2732 3645 2788 commentarium
3675 2749 3723 2790 re-

2266 2819 2466 2878 texuit.

2321 2910 2457 2968 vAlia
2490 2910 2709 2969 demum
2743 2929 2907 2971 causa
2945 2917 3182 2974 accessit
3209 2932 3307 2974 cur
3346 2919 3400 2975 in
3428 2918 3508 2975 illo
3536 2917 3723 2990 διηθηεῶ

2264 3001 2668 3060 Commentario
2692 3003 2873 3060 obiter
2900 3005 3278 3076 immoreinur,
3308 3009 3497 3066 scilicet
3513 3010 3635 3079 quod,
3651 3024 3724 3062 cum

2261 3097 2350 3154 vel
2375 3096 2433 3154 in
2458 3096 2804 3155 bibliothecis
2853 3101 3206 3172 amplissimis
3235 3111 3345 3158 tam
3385 3102 3585 3171 ejusdem
3623 3100 3720 3155 Com-

2261 3189 2518 3246 mentarii
2561 3189 2729 3246 editio
2763 3191 2945 3258 unica,
2990 3207 3158 3262 quam
3197 3193 3456 3264 exemplar
3491 3207 3616 3247 manu
3641 3188 3721 3244 scri-

2259 3288 2412 3352 ptum
2429 3295 2554 3336 raro
2575 3283 2866 3338 admodum
2884 3286 3214 3354 reperiatur,
3231 3285 3446 3354 insignis
3457 3293 3502 3340 et
3517 3283 3614 3339 satis
3624 3281 3717 3334 bona

2258 3380 2403 3430 nota:
2436 3374 2743 3430 invenimus
2767 3375 3033 3443 codicem,
3065 3377 3126 3432 in
3163 3377 3471 3434 bibliotheca
3493 3370 3716 3430 Bononiensi

2258 3480 2404 3522 nunc
2450 3473 2812 3533 asservatum,
2871 3482 3030 3536 quem
3089 3469 3221 3526 olim
3273 3470 3456 3540 raptim
3491 3464 3715 3525 erolvimﬂs,

563 3565 632 3620 de
660 3565 875 3635 magnis
903 3539 1240 3629 ﬂuminibus,
1269 3562 1556 3634 pelagique
1585 3561 1910 3633 gurgitibus,
1947 3559 2153 3631 pariter
2181 3539 2226 3605 (ἶ
2258 3555 2436 3611 denuo
2469 3554 2536 3611 ad
2566 3563 2784 3612 nostros
2811 3572 2964 3625 usus,
3003 3560 3178 3615 multa
3219 3539 3344 3617 cum,
3368 3557 3713 3617 humanitatem-

562 3654 839 3710 derivator
858 3655 1069 3710 exstitit
1091 3661 1146 3708 et
1167 3654 1465 3709 breviator.
1496 3674 1517 3706 ι
1544 3652 1602 3708 In
1625 3667 1692 3708 eo
1714 3659 1896 3708 autem
1916 3650 2155 3722 maxime

560 3753 620 3801 et
644 3745 999 3816 peculiariter
1015 3743 1308 3809 notandus,
1331 3743 1476 3815 quod
1501 3738 1615 3798 tam
1640 3749 1964 3814 praestantes
1988 3740 2153 3812 quam

561 3837 877 3894 rarissimos
903 3834 1005 3892 XX
1029 3827 1284 3890 auctores
1326 3834 1430 3890 sibi
1473 3833 1645 3891 voluit
1669 3833 1988 3905 praelucere.
2013 3830 2152 3888 Nam

561 3931 632 3987 ab
652 3944 717 3986 eo
750 3929 1015 3986 rescimus
1047 3925 1338 3986 deﬂoratos
1368 3925 1539 3983 fuisse
1562 3924 1855 3991 Hilarium,
1879 3922 2150 3995 Hierony-

558 4040 728 4089 mum,
761 4022 1120 4090 Ambrosium,
1169 4015 1543 4093 Augustinum,
1577 4017 1923 4091 Cyprianum,
1979 4017 2152 4089 Cyril-

560 4113 692 4181 lum,
743 4111 1078 4185 Gregorium,
1117 4108 1479 4183 Fulgentium,
1529 4107 1980 4180 Chrysostomum,
2019 4105 2152 4164 Cas-

559 4207 855 4276 siodorum,
913 4205 1264 4273 Eucherium,
1311 4203 1602 4273 lsidorum,
1651 4200 1874 4267 Bedam,
1904 4199 2150 4256 omnium

558 4318 655 4360 ore
701 4288 1117 4367 celeberrimos;
1152 4299 1346 4356 deinde
1372 4297 1685 4355 Tichonium
1710 4303 1770 4352 et
1791 4294 2144 4363 Primasium,

559 4395 744 4452 minus
769 4401 929 4450 notos
957 4400 1053 4448 aut
1093 4406 1291 4464 magna
1338 4404 1407 4448 ex
1458 4398 1615 4461 parte
1653 4389 1996 4462 deperditos;
2035 4405 2055 4442 ‹
2085 4403 2151 4446 ac

557 4495 718 4541 caute
757 4483 1034 4558 legendos,
1062 4503 1081 4539 ι
1133 4480 1414 4553 Pelagium
1456 4488 1513 4536 et
1557 4478 1881 4551 Origenem;
1910 4479 2150 4550 denique

557 4575 799 4647 ambigui
829 4574 1066 4632 nominis
1113 4572 1393 4640 Victorem,
1441 4577 1498 4629 et
1525 4569 1782 4644 Figulum
1820 4580 1912 4628 aut
1947 4570 2150 4644 Frigu-

557 4668 668 4723 lum
693 4709 710 4734 ,
742 4668 808 4724 de
849 4682 957 4740 quo
982 4667 1272 4734 hactenus,
1320 4663 1463 4738 apud
1486 4678 1678 4721 omnes
1707 4676 1846 4737 quos
1875 4663 2144 4730 noverim,

558 4761 728 4818 altum
757 4761 1059 4819 silentium.

627 4853 898 4922 Praeterea
943 4854 1014 4910 ad
1048 4853 1190 4910 banc
1229 4850 1582 4909 retexendam
1609 4848 1872 4907 Catenam
1919 4847 2142 4904 Smara-

2258 3649 2472 3706 censuit
2496 3648 2728 3706 eximius
2754 3656 2811 3705 et
2838 3650 3068 3723 diligens
3101 3653 3168 3709 ν.
3203 3653 3266 3708 Ι).
3297 3651 3550 3723 Haigneré,
3573 3645 3649 3708 cui,
3668 3640 3712 3695 uti

2255 3749 2311 3798 et
2333 3740 2468 3796 mihi
2507 3749 2719 3796 tantum
2769 3757 3042 3799 concessae
3083 3744 3323 3810 fuerunt,
3361 3743 3484 3815 typis
3513 3749 3709 3811 properan-

2255 3833 2424 3900 tibus,
2448 3847 2634 3904 paucae
2657 3833 2827 3902 horae,
2863 3835 3186 3905 subcesivaa,
3221 3849 3318 3892 nec
3341 3833 3437 3889 illa:
3456 3829 3620 3903 quidem
3640 3837 3709 3878 om-

2253 3925 2386 3982 nino
2427 3924 2612 4003 liberae
2651 3942 2664 3979 :
2703 3928 2848 3984 unde
2891 3927 3206 3986 notularum
3247 3923 3548 3988 adversaria,
3583 3914 3705 3987 raptim

2253 4017 2384 4075 hinc
2411 4017 2538 4074 inde
2568 4032 2810 4088 corrasa,
2832 4021 2924 4077 vix
2950 4035 3015 4077 eo
3043 4020 3152 4078 loci
3175 4020 3326 4077 licuit
3349 4020 3568 4073 inserere.

2322 4110 2507 4168 Codex
2541 4118 2725 4168 autem
2753 4111 2844 4168 ille
2871 4128 3017 4170 nunc
3035 4111 3405 4176 Bononiensis,
3429 4106 3537 4163 olim
3560 4101 3598 4156 in
3617 4093 3704 4153 cale

2249 4204 2505 4263 berrimte
2547 4205 2780 4262 abbatis:
2823 4204 3010 4263 Sancti
3055 4205 3265 4264 Bertini
3303 4191 3643 4259 Audomarensis
3665 4185 3705 4240 li-

2249 4297 2433 4355 braria
2468 4285 2741 4368 repositus
2788 4305 2890 4354 est.
2939 4295 3133 4356 Nullus
3175 4297 3353 4354 dubito
3390 4291 3501 4364 quin
3524 4287 3624 4342 idem
3649 4275 3702 4333 ille

2248 4391 2340 4459 sit,
2387 4392 2454 4448 de
2490 4407 2599 4463 quo
2627 4391 2685 4448 in
2727 4392 2968 4464 ejusdem
3008 4393 3241 4450 abbatiae
3262 4383 3571 4447 Chartulario,
3593 4385 3703 4444 nuper

2250 4485 2419 4552 edito,
2440 4502 2495 4556 p.
2525 4483 2652 4552 208,
2675 4484 2802 4550 209,
2831 4485 3029 4558 legitur
3058 4506 3072 4542 :
3102 4487 3337 4542 Domnus
3364 4479 3596 4534 Iohannes,
3611 4464 3700 4520 codi-

2249 4593 2331 4633 σεε
2352 4593 2458 4633 non
2492 4575 2695 4633 modice
2716 4577 3112 4648 appreliatiom's
3153 4571 3397 4633 conscribi
3420 4567 3538 4639 fecit,
3556 4570 3699 4648 quarunt

2249 4669 2434 4726 titulos
2466 4671 2537 4726 ad
2561 4645 3035 4726 commeudandum
3063 4672 3181 4743 ejus
3201 4667 3418 4726 studium
3443 4656 3609 4715 burim
3625 4645 3698 4702 sul-

2249 4771 2452 4819 .uectere
2480 4779 2586 4818 non
2621 4763 2908 4835 piguit.....
2934 4763 3146 4820 Lienuu
3179 4763 3470 4821 Onusam
3495 4749 3698 4805 melli-513'

2247 4870 2438 4911 NUMJS
2459 4869 2672 4910 crucum
2705 4855 2763 4909 in
2803 4854 2908 4909 duo
2939 4855 3203 4912 volumina
3225 4851 3482 4908 diuisum...
3505 4835 3696 4896 exin!!!”

557 4947 721 5020 gdunt
753 4918 910 5003 facile
949 4943 1258 5018 putaverim
1300 4942 1471 5000 fuisse
1503 4941 1572 4999 ab
1616 4940 1810 4997 eodem
1849 4939 2143 4995 adductum
2168 4911 2224 4976 Ῑ)
2248 4947 2473 5019 digestos
2501 4947 2609 5002 sui;
2636 4948 2857 5018 ροειετίε
2885 4947 3118 5020 reliqua,

557 5039 756 5110 studio,
773 5054 881 5110 quo
903 5038 1008 5094 hac
1026 5044 1353 5109 tempestate
1374 5035 1625 5092 certatim
1652 5044 1708 5091 et
1727 5033 1882 5105 quasi
1909 5033 2144 5089 invicem

2315 5038 2498 5094 Codex
2523 5037 2672 5094 enim
2712 5046 2900 5096 noster
2935 5019 3001 5094 in
3029 5039 3165 5096 duos
3205 5046 3370 5093 tomos
3395 5021 3611 5085 dividitur,
3634 5019 3693 5062 εκ·

557 5107 938 5202 conspiravere
971 5107 1174 5186 Paulus
1196 5127 1600 5194 Warnefridus,
1635 5121 2144 5190 Alcuinus,Hraba-
2242 5126 2426 5184 culum
2458 5143 2514 5182 XI
2549 5128 2820 5198 scriptura
2862 5127 3128 5195 referens,
3183 5141 3285 5198 quo
3306 5117 3500 5197 scilicet
3531 5107 3688 5202 templi!"c

558 5192 1926 5295 nusblaurus,Haymollalberstadiensis,qui,cum
1946 5231 2139 5274 recens
2242 5218 2480 5277 Joannes
2520 5192 2688 5276 abbas
2732 5218 3079 5292 (1083-1095)
3111 5192 3505 5276 Sanbertinianis
3525 5192 3691 5295 ρηθξίς

553 5335 655 5394 per
683 5317 886 5374 Gallias
915 5314 1131 5373 invecta
1171 5313 1366 5372 fuisset
1412 5312 1672 5369 Romanae
1703 5310 1960 5368 Ecclesiae
1986 5308 2147 5365 litur-

556 5413 662 5485 gia,
706 5426 771 5466 ac
799 5418 963 5466 tanta:
992 5407 1220 5480 hujusce
1246 5409 1328 5466 rei
1348 5417 1542 5464 auctor
1565 5406 1872 5479 praecipuus
1919 5402 2149 5461 Carolus

557 5503 777 5560 nomine
815 5509 873 5556 et
897 5501 1094 5557 merito
1136 5500 1381 5574 Magnus,
1425 5501 1541 5572 ipse
1581 5511 1853 5570 quemque
1883 5495 2149 5569 peritissi—

559 5611 729 5662 mum,
767 5601 829 5649 ut
855 5599 1089 5649 testatur
1117 5593 1348 5665 epistola
1377 5592 1445 5648 ad
1473 5590 1705 5648 Paulum
1729 5591 2037 5656 diaconum,
2073 5589 2142 5645 ad

559 5686 908 5758 exponendas
953 5687 1388 5758 emittendasque
1430 5686 1485 5741 in
1518 5683 1712 5757 vulgus
1751 5691 1997 5738 veterum
2043 5679 2144 5735 Pa-

565 5787 710 5835 trum
736 5780 1228 5851 homiliasmuibus
1257 5777 1483 5850 singulm
1505 5767 1766 5835 lectionies
1795 5774 2140 5830 illustraren-

564 5882 680 5942 tur,
715 5876 1027 5944 excitasset,
1063 5877 1503 5936 obsecundarunt
1542 5875 1683 5934 ultro
1714 5870 1852 5930 tanti
1879 5868 2144 5944 principis

2248 5311 2464 5369 Primus
2483 5320 2662 5368 tomus
2689 5311 3008 5368 inscribitur
3032 5328 3093 5368 n°
3122 5327 3248 5376 xxv,
3272 5298 3503 5364 secundus
3520 5304 3566 5345 η’
3583 5287 3688 5337 xtl";

2247 5405 2381 5463 olim
2420 5406 2472 5460 in
2499 5403 2725 5462 libraria
2761 5404 2823 5478 S.
2863 5405 3072 5461 Bertini
3114 5419 3221 5476 prae
3242 5415 3296 5456 se
3335 5388 3538 5451 ferebant
3565 5380 3689 5478 nlttttf

2248 5513 2340 5555 ros
2367 5497 2435 5555 85
2476 5505 2532 5553 et
2555 5497 2662 5564 εις
2693 5476 2844 5568 prior
2865 5497 3090 5569 insuper
3115 5468 3324 5553 iitulum
3343 5487 3466 5542 hunc
3482 5468 3683 5569 melli?

2250 5554 2410 5649 dorso
2437 5554 2742 5662 appositum
2778 5608 2793 5648 :
2829 5554 3106 5663 Expoiitio
3151 5580 3472 5668 Epistolarum
3501 5554 3686 5668 τί,

2250 5645 2536 5756 θειὶονωῖιέ
2558 5683 2829 5754 posterior
2848 5645 3031 5738 auiem
3064 5697 3079 5737 :
3115 5645 3432 5746 Ηὶέτοηνηιαε
3457 5661 3502 5757 ίξί

2250 5796 2385 5834 ram.
2408 5777 2586 5835 Codex
2599 5777 2790 5833 eadem
2800 5791 2966 5832 manu
2983 5784 3126 5832 totus
3139 5777 3390 5832 exuratur.
3405 5739 3681 5876 βαδίζωεὲ

2391 5872 2402 5876 -
2679 5872 2731 5876 __
3155 5871 3167 5876 -
3318 5855 3514 5876 ..--....
3582 5868 3594 5876 .

2248 5872 2436 5945 paucis
2483 5871 2628 5932 foliis
2679 5872 2770 5930 hic
2801 5871 2927 5931 illic
2973 5871 3220 5938 resectis,
3253 5869 3336 5923 aut
3372 5847 3594 5914 laceratis,
