4000 6476
186 383 321 441 {HI

1238 369 1308 427 IN
1341 362 1696 428 SMARAGDI
1731 357 2272 426 COLLECTIONES.

3304 348 3445 406 i122

257 497 394 555 Vill.
438 492 729 552 Ambulans
759 497 934 547 autem
959 486 1117 543 Iesus
1135 486 1299 558 juxta
1327 503 1474 542 mare
1506 485 1746 542 Galilew.
1777 483 1832 546 Α
1855 495 1964 552 quo
1987 477 2258 558 Christus,
2287 471 2389 557 qui
2409 470 2577 558 dixit:
2620 465 3450 558 Ego‘turnuiuurrna‘cci:

259 571 374 626 Hoc
408 581 436 612 ι
465 582 615 624 mare
650 572 873 637 propter
901 570 1075 616 terras
1103 558 1430 637 a_dja_centes_
1457 558 1766 637 multi§_vo-

187 652 345 700 catur
368 629 695 700 nominibus,
729 629 782 690 id
815 641 898 688 est
922 646 1072 688 mare
1113 629 1366 696 Galilzeaa,
1415 629 1768 700 lacus.Cina-

188 699 332 778 retb,
365 724 616 783 stagnum
639 707 900 767 Genesar,
940 719 1091 759 mare
1119 701 1441 768 Tiberiadis,
1473 699 1620 757 lacus
1643 701 1768 758 sali-

189 800 406 848 narum,
437 780 492 838 et
517 780 614 836 rel.

263 857 352 912 IX.
394 843 694 910 Vidit'duos
721 849 948 920 fratres,
986 845 1253 902 Simonem
1280 843 1371 920 qui
1414 851 1629 920 uocatur
1660 843 1767 920 Ρς..

191 939 331 991 trus,
359 936 464 982 etc.
493 924 670 991 Quare
702 915 999 992 piscatores
1021 915 1324 992 vocantur?
1355 929 1422 970 ne
1459 915 1590 983 quis
1619 915 1767 971 aesti-

191 986 369 1055 maret
386 1039 400 1061 ,
438 986 580 1068 quod
625 986 723 1068 per
738 989 1126 1068 _eloquci_1tiam
1150 986 1569 1068 praadicatorum
1591 1000 1772 1068 sermo

194 1070 289 1125 Dei
313 1057 474 1123 latius
494 1057 688 1121 exiret.
738 1061 853 1117 Non
869 1057 980 1116 'ﬁlii
1004 1057 1214 1130 regum,
1251 1074 1360 1115 non
1382 1057 1575 1114 scribae
1594 1057 1774 1128 primo

193 1141 369 1195 vocati
399 1144 793 1196 memorantur,
820 1133 915 1189 sed
942 1132 1263 1202 piscatores.

263 1211 570 1266 Piscatores
600 1209 629 1248 δ
658 1214 715 1262 et
757 1199 1024 1260 illitterati
1057 1203 1350 1258 mittuntur
1375 1199 1443 1254 ad
1473 1199 1776 1270 praedican-

195 1282 343 1345 dum,
377 1297 445 1336 ne
471 1281 602 1335 ﬁdes
635 1277 968 1334 credentium
986 1314 1000 1339 ,
1031 1290 1137 1329 non
1162 1274 1363 1328 virtute
1388 1269 1516 1336 Dei,
1544 1271 1640 1327 sed
1665 1269 1778 1327 elo-

195 1355 416 1424 quentia
447 1360 609 1420 atque
638 1349 892 1424 doctrina
915 1346 1032 1400 ﬁeri
1058 1354 1363 1424 putaretur.
1404 1395 1413 1424 ί

266 1425 384 1479 Bini
415 1435 438 1463 ο
473 1410 754 1486 vocantur,
782 1419 1005 1488 binique
1043 1410 1334 1488 mittuntur
1363 1422 1420 1470 et
1455 1421 1589 1488 apte
1622 1431 1635 1468 :
1685 1410 1778 1467 γω

196 1497 339 1551 enim
358 1537 372 1560 ,
409 1494 486 1548 ait
531 1484 870 1562 Scriptura,
894 1484 993 1543 soli
1013 1529 1028 1552 ,
1055 1487 1182 1562 quia
1211 1501 1336 1562 cum
1361 1484 1636 1562 ceciderit,
1662 1499 1779 1562 non

199 1554 369 1622 habet
393 1554 785 1619 Sublevaniem.
814 1559 947 1615 Bina
977 1554 1180 1614 etenim
1221 1557 1464 1612 doctrina
1492 1564 1608 1619 est,
1645 1554 1782 1610 dile-

199 1638 308 1692 ctio
339 1635 434 1690 Dei
461 1643 519 1689 et
543 1634 761 1690 dilectio
787 1630 1044 1702 proximi,
1064 1645 1171 1702 qua
1194 1628 1339 1702 pleni
1364 1628 1567 1702 bonurn
1592 1625 1782 1682 Testa-

200 1714 444 1763 mentum
472 1697 887 1776 pradicant,'_id_
902 1711 987 1758 est
1015 1697 1178 1772 Legis
1195 1697 1261 1756 'et
1283 1697 1581 1768 Evangelii.

270 1777 340 1832 Χ.
395 1773 771 1846 Εῐρτοεείιεηε
796 1773 938 1839 inde,
967 1781 1072 1846 etc.

273 1838 516 1904 Primum
544 1847 571 1887 ά
602 1847 748 1918 enim
768 1838 930 1900 homo
954 1843 1111 1918 retia
1124 1840 1380 1897 desiderii
1407 1838 1490 1895 sui
1523 1839 1690 1895 mittit
1723 1839 1782 1894 in
1810 1854 1860 1918 Β

203 1936 354 1977 mare
368 1918 538 1990 hujus
565 1917 768 1981 saeculi,
791 1923 858 1990 ut
885 1913 1032 1990 velut
1061 1912 1237 1990 pisces
1257 1926 1427 1990 cpera
1455 1919 1671 1967 mortua
1701 1925 1786 1966 ca-

206 1994 338 2064 piat.
357 1982 465 2064 Sed
489 1987 915 2064 misericcrditer
936 1982 1232 2064 adveniens
1251 1982 1515 2064 Christus,
1531 1995 1787 2064 percom-

206 2053 550 2136 punctioncm
577 2061 743 2136 animi
770 2058 955 2136 priora
983 2053 1565 2136 mutatinstrumenta,
1593 2061 1662 2134 ut.
1684 2053 1789 2107 ite-

205 2123 329 2190 i‘um
352 2140 468 2188 rete
482 2131 612 2186 boni
634 2123 886 2185 desiderii
914 2128 966 2181 in
993 2125 1176 2182 saeculi
1196 2139 1346 2179 mare
1361 2123 1595 2193 jactans,
1613 2123 1789 2194 pisces

206 2204 472 2261 bonarum
497 2203 758 2256 virtutum
795 2199 917 2253 navi
949 2197 1132 2253 carnis
1158 2196 1224 2251 ad
1259 2204 1475 2266 portum
1503 2193 1630 2250 vitae
1660 2193 1792 2266 atie-

207 2284 316 2342 rat,
340 2275 652 2344 relinquens
679 2271 961 2344 fugitivum
992 2265 1299 2332 diabolum,
1333 2267 1412 2344 sic
1441 2266 1586 2321 enim
1613 2265 1791 2344 lebe-

209 2337 358 2402 dazus
403 2337 808 2413 interpretatur.
867 2340 1110 2413 Quatuor
1160 2337 1534 2413 apostolorum
1570 2337 1792 2413 nomina

211 2417 344 2474 duos
371 2408 598 2488 populos
629 2414 954 2488 signiﬁcant.
988 2408 1661 2488 Simon’enimobeiiiem,
1691 2408 1794 2463 Pe-

210 2495 328 2543 trus
358 2479 539 2541 autem
566 2479 849 2556 agnoscens
883 2483 1294 2556 interpretatur,
1327 2479 1597 2556 signiﬁca}
1618 2494 1791 2556 popu-

209 2558 322 2614 lum
340 2549 668 2621 Judaaorur'n,
701 2557 791 2626 qui
812 2555 963 2625 prius
988 2549 1229 2626 obedivit
1247 2549 1793 2626 przeceptispomini,

209 2639 265 2685 et
292 2628 512 2701 agnovit
538 2620 854 2684 Creatorem
898 2640 1073 2701 suum.
1123 2623 1181 2678 Id
1216 2620 1426 2701 ipsum,
1455 2631 1509 2676 et
1536 2620 1795 2701 Iacobus,

209 2700 304 2771 qui
329 2692 743 2778 vinterpretatur
787 2695 1180 2778 supplantatar,
1223 2693 1509 2778 signiﬁcat.
1547 2692 1797 2776 Andreas

209 2765 343 2847 vero
361 2765 746 2847 interpretatur
766 2765 952 2847 viritis,
968 2765 1246 2847 signiﬁcat
1250 2765 1506 2847 populum
1529 2765 1795 2847 gentium,

210 2841 303 2913 qui
330 2842 393 2913 in
417 2835 523 2913 ﬁde
549 2838 752 2913 Christi
776 2836 1006 2913 viriliter
1030 2835 1161 2907 agit.
1190 2835 1512 2913 ldipsum‘et
1536 2835 1794 2913 Joannes,

211 2904 307 2984 qui
357 2910 790 2984 Dominigratia
842 2904 1232 2984 interpretatur
1272 2904 1573 2984 'signiﬁcat.
1610 2904 1798 2984 Gratia

213 2977 359 3039 enim
387 2982 484 3036 Dei
525 2977 742 3036 salvam
767 2985 895 3034 sunt
917 2986 1122 3047 gentes.
1155 2977 1292 3031 Nam
1329 2985 1384 3030 et
1421 2979 1537 3033 haec
1567 2983 1800 3047 quatuor

214 3053 437 3111 nomina
465 3052 522 3106 in
546 3052 792 3108 moribus
814 3049 1235 3119 uniuscujusque
1255 3047 1492 3102 hominis
1520 3048 1802 3119 continen-

215 3133 326 3189 tur,
352 3123 540 3179 Simon
567 3121 869 3179 obediendo
900 3118 1262 3185 Deo,Petrus
1290 3118 1635 3189 agnoscendo
1675 3132 1803 3186 pec-

217 3187 399 3251 catum
439 3210 615 3260 suum,
663 3192 909 3247 Andreas
945 3189 1178 3245 viriliter
1207 3187 1545 3260 sustinendo
1565 3187 1800 3260 labores,

218 3264 388 3321 Jacob
408 3265 540 3319 vitia
568 3257 750 3319 carnis
769 3261 1185 3333 supplantando,
1200 3257 1437 3316 Joannes
1455 3259 1553 3314 Dei
1572 3259 1805 3333 gratiam

221 3335 565 3406 suscipiendo
591 3331 888 3406 habeaturi
915 3334 1026 3389 sive
1041 3332 1165 3406 haec
1195 3338 1430 3406 quatuor
1458 3331 1809 3406 nominatpro

222 3401 887 3534 quatuonprincipalibus
928 3401 1276 3485 intelligenda
1320 3410 1448 3458 sunt
1495 3401 1804 3456 virtutibus.

273 3494 379 3534 unc
402 3491 548 3532 enim
573 3491 945 3534 unusquisque
987 3475 1244 3530 obediens
1273 3481 1390 3534 est,
1421 3489 1545 3530 cum
1572 3472 1804 3534 pruden-

273 3494 379 3534 unc
394 3472 548 3532 enim
573 3472 945 3546 unusquisque
987 3472 1244 3546 obediens
1273 3481 1390 3546 esti,
1421 3472 1810 3546 cumtpruden-

226 3549 360 3603 tiam
389 3548 716 3619 agnoscendi
734 3543 977 3619 peccata
1023 3544 1292 3619 habuerit.
1336 3545 1488 3600 Tunc
1521 3543 1694 3619 virilis
1725 3551 1812 3619 est

223 3615 794 3691 cum_te'mperantiam
831 3617 1128 3674 sustinendi
1162 3617 1403 3691 laborem
1439 3615 1808 3691 apprehende:

223 3692 319 3772 rit:
352 3684 508 3745 Tunc
533 3690 904 3772 supplaiitato'r
924 3731 956 3771 ,ι
986 3705 1117 3772 cum_
1157 3684 1810 3769 fortitudine—ni.vinccndi

223 3761 356 3816 vitia
379 3757 668 3832 receperit.
696 3760 848 3816 Tunc
865 3761 960 3815 Dei
982 3760 1178 3830 gratia,
1196 3774 1321 3814 cum
1341 3772 1526 3814 veram
1547 3757 1811 3814 iustitiam

225 3832 482 3888 imn‘lendi
508 3832 764 3886 mandata
789 3833 1075 3887 invenerit.

349 3903 389 3956 ι.
408 3903 598 4026 Magos
624 3914 646 3942 θ
674 3903 767 3972 qui
796 3904 863 3958 ad
883 3903 1220 3959 adorandum
1241 3903 1528 3958 Dominum
1551 3914 1809 3972 perrexe-

349 3989 377 4026 ;.
398 3989 489 4026 aut
533 3989 618 4026 am
646 3989 712 4026 ex
741 3975 996 4026 progenie
1022 3973 1190 4026 fuisse
1230 3975 1446 4026 Balaam
1472 3974 1809 4026 existimant.

228 3982 380 4056 runt,
392 3973 632 4056 quidam
646 3989 712 4027 ex
741 3975 996 4056 progenie
1022 3973 1190 4056 fuisse
1230 3975 1446 4056 Balaam
1472 3974 1809 4056 existimant,

229 4045 470 4101 eruditos
485 4043 539 4097 in
556 4045 917 4097 astronomica
931 4043 1232 4113 disciplina,
1247 4053 1303 4098 et
1319 4045 1529 4098 stellam
1546 4043 1690 4096 illam
1705 4057 1814 4113 non

230 4132 301 4172 ex
329 4117 472 4170 notis
501 4114 666 4169 fuisse
692 4114 960 4168 sideribus
981 4154 996 4179 ,
1033 4112 1160 4182 quia
1197 4129 1298 4168 nec
1329 4115 1382 4168 in
1419 4113 1608 4168 eodem
1648 4112 1815 4167 coele-

234 4189 302 4244 sti
325 4187 514 4242 ordine
533 4185 870 4249 movebatur,
893 4192 953 4238 ut
977 4192 1204 4240 craterae.
1235 4185 1358 4240 Haec
1379 4184 1524 4239 enim
1546 4184 1614 4239 ad
1637 4183 1816 4237 locum

234 4261 291 4315 in
331 4273 437 4328 quo
459 4266 620 4312 natus
649 4264 767 4311 erat
799 4256 1081 4322 Dominus,
1112 4255 1592 4314 demonstrandum
1632 4253 1652 4293 ί
1681 4261 1818 4309 nutu

232 4330 467 4402 proprio
481 4329 781 4402 ferebatur.

306 4395 412 4456 A'lii
441 4401 631 4482 dicunt
671 4408 896 4482 nepotes
921 4399 1146 4482 Balaam
1185 4412 1335 4468 esse,
1369 4398 1466 4454 ﬁlii
1497 4398 1665 4466 Beor,
1691 4395 1819 4468 quia

238 4482 442 4529 sectam
473 4473 588 4540 ejus
615 4473 786 4526 secuti
810 4480 953 4527 sunt.

308 4543 412 4599 Alii
430 4538 615 4599 dicunt
629 4541 823 4600 Perses
850 4543 1040 4611 fuisse,
1058 4551 1118 4598 ut
1129 4549 1304 4600 metro
1321 4541 1592 4599 Cauomus
1610 4542 1634 4582 ε
1652 4538 1816 4596 dicit:

361 4656 503 4708 Tunc
521 4657 670 4721 jubet
694 4667 746 4709 et
771 4658 951 4709 Persas
975 4658 1194 4709 celerem
1219 4657 1521 4721 pertendere
1545 4666 1784 4718 gressum.

311 4741 661 4799 Hisnosvuus
689 4744 854 4800 dicit:
895 4742 1130 4799 Chaldaei
1159 4739 1341 4798 stellas
1378 4741 1508 4796 deos
1545 4755 1666 4795 esse
1694 4755 1823 4795 con-

244 4815 563 4900 ﬁrmabant,
607 4815 748 4871 unde
779 4831 966 4900 eorum
987 4815 1155 4900 “Deus
1199 4813 1590 4897 nuncupativus
1631 4825 1823 4866 verum

246 4887 450 4943 indicat
494 4886 696 4952 Deum;
730 4888 870 4942 unde
899 4895 954 4940 et
983 4883 1220 4940 Chaldaei
1250 4900 1372 4941 esse
1409 4883 1821 4949 existimantur,

247 4955 390 5040 quod
423 4959 589 5039 dicit:
623 4955 873 5040 ‘Vidintus
905 4955 1110 5040 stellam
1139 4955 1254 5039 ejus
1291 4957 1348 5009 in
1376 4953 1823 5040 criente.,‘id‘est,

248 5025 348 5085 nos
377 5028 432 5082 in
463 5028 670 5083 oriente
696 5029 874 5098 positi,
909 5029 1022 5098 siv_e
1052 5028 1118 5098 de
1144 5025 1355 5082 oriente
1392 5027 1445 5080 in
1467 5025 1820 5098 occidentem,

250 5099 458 5155 stellam
485 5109 661 5154 ortam
690 5094 940 5155 vidimus.
973 5095 1126 5151 Fixis
1145 5097 1386 5152 historiae
1405 5095 1698 5161 radicibus,
1719 5094 1829 5161 spi-

251 5169 465 5225 ritualia
493 5170 817 5225 intueamur.
860 5166 1138 5238 Bethleem
1167 5183 1288 5238 qua:
1319 5167 1704 5238 interpretatur
1736 5166 1832 5238 do-

250 5258 365 5297 mus
387 5241 561 5313 panis,
589 5240 858 5313 signiﬁcat
881 5235 1203 5308 Ecclesiam,
1229 5239 1344 5296 sive
1373 5235 1742 5304 cor—hominis,
1772 5235 1830 5294 in

239 5383 242 5386 '
324 5385 351 5446 9
375 5373 625 5446 Ineditr,
657 5372 744 5446 E1;
768 5373 1029 5430 Eucherio
1052 5372 1370 5446 praeﬁgitur.

323 5444 353 5485 δ
380 5445 542 5518 lbid.,
570 5444 656 5499 Ea:
685 5445 1028 5518 Hieronymo2

326 5525 348 5555 ο
377 5515 558 5589 Codex
579 5525 764 5589 noster
787 5513 976 5572 rursus
1005 5516 1284 5589 Frigulum
1320 5514 1572 5589 designat
1598 5513 1656 5572 in
1681 5528 1828 5572 mar-

326 5533 348 5555 υ
377 5533 558 5572 uouex
579 5533 764 5571 nosrer
787 5533 976 5572 rursus
1005 5533 1095 5572 ιιι-ι
1135 5533 1284 5571 mum
1320 5533 1404 5571 ue:

255 5588 412 5662 giae;
444 5586 987 5662 Ulricbius‘reposuit
1004 5605 1074 5662 ea:
1100 5533 1404 5662 iiutgentio.

325 5660 351 5699 ά
378 5661 578 5715 lterum
608 5658 739 5730 editi
764 5660 880 5714 haec
908 5657 1185 5730 Fulgentio
1216 5657 1515 5730 ascribunt.

330 5741 353 5769 θ
377 5731 545 5788 Paulo
570 5729 710 5786 infra
737 5730 906 5786 codex
925 5728 1107 5796 noster
1127 5731 1356 5786 inseruit
1375 5728 1585 5800 Friguli
1610 5742 1825 5795 nomen,

258 5801 347 5885 ubi
377 5802 500 5868 alii;
527 5802 671 5873 quod
694 5817 858 5885 quum
887 5800 1249 5885 praecedentia
1271 5801 1486 5885 videtur
1503 5801 1830 5885 .requirenre,

261 5881 429 5932 totum
464 5870 625 5949 quem
644 5870 906 5950 ponimus
923 5873 1132 5946 locum,
1159 5882 1343 5949 putem
1365 5889 1397 5932 a
1423 5870 1645 5947 Frigqu
1666 5871 1833 5958 colles

1844 1619 1856 1627 “
1882 1631 2072 1673 vocem
2089 1656 2104 1682 ,
2154 1611 2248 1669 sed

1864 535 1974 606 iur.
2008 535 2266 611 Herodes,
2299 535 2393 616 qui
2423 535 2815 616 interpretatur
2842 535 3122 616 pelliceus,
3152 537 3266 592 sive
3288 535 3451 616 pellis

1866 621 2071 694 gloriae,
2099 609 2370 694 signiﬁcat
2405 609 2677 694 diabolum
2705 609 3024 694 regnantem
3053 609 3110 691 in
3139 609 3362 694 mundo.

1937 679 2073 772 'i‘res
2101 679 2253 772 Magi
2269 679 2915 772 genusnhumanurn'cutn
2948 679 3195 772 physica,
3233 679 3412 772 c‘t‘liica
3432 718 3448 744 ,

1868 763 2063 835 logica,
2080 749 2414 835 signiﬁcant:
2440 756 2688 835 Physica,
2715 755 2766 810 id
2793 749 3212 835 est,nn'aturalis;
3235 749 3449 835 Ethica,

1870 818 2062 900 iduest,’
2082 818 2690 900 m3ralis,mores'enim
2717 824 2859 900 apud
2887 822 3106 900 Griecos
3131 820 3245 900 φερε
3272 818 3454 900 appel-

1869 889 2091 971 lantur;
2133 889 2354 974 Logica,
2391 899 2443 954 id
2471 906 2554 974 e_st
2577 889 2894 974 rationalis;
2919 891 3277 974 philosophia:
3305 889 3455 974 cnim

1871 958 2090 1048 species
2111 958 2244 1048 est,”
2257 958 2396 1048 ratio
2425 970 2568 1026 enim
2615 966 2840 1048 Gramen
2879 958 3027 1048 λξχος
3067 958 3284 1048 dicitur:
3314 958 3456 1042 Liagi

1873 1030 2324 1118 qui—sacerdotes
2351 1043 2708 1118 interrogant
2731 1079 2746 1104 ,
2799 1030 3111 1118 signiﬁcant
3154 1030 3458 1089 Ecclesiam

1874 1107 2145 1192 gentium;
2177 1114 2518 1192 sacerdotes,
2543 1107 2716 1192 legem
2739 1107 3221 1192 velnsxnagogam.

1944 1188 1976 1228 ιι
2007 1179 2366 1256 Quaerendum
2391 1183 2521 1254 quid
2555 1179 2796 1256 sitquod
2820 1179 3337 1256 Redemptorepatq
3357 1187 3459 1256 paf

1877 1245 2116 1317 storibus
2141 1257 2362 1328 angelus
2383 1245 2654 1328 apparuit,
2667 1245 2844 1328 'atqiie
2870 1250 2937 1304 ad
2963 1245 3300 1328 adorandum
3316 1245 3464 1328 hunc

1878 1313 2242 1402 ingeminat?
2269 1313 2539 1402 angelus,
2563 1313 2660 1379 sed
2699 1313 2854 1402 stella
2873 1318 3160 1402 perduxit:
3198 1313 3467 1402 Videlicet

1878 1385 2093 1459 iiii’aéis’
2107 1399 2318 1457 ratione
2342 1385 2626 1451 utentibus
2661 1385 2925 1449 rationaie
2963 1387 3197 1451 animal,
3218 1456 3226 1459 Α
3246 1385 3301 1441 id
3335 1390 3464 1459 est,

1881 1455 2430 1544 angelusvprzedicare
2467 1466 2674 1520 debuit.
2707 1462 2966 1544 Centilnes,
2998 1459 3127 1542 quia
3152 1456 3232 1512 uti
3255 1455 3469 1511 ratione

1881 1531 2234 1607 nesciebant,
2281 1539 2351 1594 ad
2395 1534 2830 1607 cognoscendum
2859 1531 3182 1607 Dominum,
3230 1542 3337 1607 non
3371 1539 3472 1607 per

2329 1624 2391 1664 er
2417 1595 2571 1678 signa
2600 1597 3001 1678 perducuntur;
3033 1599 3140 1654 illis
3163 1595 3474 1678 '.propl_ictia

1884 1631 2104 1682 vocem,
2154 1613 2248 1669 sed
2329 1624 2391 1664 er
2417 1613 2571 1678 signa
2600 1613 3001 1678 perducuntur;
3033 1613 3140 1654 nus
3163 1613 3284 1668 pro
3325 1613 3474 1651 neua

1884 1697 2170 1818 antiquamt
2188 1625 2464 1746 ﬁdelibus,
2500 1678 2621 1735 istis
2667 1676 2824 1749 signa
2868 1682 3130 1746 tanquam
3168 1613 3475 1726 inﬁdelibus

1923 1775 1956 1815 a
2043 1773 2145 1816 sun
2176 1794 2191 1810 .

1923 1767 2016 1816 ata
2043 1763 2191 1816 sunt.

2189 1868 2218 1944 §
2253 1868 2318 1926 II.
2360 1866 2608 1925 Sum-us
2635 1863 2848 1922 Vic'ron
2874 1861 3174 1919 CAPUANUS.

1960 2004 2150 2062 Sancti
2167 1999 2406 2060 Victoris
2427 1999 2670 2074 Capuani
2695 1997 2934 2070 episc0pi
2948 2010 3170 2061 nomen,
3186 2007 3339 2064 teque
3358 2004 3483 2063 pro-

1887 2098 2182 2172 pemodum
2208 2111 2273 2153 ac
2299 2093 2504 2166 Friguli
2548 2093 2788 2166 ignotum
2824 2091 2881 2145 in
2917 2089 3224 2144 litterarum
3251 2083 3481 2142 historia

1882 2192 2262 2264 jacet,quanto
2275 2197 2462 2245 tamen
2473 2186 2688 2260 dignius
2701 2183 2845 2256 quod
2859 2181 3082 2238 meliore
3094 2179 3238 2234 fama
3251 2177 3484 2233 circum-

1890 2285 2119 2343 feratur.
2145 2283 2246 2339 Cui
2273 2282 2330 2337 in
2364 2281 2541 2337 lucem
2569 2293 2767 2334 novam
2801 2273 3142 2332 restituendo
3171 2286 3329 2343 spero
3366 2268 3484 2324 fore

1891 2367 1956 2435 ut
1980 2393 2089 2434 non
2117 2375 2465 2432 mediocriter
2484 2372 2802 2437 inserviant,
2821 2384 2941 2440 quae
2954 2366 3270 2440 propediem
3289 2359 3488 2418 edituri

1893 2485 2084 2528 sumus
2115 2470 2170 2525 in
2192 2468 2371 2540 primo
2401 2465 2670 2539 Spicilegii
2701 2460 3064 2519 Soiesmensis
3090 2467 3262 2525 tomo,
3291 2457 3347 2511 in
3379 2469 3487 2526 quo

1895 2565 2198 2621 habentur:
2233 2563 2289 2617 1ο
2320 2560 2466 2618 Satis
2503 2557 2684 2630 ampla
2708 2556 3019 2628 fragmenta
3047 2567 3116 2607 ex
3144 2549 3290 2606 illius
3322 2547 3490 2604 Scho—

1896 2660 1982 2715 liis
2010 2661 2066 2714 in
2095 2657 2535 2723 Pentateuchum,
2569 2653 2868 2725 desumptis
2897 2669 2966 2708 ex
2991 2648 3490 2706 vetustissimorum

1898 2761 2183 2809 auctorum
2209 2750 2377 2806 sancti
2407 2746 2712 2819 Polycarpi,
2756 2743 3028 2817 Origenis,
3070 2740 3247 2797 Severi
3275 2736 3491 2794 Gabali-

1899 2845 2032 2923 tani,
2050 2842 2272 2897 Diodori
2287 2839 2579 2904 Tarsensis,
2597 2844 2725 2923 etc_.,
2754 2835 2972 2907 scriptis
2986 2830 3313 2904 deperditis;
3331 2829 3390 2884 2ο
3402 2827 3494 2883 ln-

1900 2917 2055 3006 signe
2069 2934 2436 3005 fragmentum
2462 2946 2530 2987 ex
2545 2917 2845 2985 illius‘iibro
2859 2924 3125 2992 Reticulo,
3147 2939 3244 2980 seu
3267 2922 3331 2978 de
3352 2920 3494 2976 Area

1905 3026 2054 3092 Noe;
2093 3025 2148 3081 ’5ο
2187 3024 2282 3081 His
2308 3023 2614 3080 luculenter
2638 3021 3001 3098 conﬁrmatur
3035 3017 3334 3074 auctoritas
3377 3013 3494 3069 fra-

1905 3126 2250 3188 gmentorum
2275 3129 2345 3171 ex
2368 3116 2560 3171 eodem
2583 3114 2757 3191 sancti
2779 3112 3064 3183 Polycarpi
3086 3109 3246 3165 Libro
3260 3107 3496 3178 Respon-

1831 3221 1878 3286 ο
1907 3209 2115 3265 sianum
2137 3223 2169 3262 a
2188 3206 2408 3264 Victore
2427 3205 2686 3275 Capuano
2717 3212 3098 3273 excerptorum
3116 3241 3130 3266 ,
3167 3215 3288 3271 quze
3332 3209 3496 3267 supra

1909 3300 2183 3356 habentur
2212 3299 2269 3355 in
2292 3297 2496 3355 Patro].
2515 3305 2645 3354 tom.
2665 3293 2984 3360 LXVlll;4°
3017 3291 3261 3360 Denique
3275 3287 3500 3343 accedat

1911 3390 2288 3461 interpretatio
2333 3388 2530 3443 Latina
2597 3385 3036 3457 Evangelicarum
3076 3380 3499 3435 Harmoniarum

1908 3481 2182 3538 Ammonii
2209 3479 2586 3546 Alexandrini,
2605 3477 2806 3532 ibidem
2827 3476 3054 3540 inserta,
3079 3489 3134 3544 p.
3162 3469 3290 3526 251.
3308 3469 3364 3522 5°
3379 3465 3506 3535 Qui-

1909 3575 2013 3632 bus
2042 3575 2260 3630 demum
2286 3573 2333 3629 si
2349 3571 2624 3628 addideris
2638 3583 2759 3640 qua:
2771 3567 3010 3622 variisin
3029 3561 3377 3620 collectaneis
3400 3575 3503 3615 saa-

1912 3668 2019 3723 culi
2047 3683 2128 3734 rx,
2161 3665 2447 3737 Smaragdi
2473 3663 2706 3729 scilicet,
2757 3659 2998 3716 Hrabani
3025 3666 3082 3713 et
3109 3657 3366 3720 aliorum,
3390 3649 3506 3721 jam

1910 3776 2076 3832 opera
2104 3758 2276 3815 sancti
2296 3757 2534 3813 Victoris
2549 3753 2793 3826 Capuani
2808 3753 2863 3808 in
2884 3750 3047 3821 iusta:
3069 3748 3228 3806 molis
3252 3745 3508 3801 volumen

1911 3851 2072 3907 facile
2107 3856 2438 3906 accrescent.
2473 3847 2628 3903 Unde
2650 3854 2711 3900 ut
2749 3845 2816 3899 de
2844 3843 3043 3914 insigni
3081 3849 3138 3896 et
3164 3839 3379 3894 erudito
3418 3835 3510 3891 illo

1915 3952 2136 3998 auctore
2157 3941 2370 4012 plenior
2412 3938 2606 3995 notitia
2652 3936 2955 4000 habeatur,
2989 3933 3077 3987 his
3125 3930 3378 3985 duximus
3421 3942 3513 3982 an-

1915 4035 2179 4092 nectenda
2197 4050 2319 4105 quae
2343 4033 2410 4089 de
2438 4047 2504 4088 eo
2527 4029 2696 4086 refert
2722 4027 3006 4100 Ugbellius
3029 4026 3088 4080 in
3114 4023 3268 4100 Italia
3298 4021 3465 4075 Sacra
3493 4037 3508 4074 :

1995 4149 2013 4182 ι
2045 4128 2276 4186 Sanctus
2300 4127 2510 4193 Victor,
2548 4133 2738 4181 sancto
2763 4122 3038 4180 Germano
3067 4106 3513 4180 rebus’humanis

1917 4227 2205 4292 exempto,
2267 4217 2563 4290 episcopali
2619 4218 2814 4272 throno
2866 4213 3182 4270 nobilitatus
3235 4216 3321 4264 est
3370 4219 3514 4261 anno

1918 4314 2019 4373 sal.
2050 4313 2180 4380 541,
2220 4313 2442 4368 ineunte
2482 4308 2784 4365 Februario
2823 4321 3029 4361 mense.
3083 4302 3239 4359 Sedit
3277 4299 3512 4355 sanctis-

1921 4407 2059 4464 sime
2101 4421 2274 4462 annos
2310 4403 2607 4469 tredecim,
2648 4409 2704 4458 et
2748 4400 2863 4457 dies
2905 4398 3128 4468 triginta
3172 4404 3317 4450 octo.
3370 4389 3516 4447 Obiit

1921 4514 2055 4556 vero
2098 4513 2243 4555 anno
2283 4497 2430 4565 554,
2481 4497 2702 4552 ineunte
2747 4491 2919 4564 Aprili
2958 4491 3044 4546 die
3086 4487 3344 4545 secunda.
3406 4483 3516 4541 Me-

1847 4581 1902 4642 Ῑ)
1927 4599 2171 4647 moratur
2213 4590 2268 4646 in
2309 4586 2695 4661 Martyrologio
2750 4583 2997 4638 Romano
3043 4579 3130 4636 die
3172 4577 3239 4632 17
3283 4575 3512 4642 Oetob.;

1923 4700 2094 4761 quem.
2125 4683 2530 4742 sanctissimum
2571 4688 2630 4736 et
2662 4677 3038 4735 doctissimum
3068 4673 3246 4730 virum
3281 4669 3518 4742 appellat

1923 4777 2100 4858 Beda,
2140 4778 2205 4832 de
2248 4776 2472 4832 Ratione
2515 4773 2852 4846 Temporum,
2895 4783 3015 4841 cap.
3049 4768 3140 4826 49.
3206 4761 3517 4822 Confutavit

1925 4855 2160 4942 namque
2199 4869 2517 4942 paschalem
2567 4866 2781 4940 cyclum
2815 4863 3079 4929 Victorii,
3121 4875 3216 4917 seu
3251 4855 3515 4915 Victorini

1927 4965 2216 5038 Aquitani,
2259 4972 2322 5021 ut
2362 4965 2506 5020 idem
2541 4961 2688 5019 Beda
2726 4967 2972 5017 testatur.
3029 4954 3160 5025 Ejus
3202 4952 3383 5025 cyclus
3429 4967 3517 5009 re-

1929 5069 2120 5134 ceptus
2163 5068 2221 5118 et
2260 5059 2646 5132 comprobatus
2687 5055 2789 5112 fuit
2830 5055 2888 5111 in
2929 5067 2986 5108 1v
3027 5046 3232 5120 synodo
3268 5043 3515 5102 Aurelia-

1928 5155 2105 5222 nensi,
2152 5168 2272 5210 can.
2309 5153 2339 5207 1
2385 5158 2440 5216 et
2479 5151 2533 5207 2.
2582 5149 2778 5206 Exstat
2814 5143 3056 5216 ejusdem
3090 5139 3326 5196 Victoris
3370 5152 3513 5207 pra:-

1929 5245 2065 5304 fatio
2126 5246 2183 5302 in
2244 5242 2700 5301 Concordantiam
2759 5233 3180 5309 Evangeliorum
3241 5226 3516 5286 Ammonii

1931 5393 2081 5514 latum
2105 5393 2220 5470 tam
2242 5399 2312 5442 ex
2335 5382 2553 5442 Victore
2580 5396 2745 5456 quam
2765 5393 2833 5436 ex
2869 5377 3200 5447 Hieronymo
3217 5413 3233 5440 ,
3273 5369 3517 5428 Juvenco

1982 5472 2215 5514 κίοι-ιο.

1982 5472 2224 5593 T8853)...
2255 5525 2684 5584 demonstrando.

2007 5601 2034 5641 ⁸
2063 5579 2734 5657 ciiiiliéiia'iiisii-Ev.
2765 5593 2913 5650 Idem
2938 5605 3129 5648 versus
3165 5584 3327 5660 paulo
3359 5579 3518 5641 aliter

1934 5671 1994 5730 in
2016 5673 2172 5740 edit.,
2199 5679 2255 5728 et
2280 5687 2412 5727 sane
2444 5666 2681 5724 notanda
2711 5664 2959 5743 lectionis
2984 5663 3224 5719 varietas
3253 5674 3267 5712 :

2057 5784 2198 5837 Tunc
2216 5783 2363 5848 jubet
2382 5780 2616 5834 Herodes
2636 5779 2816 5832 Persas
2847 5776 3154 5841 pertendere
3177 5782 3421 5838 gressum.

2008 5869 2038 5918 δ
2069 5867 2215 5932 Editi
2237 5867 2324 5932 his
2347 5870 2684 5942 pmmtmnt
2706 5859 3018 5938 Gregorium
3039 5866 3339 5919 auctorem.
