4222 6432
207 410 365 496 μς

190 583 437 815 (Vi:
1542 716 2293 875 PHOTII

185 1024 388 1333 ἓ
519 1077 1474 1170 PATRIARCHIE
1565 1068 3287 1168 CONSTANTINOPOLITANI

903 1366 1548 1494 OPERUM
1645 1360 2043 1487 PARS
2138 1361 2894 1492 SECUNDA.

1333 1831 2455 1947 DOGMATICA.

1575 2339 2214 2432 PIUEFATIO

615 2578 669 2636 .I.
719 2575 1313 2637 CHRISTOPHORI
1359 2575 1659 2638 WOLFII
1706 2574 1784 2634 IN
1837 2574 2118 2635 LIBROS
2162 2574 2247 2635 IV
2292 2575 2613 2637 CONTRA
2660 2573 3149 2636 MANICHIEOb

358 2749 506 2803 Sisto
556 2746 678 2807 tibi,
728 2746 943 2801 erudite
983 2747 1175 2815 lector,
1223 2763 1416 2803 novam
1463 2756 1968 2809 monumentorum,
2005 2747 2184 2801 adhuc
2234 2762 2341 2800 non
2392 2745 2679 2809 editorum,
2716 2743 3122 2803 collectionem,
3150 2739 3203 2792 in
3243 2748 3517 2809 posterum

290 2837 333 2890 si
370 2834 479 2888 Deo
517 2833 581 2887 Ο.
619 2832 686 2885 Μ.
732 2833 909 2887 visum
956 2833 1139 2900 fuerit,
1191 2850 1288 2905 per
1329 2835 1617 2889 fasciculos
1648 2834 1853 2903 aliquot
1887 2833 2329 2888 continuandam.
2370 2831 2503 2885 Nata
2547 2832 2682 2884 mihi
2724 2830 2812 2884 illa
2856 2838 2942 2884 est
2983 2839 3096 2882 tum
3121 2827 3357 2888 aliunde,
3406 2835 3516 2879 tum

291 2939 357 2977 ex
407 2921 717 2983 itineribus,
769 2938 889 2988 quae
937 2930 1063 2975 ante
1106 2924 1206 2977 hos
1239 2922 1473 2976 sedecim
1506 2935 1682 2974 annos
1706 2920 2002 2974 litterarum
2034 2935 2194 2974 causa
2227 2920 2531 2987 suscepisse
2580 2933 2687 2983 me,
2737 2932 2861 2971 cum
2913 2916 3191 2985 voluptate
3240 2912 3515 2967 recordor.

294 3009 507 3077 Accipis
538 3009 721 3076 itaque
751 3006 837 3060 hic
871 3010 1146 3075 specimen
1172 3008 1391 3077 duplex,
1445 3008 1675 3061 alterum
1722 3006 1788 3060 ad
1832 3022 2059 3070 sacram,
2107 3007 2336 3061 alterum
2365 3007 2431 3060 ad
2466 3006 2747 3074 profanam
2786 3005 3146 3058 litteraturam
3180 3002 3348 3073 magis
3394 3016 3522 3070 per-

293 3097 492 3148 tinens.
547 3094 622 3146 Ita
661 3093 805 3145 enim
854 3094 1016 3161 hujus
1068 3095 1300 3147 instituti
1349 3095 1589 3150 rationes
1638 3093 1947 3149 formandas
1989 3108 2110 3148 esse
2155 3092 2363 3163 putavi,
2418 3101 2479 3145 ut
2520 3091 2586 3145 ad
2632 3090 2929 3145 novitatem
2958 3091 3241 3145 accederet
3263 3088 3518 3143 varietas.

291 3186 499 3251 Agmen
536 3181 685 3235 ducit
737 3179 979 3244 PIIOlIUS,
1027 3181 1332 3249 patriarcha
1380 3183 1654 3250 quondam
1698 3181 2035 3244 CPolitanus,
2068 3196 2176 3234 non
2224 3180 2405 3233 minus
2451 3180 2519 3234 de
2554 3194 2613 3233 re
2644 3194 2796 3233 sacra
2829 3189 2886 3232 et
2918 3178 3309 3239 ecclesiastica,
3358 3191 3520 3245 quam

293 3270 491 3323 litteris
520 3268 881 3337 politioribus,
919 3269 1060 3337 apud
1099 3270 1336 3337 aequales
1390 3281 1443 3323 ct
1486 3278 1735 3340 posteros
1782 3267 2330 3323 commentationibus
2365 3267 2501 3331 suis,
2542 3281 2664 3334 quae
2712 3275 2927 3319 aetatem
2969 3266 3231 3330 tulerunt,
3264 3265 3521 3334 prteclare

295 3355 646 3424 promeritus.
692 3354 862 3421 Ilujus
908 3354 1030 3407 libri
1067 3353 1131 3409 IV
1164 3354 1360 3409 Contra
1399 3355 1715 3409 Manichwos
1760 3364 1971 3409 veteres
2003 3364 2059 3409 et
2087 3354 2420 3409 recentiores
2466 3353 2696 3417 exarati,
2726 3354 2922 3414 lucem,
2951 3368 3056 3421 qua
3085 3362 3267 3407 tamen
3296 3352 3523 3406 omnino

295 3444 439 3513 digni
485 3451 659 3504 erant,
698 3442 876 3494 adhuc
905 3456 1015 3494 non
1047 3440 1318 3494 viderunt.
1367 3441 1584 3495 Primus
1631 3457 1843 3504 eorum,
1890 3441 2085 3505 fateor,
2120 3457 2149 3495 a
2195 3441 2646 3510 praestantissimo
2676 3450 2732 3495 et
2760 3456 2923 3510 supra
2954 3440 3142 3495 laudes
3172 3455 3322 3494 meas
3345 3440 3521 3508 posito

294 3529 571 3583 Bcrnardo
601 3530 669 3582 de
697 3528 1043 3582 llontfaucon
1071 3544 1193 3582 cum
1244 3529 1433 3583 Latina
1466 3530 1718 3584 versione
1746 3530 1983 3584 insertus
2013 3538 2099 3582 est
2141 3528 2467 3582 Bibliotheca
2497 3526 2859 3589 Coislinianw,
2899 3542 3058 3595 quam
3104 3526 3389 3580 indefessa:
3420 3526 3520 3581 viri

292 3616 578 3670 industriae
622 3616 689 3669 ab
741 3631 886 3669 anno
926 3616 1062 3669 I7l5
1114 3616 1310 3669 debere
1342 3615 1628 3684 cepimus,
1664 3631 1783 3685 pag.
1819 3616 1921 3671 549
1970 3630 2120 3684 seqq.
2154 3616 2222 3669 At
2250 3630 2372 3669 cum
2405 3616 2680 3685 egregium
2723 3615 2857 3669 illud
2905 3612 3057 3683 Opus
3092 3614 3145 3667 in
3177 3615 3287 3668 oris
3319 3625 3521 3669 nostris

292 3704 469 3756 rarius
523 3703 742 3755 obvium
796 3704 887 3759 sit.
924 3704 1023 3755 ista
1076 3718 1202 3757 vero
1232 3700 1509 3756 Photianze
1549 3703 2021 3758 commentationis
2052 3718 2173 3771 pars
2202 3702 2342 3756 inter
2378 3710 2456 3756 tot
2485 3703 2589 3757 alia
2632 3702 2916 3771 praeclara,
2943 3717 3064 3770 qua;
3094 3701 3295 3755 ibidem
3325 3717 3521 3757 occur-

294 3803 441 3854 runt,
488 3791 771 3858 opuscula,
805 3790 958 3857 quasi
992 3789 1201 3857 sepulta
1226 3789 1496 3848 videatur.
1551 3805 1657 3843 non
1712 3790 1882 3843 solum
1912 3789 2214 3845 consultum
2243 3787 2451 3857 putavi,
2504 3788 2597 3842 sed
2642 3797 2698 3841 et
2727 3787 3118 3852 necessarium,
3151 3795 3211 3841 ut
3242 3787 3382 3844 idem
3430 3789 3519 3841 ille

291 3879 429 3932 liber
475 3879 683 3948 primus
730 3892 855 3931 cum
904 3878 1117 3931 caeteris
1166 3877 1340 3931 tribus
1390 3877 1478 3930 hic
1511 3877 1884 3931 recuderetur.
1936 3876 2104 3945 Hujus
2133 3877 2344 3929 consilii
2371 3876 2511 3929 hanc
2538 3884 2802 3944 praeterea
2833 3874 3009 3928 habeo
3056 3874 3341 3940 rationem,
3375 3876 3518 3943 quod

294 3964 564 4023 intellexi,
598 3962 864 4016 beneficio
892 3962 1095 4014 codicis
1127 3962 1330 4014 nostris
1361 3959 1806 4031 Hamburgensis,
1854 3976 2014 4029 quem
2049 3962 2102 4014 in
2150 3962 2386 4017 editione
2417 3962 2519 4015 hac
2546 3962 2889 4030 potissimum
2929 3969 3152 4014 secutus
3196 3976 3338 4026 sum,
3370 3962 3517 4016 varia

290 4055 410 4108 loca
462 4053 600 4106 male
640 4062 865 4120 accepta
917 4050 1209 4120 integritati
1248 4066 1359 4104 suae
1395 4051 1653 4105 vindicari
1690 4066 1866 4120 posse,
1916 4049 2058 4117 quod
2115 4048 2286 4117 ipsum
2340 4049 2473 4102 mihi
2515 4048 2855 4102 occasionem
2912 4047 3294 4115 suppeditavit,
3345 4049 3517 4102 inter-

291 4140 653 4210 pretationem
689 4137 961 4197 Latinam,
1010 4136 1250 4205 alioquin
1284 4136 1567 4206 optimam,
1618 4136 1747 4190 hinc
1775 4135 1901 4190 inde
1942 4135 2285 4191 emendandi.
2320 4133 2397 4189 Nc
2435 4135 2563 4204 quid
2613 4135 2682 4189 de
2733 4133 2875 4189 notis
2918 4134 3114 4196 dicam,
3146 4136 3344 4203 quibus
3374 4135 3517 4190 indi-

290 4242 417 4296 gere
448 4226 735 4279 videbatur
767 4224 982 4295 egregia
1013 4224 1272 4284 narratio,
1301 4239 1421 4292 quae
1448 4224 1654 4278 caneris
1680 4224 1950 4284 omnibus,
1982 4222 2049 4275 ad
2084 4222 2187 4277 hoc
2220 4230 2599 4290 argumentum
2630 4219 3023 4290 spectantibus,
3052 4230 3110 4274 et
3142 4220 3425 4286 brevitate,
3462 4232 3518 4275 et

292 4311 553 4366 dictionis
582 4311 781 4373 nitore,
828 4319 887 4363 et
942 4324 1123 4362 rerum
1160 4310 1314 4377 copia
1361 4309 1556 4363 merito
1602 4310 1906 4379 praefertur.
1942 4308 2370 4362 Laudatissimus
2399 4307 2838 4361 Montfauconius
2872 4306 2993 4361 libri
3019 4306 3181 4376 hujus
3206 4307 3366 4376 primi
3397 4307 3517 4361 edi-

289 4398 497 4451 tionem
533 4413 597 4451 ex
631 4396 846 4450 duobus
871 4395 1176 4459 codicibus,
1215 4395 1544 4450 Coislim'ano
1562 4397 1750 4457 altero,
1792 4395 1961 4449 altero
2010 4395 2325 4457 Colbertino,
2370 4394 2705 4464 procuravit,
2742 4408 2976 4462 quorum
3007 4394 3143 4447 alter
3170 4394 3325 4448 alteri
3351 4394 3517 4449 inter-

287 4486 421 4539 dum
465 4485 746 4553 suppetias
779 4484 920 4536 tulit.
956 4483 1093 4537 Num
1124 4484 1178 4537 in
1209 4492 1438 4551 utroque
1470 4491 1578 4536 tres
1607 4483 1798 4550 reliqui
1835 4483 1953 4537 libri
1984 4483 2274 4538 desiderati
2306 4481 2433 4545 sint,
2462 4481 2643 4535 dicere
2687 4496 2797 4533 non
2825 4480 3021 4536 habeo.
3062 4480 3219 4536 Certe
3250 4480 3302 4535 id
3332 4482 3515 4551 suspi~

288 4586 408 4633 cor,
450 4587 561 4625 non
585 4571 703 4624 sine
726 4569 839 4623 veri
872 4569 1075 4638 specie,
1113 4568 1238 4638 quia
1268 4567 1616 4623 doctissimus
1644 4569 1838 4630 editor,
1868 4570 2009 4637 quod
2055 4572 2190 4625 alias
2217 4573 2392 4624 facere
2433 4568 2734 4631 consuevit,
2788 4567 3001 4622 illorum
3048 4567 3101 4621 in
3126 4568 3331 4623 codicis
3358 4568 3516 4623 Cois-

290 4660 482 4714 liniani
513 4657 882 4726 descriptione
908 4672 1018 4710 non
1052 4656 1183 4710 facit
1212 4656 1566 4710 mentionem.
1620 4654 1871 4710 Fortasse
1901 4656 2181 4710 omissioni
2213 4659 2267 4709 in
2301 4665 2529 4723 utroque
2557 4654 2743 4709 codice
2773 4655 3114 4710 occasionem
3150 4656 3515 4725 suppeditavit

287 4746 599 4815 argumenti
644 4744 957 4807 diversitas,
995 4758 1119 4797 cum
1154 4742 1291 4796 liber
1338 4742 1427 4795 ille
1477 4743 1685 4810 primus
1738 4751 1949 4798 tantum
1994 4746 2062 4799 ad
2106 4744 2385 4799 historiam
2433 4743 2845 4805 Manichazismi.
2897 4753 3012 4799 tres
3039 4759 3170 4798 vero
3224 4745 3415 4813 reliqui
3446 4745 3515 4799 ad

286 4834 725 4889 confutationem
758 4832 1041 4890 doctrinae.
1078 4846 1198 4899 quae
1222 4830 1331 4899 jam
1363 4831 1432 4883 ab
1462 4830 1582 4883 aliis
1610 4840 1859 4899 suscepta
1889 4839 2024 4897 erat,
2060 4841 2114 4885 et
2140 4846 2245 4900 qua
2276 4831 2502 4899 proinde
2541 4829 2681 4884 forte
2711 4845 2823 4884 non
2858 4831 2995 4885 adeo
3038 4846 3173 4899 opus
3207 4831 3512 4888 videbatur.

291 4930 564 4990 spectent.
604 4918 661 4971 In
694 4928 886 4972 nostro
919 4916 1275 4971 Holsteniano
1318 4916 1523 4983 integra
1556 4919 1968 4983 commentatio,
2009 4919 2125 4973 sine
2169 4918 2472 4986 interrupto
2502 4917 2692 4972 ordine
2713 4957 2728 4981 ,
2769 4926 2966 4973 exstat.
2999 4915 3109 4971 Nec
3140 4917 3375 4971 dubitari
3408 4932 3509 4984 po-

292 5017 419 5066 test.
460 5007 528 5059 ab
554 5006 749 5059 eodem
780 5014 1005 5058 auctore
1042 5003 1209 5056 libros
1234 5003 1476 5071 singulos
1520 5018 1640 5057 esse
1688 5004 1977 5072 profectos,
2021 5021 2141 5059 cum
2183 5005 2237 5058 in
2272 5005 2419 5058 calce
2452 5005 2614 5073 primi
2644 5020 2773 5073 spes
2809 5005 3013 5058 diserte
3042 5003 3133 5058 flat
3166 5015 3509 5069 czeterorum,

291 5094 383 5164 qui
418 5093 853 5147 confutationem
881 5105 1127 5144 errorum
1174 5089 1465 5143 cxhibitnri
1512 5090 1639 5152 sint,
1674 5105 1738 5143 ac
1769 5100 2025 5159 praeterea
2070 5093 2183 5161 ipsa
2210 5092 2487 5145 scribendi
2520 5091 3031 5160 commentandique
3080 5091 3218 5145 ratio
3259 5090 3511 5145 Photium

293 5182 516 5235 referat.
550 5182 618 5233 At
648 5179 844 5232 librum
891 5193 929 5241 I,
968 5177 1218 5231 Photium
1259 5185 1536 5230 auctorem
1578 5176 1797 5241 habere,
1843 5187 2037 5247 preter
2073 5188 2332 5231 constans
2365 5178 2614 5232 codicum
2658 5193 2789 5231 mss.
2838 5178 3229 5242 testimonium,
3262 5178 3513 5233 dubitare

296 5286 404 5322 non
434 5268 567 5321 sinit
598 5265 933 5336 Euthymius,
984 5263 1075 5332 qui
1128 5272 1277 5331 parte
1328 5279 1364 5316 ll
1397 5264 1671 5331 Panoplice
1715 5280 1844 5327 suze,
1886 5265 2041 5318 titulo
2078 5263 2167 5323 2|.
2197 5264 2577 5333 compendium
2612 5264 2943 5319 narrationis
2985 5264 3263 5319 Photianat
3290 5265 3512 5322 totidem

295 5367 353 5410 ut
388 5353 681 5422 plurimum
709 5352 892 5405 verbis
925 5350 1163 5412 exhibet,
1193 5360 1250 5403 et
1280 5350 1478 5404 diserte
1507 5349 1704 5405 Photio
1732 5353 1935 5417 tribuit,
1962 5352 2028 5405 iis
2052 5351 2249 5415 verbis,
2279 5368 2397 5421 qua:
2426 5353 2479 5405 in
2512 5352 2654 5405 notis
2684 5352 2750 5405 ad
2786 5367 2840 5421 p.
2876 5352 2899 5404 l
2939 5353 3114 5407 attuli.

363 5440 541 5504 Atque
586 5436 702 5488 haec
734 5433 950 5503 quidem
979 5448 1139 5486 causa
1173 5442 1276 5497 est,
1310 5449 1406 5486 cur
1436 5442 1604 5486 totam
1641 5435 1779 5489 hanc
1820 5438 2165 5507 scriptionem
2214 5438 2268 5493 in
2318 5439 2491 5493 lucem
2530 5438 2911 5507 proferendam
2961 5440 3292 5501 censuerim.
3319 5450 3515 5495 nactus

295 5522 545 5593 inprimis
576 5523 629 5575 in
677 5521 791 5590 ipsa
826 5521 925 5573 hac
958 5519 1091 5573 urbe
1132 5528 1239 5572 tam
1282 5519 1546 5589 insignem
1594 5524 2071 5589 opportunitatem.
2108 5525 2439 5580 Bibliotheca
2474 5526 2621 5580 enim
2650 5535 2833 5582 nostra
2862 5527 3074 5596 publica
3105 5528 3247 5582 inter
3297 5527 3512 5584 Gnaeos

294 5612 530 5673 codices,
562 5622 699 5676 quos
732 5605 1044 5660 liberalitati
1074 5606 1507 5673 praestantissimi
1561 5607 1719 5662 Lucaa
1762 5608 2047 5677 Ilolstenii,
2090 5612 2224 5669 civis
2265 5614 2459 5675 nostri,
2504 5614 2687 5679 debet,
2733 5615 2957 5668 exhibet
3004 5613 3212 5684 insigne
3257 5617 3511 5671 volumen

293 5698 499 5753 ordinis
530 5695 772 5765 majoris,
805 5693 969 5761 quod,
1014 5704 1211 5761 praeter
1259 5694 1567 5763 Serapionis
1606 5704 1660 5748 et
1696 5695 1797 5751 Titi
1831 5697 2137 5756 Bostrensis
2183 5712 2369 5756 contra
2402 5700 2725 5756 Manichazos
2777 5700 2997 5770 scripta,
3049 5700 3341 5756 Photianas
3393 5703 3512 5757 illas

288 5805 451 5847 curas
478 5786 879 5856 complectitur.
914 5783 1260 5838 Monumenta
1308 5784 1393 5839 illa
1446 5785 1673 5857 singula,
1711 5787 2161 5857 quemadmodum
2202 5797 2256 5844 et
2310 5792 2565 5860 pleraque
2588 5804 2777 5845 eorum
2818 5805 2937 5859 quae
2981 5786 3290 5846 Holstcnius
3323 5791 3511 5845 biblio-

603 5882 869 5945 Ptmton.
916 5881 1031 5942 Gn.
1079 5881 1205 5942 Cll.
3221 5889 3242 5945 1
