4222 6432
729 369 777 429 ll
1837 373 1888 428 J.
1935 371 2110 430 (ΖΠΗ.
2154 370 2391 428 WOLFI

2284 371 2421 428 LFII
2472 371 2860 430 PREFATIH
3889 373 3951 436 12

722 485 895 537 thecae
932 484 1128 528 nostrae
1166 475 1384 542 legavit,
1415 477 1708 543 ἀπόγραφα
1739 479 2017 540 exhibent,
2056 492 2118 530 ex
2157 478 2311 530 bonae
2341 479 2843 546 antiquissimchue
2879 491 3018 532 notae
3049 481 3346 543 codicibus,
3389 496 3417 534 a
3449 483 3738 536 recentiori
3789 499 3950 538 manu

721 567 1006 635 diligenter
1035 573 1273 625 exarata,
1312 573 1362 614 et
1415 563 1480 614 ab
1530 561 1831 625 Ilolstcnio,
1869 579 1967 616 ceu
2000 579 2063 615 ex
2099 563 2301 615 notulis
2332 565 2656 631 quibusdam
2708 567 3092 634 marginalibus
3138 579 3322 634 patere
3369 567 3601 629 videtur,
3658 573 3949 638 recognita.

722 660 970 710 FortaSSi-
1007 654 1218 704 illorum
1253 651 1462 718 capiant
1501 651 1596 718 ipsi
1627 651 1754 703 fecit
1783 651 2102 703 bibliotheca
2133 649 2408 712 Vaticana,
2441 653 2597 719 cujus
2625 667 2807 704 curam
2847 653 3056 721 agebat.
3093 651 3264 720 Hujus
3296 655 3622 722 conjecturae
3655 656 3791 708 hanc
3819 673 3948 708 cau-

719 759 830 793 sam
874 743 1044 794 habeo
1078 741 1156 793 (Il.
1191 740 1511 791 Laurentius
1562 740 1861 792 Alexander
1892 741 2210 808 'l.acagnius,
2240 739 2482 807 ejusdem
2531 739 2872 794 bibliotheca:
2916 740 3188 807 quondam
3224 742 3534 808 przefectus.
3563 752 3618 796 et
3650 759 3738 796 an.
3792 745 3947 806 1712,

717 831 785 881 96
820 827 977 880 Febr.
1012 844 1133 880 cum
1170 827 1472 878 litterarum
1501 829 1708 894 jactura
1741 828 1861 879 fatis
1896 826 2134 891 functus,
2184 843 2247 879 ex
2285 827 2422 878 libro
2475 842 2488 877 ι
2551 826 2750 887 Photii,
2787 835 2896 878 tum
2939 842 3045 879 non
3076 827 3242 890 edito,
3275 827 3432 881 aﬂert
3457 830 3630 882 locum
3666 830 3947 892 illustrem,

718 934 825 984 quo
859 915 1049 984 prec-sul
1081 914 1524 983 diligentissimus
1560 913 1828 976 Archelai,
1863 914 2258 967 Carcharorum
2298 914 2560 983 episcopi,
2605 913 2930 967 industriam
2981 917 3034 967 in
3073 917 3484 982 compescendis
3532 916 3945 971 Manichzeorum

723 1015 966 1057 veterum
999 1001 1286 1054 conatibus
1317 1001 1631 1052 collocatam
1680 1001 1877 1053 laudat.
1919 1002 2049 1053 lium
2083 1001 2219 1053 inl'ra
2248 1001 2300 1053 in
2346 1001 2491 1054 notis
2523 1003 2708 1054 monui
2743 1018 2864 1055 eum
2905 1004 3217 1072 apograplio
3251 1001 3603 1057 llolsteniano
3631 1005 3702 1057 ita
3743 1019 3947 1057 conve-

721 1094 860 1155 nire,
887 1101 944 1144 ut
976 1091 1120 1142 nulla
1153 1105 1374 1158 prorsus
1403 1087 1702 1142 differentia
1750 1089 1850 1142 nisi
1903 1088 1954 1140 in
1990 1089 2152 1142 unius
2196 1089 2384 1142 litterae
2421 1089 2718 1156 scriptione
2757 1090 3092 1143 observetur.
3146 1089 3283 1144 Hine
3331 1091 3639 1159 conjectura
3688 1091 3816 1145 mihi
3889 1090 3948 1144 ﬁt

723 1181 1060 1234 llolstenium
1116 1187 1362 1230 ttostrttttt
1411 1178 1625 1238 eodem,
1675 1193 1832 1244 quem
1885 1177 1926 1229 is
1961 1177 2168 1238 habuit,
2214 1177 2400 1229 codice
2441 1193 2598 1230 usum
2641 1177 2829 1230 fuisse.
2875 1178 3087 1242 Quanta
3135 1193 3261 1231 vero
3291 1194 3421 1232 cura
3457 1179 3764 1247 exemplum
3819 1178 3948 1232 illud

723 1267 1154 1325 llolstenianum,
1189 1280 1253 1316 ex
1283 1264 1552 1331 primitivo
1585 1279 1688 1314 non
1715 1265 1892 1315 minus
1928 1264 2208 1332 castigato,
2245 1263 2574 1331 descriptum
2623 1265 2710 1327 sit,
2754 1266 2833 1319 vel
2866 1281 2927 1318 ex
2960 1281 3024 1318 eo
3057 1276 3202 1334 patet
3261 1266 3403 1334 quod
3453 1266 3581 1319 illud
3612 1281 3776 1318 unum
3802 1281 3944 1319 sem-

721 1373 815 1425 per
846 1356 983 1409 bene
1015 1355 1228 1410 habeat.
1275 1353 1360 1404 ubi
1406 1352 1532 1413 duo,
1585 1350 1949 1404 (loislinianus
1987 1359 2040 1402 et
2095 1351 2461 1410 Colhcrtinus.
2504 1367 2565 1404 ex
2618 1352 2814 1421 quibus
2862 1354 2944 1406 Cl.
3001 1352 3431 1406 Montfauconius
3467 1369 3617 1406 suam
3657 1353 3946 1406 editionem

720 1443 950 1505 curavit,
986 1439 1348 1499 dissentiunt;
1391 1439 1585 1504 passim
1626 1454 1750 1489 vero
1777 1441 1936 1490 etiam
1968 1438 2201 1505 utrique,
2233 1438 2323 1490 ubi
2359 1439 2506 1492 labes
2538 1452 2638 1501 est,
2664 1449 2964 1504 succurrat,
2988 1449 3042 1493 et
3078 1440 3162 1492 vix
3216 1455 3321 1493 una
3351 1438 3585 1492 alterave
3611 1439 3725 1492 vice
3758 1453 3947 1493 neces-

720 1535 930 1585 sitatem
967 1529 1096 1581 mihi
1137 1527 1470 1593 imposuerit,
1518 1541 1544 1577 a
1577 1525 1805 1578 lectione
1834 1526 1999 1592 ipsius
2028 1525 2334 1578 recedendi.
2365 1525 2619 1594 Ewtttpla
2653 1527 2812 1594 hujus
2847 1528 3159 1580 assertionis
3183 1527 3234 1578 in
3269 1527 3430 1588 notis,
3457 1526 3643 1585 lector,
3678 1525 3946 1588 invenies,

719 1636 838 1688 quze
869 1617 1189 1675 effecerunt,
1223 1622 1279 1665 ιιι
1315 1622 1501 1665 nostro
1534 1613 1868 1680 potissimum
1911 1613 2080 1664 codici
2116 1614 2415 1680 putaverint
2449 1615 2829 1666 insistemlum.
2886 1615 2941 1666 In
2987 1629 3093 1682 quo
3129 1624 3304 1666 tamen
3343 1614 3558 1680 negotio
3583 1613 3652 1665 ita
3704 1621 3948 1664 versatus

721 1724 857 1769 sum,
896 1714 952 1757 ut
985 1719 1092 1756 non
1125 1701 1450 1770 negligerem
1493 1699 1867 1752 auctoritatem
1895 1699 2123 1751 duorum
2164 1699 2371 1752 illorum
2402 1700 2808 1763 Parisiensium,
2850 1716 2983 1768 quos
3010 1701 3086 1752 (ΙΙ.
3123 1698 3554 1752 Montfauconius
3594 1708 3811 1752 secutus
3843 1708 3944 1751 est.

723 1797 841 1848 Istis
879 1808 1005 1846 vero
1035 1789 1254 1858 adjunxi
1286 1787 1664 1856 compendium
1699 1786 2138 1855 Euthymianum,
2172 1796 2329 1854 prout
2356 1787 2390 1839 l.
2432 1804 2480 1839 c.
2519 1788 2569 1839 in
2600 1787 2857 1856 Panoplia
2891 1798 3066 1840 exstat
3111 1785 3421 1856 Tergobysti
3455 1786 3638 1839 Graece
3666 1801 3755 1838 an.
3790 1785 3947 1846 1710,

721 1887 815 1936 fol.
849 1884 1014 1944 edita,
1051 1890 1102 1932 et
1128 1895 1154 1931 a
1187 1895 1272 1931 me.
1304 1879 1452 1936 olim,
1477 1877 1617 1944 quod
1647 1876 1710 1928 ad
1746 1877 1883 1928 hanc
1914 1887 2117 1943 partem
2150 1885 2376 1944 spectat,
2415 1875 2702 1939 descripta.
2759 1874 2881 1928 [hec
2904 1876 3048 1926 enim
3086 1890 3292 1926 summa
3317 1875 3514 1942 passim
3549 1873 3716 1926 nostri
3749 1872 3948 1926 codicis

723 1975 983 2024 lectiones
1029 1968 1259 2020 asseruit
1301 1975 1350 2017 ct
1389 1963 1696 2016 vindicavit.
1749 1963 2002 2016 Praesidio
2045 1979 2206 2031 porro
2235 1963 2363 2016 mihi
2405 1961 2504 2014 fuit
2554 1960 2694 2014 Petri
2743 1960 2906 2014 Siculi
2940 1963 3172 2012 Historia
3216 1959 3680 2028 (Manichmorum)
3741 1973 3806 2011 ex
3841 1973 3945 2010 ms.

720 2060 904 2112 t'O'llt'f‘
935 2055 1275 2110 bibliotheca
1313 2052 1579 2104 Vaticana:
1609 2051 1791 2103 Grrece
1823 2066 1944 2103 cum
1975 2050 2161 2103 Latina
2199 2064 2443 2102 versmne
2470 2049 2614 2102 edita
2658 2065 2753 2117 per
2785 2048 3090 2101 Matth-(eum
3128 2047 3418 2107 Raderum,
3454 2047 3758 2116 lngolstadii
3788 2046 3942 2107 1604.

722 2145 862 2195 ιιι-4.
900 2143 1032 2193 Cum
1067 2140 1230 2200 enim,
1265 2137 1404 2206 quod
1439 2137 1665 2188 subinde
1703 2137 1755 2189 in
1787 2137 1928 2189 notis
1960 2136 2194 2196 ostendi,
2231 2136 2456 2206 insignis
2484 2138 2625 2189 inter
2655 2137 2830 2190 Photii
2863 2149 2915 2190 et
2960 2135 3101 2190 Petri
3131 2137 3292 2189 Siculi
3325 2136 3810 2189 «ominentationes
3835 2135 3945 2188 alli-

723 2234 860 2283 uitas
892 2229 1208 2284 intercedat,
1243 2226 1365 2293 quia
1411 2224 1460 2275 in
1505 2223 1852 2276 recensendis
1899 2235 2139 2276 veterum
2176 2222 2591 2277 Manichzrorum
2623 2225 2784 2278 rebus
2827 2224 3042 2278 eosdem
3073 2234 3340 2288 auctores,
3381 2225 3433 2276 in
3477 2238 3735 2276 novorum
3765 2233 3943 2276 autem

720 2316 963 2367 canalem
1005 2324 1230 2380 uterque
1264 2311 1528 2363 rationem
1563 2310 1733 2363 secuti
1765 2319 1911 2371 sunt,
1967 2310 2077 2362 ﬁeri
2109 2325 2215 2363 non
2267 2313 2458 2380 potuit,
2492 2313 2622 2381 quin
2665 2328 2806 2382 satpe
2840 2315 2884 2365 is
2919 2314 3208 2382 genuinam
3245 2313 3531 2367 lectionem
3574 2312 3941 2373 conﬁrmaret,

719 2412 1030 2468 t'ut'rttplattt
1076 2409 1254 2450 autem
1291 2400 1599 2465 contigeret.
1655 2395 2117 2459 Quemadmodum
2156 2396 2393 2450 vicissim
2427 2399 2490 2464 is,
2540 2401 2629 2468 qui
2670 2401 2824 2453 istam
2862 2400 3004 2453 Petri
3036 2399 3200 2453 Siculi
3237 2402 3531 2453 Historiam
3573 2399 3944 2468 recognitione

721 2501 772 2542 i-t
810 2491 1056 2541 versione
1097 2500 1254 2546 nova,
1292 2498 1449 2551 quam
1496 2481 1718 2536 omnino
1751 2482 1993 2552 requirit,
2037 2482 2241 2552 dignari
2280 2484 2430 2549 velit,
2491 2501 2597 2540 non
2646 2502 2835 2556 parum
2871 2486 3094 2542 subsidii
3127 2505 3191 2542 ex
3224 2485 3487 2542 Pltotiana
3518 2487 3617 2540 hac
3650 2485 3944 2556 scriptione

723 2579 820 2632 κὼὶ
850 2594 970 2629 cum
1006 2575 1210 2628 ratione
1237 2573 1530 2642 promittet.

790 2706 919 2767 Qua}
956 2701 1083 2753 dum
1113 2713 1372 2758 memoro,
1410 2712 1518 2748 non
1553 2711 1769 2764 possunt
1803 2711 1908 2747 non
1944 2693 2242 2764 signiﬁcare
2274 2693 2687 2756 dubitationem,
2721 2709 2882 2761 quam
2917 2695 2967 2748 in
3002 2694 3144 2748 notis
3166 2695 3301 2748 meis
3334 2693 3610 2763 professus
3639 2711 3781 2758 sum,
3804 2706 3859 2750 et
3887 2695 3940 2748 in

721 2808 823 2859 qua
864 2805 946 2843 me
977 2789 1154 2841 adhuc
1185 2788 1388 2839 luerere
1422 2783 1610 2845 fateor,
1643 2793 1761 2834 uter
1793 2782 2000 2835 scilicet
2033 2783 2224 2834 horum
2270 2781 2498 2834 alterum
2535 2780 2587 2832 in
2621 2781 2910 2834 scribendo
2955 2781 3197 2836 imitatus
3239 2783 3502 2836 videatur.
3537 2785 3775 2836 Alterum
3807 2783 3940 2838 alte-

723 2883 834 2930 rius
875 2876 1096 2944 vestigia
1137 2873 1397 2941 pressisse
1433 2887 1537 2923 non
1584 2869 1870 2931 dubitabit,
1918 2868 2009 2936 qui
2042 2879 2330 2936 utrumque
2374 2869 2633 2936 scriptum
2681 2869 3094 2934 comparaverit,
3141 2881 3192 2922 et
3237 2871 3314 2922 vel
3346 2886 3408 2922 ea
3459 2872 3662 2938 legerit,
3707 2888 3939 2939 quorum

724 2964 981 3017 indicium
1025 2961 1135 3029 ipse
1178 2959 1299 3011 feci.
1340 2957 1612 3010 Proferam
1661 2957 1746 3008 hic
1798 2971 1963 3007 unum
1997 2955 2392 3009 convenientia:
2435 2967 2832 3025 argumentum,
2885 2958 3044 3026 idque
3097 2973 3217 3009 meo
3243 2957 3450 3025 judicio
3483 2957 3839 3020 luculentum,
3872 2973 3940 3012 ex

723 3066 874 3103 num.
911 3047 971 3098 Vl
999 3047 1126 3116 (col.
1150 3046 1262 3114 25).
1301 3044 1377 3097 lbi
1409 3043 1643 3112 potiores
1668 3041 2080 3096 Manichaeorum
2116 3041 2478 3094 recentiorum
2508 3055 2720 3094 errores
2743 3041 2806 3092 ad
2829 3057 2919 3092 sex
2949 3040 3125 3108 capita
3159 3049 3501 3093 revocantur.
3533 3039 3782 3094 Totidem
3809 3059 3940 3096 con-

724 3138 900 3190 stituit
943 3136 1132 3188 Petrus
1179 3132 1390 3186 Siculus
1423 3148 1474 3200 p.
1530 3132 1594 3185 l7
1635 3145 1744 3198 seq.
1783 3129 1894 3184 lloc
1922 3145 1950 3182 a
1979 3130 2196 3183 nemine
2226 3139 2468 3181 veterum
2506 3127 2621 3180 ﬁeri
2656 3127 2896 3180 memini.
2934 3127 2998 3180 Et
3028 3127 3068 3180 si
3108 3126 3305 3179 factum
3335 3138 3498 3190 esset,
3537 3129 3618 3181 vel
3650 3130 3726 3182 sic
3760 3140 3938 3183 tamen

723 3223 916 3278 rationi
948 3223 1072 3274 huic
1102 3236 1256 3274 suum
1288 3226 1564 3274 constaret
1611 3218 1844 3287 pondus,
1878 3219 2000 3286 quia
2044 3217 2294 3284 utrinque
2330 3216 2469 3268 idem
2516 3216 2670 3276 ordo,
2716 3226 2769 3268 et
2828 3214 3030 3268 eadem
3064 3215 3333 3268 interdum
3369 3217 3593 3283 phrases
3642 3217 3937 3270 observan-

723 3325 828 3367 tur.
878 3311 1160 3378 Compara,
1192 3324 1396 3376 qumso,
1435 3322 1553 3375 quae
1595 3307 1661 3360 de
1702 3306 1876 3374 primo
1912 3303 2340 3358 Paulieianorum
2379 3317 2563 3354 errore
2599 3302 2740 3370 apud
2779 3312 3021 3354 nostrum
3073 3301 3343 3371 leguntur,
3378 3317 3500 3355 cum
3554 3303 3657 3368 his,
3703 3321 3824 3373 qua:
3871 3321 3937 3360 ex

725 3398 906 3452 Siculo
934 3395 1122 3449 Latine
1159 3393 1429 3464 proferam
1466 3410 1477 3445 :
1521 3412 1538 3443 ι
1568 3391 1804 3445 Primum
1829 3392 2041 3445 illorum
2070 3391 2280 3444 axioma
2310 3401 2415 3453 est,
2448 3391 2555 3443 duo
2580 3406 2758 3442 rerqu
2792 3405 2912 3442 esse
2935 3390 3223 3458 principia,
3262 3388 3427 3441 Deum
3464 3390 3662 3442 malum
3694 3400 3748 3443 et
3771 3391 3937 3444 Deum

725 3485 924 3536 bonum
958 3503 969 3536 :
1017 3484 1286 3551 aliumque
1321 3480 1481 3548 hujus
1511 3479 1695 3532 mundi
1727 3480 2065 3533 conditorem
2100 3494 2161 3531 ac
2196 3477 2517 3546 principem,
2556 3487 2610 3530 et
2643 3477 2806 3530 alium
2855 3478 3016 3530 futuri
3047 3477 3166 3530 aevi.
3203 3505 3272 3514 —
3307 3480 3416 3546 Age
3441 3479 3546 3539 dic,
3585 3479 3779 3546 inquit,
3809 3479 3941 3546 quid

724 3589 823 3627 nos
849 3590 876 3624 a
907 3571 1164 3625 Romanis
1196 3567 1468 3624 secernit?
1499 3569 1704 3635 seipsos
1735 3567 1877 3619 enim
1928 3565 2190 3620 exsecrati
2229 3565 2323 3628 illi,
2355 3575 2410 3618 et
2452 3565 2639 3618 nefarii
2683 3580 3009 3633 prorsusque
3043 3565 3236 3634 ingrati
3282 3574 3336 3616 et
3374 3565 3560 3632 perﬁdi
3597 3565 3939 3621 Christianos

723 3669 1060 3727 nuncupant,
1098 3674 1197 3711 nos
1247 3667 1426 3710 autem
1477 3670 1602 3708 vere
1649 3654 1870 3715 Christi,
1925 3653 2035 3707 veri
2082 3651 2176 3705 Dei
2233 3653 2399 3705 nostri
2423 3651 2795 3720 cognomines,
2837 3650 3130 3711 Romanos,
3164 3651 3384 3703 ethnico
3415 3653 3632 3704 nomine
3659 3656 3936 3721 proprium

724 3755 1028 3816 permutare
1059 3745 1258 3805 conati,
1287 3743 1576 3812 appellant.
1609 3769 1673 3778 -—-
1699 3741 1961 3793 Asserunt
1987 3750 2166 3793 autem
2212 3739 2605 3807 sejunctionem
2637 3752 2786 3790 suam
2818 3752 2847 3789 a
2891 3738 3047 3790 nobis
3077 3737 3129 3789 in
3164 3737 3267 3789 hoc
3303 3737 3620 3802 consistere,
3655 3740 3798 3806 quod
3834 3741 3936 3808 ipsi

720 3836 936 3903 quidem
965 3834 1129 3886 alium
1162 3833 1310 3884 aiant
1343 3846 1461 3883 esse
1490 3829 1657 3881 Deum
1687 3828 1871 3880 mundi
1903 3827 2256 3886 conditorem,
2290 3836 2342 3879 et
2373 3825 2557 3888 alimn,
2590 3841 2749 3892 quem
2778 3824 2989 3877 Patrem
3021 3824 3297 3878 etelcstem
3330 3825 3614 3887 vocabant,
3655 3827 3936 3882 exclusum

719 3940 748 3974 a
792 3920 975 3974 mundi
1021 3919 1508 3978 administratione,
1541 3915 1760 3981 solaque
1787 3914 1836 3965 in
1867 3914 2168 3966 aeternitate
2199 3912 2588 3965 dominantem.
2633 3929 2650 3960 ι
2686 3909 2813 3964 Uter
2853 3911 2942 3963 hic
2973 3919 3153 3962 utrum
3190 3910 3426 3972 duxerit,
3475 3920 3570 3962 aut
3596 3915 3931 3978 seculussit,

719 4011 946 4061 arduum
977 4006 1138 4059 fuerit
1168 4004 1412 4059 deﬁnire.
1461 4001 1657 4055 (litatis
1701 4000 2041 4068 investigatio
2083 4000 2169 4052 hic
2203 4014 2315 4050 rem
2347 4013 2455 4051 non
2497 3997 2810 4052 confecerit.
2850 3997 3087 4051 Fuerunt
3117 3997 3261 4049 enim
3298 3997 3550 4063 aequales,
3583 4008 3634 4051 et
3661 4001 3857 4053 sarculo
3881 4017 3932 4055 ιι

718 4093 892 4146 medio
924 4094 1256 4144 claruerunt.
1300 4089 1573 4148 Photium,
1625 4087 1686 4139 A.
1722 4089 1781 4140 (Σ.
1818 4087 1939 4147 858,
1973 4084 2333 4152 patriarcham
2383 4084 2542 4138 CPoli
2586 4087 2937 4138 constitutum
2973 4099 3091 4137 esse
3137 4095 3188 4136 et
3222 4087 3282 4137 A.
3324 4085 3417 4137 89f
3460 4085 3662 4138 obiisse
3697 4097 3925 4141 constat.

717 4180 857 4249 Lege
905 4182 1043 4231 hanc
1091 4178 1144 4230 in
1194 4192 1304 4230 rem
1358 4175 1654 4228 doctissimi
1707 4173 2125 4239 amicissimique
2165 4173 2325 4224 nobis
2352 4170 2435 4226 Jo.
2469 4171 2672 4224 Alberti
2716 4171 2945 4222 Fabricii
2980 4170 3350 4222 Bibliotliecam
3380 4171 3638 4232 ercam,
3669 4182 3798 4226 tom.
3834 4173 3927 4237 IX,

716 4285 768 4335 p.
798 4266 900 4320 369
934 4277 988 4320 et
1029 4266 1150 4319 570.
1205 4263 1420 4317 Petrum
1454 4261 1693 4315 Siculum
1723 4260 1912 4314 eodem
1960 4269 2202 4328 tempore
2235 4259 2428 4312 vixisse
2461 4273 2525 4312 ex
2563 4257 2706 4310 calce
2749 4257 2993 4309 Historia:
3029 4257 3147 4322 ejus
3199 4268 3440 4325 apparet.
3476 4259 3723 4312 Referam
3772 4277 3931 4330 argu-

715 4365 954 4406 mentum
989 4352 1165 4404 verbis
1195 4349 1426 4402 Mattlnei
1460 4347 1676 4410 Raderi,
1711 4347 1932 4399 editoris
1961 4346 2100 4413 ejus,
2139 4361 2258 4413 quae
2307 4345 2358 4398 in
2407 4344 2589 4396 limine
2629 4343 2790 4395 libelli
2849 4343 2918 4395 ita
2956 4344 3206 4411 leguntur
3247 4363 3258 4396 :
3311 4363 3326 4393 α
3373 4345 3513 4397 Vixit
3546 4344 3736 4398 Petrus
3779 4348 3933 4403 Sicu-

716 4441 796 4492 lus
833 4441 896 4492 Α.
927 4438 984 4491 Ρ.
1014 4438 1073 4492 C.
1116 4437 1404 4506 N.ipr:eter
1453 4443 1670 4504 propter
1702 4433 1824 4497 870,
1853 4448 1958 4501 quo
2003 4442 2239 4501 tempore
2278 4448 2344 4486 ex
2380 4431 2607 4499 imperio
2649 4429 2826 4482 Basilii
2875 4438 2928 4482 et
2960 4431 3193 4484 ﬁliorum
3226 4431 3563 4486 Constantini
3608 4445 3660 4488 et
3697 4433 3927 4498 Leonis,

715 4538 1096 4603 imperatorum
1117 4529 1374 4596 Orientis,
1395 4528 1600 4599 legatus
1622 4525 1913 4588 Tibricam,
1934 4525 2201 4577 Armeniae
2231 4523 2521 4585 civitatem,
2548 4532 2602 4576 ut
2627 4524 2693 4576 de
2715 4522 3048 4588 captivorum
3080 4523 3472 4590 permutatione
3489 4537 3672 4595 ageret
3694 4567 3708 4590 ,
3733 4531 3931 4586 missus

712 4635 812 4686 est,
839 4637 1166 4690 causamque
1187 4621 1434 4684 feliciter,
1457 4627 1516 4674 ut
1539 4621 1653 4688 ipse
1674 4617 1931 4672 extremis
1953 4625 2136 4670 narrat
2159 4617 2526 4686 paginis,cum
2553 4631 2745 4669 novem
2778 4615 3007 4668 Tibrica'.
3038 4631 3254 4670 menses
3285 4627 3527 4672 moratus
3552 4631 3717 4685 esset,
3747 4632 3926 4678 trans-

713 4717 839 4780 egit.
877 4733 894 4762 ι
930 4713 1113 4780 Itaque
1151 4721 1377 4779 uterque
1429 4724 1722 4779 provocare
1754 4709 1930 4777 potuit
1964 4709 2018 4760 in
2048 4709 2250 4776 scripto
2279 4723 2378 4760 suo
2408 4709 2474 4760 ad
2503 4723 2585 4769 ea,
2633 4723 2752 4775 qua:
2777 4723 2806 4760 a
2841 4706 3148 4761 Manichaeis
3176 4723 3271 4760 sua
3295 4719 3450 4762 aetate
3477 4721 3624 4778 gesta
3653 4714 3737 4766 vel
3777 4716 3927 4770 vide-

713 4807 801 4864 rit,
849 4802 932 4855 vel
971 4801 1258 4854 audiverit.
1302 4799 1382 4852 Cl.
1425 4798 1853 4859 Montfauconio,
1907 4815 1961 4868 p.
2005 4799 2107 4851 349
2151 4795 2480 4849 Bibliotheca:
2521 4792 2865 4847 Coislinianw
2925 4793 3251 4847 narrationis
3296 4794 3440 4849 illius
3475 4796 3754 4853 Photianae
3805 4817 3929 4870 pars

711 4890 943 4943 maxima
980 4896 1038 4941 ut
1069 4887 1362 4956 plurimum
1391 4886 1674 4954 desumpta
1705 4885 1916 4938 videtur
1957 4901 2022 4939 ex
2059 4885 2283 4938 historia
2327 4883 2392 4936 de
2436 4892 2558 4936 ortu
2599 4897 2886 4952 progressu
2937 4892 2990 4934 et
3018 4897 3212 4935 occasu
3249 4882 3667 4939 Manichaeorum
3699 4903 3728 4941 a
3765 4889 3928 4943 Petro

711 4977 893 5029 Siculo
936 4975 1225 5042 descripta.
1281 4973 1336 5024 In
1385 4972 1628 5025 eamdem
1674 4972 2001 5025 sententiam
2047 4971 2264 5038 penitus
2291 4970 2682 5035 concederem,
2731 4970 2832 5023 nisi
2892 4970 3168 5032 obstaret,
3204 4972 3348 5038 quod
3391 4972 3618 5027 Photius
3642 4976 3694 5028 in
3737 4975 3926 5031 limine

707 5061 1034 5116 narrationis
1065 5075 1173 5113 sum
1218 5059 1392 5114 varios
1436 5058 1570 5111 alios
1602 5058 1858 5128 allegans,
1911 5073 2144 5126 quorum
2178 5072 2340 5126 opera
2386 5073 2514 5111 usus
2545 5058 2634 5123 sit,
2675 5057 2915 5113 Siculum
2948 5067 3192 5112 nostrum
3246 5069 3407 5126 tacet,
3446 5062 3513 5115 ad
3544 5078 3703 5132 quem
3743 5073 3923 5120 tamen

706 5167 804 5218 pro
852 5149 1108 5208 candore,
1160 5146 1252 5214 qui
1299 5145 1535 5213 alioquin
1587 5145 1640 5196 in
1691 5159 1757 5198 eo
1790 5146 2126 5208 observatur,
2157 5145 2260 5199 hoc
2287 5149 2474 5217 magis,
2507 5149 2772 5217 siquidem
2819 5164 2880 5203 ea
2917 5165 3046 5202 usus
3085 5150 3298 5211 fuisset,
3344 5163 3733 5220 provocaturus
3759 5154 3926 5210 fuisse

707 5236 938 5295 videtur,
987 5233 1129 5302 quod
1161 5231 1335 5299 ipsum
1383 5233 1543 5285 rebus
1574 5241 1760 5286 contra
1797 5229 2118 5284 Manichaaos
2156 5233 2316 5301 gestis
2349 5235 2658 5288 interfuisse
2699 5251 2763 5288 ex
2799 5236 2916 5304 ipsa
2953 5237 3406 5292 commentatione
3434 5249 3636 5293 nosset.
3672 5239 3921 5296 Vicissim

704 5321 787 5372 vix
817 5321 928 5373 veri
960 5321 1176 5374 videtur
1204 5318 1399 5384 simile,
1430 5317 1649 5372 Petrum
1702 5318 1944 5371 Siculum
1984 5319 2159 5372 Photii
2195 5319 2397 5372 forulos
2432 5320 2770 5389 compilasse,
2799 5322 2851 5373 in
2887 5321 3075 5390 primis
3111 5322 3163 5374 in
3197 5322 3278 5387 iis,
3315 5340 3432 5391 quze
3463 5326 3527 5377 ad
3563 5329 3924 5380 recentiorum

704 5407 1149 5467 Manichaeorum,
1186 5421 1280 5459 seu
1323 5403 1782 5467 Paulicianorum,
1815 5405 2092 5458 historiam
2139 5416 2403 5473 speetant.
2448 5407 2526 5459 Ad
2574 5421 2691 5460 eam
2725 5407 2870 5460 enim
2902 5408 3246 5461 scribendam
3278 5410 3563 5464 invitatum
3606 5421 3661 5465 et
3705 5428 3925 5480 permo-

705 5503 820 5546 tum
850 5508 908 5546 se
949 5494 1025 5547 ait
1055 5493 1319 5561 legatione
1356 5492 1518 5559 regia,
1547 5507 1648 5559 qua
1678 5491 1731 5543 in
1760 5491 1889 5553 oris,
1946 5490 2032 5544 his
2067 5491 2379 5546 hominibus
2408 5492 2641 5557 refertis,
2687 5494 3004 5563 perfunctus
3031 5495 3120 5548 sit.
3169 5494 3342 5549 Verba
3375 5498 3446 5549 ita
3482 5499 3680 5551 habent
3711 5497 3922 5558 Latine.

705 5604 756 5646 ῃ.
785 5585 852 5637 '5:
881 5603 897 5634 ι
928 5585 1068 5652 Ergo
1093 5598 1219 5636 vero
1253 5582 1506 5636 inductus
1541 5582 1616 5634 rei
1650 5581 1976 5634 necessitate
2003 5581 2106 5634 hoc
2126 5583 2366 5636 muneris
2392 5583 2626 5651 suscepi.
2646 5584 2861 5652 quando
2880 5585 3022 5653 regia
3055 5585 3319 5654 legatione
3350 5585 3738 5654 perfuncturus
3770 5590 3836 5642 ad
3858 5605 3922 5645 ea

704 5680 819 5727 lora
850 5675 1076 5735 accessi,
1103 5675 1220 5742 ipso
1259 5673 1468 5726 excidio
1494 5671 1703 5740 imperii
1729 5671 1905 5725 Basilii
1936 5670 2108 5740 Magni
2141 5673 2483 5740 imperatoris
2510 5676 2699 5738 nostri,
2727 5689 2755 5725 a
2793 5671 2902 5727 Deo
2939 5659 3158 5737 delecti,
3188 5685 3293 5730 etc.
3329 5675 3496 5729 Porro
3526 5677 3731 5747 legatus
3759 5679 3922 5744 ibam,

704 5779 754 5815 ut
783 5769 848 5817 de
873 5765 1203 5834 captivorum
1237 5764 1632 5833 permutatione
1652 5777 1890 5830 agerem,
1930 5771 2035 5817 etc.
2064 5762 2290 5818 Tibricze
2320 5765 2479 5836 igitur
2505 5765 2781 5834 legationis
2803 5766 3064 5821 obeunda:
3102 5782 3262 5821 causa
3297 5769 3434 5836 apud
3469 5768 3804 5828 Paulicianos
3832 5773 3923 5829 diu
