4222 6432
270 403 329 466 13
1102 397 1181 457 IN
1229 397 1491 459 PHOTII
1542 396 1811 457 LIBROS
1852 396 1937 457 C0

1852 396 2145 457 CONTRA
2188 398 2656 459 ΜΑΝΙΟΗΕΟς.
3432 395 3497 460 ιι

266 522 521 571 moratus,
543 524 684 577 saepe
720 506 1045 577 disputando
1077 523 1196 561 cum
1228 508 1332 561 illis
1360 522 1476 560 sum
1498 521 1839 575 congressus,
1862 505 2181 574 illornmqne
2223 522 2415 561 arcana
2447 509 2624 561 omnia
2650 522 2745 575 per
2778 507 3087 562 Catholicos
3111 508 3273 562 etiam
3305 506 3375 561 ibi
3402 508 3496 561 de-

265 610 447 668 gentes
470 599 684 651 curiose
711 596 1047 663 investigavi,
1086 615 1102 643 ι
1136 606 1239 647 etc.
1273 594 1368 647 llic
1394 595 1596 646 clarum
1630 604 1730 656 est,
1762 592 1978 645 Petrum
2006 593 2167 643 videri
2197 594 2331 645 velle
2358 610 2541 647 eorum
2568 605 2922 655 narratorem,
2954 610 3073 663 quae
3108 594 3190 647 vel
3214 604 3358 663 gesta
3384 594 3495 662 ipsa

266 686 473 745 viderit,
503 684 583 736 vel
631 698 694 735 ex
728 683 1023 749 aequalibus
1061 692 1116 735 et
1143 680 1452 734 Manichazis
1474 682 1761 733 audiverit.
1801 680 2047 731 Fortasse
2080 681 2256 747 itaque
2285 681 2361 732 sie
2391 682 2737 733 statuendum
2771 680 2949 743 fuerit,
2984 680 3201 734 Petrum
3248 682 3493 732 Siculum

266 770 438 823 Photii
472 768 987 821 commentationem
1018 779 1142 822 ante
1168 768 1354 822 oculos
1378 768 1631 821 habuisse
1655 768 1704 819 in
1732 767 2033 820 enarranda
2066 778 2306 819 veterum
2335 766 2751 820 Manichaeorum
2787 768 3006 820 historia
3029 777 3082 820 et
3106 767 3371 827 doctrina.
3397 768 3493 819 de-

268 857 411 918 inde,
449 872 577 907 vero
603 856 692 907 tibi
736 856 798 907 ad
833 856 1197 908 recentiorum
1232 871 1317 908 res
1350 856 1495 923 (nam
1519 855 1780 908 ethorum
1808 854 2079 907 doctrinas
2102 854 2289 906 eodem
2319 856 2496 913 modo,
2532 870 2635 921 quo
2661 853 2904 913 I’hotius,
2939 855 3492 922 recensetlpervene-

268 953 365 1001 rat,
391 943 667 1011 proprium
697 942 921 995 fundum
947 944 1303 995 consuluisse.
1329 941 1394 995 Et
1421 958 1549 995 sane
1580 942 1840 995 minorem
1872 943 1921 993 in
1946 951 2180 993 extrema
2206 941 2511 994 narratione
2536 942 2674 994 inter
2698 952 2985 1010 utrumque
3027 943 3343 1009 scriptorem
3364 956 3495 994 con-

269 1031 593 1083 vcnienliam
626 1028 1051 1097 deprehendisse
1093 1031 1221 1082 mihi
1260 1031 1464 1090 videor,
1499 1045 1657 1097 quam
1683 1044 1802 1097 qum
1835 1028 1886 1080 in
1924 1026 2106 1079 limine
2137 1037 2190 1080 et
2214 1027 2624 1080 continuatione
2650 1028 2828 1095 operis
2854 1036 3097 1094 apparet.
3119 1026 3243 1079 Veri
3280 1042 3495 1094 quoque

268 1127 347 1169 est
375 1116 622 1175 similius,
657 1115 871 1167 Petrum
910 1118 1175 1178 Siculum,
1207 1117 1521 1183 scriptorem
1564 1126 1755 1167 caetera
1789 1112 2140 1183 incognitum,
2176 1114 2407 1180 peritum
2441 1115 2652 1175 ducem,
2687 1131 2845 1183 quem
2875 1122 3210 1183 sequeretur,
3242 1114 3490 1181 elegisse,

268 1218 424 1269 quam
458 1202 734 1262 Photium,
775 1204 1046 1256 hominem
1080 1204 1128 1255 in
1163 1203 1449 1255 scribendo
1478 1202 2007 1255 exercitatissimum.
2046 1197 2263 1253 Monere
2304 1200 2535 1269 denique
2581 1212 2635 1253 et
2677 1203 2777 1254 hoc
2820 1202 2997 1262 liceat,
3043 1200 3285 1253 Siculqu
3318 1214 3492 1266 asque,

269 1305 329 1341 ac
362 1287 637 1349 Photium,
679 1305 730 1356 p.
765 1291 825 1341 l7
873 1301 925 1342 et
960 1291 1021 1342 Ql
1075 1290 1322 1341 Ilistorim
1357 1305 1466 1342 sure
1505 1290 1819 1357 promittere
1851 1288 2272 1343 confutationem
2317 1288 2721 1351 Illanicbaaismi,
2769 1288 2875 1339 imo
2919 1287 3104 1339 eadem
3150 1288 3493 1355 perfunctum

270 1389 406 1433 esse,
441 1390 524 1434 ea,
560 1391 677 1441 qure
724 1374 915 1429 Photio
954 1391 1011 1428 se
1042 1377 1308 1444 probavit,
1349 1376 1574 1427 ratione.
1617 1375 1858 1428 Raderus
1884 1376 2048 1435 enim,
2080 1375 2105 1443 ς
2136 1378 2167 1429 4
2196 1375 2634 1428 Prtemonitionis
2661 1390 2772 1428 sua:
2802 1374 2865 1427 ad
2907 1372 3070 1427 Siculi
3124 1374 3390 1437 libellum,
3429 1390 3493 1428 ex

268 1460 382 1513 Jac.
426 1459 698 1513 Sirmundi
762 1463 862 1513 IIIIC
920 1462 1101 1524 refert,
1160 1464 1386 1514 duorum
1441 1463 1696 1529 capitum,
1752 1476 1816 1514 ex
1880 1477 1972 1514 sex
2022 1463 2146 1527 illis,
2214 1464 2279 1515 (le
2332 1464 2530 1530 quibus
2584 1462 2742 1515 modo
2800 1462 3055 1526 diximus,
3114 1462 3495 1515 refutationem

272 1557 483 1599 exstare
544 1547 595 1598 in
642 1548 967 1601 bibliotheca
1010 1548 1262 1601 Vaticana
1325 1564 1485 1599 manu
1548 1558 1842 1607 exaratam,
1910 1563 2136 1616 eamque
2202 1564 2265 1601 ex
2342 1549 2502 1601 nudis
2568 1564 2734 1617 prope
2797 1549 3099 1602 divinarum
3168 1549 3494 1603 Litterarum

271 1633 599 1685 testimoniis
621 1644 951 1686 contextam.
977 1634 1120 1687 Idem
1154 1636 1257 1687 hoc
1294 1633 1484 1687 Photio
1514 1651 1657 1688 cura:
1678 1634 2014 1702 potissimum
2035 1635 2198 1688 fuisse
2226 1649 2331 1687 non
2370 1635 2603 1703 negabit,
2631 1636 2720 1703 qui
2750 1636 2946 1688 librqu
2975 1637 3092 1703 ejus
3142 1651 3179 1688 ιι
3216 1637 3298 1689 vel
3322 1638 3497 1689 obiter

272 1720 591 1786 inspexerit.

338 1806 607 1875 Quidquid
660 1809 821 1875 hujus
863 1809 984 1868 erit,
1020 1808 1355 1861 eruditorum
1404 1823 1510 1860 non
1561 1824 1699 1860 unus
1735 1808 1951 1875 dignum
2004 1807 2214 1859 censuit
2272 1807 2375 1858 hoc.
2424 1822 2581 1874 opus,
2629 1808 2771 1874 quod
2815 1807 2866 1859 in
2906 1809 3079 1861 lucem
3113 1810 3385 1863 ederetur.
3424 1809 3498 1863 Ita

273 1894 609 1948 Abrahamus
660 1895 1132 1957 llincltelmannus,
1166 1898 1192 1947 ὁ
1223 1897 1551 1964 μακαρίτης,
1583 1896 1943 1961 praedecessor
1990 1910 2160 1953 meus,
2189 1894 2253 1946 de
2285 1894 2487 1946 Graecis
2520 1894 2671 1946 libris
2701 1910 2807 1946 non
2844 1896 3021 1948 minus
3054 1899 3307 1965 prreclare
3336 1915 3496 1965 quam

272 1984 336 2035 de
366 1981 754 2043 Orientalibus,
798 1983 1209 2049 promeriturus,
1243 1982 1345 2035 luci
1378 1982 1427 2035 id
1459 1998 1577 2035 cum
1611 1982 1855 2033 versione
1881 1995 1973 2033 sua
1998 1981 2203 2042 Latina,
2239 1980 2393 2047 cujus
2416 1991 2623 2047 partem
2662 1982 2982 2049 perfecerat,
3011 1984 3332 2037 destinabat.
3369 1985 3500 2038 Vide

272 2070 621 2121 Deiectionem
647 2070 974 2136 fundamenti
1013 2068 1310 2129 liti/uniuni,
1336 2085 1391 2137 p.
1426 2069 1490 2121 δί
1522 2078 1572 2120 et
1606 2068 1726 2120 19.3.
1760 2067 1905 2119 Illius
1935 2068 2248 2134 ἀπόγραφον
2290 2084 2393 2118 una
2428 2082 2548 2119 cum
2598 2067 2910 2135 Serapionis
2954 2080 3007 2122 et
3045 2071 3149 2123 Titi
3191 2070 3499 2126 Bostrensis

272 2155 821 2208 connuentationibus
851 2170 1012 2221 supra
1046 2156 1375 2215 memoratis,
1406 2155 1624 2208 devenit
1657 2164 1837 2221 postea
1875 2154 1926 2205 in
1953 2170 2142 2207 manus
2165 2153 2373 2206 Sebast.
2411 2153 2661 2207 Gottfritli
2694 2154 2917 2208 Starckii
2939 2195 2951 2215 ,
2987 2157 3305 2225 professoris
3327 2176 3501 2227 quon-

268 2242 389 2294 dam
424 2243 730 2311 linguarum
765 2239 1026 2294 Oricutal.
1057 2241 1583 2310 Gryphiswaldensis
1632 2256 1693 2294 ac
1736 2241 1931 2294 deinde
1990 2242 2187 2295 scholae
2220 2242 2487 2309 equestris
2543 2242 3080 2313 Brantlenburgensis
3116 2248 3493 2307 moderatoris,

269 2330 359 2397 qui
395 2330 556 2382 telam
594 2329 659 2381 ab
689 2327 1116 2381 llinckelmanno
1158 2339 1386 2398 emptam
1443 2340 1786 2397 pertexturus
1840 2339 1971 2389 erat,
2008 2330 2049 2381 si
2104 2345 2199 2397 per
2246 2329 2348 2382 fata
2386 2330 2646 2383 licuisset.
2694 2330 2832 2400 Lege
2859 2332 2999 2385 illius
3030 2334 3397 2401 prafationem
3430 2336 3492 2388 ad

273 2420 468 2471 librum
504 2414 679 2468 Kelila
711 2416 1015 2477 Il'adiinna,
1052 2416 1237 2471 Grtece
1273 2418 1339 2471 ab
1371 2417 1488 2486 ipso
1524 2418 1748 2478 editum,
1804 2418 1855 2469 in
1903 2418 2066 2480 calce,
2110 2426 2157 2469 et
2203 2416 2391 2471 confer
2430 2416 2509 2470 Cl.
2553 2416 2765 2471 Martini
2818 2417 3085 2473 Dietericb
3154 2423 3497 2491 Programma

270 2506 570 2575 singulare,
602 2503 835 2557 Berolini
878 2520 966 2557 an.
1001 2504 1126 2557 l7ll
1167 2505 1462 2574 vulgatum,
1492 2513 1547 2558 et
1590 2504 1861 2557 memoria
1899 2503 1995 2556 viri
2029 2504 2215 2572 optimi
2251 2504 2599 2556 destinatum.
2646 2504 2791 2557 Idem
2835 2505 3047 2559 animus
3079 2508 3175 2561 fuit
3212 2508 3497 2563 Laurentis

270 2592 576 2646 Alexandro
603 2591 867 2659 Zacagnio
898 2607 1057 2659 supra
1093 2592 1329 2654 laudato,
1376 2592 1518 2660 quod
1550 2607 1615 2644 ex
1641 2590 1961 2643 Praefatione
1991 2592 2110 2659 ejus
2142 2592 2206 2644 ad
2248 2601 2452 2643 tomum
2501 2592 2517 2643 Ι
2572 2590 3021 2646 Collectaneorum
3053 2596 3497 2649 Monumentornm

272 2691 503 2734 veterum
535 2678 784 2731 Ecclesia:
829 2679 1043 2743 ercw,
1086 2696 1136 2748 p.
1191 2680 1277 2741 15,
1322 2678 1676 2748 intelligitur:
1730 2696 1745 2727 ‹
1783 2677 1888 2730 Sed
1926 2686 1983 2729 ut
2030 2675 2097 2728 ad
2148 2676 2494 2739 Archelaum,
2542 2678 2717 2746 inquit
2758 2678 2821 2742 is,
2866 2680 3099 2745 redeam,
3148 2695 3361 2752 reperto
3402 2686 3501 2738 hoc

274 2768 647 2819 vetustissimo
676 2766 938 2818 adversus
961 2766 1283 2821 Maniehreus
1305 2766 1499 2834 Opere,
1523 2766 1586 2818 ad
1608 2764 1823 2818 nefariae
1841 2764 2155 2817 eorumdcm
2176 2764 2442 2818 htereseos
2474 2765 2753 2819 historiam
2778 2769 3226 2823 conscribendam
3261 2772 3500 2824 animum

272 2854 513 2912 admovi,
534 2855 690 2921 eique
724 2870 829 2905 non
860 2855 1017 2907 modo
1048 2854 1308 2923 integram
1337 2853 1583 2906 Archelai
1616 2850 2058 2919 disputationem,
2096 2851 2185 2903 sed
2218 2861 2271 2904 et
2314 2852 2487 2904 Photii
2519 2854 2838 2920 patriarchae
2870 2854 2974 2908 (ΣΡ.
3008 2857 3169 2911 libros
3199 2857 3261 2909 IV
3310 2860 3492 2912 adter-

273 2957 368 2994 sus
405 2940 733 2993 Manichmos
766 2956 862 2993 suo
911 2950 1151 3008 tempore
1185 2942 1377 2994 iterum
1414 2950 1648 3001 exortes,
1686 2939 1895 3005 aliaque
1946 2937 2109 2988 multa
2155 2937 2331 2990 adhuc
2376 2938 2578 2991 inedita
2628 2942 2918 3009 magnique
2965 2943 3209 2997 facienda
3262 2956 3504 2998 veterum

276 3038 558 3082 auctorum
589 3028 804 3095 scripta,
855 3028 1169 3095 appendicis
1210 3030 1328 3080 loco
1362 3028 1687 3094 subiungere
1714 3026 2055 3079 decreveram
2096 3044 2105 3075 :
2154 3026 2245 3077 sed
2284 3026 2722 3080 doctissimorum
2768 3029 3004 3083 virorum
3038 3033 3262 3084 consdio
3305 3032 3502 3086 factum

275 3124 380 3178 est,
430 3126 487 3167 ut
520 3114 569 3166 in
602 3123 942 3167 antecessum
986 3125 1105 3167 acta
1150 3114 1250 3167 ista
1283 3114 1335 3166 in
1381 3114 1554 3181 primo
1584 3113 1928 3169 Collectionis
1958 3124 2154 3167 nostra?
2200 3124 2344 3168 tome
2374 3116 2685 3173 ederentur.
2725 3136 2741 3167 ι
2797 3116 2999 3171 Ilorum
3045 3120 3223 3188 itaque
3259 3122 3504 3190 exemplo

276 3201 546 3255 adductus
586 3200 652 3253 de
688 3200 1019 3268 perficiendo
1059 3201 1161 3253 hoc
1197 3200 1411 3268 negotio
1444 3200 1555 3268 jam
1586 3208 1712 3252 ante
1747 3199 1947 3267 aliquot
1980 3216 2170 3262 annos,
2210 3202 2492 3255 consilium
2524 3203 2665 3271 cepi,
2695 3219 2868 3273 nuper
2917 3221 3045 3259 vero
3074 3209 3215 3260 serio
3248 3210 3501 3277 cogitavi.

276 3298 564 3357 postquam
606 3286 711 3339 vidi
756 3287 833 3338 Cl.
865 3286 1123 3339 Iacobum
1157 3288 1405 3356 Basnag.,
1445 3287 1495 3338 in
1530 3285 1835 3353 Specimine
1869 3301 2039 3346 novre.
2072 3303 2231 3354 quam
2260 3290 2518 3357 suscepit,
2557 3290 2809 3343 editionis
2838 3293 3187 3359 Antiquarum
3224 3296 3499 3349 lectionum

275 3374 506 3436 (lanisii,
536 3373 847 3440 Serapionis
878 3382 925 3425 et
958 3372 1061 3425 Titi
1098 3372 1400 3425 Bostrensis
1433 3373 1630 3439 scripta
1678 3381 1862 3425 contra
1906 3373 2228 3431 Manichaeos
2273 3390 2335 3427 ex
2376 3376 2685 3445 apograpbo
2709 3376 2910 3430 codicis
2950 3377 3307 3442 Ilolsteniani,
3359 3387 3498 3451 quo~l

276 3478 308 3515 a
343 3462 403 3515 S.
440 3461 632 3514 Rever.
664 3459 747 3513 Jo.
789 3458 1063 3512 Friderico
1098 3458 1436 3520 Wincklero,
1475 3458 1673 3528 collega
1724 3474 1844 3512 meo
1887 3459 2353 3526 conjunctissimo,
2408 3464 2635 3531 accepit,
2669 3462 2852 3516 Graece
2882 3465 3138 3529 edidisse,
3185 3483 3307 3521 cum
3340 3481 3495 3523 antea

279 3550 353 3603 ibi
400 3546 591 3601 Latine
624 3557 829 3599 tantum
872 3547 1198 3615 legerentur.
1232 3545 1549 3599 Consultum
1598 3546 1779 3614 itaque
1814 3547 2089 3613 putabam,
2136 3547 2367 3611 eIIicere,
2405 3558 2461 3601 ut
2512 3549 2776 3602 triumviri
2811 3550 2918 3612 isti,
2958 3566 3093 3620 quos
3122 3552 3311 3606 eodem
3344 3557 3497 3609 volu-

280 3636 426 3688 mine
460 3649 558 3686 ms.
599 3633 815 3699 junctos
862 3633 1128 3693 videbam,
1173 3633 1385 3701 publice
1421 3632 1473 3684 in
1501 3640 1775 3699 posterum
1804 3648 1908 3686 non
1945 3642 2128 3687 essent
2173 3634 2449 3702 disjuncti,
2489 3635 2541 3689 in
2588 3636 2775 3704 primis
2805 3652 2927 3689 cum
2957 3638 3215 3703 viderem,
3249 3641 3496 3695 Pbotium

281 3721 335 3773 in
364 3718 757 3771 Confutatione
816 3732 910 3769 sua
961 3718 1191 3770 duorum
1239 3718 1465 3771 istorum
1509 3717 1746 3771 laborem
1790 3719 2059 3787 supplere.
2119 3719 2193 3772 Illi
2235 3721 2401 3780 enim.
2436 3731 2495 3773 ut
2543 3722 2610 3775 de
2658 3721 2879 3775 historia
2926 3723 3194 3778 htereseos
3240 3729 3488 3795 pestilen—

281 3806 501 3859 tissimze
528 3811 726 3864 tacent,
764 3817 1090 3871 erroresque
1122 3804 1268 3872 ipsos
1318 3803 1671 3871 argumentis,
1700 3818 1761 3856 ex
1800 3804 2005 3858 ratione
2034 3813 2087 3858 et
2122 3806 2461 3874 philosophia
2514 3807 2716 3875 petitis,
2755 3821 3102 3879 Oppugnant;
3154 3812 3225 3865 ita
3274 3812 3498 3869 Pbotius

281 3894 591 3947 narratione
634 3891 890 3945 historica
927 3891 1140 3963 egregie
1190 3890 1551 3960 perfungitur,
1601 3906 1665 3944 ac
1694 3890 1931 3944 furorem
1964 3892 2177 3945 illorum
2207 3892 2489 3945 hominum
2525 3907 2588 3945 ex
2635 3892 2910 3962 Scriptura
2952 3895 3216 3950 diviniore
3274 3913 3498 3969 compe-

280 3980 539 4034 scendam
580 3977 828 4046 sumpsit.

349 4068 426 4120 Ita
459 4067 601 4119 enim
649 4066 887 4118 rationes
923 4079 1047 4117 suas
1094 4064 1149 4117 in
1184 4070 1298 4116 toto
1334 4078 1499 4131 opere
1533 4062 1636 4115 hoc
1668 4062 1899 4116 instituit
1944 4063 2187 4131 Pbotius,
2234 4074 2292 4119 ut
2331 4066 2423 4118 lib.
2458 4082 2472 4118 I
2506 4076 2711 4120 tantum
2741 4068 3021 4122 historiam
3051 4072 3243 4135 tradat,
3280 4073 3496 4142 reliquis

279 4168 406 4206 vero
454 4152 695 4221 potiores
744 4166 929 4204 eorum
985 4165 1197 4203 errores
1245 4148 1522 4217 proﬂiget;
1574 4159 1733 4217 atque
1776 4150 1931 4211 adeo,
1995 4150 2085 4203 lib.
2129 4168 2199 4213 ιι,
2258 4162 2443 4205 contra
2490 4168 2582 4205 eos
2636 4154 2867 4215 evincat.
2923 4154 3088 4209 Deum
3136 4159 3385 4211 eumdem
3444 4177 3498 4214 et

279 4240 490 4292 animas
527 4249 580 4291 et
609 4252 835 4305 corpora
878 4246 931 4289 et
966 4245 1157 4289 caetera
1191 4235 1440 4288 sensibus
1472 4236 1711 4303 subjecta
1751 4237 2089 4301 condidisse;
2134 4236 2227 4289 lib.
2264 4253 2342 4301 ιιι,
2377 4237 2556 4291 Veteri
2600 4238 2947 4294 Testamento
2973 4242 3233 4312 originem
3262 4245 3496 4301 divinam

280 4326 547 4388 vinIicet;
586 4340 659 4386 tv,
696 4324 930 4389 denique
975 4321 1119 4373 varia
1164 4330 1390 4389 repetat,
1429 4321 1491 4372 ad
1539 4322 1726 4375 eadem
1763 4332 2077 4392 argumenta
2129 4324 2475 4391 pertinentia,
2512 4334 2567 4378 et
2620 4328 3030 4395 exceptionibus
3076 4328 3495 4385 Manichmorum

282 4411 557 4463 nonnullis
586 4408 900 4463 satisfaciat.
940 4407 1012 4460 De
1057 4408 1235 4469 titulo,
1286 4422 1446 4474 quem
1482 4407 1619 4461 libro
1672 4426 1705 4461 ιι
1741 4411 2015 4477 pratlixum
2048 4410 2275 4472 videbis,
2315 4412 2385 4464 ita
2428 4412 2590 4466 habe.
2629 4413 2677 4466 Is
2704 4430 2810 4467 non
2857 4426 2963 4468 tam
2997 4416 3237 4484 proxime
3261 4426 3313 4470 et
3345 4420 3486 4488 sigil-

281 4498 428 4551 latim
458 4497 523 4549 ad
554 4496 750 4549 librum
786 4495 936 4546 illum
971 4509 1130 4561 quam
1167 4493 1232 4545 ad
1286 4493 1519 4560 reliquos
1561 4494 1696 4547 duos
1747 4496 1995 4563 pertinet,
2043 4507 2094 4549 et
2125 4497 2423 4565 generalem
2449 4498 2626 4565 operis
2650 4499 3075 4567 inscriptionem,
3112 4502 3178 4555 ab
3201 4502 3302 4555 alia
3334 4518 3494 4557 manu

281 4584 598 4652 profectam,
654 4582 813 4642 sistit,
847 4581 1108 4647 docetque
1138 4579 1283 4647 quod
1336 4579 1465 4632 illud
1524 4580 1576 4631 in
1611 4582 1987 4650 oppugnandis
2029 4581 2334 4635 Manicbaeis
2365 4598 2661 4652 eorumque
2709 4587 3114 4654 exceptionibus
3170 4589 3495 4657 repellendis

281 4680 598 4738 occupetur.
650 4668 921 4721 Promittit
968 4667 1112 4720 enim
1173 4666 1427 4735 Ἀπορίας
1458 4666 1551 4717 καὶ
1588 4666 1766 4729 λύσεις
1798 4668 1948 4720 τῶνῐ

1831 4668 1904 4719 ὦν
1933 4668 2272 4736 Μανιχαίων;
2314 4669 2415 4722 hoc
2446 4679 2547 4734 est,
2579 4670 2750 4723 Dubia
2794 4672 3194 4726 Manicha’orum
3220 4691 3494 4743 eorumque

279 4758 578 4810 solutiones.

354 4845 427 4896 De
473 4843 638 4906 notis,
686 4857 818 4909 quas
856 4840 1058 4903 addidi,
1103 4840 1172 4893 ita
1223 4840 1490 4895 existima.
1534 4841 1588 4893 In
1624 4842 1715 4895 lib.
1751 4858 1765 4894 ι
1816 4840 2131 4894 illustrando
2180 4841 2446 4905 diffusior,
2486 4843 2536 4895 in
2587 4844 2756 4899 altero
2798 4846 3010 4915 parcior
3039 4846 3138 4910 fui,
3189 4852 3239 4900 in
3274 4848 3494 4916 reliquis

281 4932 421 4985 idem
453 4931 685 4984 futurus.
713 4928 978 4983 Historica
1006 4928 1151 4981 enitn
1186 4929 1269 4981 illa
1300 4928 1427 4982 hinc
1451 4929 1576 4983 inde
1606 4930 1687 4982 vel
1734 4930 1851 4983 luce
1883 4945 1944 4981 ex
1975 4928 2316 4995 antiquitate,
2348 4930 2430 4983 vel
2462 4930 2657 4984 robore
2683 4948 2745 4986 ex
2774 4935 3240 4989 consentientibus
3268 4936 3490 4989 aliorum

283 5017 610 5073 testimoniis
640 5017 900 5087 indigere,
940 5016 1175 5070 vicissim
1205 5030 1333 5069 vero
1359 5016 1655 5085 dogmatica
1694 5031 1789 5069 sua
1822 5016 2031 5068 radiare
2074 5014 2190 5069 luce
2221 5015 2354 5068 mihi
2384 5016 2723 5070 videbantur.
