4222 6432
290 410 353 479 1?
1372 410 1668 471 CONTRA
1707 408 1865 470 MAN
1876 410 1957 471 [Ci

1876 408 2165 471 lCIIAiOS
2195 410 2422 471 LIBER
2456 410 2479 469 Ι
3460 400 3534 469 18

287 526 347 578 τὸ
371 521 689 592 Μανιχαίων
742 521 1034 591 θεοπυγές
1079 522 1408 593 ἐπεκώμασε
1449 523 1527 593 (6)
1578 524 1853 593 φρόνημα.
1888 528 1930 582 Α

1888 528 1930 582 Α
1964 539 2083 576 rmn
2127 524 2371 578 doctrina
2411 525 2521 577 Deo
2574 535 2765 591 perosa
2796 519 2998 576 lloruit.
3047 520 3122 576 lbi
3165 528 3284 575 erat
3332 518 3529 575 mulier

300 612 386 665 Ἐν
442 615 619 684 ταύτῃ
657 614 795 682 γυνή
840 631 924 675 τις
969 613 1197 682 ὀνόματι
1270 613 1573 681 Καλλινίκη
1631 612 1711 682 (7)
1756 615 1855 677 τῆς

286 704 543 773 τοιαύτης
600 702 867 773 αἱρέσεως
904 703 1025 756 ὅλον
1057 707 1114 755 ὲν
1165 706 1334 775 ἑαυτῇ
1384 704 1731 758 συλλαϐοῦσα
1766 705 1859 758 τὸν

295 794 578 865 βόρϐορον,
633 794 728 847 δύο
756 794 934 846 τίκτει
965 796 1187 858 παῖδας,
1240 795 1317 859 ὡς
1345 795 1458 849 εἴθε
1494 796 1569 867 μὴ
1602 796 1854 865 ὤφειλεν,

287 881 360 937 ὢν
388 887 415 936 ὁ
459 884 561 953 μὲν
601 882 836 947 Παῦλος,
878 883 967 936 τὸν
996 884 1053 937 δὲ
1087 885 1345 955 Ἰωάννην
1365 884 1668 956 ὠνόμαζον.
1699 880 1857 939 Οὗτοι

288 975 473 1037 παῖδες
531 976 687 1028 οὐδὲν
737 972 902 1045 ἦττον
950 979 1052 1046 τῆς
1101 978 1398 1047 γαστρὸςῆ
1455 979 1554 1047 τῆς
1594 978 1858 1048 αἱρέσεως

288 1068 500 1137 ἐκείνης
525 1068 602 1139 (8)
627 1069 912 1139 γενόμενοι
938 1070 1038 1137 τῆς
1072 1069 1491 1139 κακοδαίμονος,
1520 1070 1758 1140 ἄκρατον
1781 1069 1856 1137 (9)

287 1162 378 1212 τὸν
436 1162 514 1213 ίὸν
564 1160 666 1230 τῆς
710 1162 1051 1225 ἁποστασίας
1108 1162 1464 1228 εἰσεδέξαντο.
1528 1162 1699 1227 Καίγε
1750 1162 1860 1214 τῶν

290 1252 465 1305 ἄλλων
500 1253 596 1305 ἐπὶ
650 1255 716 1322 τῇ
748 1252 1040 1324 δυσσεϐείᾳ
1092 1254 1450 1324 διαφέροντας
1494 1254 1589 1307 καὶ
1622 1254 1862 1324 δραστη-

292 1344 439 1415 ρίους
479 1344 641 1408 ὄντας
690 1346 752 1397 τὸ
795 1347 1161 1415 κακοποιῆσαι
1209 1348 1459 1416 κήρυκας
1495 1345 1597 1414 τῆς
1629 1345 1862 1415 ἀνομίας

289 1432 383 1485 τοῦ
409 1433 655 1487 τοιούτου
684 1434 889 1503 μύσους
919 1435 969 1486 oi
1011 1434 1213 1504 μύσται
1258 1433 1368 1504 (10)
1391 1433 1485 1486 καὶ
1515 1432 1864 1502 μυσταγωγοὶ

290 1525 369 1585 είς
398 1524 500 1594 τὴν
524 1524 635 1576 τῶν
674 1525 1048 1596 Ἀρμενιακῶν
1074 1525 1185 1596 (11)
1216 1524 1358 1577 οὕτω
1384 1524 1498 1577 νυνὶ
1521 1523 1865 1591 καλουμένην

290 1614 477 1683 χώραν
524 1615 861 1685 ἐξέπεμψαν.
902 1617 1176 1687 Φανάρεια
1226 1616 1281 1669 δὲ
1332 1616 1528 1676 αὐτοὺς
1582 1616 1864 1683 ἐπιχωρίῳ

292 1704 518 1775 γλώσσῃ
549 1706 648 1775 τὴν
679 1707 874 1775 κλῆσιν
904 1709 936 1776 ή
970 1706 1131 1777 κώμη
1153 1706 1395 1759 λαϐοῦσα
1423 1706 1529 1775 πρὸ
1554 1706 1662 1758 τῶν
1690 1704 1864 1758 ἄλλων

292 1798 611 1864 ὑπεδέξατο,
645 1799 739 1851 καὶ
771 1800 838 1852 τὰ
870 1803 965 1869 τῆς
992 1801 1251 1863 ἀσεϐείας
1281 1800 1648 1869 ὲνεκυμόνησε
1697 1798 1863 1867 σπέρ-

299 1905 465 1956 ματα,
491 1889 551 1952 ἐξ
578 1884 639 1943 οῦ
674 1891 768 1942 καῖ⁵
810 1890 909 1961 τὴν
950 1892 1340 1962 προσωνυμίαν
1373 1892 1431 1943 ἐν
1467 1907 1519 1943 τι
1563 1890 1671 1941 τῶν
1702 1906 1861 1959 περι-

297 1980 577 2047 εχομένων
610 1982 747 2050 αὐτῇ
802 1982 1018 2051 χωρίων
1071 1982 1427 2049 Ἐπίσπαρις
1457 1982 1569 2049 (12)
1620 1979 1863 2050 ἐκληρώ·

296 2083 444 2120 σατο.
520 2069 613 2121 Ἐκ
671 2070 901 2139 θατέρου
952 2072 1129 2123 τοίνυν
1183 2073 1291 2124 τῶν
1354 2072 1696 2140 εἰρημένων,
1758 2071 1864 2139 ὅτῳ

296 2159 506 2224 Παῦλος
537 2157 606 2232 ἦν
629 2161 822 2231 ὄνομα,
843 2162 963 2215 ἀντὶ
998 2162 1088 2215 τοῦ
1138 2163 1501 2231 γινώσκεσθαι
1523 2162 1611 2215 διὰ
1641 2166 1739 2232 τῆς
1770 2162 1863 2215 τοῦ

294 2250 533 2320 Χριστοῦ
598 2253 962 2323 παρωνυμίας
1010 2252 1107 2323 τὴν
1161 2254 1268 2306 τῶν
1314 2255 1692 2308 Παυλικιάνων
1750 2254 1865 2323 (15)

294 2343 489 2411 κλῆσιν
517 2345 567 2397 οί
592 2344 691 2414 τῆς
714 2345 1057 2409 ἀποστασίας
1097 2348 1324 2417 ἐρασταὶ
1359 2346 1781 2417 μετηλλάξαντο,
1813 2348 1862 2400 oi

292 2433 349 2486 δὲ
386 2434 486 2485 οὐκ
528 2436 594 2487 ἐκ
647 2435 879 2506 θατέρου
933 2438 1118 2506 φασὶν,
1171 2438 1285 2490 ἀλλ’
1336 2437 1397 2502 ἐξ
1451 2440 1713 2509 ἑκατέρου
1746 2440 1859 2509 (14)

1959 615 2203 683 qumdam
2235 615 2458 668 nomine
2487 613 2775 675 Callinice,
2830 628 2952 682 qua:
3003 622 3175 666 totum
3215 611 3379 679 huius
3414 612 3527 666 lue-

1961 707 2096 759 resis
2114 722 2332 761 omnum
2366 706 2419 758 in
2452 721 2511 759 se
2540 704 2849 774 collegerat.
2873 702 3000 757 Haec
3026 703 3165 758 duos
3186 703 3329 771 parit
3368 702 3527 766 ﬁlios,

1962 797 2106 864 quod
2136 797 2341 849 utinam
2369 794 2511 848 Deus
2540 794 2828 848 avertisset
2853 812 2866 847 :
2900 795 3063 847 alium
3088 792 3336 856 Paulum,
3362 794 3529 845 alium

1960 885 2224 941 Joannem
2258 884 2622 954 appellarunt.
2650 883 2712 937 lli
2747 899 2855 938 non
2885 884 3065 938 minus
3105 882 3355 937 infausta:
3388 884 3530 937 illius

1963 976 2207 1039 haeresis,
2244 990 2407 1043 quam
2447 974 2587 1026 uteri
2621 972 2819 1042 proles,
2865 971 3189 1031 defectionis
3226 974 3376 1025 virus
3405 972 3525 1026 sine

1965 1069 2074 1121 ullo
2115 1075 2548 1136 temperamento
2595 1073 2950 1134 acceperunt.
3005 1064 3131 1117 lltns
3161 1080 3292 1118 vero
3343 1074 3531 1133 utpote

1966 1159 2241 1228 impietate
2291 1156 2427 1211 alios
2462 1166 2785 1224 pnestantes
2838 1166 2895 1210 ct
2943 1164 3218 1218 actuosos,
3280 1157 3533 1224 maloque

1964 1250 2199 1305 fovendo
2232 1256 2409 1308 natos,
2445 1246 2537 1315 qui
2572 1255 2685 1299 tum
2726 1246 3057 1301 detestanda:
3090 1255 3253 1299 secta:
3285 1245 3530 1316 praefecti

1963 1350 2020 1397 et
2068 1340 2362 1413 mystagogi
2394 1348 2577 1403 erant,
2626 1338 2681 1391 in
2732 1340 3007 1408 regionem
3058 1337 3529 1399 Armeniacorum,

1966 1444 2027 1489 ut
2056 1450 2202 1488 nunc
2237 1440 2471 1493 vocant,
2507 1431 2574 1485 ad
2614 1430 3014 1499 praedicandam
3057 1428 3389 1497 impietatem
3426 1427 3531 1480 mi-

1966 1537 2192 1582 serunt:
2228 1526 2531 1587 Phanarea,
2583 1522 2737 1577 vicus
2768 1522 2847 1576 sic
2876 1523 2945 1575 ab
2973 1521 3166 1575 incolis
3201 1520 3405 1583 dictus,
3436 1533 3532 1572 cos

1965 1629 2093 1673 ante
2120 1618 2255 1671 alios
2284 1630 2477 1670 onmes
2506 1614 2740 1683 excepit,
2774 1612 3175 1682 impietatisque
3211 1610 3418 1663 semina
3452 1608 3531 1661 fo-

1967 1710 2076 1774 vit;
2108 1710 2249 1762 unde
2281 1707 2443 1761 etiam
2482 1720 2623 1759 unus
2659 1720 2721 1758 ex
2774 1703 3178 1772 circumpositis
3224 1700 3356 1755 vicis
3411 1700 3539 1766 lini-

1965 1804 2136 1872 sparis
2167 1816 2363 1854 nomen
2398 1800 2624 1853 sortitus
2673 1806 2777 1850 est.
2832 1797 2908 1850 Ex
2954 1796 3337 1864 praedictorum
3376 1792 3539 1861 igitur

1967 1896 2159 1959 altero,
2209 1893 2295 1947 cui
2352 1890 2519 1945 Paulo
2568 1904 2804 1949 nomen,
2866 1886 3189 1941 defectionis
3244 1891 3537 1943 amatores,

1968 1994 2171 2039 mutata
2199 1999 2283 2045 ea,
2308 1998 2428 2050 qua:
2460 1996 2488 2033 a
2527 1981 2746 2033 Christo
2793 1977 3089 2037 derivatur,
3130 1973 3539 2029 nomenclatura

1968 2071 2266 2127 Pauliciani
2294 2070 2545 2139 appellati
2580 2078 2728 2122 sunt.
2768 2067 2871 2120 Alii
2905 2066 3221 2121 dituntnon
3249 2080 3311 2115 cx
3341 2063 3537 2123 allcr'o,

1968 2164 2063 2218 sed
2091 2179 2155 2217 ex
2185 2170 2415 2230 utroque
2447 2159 2757 2227 conjunctis
2793 2157 3109 2211 nominibus
3135 2152 3537 2207 tlcrmminatio—

1970 2272 2093 2311 nem
2123 2256 2397 2323 accepisse
2451 2253 2764 2315 barbaram,
2821 2259 2873 2304 et
2913 2264 3010 2319 pro
3056 2264 3143 2309 eo,
3194 2246 3337 2316 quod
3388 2243 3539 2297 Pau-

1974 2348 2254 2403 loioaunes
2306 2346 2410 2401 dici
2446 2345 2739 2407 debebant,
2809 2342 3071 2413 appellari
3123 2341 3236 2405 ita,
3278 2348 3336 2393 ut
3394 2351 3540 2390 nunc

1971 2449 2235 2494 vocantur
2267 2439 2340 2505 (id
2374 2449 2476 2501 est,
2508 2436 2850 2504 Pauliciani).

296 2524 677 2594 συναφθέντων
726 2527 979 2599 ἀλλήλοις
1031 2529 1140 2582 τῶν
1196 2530 1476 2601 ὀνομάτων
1527 2531 1607 2594 είς
1665 2532 2182 2603 ἐκϐαρϐαρωθεῖσαν
2250 2531 2541 2599 ἐπίκλησιν
2594 2528 2871 2589 σύνθετον,
2935 2528 3028 2579 καὶ
3104 2525 3225 2579 ἀντὶ
3269 2521 3366 2576 τοῦ
3424 2521 3539 2591 (15)

295 2618 708 2671 Παυλοῖωάνναι
761 2619 1042 2672 καλεῖσθαι
1096 2621 1293 2684 αὐτοὺς
1338 2623 1474 2693 ὅπερ
1521 2622 1616 2674 νῦν
1668 2623 2047 2693 ὀνομάζονται.

367 2710 443 2761 l".
484 2710 693 2778 Χρόνου
727 2710 783 2763 δὲ
825 2711 1175 2783 διαρρυἐντος
1209 2713 1397 2782 ἕτερον
1439 2715 1624 2776 αὐτοῖς
1667 2714 1730 2766 τὸ
1771 2714 1869 2783 τῆς

295 2800 636 2862 ὰποστασίας
684 2801 962 2871 συνέδριον
1004 2803 1371 2871 χειροτονοῦσι
1420 2803 1776 2867 διδάσκαλον,
1811 2804 1870 2868 ὃς

296 2894 360 2943 ἐκ
390 2891 501 2943 τῶν
532 2892 951 2962 γεννησαμένων
978 2895 1384 2957 Κωνσταντῖνος
1412 2894 1585 2947 ἕλκων
1609 2895 1709 2965 τὴν
1736 2895 1869 2965 κλῆ-

298 3000 383 3035 σιν
417 2986 500 3046 είς
549 2984 834 3037 Σιλουανδν
866 2984 1061 3039 ἑαυτὸν
1090 2986 1446 3056 μετωνόμασε
1482 2987 1616 3056 (16).
1659 2986 1765 3039 Καί
1806 3003 1869 3054 γε

2037 2715 2126 2769 lll.
2152 2713 2346 2781 Elapso
2376 2722 2618 2783 tempore
2646 2711 2969 2767 defectionis
2999 2719 3222 2765 senatus
3255 2708 3342 2761 illc
3373 2707 3543 2762 alium

1967 2808 2068 2862 sibi
2101 2806 2383 2861 constituit
2411 2806 2710 2869 doctorem,
2744 2804 2835 2872 qui
2868 2819 2896 2856 a
2928 2804 3247 2872 parentibus
3274 2801 3544 2853 Constan-

1968 2900 2114 2952 tinus
2145 2897 2447 2966 appellatus
2467 2936 2482 2961 ,
2517 2897 2622 2950 hoc
2657 2909 2857 2949 nomen
2887 2895 3119 2947 mutavit
3150 2893 3204 2946 in
3236 2892 3539 2945 Silvanum.

1968 2989 2034 3043 Et
2060 2988 2281 3057 quidem
2306 2988 2451 3041 hunc
2471 2985 2644 3040 multo
2664 2985 2835 3056 pluris
2857 2984 3062 3039 habent
3084 2983 3408 3039 defectionis
3433 2998 3486 3053 pt
3501 2982 3544 3038 i-

1461 3113 1694 3170 VABUE
1722 3111 2106 3169 LECTIONES
2132 3111 2217 3165 ET
2250 3110 2484 3167 NOTE.

366 3231 461 3303 (6),
503 3232 911 3303 Ἐπεκώμασε.
982 3233 1063 3288 lla
1121 3232 1469 3289 scribendum
1520 3232 1711 3303 censui
1758 3247 1869 3303 pro
1897 3214 1942 3273 (ἶ
1973 3229 2031 3282 (is

1897 3214 1942 3273 (ἶ
1973 3229 2145 3283 Θειαν.
2199 3230 2255 3285 Id
2287 3238 2389 3303 est,
2433 3227 2657 3303 Paulut
2690 3229 2900 3303 Niger,_
2944 3246 3055 3303 non,
3083 3230 3254 3303 solum
3312 3230 3538 3294 nomine,

297 3302 967 3371 ἐπεκόμασείὶοὶειίηἰδιιί.
999 3304 1310 3372 Euthymius
1351 3304 1433 3356 tit.
1471 3302 1541 3354 20
1569 3302 1861 3370 Panopliw,

298 3372 392 3424 ubi
436 3384 689 3441 excerpta
736 3390 803 3427 ex
871 3374 1136 3427 Photiano
1187 3374 1388 3440 scripto
1440 3373 1689 3441 exhibet,
1747 3387 1867 3438 qua:

298 3441 539 3494 subinde
574 3440 700 3495 cum
724 3444 926 3497 nostris
958 3443 1043 3496 his
1074 3458 1137 3496 ex
1166 3443 1406 3497 editione
1426 3441 1611 3494 Graeca
1654 3440 1862 3497 Τρικο-

298 3510 438 3577 hysti
475 3526 567 3563 an.
613 3511 770 3570 1710.
813 3512 906 3565 fol.
962 3520 1149 3565 curata
1196 3511 1656 3579 comparabimus,
1705 3510 1870 3563 habet

295 3580 688 3649 codemisensu
722 3581 1084 3649 εἰσεκώμασε.

373 3649 453 3719 (7)
498 3648 571 3702 De
606 3651 866 3704 Callinice
903 3648 1019 3719 lege
1052 3649 1281 3705 (Iedreni
1326 3650 1564 3703 Annales
1580 3660 1632 3716 p.
1667 3648 1792 3702 556.

373 3718 453 3784 (8)
502 3719 796 3785 Ἐκείνης,
828 3718 997 3779 illius.
1025 3736 1087 3773 ex
1123 3736 1224 3773 ms.
1256 3719 1450 3773 Hamb.
1492 3719 1695 3773 addidi.

372 3788 450 3871 (ρ)
513 3790 844 3871 "inquiter
897 3790 1291 3871 purissimum,
1364 3804 1470 3871 non
1536 3797 1802 3842 mutatum
1854 3806 1865 3840 :

299 3855 491 3939 genter
522 3858 590 3939 de
624 3855 776 3939 vocis
817 3855 980 3939 hujus
1002 3859 1475 3939 Διιριίοῐιιε,οι-υέξξιε
1508 3868 1868 3939 exponentem

301 3924 504 3996 Thom.
538 3926 861 3981 Catalterum
892 3924 948 3981 in
982 3928 1309 3981 Adversarii:
1339 3924 1634 3981 Hiscellan.
1667 3942 1787 3996 cap.
1814 3927 1865 3989 5,

301 4010 356 4063 p,
383 3994 472 4055 4'2.
505 3996 637 4050 edit.
673 3997 1002 4051 Londinens.

381 4064 491 4144 (l0)
515 4069 769 4144 dli-data:
801 4069 892 4144 καὶ
911 4066 1316 4144 μυσταγωγοή
1343 4064 1444 4144 Per
1472 4065 1590 4119 illos
1620 4065 1866 4144 discipuli

298 4142 357 4185 et
406 4135 641 4198 initiati;
693 4152 791 4204 per
825 4138 922 4189 hos
954 4137 1202 4189 doctores
1238 4146 1292 4189 et
1343 4137 1410 4189 ad
1456 4151 1604 4187 sacra
1653 4136 1739 4187 illa
1784 4151 1870 4187 sa-

300 4204 538 4273 cerrima
585 4206 753 4259 duces
804 4206 1021 4273 proprie
1058 4206 1383 4269 iudicantur,
1419 4205 1635 4272 phrasi,
1681 4214 1868 4258 nostro

300 4279 357 4322 ct
388 4272 530 4343 aliis
557 4272 943 4328 ecclesiaSticis
975 4276 1367 4341 scriptoribus,
1412 4275 1577 4343 inque
1606 4274 1694 4328 his
1731 4273 1867 4329 Gre-

299 4343 458 4422 gorio
476 4340 849 4422 _Nazianzeno,
875 4340 1262 4422 perfamiliari.

378 4411 513 4483 (H_l_
546 4411 964 4483 ἈΡΙιεν-ιακῶν.
994 4414 1069 4466 lta
1104 4414 1308 4467 Coislin
1348 4412 1543 4467 Noster
1576 4412 1869 4483 Ἀρμενια-

300 4498 433 4535 κων.
466 4480 644 4534 Malim

372 4549 486 4689 (12)
542 4549 917 4618 Ἐπίσπαρις.
946 4551 1027 4605 Ah
1057 4551 1379 4620 ὲπισπείρω,
1412 4551 1723 4608 dissemino.

402 4620 465 4671 15
527 4620 969 4674 Παυλικιάνων.
1014 4622 1087 4674 Ita
1114 4632 1298 4675 noster
1329 4639 1341 4675 :
1374 4621 1723 4676 Coislinianu:

402 4620 486 4678 l5)
527 4620 969 4674 Παυλικιάνων.
1014 4622 1087 4674 Ita
1114 4632 1298 4675 noster
1329 4639 1341 4675 :
1374 4621 1742 4677 Coislinianus
1773 4625 1867 4678 ha-

301 4688 395 4763 bet
446 4689 870 4763 ﬂaultxtavtbv;
906 4692 1088 4763 malim
1137 4692 1371 4763 priorem
1418 4691 1667 4763 ﬂectendi
1698 4695 1866 4748 ratio-

301 4758 449 4829 nem,
483 4774 643 4825 quam
666 4758 797 4829 etin
834 4758 1493 4829 Euthymio’observatam
1530 4762 1666 4822 vidi,
1693 4773 1741 4817 et
1782 4780 1867 4818 res

303 4827 419 4895 ipsa
446 4828 826 4890 commendat,
882 4830 924 4881 si
966 4827 1029 4883 ex
1083 4831 1295 4884 duobus
1343 4830 1492 4883 Pauli
1543 4840 1598 4883 et
1641 4832 1866 4887 Joannis

302 4895 619 4965 nominibus
648 4912 766 4949 eam
798 4900 1212 4965 appellationem
1244 4899 1530 4953 conﬂatam
1557 4902 1863 4957 credamus.

302 4963 527 5019 Interim
559 4963 925 5038 diversimode
955 4968 1194 5023 lueretici
1224 4969 1297 5021 illi
1323 4970 1481 5038 (apud
1535 4980 1746 5025 veteres
1769 4990 1867 5026 vo-

300 5044 517 5105 cantur,
557 5036 700 5105 quod
730 5037 936 5103 pridem
978 5040 1288 5091 observavit
1312 5036 1395 5092 10—.
1433 5038 1671 5105 Baptista
1704 5044 1863 5095 Cote-

301 5104 472 5174 lerius
506 5104 572 5157 ad
606 5115 811 5170 tomum
839 5108 854 5157 Ι
887 5106 1337 5159 Monumentomm
1370 5104 1612 5161 Ecclesia:
1649 5110 1861 5174 Graeca’,

300 5188 355 5242 p.
378 5170 502 5237 758,
526 5174 581 5235 b,
609 5181 804 5241 nem’pe
831 5176 1201 5234 Παυλικίανοι.
1220 5177 1563 5231 Παυλικιάνοι
1594 5188 1647 5232 et
1669 5170 1864 5232 Παυλιξ

299 5244 499 5302 κιανοί,
526 5244 655 5314 item
678 5243 1084 5314 Παυλιανισταί.
1110 5246 1365 5299 Videatur
1385 5248 1523 5300 idem
1543 5249 1752 5302 adtom.
1774 5251 1859 5314 lll,

339 5350 353 5365 .
398 5314 526 5366 638.
563 5312 761 5383 Paulus
801 5312 909 5377 ille,
946 5330 975 5367 a
1002 5332 1109 5383 quo
1159 5332 1353 5369 nomen
1381 5316 1578 5379 ferunt,
1624 5333 1691 5371 ne
1740 5312 1863 5373 cum

321 5382 786 5453 Samosateniano.
837 5382 1110 5438 saeculim
1157 5385 1534 5453 limresiarcha,
1566 5390 1864 5444 confunde-

300 5452 833 5526 rctur,_a‘vet_eribus
862 5454 1132 5526 Μελαχοῦ,
1160 5456 1209 5509 id
1232 5465 1315 5509 est
1336 5452 1863 5526 Nigri,cognomine

300 5520 550 5594 insigniri
576 5521 734 5581 solet.
768 5538 821 5594 v.
850 5537 898 5576 c.
932 5539 970 5594 a7
998 5523 1319 5588 Timotheo,
1355 5520 1668 5594 presbytero
1711 5528 1861 5583 (ἰΡο-

298 5591 492 5655 litano,
520 5591 588 5644 de
620 5591 934 5660 receptione
960 5591 1533 5656 hatreticorum,‘tomo'
1570 5596 1636 5650 Ill
1675 5597 1863 5652 Monu-

301 5671 599 5740 mentorum
630 5659 1076 5740 Cotelerianorum
1117 5672 1172 5717 et
1203 5664 1860 5740 _Sop_hronit_)‘l_lier_osoly-

302 5729 537 5801 Initano,
576 5732 782 5801 act,“
818 5732 1007 5801 synodi
1050 5749 1104 5786 Vt
1154 5750 1166 5785 :
1203 5729 1413 5796 Παῦλος
1439 5738 1466 5787 ὁ
1490 5737 1753 5800 Μελανὸς,
1800 5729 1859 5792 οὐ

308 5801 469 5860 μόνον
499 5800 555 5853 δὲ
586 5799 895 5869 λεγόμενος,
921 5802 1053 5855 ἀλλὰ
1085 5806 1175 5858 καὶ
1225 5805 1509 5873 γενόμενος
1554 5807 1691 5860 κατὰ
1730 5809 1859 5878 ἁλή-

683 4482 854 4550 prius.

1967 3302 2059 3353 sed
2092 3308 2139 3353 et
2162 3316 2224 3353 ea;
2251 3302 2325 3353 rei
2347 3301 2587 3353 veritate.
2620 3298 2696 3353 Ex
2740 3298 2851 3369 quo
2890 3299 3230 3370 intelligitur,
3273 3316 3381 3353 non
3411 3316 3540 3353 cnn-

1967 3370 2276 3423 fundendos
2303 3386 2423 3423 esse
2465 3370 2748 3436 utriusque
2797 3370 3054 3423 factionis
3094 3370 3363 3432 homines,
3396 3371 3541 3437 quod

1969 3455 2069 3492 usu
2104 3440 2256 3494 venit
2286 3438 2575 3494 Theodoro
2625 3439 2933 3493 Balsamoni
2979 3442 3031 3492 in
3056 3439 3335 3495 Canonem
3367 3439 3543 3493 Niem-

1967 3524 2097 3562 num
2128 3510 2211 3562 19.

2040 3560 2178 3648 (l4)
2207 3578 2539 3645 Ἐκατέρου.
2565 3577 2653 3648 11³
2704 3560 2899 3641 statui\
2948 3588 3001 3631 et
3036 3580 3190 3631 Anna
3236 3577 3537 3641 Comncna,

1968 3663 2022 3717 p.
2064 3648 2169 3702 450
2195 3648 2514 3712 Alexiados,
2560 3647 2900 3702 Paulicianos
2956 3648 3060 3702 dici
3103 3648 3347 3702 scribens
3384 3653 3540 3716 quasi

1969 3717 2216 3780 Παύλους
2250 3719 2342 3770 καὶ
2402 3718 2621 3778 Ἰανούς.
2657 3720 2749 3773 Sic
2792 3729 2847 3772 et
2893 3718 3151 3778 Zonaras.
3201 3719 3289 3771 ubi
3343 3719 3410 3771 de
3448 3718 3513 3770 Mi

1967 3789 2155 3857 cliacle
2185 3807 2197 3841 :
2234 3788 2387 3840 Κατὰ
2420 3788 2516 3857 τὴν
2558 3787 2728 3855 Ἐῴαν
2756 3789 2812 3840 δὲ
2840 3788 2902 3840 τὸ
2919 3789 3025 3840 τῶν
3056 3789 3372 3855 Μανιχαίων
3404 3788 3543 3855 πλῆ-

1969 3857 2058 3927 θος
2088 3853 2154 3926 ἦν
2180 3858 2339 3927 πολῦ,
2362 3857 2410 3909 οἳ
2437 3853 2530 3909 καὶ
2564 3853 2953 3927 ἀγροικότερον
2978 3859 3128 3924 παρὰ
3149 3853 3242 3909 τοῦ
3262 3853 3541 3926 δημώδους

1966 3925 2124 3995 ὄχλου
2158 3926 2466 3986 καλοῦνται,
2505 3930 2568 3979 ἐκ
2609 3925 2816 3979 Παύλου
2849 3925 2943 3979 καὶ
2993 3928 3242 3979 Ἰωάννου
3283 3925 3378 3993 τῆς
3416 3929 3542 3995 κλήο

1970 4013 2107 4057 σεως
2167 3997 2527 4065 συγκειμένης
2584 3999 2788 4059 αὐτοῖς.
2825 3998 2878 4050 ld
2909 4007 3011 4057 est.
3066 3996 3126 4049 In
3158 3995 3367 4050 Oriente
3420 4014 3538 4049 vero

1967 4065 2373 4119 Manichazorum
2407 4083 2599 4135 magna
2639 4078 2749 4120 erat
2795 4069 2963 4134 copia,
3007 4068 3095 4135 qui
3134 4078 3179 4119 et
3224 4068 3392 4119 minus
3433 4068 3538 4119 ele-

1968 4145 2155 4204 ganter
2185 4152 2216 4187 a
2252 4136 2404 4205 vulgo
2453 4140 2658 4189 nomine
2683 4154 2746 4189 ex
2771 4136 2942 4189 Paulo
2985 4148 3031 4189 ct
3068 4136 3271 4189 Joanne
3313 4139 3539 4203 ron/lato

1970 4205 2326 4271 appellantur.
2361 4206 2771 4267 Παυλοιωάνους
2794 4215 2952 4268 vocat
2975 4205 3263 4259 Blastarcs.
3299 4206 3539 4258 Publica-

1972 4290 2062 4325 nos
2096 4273 2203 4327 imo
2234 4285 2288 4327 et
2315 4272 2667 4341 Populicanos
2698 4276 2933 4329 inferiori
2962 4275 3106 4328 aetati
3130 4277 3303 4329 dictos
3327 4275 3539 4329 monuit

1969 4343 2147 4396 Carol.
2172 4343 2423 4397 Dufresn.
2455 4346 2520 4397 ad
2544 4345 2785 4398 Alcxiam
2822 4361 2875 4413 p.
2906 4345 3030 4396 412.
3051 4345 3390 4399 Abrahamus
3424 4346 3533 4408 ille,

1970 4414 2059 4480 qui
2081 4413 2133 4465 in
2158 4413 2333 4482 Syria,
2353 4425 2605 4467 revocata
2626 4431 2688 4469 ex
2705 4430 2833 4469 orco
2846 4414 3298 4468 Paulianistarum
3320 4416 3534 4475 hieresi,

1970 4482 2192 4537 asseclis
2224 4484 2338 4537 suis
2380 4484 2852 4538 Abrahamitarum
2906 4500 3103 4538 nomen
3151 4485 3378 4553 paravit,
3426 4502 3534 4538 non

1897 4554 2291 4613 Drecentioris
2335 4554 2480 4606 illius
2532 4553 2707 4618 Pauli,
2765 4554 2858 4609 sed
2907 4554 3231 4621 antiquioris
3262 4554 3537 4608 doctrinas

1971 4622 2229 4677 defendit.
2296 4622 2430 4677 Vide
2497 4623 2739 4679 Barlhol.
2804 4622 3081 4677 llerbeloti
3157 4623 3535 4678 Bibliothecam

1969 4692 2302 4755 orientalem,
2345 4709 2397 4761 p.
2434 4694 2499 4747 16
2531 4695 2584 4747 b.

2043 4762 2153 4828 (15)
2182 4765 2289 4815 Καὶ
2325 4764 2457 4815 ἀντὶ
2490 4764 2615 4817 τοῦ.
2648 4764 2723 4817 lta
2759 4762 2873 4817 hinc
2905 4762 3162 4817 vertenda
3196 4764 3400 4832 putavi,
3436 4779 3535 4829 pro

1968 4845 2054 4893 eo,
2084 4832 2225 4900 quod
2254 4833 2334 4885 vir
2365 4833 2557 4885 doctus
2590 4851 2602 4885 :
2648 4853 2665 4884 ί
2705 4843 2760 4887 et
2792 4834 3187 4900 Paulojoannes
3228 4834 3343 4886 illos
3368 4838 3533 4886 etiam

1967 4916 2112 4953 nunc
2140 4902 2417 4970 appellari.
2449 4920 2466 4952 ι
2501 4902 2725 4956 Photius
2754 4903 2897 4956 enim
2932 4904 2985 4956 id
3016 4903 3115 4956 sibi
3158 4903 3289 4965 vult,
3316 4903 3534 4955 haereti-

1967 4985 2059 5024 cos
2085 4972 2183 5023 hos
2212 4986 2309 5040 pro
2336 4986 2421 5037 eo,
2457 4972 2597 5039 quod
2630 4973 2679 5026 vi
2714 4973 2940 5039 originis
2974 4988 3085 5025 sua:
3116 4972 3339 5026 vocandi
3376 4982 3535 5025 erant

1969 5040 2383 5109 Paulojoannes.
2414 5043 2661 5103 barbare,
2688 5043 2739 5095 id
2766 5050 2868 5111 est,
2902 5042 3082 5095 minus
3111 5043 3175 5095 ad
3207 5042 3346 5095 hanc
3372 5042 3533 5111 origi-

1967 5126 2090 5162 nem
2128 5113 2532 5165 accommodate
2568 5112 2746 5165 vocari
2788 5110 3146 5165 Paulicianos.
3190 5112 3264 5164 Ita
3304 5111 3529 5165 omnino

1966 5181 2110 5248 cepit
2143 5190 2380 5234 mentem
2416 5182 2592 5235 Photii
2625 5181 2963 5248 Euthymius,
3000 5182 3100 5234 hoc
3133 5181 3249 5235 loco
3289 5181 3358 5233 ita
3391 5181 3527 5233 scri-

1967 5249 2134 5303 bens:
2172 5251 2303 5302 Ἀπὸ
2332 5250 2535 5303 τούτων
2557 5252 2611 5304 δὲ
2635 5251 2739 5301 τῶν
2762 5249 2883 5313 δύο,
2913 5249 3124 5303 Παύλου
3154 5252 3245 5303 καὶ
3279 5250 3527 5311 Ἰωάνους

1966 5323 2075 5389 τοῖς
2103 5320 2371 5388 μαθηταῖς
2393 5320 2570 5373 αὐτῶν
2595 5322 2626 5388 ή
2650 5321 3003 5389 προσωνυμία
3023 5320 3130 5373 τῶν
3151 5319 3529 5371 Παυλικιάνων

1964 5388 2197 5458 ἐπετέθη
2238 5390 2553 5442 συντεθεῖσα
2595 5388 3101 5458 βαρϐαρικώτερον,
3141 5389 3233 5441 καὶ
3272 5390 3396 5442 ἀντὶ
3433 5390 3528 5441 τοῦ

1966 5458 2363 5512 Παυλοῖωάννοι
2412 5460 2760 5513 Παυλικιάνοι
2794 5459 3255 5527 κατονομάζονται
3286 5476 3299 5511 :
3344 5460 3395 5513 id
3424 5468 3527 5516 est.

1964 5528 2005 5580 A
2034 5528 2231 5582 duobus
2276 5547 2394 5583 vero
2424 5531 2534 5583 istis
2555 5570 2568 5591 ,
2611 5529 2781 5583 Paulo
2820 5538 2869 5581 et
2896 5529 3119 5593 Joanne,
3158 5545 3336 5581 eorum
3366 5528 3529 5581 disci-

1964 5598 2119 5664 pulis,
2147 5597 2576 5652 Paulicianorum
2595 5615 2779 5652 nomen
2800 5600 2902 5651 illis
2923 5599 3148 5651 barbara
3170 5600 3399 5666 quadam
3422 5600 3530 5667 for-

1966 5669 2215 5732 motione,
2245 5670 2542 5736 impositum
2586 5679 2689 5730 est.
2719 5678 2873 5738 atque
2900 5670 2975 5723 sic
3016 5684 3108 5737 pro
3136 5668 3528 5737 Paulojoamws

1966 5749 2211 5791 vocantur
2246 5739 2562 5793 Pauliciani.

2036 5809 2143 5877 (16)
2184 5810 2593 5877 Μετωνόμιισε.
2620 5809 2999 5864 Metonnmasia
3023 5808 3227 5863 scilicet
3258 5807 3525 5878 antiquis.
