4222 6432
277 388 342 454 21
1314 389 1609 449 CONTRA
1649 389 1806 449 MAN
1820 387 1941 449 [CH

1842 386 2104 449 CII/EOS
2151 389 2379 449 LIBER
2418 390 2473 451 Ι.
3435 394 3507 459 22

340 504 413 553 A'.
438 497 595 553 Μετά
614 496 784 553 arm
806 497 1115 567 Σιλουανδν,
1138 499 1361 568 Συμεὼν
1391 500 1571 554 αὐτῶν
1593 500 1687 552 τοῦ
1708 499 1836 552 δυσ-
1866 503 1913 561 Α

270 588 462 652 σεὸοῦς
481 589 855 642 διδασκαλείου
871 591 1219 660 προΐσταται,
1247 591 1403 667 Τίτον
1421 592 1513 644 καὶ
1536 590 1697 654 αὐτὸς
1724 591 1839 661 (28)

268 680 457 732 ἐαυτὸν
490 679 1024 747 μετονομασάμενος.
1072 680 1233 747 Ἑξῆς
1255 680 1312 732 δέ
1348 681 1633 749 Ἀρμένιος
1659 681 1836 747 γένος,

268 768 581 837 Γεγναίσιος
627 769 740 838 (29)
784 770 975 838 ὄνομα,
1031 770 1390 840 μετακληθεὶς
1436 773 1517 831 είς
1549 772 1833 840 Τιμόθεον.

266 862 376 914 Καὶ
398 861 659 931 τέταρτος
694 862 892 930 Ἰωσὴφ
912 862 941 912 ό
962 863 1042 924 είς
1078 863 1471 932 Ἐπαφρόδιτον
1501 864 1839 933 μεταϐεϐλη-

269 952 429 1020 μένος
479 954 541 1005 τὸ
581 952 793 1023 κύριον.
828 950 961 1006 Εἶτα
997 956 1295 1025 Ζαχαρίας,
1343 956 1401 1008 ὃν
1450 957 1549 1009 οὐκ
1579 957 1835 1030 ἐλαχίστη

270 1045 433 1112 μοῖρα
466 1044 735 1114 αἱρέσεως
776 1044 1047 1115 μισθωτόν
1083 1063 1141 1098 τε
1170 1048 1387 1116 ἡγεῖται
1426 1048 1520 1101 καὶ
1564 1048 1663 1117 τῆς
1691 1048 1837 1101 διδαο

269 1133 539 1201 σκαλικῆς
581 1133 760 1188 αὐτῶν
798 1135 1091 1206 προεδρίας
1138 1136 1376 1201 ἀνάξιον.
1425 1138 1622 1200 Ἕκτος
1655 1140 1840 1202 αὐτοῖς

269 1218 574 1287 ἐπιγίνεται
605 1220 819 1291 Βαάνης
851 1222 880 1273 ό
918 1222 1183 1292 ῥυπαρὸς,
1221 1223 1306 1291 ἐφ’
1345 1217 1425 1285 οἷς
1476 1223 1701 1293 ἐὸδομον
1747 1224 1840 1277 καὶ

269 1308 576 1362 τελευταῖον
609 1310 778 1363 κακὸν
810 1310 1033 1380 Σέργιος
1064 1310 1385 1380 ἀναφύεται,
1415 1313 1495 1375 είς
1524 1313 1757 1382 Τυχικδν
1783 1313 1841 1366 δὲ

271 1400 367 1452 καὶ
415 1401 581 1464 αὐτὸς
627 1402 819 1455 ἐαυτὸν
869 1402 1252 1471 μετεκάλεσεν.
1320 1404 1458 1456 Ἀλλ’
1498 1407 1547 1458 oi
1597 1406 1697 1477 μὲν
1743 1409 1840 1477 τῆς

271 1492 614 1555 άποστασίας
657 1494 835 1546 αὐτῶν
875 1494 1207 1559 διδάσκαλοι,
1255 1498 1349 1564 ἀφ’
1391 1489 1452 1548 οὗ
1483 1496 1583 1566 τῆς
1628 1498 1839 1551 Παύλου

276 1585 629 1653 μετωνυμίας
660 1585 851 1655 ἔλαχεν
885 1586 946 1639 τὸ
975 1588 1341 1641 ἀποστατικδν
1373 1588 1529 1641 τοῦτο
1560 1589 1653 1642 καὶ
1681 1590 1837 1659 μισό-

275 1690 495 1743 χριστον
549 1674 856 1744 σύνταγμα,
910 1677 1070 1747 μέχρι
1120 1676 1214 1729 τοῦ
1246 1678 1364 1730 καθ’
1420 1680 1568 1747 ἡμᾶς
1614 1682 1839 1749 ἥκοντος

275 1763 470 1831 χρόνου
497 1764 590 1815 ἐπὶ
612 1764 866 1817 τοσοῦτον
894 1764 1268 1836 προήχθησαν.
1312 1767 1515 1821 Ἐκεῖνο
1540 1768 1597 1821 δέ
1622 1769 1702 1821 δεῖ
1729 1770 1838 1838 (30)

275 1854 454 1915 καλῶς
479 1854 772 1924 ἐπιστῆσαι
800 1858 891 1908 καὶ
920 1856 1142 1921 ειδέναι,
1172 1856 1245 1919 ὡς
1277 1860 1325 1911 oi
1357 1858 1451 1911 νῦν
1477 1859 1574 1927 τῆς
1603 1860 1841 1913 ἀποστάο

274 1959 409 2004 σεως
430 1944 635 2011 ταύτης
655 1946 862 2010 παῖδες,
888 1947 1108 1999 ἐπειδὰν
1128 1946 1322 2011 αὐτούς
1349 1965 1431 2011 τις
1451 1950 1705 2018 ἀπαιτοίη
1729 1950 1841 2019 (51)

270 2036 396 2098 τοὺς
418 2035 680 2105 ἐξάρχους
696 2037 794 2104 τῆς
810 2037 1066 2108 τοιαύτης
1088 2039 1513 2108 ἀποπέμπεσθαι
1538 2041 1840 2124 βδελυρίας,

272 2128 526 2182 Μάνεντα
560 2130 655 2198 μέν
683 2132 775 2182 καὶ
806 2130 1019 2185 Παῦλον
1042 2133 1136 2184 καὶ
1171 2134 1449 2203 Ἰωάννην,
1476 2136 1568 2187 καὶ
1598 2138 1720 2199 τοὺς
1748 2137 1843 2190 ἄλ-

271 2218 395 2281 λους
427 2220 723 2289 προθύμως
760 2222 1250 2291 ἀναθεματίζουσιν
1270 2242 1282 2255 ·
1315 2228 1725 2282 Κωνσταντῖνον
1759 2231 1838 2297 δέ,

270 2310 330 2363 δν
371 2312 656 2364 Σιλουανδν
687 2314 934 2377 καλοῦσι,
974 2316 1062 2368 καὶ
1096 2317 1357 2387 Συμεῶνα
1386 2320 1475 2371 τὸν
1509 2322 1698 2387 Τίτον,
1747 2324 1841 2375 καὶ

274 2399 591 2466 Γεγναίσιον
655 2400 766 2469 (52)
814 2402 907 2455 τὸν
966 2404 1267 2474 Τιμόθεον,
1325 2408 1419 2459 καὶ
1481 2408 1571 2461 τὸν
1642 2410 1840 2480 Ἰωσὴφ

286 2493 695 2563 Ἐπαφρόδιτον,
727 2494 822 2548 καὶ
848 2496 937 2548 τὸν
964 2498 1205 2570 ῥυπαρὸν
1228 2499 1461 2568 Βαάνην,
1495 2503 1587 2554 καὶ
1618 2503 1841 2573 Σέργιον

271 2583 365 2634 τὸν
396 2583 652 2652 Τύχικον,
697 2586 949 2656 ούδαμῶς
988 2588 1383 2659 ἀναθεματίσαι
1414 2593 1803 2664 καταδέχονται
1825 2611 1838 2625 ’

274 2674 388 2727 ἀλλ’
414 2671 503 2728 οἷα
531 2676 594 2747 δὴ
640 2677 875 2746 Χριστοῦ
906 2680 1238 2744 ἀποστόλους
1279 2684 1369 2735 καὶ
1432 2684 1530 2753 τῆς
1560 2684 1841 2747 εὐσεϐείας

272 2766 629 2830 διδασκάλους
666 2770 1127 2839 περιπτύσσονταί
1148 2790 1205 2825 τε
1240 2776 1332 2826 καὶ
1360 2776 1755 2845 ἀποδέχονται,
1779 2778 1840 2829 οὐ

276 2856 477 2919 πάντες
506 2858 583 2923 δὲ,
616 2859 737 2910 ούδέ
772 2862 895 2923 τοὺς
921 2862 1246 2932 είρημένους
1275 2863 1483 2926 πάντας
1511 2866 1711 2935 ὁμοίως
1744 2884 1839 2919 πε-

278 2950 581 3017 ριέπουσιν,
613 2950 748 3003 ἀλλά
770 2953 895 3014 τοὺς
923 2953 1021 3021 μὲν
1046 2955 1205 3023 μέχρι
1230 2954 1471 3019 Βαάνους
1498 2958 1591 3010 καὶ
1613 2959 1839 3027 Σεργίου

276 3040 687 3109 καταγομένους
717 3042 893 3106 ἐξίσου
926 3042 1251 3107 Θειάξυυσιν·
1284 3047 1493 3098 ἐκεῖθεν
1508 3047 1563 3099 δὲ
1584 3049 1843 3117 ραγέντες

2010 498 2097 552 ιν.
2133 497 2261 553 Post
2306 498 2583 552 Silvanum
2618 498 2799 567 impiae
2836 497 3093 555 doctrinae
3134 503 3507 574 magisterium

1938 590 2147 645 obtinet
2186 590 2431 652 Simeon,
2465 590 2555 658 qui
2590 605 2787 643 nomen
2818 599 2874 643 et
2898 590 3014 659 ipse
3045 607 3202 646 suum
3236 594 3290 647 in
3323 595 3505 652 Titum

1939 682 2291 735 commutavit
2318 699 2330 734 :
2362 681 2558 735 deinde
2604 682 2893 735 Armenius
2928 684 3143 751 quidam
3177 696 3336 756 gente
3362 727 3376 749 ,
3405 705 3507 743 no-

1940 773 2086 826 mine
2120 771 2457 842 Gegnmsius,
2492 773 2581 841 qui
2620 789 2814 826 nomen
2846 790 3005 827 suum
3038 776 3199 829 vertit
3231 777 3283 830 in
3319 776 3506 832 Timo-

1942 864 2145 919 theum.
2177 864 2413 929 Quartus
2440 862 2663 932 Joseph,
2698 864 2887 917 relicto
2925 866 3144 933 prOprio
3176 868 3416 929 nomine,
3449 884 3507 925 se

1939 954 2363 1022 Epaphroditum
2397 955 2575 1008 vocari
2604 954 2751 1007 fecit.
2778 953 2968 1009 Postea
3002 956 3310 1020 Zacharias,
3344 974 3506 1027 quem

1939 1060 2064 1115 pars
2103 1045 2371 1099 haereseos
2407 1060 2514 1099 non
2556 1045 2779 1098 minima
2810 1046 3207 1101 mercenarium
3236 1056 3390 1117 putat
3412 1090 3425 1111 ,
3454 1060 3509 1104 et

1939 1137 2200 1192 doctrina:
2232 1137 2542 1206 magisterio
2574 1137 2881 1208 indignum.
2911 1136 3110 1193 Sextus
3134 1139 3266 1209 ipsis
3288 1142 3510 1197 advenit

1939 1226 2180 1289 Baanes,
2227 1228 2474 1297 impurus
2504 1229 2623 1295 ille,
2672 1245 2833 1298 quem
2868 1229 3071 1298 excipit
3116 1232 3405 1300 septimum
3453 1242 3511 1286 et

1939 1328 2271 1387 postremum
2299 1319 2498 1373 malum
2523 1319 2760 1389 Sergius,
2785 1321 2878 1389 qui
2903 1329 3110 1374 mutato
3133 1321 3260 1375 item
3286 1324 3511 1378 nomine

1939 1423 2001 1462 se
2044 1407 2336 1478 Tychicum
2376 1410 2685 1479 appellavit.
2725 1410 2789 1463 Hi
2830 1410 3017 1474 fuere,
3062 1428 3125 1466 ex
3155 1430 3263 1481 quo
3293 1416 3510 1471 rebellis

1941 1498 2033 1552 ille
2065 1508 2119 1552 et
2146 1499 2346 1553 Christi
2378 1500 2631 1554 inimicus
2654 1511 2827 1555 cretus
2857 1500 3005 1555 Pauli
3049 1518 3246 1557 nomen
3276 1508 3506 1575 accepit,

1943 1588 2263 1643 defectionis
2293 1591 2553 1659 magistri,
2595 1592 2685 1659 qui
2718 1608 2889 1661 usque
2935 1592 3003 1646 ad
3033 1604 3217 1647 nostra
3267 1602 3509 1665 tempora

1941 1693 2007 1732 eo
2040 1679 2275 1747 provecti
2305 1688 2449 1733 sunt.
2485 1679 2618 1734 Illud
2652 1690 2832 1734 autem
2860 1682 3026 1750 probe
3066 1683 3509 1738 animadverten-

1940 1768 2067 1823 dum
2100 1778 2152 1823 et
2183 1769 2459 1824 sciendum
2495 1780 2575 1823 est
2598 1811 2611 1832 ,
2646 1770 2937 1825 hodiernos
2972 1772 3179 1825 scilicet
3215 1773 3377 1841 hujus
3411 1774 3506 1828 de-

1871 1834 1914 1891 Β
1944 1858 2191 1913 fectionis
2226 1861 2380 1925 filios,
2415 1876 2537 1915 cum
2573 1862 2841 1932 quispiam
2888 1863 2955 1916 ab
2999 1863 3103 1918 illis
3140 1834 3418 1945 exegerit"
3448 1874 3508 1920 ut

1941 1951 2270 2006 detestandae
2317 1952 2627 2021 hujusmodi
2674 1962 2835 2007 sectae
2884 1954 3157 2024 principes
3190 1956 3505 2024 repudient,

1940 2039 2149 2093 Manem
2180 2041 2397 2109 quidem
2418 2081 2433 2105 ,
2464 2042 2687 2095 Paulum
2734 2052 2788 2097 et
2830 2042 3131 2108 Joannem,
3162 2054 3217 2099 et
3243 2046 3507 2114 quosdam

1940 2131 2073 2186 alios
2106 2132 2339 2186 libenter
2380 2133 2725 2187 anathemate
2754 2133 3009 2188 damnare
3032 2176 3045 2199 ,
3085 2135 3505 2190 Constantinum

1940 2238 2087 2287 vero,
2116 2238 2274 2291 quem
2303 2223 2581 2277 Silvanum
2607 2234 2821 2284 vocant.
2853 2224 3194 2295 Symeonem,
3222 2243 3381 2296 quem
3418 2228 3508 2281 Ti-

1939 2321 2075 2376 tum,
2103 2314 2461 2384 Gegnaasium,
2494 2330 2653 2384 quem
2686 2315 3051 2380 Timotheum,
3085 2326 3140 2372 et
3169 2317 3464 2389 Josephum
3491 2364 3506 2385 ,

1939 2417 2097 2470 quem
2144 2401 2565 2472 Epaphroditum
2598 2405 2900 2474 appellant,
2933 2421 3032 2460 nec
3077 2423 3183 2460 non
3232 2409 3510 2478 impurum

1942 2494 2173 2548 Baanem
2215 2506 2268 2549 et
2309 2494 2554 2566 Sergium
2605 2511 2701 2549 seu
2747 2495 3037 2561 Tychicum
3076 2500 3223 2554 nullo
3279 2503 3507 2561 anathe-

1940 2594 2083 2639 mate
2114 2586 2307 2650 ferire;
2335 2587 2427 2640 sed
2462 2587 2613 2655 quasi
2648 2586 2846 2641 Christi
2872 2589 3143 2657 apostolos
3184 2598 3238 2645 et
3277 2593 3377 2661 pice
3409 2609 3508 2646 re-

1938 2675 2152 2746 ligionis
2222 2678 2505 2747 magistros
2551 2678 2801 2747 amplecti
2864 2688 2917 2733 et
2975 2681 3273 2750 suscipere.
3326 2682 3509 2753 Neque

1938 2777 2119 2821 tamen
2150 2782 2372 2833 omnes,
2423 2784 2597 2838 neque
2646 2769 2887 2840 singulos
2942 2787 3107 2840 supra
3158 2784 3508 2837 memoratos,

1940 2860 2190 2914 similiter
2252 2870 2489 2914 tuentur.
2535 2861 2642 2915 Sed
2678 2878 2806 2926 eos,
2846 2864 2941 2931 qui
2985 2866 3051 2918 ad
3099 2865 3331 2921 Baanem
3387 2866 3511 2934 qni—

1942 2951 2065 3005 dem
2116 2960 2170 3005 et
2220 2950 2467 3023 Sergium
2508 2968 2678 3021 usque
2725 2954 3069 3010 successione
3136 2956 3509 3018 devenerunt,

1941 3041 2153 3095 divinos
2200 3042 2344 3096 viros
2392 3043 2590 3111 pariter
2640 3044 2949 3099 admittunt.
2987 3044 3193 3102 Exinde
3238 3056 3418 3101 autem
3456 3048 3511 3101 in

274 3132 354 3193 είς
377 3132 705 3193 ἀντιπάλους
736 3134 826 3184 δύο
862 3135 1106 3203 μερίδας,
1139 3138 1187 3188 oi
1217 3137 1313 3204 μέν
1343 3137 1433 3190 τὸν
1459 3138 1671 3207 Βαάνην
1709 3142 1755 3192 oi
1784 3141 1840 3192 δέ
1868 3171 1912 3231 c

1868 3171 1912 3231 ϐ
1944 3133 2243 3187 contrarias
2265 3143 2445 3202 partes
2475 3133 2609 3187 duas
2641 3134 2823 3200 divisi,
2852 3135 2940 3188 alii
2973 3134 3229 3203 Baanem,
3261 3138 3351 3190 alii
3384 3136 3512 3192 Ser-

277 3220 582 3273 Θεοποιοῦσι
611 3222 702 3273 τὸν
732 3223 975 3292 Σέργιον,
1000 3224 1094 3276 ἐπὶ
1122 3223 1374 3277 τοσοῦτον
1408 3226 1505 3295 τὴν
1535 3227 1654 3279 κατ’
1683 3228 1845 3297 ἀλλή-

276 3310 383 3363 λων
406 3310 522 3381 ἐριν
550 3313 641 3364 καὶ
676 3314 861 3366 στάσιν
890 3314 1269 3382 κρατύνοντες,
1298 3315 1372 3378 ὡς
1399 3317 1492 3369 καὶ
1523 3315 1683 3387 μέχρι
1709 3335 1844 3386 σφα-

276 3400 379 3469 γῆς
401 3403 585 3466 αὐτοῖς
610 3406 917 3473 προχωρεῖν
942 3404 1002 3456 τὸ
1028 3404 1351 3474 φιλόνεικον.

343 3493 423 3547 E’.
458 3497 554 3560 ἘΞ
590 3496 645 3548 δὲ
677 3496 853 3549 αὐτῶν
896 3496 1314 3566 ἀνομο).ογοῦσιν
1358 3498 1680 3568 Ἐκκλησίας
1708 3501 1843 3571 (33),

274 3578 350 3639 ὧν
378 3587 479 3657 τὴν
522 3586 618 3656 μὲν
663 3587 1005 3640 Μακεδονίαν
1055 3587 1331 3641 καλοῦσιν·
1399 3589 1620 3657 Ἀχαΐαν
1651 3590 1709 3643 δέ
1747 3592 1844 3661 τὴν

273 3676 555 3747 δευτέραν,
604 3678 695 3728 καὶ
722 3677 910 3747 τρίτην
942 3678 1051 3729 τῶν
1085 3678 1484 3748 Φιλιππησίων,
1519 3681 1605 3748 ἐφ’
1632 3676 1711 3743 οἷς
1746 3684 1843 3752 τὴν

276 3769 604 3832 Λαοδικέων,
638 3770 730 3821 καὶ
770 3770 1025 3839 πέμπτην
1062 3770 1170 3822 τῶν
1216 3770 1498 3838 Ἐφεσίων,
1532 3771 1844 3827 τελευταίαν

273 3860 329 3913 δέ
356 3861 454 3930 τὴν
481 3860 589 3912 τῶν
618 3860 989 3913 Κολοσσαέων.
1038 3860 1195 3912 ⁹Λλλά
1225 3862 1295 3914 τὰ
1330 3862 1429 3930 μὲν
1461 3862 1700 3932 ὀνόματά
1729 3865 1845 3917 ἐστι

275 3950 507 4016 πόλεων,
542 3943 617 4003 ὧν
647 3952 740 4004 καὶ
777 3953 809 4021 ἠ
845 3951 1047 4004 παλαιά
1069 3951 1165 4022 τὴν
1186 3952 1387 4019 γνῶσιν
1417 3948 1561 4022 εἶχεν
1595 3957 1802 4025 ίστορία
1826 3995 1841 4021 ,

274 4042 370 4098 καὶ
396 4043 425 4094 ὁ
446 4042 585 4105 Θεῖος
607 4042 981 4112 ἐμνημόνευσε
1005 4044 1236 4105 Παῦλος.
1264 4046 1326 4096 Οἱ
1352 4044 1409 4096 δέ
1437 4045 1605 4114 μηδὲν
1633 4047 1840 4114 ἄδολον,

276 4133 401 4201 μηδ’
438 4134 817 4202 ἀκαπήλευτον
867 4134 1294 4202 φιλονεικοῦντες
1330 4136 1670 4201 καταλιπεῖν,
1719 4139 1842 4209 μηδ’

274 4226 377 4278 ὅσα
422 4224 542 4293 ὕψει
584 4226 952 4297 διελέγχεται,
1007 4226 1141 4296 μηδέ
1188 4227 1360 4280 ταῦτα
1402 4228 1840 4298 δυσωπούμενοι,

275 4316 616 4369 Μακεδονίαν
645 4318 741 4386 μὲν
774 4317 1097 4386 ὀνομάζουσι
1129 4314 1488 4387 πολίχνιόντι
1520 4320 1844 4384 Κωλωνείας

276 4406 607 4476 καλούμενον
661 4409 943 4461 Κίϐωσσα
966 4407 1100 4475 (54),
1136 4409 1191 4459 ἐν
1299 4410 1701 4470 Κωνσταντῖνος
1732 4410 1843 4480 (55)

1945 3224 2088 3293 gium
2115 3223 2223 3278 Deo
2254 3235 2539 3293 exaequant
2573 3244 2583 3278 :
2613 3226 2741 3280 hinc
2768 3226 2821 3278 in
2846 3236 3049 3281 tantam
3080 3238 3271 3285 mutuo
3292 3240 3511 3284 conten-

1945 3314 2148 3369 tionem
2181 3325 2235 3370 et
2265 3315 2586 3370 seditionem
2615 3318 2938 3383 excitantur,
2968 3327 3028 3371 ut
3051 3334 3221 3388 usque
3246 3320 3312 3375 ad
3340 3320 3515 3375 caedes

1942 3405 2116 3475 iurgia
2152 3404 2389 3460 foveant.

2016 3495 2080 3549 V.
2117 3495 2219 3549 Sex
2237 3504 2417 3549 autem
2445 3494 2713 3551 Ecclesias
2739 3496 2841 3551 sibi
2870 3512 2989 3551 esse
3015 3496 3338 3567 profitentur
3363 3517 3374 3548 :
3410 3496 3513 3564 pri-

1945 3603 2109 3653 mam,
2130 3587 2490 3642 Macedoniam
2514 3590 2743 3653 vocant';
2764 3590 3077 3652 secundam,
3092 3588 3347 3644 Achaiam
3371 3607 3384 3653 ;
3404 3598 3514 3641 ter-

1947 3680 2098 3745 tiam,
2118 3678 2574 3749 Philippensium;
2597 3689 2864 3749 quartam,
2885 3680 3307 3735 Laodicenorum
3325 3696 3339 3745 ;
3359 3678 3516 3747 quin.

1946 3781 2075 3837 tam,
2109 3771 2503 3841 Ephesiorum;
2541 3782 2889 3842 postremam,
2934 3772 3353 3827 Colossensium.
3409 3771 3515 3825 Sed

1945 3866 2061 3921 hac
2096 3867 2314 3935 quidem
2346 3868 2565 3922 nomina
2603 3879 2729 3923 sunt
2758 3868 2971 3923 urbium
2994 3909 3007 3932 ,
3040 3884 3174 3938 quas
3215 3878 3369 3921 vetus
3429 3868 3509 3921 hi-

1944 3956 2108 4010 storia
2138 3956 2373 4023 praefert,
2399 3967 2454 4011 et
2483 3958 2698 4011 divinus
2724 3958 2920 4011 Paulus
2951 3968 3233 4011 memorat.
3258 3957 3332 4011 Illi
3365 3972 3511 4021 vero,

1943 4049 2037 4118 qui
2058 4048 2196 4101 nihil
2229 4063 2339 4102 non
2362 4048 2631 4111 dolosum,
2662 4050 2800 4103 nihil
2822 4065 2929 4103 non
2957 4050 3315 4103 adulteratum
3349 4049 3516 4102 relin-

1944 4154 2111 4209 quere
2142 4139 2197 4193 in
2225 4140 2406 4194 animo
2425 4140 2647 4202 habent,
2668 4155 2729 4193 ac
2752 4154 2853 4193 nec
2875 4154 2939 4193 ex
2968 4139 3130 4192 rebus
3151 4139 3364 4207 quidem
3398 4138 3514 4205 ipso

1944 4231 2062 4284 visu
2095 4231 2387 4299 exploratis
2416 4239 2470 4285 et
2499 4230 2617 4284 falsi
2643 4230 2841 4283 notatis
2864 4230 3072 4298 pudore
3103 4228 3511 4291 suffunduntur,

1944 4319 2319 4372 Macedoniam
2370 4319 2587 4388 quidem
2642 4328 2838 4373 vocant
2883 4318 3199 4389 oppidulum
3248 4317 3513 4385 quoddam

1946 4408 2183 4463 Coloniae
2205 4409 2346 4477 quod
2376 4409 2675 4477 appellatur
2699 4409 2945 4472 Ciboua;
2984 4408 3073 4461 ubi
3102 4408 3509 4468 Constantinus,

273 4500 301 4552 ό
331 4499 620 4561 Σιλουανδς
661 4500 759 4569 τὴν
790 4498 1131 4553 ἀποστασίαν
1172 4498 1397 4564 ἐδίδαξε.
1433 4498 1612 4568 Κώμη
1644 4499 1700 4552 δέ
1733 4501 1835 4551 Σα-
1870 4498 1910 4548 ῐ)

1870 4498 1910 4548 ῐ)
1942 4500 2192 4555 Silvanus
2226 4502 2436 4564 dictus,
2487 4501 2806 4555 defectionis
2868 4502 3123 4569 magister
3171 4501 3291 4555 fuit.
3351 4499 3512 4553 Vicus

1411 4689 1643 4744 VARle
1682 4689 2061 4747 LECTIONES
2104 4689 2189 4743 ΕΤ
2231 4687 2462 4745 NOTAE.

345 4869 461 4939 (28)
489 4870 701 4934 Αὐτός.
734 4869 805 4942 ita
846 4880 1030 4942 noster
1070 4885 1191 4925 cum
1220 4870 1523 4942 Euthymio.
1556 4870 1843 4925 Coislinia-

274 4936 379 4996 nus
410 4956 519 4993 non
548 4954 701 5007 atque
740 4939 879 4993 bene
910 4936 1081 5000 οὗτος.

347 5009 458 5077 (‘29)
528 5008 821 5077 Ἀρμένιος
860 5009 1031 5077 γένος
1082 5010 1456 5077 Γεγναίσιος.
1510 5010 1585 5063 Ita
1638 5016 1841 5072 noster,

274 5093 400 5136 cum
440 5094 550 5147 quo
579 5094 804 5146 prorsus
842 5081 1117 5145 conspirat
1156 5079 1523 5134 Colbertinus.
1552 5079 1620 5132 At
1649 5079 1842 5131 Coisli-

275 5149 473 5203 nianus
507 5164 693 5202 vocem
734 5149 889 5213 γένος
922 5148 1155 5218 omittit,
1188 5165 1346 5218 quam
1388 5164 1489 5202 nec
1530 5149 1692 5202 habet
1735 5148 1840 5218 Eu-

275 5218 535 5287 thymius,
564 5220 653 5287 qui
677 5226 934 5285 praeterea
962 5217 1275 5283 Γεγναισίου
1296 5234 1491 5271 nomen
1516 5218 1567 5270 in
1592 5217 1837 5269 Γενεσίου

275 5286 555 5341 transfert.
606 5286 779 5341 Videri
828 5288 1008 5355 itaque
1054 5297 1264 5355 poterat
1303 5304 1403 5341 vox
1451 5289 1603 5353 γένος
1639 5302 1701 5339 ex
1741 5302 1837 5340 no-

276 5359 423 5411 mine
444 5356 694 5408 Γενεσίου
724 5357 1023 5425 irrepsisse.
1060 5356 1132 5410 De
1158 5357 1326 5425 priori
1348 5368 1523 5410 utram
1551 5356 1838 5410 lectionem

274 5427 553 5489 admittas,
584 5427 649 5480 ad
672 5442 889 5480 sensum
916 5442 1103 5494 parum
1126 5426 1309 5479 refert.

348 5497 461 5564 (50)
516 5495 631 5548 Δεῖ.
688 5496 763 5550 Ita
816 5506 999 5551 noster
1054 5506 1108 5551 et
1154 5495 1473 5566 Euthymius
1527 5511 1625 5565 pro
1673 5496 1840 5549 δεῖται

275 5566 631 5620 Coisliniano.

346 5635 460 5702 (3t)
515 5633 789 5687 Ἐπειδὰν
819 5634 1037 5699 αὐτούς
1069 5652 1154 5699 τις
1186 5634 1482 5701 ἀπαιτοίη.
1514 5634 1589 5689 Ita
1620 5634 1837 5689 Colber-

280 5706 447 5766 tinus,
480 5712 771 5774 etnoster,
814 5712 869 5758 et
903 5704 1225 5774 Euthymius
1248 5738 1277 5765 ,ι
1297 5720 1395 5772 pro
1422 5720 1530 5773 quo
1557 5704 1842 5761 Coislinia-

282 5790 383 5829 ttus
419 5772 639 5826 ἐπειδάν
669 5774 850 5837 αὐτοῖς
886 5790 968 5837 τις
995 5772 1195 5845 ἀπαιτῇ
1225 5774 1402 5828 minus
1436 5772 1598 5829 recte.

2022 4870 2135 4938 (59.)
2186 4871 2565 4938 Γεγναίσιον.
2629 4869 2950 4939 Enthymius
3007 4870 3200 4922 iterum
3253 4870 3498 4922 Γενέσιον

1943 4956 2104 5009 quam
2139 4940 2422 4991 lectionem
2454 4956 2667 5009 quoque
2695 4957 2759 4994 ex
2796 4954 2894 4995 suo
2925 4939 3110 4993 codice
3140 4939 3393 5007 exprimit
3427 4939 3511 4991 in-

1945 5008 2153 5077 terpres
2186 5008 2407 5061 Latinus
2434 5008 2625 5062 Franc.
2655 5011 2839 5063 Zinus.

2016 5075 2126 5147 (33)
2164 5079 2543 5141 Ἐκκλησίας.
2581 5080 2729 5133 Adeo
2760 5080 2811 5131 in
2838 5075 3089 5129 omnibus
3109 5077 3387 5145 apostolici
3412 5081 3512 5132 aevi

1942 5149 2179 5217 speciem
2224 5147 2581 5210 aﬂ'ectarunt,
2628 5159 2722 5217 ut,
2767 5147 3221 5215 quemadmodum
3272 5149 3509 5201 virorum

1942 5216 2390 5287 apostolicorum,
2425 5217 2494 5269 ita
2533 5226 2587 5270 et
2623 5216 2978 5287 Ecclesiarum
3010 5218 3206 5287 veteris
3238 5218 3513 5272 memoriae

1945 5284 2162 5340 nomina
2205 5287 2554 5353 adoptarent,
2586 5288 2650 5340 ad
2688 5286 2994 5354 exemplum
3034 5284 3283 5338 factionis
3322 5286 3464 5339 illius
3492 5326 3508 5348 ,

1945 5372 2062 5425 quae
2082 5356 2494 5423 Apostolicorum
2516 5357 2734 5409 nomine
2752 5357 2892 5424 apud
2920 5364 3128 5425 veteres
3155 5365 3505 5409 memoratur.

2017 5427 2127 5494 (54)
2167 5427 2466 5478 Κίόωσσα.
2500 5423 2817 5494 Euthymius
2846 5426 2969 5494 legit
2992 5423 3222 5494 liiéooo'
3277 5440 3375 5492 pro
3404 5442 3512 5492 quo

1947 5492 2169 5549 Latinus
2208 5497 2472 5562 interpres
2524 5495 2577 5546 in
2622 5492 2935 5549 Bibliother
2985 5492 3205 5548 Patrum
3255 5494 3513 5548 mendose

1947 5564 2203 5619 Cimossa.

2020 5635 2131 5703 (55)
2195 5635 2293 5686 Ἐν
2338 5627 2377 5702 ᾖ
2426 5633 2879 5697 Κωνσταντῗνος
2934 5635 2966 5685 ό
3019 5631 3347 5703 Σιλουανὸς
3399 5641 3513 5697 την

1950 5702 2332 5758 ἀποστασίαν
2347 5703 2603 5769 ἐδίδαξε.
2628 5704 2751 5758 llaec
2771 5703 2969 5757 frustra
2992 5704 3189 5770 quaeris
3210 5702 3262 5753 in
3286 5711 3472 5757 nostro

1955 5774 2186 5844 genuina
2221 5790 2346 5829 vero
2385 5788 2504 5829 csse
2539 5774 2739 5830 evincit
2772 5788 3070 5831 consensus
3110 5770 3403 5843 Euthymii.
