4222 6432
703 367 776 430 2τ
1853 357 2116 419 ΡΗοΤΙί
2156 357 2370 418 PATR]

2290 357 2664 418 'RIARCHzE
2703 359 2811 418 CP.
3886 358 3957 422 28

705 493 814 544 tur,
842 493 979 548 quos
1017 475 1165 530 fures
1201 482 1257 528 et
1285 472 1529 528 latrones
1579 470 1887 540 appellant,
1937 471 2278 540 maximeque
2303 477 2352 531 Α

2303 477 2352 531 Α
2382 469 2702 538 στρέφονται
2733 469 2922 537 ἁγίους
2940 510 2954 534 ,
2980 468 3183 542 λῃστάς
3211 467 3410 532 αὐτοὺς
3436 468 3528 522 καὶ
3559 467 3797 533 κλέπτας
3824 469 3959 525 ἀπο.

702 570 991 639 corypbteo
1021 568 1393 636 apostolorum
1434 564 1595 617 l’etro
1631 563 1964 617 maledicunt
1997 563 2122 631 quia
2145 603 2159 626 ,
2193 563 2277 614 in-

703 663 920 731 quiunt,
949 660 1106 713 fidem
1141 660 1196 712 in
1235 658 1548 727 magistrum
1576 667 1631 709 et
1656 655 1932 710 Christum
1964 655 2272 724 abnegavit,

703 755 950 822 quamvis
996 753 1251 822 magister
1305 765 1493 802 eorum
1558 749 1738 801 Manes
1785 747 1989 801 diserte
2048 747 2275 810 clamet,

704 844 945 912 ipsisque
999 843 1192 895 dicat:
1240 859 1258 889 σ
1300 838 1417 893 Non
1476 839 1553 892 sic
1604 853 1704 908 ego
1752 838 2168 900 immisericors,
2221 845 2280 890 ut

703 933 951 988 Christus
985 932 1074 1002 qui
1119 933 1192 984 ait
1228 949 1252 992 ε,
1278 931 1604 999 Quicunque
1655 945 1741 984 me
1771 929 2049 1000 negaverit
2096 945 2279 984 coram

708 1025 1052 1088 hominibus,
1088 1025 1295 1093 negabo
1339 1034 1392 1076 et
1425 1023 1571 1075 illum
1601 1037 1723 1091 ego.
1749 1023 1818 1074 At
1844 1036 1942 1088 ego
1972 1021 2278 1084 dico-,‘eum

707 1115 798 1185 qui
830 1130 915 1168 me
964 1113 1242 1184 negaverit
1286 1128 1468 1168 coram
1525 1111 1860 1176 hominibus,
1910 1121 1963 1166 et
1997 1112 2281 1168 mendacio

708 1203 868 1258 saluti
923 1219 1033 1256 suae
1089 1203 1465 1271 prospexerit,
1507 1216 1568 1254 ac
1609 1201 1653 1254 si
1700 1216 1809 1254 non
1843 1204 2123 1272 negaverit
2156 1217 2278 1266 me,

708 1309 832 1346 cum
895 1293 1090 1362 gaudio
1149 1294 1472 1361 suscipiam,
1524 1307 1586 1346 ac
1632 1292 1992 1348 defectionem
2060 1295 2283 1348 menda-

709 1385 961 1452 ciumque
993 1385 1112 1452 ejus
1160 1383 1312 1452 quasi
1360 1383 1662 1436 custodiam
1705 1393 1760 1437 et
1810 1385 2281 1438 conservationem

710 1477 1072 1530 conlessionis
1134 1492 1266 1530 mea:
1319 1477 1599 1544 repulabo.
1642 1496 1660 1527 ι
1719 1478 1970 1531 Attamen
2034 1493 2157 1548 cum
2210 1479 2282 1532 ita

711 1582 768 1620 se
805 1566 1039 1619 habeant
1068 1582 1130 1620 ac
1166 1566 1382 1634 proprie
1416 1567 1682 1636 dogmatis
1726 1568 2150 1632 confessionem,
2189 1570 2282 1624 ubi

711 1659 877 1712 instat
906 1658 1153 1723 formido,
1191 1659 1339 1713 nullo
1367 1659 1583 1729 negotio
1621 1660 1910 1730 abnegent,
1943 1661 2184 1729 nullique
2226 1677 2284 1715 se

710 1751 922 1804 crimini
965 1751 1086 1804 ideo
1119 1752 1382 1805 obnoxios
1426 1767 1546 1805 esse
1590 1752 1795 1818 dicant,
1848 1754 2060 1807 etiamsi
2094 1754 2284 1808 millies

2384 558 2704 624 καλοῦντες,
2741 560 2978 628 μάλιστα
3015 559 3072 612 δὲ
3106 559 3198 613 τὸν
3222 562 3519 630 κορυφαῖον
3542 561 3654 631 (50)
3684 560 3793 614 τῶν
3821 565 3961 615 ἀπο-

2385 647 2586 701 στόλων
2627 650 2831 720 Πέτρον
2871 650 3274 719 δυσφημοῦσιν,
3299 652 3382 705 ὅτι
3429 652 3652 718 γέγονεν
3700 651 3960 718 ἔξαρνος,

2385 741 2551 809 φασὶ,
2596 741 2694 809 τῆς
2727 743 2807 804 εἰς
2845 741 2937 795 τὸν
2963 741 3284 795 διδάσκαλον
3317 742 3410 794 καὶ
3439 742 3673 812 Χριστὸν
3701 741 3957 804 πίστεως.

2384 835 2641 901 Καίτοιγε
2683 834 2778 887 τοῦ
2817 834 3136 887 διδασκάλου
3182 834 3360 887 αὐτῶν
3405 835 3679 895 Μάνεντος
3735 833 3962 903 διαπρυ-

2386 930 2515 991 σίως
2539 931 2721 992 αὐτοῖς
2748 929 3057 998 ἐμϐοῶντος
3089 930 3201 1000 (5|)
3266 931 3362 982 καὶ
3404 931 3658 998 λέγοντος
3710 930 3845 997 (52),
3884 927 3961 992 ὡς

2391 1037 2410 1071 ι
2439 1021 2554 1073 Οὐκ
2576 1021 2692 1090 εἰμὶ
2712 1020 3078 1091 ἄσπλαγχνος,
3094 1020 3213 1084 ego
3243 1019 3477 1091 Χριστὸς
3508 1022 3537 1074 ό
3560 1021 3748 1072 εἰπών·
3774 1019 3961 1081 Ὅστις

2389 1113 2455 1184 μὲ
2487 1114 2784 1184 ἀρνήσεται
2817 1114 3126 1186 ἔμπροσθεν
3153 1114 3259 1167 τῶν
3288 1112 3614 1184 ἀνθρώπων,
3649 1111 3961 1182 ἀρνήσομαι

2387 1206 2551 1258 αὑτὸν
2584 1205 2759 1273 κάγὼ.
2822 1205 2963 1258 Ἀλλ’
3014 1205 3127 1273 ἐγὼ
3163 1205 3308 1272 λέγω
3335 1204 3426 1257 τὸν
3462 1203 3844 1274 ἀρνησάμενόν
3893 1220 3961 1272 με

2387 1296 2697 1366 ἔμπροσθεν
2719 1296 2827 1349 τῶν
2855 1294 3180 1365 ἀνθρώπων,
3205 1296 3298 1348 καὶ
3319 1295 3396 1364 τῷ
3418 1295 3600 1364 ψεύδει
3628 1295 3726 1364 τὴν
3753 1294 3961 1348 οἰκείαν
3985 1285 3990 1289 ’

2389 1388 2662 1458 σωτηρίαν
2693 1387 3078 1458 πορισάμενον,
3109 1386 3184 1449 ὡς
3211 1387 3285 1457 μὴ
3320 1386 3699 1458 ἀρνησάμενόν
3725 1403 3792 1457 με
3821 1388 3960 1455 μετά

2388 1485 2560 1553 χαρᾶς
2600 1483 3000 1553 προσδέξομαι,
3057 1483 3152 1535 καὶ
3182 1481 3281 1553 τὴν
3324 1481 3624 1535 ἀνάκλασιν
3658 1481 3823 1534 αὐτοῦ
3869 1481 3963 1534 καὶ

2388 1575 2448 1628 τὸ
2492 1575 2689 1644 ψεῦδος
2720 1575 2795 1638 ῶς
2851 1573 3094 1644 φυλακὴν
3147 1574 3242 1627 καὶ
3293 1575 3624 1643 συντήρησιν
3671 1574 3770 1643 τῆς
3825 1574 3963 1643 ἐμῆς

2389 1663 2673 1733 ὁμολογίας
2701 1665 3000 1734 ἡγήσομαι.
3037 1681 3054 1713 ι
3097 1663 3236 1715 Ἀλλ’
3284 1663 3377 1716 οὖν
3410 1662 3587 1727 οὕτως
3627 1662 3841 1733 ἔχοντες
3870 1665 3965 1716 καὶ

2390 1753 2488 1822 τὴν
2513 1752 2605 1805 τοῦ
2645 1753 2848 1805 οἰκείου
2892 1753 3161 1823 δόγματος
3199 1753 3515 1823 ὁμολογίαν,
3547 1752 3765 1806 ὲπειδάν
3795 1753 3964 1822 φοϐη-

710 1836 1057 1903 negationem
1115 1847 1394 1906 repetant,
1453 1853 1578 1891 eum
1637 1840 2029 1904 nihilominus,
2078 1842 2169 1911 qui
2218 1843 2285 1896 ad
2316 1829 2356 1884 Β

2316 1829 2356 1884 Β
2386 1844 2582 1908 θῶσιν,
2609 1845 2850 1914 εὐχερῶς
2881 1845 3300 1916 ἐξαρνούμενοι,
3338 1846 3432 1898 καὶ
3472 1846 3744 1916 μηδεμιᾶς
3785 1846 3963 1907 αἰτίας

711 1925 877 1979 breve
923 1936 1157 1997 tempus,
1207 1945 1332 1982 cum
1366 1938 1444 1983 tot
1475 1931 1840 1999 periculorum
1895 1933 2127 1987 formido
2176 1935 2284 1988 cir-

711 2032 1052 2087 cumquaque
1093 2020 1341 2082 adesset.
1387 2020 1686 2075 humanum
1733 2023 2009 2092 quidpiam
2059 2041 2283 2093 passus,

712 2110 843 2163 etin
879 2111 1293 2182 abnegatiouem
1344 2114 1597 2182 delapsus
1657 2113 1854 2179 fuerat,
1883 2115 2102 2169 omnino
2144 2116 2284 2184 abji-

711 2202 965 2256 ciendum
1009 2214 1063 2258 et
1103 2206 1494 2274 repudiandum
1542 2223 1661 2260 esse
1715 2217 1991 2271 statuunt,
2055 2225 2165 2262 non
2216 2211 2286 2264 ob

711 2296 1029 2349 ementitam
1075 2297 1253 2361 illam,
1287 2314 1446 2367 quam
1480 2301 1855 2368 praetendunt,
1901 2317 2154 2365 causam,
2192 2302 2286 2356 sed

711 2384 784 2438 ob
820 2386 1013 2449 aliam,
1045 2401 1206 2454 quam
1249 2388 1442 2451 silent,
1476 2399 1530 2442 et
1573 2390 1878 2452 occultant,
1919 2392 2043 2458 quia
2095 2406 2287 2461 nempe

712 2478 780 2530 de
845 2479 1148 2532 defectione
1195 2480 1406 2532 illorum
1465 2481 1847 2548 praenuntiavit
1909 2483 1994 2535 his
2043 2482 2224 2536 verbis
2270 2500 2284 2535 :

719 2585 738 2618 ι
776 2567 1012 2636 Satagite
1062 2568 1389 2622 immaculati
1448 2580 1502 2622 et
1546 2570 1785 2624 inviolati
1845 2571 1891 2624 ei
1947 2571 2177 2625 inveniri
2231 2571 2285 2624 in

714 2674 870 2728 pace,
911 2670 965 2711 et
995 2659 1206 2712 Domini
1248 2660 1416 2713 nostri
1454 2661 1910 2730 Ionganimitatem
1949 2662 2175 2715 Salutem
2201 2677 2287 2714 ar-

714 2749 1019 2813 bitremini;
1052 2751 1193 2804 sicut
1220 2761 1273 2805 et
1305 2751 1657 2806 charissimus
1686 2752 1851 2807 frater
1880 2763 2063 2807 noster
2089 2753 2288 2807 Paulus

716 2841 1018 2896 secundum
1053 2843 1235 2896 datam
1265 2843 1364 2896 sibi
1415 2844 1736 2912 sapientiam
1773 2847 1987 2916 scripsit
2018 2847 2202 2913 vobis,
2235 2857 2289 2901 et

716 2932 772 2985 iu
826 2933 1079 2986 omnibus
1133 2932 1386 3002 Epistolis
1445 2934 1672 3003 loquens
1727 2937 1781 2989 in
1846 2938 1924 2991 eis
1977 2939 2043 2992 de
2094 2939 2180 2992 his
2233 2940 2286 2993 in

715 3024 913 3093 quibus
935 3034 1061 3078 sunt
1081 3027 1326 3094 quaedam
1352 3027 1584 3080 diﬂicilia
1612 3028 1906 3093 intellectu,
1936 3046 2055 3099 qua:
2083 3032 2287 3085 indocti

2392 1937 2728 2000 ὑπευθύνους
2762 1939 3062 2006 φάσκοντες
3091 1938 3317 2002 ἑαυτοὺς
3339 1979 3355 2002 ,
3387 1937 3490 1990 κᾶν
3513 1939 3776 2007 μυριάκις
3807 1938 3964 2006 ἔξαρ-

2387 2044 2466 2078 νοι
2514 2027 2819 2095 γένωνται,
2858 2029 3013 2081 αὐτοὶ
3048 2029 3139 2082 τὸν
3191 2029 3328 2099 πρὸς
3360 2029 3534 2099 βραχύ
3572 2047 3659 2095 τι,
3694 2028 3963 2082 τοσούτων

2387 2118 2567 2186 φόϐων
2607 2119 3069 2189 περιεστηκότων,
3129 2119 3473 2191 ἀνθρώπινόν
3511 2138 3562 2174 τι
3605 2122 3844 2174 παθόντα
3870 2122 3964 2174 καὶ

2388 2210 2524 2280 πρὸς
2557 2211 2784 2282 ἄρνησιν
2818 2210 3279 2282 ύπολισθήσαντα,
3312 2212 3621 2281 ἀπόϐλητον
3681 2213 3962 2276 παντελῶς

2387 2303 2480 2353 καὶ
2510 2303 2877 2372 ἀποτρόπαιον
2911 2303 3184 2367 τίθενται,
3227 2304 3287 2356 ού
3319 2303 3386 2356 δι’
3423 2304 3451 2356 ὃ
3494 2304 3606 2374 (55)
3657 2305 3962 2374 προσφασί·

2388 2393 2605 2457 ζονται,
2656 2392 2770 2446 ἀλλ’
2820 2393 2847 2446 ὃ
2901 2393 3095 2462 σιγῶσι
3143 2395 3237 2447 καὶ
3298 2395 3763 2464 ἀποκρύπτονται.
3816 2395 3960 2448 Διότι

2389 2484 2637 2557 περὶτῆς
2680 2488 3014 2550 ἀποστασίας
3062 2487 3242 2540 αὐτῶν
3305 2487 3717 2558 προανεκήρυξε
3747 2487 3956 2554 λέγων·

2394 2594 2411 2626 ι
2443 2577 2786 2631 Σπουδάσατε
2836 2578 2948 2646 (54)
3001 2578 3218 2630 ἄσπιλοι
3247 2579 3339 2629 καί
3381 2578 3603 2648 ἄμωμοι
3627 2577 3777 2648 αὐτῷ
3808 2579 3962 2648 εὑρε-

2390 2667 2549 2739 θῆναι
2587 2670 2644 2721 ὲν
2676 2670 2890 2740 εἰρήνῃ,
2944 2671 3036 2722 καὶ
3065 2669 3163 2738 τὴν
3207 2668 3302 2722 τοῦ
3334 2670 3537 2740 Κυρίου
3563 2669 3720 2739 ἡμῶν
3754 2671 3963 2739 μακροο

2391 2759 2590 2830 θυμίαν
2639 2761 2914 2832 σωτηρίαν
2950 2760 3205 2832 ἡγεῖσθε,
3255 2759 3437 2824 καθὼς
3481 2760 3575 2813 καὶ
3615 2762 3642 2812 ό
3683 2761 3964 2829 ἀγαπητὸς

2389 2853 2547 2924 ἡμῶν
2583 2852 2794 2916 Παῦλος
2818 2853 2959 2906 κατά
3003 2852 3101 2922 τὴν
3129 2851 3372 2905 δοθεῖσαν
3402 2851 3550 2921 αὑτῷ
3574 2851 3766 2921 σοφίαν
3799 2851 3966 2921 ἔγραο

2387 2944 2489 3013 ψεν
2520 2945 2668 3013 ὑμῖν,
2697 2944 2787 2996 καὶ
2813 2945 2869 2996 ἐν
2896 2946 3096 3006 πασαῖς
3142 2945 3262 3005 ταῖς
3299 2943 3638 3006 Ἐπιστολαῖς
3677 2942 3840 2996 αὐτοῦ
3870 2943 3964 2995 λα-

2390 3033 2498 3087 λῶν
2538 3037 2594 3088 ὲν
2626 3036 2814 3098 αὑταῖς
2859 3035 2988 3105 περὶ
3035 3034 3262 3099 τούτων,
3313 3033 3369 3085 ὲν
3413 3027 3493 3096 οἷς
3530 3035 3648 3087 ἐστι
3696 3034 3968 3104 δυσνόητά

715 3124 771 3168 et
794 3116 1076 3168 instabiles
1111 3116 1409 3185 depravant
1428 3157 1442 3177 ,
1474 3119 1617 3172 sicut
1646 3128 1700 3172 et
1731 3129 1954 3174 caeteras
1982 3120 2290 3190 Scripturas
2315 3155 2358 3212 ο

2315 3155 2358 3212 C
2393 3143 2536 3188 τινα,
2580 3125 2616 3179 ἃ.
2659 3127 2709 3178 οἰ
2739 3126 2970 3196 ἀμαθεῖς
3016 3125 3110 3179 καὶ
3141 3127 3459 3196 ἀστήρικτοι
3485 3125 3856 3195 στρεϐλοῦσιν,
3892 3127 3966 3188 ὡς

715 3205 784 3260 ad
808 3222 958 3260 suam
989 3207 1230 3276 ipsorum
1257 3209 1638 3277 perditionem.
1667 3228 1683 3260 ι
1718 3209 1849 3264 Nam
1883 3212 1996 3266 haec
2018 3213 2288 3283 coryphaei

716 3297 931 3367 eloquia
966 3299 1204 3367 ipsorum
1241 3300 1524 3353 audaciam
1555 3311 1609 3354 et
1646 3301 1981 3371 impietatem
2032 3319 2293 3372 praenun-

716 3389 883 3451 tiant,
914 3391 1002 3458 qui
1038 3391 1150 3458 ipsa
1201 3390 1412 3443 Domini
1446 3392 1658 3461 eloquia
1681 3433 1694 3455 ,
1723 3408 1824 3447 nec
1856 3410 1961 3447 non
1994 3397 2292 3459 apostolica

716 3481 958 3550 aliasque
979 3481 1303 3552 Seripturas,
1325 3500 1519 3554 nempe
1539 3486 1704 3538 Actus
1726 3487 2088 3552 apostolorum
2111 3498 2165 3542 et
2193 3488 2294 3543 Ca-

717 3572 965 3634 tholica‘s,
993 3581 1051 3625 ut
1073 3584 1284 3639 vocant,
1314 3575 1582 3643 Epistolas
1605 3575 1920 3635 admittunt.
1950 3587 2149 3645 praeter
2173 3593 2286 3643 eas,

716 3680 839 3731 quae
869 3665 1153 3734 coryphzeo
1204 3664 1430 3735 (Petro)
1479 3666 1828 3730 tribuuntur;
1871 3666 1987 3720 illas
2027 3667 2170 3721 enim
2221 3684 2289 3723 ne

718 3754 883 3808 verbo
929 3757 1147 3824 quidem
1188 3756 1460 3825 recipiunt
1504 3774 1518 3810 :
1562 3757 1669 3822 illi,
1701 3757 1956 3826 inquam,
2005 3768 2167 3824 sunt,
2197 3761 2287 3830 qui

717 3860 846 3899 vere
871 3845 1214 3915 detorquent,
1239 3856 1292 3901 et
1317 3855 1571 3901 evertunt
1595 3847 1649 3900 in
1675 3848 1945 3916 propriam
1974 3849 2074 3902 sibi
2107 3850 2289 3918 perni-

718 3936 877 3989 ciem.
930 3937 1096 3991 Actus
1137 3953 1264 3991 vero
1315 3939 1684 4006 apostolorum
1732 3947 1788 3992 et
1816 3937 2126 3994 Catholieas
2175 3956 2284 3995 non

718 4041 911 4080 onmes
933 4027 1052 4079 aliis
1069 4027 1390 4097 adjungunt,
1412 4028 1504 4082 sed
1528 4029 1746 4098 quidam
1772 4044 1835 4083 ex
1857 4030 1959 4083 illis
1983 4046 2105 4084 cum
2131 4039 2290 4085 caete-

720 4116 798 4170 ris
845 4128 1224 4172 annumerant.
1274 4118 1377 4173 Sed
1432 4120 1574 4173 circa
1625 4121 1915 4188 prophetas
1971 4121 2186 4189 quidem
2233 4131 2286 4176 et

719 4208 889 4263 Vetus
913 4208 1342 4276 Testamentum,
1368 4220 1421 4264 et
1448 4212 1592 4266 circa
1619 4221 1846 4266 casteros
1877 4222 2094 4266 sanctos
2119 4212 2281 4276 viros,

2392 3217 2486 3270 καὶ
2543 3218 2642 3279 τὰς
2709 3217 2898 3279 λοιπὰς
2959 3216 3183 3286 Γραφάς
3247 3215 3383 3285 πρὸς
3437 3217 3535 3285 τὴν
3591 3215 3728 3268 ἰδίαν
3787 3216 3966 3268 αὐτῶν

2390 3306 2685 3359 ἀπώλειαν.
2720 3325 2738 3358 ι
2789 3306 2870 3359 Τά
2920 3307 3028 3377 γὰρ
3085 3306 3180 3359 τοῦ
3234 3306 3531 3377 κορυφαίου
3581 3307 3755 3360 ταῦτα
3805 3307 3966 3374 λόγια

2390 3397 2648 3466 ἀντικρὺς
2686 3398 2785 3466 τὴν
2826 3397 3005 3450 αὐτῶν
3035 3398 3509 3468 προανακηρύττει
3539 3398 3745 3466 τόλμαν
3773 3414 3832 3450 τε
3869 3397 3966 3450 καὶ

2391 3487 2727 3552 δυσσέϐειαν,
2788 3489 2836 3540 οἳ
2886 3489 3023 3540 αὐτά
3066 3505 3124 3540 τε
3169 3489 3237 3540 τὰ
3267 3489 3522 3557 Κυριακά
3568 3488 3724 3555 λόγια
3767 3488 3858 3539 καὶ
3900 3487 3968 3538 τα

2393 3578 2726 3631 ἀποστολικά
2764 3578 2856 3630 καὶ
2911 3578 3009 3641 τὰς
3059 3578 3224 3642 ἄλλας
3269 3579 3309 3630 Γ
3315 3579 3513 3647 ραφάς,
3552 3579 3694 3648 φημὶ
3738 3579 3801 3647 δὴ
3865 3580 3964 3639 τάς

2391 3687 2449 3721 τε
2492 3656 2724 3739 Πράξεις
2754 3668 2861 3723 τῶν
2901 3670 3214 3723 ἀποστόλων
3248 3669 3345 3724 καὶ
3388 3670 3488 3734 τὰς
3541 3669 3850 3734 Καθολικάς
3880 3671 3969 3723 λε-

2390 3760 2662 3829 γομένας,
2715 3760 2853 3830 πλὴν
2898 3761 3005 3814 τῶν
3053 3761 3477 3832 ἀναφερομένων
3538 3764 3618 3825 εἰς
3656 3762 3748 3814 τὸν
3800 3779 3967 3833 κορυ-

2390 3853 2546 3920 φαῖον
2564 3851 2695 3916 (55)’
2724 3851 2937 3914 ὲκείνας
2965 3853 3072 3920 γὰρ
3098 3853 3216 3904 οὐδὲ
3242 3855 3354 3916 τοῖς
3385 3855 3596 3923 ῥήμασι
3632 3854 3967 3924 παραδέχον-

2386 3958 2496 3995 ται.
2533 3935 2692 3994 Οὒτοί
2725 3942 2862 3995 εἰσιν
2899 3944 2946 3994 οἰ
2993 3941 3068 4005 ὡς
3091 3941 3310 4013 ἀληθῶς
3355 3944 3741 4015 στρεσλοῦντές
3772 3962 3832 3997 τε
3871 3945 3969 3998 καὶ

2393 4033 2805 4103 διαστρέφοντες
2855 4033 2991 4103 πρὸς
3033 4035 3132 4104 τὴν
3183 4035 3318 4087 ἰδίαν
3370 4035 3664 4091 ἀπώλειαν.
3709 4037 3820 4088 Καὶ
3867 4038 3967 4100 τὰς

2392 4124 2622 4192 Πράξεις
2657 4123 2713 4175 δὲ
2761 4123 2868 4175 τῶν
2920 4125 3233 4178 ἀποστόλων
3276 4125 3369 4179 καὶ
3410 4125 3506 4188 τάς
3563 4127 3870 4189 Καθολικάς
3903 4128 3964 4179 ού

2391 4214 2590 4276 πάντες
2628 4214 2809 4266 αὐτῶν
2858 4215 3253 4284 συναρμόζουσι
3295 4217 3406 4287 (56)
3461 4220 3573 4282 τοῖς
3608 4218 3790 4281 ἄλλοις
3860 4219 3966 4271 εἰσὶ

1827 4305 2058 4360 VARUE
2097 4306 2478 4363 LECTIONES
2515 4309 2604 4362 ET
2641 4305 2871 4364 NOTAE.

791 4402 903 4471 (50)
943 4401 1304 4470 κορυφαῖον.
1339 4400 1432 4456 His
1460 4409 1515 4455 et
1545 4401 1809 4455 similibus
1836 4401 2024 4471 elogiis
2064 4401 2280 4457 Petrum

723 4472 777 4526 in
803 4469 1054 4540 veterum
1087 4469 1304 4540 scriptis
1339 4472 1557 4525 mactari
1591 4480 1818 4524 constat.
1857 4469 1987 4524 Vide
2023 4471 2137 4525 loca
2167 4473 2281 4526 col-

723 4543 862 4596 lecta
897 4557 926 4594 a
961 4539 1232 4596 Richardo
1267 4540 1616 4602 Montacutio,
1649 4541 1690 4593 ll
1726 4540 2021 4609 Originum,
2063 4557 2115 4608 p.
2149 4542 2280 4607 na;

723 4610 906 4664 lsaaco
955 4610 1189 4664 Barrmv.
1233 4612 1286 4663 in
1334 4620 1561 4663 tractatu
1612 4609 1688 4661 De
1741 4611 1971 4676 primatu
2026 4627 2195 4678 papw,
2233 4622 2288 4666 et

721 4681 1007 4735 Guilielmo
1037 4681 1312 4744 Forbesio,
1346 4680 1438 4732 lib.
1476 4695 1562 4738 xv,
1595 4694 1712 4746 cap.
1751 4681 1775 4733 ἰ
1810 4687 1864 4733 et
1890 4694 2039 4748 seqq.
2075 4679 2288 4733 Instru-

725 4751 958 4816 ctionum
979 4791 992 4812 ,
1034 4751 1122 4819 qui
1153 4760 1330 4803 tamen
1362 4749 1562 4819 et_ipsi
1590 4751 1776 4803 eadem
1819 4763 1982 4819 opera
2009 4750 2284 4816 evincunt,

725 4820 912 4874 eadem
949 4816 1194 4874 encomia
1238 4829 1294 4872 et
1327 4822 1379 4870 in
1429 4816 1653 4871 Paulum
1693 4833 1721 4870 a
1772 4816 2045 4871 veteribus
2096 4820 2288 4873 collata

724 4894 912 4944 luisse.
945 4888 1133 4944 Paucis
1167 4889 1331 4942 multa
1365 4889 1519 4941 atlert
1551 4887 2044 4957 l’seudo-Clemens
2089 4889 2140 4940 in
2173 4890 2290 4957 epi-

725 4961 862 5044 stqla
884 4959 948 5044 ad
970 4958 1251 5044 {at-obum:
1281 4958 1364 5044 cui
1400 4957 1587 5044 Peli-ps
1618 4967 1700 5011 est
1729 4955 2013 5044 ήρπαρχγὴ
2044 4957 2143 5043 τού
2174 4955 2286 5044 Κυτ

765 5027 845 5081 ίόυ
885 5029 1062 5097 ἡμῶν,
1100 5031 1127 5080 ό
1176 5028 1283 5080 τῶν
1312 5027 1625 5080 ἀποστόλων
1659 5028 1922 5097 (πρῶτος,
1963 5027 2007 5093 ᾧ
2037 5027 2237 5096 πρώτῳ
2263 5030 2290 5081 ὁ

752 5096 918 5167 ἰατὴρ
952 5099 1042 5150 τὸν
1082 5098 1205 5149 Υἰὸν
1229 5097 1599 5167 ἀπεκάλυψεν,
1645 5096 1702 5148 ὃν
1731 5099 1758 5167 ό
1788 5097 2022 5167 Χριστὸς
2055 5097 2289 5165 εὐλόγως

726 5165 1082 5238 ἑμακάρισεν,
1117 5167 1362 5238 όκλητὸς
1398 5166 1490 5238 καὶ
1529 5165 1804 5238 ἐκλεκτὸς,
1841 5165 1948 5220 καὶ
1981 5167 2285 5238 συνέστιος,

726 5235 819 5288 καὶ
857 5235 1306 5306 σύνοδοιπόρπίό
1336 5235 1500 5306 καλὸς
1530 5238 1622 5288 καὶ
1651 5236 1873 5303 δόκιμος
1916 5236 2180 5304 μαθητής.

802 5308 911 5376 (51)
976 5303 1381 5376 Ἐμϐοῶγτος.,
1417 5303 1491 5357 Ita
1550 5307 1762 5376 restitui
1816 5321 1881 5359 ex
1919 5303 2134 5376 nostro,
2193 5321 2290 5374 pro

727 5374 1059 5431 Coisliniano
1077 5377 1392 5446 ὲκὸοῶντος.
1419 5375 1704 5446 Consentit
1725 5374 2063 5446 Euthymius.
2091 5375 2287 5429 Eadem

727 5460 860 5500 voce
898 5448 1064 5498 utitur
1096 5457 1278 5500 noster
1307 5445 1463 5507 infra,
1500 5445 1525 5514 §
1555 5445 1644 5498 ‘24.

798 5515 911 5584 (5‘2)
952 5515 1263 5583 Λέγοντος.
1297 5513 1522 5584 Manetis
1553 5515 1654 5568 hoc
1683 5513 2042 5584 fragmentum
2082 5515 2288 5568 adden-

730 5583 859 5654 dum
909 5585 1072 5638 fuerit
1099 5586 1163 5640 iis
1195 5601 1314 5654 qua:
1339 5600 1404 5654 ex
1435 5583 1634 5654 Codice
1672 5583 1905 5654 quodam
1936 5601 2034 5639 ms.
2066 5585 2286 5654 Collegii

730 5653 985 5708 Ludovici
1016 5654 1187 5723 Magni
1214 5653 1295 5709 ’S.
1346 5653 1396 5707 J.
1429 5653 1648 5707 exhibet
1685 5653 2032 5707 doctissimus
2076 5653 2158 5708 Jo.
2199 5653 2286 5706 Al-

729 5723 916 5777 bertus
946 5723 1225 5782 Fabricius
1267 5733 1452 5781 noster
1499 5723 1591 5777 lib.
1621 5742 1652 5778 ν
1682 5723 2011 5778 Bibliotheca:
2061 5723 2282 5786 Gra'cw,

729 5809 784 5863 p.
815 5795 919 5850 284
943 5809 1094 5864 seqq.

2459 4404 2570 4473 (53)
2612 4405 2703 4476 Διῇ
2735 4404 2786 4458 ὅ.
2817 4404 2891 4459 Ita
2938 4415 2994 4461 et
3027 4404 3379 4476 Euthymius,
3432 4414 3577 4460 recte
3611 4407 3833 4461 omnino
3862 4427 3875 4462 :
3908 4421 3964 4465 at

2317 4512 2360 4567 D
2389 4483 2575 4567 noster;
2599 4475 2718 4526 οὐδὲ
2742 4476 2789 4527 ὃ.

2662 4546 2789 4567 \‘--.

2465 4543 2574 4612 (54)
2652 4543 3064 4614 Σπουδάσατε.
3117 4543 3260 4614 Lege
3324 4544 3503 4598 locum
3555 4545 3833 4599 Petrinum
3869 4563 3883 4599 .-
3916 4547 3961 4602 ll

2391 4612 2537 4666 Petr.
2594 4627 2664 4675 ιι,
2721 4613 2906 4684 “:16.
2964 4613 3095 4678 Qua:
3156 4612 3297 4667 inter
3349 4615 3490 4668 hanc
3551 4615 3960 4684 allegationem,

2390 4695 2512 4734 cum
2557 4697 2660 4750 qua
2700 4691 2754 4735 et
2786 4682 3104 4751 Euthymius
3133 4699 3357 4751 prorsus
3391 4682 3717 4748 concordat,
3758 4695 3812 4738 et
3845 4686 3964 4740 vul-

2390 4699 2512 4734 cum
2557 4699 2660 4750 qua
2700 4699 2754 4735 et
2786 4699 2922 4735 num
2950 4699 3104 4736 'muts
3133 4699 3357 4751 prorsus
3391 4699 3717 4748 concordat,
3758 4699 3812 4738 et
3845 4699 3962 4740 vul-

2390 4761 2542 4824 gatos
2571 4751 2786 4824 codices
2822 4752 2884 4824 Ν,
3016 4752 3322 4824 differentia
3360 4753 3664 4818 intercedit,
3698 4769 3816 4807 eam
3846 4755 3962 4824 ipse

2393 4820 2551 4874 facile
2598 4821 2911 4874 observahis
2961 4830 3014 4875 et
3060 4823 3266 4875 tribues
3297 4831 3540 4875 veterum
3576 4820 3961 4878 consuetudini

2396 4904 2462 4943 ex
2510 4891 2769 4959 memoria
2805 4890 3099 4959 Scripturze
3132 4907 3298 4945 sacra:
3346 4893 3558 4945 oracula
3606 4893 3839 4956 citandi,
3893 4895 3962 4947 de

2389 4974 2491 5026 qua
2520 4957 2602 5012 Jo.
2627 4959 2818 5028 Crojus
2845 4961 2896 5012 in
2929 4957 3218 5014 Observatt.
3239 4977 3401 5022 sacr.,
3429 4962 3513 5015 Jo.
3537 4961 3731 5015 Millius
3754 4962 3805 5014 in
3831 4963 3963 5016 Pro-

2390 5027 2574 5100 legom.
2597 5029 2667 5100 ad
2695 5028 2760 5080 N.
2793 5029 2872 5087 T.,
2897 5039 2951 5083 et
2976 5031 3025 5082 in
3047 5029 3440 5100 priiiiisllaniel
3463 5031 3705 5100 Whitby,
3728 5032 3783 5084 in
3814 5032 3962 5086 Exa-

2389 5099 2873 5170 mitteﬂvariautiunt
2896 5099 3170 5170 lectionum
3192 5099 3261 5152 N.
3288 5099 3344 5153 T.
3368 5099 3596 5153 Milliam‘
3624 5102 3888 5170 legantur.

2462 5168 2583 5239 (55)
2615 5168 2970 5236 Κορυφαῑον.
3026 5169 3089 5222 Ili
3139 5169 3302 5239 igitur
3351 5170 3512 5239 forte,
3546 5171 3644 5225 soli
3679 5168 3764 5224 'ex
3811 5175 3962 5231 omni

2389 5236 2819 5291 Christianorum
2850 5236 3478 5361 antittiitate'utramque
3501 5238 3646 5294 Petri
3676 5242 3959 5310 epistolam

2389 5309 2616 5360 aversati
2642 5317 2795 5361 sunt.
2833 5323 2954 5361 cum
3007 5307 3284 5361 'usebius.
3319 5309 3411 5361 lib.
3449 5313 3544 5361 ιιιὲ.
3578 5326 3627 5361 e.
3661 5310 3714 5361 5.
3754 5311 3958 5361 Ηίειον-

2389 5309 2616 5360 aversati
2642 5317 2795 5374 sunt,
2833 5323 2954 5362 eum
2986 5307 3284 5372 Eusebius,
3319 5309 3411 5361 lib.
3449 5313 3544 5377 ιιιξ,
3578 5326 3627 5362 e.
3661 5307 3725 5370 3.’
3754 5311 3958 5366 Histor.

2391 5377 2840 5448 eccles.rtesletur
2890 5379 3124 5448 priorem
3171 5378 3238 5430 ab
3281 5379 3569 5448 omnibus,
3602 5380 3960 5446 posteriorem

2387 5447 2454 5518 ab
2487 5447 3018 5518 antiquioribus’non
3041 5459 3309 5516 receptam
3340 5447 3526 5504 fuisse.
3556 5449 3624 5501 At
3654 5449 3706 5502 hi
3736 5451 3956 5518 quidem

2389 5516 2443 5568 id
2493 5515 2772 5582 fecerunt,
2814 5518 3032 5582 oborta,
3069 5534 3136 5570 an
3171 5515 3313 5570 Petri
3348 5534 3409 5571 ea
3453 5519 3555 5581 sit,
3585 5515 3963 5584 dubitatione;

2389 5585 2463 5638 illi
2498 5602 2626 5656 vero
2666 5601 2728 5639 ex
2766 5587 3052 5641 temerario
3082 5587 3311 5656 quodam
3344 5587 3398 5640 in
3434 5585 3653 5641 Petrum
3677 5587 3823 5642 odio.

2461 5655 2570 5724 (56)
2609 5656 3072 5727 Συνᾳρμόζουσι.
3104 5655 3197 5727 ἰιιι
3228 5657 3424 5710 Coislin
3447 5699 3460 5721 ,
3498 5667 3553 5710 et
3591 5658 3915 5727 Euthymius
3949 5675 3961 5709 :

2389 5741 2488 5778 ms.
2516 5735 2699 5847 noslci'
2738 5726 2899 5782 habet
2940 5726 3350 5797 συναριθμοῦσι,
3381 5727 3432 5782 id
3457 5736 3542 5782 cst
3565 5726 3918 5781 (innumeram
3946 5767 3960 5791 ,

2391 5811 2555 5847 sensu
2591 5810 2668 5847 co-
2697 5811 2801 5847 em.

2391 5811 2555 5850 δοιιδιι
2591 5810 2801 5849 COIIClll.
