4222 6432
243 391 314 457 29
1308 400 1604 463 CONTRA
1642 402 2099 466 MANICHEOS
2137 406 2368 468 LIBER
2407 406 2454 465 Ι.
3429 408 3502 471 30

248 505 305 559 δὲ
323 507 373 559 οἳ
402 506 495 560 καὶ
522 507 894 565 συντάττουσι.
940 510 1103 565 Ἀλλὰ
1127 511 1256 582 περὶ
1279 515 1378 583 μὲν
1398 516 1507 568 τῶν
1532 520 1823 586 προφητῶν
1855 521 1900 574 Α

1855 521 1900 574 Α
1929 522 2018 588 qui
2055 522 2108 573 in
2132 534 2198 573 eo
2224 518 2582 580 eﬂ’ulserunt,
2630 524 2685 570 et
2722 515 2864 570 circa
2900 516 3245 589 coryphaeum
3280 529 3499 577 aposto—

249 599 343 653 καὶ
386 600 486 670 τῆς
535 602 781 665 Παλαιᾶς
807 604 1101 676 Διαθήκης,
1127 606 1223 658 καὶ
1241 606 1350 658 τῶν
1375 609 1497 659 κατ’
1524 610 1691 678 αὐτὴν
1720 612 1826 665 λοιο

1935 614 2131 677 lorum,
2158 612 2236 665 sic
2261 611 2336 664 illi
2367 607 2667 662 insaniunt.

244 694 366 747 πῶν
410 695 579 761 ἁγίων
615 694 1033 765 διαλαμψάντων
1076 699 1170 750 καὶ
1223 698 1317 751 τοῦ
1353 703 1648 768 κορυφαίου
1704 706 1812 759 τῶν
1853 707 2164 759 ἀποστόλων
2188 705 2329 756 οὕτω
2361 702 2690 771 μεμήνασιν.

316 785 396 838 Θ’.
431 783 739 856 Καθολικὴν
774 786 886 854 (57)
924 786 982 839 δέ
1025 786 1348 856 Ἐκκλησίαν
1384 788 1453 840 τά
1484 791 1692 844 ἑαυτῶν
1719 812 1819 845 κα-

247 874 399 927 λοῦσι
429 874 714 945 συνέδρια,
757 875 919 944 ἡνίκα
970 878 1206 947 μάλιστα
1242 877 1376 946 πρὸς
1414 879 1541 941 τοὺς
1579 881 1822 945 εὐσεϐεῖς

249 968 441 1032 λόγους
496 966 610 1036 (58)
644 968 739 1019 καὶ
775 967 1103 1037 συξητήσεις
1144 968 1375 1023 κινοῦσι.
1417 971 1554 1024 Καθ’
1598 974 1822 1037 ἑαυτοὺς

250 1062 357 1130 γάρ
389 1060 694 1129 προσευχάς
719 1060 828 1131 (59)
853 1060 1109 1114 καλοῦσιν
1139 1062 1320 1115 αὐτῶν
1352 1063 1420 1116 τά
1454 1065 1727 1137 συνέδρια·
1762 1069 1821 1118 οὺ

255 1153 362 1219 μὴν
393 1150 529 1205 ἀλλὰ
576 1154 668 1204 καὶ
717 1153 776 1205 τὸ
823 1154 1087 1223 σωτήριον
1122 1154 1472 1218 διαπτύοντες
1507 1155 1824 1228 βάπτισμα,

254 1245 690 1299 ὑποπλάττονται
736 1246 1134 1315 παραδέχεσθαι
1181 1247 1349 1310 αὐτὸ,
1394 1247 1461 1300 τά
1508 1249 1602 1301 τοῦ
1649 1250 1827 1318 Εὐαγ-

252 1335 435 1402 γελίου
489 1338 709 1405 ῥήματα
750 1339 815 1404 τῇ
846 1335 938 1388 τοῦ
990 1335 1361 1406 βαπτίσματος
1397 1340 1546 1407 φωνῇ
1589 1338 1825 1392 ὑποϐάλ-

260 1425 462 1489 λοντες.
498 1428 606 1480 Καὶ
634 1427 743 1498 γάρ
769 1444 951 1496 φασιν*
992 1447 1011 1479 ι
1052 1428 1110 1481 Ὀ
1142 1429 1344 1499 Κύριος
1370 1428 1494 1497 ἔφη·
1538 1430 1679 1496 Ἐγώ
1713 1432 1828 1500 ειμι

258 1518 319 1570 τὸ
348 1518 495 1588 ὕδωρ
549 1520 609 1571 τὸ
656 1518 799 1583 ζῶν
844 1538 863 1571 ι
907 1520 1046 1589 πλὴν
1076 1521 1298 1574 ἐπειδάν
1331 1522 1676 1592 σφοδροτέρῳ
1723 1523 1829 1575 τινὶ

258 1609 555 1680 σωματικῷ
598 1612 865 1680 νοσήματι
919 1613 1319 1681 περιπέσωσιν,
1376 1613 1469 1665 καὶ
1522 1613 1615 1665 τὸν
1651 1613 1830 1679 τίμιον

258 1702 351 1752 καὶ
399 1702 665 1764 ζωοποιδν
715 1701 946 1773 σταυρὸν
991 1704 1081 1755 τὸν
1125 1704 1191 1757 ἐκ
1247 1704 1405 1770 ξύλου
1465 1706 1830 1773 πεποιημένον

259 1793 473 1854 ἑαυτοῖς
512 1792 623 1861 (60)
654 1794 1012 1848 ἐπιτιθέασιν.
1061 1797 1290 1849 Ἔπειτα
1328 1797 1688 1865 τυγχάνοντες
1731 1797 1831 1866 τῆς

264 1883 499 1945 ἰάσεως,
551 1883 843 1938 διαθλῶσιν
872 1886 985 1955 (61)
1037 1887 1222 1940 τοῦτον
1260 1890 1291 1957 ἢ
1327 1887 1672 1955 συμπατοῦσι
1695 1930 1708 1952 ,
1740 1887 1833 1939 κα)¹

261 1975 697 2043 ἀπορρίπτουσι·
747 1975 882 2027 ἀλλὰ
935 1976 1184 2038 καὶτοὺς
1238 1978 1431 2037 παῖδας
1483 1977 1663 2029 αὐτῶν
1710 1976 1835 2045 (ὑπὸ

262 2065 369 2117 τῶν
397 2064 496 2133 τῆς
534 2066 861 2135 Ἐκκλησίας
890 2067 1272 2138 πρεσϐυτέρων
1297 2067 1673 2137 αἰχμαλωσίας
1695 2068 1836 2136 λόγῳ

264 2156 522 2218 πολλάκις
571 2160 700 2228 παρ’
740 2160 922 2220 αὐτοῖς
955 2158 1332 2226 κατεχομένων
1366 2157 1523 2228 [62])
1557 2158 1632 2226 τῷ
1665 2174 1836 2225 σωτη-

266 2248 366 2317 ρίῳ
398 2248 609 2312 ἀξιοῦσι
648 2249 985 2319 φωτισθῆναι
1025 2250 1395 2319 βαπτίσματι·
1428 2250 1727 2302 λυσιτελεῖν
1760 2249 1838 2316 τῷ

266 2345 477 2410 σώματι
517 2342 608 2395 τόν
643 2359 701 2394 τε
733 2343 964 2415 σταυρὸν
1001 2344 1091 2395 καὶ
1132 2343 1192 2395 τὸ
1245 2342 1527 2411 βάπτισμα
1570 2344 1619 2394 οἱ
1662 2342 1840 2410 πάσης

266 2434 529 2501 ὠφελείας
571 2433 978 2501 λογοποιοῦντες
1020 2434 1251 2499 ἀνάξιοι,
1305 2436 1380 2505 μὴ
1436 2434 1685 2505 μέντοιγε
1726 2433 1840 2487 δια-

268 2526 474 2578 ϐαίνειν
506 2525 605 2596 τὴν
649 2526 855 2579 τούτων
899 2528 1177 2597 ἐνέργειαν
1220 2527 1301 2588 είς
1333 2526 1506 2595 ψυχῆς
1536 2527 1803 2597 κάθαρσιν
1824 2566 1838 2589 ,

269 2617 303 2685 ἡ
332 2634 453 2669 τινα
501 2616 668 2687 άλλην
694 2617 897 2685 ταύτης
924 2618 1212 2685 ὠφέλειαν.
1246 2617 1354 2670 Ναὶ
1378 2618 1441 2688 δὴ
1483 2618 1578 2670 καὶ
1607 2618 1703 2688 τῆς
1733 2634 1843 2669 κοι-

270 2709 463 2771 νωνίας
488 2710 625 2760 εἰσὶν
644 2709 821 2762 αὐτῶν
845 2710 945 2762 οὐκ
966 2709 1135 2777 ὀλίγοι
1152 2709 1245 2762 τοῦ
1274 2709 1455 2779 τιμίου
1481 2708 1731 2778 σώματος
1748 2709 1844 2761 καὶ

271 2800 500 2868 αἵματος
530 2801 772 2868 Χριστοῦ
811 2801 905 2854 τοῦ
935 2802 1069 2854 Θεοῦ
1107 2802 1285 2871 ἡμῶν.
1331 2802 1491 2855 Ἀλλὰ
1517 2802 1678 2854 τοῦτο
1710 2800 1845 2870 πρὸς

272 2889 552 2958 ἐξαπάτην
582 2890 692 2945 τῶν
729 2892 1112 2961 ἁπλουστέρων
1146 2892 1651 2961 μεταλαμϐάνουσιν
1687 2892 1841 2963 (62⁸).

286 2978 408 3029 Ἐπὶ
447 2978 502 3030 δὲ
559 2981 671 3040 τοῖς
718 2980 1029 3048 εἰρημένοις
1070 2980 1188 3031 οὐδὲ
1233 2982 1358 3043 τοὺς
1404 2982 1504 3049 τῆς
1553 2980 1846 3050 καθολικῆς

2000 796 2089 848 ιχ.
2133 793 2467 849 Catholicam
2499 806 2626 843 vero
2661 790 2958 844 Ecclesiam
2999 806 3126 845 suos
3151 804 3349 847 vocant
3387 809 3503 848 cu:-

1932 893 2017 940 tus
2038 928 2051 950 ,
2087 901 2207 939 cum
2239 883 2472 937 maxime
2505 882 2567 934 ad
2609 882 2692 949 pia
2717 881 2981 950 colloquia
3009 890 3064 935 et
3088 882 3502 939 dissertationes

1931 977 2250 1032 deveniunt.
2288 976 2431 1028 Inter
2462 990 2519 1027 se
2555 982 2738 1026 autem
2767 984 2942 1027 castus
2969 990 3094 1028 suos
3126 986 3323 1028 vocant
3347 993 3503 1045 pros-

1932 1070 2135 1124 euchas
2167 1083 2260 1121 seu
2298 1066 2550 1120 oratoria.
2588 1064 2701 1119 lmo
2743 1064 2902 1118 etiam
2944 1064 2989 1117 si
3033 1065 3327 1119 salutarem
3401 1067 3501 1120 ba-

1936 1161 2193 1234 ptismum
2240 1166 2540 1228 respuunt,
2601 1173 2657 1210 se
2723 1167 2900 1210 tamen
2966 1156 3146 1225 ipsum
3215 1158 3501 1211 admittere

1936 1253 2215 1316 simulant,
2255 1250 2529 1319 Evangelii
2564 1250 2724 1303 verba
2766 1248 3114 1316 baptismatis
3148 1264 3280 1302 voce
3314 1249 3504 1302 subin-

1936 1345 2201 1398 dicantes.
2247 1342 2492 1403 Etenim,
2526 1340 2799 1407 inquiunt,
2837 1338 3095 1392 Dominus
3130 1340 3302 1393 dixit:
3338 1360 3355 1391 ι
3395 1342 3505 1412 Ego

1937 1452 2057 1490 sum
2082 1451 2219 1505 aqua
2245 1434 2435 1487 vivens
2456 1434 2498 1486 ¹.
2541 1452 2559 1483 ι
2585 1432 2852 1486 Czeterum
2885 1433 3100 1499 quando
3129 1432 3181 1484 in
3212 1434 3508 1486 vehemen-

1937 1537 2045 1581 tem
2103 1526 2350 1595 corporis
2408 1522 2782 1593 aegritudinem
2836 1522 3106 1585 incidunt,
3144 1523 3506 1576 venerandam

1937 1628 1991 1672 et
2017 1618 2281 1671 vivilicam
2318 1630 2535 1669 crucem
2566 1630 2633 1666 ex
2664 1612 2811 1681 ligno
2838 1612 3035 1665 factam
3064 1612 3163 1666 sibi
3198 1612 3505 1681 imponunt.

1942 1710 2145 1763 Deinde
2189 1725 2317 1763 vero
2371 1705 2799 1761 incolumitatem
2851 1705 3127 1759 consecuti
3182 1704 3324 1757 illam
3377 1719 3509 1757 con-

1938 1802 2211 1870 fringunt,
2244 1809 2336 1853 aut
2372 1797 2715 1862 conculcant,
2761 1805 2813 1849 et
2842 1796 3122 1863 abjicinnt.
3160 1794 3300 1859 Quin
3345 1794 3508 1847 etiam

1936 1895 2134 1949 liberos
2184 1908 2309 1946 suos
2371 1890 2617 1958 (quando
2686 1888 2831 1956 apud
2895 1887 3151 1941 Ecclesiae
3230 1887 3509 1955 presbyte-

1936 2002 2024 2038 ros
2055 1986 2105 2037 in
2156 1982 2469 2051 captivitate
2522 1980 2899 2046 detinentur),'
2929 1988 2986 2032 ut
3027 1994 3168 2047 saepe
3203 1976 3507 2047 contingit.

1938 2086 2128 2145 rogant
2158 2073 2376 2128 salutari
2420 2071 2745 2140 baptismate
2778 2069 3111 2131 illuminari,
3149 2067 3379 2121 [utiliter
3414 2082 3514 2135 pu-

1941 2177 2150 2228 tantes,
2185 2180 2405 2219 crucem
2437 2173 2491 2217 et
2537 2162 2803 2231 baptisma
2844 2160 3059 2229 corpori
3099 2160 3378 2229 prodesse.
3409 2159 3509 2211 ho-

1941 2258 2116 2311 mines
2147 2270 2277 2310 sane
2307 2255 2454 2309 omni
2498 2253 2787 2307 connnodo
2812 2260 2866 2305 et
2895 2250 3253 2320 opitulatione
3282 2248 3506 2318 indigni,

1941 2350 2035 2404 sed
2079 2364 2266 2403 eorum
2312 2348 2419 2401 vim
2472 2356 2527 2400 et
2581 2344 2989 2413 operationem,
3050 2357 3152 2396 nec
3202 2340 3268 2394 ad
3318 2339 3511 2392 aninue

1942 2435 2369 2495 mundationem,
2420 2449 2522 2487 nec
2552 2433 2616 2487 ad
2657 2433 2815 2486 aliam
2860 2430 3170 2500 quampiam
3210 2430 3328 2498 ejus
3360 2428 3512 2481 utili-

1944 2538 2107 2582 tatem
2137 2526 2391 2581 conferre
2412 2525 2769 2579 arbitrantur.
2804 2522 2946 2576 Sane
2974 2537 3038 2575 ex
3072 2521 3176 2574 illis
3205 2535 3314 2573 non
3354 2520 3511 2590 pauci

1946 2619 1998 2671 in
2054 2617 2349 2671 venerandi
2419 2616 2667 2685 corporis
2718 2624 2773 2669 et
2824 2614 3102 2682 sanguinis
3166 2612 3369 2665 Christi
3423 2610 3513 2664 Dei

1945 2708 2118 2762 nostri
2144 2749 2158 2772 ,
2192 2706 2577 2761 communione
2609 2714 2769 2767 sunt,
2805 2703 2899 2757 sed
2930 2713 2990 2756 ut
3024 2701 3379 2770 simpliciores
3407 2700 3516 2754 cir-

1947 2801 2297 2855 cumveniant
2335 2808 2542 2851 tantum
2568 2839 2582 2862 ,
2619 2797 2723 2849 illis
2768 2795 3116 2866 participant.
3156 2792 3359 2847 Przeter
3404 2792 3519 2845 lucc

1947 2906 2112 2951 vero,
2160 2904 2282 2958 quae
2333 2889 2477 2941 dicta
2526 2896 2674 2949 sunt,
2718 2901 2896 2953 neque
2934 2884 3217 2937 catholicae
3264 2882 3519 2936 Ecclesia:

1949 2980 2314 3049 presbyteros,
2354 2993 2530 3046 neque
2563 2977 2800 3045 reliquos
2843 2977 3153 3030 sacerdotes
3201 2973 3518 3036 admittunt,

290 3067 618 3135 Ἐκκλησίας
661 3068 1096 3139 πρεσϐυτέρους,
1125 3071 1244 3123 οὐδὲ
1279 3072 1405 3131 τοὺς
1430 3071 1649 3133 λοιποὺς
1685 3074 1849 3143 ἱερεῖς
1877 3082 1917 3136 C
1952 3093 1957 3120 ι

1877 3070 2243 3139 cquoniam,
2305 3069 2579 3137 inquiunt,
2646 3068 2937 3122 concilium
3000 3076 3188 3120 contra
3242 3063 3518 3118 Christum

277 3158 653 3228 ἀποδέχονται.
676 3159 839 3222 Διότι,
873 3159 1025 3227 φασὶ,
1051 3160 1111 3211 τὸ
1138 3160 1275 3211 κατὰ
1312 3159 1549 3229 Χριστοῦ
1577 3161 1849 3231 συνέδριον

277 3249 324 3300 οί
368 3250 534 3318 ἱερεῖς
569 3248 660 3301 καὶ
709 3249 1072 3319 πρεσϐύτεροι
1119 3250 1228 3321 (65)
1268 3250 1361 3302 τοῦ
1414 3250 1544 3304 λαοῦ
1588 3254 1846 3322 συνεστή-

280 3357 463 3394 σαντο.
514 3341 652 3402 Τοὺς
697 3340 877 3409 μέντοι
922 3342 1051 3409 παρ’
1086 3342 1269 3403 αὐτοῖς
1332 3342 1522 3411 ἱερέων
1552 3341 1705 3405 τάξιν
1746 3345 1846 3396 ἐπ·

281 3431 526 3500 ἐχοντας,
544 3431 641 3501 οὐχ
659 3433 844 3500 ἱερεῖς,
879 3431 1015 3484 ἀλλὰ
1042 3432 1412 3501 συνεκδήμους
1446 3431 1556 3502 (64)
1580 3434 1673 3483 καὶ
1690 3450 1843 3483 νοτα-

285 3521 433 3591 ρίους
468 3521 579 3590 (65)
632 3522 1078 3591 ἐπονομάζουσιν.
1110 3514 1269 3576 Οῦτοι
1307 3524 1361 3576 δὲ
1409 3522 1533 3575 οὔτε
1572 3524 1843 3593 σχήματι,

1956 3162 2147 3215 initum
2181 3162 2490 3216 sacerdotes
2530 3170 2583 3214 et
2617 3160 2914 3230 presbyteri
2938 3199 2952 3222 ,
3004 3173 3098 3212 seu
3134 3157 3377 3211 seniores
3418 3171 3519 3224 po-

1954 3253 2065 3320 puli
2117 3252 2554 3312 constituebant.
2619 3250 2712 3303 sed
2765 3250 3120 3319 synecdemos
3170 3257 3224 3301 et
3282 3245 3522 3301 notarios

1953 3340 2243 3413 appellant.
2266 3342 2327 3396 lli
2351 3358 2480 3395 vero
2496 3356 2597 3394 nec
2625 3341 2811 3393 habitu
2836 3355 2937 3394 nec
2956 3339 3174 3393 vivendi
3196 3338 3323 3399 ritu,
3346 3351 3521 3405 neque

1953 3435 2061 3487 alio
2088 3435 2341 3503 quopiam
2374 3432 2553 3495 modo,
2599 3431 2689 3500 qui
2724 3432 3170 3486 venerabiliorem
3197 3429 3410 3484 vivendi
3431 3443 3519 3481 ra-

1954 3526 2155 3579 tionem
2181 3524 2449 3594 praeferat,
2473 3538 2623 3577 suam
2644 3538 2671 3575 a
2688 3522 3219 3591 plebeldiﬂerentiam
3242 3520 3518 3575 exhibent.

281 3614 405 3667 οὔτε
438 3615 645 3685 διαίτῃ,
676 3614 799 3668 οὔτε
829 3618 935 3668 τινί
960 3617 1104 3687 ἄλλῳ
1148 3618 1335 3687 τρόπῳ
1377 3616 1489 3687 βίον
1519 3617 1841 3688 σεμνότερον
1870 3620 2208 3673 ἐπιτελοῦντι
2246 3619 2359 3688 (66)
2390 3620 2451 3672 τὸ
2490 3617 2747 3687 διάφορον
2788 3616 2967 3670 αὐτῶν
3020 3615 3155 3684 πρὸς
3217 3614 3278 3666 τὸ
3323 3614 3524 3683 πλῆθος

283 3707 707 3761 ἐπιδείκνυνται.

357 3801 378 3829 ¹
418 3799 573 3854 Joan.
613 3816 682 3865 tv,
718 3798 803 3854 l0.

1329 3890 1565 3947 VARUE
1615 3890 1998 3947 LECTIONES
2038 3890 2125 3947 ET
2167 3886 2399 3944 NOTAE.

359 3995 472 4065 (57)
510 3993 867 4065 Kaogltzqﬁr.
904 3991 1180 4065 Catholica
1220 3993 1427 4065 scilicet
1458 3996 1583 4049 olim
1614 3996 1846 4050 vocaba-

287 4062 377 4121 tur
402 4065 607 4135 quevis
645 4062 884 4135 Ecclesia
932 4063 1305 4135 particularis,
1338 4065 1499 4135 modo
1529 4066 1579 4117 in
1620 4066 1849 4135 veritate

289 4133 553 4189 doctrinae
588 4133 857 4194 salutaris,
884 4148 1044 4201 quam
1074 4134 1176 4187 hoc
1206 4133 1323 4203 ipso
1352 4134 1574 4200 nomine
1594 4134 1695 4187 sibi
1726 4134 1847 4187 vin-

288 4206 471 4259 dicare
519 4204 850 4256 conabantur
886 4203 1221 4266 Pauliciani,
1267 4204 1583 4271 persisteret
1613 4206 1752 4257 sicut
1795 4212 1852 4257 et

289 4276 578 4343 episc0pus
647 4272 991 4343 particularis
1052 4272 1304 4343 Ecclesiae
1364 4273 1677 4343 orthodoxm
1751 4273 1852 4328 hoc

290 4339 492 4397 nomen
523 4339 763 4411 ferebat.
794 4339 934 4395 Loca
984 4342 1087 4395 huc
1129 4342 1453 4409 pertinentia
1487 4343 1538 4394 in
1572 4342 1852 4411 scriptori-

291 4415 393 4469 bus
424 4410 800 4466 ecclesiasticis
829 4412 1123 4479 saepissime
1154 4418 1388 4463 exstant.

2027 3997 2136 4066 (62)
2166 3995 2389 4066 Comma
2425 3992 2528 4066 hoc
2557 3988 2991 4066 parentheticum
3024 4006 3133 4044 non
3165 3990 3524 4063 legitur'apnd

1955 4061 2302 4136 Euthvmium
2339 4064 2392 4116 in
2424 4061 2701 4136 Panoplia.
2856 4127 2898 4136 η
3005 4078 3065 4136 --θ

2028 4127 2161 4206 (6‘2")
2213 4127 2955 4206 Mstalopﬁdrooatr.nhls.
3005 4127 3197 4184 Hamb.
3246 4131 3527 4200 praemittit

1955 4198 2045 4271 οἵ,
2072 4198 2209 4258 forte
2240 4218 2336 4272 pro
2366 4198 2550 4263 αὐτοί,
2583 4199 2680 4272 sed
2708 4198 2844 4272 nihil
2872 4214 2934 4252 ea
2952 4214 3097 4272 voce
3128 4198 3264 4272 opus
3300 4210 3403 4272 est.

2030 4267 2140 4341 (63)
2184 4267 2593 4337 Πρεσϐύτεροι.
2646 4267 2901 4341 Ordinem
2939 4268 3112 4341 igitur
3178 4270 3320 4323 hunc
3365 4270 3527 4324 abro—

1958 4335 2191 4415 gandam
2232 4335 2587 4415 censuerunt,
2634 4354 2699 4415 eo
2747 4338 2894 4415 quod
2932 4335 3173 4415 Iudaicae.
3226 4348 3372 4415 esset
3406 4342 3527 4415 _or_i-

1962 4405 2117 4484 ﬁinis.
2144 4412 2297 4484 Quod
2318 4425 2598 4484 quousque
2619 4405 2829 4484 admitti
2855 4408 3042 4475 possit,
3074 4408 3317 4484 disce_s_in
3337 4408 3527 4484 primis

364 4483 476 4554 (58)
501 4483 747 4547 Λόγους.
781 4480 861 4554 Ita
879 4475 1081 4554 noster,
1106 4488 1159 4532 et
1190 4479 1529 4554 Euthymins,
1559 4488 1712 4554 recte
1742 4496 1853 4554 om-
1887 4498 1929 4551 ι)
1961 4475 2028 4538 ἐκ
2048 4475 2689 4554 CLCampe'giiyitringze
2710 4475 3189 4554 Sgttagogaoclere,
3216 4477 3306 4530 lib.
3332 4475 3527 4554 n.9,

294 4546 466 4615 nino,
511 4565 608 4619 pro
658 4565 765 4618 quo
823 4549 1190 4604 Coislinianus
1248 4546 1411 4602 sensu
1463 4546 1643 4603 hiulco
1695 4549 1857 4602 habet

292 4623 532 4689 λέγουσι,
569 4621 711 4688 quod
743 4621 907 4673 etiam
936 4619 989 4672 in
1017 4619 1265 4672 versione
1294 4628 1497 4673 mutata
1528 4634 1647 4672 cum
1690 4619 1862 4673 altero

294 4692 387 4746 illo
420 4690 866 4758 permulavimus.

367 4756 479 4829 (59)
512 4757 1005 4829 Ιιροσενυχάς.γΑᾴν
1022 4757 1374 4829 imitationem
1399 4756 1864 4829 scilicetJudaicm

304 4826 674 4884 et‘nascentis
710 4828 928 4889 Christi,
983 4826 1193 4880 Domini
1242 4828 1449 4891 nostri,
1496 4827 1765 4889 Ecclesiae,
1812 4829 1863 4879 in

296 4915 403 4971 qua
468 4900 609 4951 hanc
665 4898 1080 4971 appellationem
1134 4896 1576 4971 obtinuisse_vel
1637 4911 1704 4950 ex
1760 4899 1864 4971 A‘c-

299 4966 453 5022 luum
497 4983 607 5029 xvi,
658 4966 743 5029 15,
782 4966 1117 5035 intelligitur,
1162 4968 1226 5035 ad
1254 4981 1412 5032 quem
1459 4966 1635 5017 locum
1676 4966 1865 5019 conle-

299 5046 492 5091 rantur
516 5036 861 5104 interpretes.
892 5034 1039 5089 Adde
1077 5035 1133 5087 Β.
1164 5034 1479 5087 Godfridum
1504 5035 1778 5104 Dlearium
1812 5036 1862 5087 in

298 5107 611 5160 ()bservatt.
656 5102 720 5157 ad
765 5103 999 5158 Matthaai
1032 5121 1111 5165 vt,
1148 5104 1210 5165 5;
1250 5104 1461 5169 Henric.
1502 5102 1764 5157 Valesium
1798 5106 1865 5157 ad

300 5175 502 5230 Euseb.
539 5190 589 5241 p.
622 5174 724 5236 27;
770 5173 955 5241 Steph.
996 5176 1044 5227 le
1091 5174 1279 5243 Moyne
1319 5175 1369 5225 in
1408 5171 1555 5243 Notis
1594 5174 1661 5226 ad
1704 5173 1865 5227 Varia

300 5261 475 5305 sacra,
509 5259 564 5313 p.
601 5244 669 5297 72
702 5259 889 5313 seqq;
922 5243 1004 5297 Jo.
1044 5242 1336 5313 Braunitnn
1370 5243 1424 5295 in
1456 5242 1668 5313 Selectis
1704 5246 1866 5297 sacris

304 5313 400 5366 lib.
460 5311 523 5372 νζ
568 5328 621 5378 p.
678 5311 829 5369 ’Πεξ
872 5312 1115 5367 Isaacum
1172 5311 1419 5365 Vossium
1470 5315 1533 5366 ad
1572 5312 1864 5378 Catullum,

347 5328 400 5366 υ.
460 5328 513 5372 v,
608 5354 621 5366 .
679 5328 815 5369 ne:
872 5328 1115 5367 Isaacum
1178 5328 1419 5365 vossmm
1470 5328 1533 5366 au
1572 5328 1864 5378 Catullum,

346 5422 359 5435 .
387 5328 631 5452 313;}8).
662 5380 971 5452 Dougtaaum
1005 5384 1056 5435 in
1089 5383 1351 5435 Analectis
1378 5400 1513 5437 sacr.
1545 5381 1612 5435 Ν.
1647 5382 1701 5435 Τ.
1736 5381 1865 5436 Exc.

384 5494 395 5514 ,
433 5461 487 5504 ct
511 5450 825 5521 Cappellunt
852 5455 902 5504 in
934 5451 1069 5521 Opp.
1110 5454 1408 5521 posthumis
1442 5469 1491 5521 p.
1531 5451 1651 5505 '27I.

377 5521 487 5601 (60)
532 5520 810 5586 Ἑαὺτοῖς.
838 5522 935 5601 nlla
962 5520 1184 5601 _repoSui
1215 5538 1307 5601 ex.
1331 5520 1645 5601 nts._n0§tro
1676 5531 1731 5577 et
1761 5523 1869 5576 Eu-

311 5591 550 5668 thymio,
580 5606 809 5668 pro‘quo
833 5590 1194 5668 Coislinianus
1222 5592 1383 5668 habet
1408 5592 1626 5668 αὐτοῖς..
1659 5660 1669 5668 ⁸
1780 5635 1789 5639 -

378 5661 491 5731 (6i)
522 5660 832 5713 Διαθλῶσι.
866 5660 1212 5731 Confringunt
1243 5676 1259 5712 :
1301 5661 1468 5731 itaex
1490 5660 1724 5713 διαθλάω
1748 5662 1869 5715 red-

310 5730 547 5784 dendum
569 5730 751 5785 censui
777 5745 872 5798 pro
906 5729 1224 5799 Oppugnaut,
1253 5729 1394 5797 quod
1433 5733 1482 5784 in
1510 5732 1672 5800 priori
1702 5731 1867 5785 inter-

313 5801 617 5869 pretatione
647 5800 784 5855 forte
810 5816 874 5855 cx
901 5800 1128 5854 διαθλέω
1152 5809 1353 5856 exstat.

2032 4555 2142 4620 (6t)
2220 4546 2663 4620 Σὺνὲκόήμουρ.
2722 4547 2863 4620 Voce
2934 4546 3163 4611 scilicet,
3215 4548 3527 4620 apostolicis

1963 4615 2319 4691 temporibus
2352 4628 2587 4687 recepta.
2626 4616 2767 4688 Lege
2799 4616 3056 4669 Actorum
3102 4634 3212 4681 χιχ,
3244 4615 3349 4680 ‘29;
3397 4626 3453 4670 et
3486 4615 3525 4668 Il

1961 4690 2089 4745 Cor.
2122 4706 2233 4752 vni,
2266 4690 2349 4743 l9.

2178 4757 2519 4830 Νοτυρίους.
2567 4753 2927 4830 Ηορῇηοηιίῃε
2960 4755 3333 4830 proprie-195;!-
3362 4771 3528 4823 ταχυ,

1963 4823 2204 4899 γράφους
2251 4826 2519 4894 designari
2551 4839 2613 4899 ex
2643 4823 2845 4899 Glossis
2873 4823 3119 4899 constat;
3170 4824 3364 4878 deinde
3404 4840 3530 4899 vero

1965 4894 2218 4953 transuta
2260 4912 2358 4949 vox
2398 4904 2481 4948 est
2522 4894 2586 4946 ad
2621 4894 2916 4961 scriptores
2958 4894 3530 4964 publicaauctoritate

1964 4970 2309 5028 constitutos,
2341 4968 2454 5017 sive
2488 4963 2560 5017 illi
2590 4964 2900 5031 reipublicae
2931 4962 3045 5017 sive
3078 4962 3332 5016 Ecclesia:
3364 4978 3531 5015 Inscr-

1964 5040 2160 5091 virent.
2217 5036 2288 5086 De
2337 5034 2532 5103 prioris
2584 5035 2795 5100 generis
2850 5033 3531 5103 NotariisAcommentatur

1964 5108 2185 5161 Carolus
2215 5101 2460 5157 Dufr‘csn.
2500 5103 2553 5155 in
2585 5103 2851 5157 δίοποι-ἑο
2885 5104 3065 5155 media:
3095 5101 3398 5155 Latinitatis
3433 5115 3532 5153 suo

1965 5178 2104 5236 loco.
2141 5186 2193 5229 et
2227 5174 2412 5226 Media:
2449 5189 2510 5225 ac
2552 5173 2744 5241 inﬁma:
2775 5172 3107 5241 Crwcitatis,
3131 5188 3182 5239 p.
3219 5168 3354 5225 1004
3412 5185 3530 5236 seq.

1969 5246 2041 5299 De
2070 5245 2381 5313 posterioris
2420 5239 2614 5295 classis
2653 5258 2781 5313 vero
2819 5243 2981 5293 llenr.
3023 5239 3265 5313 valesius
3320 5242 3383 5313 atl
3430 5240 3533 5313 Sp-

1967 5309 2127 5369 cratis
2157 5315 2351 5367 llistor.
2388 5312 2669 5365 ecclesiast.
2709 5312 2800 5365 lib.
2830 5328 2881 5374 v,
2929 5326 2976 5364 c.
3019 5311 3109 5364 ἓξ.
3136 5311 3211 5363 Ex
3245 5309 3405 5376 hujus
3432 5309 3530 5362 0h-

1968 5384 2368 5439 servationibus
2387 5382 2667 5451 speciatim
2692 5381 2899 5448 patebit
2946 5380 3229 5447 episcopos
3250 5380 3315 5433 ad
3338 5394 3533 5451 manus

1970 5456 2220 5509 habuisse
2256 5450 2497 5507 eruditos
2545 5451 2939 5514 adolescentes,
2978 5452 3066 5518 qui
3110 5459 3165 5503 et
3206 5460 3322 5504 acta
3350 5450 3532 5527 cccle-

3319 5528 3533 5572 Stasttca

2040 5658 2149 5727 (66)
2211 5656 2631 5710 Ὲπιτελοῦντι.
2660 5653 2750 5727 ίίιο
2781 5664 2836 5708 et
2872 5652 3295 5727 llatnburg.‘At_
3332 5651 3508 5727 Euthy

1973 5721 2141 5783 tnins'
2179 5744 2307 5781 voce
2363 5723 2853 5795 χαρακτηρίζοντι,
2925 5721 3330 5793 perspicuitatis
3394 5721 3535 5776 forte

1975 5816 2167 5863 causa,
2210 5799 2295 5853 hic
2332 5814 2459 5853 usus
2494 5806 2594 5850 est.
