4222 6432
747 392 810 456 31
1890 399 2153 460 PIIOTII
2191 402 2414 465 PATR]

2330 404 2700 469 'RIARCH/E
2740 410 2846 471 CP.
3931 416 3997 480 32

819 507 885 562 X.
922 507 1299 580 Evangelium,
1331 508 1475 579 quod
1501 509 1646 580 apud
1675 525 1775 564 nos
1809 511 2061 580 habetur,
2095 516 2320 569 adorare
2352 524 2394 577 Α

2352 524 2394 577 Α
2495 521 2550 575 l'.
2584 524 2656 575 Τὸ
2684 524 2739 576 δὲ
2767 525 2898 594 παρ’
2919 525 3077 594 ἡμῶν
3101 526 3433 594 Εὐαγγέλιον
3454 525 3568 598 (67)
3594 526 3693 581 οὐκ
3721 528 3995 585 ἐπιδιστά-

747 614 856 651 non
903 600 1154 655 dubitant
1193 617 1302 655 non
1349 602 1590 670 quidem,
1647 601 1737 655 ubi
1777 605 2100 670 veneranda:
2143 609 2321 662 CI'Ut'iS

749 690 915 756 ﬁgura
944 691 1268 757 delineatur,
1303 693 1396 746 sed
1431 694 1482 745 in
1523 693 1744 762 reliquis
1777 693 1897 748 libri
1931 698 2198 764 partibus,
2231 699 2320 752 ubi

749 783 926 853 imago
952 786 1130 839 crucis
1165 802 1272 838 non
1309 794 1745 855 reprmsentatur.
1792 789 1996 856 Dicunt:
2031 801 2212 844 autem
2264 808 2321 846 se

749 872 944 924 librum
977 875 1238 938 adorare,
1291 884 1477 943 utpote
1521 876 1613 944 qui
1675 876 1984 931 Dominicos
2035 895 2318 934 sermones

748 964 1162 1030 complectatur,
1200 964 1293 1016 sed
1329 973 1591 1031 quantum
1617 965 1684 1018 ad
1713 967 2024 1034 dogmatum
2058 967 2319 1022 rationem

751 1054 1020 1120 pertinet,
1057 1055 1127 1107 ita
1168 1063 1295 1107 sunt
1338 1055 1485 1122 impii
1521 1072 1582 1109 ac
1611 1067 1800 1109 contra
1828 1057 2146 1122 veritatem,
2192 1075 2322 1113 con-

753 1152 938 1211 traque
969 1159 1026 1195 se
1060 1144 1290 1196 invicem
1321 1145 1543 1198 omnino
1592 1155 1915 1214 pugnantes.
1964 1147 2164 1200 Eorum
2199 1149 2322 1202 vine

751 1247 922 1300 genus
955 1232 1179 1284 libidine
1208 1233 1430 1300 plenum
1470 1234 1597 1286 item
1641 1233 1892 1288 nefandis
1922 1235 2323 1303 impuritatibus

750 1340 814 1377 ac
857 1324 1212 1387 fasditatibus,
1242 1340 1363 1393 qua:
1395 1325 1446 1376 in
1489 1335 1728 1379 mentem
1779 1340 1887 1378 non
1919 1327 2140 1380 cadunt.
2191 1327 2321 1380 Nam

751 1415 1036 1482 utriusque
1075 1423 1284 1467 natura:
1321 1416 1791 1468 commistionibus
1826 1424 2075 1477 utuntur.
2123 1419 2322 1470 nullam

752 1521 859 1558 non
911 1507 992 1558 vel
1041 1506 1458 1558 inenarrabilem
1507 1507 1898 1560 obscenitatem
1946 1509 2063 1560 sine
2121 1513 2325 1577 pudore

751 1595 1137 1650 admittentes:
1172 1597 1545 1649 tantummodo
1571 1597 1790 1662 dicitur,
1819 1600 2110 1653 nonnullos
2135 1617 2321 1654 eorum

752 1705 781 1742 a
809 1669 954 1741 coitu
990 1705 1112 1742 cum
1145 1689 1407 1742 matribus
1438 1689 1735 1752 abstinere,
1774 1691 2022 1745 ebrietati
2053 1704 2230 1745 autem
2271 1702 2325 1746 et

753 1779 906 1831 luxui
939 1793 1034 1846 per
1061 1787 1226 1831 totam
1258 1782 1421 1831 vitam
1450 1794 1508 1831 se
1541 1780 1770 1845 dedunt,
1798 1795 2124 1850 omnemque
2164 1785 2320 1836 aliam

754 1884 964 1921 morum
1016 1869 1380 1938 corruptelam
1426 1880 1724 1923 sectantur.
1776 1872 1915 1935 Quid
1950 1889 2078 1926 vero
2116 1875 2324 1945 singula

757 1962 1092 2028 persequar?
1139 1971 1194 2013 at
1237 1961 1367 2013 illud
1394 1970 1572 2013 tamen
1625 1962 1950 2029 dicendum,
1983 1966 2146 2018 vitam
2181 1967 2325 2033 apud

757 2065 849 2104 eos
876 2052 926 2103 iu
961 2052 1106 2104 nullo
1134 2069 1162 2106 a
1189 2053 1434 2107 doctrina
1462 2054 1706 2108 dillerre.

823 2249 917 2301 ΧΙ.
941 2249 1006 2303 Et
1032 2250 1119 2303 illa
1147 2251 1362 2319 quidem
1397 2257 1680 2306 hactenus.
1711 2253 1768 2308 Si
1803 2252 1896 2323 qui
1933 2263 2112 2308 autem
2155 2254 2326 2309 velint

755 2353 786 2390 a
824 2340 1091 2409 principio
1125 2357 1313 2395 eorum
1364 2341 1720 2411 impietatem,
1747 2355 1804 2399 et
1832 2345 1974 2400 unde
2018 2347 2190 2415 prima
2236 2361 2328 2400 se-

756 2431 903 2485 mina
930 2433 1075 2499 jacta
1109 2434 1329 2499 fuerint,
1367 2437 1709 2508 conspicere,
1748 2438 2001 2508 Cyrillus,
2033 2440 2121 2493 cui
2159 2455 2327 2495 sacra:

757 2524 906 2577 urbis
932 2525 1295 2594 gubernacula
1336 2529 1529 2582 tradita
1564 2528 1738 2595 fuere,
1774 2530 1906 2598 ipsis
1935 2531 1988 2584 in
2040 2531 2324 2586 historiam

756 2616 868 2670 dux
914 2618 1038 2683 erit,
1076 2634 1176 2673 nec
1221 2635 1330 2674 non
1368 2622 1645 2675 miraculis
1700 2637 1926 2693 magnus
1963 2622 2320 2693 Epiphanius,

759 2708 997 2777 itemque
1037 2725 1144 2763 non
1183 2712 1594 2780 pauci'eorum,
1638 2715 1729 2782 qui
1769 2713 2033 2768 Historias
2074 2717 2327 2770 ecclesia-

760 2801 927 2855 sticas
954 2801 1312 2866 adornarunt,
1349 2804 1504 2858 Titus
1530 2820 1747 2874 quoque
1795 2805 2178 2860 Bostrenorum
2205 2808 2326 2876 epi-

759 2906 977 2963 scopas,
1002 2904 1058 2948 et
1085 2894 1347 2965 Sarapion
1371 2895 1732 2952 Thmuitanus
1755 2915 1769 2964 ;
1795 2898 2101 2953 Alexander
2139 2900 2324 2964 etiam,

2425 608 2572 673 ζουσι
2602 616 2927 682 προσκυνεῖν
2949 615 3082 684 (68),
3112 616 3173 668 οὐ
3201 618 3332 687 μὴν,
3359 617 3488 670 ἔνθα
3507 616 3599 670 τοῦ
3631 617 3812 687 τιμίου
3837 636 3997 672 atau-

2427 701 2520 768 ροῦ
2551 705 2579 754 ὁ
2605 703 2775 766 τύπος
2824 705 3287 777 διακεχάρακται,
3332 708 3446 762 ἀλλ’
3479 712 3537 761 ὲν
3577 708 3654 780 τῷ
3688 710 3860 780 λοιπῷ
3899 711 3995 764 τοῦ

2426 791 2632 859 βιϐλίου
2665 793 2843 864 μέρει,
2877 798 2934 848 ὲν
2961 791 3080 864 ᾧτὸ
3105 799 3478 869 ἁπεικὸνισμα
3509 799 3600 852 τοῦ
3639 802 3876 872 σταυροῦ
3921 806 3996 873 μὴ

2420 882 2858 954 διασημαίνεται.
2895 889 3031 939 Φασὶ
3075 889 3131 940 δὲ
3168 890 3230 942 τὸ
3283 889 3487 958 βιϐλίον
3537 897 3867 956 προσκυνεῖν
3921 895 3996 956 ὡς

2421 977 2549 1039 τοὺς
2587 978 2951 1040 Δεσποτικοὺς
2999 979 3252 1048 περιέχον
3303 980 3514 1047 λόγους.
3571 983 3709 1034 Ἀλλ’
3743 985 3843 1036 ὅσα
3898 985 3997 1054 μὲν

2423 1069 2503 1130 εἰς
2545 1068 2830 1136 δογμάτων
2875 1071 3065 1138 ἀνήκει
3116 1071 3294 1137 λόγον,
3338 1072 3511 1134 οὕτως
3552 1076 3656 1126 εἰσὶ
3693 1075 3993 1140 δυσσεϐεῖς,

2424 1159 2518 1209 καὶ
2567 1159 2701 1228 πρὸς
2730 1160 2826 1229 τὴν
2858 1161 3116 1227 ἀλήθειαν
3147 1164 3240 1212 καὶ
3276 1163 3410 1230 πρὸς
3451 1164 3681 1226 ἑαυτοὺς
3717 1165 3996 1228 παντελῶς

2422 1249 2765 1320 ἀσύμφωνοι.
2824 1251 2889 1304 'H
2931 1252 2988 1304 δὲ
3016 1253 3264 1306 πολιτεία
3298 1254 3505 1307 τούτων
3537 1256 3699 1325 γέμει
3734 1256 3831 1325 μὲν
3866 1256 3998 1308 ἁκο-

2423 1341 2646 1405 λασίας,
2679 1342 2838 1410 γέμει
2879 1343 2936 1394 δὲ
2982 1345 3075 1396 καὶ
3105 1345 3359 1415 μιασμῶν
3402 1347 3656 1417 ἀρρήτων
3691 1347 3787 1400 καὶ
3817 1331 4029 1416 ρυπαέ

2427 1435 2651 1501 σμὰτων
2676 1435 3067 1504 ὰνεπινοήτων.
3095 1436 3350 1505 Χρῶνται
3375 1439 3487 1507 (69)
3520 1439 3617 1507 μὲν
3645 1438 3753 1508 γὰρ
3788 1437 4000 1507 μίξεσιν

2425 1523 2691 1594 ἑκατέρας
2731 1525 2980 1594 φύσεως,
3028 1527 3164 1597 πρὸς
3213 1529 3430 1581 ἃπασαν
3463 1529 3869 1600 ἀρρητουργίαν
3909 1531 4000 1582 ἀν-

2425 1616 2797 1686 ερυθριάστως
2837 1617 3071 1687 ἔχοντες.
3109 1621 3254 1688 Πλὴν
3283 1622 3452 1682 ἐνίους
3481 1622 3632 1684 τινὰς
3657 1621 3836 1674 αὐτῶν
3867 1639 3998 1690 φασι

2423 1709 2524 1777 τὴν
2554 1709 2688 1780 πρὸς
2713 1709 2812 1772 τὰς
2836 1711 3240 1780 γεννησαμὲνας
3270 1712 3380 1779 (70)
3400 1712 3712 1765 ἀποκλίνειν
3735 1715 3843 1782 (71)
3872 1728 3999 1764 συν·

2427 1802 2622 1870 ἁφειαν
2645 1817 2660 1832 ⁸
2705 1802 2844 1874 μέθῃ
2873 1803 2928 1854 δὲ
2977 1804 3068 1854 καὶ
3096 1803 3308 1873 ἀσωτίᾳ
3351 1806 3443 1856 τὸν
3479 1803 3593 1871 βίον
3633 1805 3754 1856 ὅλον
3784 1803 3999 1856 ἔκδοτον

2431 1893 2646 1962 έχουσι,
2689 1894 2783 1945 καὶ
2838 1895 3019 1945 πᾶσαν
3084 1893 3252 1961 ἀλλην
3301 1894 3448 1963 ἠθῶν
3494 1894 3792 1964 διαφθορὰν
3844 1909 4001 1964 περι·

2433 1985 2648 2035 έπουσι.
2697 1984 2807 2036 Καὶ
2831 1984 2885 2035 τί
2930 1983 3010 2035 δεῖ
3044 1984 3165 2036 καθ’
3215 1985 3467 2046 ἕκαστον,
3517 1983 3652 2036 ἀλλὰ
3705 1984 3778 2054 μὴ
3826 1985 4002 2036 ἐκεῖνο

2431 2078 2632 2144 φᾶναι;
2659 2077 2812 2130 οὐδὲν
2836 2076 2928 2130 τὸν
2967 2075 3082 2146 βίον
3119 2077 3395 2147 ἀπᾴδοντα
3423 2078 3536 2140 τοῖς
3561 2078 3796 2147 δόγμασι
3846 2093 3910 2128 πε
3920 2093 4002 2146 ρι-

2431 2169 2677 2239 φέρουσι.

2496 2260 2596 2310 lA'.
2631 2259 2742 2312 Kal
2777 2256 2951 2311 ταῦτα
2989 2256 3087 2328 μὲν
3109 2259 3200 2314 ἐπὶ
3233 2257 3506 2312 τοσοῦτον.
3543 2257 3681 2314 Είδέ
3715 2275 3824 2311 τισι
3848 2258 4000 2326 φίλον

2425 2351 2519 2402 καὶ
2543 2349 2750 2403 ἄνωθέν
2788 2349 2952 2402 ποθεν
2979 2351 3104 2402 [δεῖν
3126 2351 3305 2404 αὐτῶν
3331 2356 3431 2421 τὴν
3455 2349 3775 2404 δυσσέϐειαν
3805 2350 3898 2402 καὶ
3932 2351 3999 2400 τὰ

2425 2441 2618 2510 πρῶτα
2645 2442 2939 2511 σπέρματα
2968 2440 3090 2495 ὅθεν
3119 2442 3451 2511 κατεϐλήθη,
3492 2441 3761 2511 Κύρι).λός
3796 2441 3911 2509 (72)
3940 2456 3999 2492 τε

2428 2535 2631 2598 αὐτοῖς,
2670 2535 2698 2585 ὁ
2734 2533 2801 2586 τὰ
2827 2533 2930 2602 τῆς
2965 2533 3121 2604 ἱερᾶς
3142 2533 3350 2595 πόλεως
3381 2532 3859 2602 ἐγκεχειρισμένος
3890 2548 3998 2599 πη-

2429 2625 2606 2689 δάλια,
2659 2623 2757 2692 τῆς
2807 2623 3047 2694 ἱστορίας
3088 2623 3480 2694 καθηγήσεται,
3522 2624 3614 2675 καὶ
3665 2624 3693 2673 ὁ
3746 2622 3910 2682 πολὺς
3944 2623 4002 2673 ὲν

2432 2716 2702 2786 θαύμασιν
2755 2715 3068 2784 Ἐπιφὰνιος
3099 2716 3234 2784 (75),
3284 2717 3377 2767 καὶ
3417 2715 3482 2783 δὴ
3519 2713 3627 2766 τῶν
3675 2712 3773 2774 τὰς
3804 2711 4002 2780 ἐκκλη-

2435 2808 2721 2870 σιαστικὰς
2765 2808 2878 2877 (74)
2914 2806 3183 2877 Ἱστορίας
3221 2804 3641 2876 ἀναταξαμένων
3670 2804 3772 2857 οὐκ
3803 2803 3996 2869 ὀλίγοι,

2435 2899 2593 2959 Τίτος
2632 2913 2692 2949 τε
2719 2896 2830 2964 (75)
2877 2898 2906 2948 ὀ
2938 2895 3258 2966 Βοστρηνῶν
3317 2896 3640 2957 ἐπίσκοπος,
3689 2893 3779 2945 καὶ
3820 2891 4001 2961 Σαρα-

1871 3057 2104 3114 VARUE
2143 3057 2527 3115 LECTIONES
2564 3054 2654 3112 ET
2691 3052 2924 3110 NOTAE.

761 3202 978 3259 siastica
1031 3201 1366 3286 exciperent,
1421 3213 1518 3286 et,_
1545 3216 1716 3286 prout
1757 3220 1844 3260 res
1863 3207 2118 3286 ferebat,
2154 3209 2330 3263 instar
2357 3198 2402 3258 ϐ
2434 3203 2846 3286 excerpendum
2894 3203 3137 3286 a_ecc_d_it,
3219 3202 3539 3286 prmmissis_
3579 3210 3760 3286 tamen
3821 3202 4001 3261 adhuc

762 3282 1046 3348 tectorum,
1072 3273 1731 3348 populosacrasulfitteras
1750 3277 2125 3346 przelegerent.
2153 3281 2328 3348 Atque

763 3343 867 3398 hoc
901 3341 1120 3396 nomine
1157 3341 1450 3405 Paulicjani
1481 3344 1555 3395 illi
1584 3341 1892 3399 sacerdotes
1919 3341 2050 3401 suos
2089 3341 2329 3403 notarios

761 3412 1063 3534 apprellasse
1125 3411 1396 3465 videntur.
1447 3411 1646 3468 Confer
1692 3425 1938 3470 nostrum
1997 3416 2137 3470 infra
2175 3417 2200 3487 §
2236 3419 2327 3483 23,

764 3498 821 3534 in
872 3498 979 3534 me.

764 3498 821 3536 ιη
855 3498 979 3534 nnc.

836 3551 948 3620 (67)
974 3548 1369 3623 ἐὐαγγέλιοκ
1402 3548 1457 3604 ld
1484 3560 1589 3623 est,
1631 3563 1884 3622 quatuor,
1924 3570 2042 3623 quae
2091 3565 2326 3621 exstant,

763 3619 1221 3692 evangelistarum
1292 3619 1666 3692 narrationes,
1734 3625 1878 3678 sicut
1935 3619 2094 3692 supra
2169 3619 2329 3678 Ἀπόὲ

767 3694 951 3743 οτολον
998 3690 1066 3760 de
1118 3689 1334 3757 scriptis
1388 3691 1556 3744 sacris
1612 3689 2014 3760 apostolorunn
2045 3695 2328 3756 omnium,

764 3769 990 3830 excepto
1037 3757 1227 3830 Petro,
1268 3757 1813 3830 adhibuitaAriliqua
1865 3777 1995 3816 vero
2037 3765 2328 3818 admodum

767 3829 882 3882 hate
923 3838 1006 3882 est
1037 3829 1349 3896 appellatio,
1393 3844 1499 3896 qua
1539 3829 1741 3884 divinas
1779 3834 1846 3886 de
1888 3833 2103 3886 Christo
2147 3850 2329 3887 narra-

765 3899 940 3972 tiones
971 3898 1252 3972 evangelia
1302 3899 1582 3972 dicuntur,
1612 3909 1666 3972 et
1707 3902 1808 3970 ipsi
1849 3901 2062 3955 Justino
2108 3905 2326 3972 martyri

765 3969 819 4043 in
854 3967 1193 4043 Apologia},
1245 3983 1300 4043 ρ.
1338 3967 1562 4043 l30_ed.
1600 3967 1775 4043 Oxon.
1819 3981 2031 4043 recepta
2069 3975 2178 4043 :_Ut
2223 3967 2330 4043 γὰρ

764 4036 1083 4093 ἀπόστολοι,
1123 4036 1300 4106 inquit
1344 4038 1407 4104 is.
1444 4039 1500 4089 ὲν
1543 4041 1654 4101 τοῖς
1681 4036 1991 4106 γενομένοις
2023 4041 2112 4092 ὑπ’
2152 4036 2330 4095 αὐτῶν

764 4105 1362 4178 ἀπομνημονεύμασιν,
1396 4107 1431 4160 ἃ.
1464 4105 1754 4178 καλοῦνται
1790 4105 2130 4178 Εὑαγγέλια,
2159 4111 2330 4175 οὕτως

764 4175 1085 4248 παρέδωκαν
1110 4175 1417 4248 ὲντετάλραι
1440 4177 1621 4248 αὐτοῖς
1641 4179 1731 4230 τὸν
1771 4175 1996 4248 Ἰησοῦν.

837 4245 950 4319 (68)
1007 4245 1400 4319 Προκσςκγνεζιξ.
1470 4245 1541 4319 De
1591 4245 1958 4317 προσκυνήσει
2025 4248 2329 4319 Evangeliis

765 4316 904 4368 facta
939 4315 1053 4382 lege
1108 4313 1266 4368 Rich.
1320 4314 1583 4379 Simonis,
1623 4313 2018 4372 Observaiiones
2065 4313 2221 4372 nova's
2275 4321 2330 4372 in

765 4383 836 4456 Ν.
871 4385 928 4436 Τ.
961 4381 1160 4456 Gallice
1191 4383 1427 4456 scriptas
1474 4400 1526 4456 p.
1565 4385 1683 4438 171.
1719 4387 1919 4441 Conl‘er
1956 4387 2088 4442 Rev.
2129 4389 2326 4456 Georg.

767 4453 932 4507 lleiir.
968 4452 1181 4516 thzii,
1221 4454 1463 4520 prtesulis
1493 4454 1818 4510 Lubecensis
1858 4457 2179 4518 doctissimi,
2211 4452 2325 4510 1)ἰὲ-

2429 3272 2636 3347 paucis,
2660 3291 2784 3347 qua:
2817 3272 3145 3347 deuTychico
3170 3272 3356 3347 noster
3383 3272 3612 3347 inferius
3645 3272 3851 3328 atl'eret.

2500 3345 2610 3412 (71)
2659 3344 3057 3397 Ἀποκλίνειν.
3106 3343 3450 3398 Contrariam
3501 3343 3627 3397 huic
3667 3347 3996 3400 sententiam

2429 3415 2625 3470 Franc.
2661 3413 2777 3465 lini
2816 3413 2992 3467 versio
3027 3414 3320 3483 Euthyniii.
3352 3429 3415 3483 rp.
3444 3412 3570 3474 203,
3611 3414 3885 3480 exprimit,
3919 3415 4002 3468 his

2431 3485 2610 3537 verbis
2647 3500 2659 3534 :
2691 3500 2708 3530 ι
2745 3483 2879 3536 adeo
2913 3492 2971 3534 ut
2997 3482 3238 3551 ipsorum
3271 3482 3488 3550 quidam
3525 3484 3687 3536 etiam
3721 3499 3844 3536 cum
3883 3499 3999 3537 ma-

2431 3554 2604 3607 tribus
2649 3553 3101 3605 consuetudinem
3151 3552 3350 3605 habere
3379 3551 3646 3605 dicantur.
3691 3569 3707 3601 »
3764 3551 3896 3607 lline
3947 3562 4004 3606 et

2431 3623 2623 3692 legisse
2653 3621 2864 3675 videtur
2901 3639 2915 3674 :
2959 3622 3102 3692 Πλὴν
3134 3622 3309 3692 ἐνίους
3340 3621 3490 3682 τινὰς
3523 3622 3704 3673 αὐτῶν
3739 3640 3871 3689 φασι
3917 3624 4002 3685 εἰς

2429 3691 2526 3760 τὴν
2569 3693 2704 3759 πρὸς
2730 3694 2826 3752 τὰς
2874 3691 3284 3758 γεννησαμένας
3331 3692 3645 3743 ἀποκλίνειν
3682 3694 3996 3759 συνάφειαν.

2432 3763 2497 3813 Ει
2552 3762 2604 3813 in
2637 3761 2805 3828 ipsam
2842 3761 2981 3813 hanc
3022 3762 3310 3814 lectionem
3361 3761 3714 3814 vehementer
3762 3777 3846 3815 me
3881 3763 3999 3830 rapi

2431 3833 2627 3884 Sentio.
2677 3830 2860 3898 Neque
2889 3830 3031 3883 enim
3069 3831 3290 3882 verbum
3332 3830 3642 3882 ἀποκλίνειν
3692 3845 3787 3899 pro
3835 3834 4000 3889 dedi-

2433 3916 2560 3952 nare
2587 3908 2680 3950 aut
2702 3900 2961 3952 abstinere
2986 3918 3016 3952 a
3048 3917 3101 3952 re
3122 3899 3301 3966 aliqua
3333 3899 3603 3960 adhiberi,
3636 3901 3778 3966 quod
3806 3905 3998 3962 sciam,

2431 3972 2588 4031 solet,
2627 3970 2718 4022 sed
2764 3970 3170 4023 inclinationem
3207 3969 3388 4036 potius
3427 3979 3481 4022 et
3509 3969 3764 4023 allectum
3799 3971 3851 4022 in
3883 3985 3999 4024 rem

2431 4041 2665 4107 aliquam
2718 4040 2898 4092 infert.
2937 4038 3032 4092 Vel
3085 4040 3308 4101 saltem,
3347 4037 3390 4090 si
3436 4039 3673 4107 priorem
3721 4041 3998 4094 notionem

2432 4109 2519 4163 hic
2568 4110 2702 4162 tueri
2737 4108 2987 4170 debebit,
3043 4123 3265 4178 necesse
3310 4117 3457 4167 erat.
3491 4122 3549 4162 ut
3596 4125 3716 4162 cum
3760 4109 4002 4178 genitivo

2431 4194 2560 4232 casu
2607 4179 3030 4247 coniungeretur
3075 4177 3382 4230 ἀποκλίνειν
3427 4178 3524 4246 τῆς
3569 4177 3884 4245 συναφείας.
3927 4181 4002 4231 Τὸ

2431 4250 2570 4316 πλὴν
2621 4263 2726 4302 non
2769 4262 2985 4315 semper
3033 4247 3427 4316 adversativam
3488 4249 3583 4302 sed
3631 4249 3998 4316 ampliativani

2430 4315 2646 4387 queque
2693 4318 2973 4371 notionem
3023 4316 3216 4382 habet,
3259 4324 3317 4370 ut
3365 4315 3508 4371 idem
3560 4317 3670 4381 sit,
3709 4315 3853 4386 quod
3893 4320 4000 4373 imo

2431 4405 2546 4441 vero
2557 4431 2567 4440 .

2502 4459 2610 4528 (72)
2646 4459 2954 4528 deiUoc.
2997 4454 3268 4528 Caice/agri
3305 4456 3512 4528 s_cilicet
3556 4473 3640 4528 vr.
3675 4456 3703 4527 §
3735 4456 3801 4511 12
3841 4471 3993 4526 seqq.

763 4532 938 4596 putat.
979 4523 1042 4573 de
1069 4523 1231 4596 _cullu
1265 4521 1538 4596 Evaugelii
1571 4533 1797 4596 externo,
1831 4535 1886 4580 et
1921 4529 2076 4593 adde,
2113 4543 2231 4595 quae
2265 4529 2332 4582 de
2364 4532 2408 4590 D
2436 4543 2485 4596 p.
2519 4521 2606 4594 9|,
2635 4521 2886 4584 ediiionis
2910 4521 3088 4596 Oxon.
3124 4541 3153 4578 a
3187 4525 3268 4580 Cl.
3309 4525 3518 4596 Thema
3552 4521 3721 4581 Milles
3772 4521 3994 4596 curata}.

761 4592 1138 4661 jurejurando,
1185 4593 1782 4662 tactoiEvangeliorum
1838 4592 2069 4660 codice,
2099 4592 2213 4649 ﬁeri
2245 4612 2332 4651 so-

768 4660 897 4735 lito,
929 4660 1292 4735 m0n_ui_t__J_ac.
1343 4660 1561 4735 [illius]
1599 4662 2058 4735 De_Juramentis,
2096 4680 2144 4719 c.
2199 4667 2251 4730 4,
2305 4665 2331 4735 §

765 4733 834 4796 6;
870 4732 994 4784 item
1026 4730 1344 4783 Gullielmus
1377 4732 1612 4803 _C_a7veus,
1667 4731 1741 4787 De
1775 4736 2038 4803 primitivo
2074 4730 2332 4790 Christial

768 4803 970 4864 uismo,
1003 4809 1142 4868 part.
1175 4814 1253 4862 Ill,
1284 4816 1336 4867 p.
1367 4801 1491 4855 2l6.
1776 4801 1783 4803 “

768 4869 1272 4991 εἰοεξῒὶὲἱριὲνται.
1307 4870 1592 4926 Exciderat
1627 4870 1743 4926 haec
1770 4888 1870 4927 vox
1907 4888 1974 4928 ex
2005 4874 2330 4944 interpreta-

768 4949 914 4994 tione
939 4949 1146 4991 Latina.

841 5008 952 5077 (70)
989 5007 1476 5084 Γενκησαμέξκας.
1523 5007 1711 5084 scelus
1757 5011 2024 5084 hocunon
2070 5013 2332 5084 refugisse

769 5076 980 5141 Persas,
1026 5078 1180 5130 testis
1219 5090 1303 5131 est
1330 5076 1522 5151 Philo,
1564 5079 1644 5151 De
1664 5081 1973 5148 specialibus
2008 5076 2220 5151 legibus:
2266 5085 2331 5138 ad

769 5165 820 5200 vi
854 5161 908 5201 et
948 5164 1021 5202 vn
1081 5158 1430 5216 praeceptum.
1464 5149 1546 5202 Ab
1598 5149 1680 5202 his
1722 5151 1858 5204 l'orte
1887 5149 2076 5206 didicit
2121 5152 2329 5217 Manes,

770 5217 957 5288 l’ersa,
989 5217 1157 5288 etiad
1191 5231 1318 5288 suos
1355 5218 1626 5272 transtulit
1657 5221 1820 5272 etiam
1853 5223 2121 5288 sequioris
2158 5223 2332 5276 artatis

769 5287 1023 5340 asspclas.
1057 5287 1130 5339 De
1163 5287 1282 5338 aliis
1307 5289 1577 5356 gentibus,
1611 5304 1720 5342 non
1750 5287 1951 5342 rectius
1982 5292 2068 5344 hie
2091 5293 2332 5345 sentien-

773 5357 939 5426 tibus,
975 5357 1088 5425 lege
1118 5357 1480 5426 Alexandrum
1519 5358 1906 5426 Tiraquellum,
1952 5361 2046 5414 lib.
2075 5377 2148 5414 vn
2191 5361 2332 5414 Con-

773 5425 972 5498 ιιιιὸίαι.
1016 5441 1168 5478 num.
1197 5425 1303 5498 227;,
1343 5425 1525 5480 Mosen
1546 5425 1919 5498 Amyraldum,
1961 5429 2015 5483 in
2053 5430 2328 5498 Disquisit.

773 5494 844 5568 de
883 5495 1027 5568 _j_ur_e_
1077 5497 1308 5568 naturali
1359 5494 1977 5568 connubia'dirigente,
2031 5515 2086 5568 p.
2138 5494 2236 5565 70;
2278 5511 2333 5556 et

775 5562 953 5633 ngid.
985 5564 1284 5639 hlenagiuru
1318 5566 1386 5639 ad
1408 5564 1670 5639 Diogenis
1694 5562 1923 5639 Laertii
1957 5562 2062 5639 lib-.7
2095 5585 2156 5639 ι,
2177 5570 2203 5639 §
2224 5562 2328 5634 ’95,

773 5641 956 5711 etv",
983 5634 1238 5711 33,_item
1263 5634 1296 5711 §_
1323 5636 1448 5711 _l8l.
1485 5634 1660 5711 Atque
1693 5637 1745 5711 in
1781 5637 1864 5691 his
1895 5637 2095 5711 desinit
2125 5634 2330 5711 Euthy-

778 5703 870 5755 mii
905 5703 1173 5774 narratio,
1203 5703 1426 5758 totidem
1470 5713 1528 5758 ut
1571 5703 1860 5774 plurimum
1883 5709 2060 5762 verbis
2091 5724 2156 5763 ex
2190 5703 2331 5763 Pho-

779 5774 854 5828 tio
910 5773 1196 5844 descripta,
1234 5775 1324 5844 qui
1391 5773 1648 5845 deinceps
1701 5777 1765 5830 ad
1813 5776 2007 5832 librum
2061 5794 2096 5833 ιι
2151 5779 2328 5834 Pbotii

2437 4594 2523 4650 ubi
2556 4600 2610 4651 in
2637 4595 2958 4665 compendio
2987 4596 3174 4656 habes,
3203 4611 3321 4663 qua:
3351 4597 3416 4650 de
3444 4594 3735 4664 Scythiano
3772 4595 3999 4650 Manetis

2436 4664 2788 4735 praseursore’.
2824 4675 2877 4719 et
2913 4664 3123 4735 Manele
3151 4665 3286 4733 ipso,
3313 4667 3390 4735 ab,
3433 4665 3698 4720 Archelao
3741 4667 3998 4735 episcopo

2431 4733 2732 4800 confutato,
2775 4736 2827 4789 in
2876 4733 3024 4788 Actis
3057 4735 3327 4800 Archelai,
3364 4734 3431 4789 de
3459 4735 3658 4804 quibus
3685 4733 3846 4806 paulo
3877 4733 4000 4804 pdst

2435 4806 2628 4872 fusius,
2665 4807 2934 4875 leguntur.

2503 4871 2621 4946 (75)
2647 4871 3007 4941 Ἐθὶιεράνιος,
3041 4871 3243 4946 Haeres.
3275 4873 3363 4927 66.

2506 4941 2613 5012 (74)
2649 4943 3188 5008 Ἐκκλησιαστικὰς
3224 4943 3506 5011 ἱστορίας.
3537 4941 3604 4996 γ.
3635 4957 3683 5012 (εν.
3707 4941 3994 5007 Eusebius,

2439 5011 2547 5075 Vll,
2572 5014 2874 5074 5|.Hiuor.
2921 5012 3384 5076 eccles.|Socrates
3413 5013 3507 5066 lib.
3547 5029 3584 5075 ι,
3630 5011 3770 5065 Hist.
3811 5014 3993 5067 eccles.

2433 5098 2481 5138 c.
2506 5085 2610 5150 22;
2633 5083 3026 5143 Tbeodorctus,
3049 5081 3292 5136 llwretic.
3315 5084 3480 5152 fabul.
3505 5082 3596 5142 lib,
3619 5097 3658 5146 ι,
3679 5099 3727 5136 c.
3747 5083 3834 5145 26,
3859 5093 3914 5137 et
3941 5101 3992 5149 v,

2433 5155 2486 5208 9.
2520 5155 2632 5208 alii.

2473 5195 2807 5293 '(‘i's'i'rzzoc
2832 5237 2912 5273 τε.
2955 5219 3126 5293 Hujus
3148 5219 3270 5293 libri
3294 5230 3525 5293 quatuor
3561 5220 3838 5275 dimidiam
3881 5222 3997 5279 fere

2470 5290 2640 5348 artem
2669 5292 2855 5346 Graece
2904 5291 3128 5359 periisse
3163 5290 3262 5343 visi
3288 5299 3433 5352 sunt,
3472 5291 3543 5344 ita
3573 5299 3631 5343 ut
3659 5299 3871 5344 tantum
3932 5295 3997 5346 li-

2469 5379 2527 5416 er
2556 5379 2568 5415 I
2593 5373 2647 5416 et
2677 5377 2735 5426 ll,
2764 5376 2886 5414 cum
2920 5370 3071 5428 parte
3100 5359 3294 5428 exigua
3320 5360 3462 5414 tertii
3485 5375 3772 5426 superesse
3802 5364 3996 5416 crede-

2432 5440 2600 5495 retur,
2642 5431 2942 5486 seeundum
3002 5430 3244 5483 codicem
3295 5430 3505 5483 scilicet
3558 5429 3992 5496 llolstenianum,

2431 5502 2606 5556 obiter
2647 5501 2971 5568 inspectum,
3004 5507 3077 5564 et,
3101 5506 3261 5568 prout
3300 5499 3570 5568 alibrario
3602 5509 3779 5553 textus
3821 5502 3995 5556 series

2434 5573 2642 5624 turbata
2681 5567 2816 5634 erat,
2847 5567 3272 5623 consideratum.
3317 5567 3472 5624 Nune
3510 5584 3639 5624 vero
3685 5569 3852 5623 libros
3885 5579 3996 5624 tres

2433 5641 2642 5709 priores
2671 5640 2909 5709 integros
2937 5636 3121 5709 Graece
3145 5647 3203 5709 et
3229 5639 3415 5693 Latine
3442 5654 3506 5692 ex
3535 5641 3653 5709 ipso
3693 5639 3783 5709 illo
3804 5641 3995 5693 codice

2433 5706 2820 5779 Holstcniano;
2840 5709 2894 5761 in
2947 5708 3290 5779 bibliotheca
3333 5706 3990 5779 publgica1llaml'iurgensi

2433 5780 2611 5845 obvio,
2637 5789 2691 5834 et
2733 5796 2764 5833 a
2797 5778 2932 5833 Rev.
2971 5776 3058 5832 J0.
3087 5775 3362 5835 Friderieo
3402 5777 3731 5845 Wincklero,
3764 5775 3992 5850 conjun-
