4222 6432
261 418 329 483 33
1304 414 1595 474 CONTRA
1638 414 1928 475 MANICH

1833 414 2095 476 CHlEOS
2131 417 2361 477 LIBER
2396 418 2437 479 Ι.
3426 426 3493 487 34

262 526 527 593 πίωνΠϐ)
545 526 572 577 ὁ
590 523 690 592 τῆς
703 522 955 592 Θμούεως
968 565 980 585 ,
995 524 1022 574 ὃ
1046 539 1105 573 τε
1119 524 1215 591 τῆς
1231 522 1437 584 πόλεως
1454 523 1645 574 Λύκων
1660 520 1838 584 Ἀλέξ-
1867 529 1907 584 Α

1827 552 1838 561 -
1867 529 1907 584 Α
1938 524 2026 592 qui
2057 524 2383 595 Cyropoleos
2399 526 2927 596 archiepiscOpatum
2953 530 3147 584 tenuit.
3171 528 3371 586 Pretcr
3396 535 3494 589 hos

256 618 448 684 ανδρος
507 616 621 683 (77)
676 614 803 677 τοὺς
870 612 1292 682 ἁρχιερατικοῦς
1355 614 1830 683 ἐγκεχειρισμένος

258 709 476 775 νόμους.
513 708 636 759 Ἐπὶ
674 706 729 759 δὲ
761 709 868 767 τοῖς
915 707 1225 774 εἰρημένοις
1254 704 1348 755 καὶ
1387 706 1415 756 ὁ
1456 706 1661 756 τούτων
1694 706 1830 757 πάν-

258 817 363 851 των
412 800 556 851 κατὰ
590 800 789 870 κράτος
828 798 1059 867 μάλιστα
1112 794 1483 866 Θριαμόεύσας
1514 813 1574 847 τε
1624 796 1718 847 καὶ
1746 796 1825 847 δι-

258 890 483 955 ελέγξας
502 890 598 958 τὴν
622 891 987 958 προκειμένην
1016 888 1272 940 ἀσέὸειαν
1299 886 1686 956 Ἠρακλειανὸς
1716 886 1827 954 ('78)

256 981 284 1031 ὁ
336 980 681 1047 Καλχηδόνος
723 980 1044 1040 ἐπίσκοπος,
1080 979 1139 1030 ἐν
1200 977 1372 1029 εἴκοσι
1424 976 1649 1045 βιϐλίοις
1702 978 1829 1039 τοὺς

258 1067 401 1121 κατὰ
448 1067 550 1135 τῆς
583 1067 922 1128 ἁποστασίας
970 1066 1188 1133 ἀγῶνας
1244 1064 1700 1134 καταὸαλόμενος,
1729 1065 1822 1118 καὶ

257 1159 501 1210 πλεῖστοι
562 1159 738 1229 ἕτεροι
792 1159 927 1227 (79).
979 1158 1125 1226 Πλὴν
1174 1157 1268 1210 καὶ
1325 1154 1437 1218 νῦν,
1470 1157 1497 1208 ὁ
1543 1155 1696 1221 λόγος
1726 1157 1825 1209 οὐκ

255 1250 572 1319 ἀσύμφορον
614 1250 771 1304 τοῦτο
834 1250 1200 1320 λογιζόμενος,
1252 1248 1373 1301 κατ’
1416 1248 1718 1317 ἐπιδρομήν
1769 1264 1886 1301 τινα

258 1360 432 1396 σεται.

326 1434 428 1485 ΠΥ·
457 1430 751 1490 Σκυθιανός
795 1446 879 1491 τις
930 1428 1041 1497 (80)
1079 1428 1178 1497 τὴν
1232 1429 1464 1497 πατρίδα
1506 1426 1823 1495 Αἰγύπτιος,

254 1524 314 1575 τὸ
361 1522 418 1574 δὲ
475 1522 533 1586 ἐξ
589 1519 891 1589 ἀνθρώπων
949 1520 1105 1586 γένος
1152 1519 1465 1588 Σαρακηνὸς
1488 1520 1585 1587 τὴν
1643 1519 1825 1583 Ἀλεξ-

256 1614 493 1682 ανὸρέων
526 1611 678 1679 ᾤκει,
720 1610 843 1663 οὔτε
875 1612 1216 1680 Χριστιανοίς
1271 1609 1699 1677 συμφερόμενος,
1731 1610 1824 1661 καὶ

255 1706 321 1757 τὰ
358 1704 622 1757 Ἰουδαίων
648 1703 708 1753 οὐ
739 1701 1120 1770 προσιέμενος.
1154 1692 1319 1761 Οὗτος
1350 1701 1414 1751 ὲκ
1441 1700 1547 1751 τῶν
1587 1700 1823 1767 Ἀριστο-

255 1797 483 1850 τελικῶν
529 1796 1004 1865 παρακουσμάτων
1034 1794 1281 1863 ἐντριϐὴς
1311 1795 1411 1861 τὴν
1439 1794 1689 1861 γλῶσσαν
1710 1796 1819 1862 (81)

1932 624 2113 668 autem
2149 618 2214 681 is,
2246 618 2337 685 qui
2366 619 2430 669 de
2462 616 2525 670 iis
2566 618 2824 672 omnibus
2858 618 3071 673 fortiter
3108 623 3487 692 triumphavit,

1931 715 1985 759 et
2030 706 2188 769 hanc,
2230 708 2296 759 de
2352 723 2455 773 qua
2511 708 2706 776 agitur,
2766 709 3099 778 impietatem
3157 714 3489 779 confutavit;

1932 794 2312 862 llcraciiauus,
2362 797 2719 852 Chalcedonis
2766 800 3091 869 episcopus,
3155 803 3245 871 qui
3302 806 3487 873 viginti

1929 887 2082 941 libris
2112 890 2405 941 certamina
2434 897 2622 943 contra
2651 906 2839 945 eorum
2878 893 3205 961 apostasiam
3236 894 3484 950 instituit.

1928 976 2194 1029 Caeterum
2228 994 2334 1031 non
2368 978 2463 1031 abs
2490 994 2549 1032 re
2594 994 2771 1048 neque
2798 980 2990 1035 inutile
3018 982 3134 1036 fore
3177 982 3326 1046 duxi,
3362 998 3485 1035 cur-

1928 1068 2029 1121 sim
2059 1077 2113 1121 et
2141 1069 2371 1121 strictim
2420 1070 2666 1137 quaedam
2696 1085 2881 1124 eorum
2936 1086 3239 1132 recensere.
3270 1088 3391 1142 qua:
3421 1074 3488 1126 ad

1928 1158 2171 1211 notitiam
2204 1160 2367 1227 hujus
2404 1161 2709 1227 argumenti
2733 1162 3224 1231 exploratissimam
3251 1164 3479 1217 iaciunt.

1930 1248 2033 1301 τῶν
2087 1252 2165 1313 εἰς
2222 1250 2422 1317 γνῶσιν
2474 1252 2701 1321 ἑχόντων
2752 1254 2811 1305 τὸ
2864 1254 3235 1324 ἀπαραίτητον
3282 1254 3484 1307 διελεύο

1994 1428 2111 1482 ΧΙΙ.
2214 1430 2538 1500 Scythianus
2613 1432 2831 1499 quidam
2870 1473 2883 1497 ,
2944 1434 3120 1501 patria
3166 1434 3480 1505 Egyptius,

1927 1536 2122 1590 genere
2169 1533 2348 1577 autem
2412 1524 2749 1587 Saracenus,
2796 1524 3133 1580 Alexandriae
3185 1528 3481 1593 habitabat,

1928 1627 2100 1678 neque
2166 1628 2289 1665 cum
2360 1613 2687 1667 Christianis
2746 1631 2971 1670 versans
3025 1634 3202 1687 neque
3270 1620 3484 1675 Judaeo—

1926 1716 2043 1753 rum
2072 1702 2373 1754 doctrinam
2413 1703 2708 1770 amplexus.
2735 1703 2833 1756 Hic
2860 1719 2923 1757 ex
2964 1706 3322 1760 Aristotelicis
3344 1708 3483 1762 male

1926 1793 2214 1847 intellectis
2267 1794 2418 1846 libris
2469 1794 2663 1853 lingua
2714 1792 3140 1861 (Graecae)‘usum
3175 1806 3478 1860 assecutus,

254 1890 513 1956 γεγονὼς,
537 1888 810 1957 τέσσαρας
828 1886 937 1956 (82)
960 1888 1238 1939 συντάττει
1260 1885 1473 1954 βίὸλους
1491 1879 1565 1939 ὧν
1582 1887 1681 1954 τὴν
1705 1886 1813 1954 (85)
1850 1882 1891 1936 Β
1919 1914 1921 1927 ε

1808 1896 1813 1940 l
1850 1882 1891 1936 Β
1919 1893 2148 1953 quatuor
2200 1883 2506 1952 composuit
2560 1883 2727 1937 libros
2770 1899 3001 1953 quorum
3056 1899 3222 1938 unum
3259 1886 3475 1954 quidem

1319 2036 1552 2091 VARIAE
1597 2035 1974 2092 LECTIONES
2013 2036 2098 2089 ET
2138 2036 2369 2091 NOTAE.

253 2193 493 2245 ctissimo
510 2192 709 2261 collega
736 2206 879 2251 meo.
906 2191 1482 2261 descriptofexhibebit,
1519 2192 1600 2244 vel
1630 2193 1809 2260 potius

248 2263 356 2331 jam
382 2261 629 2315 exhibuit
656 2261 733 2315 Cl.
755 2261 868 2315 Jac.
896 2262 1122 2331 Basnag.
1155 2264 1207 2315 in
1242 2277 1401 2324 nova,
1434 2276 1594 2329 quam
1633 2272 1804 2329 parat,

252 2333 463 2399 Antiqu.
495 2332 697 2385 Canisii
737 2333 1011 2385 lectionum
1035 2332 1287 2395 editione,
1330 2334 1483 2398 cujus
1522 2333 1807 2399 Specimcn

253 2402 354 2455 luci
393 2401 671 2469 superiore
694 2418 835 2454 anno
870 2403 1191 2471 expositum,
1214 2411 1266 2455 et
1300 2400 1402 2471 'l'iti
1427 2410 1481 2453 et
1503 2400 1814 2469 Serapionis

254 2471 734 2525 commentationes
760 2472 898 2523 inter
929 2470 1119 2525 caetera
1149 2471 1308 2523 sistit.
1350 2470 1395 2522 Is
1427 2470 1569 2521 enim
1596 2470 1645 2521 in
1670 2486 1814 2537 prae-

253 2541 414 2593 missa
479 2541 941 2593 animadversione
1007 2540 1347 2603 observavit,
1404 2540 1640 2593 codicem
1691 2540 1815 2592 llol-

257 2610 567 2662 stt-nimium
598 2610 1050 2679 Hamburgeusem
1076 2612 1271 2679 passim
1300 2625 1417 2663 esse
1450 2610 1812 2674 mutilum,et,

253 2680 709 2748 inversorordiue,
751 2681 1044 2743 turbatum,
1073 2695 1232 2748 quem
1268 2690 1443 2731 tamen
1467 2681 1629 2731 ductu
1664 2679 1813 2731 desi-

254 2747 530 2815 gnationis
579 2759 1016 2815 argumentorum
1074 2747 1104 2800 a
1158 2748 1278 2800 Tito
1337 2750 1435 2816 ipsi
1500 2748 1809 2799 tractationi

252 2817 571 2878 praemissae,
617 2818 686 2868 ita
724 2832 868 2869 nunc
899 2819 1151 2881 restituit,
1199 2828 1256 2869 ut
1294 2819 1411 2869 libri
1468 2828 1577 2870 tres
1621 2818 1813 2884 integri

250 2896 569 2956 appareant.
599 2885 863 2939 Caeterum
890 2897 1077 2956 auctor
1113 2889 1224 2955 ipse
1258 2888 1589 2956 argumentis
1641 2888 1813 2953 philo-

253 2956 495 3032 sophicis
541 2954 871 3023 frequenter,
902 2954 1179 3024 Scriptura
1228 2954 1353 3009 vero
1382 2956 1645 3009 diviniore
1689 2972 1809 3008 raro

256 3034 452 3076 Ullllll‘.

324 3094 438 3159 (76)
488 3094 819 3157 Σαραπίων.
862 3094 936 3147 lta
989 3110 1184 3146 nomen
1240 3094 1493 3146 scribitur
1539 3094 1590 3145 in
1626 3092 1816 3145 Coisli-

252 3163 419 3246 niauo
445 3170 706 3246 etnostro
735 3164 937 3241 codice,
964 3164 1105 3241 quod
1147 3165 1233 3216 alii
1263 3179 1373 3246 per
1402 3162 1813 3246 Serapioneffc-
1840 3190 1880 3246 ρ

253 3240 382 3300 runt
420 3231 641 3293 rectius,
674 3231 828 3297 cujus
866 3233 1098 3285 nominis
1140 3245 1193 3285 et
1228 3234 1314 3285 alii
1350 3234 1487 3285 inter
1519 3233 1811 3300 scriptores

252 3299 490 3363 Graecos,
522 3300 573 3350 in
604 3300 787 3366 primis
822 3303 1059 3368 sophista
1088 3303 1304 3370 quidam
1347 3314 1400 3353 et
1443 3299 1701 3370 comicus,
1757 3310 1815 3353 ut

252 3380 479 3421 caeteros
530 3378 755 3428 taceam,
814 3380 1043 3423 exstant.
1108 3369 1235 3437 Ejus
1291 3379 1563 3433 tractatus,
1631 3369 1813 3424 Grzece

252 3439 530 3507 apudﬂnos
574 3451 693 3489 cum
742 3439 863 3491 Tito
914 3440 1186 3491 Bostreusi
1232 3452 1446 3491 exstans
1484 3439 1693 3507 paginis
1719 3440 1811 3502 24,

253 3506 471 3563 iii-folio
512 3508 837 3569 continetur,
876 3516 930 3560 et
983 3509 1035 3560 in
1073 3510 1296 3575 repetita
1334 3506 1631 3561 Lectionum
1658 3509 1815 3560 Cani-

252 3578 528 3627 siauarum
576 3576 985 3644 editionejuxta
1037 3575 1276 3629 Latinam
1336 3578 1633 3630 versionem
1674 3576 1812 3628 Tur-

256 3644 395 3695 riani
434 3644 683 3695 exstabit.
726 3645 943 3698 Interim
984 3646 1033 3696 in
1078 3646 1308 3699 secunda
1338 3655 1390 3699 et
1423 3646 1573 3697 tertia
1608 3646 1811 3697 codicis

253 3712 425 3765 nostri
486 3713 669 3781 pagina
714 3716 854 3766 varia
889 3716 1280 3777 desiderantur,
1314 3730 1531 3767 sensum
1572 3715 1810 3767 hiulcum

253 3782 554 3833 reddentia.
601 3781 775 3835 Unum
844 3793 1048 3835 tantum
1111 3783 1333 3836 Manetis
1378 3799 1647 3846 errorem,
1706 3798 1811 3850 quo

253 3866 443 3917 corpus
463 3859 510 3920 et
536 3862 755 3902 materia
788 3853 841 3901 in
872 3868 920 3903 se
954 3853 1094 3903 mala
1119 3854 1811 3920 venditantur,oppuguan-

252 3918 525 3988 dumsibi
549 3923 775 3987 sumpsit
813 3920 1093 3988 Serapion.
1117 3921 1426 3988 Utriusque,
1461 3918 1585 3973 Titi'
1602 3918 1811 3974 scilicet

250 3997 305 4040 et
342 3986 685 4052 Serapionis,
716 3986 1225 4043 commeitationem
1258 3986 1442 4043 Graece
1482 3990 1808 4056 descriptam

253 4056 510 4109 habuisse
552 4056 608 4107 Β.
653 4058 863 4110 Sehast.
913 4059 1109 4111 Gottfr.
1148 4059 1477 4120 Starchium,
1515 4057 1593 4111 Cl.
1626 4058 1808 4110 Marti-

250 4140 355 4177 nus
408 4124 673 4180 Dieterich
729 4128 781 4179 in
850 4128 1061 4181 funebri
1117 4128 1232 4197 ejus
1278 4126 1676 4197 Programmate
1730 4135 1809 4181 te-

256 4202 456 4247 statur.

322 4265 438 4331 (77)
473 4263 872 4329 Ἀλέξανδρος.
901 4263 1059 4317 Liber
1084 4265 1200 4333 ejus
1229 4264 1361 4333 πρὸς
1395 4264 1489 4324 τὰς
1511 4262 1807 4331 Μανιχαίου

247 4330 407 4396 δόξας
440 4350 468 4386 a
527 4336 715 4387 Frauc.
741 4333 1063 4386 Combelisio
1109 4330 1285 4386 editus
1317 4342 1400 4385 est
1458 4342 1602 4384 tomo
1634 4330 1807 4385 ItAu-

249 4402 413 4452 ctarii
438 4403 719 4465 novissimi,
754 4400 925 4454 Paris.
958 4402 1093 4453 1672
1122 4404 1213 4455 fol.
1238 4402 1313 4453 Ex
1335 4416 1417 4463 eo,
1442 4410 1553 4454 tum
1588 4402 1801 4461 incdito,

250 4469 431 4561 lgcum
463 4472 746 4561 q'ucmdam
770 4470 924 4561 ager}
948 4472 1247 4525 Alexander
1268 4470 1445 4523 Morus
1477 4470 1528 4521 in
1562 4469 1712 4522 Notis
1742 4470 1807 4523 ad
1843 4508 1882 4561 ο

247 4538 455 4591 Novum
481 4538 687 4598 Fartus.
724 4554 776 4606 p.
808 4541 929 4592 245.

322 4608 437 4671 (78)
480 4609 909 4677 Ἠρακλειανός.
940 4608 1141 4661 Laudat
1171 4609 1331 4677 hujus
1356 4606 1447 4660 XX
1474 4607 1639 4661 libros
1665 4607 1806 4661 Pho-

252 4677 361 4729 tius
398 4688 583 4731 noster
614 4678 667 4729 in
711 4676 1028 4728 Bibliotheca
1059 4678 1241 4731 codice
1273 4678 1358 4730 85.

320 4745 717 4813 (79)11λεῖστοι
766 4745 970 4810 ἕτεροι.
1008 4744 1112 4799 Eos
1152 4757 1408 4799 consueta
1456 4755 1509 4798 et
1560 4744 1807 4799 familiari

250 4814 353 4867 sibi
404 4816 668 4883 industria
710 4823 765 4883 et
824 4814 1068 4883 doctrina
1114 4816 1389 4883 congessit
1437 4814 1615 4867 Celcb.
1674 4814 1801 4868 Joh.

250 4884 508 4938 Albertus
567 4881 877 4946 Fabricius,
934 4883 987 4935 in
1041 4881 1285 4935 Bibliot'li.
1351 4882 1519 4935 σταῖς.
1584 4884 1674 4935 lib.
1737 4901 1807 4949 v,

248 4968 303 5020 ρ.
332 4952 436 5005 289
483 4967 633 5019 seqq.
666 4951 875 5004 Mireris
923 4952 1076 5014 forte,
1105 4951 1242 5007 Petri
1273 4950 1458 5013 Siculi,
1489 4968 1645 5020 quem
1677 4953 1810 5005 Pho-

252 5023 326 5073 tio
362 5030 666 5089 temporum
699 5022 933 5073 rationes
956 5022 1067 5074 fere
1100 5024 1358 5089 azqualem
1399 5021 1624 5081 faciunt,
1658 5038 1808 5075 men-

250 5092 455 5143 tionem
482 5090 568 5144 hic
598 5106 705 5144 non
737 5090 929 5143 factam
946 5106 1098 5159 _esse.
1132 5092 1286 5159 cujus
1336 5091 1541 5158 ἱστορία
1563 5092 1806 5159 περὶτῆς

251 5160 413 5226 κενῆς
463 5162 556 5210 καὶ
605 5160 837 5228 ματαίας
884 5154 1144 5228 αἱρέσεως
1170 5154 1274 5211 τῶν
1322 5154 1653 5226 Μανιχαίων,
1699 5154 1805 5211 τῶν

252 5232 343 5279 καὶ
383 5228 761 5280 Παυλικιανῶν
816 5228 1122 5293 λεγομένων
1155 5244 1278 5281 cura
1322 5228 1554 5280 Matthaai
1586 5229 1801 5290 Radcri,

252 5297 455 5364 prodiit
506 5296 833 5367 lugolstadii,
866 5297 1019 5367 ίροι,
1045 5298 1182 5351 inut.
1208 5297 1449 5367 cumque
1478 5298 1805 5367 comparatio

250 5367 440 5432 seripti
492 5364 791 5433 utriusque,
828 5382 855 5417 a
906 5364 1097 5417 Photio
1142 5375 1195 5419 et
1251 5364 1429 5419 Siculo
1459 5366 1703 5433 profecti,
1740 5367 1804 5419 ad

250 5437 468 5487 oculum
498 5436 766 5498 ostendat,
795 5436 1019 5488 alterum
1048 5435 1266 5488 alterius
1287 5450 1448 5503 opera
1480 5450 1633 5486 usum
1665 5449 1802 5499 esse,

252 5518 357 5555 non
421 5504 685 5567 dubitem,
743 5506 824 5557 vel
884 5504 1009 5556 hinc
1051 5505 1335 5564 allirmare,
1393 5502 1630 5555 Siculum
1685 5514 1807 5571 post

252 5571 503 5625 I'hotium
536 5588 632 5626 sua
663 5573 855 5626 litteris
885 5574 1249 5642 consignasse,
1280 5572 1369 5642 qui
1400 5572 1636 5638 alioquin
1664 5573 1805 5627 illius

252 5657 371 5693 cum
401 5642 613 5695 caneris
653 5642 981 5695 mentionem
1013 5641 1252 5695 facturus
1278 5641 1444 5693 fuisse
1466 5642 1693 5695 videtur.

319 5710 431 5778 (80)
460 5712 789 5777 Σκυθίανός
828 5728 937 5775 τις.
968 5710 1328 5765 ΗεεοΡὺοιίυε
1351 5711 1527 5763 hausit
1547 5727 1608 5764 ex
1625 5711 1801 5780 Cyrilli

251 5779 519 5835 Caice/tesi
554 5796 625 5845 vr,
664 5780 810 5849 §l3;
836 5795 953 5847 quae
982 5781 1141 5835 etiam
1178 5780 1230 5833 in
1270 5796 1364 5833 sua
1401 5782 1581 5833 retulit
1613 5779 1801 5834 Petrus

1915 2190 2129 2263 Siculus
2207 2190 2288 2263 in_
2326 2188 2571 2263 Historia
2598 2188 3055 2263 _Manirlia-orirrn,
3110 2207 3179 2263 p.
3220 2193 3288 2244 20
3325 2209 3471 2263 seqq.

1920 2262 2156 2329 Uterque
2191 2276 2220 2313 a
2251 2258 2427 2329 Cyrilli
2462 2259 2639 2313 verbis
2677 2261 2874 2328 passim
2903 2262 3035 2324 abit,
3076 2258 3270 2329 quibus
3294 2258 3471 2319 tamen

1915 2345 2026 2399 pra:
2062 2329 2255 2383 Photio
2276 2331 2473 2383 insistit
2493 2329 2682 2400 Petrus
2705 2330 2939 2400 Siculus.
2964 2330 3305 2400 Comparavit
3334 2334 3474 2388 inter

1914 2392 1991 2471 se,
2023 2410 2324 2471 utrumque
2360 2397 2771 2471 Rev._Thomas
2834 2392 3021 2471 Milles
3054 2392 3114 2471 in
3155 2416 3249 2471 sua
3291 2402 3471 2471 Cyrilli

1913 2468 2148 2539 editione
2184 2467 2235 2536 p.
2267 2469 2335 2520 θαι).
2370 2467 2684 2539 seq.Nustri
2717 2469 3115 2538 itaquejudicio
3148 2467 3471 2539 Scythianus

1916 2538 2243 2611 h_ic_prim_us_
2267 2540 2407 2611 inter
2436 2538 2773 2611 Christianos
2790 2540 2974 2611 rstultze
3001 2540 3068 2611 de
3093 2538 3303 2594 duobus
3329 2542 3474 2611 prin-

1915 2608 2069 2677 cipiis
2099 2608 2369 2676 Opinionis
2408 2621 2595 2661 auctor
2621 2610 2848 2670 exstitit,
2882 2610 3024 2677 quod
3049 2612 3219 2676 ipsum
3255 2608 3473 2667 tradunt

1913 2678 2206 2748 Archelaus
2242 2678 2293 2748 in
2338 2681 2485 2729 Actis
2536 2677 2797 2748 Disputat.
2849 2695 2965 2729 cum
3013 2679 3233 2741 Moneta,
3283 2697 3333 2748 p.
3378 2682 3469 2743 95,

1913 2752 1968 2798 et
2000 2746 2351 2814 Epiphanius,
2392 2748 2579 2800 haeresi
2609 2747 2695 2806 66,
2732 2748 2947 2815 aliique.
2970 2748 3047 2799 Ah
3076 2747 3158 2800 his
3193 2746 3469 2803 discedere

1912 2816 2165 2867 videntur
2187 2816 2579 2878 Thcodoretus,
2608 2816 2847 2868 eretic.
2870 2817 3054 2869 Fubul.
3088 2818 3179 2870 lib.
3228 2833 3265 2882 t,
3293 2834 3340 2870 c.
3367 2819 3465 2883 55;

1911 2883 2187 2955 Cedrenus
2215 2903 2267 2953 p.
2302 2886 2433 2948 9.59;
2466 2895 2519 2939 et
2546 2886 2672 2940 hinc
2711 2886 2870 2949 forte,
2905 2888 3025 2955 quia
3065 2886 3251 2939 iisdem
3293 2890 3470 2943 verbis

1912 2955 2100 3015 utitur,
2136 2954 2350 3017 Suidas,
2409 2968 2535 3007 tom.
2582 2955 2646 3018 ll,
2710 2973 2761 3023 ι).
2799 2954 2931 3009 49f.
2966 2955 3038 3008 lbi
3086 2957 3229 3008 enim
3284 2973 3471 3010 omnes

1915 3024 2180 3075 Manetem
2229 3027 2388 3076 etiam
2458 3024 2751 3076 Σκυθιανὸν
2821 3026 3143 3092 appellatum
3204 3026 3468 3089 scribunt,

1912 3093 2055 3163 quod
2082 3108 2146 3145 eo
2177 3108 2339 3145 scnsu
2383 3094 2534 3146 multi
2562 3104 2907 3163 acceperunt,
2938 3105 2994 3146 ut
3038 3092 3223 3163 Manes,
3254 3104 3307 3147 et
3339 3094 3469 3163 Scy-

1917 3162 2133 3215 thianus
2160 3164 2405 3215 eumdem
2437 3177 2531 3215 eos
2555 3162 2823 3229 judicasse
2849 3170 3155 3215 censerent.
3185 3162 3297 3214 Meo
3323 3165 3469 3228 judi-

1916 3232 2000 3283 cio
2036 3231 2110 3283 illi
2144 3233 2240 3283 hac
2291 3231 2562 3300 Scythiani
2613 3231 2969 3299 appellatione
3011 3232 3212 3285 erroris
3241 3232 3467 3300 primam

1916 3300 2175 3369 originem
2219 3299 2454 3369 indicare
2487 3300 2793 3360 voluerunt,
2824 3299 3094 3369 inprimis
3132 3299 3272 3357 ideo.
3323 3304 3467 3369 quod

1914 3368 2191 3422 versutum
2228 3368 2453 3438 Manetis
2480 3371 2751 3438 ingenium
2791 3377 2843 3421 et
2875 3368 2999 3421 felix
3026 3369 3077 3421 in
3101 3369 3317 3438 hegotio
3341 3368 3468 3423 suco

1914 3452 2098 3491 cessus
2157 3448 2211 3490 et
2266 3437 2558 3506 Scythiani’
2611 3447 2663 3493 et
2713 3438 3052 3496 Terebinthi.
3120 3437 3466 3493 decessorum

1914 3507 2051 3576 ejus,
2084 3508 2395 3559 memoriam
2443 3507 2656 3559 abolere
2686 3507 2979 3559 videretur.
3017 3506 3069 3559 ld
3090 3517 3261 3576 _certe
3289 3511 3467 3576 suspi-

1914 3574 2024 3629 cari
2053 3576 2254 3638 malim,
2296 3590 2452 3642 quam
2509 3591 2628 3627 cum
2679 3575 3045 3628 eruditissimo
3089 3574 3464 3629 Pcarsouio'in

1912 3646 2240 3696 Adversariis
2270 3644 2625 3702 Miscellaneis.
2659 3658 2706 3696 c.
2745 3645 2831 3706 55,
2877 3660 2927 3711 p.
2967 3644 3093 3705 355,
3128 3647 3207 3697 vel
3231 3648 3468 3699 auctoris

1915 3713 2135 3782 σφάλμα
2193 3714 2553 3783 μνημονικὸν,
2591 3714 2670 3765 vel
2716 3714 2917 3766 librarii
2974 3715 3241 3780 γραφικὴν
3288 3716 3462 3783 ἀμάρ-

1914 3799 2060 3851 τημα
2098 3783 2183 3835 hic
2229 3784 2483 3850 cogitare.
2526 3782 2876 3850 Scythianum
2912 3784 3056 3835 hunc
3096 3783 3161 3835 ad
3194 3782 3466 3851 apostolo-

1911 3866 2032 3903 rum
2082 3860 2318 3917 tempora
2348 3852 2414 3903 ab
2454 3851 2717 3904 Archelao
2764 3851 2798 3902 l.
2832 3866 2879 3904 c.
2916 3852 3102 3904 referri
3137 3854 3326 3904 merito
3362 3855 3465 3905 mi-

1913 3920 2065 3989 reris,
2107 3934 2227 3971 cum
2254 3919 2423 3987 ipsius
2454 3920 2689 3973 narratio
2712 3920 2925 3982 inferat,
2950 3921 3086 3973 inter
3114 3919 3463 3989 Scythianum

1909 3996 1963 4040 et
2015 3988 2299 4048 Manetem,
2367 4004 2533 4041 unum
2584 3998 2788 4041 tantum
2841 3989 3249 4053 Terebiuthum,
3309 3992 3463 4056 primi

1911 4056 2053 4127 illius
2084 4058 2439 4127 discipulum,
2490 4058 2882 4117 intercessisse,
2916 4068 2973 4111 ut
3022 4060 3246 4127 proinde
3282 4060 3463 4114 Manes

1912 4124 2283 4193 Scythianum,
2318 4128 2361 4179 si
2392 4126 2526 4179 forte
2552 4136 2706 4180 aztate
2732 4124 3037 4193 provectior
3063 4127 3243 4191 fuerit,
3279 4129 3462 4183 videre

1910 4196 2165 4263 potuerit.
2208 4196 2259 4249 id
2314 4197 2455 4262 quod
2505 4196 2832 4264 persuadere
2884 4196 3039 4249 nobis
3092 4206 3300 4265 poterat
3350 4198 3462 4251 fra-

1915 4273 2189 4332 gmentum
2239 4265 2567 4334 epistolaiad
2616 4264 2989 4334 Scythianum,
3031 4264 3190 4318 incdo
3230 4266 3369 4319 idem
3416 4269 3462 4321 is

1908 4346 2051 4405 c_um_
2066 4340 2250 4405 nostro
2286 4333 2373 4405 sit.
2403 4348 2451 4405 a_
2467 4332 3087 4405 Manerte's‘criptzequod
3122 4334 3285 4405 habes
3312 4336 3456 4405 apud

1908 4400 1986 4454 Cl.
2015 4401 2315 4453 Fabricium
2340 4402 2392 4453 in
2415 4400 2659 4454 Biblioth.
2692 4400 2856 4457 Cras.
2890 4400 2983 4455 lib.
3010 4418 3061 4463 ν,
3096 4418 3147 4463 p.
3178 4403 3299 4456 285.

1978 4441 1986 4454 .
2015 4418 2315 4453 rauricmm
2340 4418 2392 4453 in
2415 4418 2659 4454 matiam.
2692 4418 2856 4457 ιιι-ωε.
2892 4418 2983 4455 uo.
3010 4418 3061 4463 v,
3136 4442 3147 4453 .
3178 4418 3299 4456 253.

1978 4470 2412 4542 (8|)_'Ertpt6_ijq
2426 4471 2538 4535 τὴν
2560 4470 2872 4542 γλῶσσαν.Δ
2891 4470 3069 4542 Refert
3094 4418 3206 4525 ἕως
3228 4473 3294 4524 ad
3324 4474 3461 4542 peri-

1911 4538 2035 4591 tiam
2076 4538 2501 4607 tingumGrzeca:
2530 4540 3001 4606 praestantissimus
3056 4538 3341 4608 interpres.
3392 4544 3459 4597 At

1909 4608 2121 4660 videtur
2136 4608 2704 4661 Photiusdedoctrinis
2722 4608 2898 4676 p0tius
2914 4609 3266 4661 Aristotelicis
3280 4625 3458 4677 prom-

1951 4678 2387 4757 taqueeasnaliis
2415 4679 2730 4757 propinandi
2766 4678 3030 4756 facultate
3054 4678 3140 4754 hic
3172 4682 3455 4757 cogitasse.

1910 4692 2105 4797 [itaque
2131 4692 2221 4729 eas
2262 4692 2379 4729 ams
2415 4692 2730 4744 propinandi
2766 4692 3015 4729 lacullate
3054 4692 3140 4754 mc
3172 4692 3455 4757 cogitasse.

1912 4746 1965 4816 _d
1995 4747 2185 4816 suadet
2215 4746 2391 4814 Cyrilli
2443 4746 2610 4816 ipsius
2658 4745 2905 4816 phrasis,
2944 4747 3033 4813 qui
3076 4760 3172 4814 pro
3205 4748 3307 4809 his,
3338 4764 3459 4816 quae

1911 4814 2133 4869 Photius
2162 4814 2343 4878 habet,
2372 4815 2562 4867 scribit
2618 4815 3045 4884 Ἀριστοτε).ιχο.ν
3082 4814 3457 4884 μιμησάμένος

1912 4884 2044 4951 βίον,
2084 4884 2135 4935 id
2160 4893 2261 4945 est,
2303 4892 2361 4935 ut
2395 4884 2745 4950 interpretor,
2798 4883 3176 4935 Aristotelicum
3232 4883 3457 4951 philoso-

1910 4953 2102 5017 phaudi
2119 4953 2371 5003 rationem
2410 4961 2651 5004 sectatus.
2675 4952 2804 5005 Bion
2837 4953 3153 5022 enimetiam
3176 4951 3242 5004 de
3271 4955 3454 5022 τέχνῃ.

1909 5036 2002 5073 seu
2056 5031 2169 5073 arte
2222 5021 2626 5089 etridisciplina,
2686 5022 2934 5088 usurpari
2998 5020 3204 5089 pridem
3250 5020 3458 5077 monuit

1910 5089 2130 5160 :l‘zetzes
2174 5090 2238 5143 ad
2287 5088 2598 5153 Hesiodum,
2648 5100 2701 5144 et
2735 5088 3013 5160 Menagius
3058 5090 3123 5142 ad
3167 5089 3456 5159 Diogenem

1908 5158 2199 5221 Laertium,
2230 5174 2279 5226 p.
2310 5160 2410 5212 459
2434 5161 2485 5211 b.

1982 5228 2447 5294 {82)1‘éoo'apac.
2500 5226 2695 5280 Confer
2747 5226 2993 5280 Archelai
3024 5226 3290 5294 Disputat.
3341 5244 3454 5279 cum

1910 5295 2219 5363 Manete,_p.
2252 5297 2339 5350 96.

1979 5366 2087 5433 (85)
2137 5359 2248 5418 *Ων
2273 5367 2385 5431 τὴν
2407 5365 2539 5434 μέν.
2566 5363 2619 5417 Si
2653 5365 2740 5418 hic
2770 5364 2943 5418 Photii
2974 5366 3121 5419 locus
3153 5380 3273 5419 cum
3308 5364 3449 5419 Petri

1909 5433 2070 5487 Siculi
2111 5435 2289 5488 verbis
2314 5433 2621 5489 conferatur
2648 5476 2662 5499 ,
2716 5436 2917 5503 patebit
2966 5436 3192 5487 alterum
3227 5435 3449 5488 alterius

1908 5504 2145 5572 vestigiis
2176 5505 2452 5557 institisse.
2500 5504 2633 5557 Cum
2682 5505 2827 5557 cnim
2858 5504 3086 5573 Cyrillus
3117 5504 3151 5556 l.
3209 5520 3255 5557 c.
3292 5521 3449 5571 quem

1908 5582 2133 5639 uterque
2154 5574 2297 5642 legit,
2340 5583 2565 5641 quatuor
2596 5574 2714 5627 illos
2772 5573 2937 5627 libros
2973 5575 3204 5628 brcvitcr
3231 5584 3285 5627 et
3316 5577 3454 5626 uude

1908 5651 2115 5695 tantum
2168 5642 2342 5710 quoad
2398 5642 2580 5708 titplos
2639 5652 2938 5703 retenseat,
2990 5655 3215 5710 uterque
3262 5645 3452 5695 horum

1908 5713 2151 5779 quaadam
2182 5712 2329 5765 addit
2381 5712 2482 5765 sibi
2512 5712 2742 5765 invicem
2774 5713 2987 5765 similia.
3018 5714 3095 5765 En
3122 5715 3213 5766 tibi
3254 5714 3455 5765 descri—

1908 5780 2145 5848 ptionem
2179 5783 2316 5834 Petri
2346 5780 2510 5835 Siculi
2549 5800 2560 5833 :
2591 5781 2868 5845 Τέσσαοαξ
2900 5782 3111 5850 βίϐλους
3149 5783 3432 5846 συνέιαξςν
