4222 6432
733 411 805 474 39
1867 400 2129 462 PHOTII
2169 399 2671 461 PATRIARCH/E
2711 399 2820 459 CP.
3907 403 3971 465 40

733 536 857 576 cum
897 517 1060 570 filium
1099 513 1288 567 morbo
1319 512 1652 566 laborantem
1684 509 1932 572 haberet,
1958 510 2299 579 audiretque,
2330 516 2372 570 Α

2330 516 2372 570 Α
2402 526 2562 576 τητος
2583 511 2621 577 l)
2650 509 2935 578 ὀνομάζειν
2952 509 3328 580 ἀπετόλμησεν
3347 511 3447 580 (2).
3482 510 3572 575 Ἐξ
3590 504 3652 565 οὗ
3674 512 3771 566 καὶ
3791 515 3971 586 μαθη-

735 612 942 665 Manem
979 607 1273 676 pollicitum
1303 619 1446 667 esse,
1511 618 1569 657 se
1603 603 1772 656 filium
1825 603 1948 671 ejus
1997 618 2060 656 ex
2112 605 2302 657 morbo

736 703 987 772 precibus
1018 708 1335 766 erepturum
1378 711 1521 756 esse,
1545 704 1894 765 arrogantem
1924 694 2203 746 hominem
2234 696 2300 747 ad

745 792 835 845 filii
860 793 1198 845 curationem
1223 788 1444 840 adhibet
1481 804 1493 838 :
1520 801 1582 839 ac
1603 787 1841 840 medicos
1862 796 1974 839 tum
2007 796 2301 854 przesentes

739 881 948 936 tametsi
991 877 1320 948 a‘griludinis
1370 876 1709 929 curationem
1765 874 1972 928 facilem
2007 874 2122 927 fore
2171 889 2299 943 pro-

734 972 1045 1029 mittebant,
1068 969 1253 1036 ejecit.
1280 968 1373 1021 Ille
1395 967 1616 1020 vixdum
1645 968 1944 1019 orationem
1991 967 2298 1034 compleve-

735 1073 839 1122 rat,
871 1071 925 1113 et
955 1060 1117 1112 vitam
1147 1058 1348 1127 eripuit
1381 1057 1452 1120 ei,
1494 1057 1584 1125 qui
1634 1056 1684 1110 id
1738 1056 1876 1109 forte
1944 1071 2139 1124 passus
2191 1071 2297 1108 non

731 1164 894 1214 esset,
932 1152 1031 1202 nisi
1065 1151 1150 1202 ille
1183 1149 1606 1201 incolumitatem
1637 1147 1996 1216 promisisset.
2025 1147 2161 1200 Cum
2195 1148 2295 1200 ita-

732 1257 836 1309 que
875 1242 1052 1293 subito
1091 1249 1144 1291 et
1170 1249 1356 1306 aperte
1381 1237 1631 1305 impietas
1665 1245 1719 1290 et
1743 1236 2049 1304 arrogantia
2081 1235 2296 1289 scelesti

735 1333 966 1384 hominis
1030 1331 1374 1398 deprehensa
1428 1328 1640 1389 fuisset,
1677 1327 1730 1380 in
1779 1328 2144 1380 maleficorum
2179 1341 2297 1378 car-

730 1440 903 1476 cerem
938 1424 1199 1490 impostor
1241 1421 1325 1472 ille
1355 1421 1646 1472 damnatus
1681 1418 1992 1485 conjicitur.
2029 1417 2135 1470 Sed
2171 1433 2294 1470 cum

728 1529 915 1565 servus
948 1523 1089 1565 esset
1123 1528 1184 1564 ac
1220 1512 1432 1565 servilis
1473 1509 1683 1563 artificii
1741 1509 1966 1578 peritus,
2026 1509 2296 1576 sciretque

732 1617 789 1652 se
828 1617 932 1653 non
974 1601 1062 1653 diu
1106 1609 1288 1667 postea
1323 1607 1548 1666 patratae
1586 1598 1750 1650 credis
1814 1612 2001 1666 pmnas
2043 1597 2292 1650 daturum

729 1707 869 1750 esse,
908 1700 1091 1758 utpote
1127 1690 1215 1758 qui
1252 1691 1392 1759 regis
1427 1689 1592 1741 filium
1623 1688 1897 1756 impietate
1947 1704 2042 1741 sua
2070 1689 2296 1740 occidis~

726 1794 826 1845 set,
861 1800 889 1835 e
921 1783 1081 1836 (Ionio
1116 1781 1341 1850 aufugit,
1395 1791 1449 1833 et
1503 1781 1816 1833 custodibus
1873 1780 2108 1834 carceris
2145 1780 2293 1833 necis

2402 598 2496 659 τὰς
2545 599 2936 667 συνηθροίσατο
2976 598 3069 651 δύο
3123 600 3219 653 καὶ
3255 602 3389 654 δέκα
3423 601 3524 670 (3),
3585 601 3680 665 οὓς
3723 602 3814 657 καὶ
3871 605 3969 672 τῆς

2405 687 2616 755 πλάνης
2649 688 2916 757 διέπεμπε
2948 691 3218 760 κήρυκας.
3257 691 3396 743 Ἀλλ’
3423 693 3452 743 ό
3476 691 3574 760 μὲν
3602 692 3968 762 ἐμϐρόντητος

2401 779 2614 845 Μάνης,
2650 778 2726 848 τῷ
2784 780 2939 849 κακῷ
2975 779 3216 848 γεγονὼς
3276 781 3624 852 περιϐόητος,
3679 783 3804 851 ἥκει
3845 786 3967 845 ταῖς

2402 870 2613 936 φήμαις
2647 870 2808 939 μέχρι
2844 871 3062 923 καὶτῶν
3096 872 3256 924 ὠτῶν
3300 873 3394 927 τοῦ
3425 873 3650 945 Περσῶν
3680 873 3963 944 βασιλέως.

2411 960 2468 1013 ’0
2491 961 2546 1012 δέ
2567 961 2682 1031 (καὶ
2703 963 2808 1031 γάρ
2833 962 2998 1016 αὑτοῦ
3029 965 3057 1015 ό
3083 965 3211 1028 παῖς
3232 967 3504 1035 νοσήματι
3535 961 3814 1035 ἑαλώκει),
3843 967 3966 1018 ἐπεὶ

2398 1051 2490 1102 τὸν
2520 1053 2711 1122 Μάνην
2754 1054 3224 1125 ἐπαγγελλόμενον
3257 1057 3456 1126 ἧκουεν
3494 1058 3627 1128 εὐχῇ
3663 1058 3752 1110 τὸν
3797 1057 3968 1110 παῖδα

2399 1140 2664 1209 ῥύσασθαι
2688 1142 2784 1212 τῆς
2818 1145 2994 1207 νόσου,
3031 1145 3242 1214 δέχεται
3271 1146 3362 1198 τὸν
3394 1145 3631 1208 ἀλαζόνα
3659 1145 3754 1198 τοῦ
3778 1146 3965 1208 παιδὸς

2399 1233 2492 1283 ἐπὶ
2523 1232 2811 1304 θεραπεία.
2843 1235 2953 1286 Καὶ
2973 1236 3036 1305 δὴ
3068 1230 3226 1300 οὗτος
3253 1237 3380 1300 τοὺς
3426 1238 3701 1307 παρόντας
3747 1237 3966 1306 ἰατροὺς

2398 1325 2576 1374 καίτοι
2618 1325 2809 1394 ῥᾳδίαν
2857 1327 3362 1397 ἐπαγγελλομένους
3413 1328 3600 1390 παιδὸς
3649 1327 3748 1397 τὴν
3797 1329 3962 1392 τασιν,

2397 1415 2885 1484 ἀποπεμψάμενος,
2909 1417 3024 1485 ἅμα
3055 1435 3112 1470 τε
3143 1419 3308 1490 εὐχὴν
3339 1420 3510 1474 ἐτέλει
3541 1421 3637 1473 καὶ
3663 1421 3762 1488 τῆς
3817 1419 3964 1490 ζωῆς

2397 1505 2655 1574 ἐξήλαυνε
2688 1508 2763 1575 (4)
2794 1508 2884 1560 τὸν
2918 1510 3014 1561 οὐκ
3047 1512 3112 1562 ἂν
3135 1511 3294 1566 τοῦτο
3329 1513 3589 1578 παθόντα,
3620 1516 3667 1566 εί
3700 1513 3774 1584 μὴ
3800 1513 3964 1576 αὐτὸς

2395 1600 2491 1670 τὴν
2510 1600 2801 1670 θεραπείαν
2829 1603 3116 1671 ὑπέσχετο.
3146 1602 3302 1656 Οὕτω
3349 1603 3478 1670 γοῦν
3508 1604 3703 1658 θᾶττόν
3749 1620 3806 1656 τε
3868 1603 3965 1656 καὶ

2396 1692 2708 1759 περιφανῶς
2736 1693 2834 1761 τῆς
2857 1693 3124 1756 ἀσεϐείας,
3145 1711 3207 1746 τε
3250 1695 3344 1747 καὶ
3370 1695 3687 1757 ἀλαζονείας
3736 1693 3828 1745 τοῦ
3865 1709 3967 1746 κα-

2397 1783 2710 1852 κοδαίμονος
2784 1785 3250 1856 στηλιτευθείσης,
3332 1787 3559 1857 εἱρκτὴν
3636 1785 3963 1855 κακούργων

726 1890 884 1926 causa
918 1875 1013 1926 fuit
1049 1894 1059 1927 :
1099 1890 1221 1926 nam
1255 1873 1378 1940 quia
1411 1873 1700 1924 scelestum
1731 1872 1877 1925 illum
1904 1886 2012 1924 non
2043 1882 2293 1925 accurate
2328 1855 2366 1908 Β

2328 1855 2366 1908 Β
2398 1874 2565 1925 οίκεῖν
2595 1876 2623 1926 ό
2652 1875 2851 1938 πλάνος
2890 1877 3336 1940 καταδικάζεται.
3372 1876 3511 1930 Ἀλλ’
3529 1878 3622 1946 ὅγε
3649 1876 3838 1942 δοῦλος
3884 1875 3961 1929 ὦν

724 1967 1115 2027 custodierant,
1153 1963 1331 2032 capite
1363 1977 1554 2016 omnes
1585 1963 1725 2030 plexi
1760 1973 1907 2016 sunt.

2401 1965 2495 2016 καὶ
2515 1965 2765 2032 δουλικῆς
2785 1962 2978 2037 τέχνης
2996 1968 3275 2039 ἔμπειρος,
3309 1967 3462 2032 εἰδώς
3489 1987 3545 2021 τε
3596 1968 3838 2040 ἀκριϐῶς
3885 1968 3960 2031 ὡς

723 2058 882 2122 φόνου
920 2055 1071 2116 δίκας
1097 2055 1350 2121 ὑποσχεῖν
1383 2053 1482 2104 οὐκ
1519 2052 1597 2112 είς
1649 2053 1862 2120 μακράν
1915 2051 2062 2101 ἐστιν
2112 2050 2284 2113 ἄξιος,
2329 2051 2422 2102 ἆτε
2450 2053 2513 2123 δὴ
2537 2057 2601 2125 τῇ
2629 2056 2749 2108 καθ’
2798 2058 2990 2109 ἐαυτὸν
3053 2058 3360 2128 ἀποστασία
3405 2059 3496 2111 τὸν
3534 2057 3800 2124 βασίλειον
3863 2060 3962 2110 άν·

723 2149 856 2202 ελὼν
891 2149 1075 2212 παῖδα,
1125 2145 1410 2214 διαφεύγει
1444 2145 1539 2198 τοῦ
1599 2147 1917 2214 οἰκήματος,
1965 2144 2058 2196 κα)⁵
2091 2144 2297 2210 γίνεται
2333 2143 2440 2196 τῶν
2467 2145 2891 2213 δεσμοφυλάκων
2914 2145 3145 2203 Θανάτου
3208 2149 3517 2220 παραίτιος.
3566 2149 3676 2202 Καὶ
3709 2149 3819 2220 γάρ
3876 2149 3959 2202 δτι

725 2243 798 2310 μὴ
831 2240 1082 2308 ἀσφαλῶς
1107 2240 1332 2310 ἐτήρουν
1371 2238 1460 2289 τὸν
1503 2236 1801 2306 ἀλιτήριον,
1839 2237 1936 2305 τῆς
2002 2234 2245 2302 κεφαλῆς
2292 2235 2682 2307 ἐζημιώθησαν
2709 2239 2971 2304 ἅπαντες.

796 2334 930 2388 XIII.
961 2336 1026 2385 At
1058 2333 1147 2386 hic
1182 2347 1389 2393 servus,
1422 2345 1565 2392 erro,
1600 2328 1870 2382 homicida
1893 2327 2098 2381 carceri
2132 2341 2284 2380 man—

722 2427 950 2493 cipatus,
976 2422 1193 2476 advenit
1221 2421 1484 2491 profugus
1528 2421 1582 2473 in
1611 2418 2076 2487 Mesopotamiam,
2108 2427 2160 2470 et
2187 2417 2281 2470 de-

724 2517 972 2570 fectionis
998 2531 1107 2569 sua:
1133 2514 1337 2567 zizania
1364 2527 1576 2566 rursum
1599 2525 1779 2564 serere
1799 2509 2008 2578 incipit.
2046 2508 2284 2561 Carcha-

725 2626 905 2663 rorum
933 2620 1108 2661 autem
1123 2605 1530 2675 episcopus.cui
1552 2618 1749 2656 nomen
1769 2602 2080 2664 Archelaus,
2111 2601 2189 2654 vir
2206 2615 2284 2654 sa-

723 2717 813 2753 cer
828 2701 1191 2753 etdivinarum
1218 2699 1686 2763 humanarumque
1702 2711 1879 2746 rerum
1902 2693 2280 2761 peritissimus,

723 2790 946 2842 collecta
975 2788 1286 2841 Grmcorum
1318 2800 1413 2840 seu
1455 2785 1737 2855 gentilium
1769 2783 2072 2836 auditorum
2102 2799 2284 2847 manu,

724 2897 794 2935 ne
806 2878 1510 2947 Christianisjuilicantibus
1525 2878 1721 2930 veritas
1736 2893 1830 2945 per
1845 2875 2086 2929 favorem
2105 2876 2288 2928 trium-

725 2975 918 3042 phasse
937 2974 1224 3032 videretur,
1247 2969 1491 3022 instituta
1513 2969 1772 3022 adversus
1799 2968 1993 3021 maniae
2010 2967 2290 3036 cognomi—

2466 2329 2548 2382 II‘.
2596 2330 2733 2382 ’Δλλ’
2759 2323 2915 2396 οὗτος
2953 2335 2982 2386 δ
3020 2332 3225 2398 δοῦλος,
3251 2335 3350 2389 καὶ
3389 2334 3610 2398 πλάνος,
3643 2334 3734 2387 καὶ
3760 2335 3958 2404 φονεὺς

2391 2419 2484 2472 καὶ
2509 2421 2728 2491 δέσμιος
2751 2425 2928 2492 φυγάς
2955 2426 3365 2495 καταλαμϐάνει
3387 2427 3485 2498 τὴν
3509 2428 3954 2497 Μεσοποταμίαν,

2391 2516 2485 2566 καὶ
2520 2518 2764 2587 σπείρειν
2787 2520 2948 2573 πάλιν
3001 2522 3309 2592 ἀπάρχεται
3353 2523 3422 2576 τά
3459 2521 3560 2592 τῆς
3616 2522 3956 2582 ἀποστασίας

2393 2607 2622 2673 ζιζάνια.
2667 2612 2721 2665 Ὀ
2743 2613 2800 2665 δὲ
2834 2614 2941 2668 τῶν
2966 2617 3276 2687 Καρχάρων
3299 2617 3598 2681 ἐπίσκοπος
3617 2619 3693 2688 (5)
3727 2619 3954 2690 (Ἄρχι-

2387 2699 2511 2760 λαος
2530 2700 2604 2768 (6)
2624 2703 2789 2755 αὑτοῦ
2813 2703 3004 2775 ὄνομα,
3027 2706 3164 2777 ἀνὴρ
3185 2707 3348 2777 ἱερὸς,
3369 2708 3464 2760 καὶ
3485 2709 3609 2778 περ).
3625 2708 3816 2776 λόγους
3829 2709 3958 2773 τούς

2389 2807 2447 2841 τε
2477 2791 2650 2853 θείους
2675 2795 2768 2844 καὶ
2790 2796 2915 2858 τοὺς
2947 2796 3323 2866 ἀνθρωπίνους
3347 2798 3694 2869 περιδέξιος),
3713 2799 3956 2870 Ἐλληνι-

2392 2882 2486 2934 κὸν
2516 2884 2581 2935 ἀθ
2593 2886 2910 2954 ροισάμενος
2947 2890 3331 2960 ἀκροατήριον,
3355 2891 3438 2942 ἶνα
3459 2890 3532 2961 μὴ
3547 2891 3675 2962 δόξῃ
3696 2892 3739 2943 Χ
3747 2886 3958 2961 ριστια-

2394 2973 2497 3025 νῶν
2527 2978 2818 3044 κρινόντων
2840 2978 3120 3048 φιλοτιμίᾳ
3151 2980 3448 3048 λαμϐάνειν
3475 2983 3542 3033 τά
3590 2984 3883 3052 νικητήρια
3917 2984 3950 3053 ἡ

725 3080 848 3117 nem
875 3064 958 3131 pia
983 3063 1372 3131 disputatione,
1400 3059 1777 3128 impiissimum
1804 3058 2078 3111 hominem
2098 3058 2169 3110 ita
2191 3073 2289 3125 pu-
2316 3061 2358 3116 C
2390 3093 2392 3107 .

2284 3086 2289 3096 ’
2316 3061 2358 3116 C
2390 3063 2636 3132 ἀλήθεια,
2658 3066 2792 3133 πρὸς
2805 3067 2894 3118 τὸν
2912 3067 3012 3135 τῆς
3038 3068 3234 3135 μανίας
3257 3067 3544 3137 ἐπώνυμον
3561 3071 3651 3122 τὸν
3673 3070 3772 3139 τῆς
3796 3072 3951 3124 εὐσε-

725 3152 1315 3214 tlefeciteteonfutavit,
1339 3161 1396 3204 ut
1420 3150 1545 3203 inde
1564 3149 1744 3202 statim
1772 3147 2088 3216 aufugeret,
2122 3147 2288 3201 etde-

726 3244 974 3299 feetionis
1015 3244 1130 3310 ejus
1186 3243 1391 3296 semina
1427 3241 1627 3293 nullam
1665 3239 1737 3292 ibi
1798 3239 2034 3292 radicem
2088 3253 2291 3307 ponere

727 3347 963 3406 possent.
991 3335 1124 3389 Ilinc
1162 3335 1418 3404 profugus
1450 3335 1629 3387 vicum
1675 3333 1964 3402 quemdam
1998 3333 2288 3401 ignobilem

729 3434 980 3494 occupat,
1021 3427 1202 3494 ibique
1259 3439 1468 3478 rursum
1522 3424 1854 3491 impietatem
1883 3438 2050 3500 suam
2107 3422 2290 3475 fovere

725 3530 781 3571 et
812 3518 1112 3586 patefacere
1142 3517 1354 3586 satagit.
1396 3516 1500 3568 Sed
1535 3515 1752 3568 fervens
1782 3514 1870 3566 ille
1909 3513 2126 3582 pietatis
2166 3528 2290 3582 pro-

729 3618 984 3678 pugnator
1027 3617 1080 3659 ct
1105 3622 1229 3658 vere
1260 3615 1444 3673 pastor
1474 3604 1771 3657 Archelaus
1809 3619 1934 3656 cum
1965 3621 2073 3658 non
2115 3603 2288 3657 modi-

725 3719 841 3756 cam
869 3701 1047 3754 ovium
1079 3714 1260 3752 curam
1292 3709 1527 3768 gereret,
1560 3713 1669 3750 non
1701 3697 1882 3767 segnis
1910 3705 2026 3750 erat
2065 3696 2118 3748 in
2161 3711 2283 3764 per-

725 3793 1002 3861 sequendo
1033 3808 1117 3853 eo,
1149 3791 1239 3858 qui
1277 3791 1469 3843 suavior
1522 3789 1670 3855 lupo,
1710 3790 1765 3842 in
1810 3804 2026 3858 gregem
2073 3788 2283 3841 discer-

723 3883 950 3952 pcndani
1030 3882 1413 3933 insurrexerat.
1498 3878 1857 3943 Quamobrem
1937 3878 2023 3931 ille
2089 3877 2282 3931 mania:

723 3974 1078 4044 c0gnominis,
1107 3972 1196 4040 qui
1221 3971 1487 4039 ejusmodi
1519 3970 1614 4023 viri
1647 3968 1988 4037 praesentiam
2029 3984 2134 4022 non
2167 3969 2282 4022 sine

724 4080 914 4134 magna
960 4063 1228 4116 anxietate
1263 4061 1585 4124 sustinebat,
1637 4059 1864 4129 aufugit,
1891 4066 1946 4112 et
1997 4058 2172 4113 eloco
2223 4060 2278 4112 in

722 4157 899 4210 locum
945 4154 1308 4223 transmigrat.
1336 4153 1471 4206 Dum
1527 4151 1606 4205 sic
1639 4159 1943 4221 vagaretur,
1993 4148 2277 4204 Persarum

722 4246 861 4312 regis
911 4245 1188 4304 satellites,
1245 4243 1333 4311 qui
1392 4250 1568 4296 sectas
1605 4250 1718 4295 tum
1755 4241 1956 4310 ubique
2000 4241 2279 4310 perquire-

720 4338 873 4401 bant,
909 4335 1362 4405 comprehensum
1414 4333 1692 4388 adducunt
1730 4332 1974 4386 vinctum
2031 4332 2098 4385 ad
2128 4347 2274 4396 eum,

2394 3153 2543 3216 ϐείας
2559 3157 3071 3226 ἀνακινήσαςλόγον,
3093 3160 3233 3213 οὕτω
3252 3161 3590 3231 κατῄσχυνεν
3630 3162 3722 3214 καὶ
3744 3163 3956 3231 διήλεγ-

2395 3241 2449 3305 ξε
2468 3243 2555 3294 τὸν
2573 3244 2997 3314 τρισαλιτήριον,
3030 3246 3104 3308 ὠς
3125 3247 3322 3298 αὐτίκα
3343 3264 3399 3299 τε
3417 3249 3606 3315 φυγεῖν
3628 3247 3703 3318 (7)
3721 3246 3952 3311 ἐκεῖθεν,

2392 3335 2486 3386 καὶ
2523 3336 2654 3404 μηδέ
2691 3337 2829 3406 φυὴν
2873 3336 3055 3391 λαϐεῖν
3111 3339 3177 3392 τὰ
3237 3342 3337 3409 τῆς
3385 3339 3719 3402 ἀποστασίας
3785 3340 3951 3392 αὐτοῦ

2395 3425 2703 3494 σπέρματα.
2763 3425 2903 3477 ’Λλλ’
2969 3427 3175 3480 ἐκεῖθεν
3227 3427 3467 3496 ἀποδράς
3540 3430 3951 3498 καταλαμϐάνει

2390 3513 2581 3583 κώμην
2618 3515 2738 3568 τινά
2765 3517 2872 3568 τῶν
2905 3517 3317 3572 εὐτελεστάτων.
3380 3520 3559 3572 Κάκεῖ
3589 3520 3751 3573 πάλιν
3802 3521 3941 3574 ὐπο-

2389 3603 2612 3656 θάλπειν
2672 3606 2981 3673 ἐμηχανᾶτο
3033 3608 3127 3659 καὶ
3180 3608 3601 3677 παραδεικνύειν
3638 3611 3698 3662 τὸ
3750 3611 3950 3665 οἰκεῖον

2387 3689 2720 3762 δυσσέϐημα.
2765 3693 2905 3746 Ἀλλ’
2952 3697 2980 3747 ὁ
3008 3694 3206 3765 θερμὸς
3234 3695 3332 3765 τῆς
3365 3697 3642 3760 εὐσεϐείας
3667 3700 3743 3770 (8)
3777 3701 3948 3771 ὑπέρ-

2389 3799 2578 3850 μαχος,
2620 3784 2712 3835 καὶ
2763 3784 2838 3847 ὡς
2880 3784 3094 3853 ἀληθῶς
3151 3789 3355 3857 ποιμὴν
3399 3788 3708 3858 Ἀρχέλαος,
3745 3793 3805 3844 οὺ
3847 3793 3946 3864 τὴν

2383 3874 2648 3944 τυχοῦσαν
2669 3875 2775 3928 τῶν
2817 3876 3103 3945 προϐάτων
3138 3877 3459 3946 ποιούμενος
3509 3882 3788 3950 πρόνοιαν,
3843 3884 3941 3936 οὐκ

2382 3957 2742 4036 ἐνερῤᾳθύμει
2799 3965 3013 4018 διώκειν
3058 3968 3147 4019 τὸν
3202 3969 3522 4039 πικρότερον
3584 3971 3746 4025 λύκου
3772 3973 3848 4044 (9)
3873 3976 3945 4028 τὸ

2381 4058 2632 4126 ποίμνιον
2669 4057 3099 4126 διασπαράσσειν
3138 4059 3592 4128 ἐπανιστάμενον.
3635 4063 3724 4114 Διὸ
3780 4067 3942 4118 πάλιν

2379 4146 2608 4210 ἐκεῖθεν,
2645 4147 2674 4198 ὁ
2721 4147 2820 4215 τῆς
2875 4148 3069 4216 μανίας
3095 4149 3402 4218 ἐπώνυμος,
3450 4151 3558 4204 οὐδ’
3621 4154 3790 4224 αὐτὴν
3840 4155 3940 4227 τὴν

2379 4236 2681 4328 παρουσίαν
2725 4237 2851 4290 ἀνευ
2875 4237 3143 4328 ,μεγάλης
3204 4241 3445 4308 ἀγωνίας
3509 4243 3747 4307 ὑποστὰς
3799 4246 3937 4300 ἀπο-

2377 4327 2671 4398 διδράσκει,
2703 4329 2795 4381 καὶ¹
2849 4319 3010 4382 τόπον
3062 4332 3126 4383 ἐκ
3163 4330 3331 4384 τόπου
3372 4333 3677 4403 διήμειϐεν,
3735 4339 3794 4390 ἐν
3852 4333 3936 4401 οἷς

1790 4444 2021 4499 VARI/Ii.
2048 4443 2425 4500 LECTIONES
2462 4443 2551 4498 ET
2589 4442 2820 4499 NOT.‘E.

793 4538 865 4608 (2)
909 4538 1442 4608 Ἀπετόλμησεηιιε
1471 4537 1590 4608 lego
1637 4553 1758 4591 cum
1815 4546 2002 4591 nostro
2051 4547 2106 4591 et
2153 4536 2276 4590 Col—
2307 4539 2352 4592 D
2381 4545 2609 4608 uterque
2647 4536 2699 4590 in
2729 4535 3019 4605 praemissis
3062 4538 3126 4608 de
3176 4537 3443 4608 Archelao
3493 4550 3738 4596 veterum
3772 4548 3930 4608 testi-

723 4607 958 4665 bertino.
993 4623 1089 4675 pro
1127 4623 1233 4675 quo
1263 4607 1644 4673 Coislinianus,
1685 4622 1844 4660 sensu
1893 4616 2116 4674 prorsus
2141 4621 2269 4660 con-

722 4678 909 4738 trario,
947 4692 1044 4729 nec
1068 4678 1136 4730 ob
1168 4685 1479 4729 contextum
1523 4675 1749 4729 ferendo
1777 4676 1939 4730 habet
1970 4677 2070 4728 οὑκ
2119 4675 2269 4728 ἐτόλ-

723 4763 884 4826 μησε.
903 4746 1134 4826 Omnino
1155 4746 1297 4797 enim
1319 4745 1391 4826 id,
1417 4745 1559 4826 quod
1584 4744 2276 4826 refe.rtur,gaud:bat.homo

722 4814 937 4884 impius.
968 4823 1041 4876 et,
1060 4829 1220 4882 quam
1240 4828 1342 4866 vox
1359 4815 1670 4885 ἀποτολμᾷν
1691 4815 1875 4879 infert,
1915 4814 2105 4868 effreni
2144 4829 2273 4883 qua-

725 4887 847 4938 darn
880 4885 1119 4936 audacia.

794 4955 866 5022 (ὅ)
900 4954 1012 5020 Δύο
1052 4953 1147 5004 καὶ
1197 4950 1394 5022 deﬁxa:
1431 4949 1656 5004 Nomina
1708 4968 1896 5022 eorum
1957 4953 2073 5021 lege
2132 4952 2275 5021 apud

716 5021 939 5077 Petrum
965 5022 1226 5091 Siculum,
1260 5036 1313 5091 p.
1340 5021 1440 5084 50;
1473 5029 1527 5072 et
1553 5031 1816 5082 nostrum,
1853 5021 1877 5091 §
1912 5022 1995 5074 Μ.

795 5094 868 5159 (4)
905 5090 1247 5153 Ἑξήλτιυνε.
1275 5090 1347 5142 Ita
1371 5105 1432 5142 ex
1459 5099 1643 5143 nostro
1673 5107 1767 5158 pro
1792 5090 2019 5158 simplici
2054 5090 2270 5160 ἤλαυνε.

793 5161 866 5229 (5)
901 5160 1594 5229 Kupzdpwriéalo‘xOﬂoc.
1646 5161 1722 5213 Ita
1765 5177 1795 5213 a
1833 5161 2079 5228 pluribus
2117 5177 2274 5214 voca—

725 5240 809 5282 lur
850 5229 1163 5299 Archelaus,
1206 5228 1549 5292 Carr/tarum,
1604 5231 1742 5298 quod
1779 5232 2073 5299 genuinum
2127 5231 2274 5284 urbis

724 5315 919 5353 nomen
954 5308 1054 5360 est,
1081 5298 1381 5366 episcopus.

796 5371 867 5434 (b‘)
916 5369 1248 5435 Ἀρχέλαος.
1309 5365 1481 5436 Hujus
1532 5366 1834 5436 Disputatio
1882 5384 1999 5420 cum
2059 5367 2272 5423 Mancte

721 5438 863 5490 cdita
901 5453 1044 5490 nunc
1075 5447 1248 5489 exstat
1307 5437 1358 5487 in
1422 5435 1578 5488 Laur.
1628 5435 1933 5490 ’Alevandri
1995 5436 2268 5500 Zacagnii.

722 5505 1062 5559 Collectaneis
1103 5506 1547 5558 Monumentorum
1595 5506 1848 5568 Veterum,
1885 5507 2067 5559 Romae
2117 5507 2267 5568 l698,

721 5577 899 5634 editis,
939 5574 1080 5646 hinc“
1097 5591 1223 5646 vero
1251 5576 1302 5627 in
1331 5575 1672 5646 volumineII
1723 5575 1956 5644 Operum
2004 5576 2270 5646 Hippolyti

719 5661 746 5697 a
809 5645 984 5697 celeb.
1029 5643 1296 5716 Fabricio
1351 5655 1538 5698 nostro
1592 5643 1897 5716 IIatnburgi,
1956 5643 2266 5708 an.ﬂi7l8,

720 5724 939 5770 curato;
969 5715 1208 5782 mihique
1233 5730 1328 5782 pro
1345 5731 1430 5776 eo,
1470 5731 1575 5782 quo
1613 5716 1661 5766 in
1686 5731 1769 5768 me
1798 5715 1968 5768 fertur
2007 5732 2189 5770 amore
2207 5733 2270 5769 ac

723 5784 1117 5849 benevolentia,
1165 5784 1448 5853 inscripto,
1486 5801 1536 5853 p.
1609 5785 1706 5839 ιδι
1765 5801 1913 5854 seqq.
1955 5785 2091 5855 Lege
2146 5803 2266 5854 quae

2379 4604 2595 4680 moniis,
2623 4604 2849 4674 quaeque
2877 4607 3144 4680 posterior
3179 4607 3232 4661 in
3262 4606 3503 4680 Biblioth.
3533 4611 3714 4665 Greca
3745 4604 3836 4666 lib.
3875 4633 3929 4680 ν,

2378 4691 2430 4751 p.
2463 4675 2588 4751 ibi,
2633 4677 2979 4751 commentati
3028 4684 3174 4751 sunt,
3214 4675 3593 4751 _nec__'temere
3639 4675 3930 4751 quidquam

2379 4743 2734 4820 desiderabis.
2776 4745 2916 4820 Inter
2945 4745 3398 4820 _testimonia__ill_a
3458 4743 3672 4820 erstani
3714 4743 3931 4820 quoque

2377 4813 2501 4867 bina
2535 4812 2706 4866 Photii
2741 4813 2911 4866 nostri
2945 4814 3082 4876 loca,
3127 4829 3247 4866 cum
3277 4815 3610 4871 Holsteniani
3647 4812 3819 4874 nostri
3843 4812 3932 4876 Ἰε-

2379 4884 2560 4960 ctione
2587 4884 3261 4960 prorsusconsentientia,
3297 4885 3398 4960 nisi
3425 4888 3571 4960 quod
3590 4902 3685 4955 pro
3710 4890 3930 4960 Καρχά.

2379 4969 2487 5030 ρων
2536 4953 2746 5030 legatur
2780 4952 3112 5030 X_a.p_;(épmv,_
3140 4953 3308 5030 “sicut
3353 4952 3717 5010 Coislinianus
3769 4952 3928 5030 map-

2377 5022 2556 5090 χάρων
2591 5022 2998 5075 mendosissime
3033 5021 3262 5075 exhibet.
3342 5049 3349 5056 -

2447 5093 2521 5158 (7)
2550 5094 2614 5142 Τε
2662 5091 3002 5163 {avre/frena
3058 5106 3259 5163 repono
3317 5107 3381 5145 ex
3433 5101 3618 5147 nostro
3656 5110 3754 5163 pro
3795 5115 3925 5151 κατ-

2385 5159 2605 5227 έφυγεν,
2645 5161 2786 5228 quod
2828 5160 2990 5213 habet
3034 5162 3113 5214 Cl.
3166 5160 3600 5216 Montfauconius
3623 5159 3684 5217 ei
3732 5165 3925 5221 Coisli-

2375 5231 2560 5303 plano.
2594 5229 2838 5303 Nostram
2886 5231 3172 5303 lectionem
3220 5232 3414 5303 astruit
3445 5233 3743 5302 Zacagnius
3786 5236 3823 5288 l.
3847 5252 3924 5303 e.,

2376 5298 2483 5418 irlntr
2528 5299 2803 5418 srquentia
2849 5301 2942 5352 καὶ
2975 5299 3107 5369 μηδὲ
3137 5302 3277 5367 φυὴν
3308 5299 3491 5353 λαϐεῖν
3533 5298 3757 5357 omnino
3820 5298 3920 5374 poi

2376 5381 2400 5418 s
2430 5385 2458 5418 u
2486 5385 2551 5418 an
2588 5408 2599 5418 .

2376 5378 2599 5420 stulant.

2445 5439 2521 5504 (8)
2551 5438 2890 5502 Εὐσεϐείας,
2934 5437 3172 5505 Pietatis,
3204 5453 3302 5506 pro
3350 5455 3458 5507 quo
3505 5441 3788 5508 impietatis
3823 5460 3923 5498 vox

2376 5507 2426 5558 in
2462 5508 2767 5560 versionem
2801 5508 3111 5576 irrepserat.

2446 5577 2519 5643 (9)
2541 5579 2894 5642 Πικρότερον
2916 5577 3126 5629 λύκου.
3162 5576 3235 5630 Ita
3269 5578 3427 5631 malui
3460 5596 3525 5634 ex
3571 5591 3925 5643 nostro,cttm

2373 5661 2480 5713 quo
2501 5647 2863 5720 gat-conspirat
2902 5645 3237 5720 _Zacagnius._
3262 5662 3359 5715 pro
3393 5653 3714 5720 πικρότερον
3742 5651 3923 5714 λύγον,

2373 5716 2514 5783 quod
2563 5715 2724 5771 habet
2772 5715 3154 5772 Coislinianus.
3207 5717 3411 5772 Sensus
3451 5715 3504 5774 id
3561 5715 3783 5776 omnino
3827 5721 3920 5775 Ila-

2374 5787 2525 5856 gilal.
