4222 6432
247 422 308 483 41
1292 415 1590 477 CONTRA
1627 413 2080 474 MANICII.-EOS
2118 414 2343 473 LIBER
2381 413 2427 470 l.
3406 413 3475 475 42

243 527 591 598 πλανώμενον
639 528 686 579 οἱ
745 525 837 579 τοῦ
900 526 1125 596 Περσῶν
1177 526 1438 595 βασιλέως
1498 525 1805 595 δορυφόροι,
1840 536 1880 584 Α

1840 536 1880 584 Α
1911 522 2000 591 qui
2032 538 2089 575 se
2115 524 2353 576 miserat.
2382 520 2482 587 Qui
2512 535 2634 574 cum
2668 520 2788 588 ejus
2824 519 3186 585 mendacium,
3212 519 3472 576 fallaciam

243 624 337 675 άτε
372 618 650 686 πανταχοῦ
698 617 787 669 τὸν
828 618 1104 685 ἀλιτήριον
1145 615 1583 685 διερευνώμενοι,
1623 614 1811 683 εὑρόν-

240 729 328 773 τες
357 712 549 776 ἄγουσι
582 708 718 776 πρὸς
759 707 849 757 τὸν
882 705 1277 757 ἀποστείλαντα
1326 705 1566 772 δέσμιον.
1613 706 1721 757 Καὶ
1750 705 1810 766 ὃς

238 800 332 852 τοῦ
362 816 422 850 τε
456 797 683 865 ψεύδους
712 796 803 845 καὶ
835 794 932 861 τῆς
981 794 1156 861 φυγῆς
1207 794 1375 847 πολλά
1420 795 1685 862 χλευάσας
1716 795 1809 845 καὶ

239 889 634 949 κατονειδίσας,
678 886 832 953 δίκην
872 885 1062 936 ἐλαϐεν
1110 887 1229 936 ἀντὶ
1278 886 1497 937 πάντων
1539 884 1687 953 μίαν,
1718 886 1809 937 τὸν

239 982 333 1034 τοῦ
390 980 699 1040 άπατεῶνος
765 978 1001 1043 κάκείνῳ
1053 977 1198 1046 μόνῳ
1252 976 1530 1045 πρέποντα
1556 977 1805 1030 Θάνατον.

243 1076 303 1125 El
347 1074 456 1143 γὰρ
510 1072 604 1124 καὶ
681 1069 905 1139 μηδαμῆ
978 1069 1243 1138 μηδαμῶς
1282 1070 1378 1137 τῆς
1463 1068 1809 1137 ἀνθρωπίνης

241 1164 459 1232 φύσεως
490 1158 574 1230 ἦν,
617 1163 753 1231 μήτε
780 1160 972 1214 παθεῖν
1004 1162 1139 1229 μήτε
1160 1160 1357 1229 δράσαι
1390 1161 1558 1225 ἄξιος,
1587 1160 1722 1212 ἀλλά
1745 1178 1807 1227 γε

239 1256 353 1307 τῶν
410 1256 684 1314 Μάνεντος
754 1252 1176 1321 ἀνυπερδλήτων
1236 1251 1661 1320 δυσσεϐημάτων
1707 1255 1807 1304 οὐκ

240 1348 482 1409 ἀνάξιος.
519 1346 636 1396 Ἔτι
675 1345 781 1411 γὰρ
812 1346 867 1395 ἐν
899 1343 1063 1405 ζῶσιν
1093 1342 1245 1403 δντος
1272 1342 1365 1394 τοῦ
1396 1342 1803 1412 κακοδαίμονος,

241 1441 320 1499 είς
352 1436 519 1489 ἀσκὸν
555 1435 614 1485 τὸ
670 1434 825 1499 σῶμα
877 1431 1255 1500 ἀποδείραντες
1312 1430 1453 1482 οὓτω
1510 1430 1607 1498 τῆς
1662 1431 1806 1499 ζωῆς

240 1525 515 1579 διασπῶσι
566 1525 657 1575 καὶ
696 1521 1140 1593 διαρῤηγνύουσι,
1180 1520 1242 1571 τὺ
1275 1520 1457 1572 λοιπὸν
1495 1518 1589 1571 τοῦ
1625 1518 1809 1587 σώμαι

245 1636 335 1680 τος
393 1618 557 1687 βορὰν
605 1616 809 1684 θηρίοις
852 1613 1270 1681 προσρίψαντες,
1305 1612 1434 1664 αὐτὸ
1463 1611 1519 1663 δὲ
1548 1611 1607 1663 τὸ
1632 1610 1811 1680 δέρμα

248 1709 486 1760 θυλάκου
525 1707 723 1775 τρόπον
768 1704 1155 1773 πληρώσαντες
1203 1702 1511 1771 πνεύματος
1560 1702 1668 1769 πρὸ
1704 1701 1812 1753 τῶν

248 1801 433 1851 πυλῶν
463 1799 855 1866 ἀνηρτήσαντο.
899 1797 1062 1847 ’Λλλά
1094 1798 1195 1865 τὴν
1229 1797 1327 1863 μὲν
1359 1793 1451 1846 τοῦ
1490 1792 1603 1861 βίου
1656 1797 2037 1864 καταστροφὴν
2057 1798 2083 1846 ὁ
2110 1798 2419 1866 ἀποστάτης
2446 1791 2597 1856 οὗτος
2647 1798 2742 1849 καὶ

244 1906 345 1959 την
376 1890 697 1956 ἀπείληφεν.

1914 624 1969 667 et
1999 616 2177 672 lunam
2232 614 2512 671 irrisissct.
2556 625 2791 679 eumque
2832 611 3137 679 opprobriis
3176 611 3476 667 insectatus

1912 714 2078 766 esset,
2105 707 2362 758 ultionem
2414 705 2643 771 sumpsit
2681 717 2776 771 pro
2805 702 3058 757 omnibus
3099 720 3282 765 unam,
3328 721 3483 760 mor-

1914 809 2020 851 tem
2076 798 2344 865 inﬂigens,
2394 811 2512 863 qua:
2565 795 2654 847 uni
2707 793 2833 848 huic
2888 796 3049 863 plano
3096 798 3473 851 conveniebat.

1914 889 2061 943 Licet
2082 890 2225 942 enim
2256 888 2306 941 id
2338 888 2586 940 humana:
2631 898 2836 938 natura:
2888 886 3198 939 nullatenus
3248 888 3337 948 sit.
3374 904 3475 940 nrc

1914 981 2221 1050 quempiam
2256 981 2359 1032 tale
2391 979 2473 1031 vel
2510 978 2618 1047 pati
2654 977 2734 1031 vel
2780 978 2955 1031 facere
2988 979 3071 1031 fas
3122 995 3242 1033 es~e
3294 980 3473 1033 vidca-

1916 1081 2039 1131 tur:
2071 1081 2307 1124 attamen
2339 1070 2673 1123 horribilium
2720 1068 2949 1122 Manetis
2998 1072 3333 1139 impietatum
3365 1089 3472 1125 non

1913 1162 2127 1230 indigna
2160 1177 2303 1213 mors
2325 1172 2455 1213 erat.
2490 1159 2623 1211 Cum
2656 1160 2800 1213 enim
2847 1160 3032 1213 infelix
3075 1162 3159 1213 ille
3212 1162 3389 1214 adhuc
3422 1164 3473 1214 in

1914 1250 2048 1302 vivis
2078 1260 2237 1310 esset,
2262 1264 2477 1317 corpus,
2510 1250 2749 1302 detracta
2795 1249 2961 1316 pelle,
2992 1251 3045 1302 in
3100 1259 3274 1303 utrem
3314 1266 3473 1303 exeo-

1910 1339 2116 1392 riantes
2152 1341 2227 1394 sic
2274 1355 2339 1392 ex
2372 1339 2476 1392 vita
2508 1340 2819 1402 detrahunt,
2876 1351 2933 1393 et
2973 1342 3121 1409 quasi
3155 1342 3426 1395 dissecant
3458 1359 3473 1403 ;

1909 1432 2172 1499 reliquum
2206 1446 2335 1484 vero
2375 1446 2573 1498 corpus
2623 1432 2673 1483 in
2707 1433 2943 1500 pandam
3011 1434 3142 1486 feris
3180 1436 3477 1502 projiciunt

1912 1524 2192 1592 ipsamque
2231 1525 2423 1592 pellem
2480 1524 2614 1577 utris
2650 1524 2825 1577 instar
2857 1535 3019 1579 vento
3071 1528 3327 1595 repletam
3372 1544 3477 1595 pra:

1913 1614 2118 1668 foribus
2148 1615 2563 1683 suspenderunt.
2597 1616 2780 1669 Talem
2846 1626 3094 1685 apostata
3120 1628 3174 1671 et
3210 1619 3479 1671 scelestis-

1917 1706 2088 1759 simus
2117 1706 2277 1758 homo
2298 1705 2417 1759 vita:
2439 1706 2727 1759 terminum
2758 1719 3096 1761 consecutus
3126 1719 3231 1762 est.

2839 1800 3237 1867 τρισαλιτήριος
3301 1802 3479 1852 τοιαύ-

319 1980 411 2030 ΙΔ’.
445 1980 665 2045 Ἕτερος
702 1978 757 2028 δὲ
784 1976 862 2043 τῷ
899 1976 1074 2045 χρόνῳ
1107 1975 1276 2045 βραχύ
1306 1993 1357 2026 τι
1387 1975 1575 2027 τούτου
1608 1992 1809 2045 προγε-
1847 1981 1885 2034 Β
1983 1978 1986 2029 ἶ

1847 1981 1885 2034 Β
1983 1977 2122 2032 XIV.
2172 1978 2321 2032 Alius
2367 1994 2528 2046 porro
2558 1988 2803 2046 tempore
2860 1979 3022 2047 paulo
3055 1979 3156 2032 hoc
3203 1983 3477 2050 antiquior

246 2073 518 2138 νέστερος,
554 2071 809 2137 ὁμότιμος
839 2068 893 2119 δὲ
934 2069 1031 2136 τὴν
1057 2067 1395 2130 δυσσέϐειαν,
1430 2069 1673 2137 Ζαράνης
1699 2070 1810 2136 (10)

244 2163 437 2230 δνομα,
492 2163 581 2212 καί
634 2160 792 2220 αὐτὸς
844 2160 942 2210 οὐκ
979 2158 1135 2225 ὀλίγα
1190 2161 1309 2220 ταῖς
1354 2158 1687 2221 δυσσεϐείαις
1736 2159 1813 2227 τῷ

249 2252 572 2321 ἀνθρωπίνῳ
589 2251 733 2318 γένει
772 2250 1172 2319 ὲπελυμήνατο.
1213 2250 1468 2316 Μαθηταὶ
1500 2251 1680 2318 μέντοι
1717 2249 1811 2301 τοῦ

247 2343 565 2412 δυσωνύμου
592 2344 866 2403 Μάνεντος
903 2341 1158 2407 γεγόνασι
1206 2340 1434 2405 δώδεκα,
1496 2342 1758 2403 Σισίννιος
1785 2341 1814 2392 ὁ

251 2436 341 2488 καὶ
379 2436 439 2487 τὸ
489 2434 704 2502 ἀξίωμα
763 2432 931 2485 αὑτοῦ
976 2433 1069 2500 τῆς
1128 2431 1417 2494 δυσσεϐοῦς
1466 2432 1814 2495 διδασκαλίας

251 2528 669 2595 ἀναδεξάμενος,
692 2526 781 2577 καὶ
807 2524 1005 2590 Θωμᾶς
1033 2523 1142 2594 (11)
1172 2526 1197 2576 ό
1227 2524 1286 2575 τὸ
1328 2523 1447 2576 κατ’
1493 2525 1657 2575 αὑτὸν
1697 2524 1813 2575 ὀνο-

255 2620 563 2688 μαζὸμενον
590 2616 985 2683 συνταξάμενος
1021 2615 1369 2682 Ιὲὺαγγέλιον.
1404 2614 1602 2676 Βούδας
1634 2631 1691 2666 τε
1721 2615 1815 2667 κα)⁵

264 2713 495 2781 Ἑρμᾶς,
540 2707 1009 2777 Ἀδάμαντοςμὲ)
1053 2709 1146 2758 καὶ
1207 2707 1571 2775 Ἀδείμαντος,
1621 2706 1677 2757 ὃν
1700 2706 1814 2775 (15)

254 2806 347 2857 καὶ
380 2804 655 2870 διαςόροις
703 2799 969 2867 διέπεμψε
1030 2799 1253 2867 κλίμασι
1306 2799 1405 2867 τῆς
1464 2798 1669 2868 πλάνης
1724 2800 1817 2850 καὶ

252 2899 351 2965 τῆς
376 2892 711 2953 ἀποστασίας
738 2892 916 2945 αὐτῶν
940 2895 1176 2958 κήρυκα.
1229 2889 1519 2959 Ἐξηγηταὶ
1556 2891 1611 2942 δὲ
1652 2889 1816 2943 αὑτοῦ

256 2980 484 3039 καίοἷον
525 2984 1003 3052 ὑπομνηματισταὶ
1057 2982 1345 3049 γεγόνασιν
1406 2982 1577 3050 Ἰέραξ
1626 2999 1683 3032 τε
1725 2983 1819 3034 καὶ

266 3077 625 3147 Ἡρακλείδης
681 3078 773 3127 καὶ
859 3074 1156 3139 Ἀφοόνιος.
1236 3072 1591 3142 Ἠριθμοῦντο
1636 3073 1692 3125 δὲ
1747 3073 1819 3143 τῷ

255 3170 402 3239 χορῷ
428 3169 534 3220 τῶν
594 3165 1036 3235 μαθητευϐέντων
1105 3164 1251 3233 αὐτῷ
1303 3166 1395 3217 καὶ
1454 3164 1734 3231 Ἀγάπιος,
1794 3167 1822 3217 ὁ

256 3263 352 3329 τὴν
389 3259 713 3324 Ἐπτάλογον
764 3257 1094 3325 καλουμένην
1138 3257 1400 3319 συντάξας
1442 3258 1531 3308 καὶ
1581 3259 1821 3326 Ζαρούας

1914 2085 2009 2139 par
2036 2071 2332 2139 impietate,
2371 2072 2591 2124 Zaranis
2620 2073 2858 2134 nomine,
2914 2088 3021 2124 non
3079 2088 3246 2141 pauca
3289 2073 3477 2143 impie-

1915 2163 2117 2217 tatibus
2166 2164 2279 2216 suis
2337 2164 2574 2216 humano
2633 2165 2819 2231 generi
2894 2165 3089 2217 damna
3149 2168 3473 2234 impmtavlt.

1915 2252 2168 2323 Discipuli
2193 2264 2369 2307 autem
2406 2254 2622 2307 infausti
2661 2255 2897 2309 nominis
2936 2256 3031 2308 viri
3071 2256 3296 2311 Manetis
3328 2259 3477 2313 fuere

1915 2348 2227 2410 duodecim;
2259 2347 2546 2410 Sisinnius,
2579 2347 2669 2414 qui
2716 2348 3083 2416 principatum
3118 2349 3235 2417 ejus
3276 2350 3326 2401 in
3381 2351 3475 2403 iiii-

1915 2438 1999 2507 pia
2012 2437 2251 2491 doctrina
2276 2435 2470 2489 tuenda
2490 2434 2695 2503 accepit
2712 2451 2725 2497 ;
2741 2434 2998 2496 Thomas,
3021 2436 3110 2503 qui
3132 2434 3473 2505 Evangelium

1916 2544 2015 2583 suo
2043 2530 2258 2582 nomine
2291 2527 2538 2595 scripsit;
2580 2526 2773 2589 Budas,
2830 2527 3181 2590 Adamantius,
3216 2528 3477 2580 Adiman-

1918 2631 2024 2682 tus,
2054 2634 2213 2686 quem
2237 2619 2290 2670 in
2318 2618 2529 2670 diversa
2559 2616 2703 2668 orbis
2722 2616 2959 2677 climata,
2995 2618 3194 2669 erroris
3232 2626 3285 2669 et
3329 2620 3477 2669 dcte-

1917 2711 2115 2764 ctionis
2146 2724 2448 2778 praeconem
2481 2708 2647 2760 misit.
2678 2707 3067 2775 Explanatores
3091 2724 3216 2760 vero
3247 2719 3300 2761 et
3325 2712 3477 2777 quasi

1920 2808 2373 2855 commentatores
2397 2798 2517 2866 ejus
2558 2797 2778 2850 fuerunt
2822 2796 3033 2860 llierax,
3079 2798 3385 2853 Heraclides
3425 2812 3479 2851 et

1920 2892 2283 2959 Aphthonius.
2334 2891 2392 2943 In
2449 2889 2839 2956 discipulorum
2917 2891 3043 2941 item
3122 2892 3241 2957 e;us
3312 2892 3480 2943 ιΙιωτυ

1923 2982 2344 3035 numerabantur
2373 2979 2629 3048 Agapius,
2649 2980 2736 3046 qui
2773 2978 3147 3046 lleptalogum,
3186 2990 3243 3033 tit
3265 2992 3476 3043 voeant,

1921 3072 2262 3139 conscripsit,
2322 3070 2524 3123 Zaruas
2572 3080 2623 3122 et
2656 3070 3000 3123 Gauriabius.
3036 3070 3245 3123 Chorus
3300 3084 3478 3125 autem

1926 3163 2219 3231 impietatis
2251 3178 2460 3223 eorum,
2502 3162 2591 3230 qui
2646 3170 2773 3214 tunc
2824 3162 3082 3227 temporis
3130 3178 3233 3215 una
3286 3162 3482 3217 ﬂorue-

1926 3265 2071 3317 runt,
2116 3255 2215 3306 hos
2270 3253 2749 3319 complectebatur,
2784 3267 3013 3319 quorum
3061 3260 3176 3305 acta
3236 3269 3477 3317 narrare,

260 3354 351 3404 καὶ
381 3350 723 3418 Γαυριάόιος.
766 3351 873 3401 Καὶ
898 3350 926 3399 ὁ
969 3348 1065 3416 μὲν
1120 3349 1227 3399 τῶν
1258 3349 1377 3399 τότε
1432 3349 1817 3417 συνακμασάν-
1850 3322 1892 3379 C

1811 3377 1817 3387 -
1850 3322 1892 3379 δ
1927 3346 2005 3399 vel
2031 3346 2275 3415 dogmata
2312 3358 2593 3397 recensere
2636 3342 2756 3409 quis
2797 3342 3000 3393 valeat?
3056 3342 3131 3395 lio
3179 3345 3321 3396 enitn
3378 3346 3478 3397 ini--

260 3460 366 3494 των
398 3442 497 3509 τῆς
526 3441 777 3501 άσεὸείας
829 3439 985 3507 χορὸς
1026 3440 1083 3489 ὲν
1117 3437 1390 3499 τοσούτοις
1450 3438 1817 3506 παρετείνετο,

261 3523 334 3579 ὧν
368 3528 481 3588 πῶς
516 3528 579 3577 άν
610 3544 690 3587 τις
715 3526 857 3576 εἴποι
882 3525 978 3587 τὰς
1011 3526 1258 3593 πράξεις,
1289 3526 1402 3587 πῶς
1427 3527 1481 3578 δὲ
1514 3526 1710 3578 διέλθοι
1754 3526 1822 3578 τὰ

255 3619 536 3687 δόγματα;
600 3617 722 3668 Ἐπὶ
764 3616 1017 3668 τοσοῦτον
1069 3621 1175 3686 γὰρ
1229 3619 1432 3686 ῆλασαν
1484 3619 1662 3687 πάσης
1721 3620 1821 3687 μὲν

259 3708 623 3777 ἁκαθαρείας,
666 3709 845 3775 πάσης
888 3707 944 3758 δὲ
985 3708 1259 3777 ρυπαρίας
1308 3710 1398 3761 καὶ
1444 3711 1619 3777 πάσης
1655 3709 1825 3761 ἀθεω-

262 3802 423 3851 τάτου
470 3798 648 3864 δὲξης,
706 3800 798 3850 καὶ
844 3798 1113 3851 τοσούτων
1146 3800 1256 3868 (14)
1306 3801 1484 3852 αὐτῶν
1535 3802 1694 3868 γέμει
1752 3801 1820 3853 τά

265 3890 443 3961 βιϐλία
472 3891 841 3959 ρυπασμάτων
874 3907 931 3942 τε
980 3892 1073 3943 καὶ
1132 3892 1520 3960 ἀτοπημάτων,
1560 3893 1635 3955 ὡς
1683 3894 1816 3962 μηδὲ

262 3987 391 4047 τοὺς
419 3984 480 4048 ἐξ
509 3984 684 4036 αὐτῶν
703 3983 928 4036 ἐκείνων
952 3985 1408 4054 προεληλυθότας,
1439 3986 1531 4038 καὶ
1567 3987 1635 4039 τὰ
1666 3986 1817 4038 πλεῖ-

1924 3437 2171 3505 puritatis
2199 3435 2345 3488 omni
2378 3434 2534 3487 modo
2564 3437 2920 3495 devenerunt,
2954 3450 3017 3487 eo
3051 3452 3219 3502 usque
3244 3437 3477 3489 immun-

1923 3526 2087 3587 ditiae,
2122 3540 2186 3577 eo
2228 3540 2397 3591 usque
2455 3524 2628 3592 impia:
2680 3524 2962 3587 doctrince,
3012 3535 3194 3593 totque
3230 3528 3481 3582 sordibus

1922 3627 1977 3671 et
2007 3616 2428 3669 absurditatibus
2459 3630 2645 3668 eorum
2688 3615 2809 3668 libri
2863 3616 3049 3684 repleti
3110 3627 3253 3678 sunt,
3320 3630 3480 3673 utne

1924 3711 2143 3779 quidem
2176 3723 2518 3761 successores
2547 3708 2780 3768 illorum,
2809 3707 2899 3774 qui
2950 3708 3232 3759 maximam
3290 3725 3479 3763 eorum

1927 3801 2216 3870 impietatis
2266 3808 2471 3868 partem
2525 3799 2886 3862 retinuerunt,
2947 3814 3041 3851 eos
3118 3800 3365 3868 amplecti
3428 3812 3481 3855 ct

1924 3895 2164 3961 recipere
2210 3892 2476 3954 audeant;
2539 3899 2649 3942 tum
2703 3891 2852 3958 quod
2915 3890 3375 3945 abominationum
3428 3896 3480 3947 in

1927 3985 2031 4039 illis
2075 3992 2455 4039 contentaium
2510 3983 2946 4050 exsuperantiam
3002 3984 3174 4053 legere
3232 4001 3338 4039 non
3391 4004 3481 4040 va-

1340 4139 1572 4193 VARIAE
1604 4140 1981 4197 LECTIONES
2012 4142 2101 4197 ET
2140 4140 2372 4197 ΝΟΤᾸΕ.

332 4284 445 4351 (10)
492 4280 781 4347 Ζαράγης.
831 4282 913 4351 Ita
941 4278 1298 4351 Coislinianus
1355 4278 1817 4351 et__Colbertinus,

257 4346 447 4406 noster
466 4346 590 4403 vero
612 4351 875 4419 Ζανάρης.
891 4349 957 4401 At
975 4365 1095 4401 cum
1118 4358 1169 4400 et
1196 4349 1383 4419 Petrus
1402 4346 1635 4419 Siculus,
1662 4365 1711 4415 p.
1731 4348 1818 4409 '50,

260 4423 497 4490 priorem
552 4416 833 4490 lectionem
887 4420 1098 4490 probet.
1141 4432 1244 4490 nec
1279 4417 1433 4490 _inter
1481 4416 1812 4490 Persas_ho_c

260 4484 504 4544 hominis
586 4484 900 4541 inauditum
948 4488 1018 4538 sit
1083 4486 1223 4549 (vide
1279 4484 1431 4537 'I'ollii
1512 4485 1616 4537 lter
1668 4486 1817 4538 Itali-

260 4577 380 4611 cum
416 4576 467 4624 p.
504 4558 647 4623 155),
680 4574 795 4609 eam
824 4558 1045 4609 omnino
1081 4556 1466 4623 preefcrendam
1505 4565 1652 4623 puto.
1680 4556 1820 4617 Lege

262 4629 329 4681 de
374 4629 479 4679 isto
531 4626 612 4678 Jo.
660 4626 1012 4677 l'earsonium
1065 4626 1130 4675 ad
1187 4625 1499 4692 Symbolum
1544 4625 1817 4691 Apostnli-

260 4714 385 4749 cum
415 4712 466 4762 p.
500 4696 615 4756 liti,
648 4696 777 4747 edit.
810 4695 1007 4748 Latina:
1030 4695 1080 4744 in
1111 4695 1269 4752 notis,
1310 4694 1395 4744 ubi
1422 4694 1466 4745 is
1499 4696 1821 4761 persuadere

264 4775 513 4825 conatur,
550 4774 623 4816 ut.
666 4765 867 4815 inserto
892 4762 1197 4815 Maniclneis
1233 4762 1455 4821 Zarane,
1482 4765 1569 4829 qui
1612 4762 1821 4814 Maneto

267 4851 373 4886 una
404 4849 527 4885 cum
558 4833 846 4900 Scythiano
896 4832 1166 4898 antiquior
1199 4839 1334 4888 erat.
1377 4835 1660 4883 credamus
1693 4832 1823 4898 Scy-

268 4907 515 4955 t.iianum
544 4902 609 4953 ad
646 4902 949 4964 Apostolica
992 4911 1229 4965 tempora
1285 4902 1593 4952 accessisse.
1650 4902 1825 4952 Enim-

268 4987 419 5024 vero.
494 4972 738 5037 quamvis
814 4972 919 5021 non
986 4970 1225 5021 dubitent
1303 4968 1564 5021 Zaranem
1626 4970 1821 5020 Maneti

268 5052 426 5093 aztate
478 5040 780 5105 proximum
840 5038 1025 5095 fuisse.
1076 5054 1197 5090 cum
1252 5048 1437 5089 noster
1492 5054 1614 5089 eum
1665 5037 1824 5104 paulo

268 5111 619 5176 antiquiorem
655 5108 854 5160 diserte
890 5108 1150 5160 nominet.
1177 5107 1287 5172 ipsa
1324 5117 1498 5157 tamen
1533 5107 1615 5157 illa
1646 5108 1824 5158 brevis

272 5178 533 5245 temporis
584 5178 929 5242 intercapedo
974 5191 1141 5243 magis
1201 5178 1380 5235 etlirit,
1434 5185 1488 5227 ut
1539 5178 1822 5226 credamus

271 5247 627 5315 Scythianum
668 5256 721 5298 et
774 5245 1029 5298 Zaranem
1077 5245 1307 5311 aequales
1350 5246 1512 5315 fuisse
1556 5255 1745 5305 aetate,
1772 5253 1825 5315 et

270 5314 575 5370 eo’tantum
633 5316 846 5367 nomine
905 5331 933 5367 a
980 5332 1036 5367 se
1078 5316 1307 5366 inuicem
1346 5314 1648 5376 distinctos,
1680 5314 1824 5380 quod

270 5388 406 5439 alius
451 5400 639 5436 eorum
696 5385 813 5436 aliis
870 5384 921 5435 in
959 5384 1089 5436 locis
1142 5384 1402 5436 doctrinm
1454 5398 1565 5435 suae
1618 5385 1824 5436 semina

271 5464 572 5523 spargeret.

342 5520 454 5588 (11)
501 5520 721 5590 Θωμᾶς.
755 5521 825 5573 De
866 5520 967 5572 hoc
996 5530 1049 5575 et
1080 5522 1429 5587 sequentibus
1462 5520 1687 5572 Manetis
1742 5521 1824 5573 di-

272 5594 495 5660 scipulis
528 5596 640 5662 lege
668 5594 749 5646 Cl.
786 5590 1108 5655 Fabricium,
1133 5593 1224 5645 lib.
1254 5607 1303 5653 γ,
1338 5607 1389 5659 p.
1421 5592 1543 5655 287,
1576 5591 1822 5644 Biblioth.

272 5664 311 5717 C
318 5680 417 5714 ινιτ
426 5702 437 5713 .

342 5732 454 5799 (ιε)
505 5729 873 5795 ἰ1δὰμαντος.
934 5726 1204 5783 Adantum
1254 5745 1375 5783 cum
1436 5740 1588 5785 vocat
1634 5728 1826 5783 Petrus

274 5799 484 5853 Siculus
510 5817 560 5853 υ.
592 5801 677 5851 50.

316 5803 484 5855 iculus
509 5817 560 5868 p.
592 5801 677 5851 ὗυ.

594 5892 857 5949 ΡΑἸἮΟῙ..
890 5892 1000 5949 Gn.
1042 5891 1164 5950 Cll.

1986 4280 2094 4347 (13)
2132 4280 2252 4330 "Or.
2308 4276 2441 4331 Tres
2490 4278 2712 4331 Manetis
2763 4276 3010 4345 discipuli
3078 4279 3128 4331 in
3179 4290 3285 4334 tres
3327 4285 3477 4338 orbis

1920 4351 2103 4419 plagas
2164 4348 2733 4419 missi_nieinorautur_
2778 4348 2830 4399 in
2874 4349 3021 4419 Actis
3042 4349 3297 4419 Archelai
3350 4368 3471 4407 cum

1928 4416 2157 4482 Manete,
2195 4433 2247 4483 p.
2279 4417 2369 4468 2‘2.
2414 4417 2592 4470 Addas
2627 4416 2848 4476 scilicet,
2907 4418 2997 4483 qui
3040 4418 3177 4471 idem
3222 4431 3303 4472 est
3352 4438 3473 4476 cum

1929 4433 2157 4482 manete,
2279 4433 2369 4468 zz.
2414 4433 2592 4470 Aonas
2627 4433 2848 4476 scuicet,
2907 4433 2997 4483 qni
3040 4433 3177 4471 idem
3222 4433 3303 4472 est
3352 4438 3471 4476 cum

1929 4488 2132 4549 Budda,
2190 4487 2201 4501 '
2238 4485 2425 4538 homas
2483 4497 2537 4539 et
2584 4485 2827 4537 Ilermas.
2866 4486 3094 4539 Eosdem
3146 4490 3471 4544 nominatim

1927 4566 2173 4611 recenset
2199 4557 2446 4629 Ciyjrillus,
2482 4572 2531 4629 p.
2573 4556 2663 4613 98,
2702 4554 2935 4629 Buddam
2967 4572 3077 4629 _pro
3111 4558 3257 4611 Adda
3292 4565 3478 4629 appel-

1923 4628 2059 4689 lans,
2118 4636 2171 4679 et
2222 4627 2461 4697 Historia
2510 4628 2754 4697 hajreseos
2792 4623 3256 4697 _iilanicliworum,
3315 4623 3473 4697 quam

1921 4698 2144 4748 «loctiss.
2195 4693 2505 4760 Christoph.
2566 4693 2751 4745 Matth.
2791 4693 3004 4747 Pfallius
3044 4711 3165 4748 cum
3214 4693 3474 4752 Lactantii

1924 4764 2620 4836 EpilomqInstitutionum
2687 4763 3005 4836 divinarum,
3049 4780 3137 4836 _p.
3203 4766 3304 4817 182
3349 4784 3469 4836 seq.

1925 4835 2109 4885 edidit.
2155 4833 2223 4885 lbi
2258 4832 2369 4883 hmc
2402 4833 2539 4883 inter
2572 4841 2764 4883 extera
2811 4847 2861 4897 p.
2900 4833 3013 4890 185.
3049 4834 3166 4902 lego
3205 4851 3215 4885 :
3267 4852 3284 4885 ι
3346 4832 3475 4891 Post

1924 4902 2409 4973 enjus(C_urbicii_)r
2462 4912 2687 4953 mortem
2738 4916 2842 4973 non
2893 4902 3061 4952 Solum
3114 4904 3298 4967 libros,
3340 4922 3475 4973 quos

1931 4970 2286 5023 Terebinthus
2323 4971 2630 5036 reliquerat,
2684 4970 2774 5021 sed
2826 4972 3185 5037 etchuniam
3234 4970 3473 5029 Corbirii

1926 5055 2207 5110 suinens_,_!
2240 5040 2488 5110 'l‘rembiu
2538 5038 2827 5110 discipulos
2890 5042 3189 5105 acquisivit.
3245 5059 3472 5110 quorum

1927 5126 2085 5166 unus.
2124 5106 2379 5169 Thomas,
2426 5108 2562 5160 alius
2621 5106 2788 5165 Abda.
2827 5110 3016 5161 tertius
3048 5120 3129 5162 est
3163 5106 3405 5167 Her—mas.
3452 5133 3469 5164 ι

1929 5180 2001 5231 lbi
2033 5194 2137 5230 non
2166 5178 2350 5229 dubito
2384 5192 2479 5244 pro
2520 5176 2719 5227 Trembi
2763 5178 3045 5245 legendum
3076 5195 3195 5232 esse
3228 5190 3329 5235 tres
3375 5183 3473 5235 sibi

1930 5248 2174 5320 (totidem
2222 5248 2367 5320 enim
2408 5246 2665 5320 discipuli
2707 5257 2904 5320 postea
2938 5260 3339 5320 memorantur;
3375 5268 3474 5320 pro

1927 5318 2073 5369 Abda
2100 5327 2277 5369 autem
2306 5316 2499 5371 Abdus.
2530 5330 2690 5381 quem
2726 5316 2906 5367 caeteri
2961 5319 3253 5383 scriptores
3286 5316 3474 5374 omnes

1927 5395 2142 5456 vocant.
2180 5387 2270 5437 Sic
2324 5400 2376 5452 p.
2434 5385 2552 5448 182,
2590 5394 2645 5435 ut
2675 5384 2873 5456 _obiter
2910 5385 3009 5439 hoc
3070 5403 3339 5450 moneam,
3379 5406 3475 5456 pro

1927 5455 2298 5522 capitulorum,
2346 5456 2519 5521 legere
2584 5454 2762 5505 malim
2817 5456 3123 5521 capitulum.
3180 5458 3290 5511 Hoc
3330 5454 3475 5511 enim

1927 5528 2147 5595 nomine
2215 5526 2509 5577 secundum
2570 5523 2827 5595 librorum
2907 5540 3128 5578 suorum
3191 5528 3479 5595 appellavit

1928 5593 2271 5662 Scythianus,
2298 5609 2393 5645 ceu
2419 5608 2484 5645 ex
2507 5594 2876 5661 superioribus
2906 5604 3137 5647 constat.

2000 5662 2459 5740 (“)1'oaootwr.
2491 5662 2567 5716 lta
2616 5678 2681 5716 ex
2716 5670 2900 5718 n0stro
2941 5674 2995 5718 et
3020 5665 3328 5720 Colbertino
3362 5667 3478 5737 lege

1928 5746 2025 5800 pro
2055 5743 2325 5785 τοσουτον.

3168 5895 3205 5951 .‘2
