4222 6432
738 392 809 455 43
1867 380 2132 442 ΡΙΙΟΤΙΙ
2170 376 2401 440 PATRI

2319 373 2682 438 RIARCH/E
2720 376 2829 435 CP.
3918 374 3985 435 μ,

739 507 908 568 leam;
944 510 1056 553 tum
1113 495 1257 565 quod
1320 491 1850 548 irrationabilitatcm
1903 499 2303 561 przeceptorum
2339 495 2382 550 Α

2339 495 2382 550 Α
2419 503 2517 539 στα
2541 486 2642 554 τῆς
2673 485 2852 538 αὐτῶν
2894 483 3211 547 δυσσεϐείας
3240 483 3765 554 παρακατασχόντας
3798 485 3987 556 ἀνέχει

739 592 1034 648 ratiociniis
1075 588 1342 657 subjicere
1371 600 1476 638 non
1509 583 1738 654 possint,
1806 592 1920 636 tum
1955 583 2117 636 etiam
2161 581 2306 649 quod

739 685 1064 738 illetuantet
1112 687 1357 740 caveant,
1415 692 1482 728 ne
1537 674 1894 745 opprobrium
1951 673 2120 726 risum
2146 681 2307 740 atque

739 776 922 830 odium
969 771 1112 842 apud
1161 785 1353 824 onmcs
1399 767 1503 820 sibi
1571 766 1884 820 concilient.
1937 763 2306 829 Quamobrem

742 869 860 921 brec
887 881 1059 934 nuper
1090 871 1277 916 exorta
1330 869 1575 912 veterum
1620 858 1830 910 illorum
1887 854 2308 910 abominationis

739 958 1017 1012 seminum
1053 953 1349 1014 frnticatio,
1385 959 1445 1003 ut
1479 965 1640 1019 supra
1670 949 1923 1012 diximus,
1947 963 2065 1016 qua:
2102 947 2170 1001 ab
2201 947 2307 999 illis

739 1049 865 1102 olim
893 1045 1164 1115 magistris
1193 1043 1394 1112 scripto
1435 1040 1539 1094 sibi
1565 1040 1759 1094 tradita
1795 1049 1945 1103 sunt,
1978 1053 2154 1106 neque
2190 1054 2308 1091 am-

740 1141 1072 1210 plectuntur,
1116 1151 1290 1204 neque
1329 1132 1696 1198 tnentur;sed
1721 1132 1788 1185 iis
1815 1131 1990 1185 solum
2021 1145 2078 1185 se
2135 1130 2309 1184 adhae-

746 1245 864 1283 rere
895 1231 1044 1282 vafre
1091 1237 1146 1280 et
1170 1226 1359 1279 callide
1386 1225 1664 1284 simulant,
1717 1224 1769 1276 in
1801 1223 2000 1291 quibus
2032 1221 2309 1275 Dominica

739 1322 952 1374 oracula
989 1329 1042 1372 et
1079 1318 1254 1387 magni
1278 1317 1503 1386 apostoli
1537 1316 1687 1369 Pauli
1734 1315 1988 1384 Epistola:
2027 1314 2312 1383 descripta:

739 1422 890 1476 sunt;
919 1411 1192 1464 nonnullis
1222 1410 1384 1463 etiam
1411 1410 1540 1461 Acta
1560 1408 1930 1476 apostolorum
1951 1415 2004 1459 et
2029 1405 2311 1459 catholicae

741 1502 1014 1570 Epistolm,
1053 1510 1247 1569 przcter
1293 1514 1406 1561 eas,
1463 1514 1582 1566 qua:
1629 1497 1899 1566 coryphmi
1944 1497 2132 1565 (Petri)
2158 1505 2309 1560 sunt,

739 1593 1121 1645 admittuntur.
1160 1587 1483 1656 llujusmodi
1515 1602 1665 1640 sacra
1713 1587 1927 1654 eloquia
1961 1587 2100 1639 tueri
2145 1601 2203 1638 se
2239 1585 2313 1638 si-

2411 578 2536 630 σθαι
2570 576 2666 628 τοῦ
2701 574 2892 628 λοιποῦ
2949 575 3200 644 στέργειν
3238 575 3422 627 ἐκεῖνα
3469 576 3565 628 καὶ
3605 576 3986 644 ἀποδέχεσθαι,

2405 669 2561 722 τοῦτο
2596 668 2692 738 μὲν
2719 669 2778 721 τὸ
2826 667 3233 737 ἀνυπέρϐλητον
3275 668 3373 736 τῆς
3414 666 3701 737 βδελυρίας
3745 668 3808 720 ού
3870 670 3990 722 στέ-

2407 778 2604 829 γοντας
2623 760 2755 829 (15),
2788 759 2947 812 τοῦτο
2975 760 3032 811 δὲ
3076 759 3185 811 τῶν
3229 761 3673 830 προσταγμάτων
3704 758 3765 811 τὸ
3803 759 3991 826 ἀλόγι-

2409 876 2532 911 στον
2551 859 2834 927 λογισμοῖς
2858 856 3182 910 ὑποϐάλλειν
3211 857 3311 909 οὐκ
3334 856 3577 925 ἔχοντας,
3607 855 3767 910 τοῦτο
3814 857 3869 910 δὲ
3897 857 3990 910 τὸν

2409 950 2560 1019 παρὰ
2586 952 2752 1004 πᾶσιν
2776 949 2978 1002 ὅνειδον
3014 949 3110 1002 καὶ
3148 948 3246 1018 τὴν
3287 948 3506 1018 χλεύην,
3557 948 3652 1002 καὶ
3689 948 3782 1000 τὸν
3829 950 3992 1003 κατά-

2407 1040 2583 1108 γελων
2629 1039 2724 1092 καὶ
2785 1038 2847 1092 τὸ
2885 1041 3042 1108 μῖσος
3106 1038 3297 1109 ὥσπερ
3359 1038 3847 1110 διευλαϐουμένους
3898 1043 3992 1092 καὶ

2409 1131 2822 1194 ἀποκλίνοντας.
2865 1132 2964 1184 Διά
2995 1130 3154 1184 τοῦτο
3188 1132 3283 1185 καὶ
3314 1131 3454 1202 αὕτη
3507 1134 3541 1202 ἡ
3581 1130 3848 1202 νεοφανὴς
3877 1130 4004 1185 τῶν-

2411 1223 2660 1276 παλαιῶν
2689 1223 2915 1276 ἐκείνων
2950 1225 3047 1292 τῆς
3090 1223 3378 1294 βδελυρίας
3420 1223 3750 1293 σπερμάτων
3799 1239 3982 1291 παρα-

2417 1315 2583 1382 φυάς,
2619 1314 2808 1384 ὥσπερ
2845 1316 2940 1368 καὶ
2970 1313 3204 1384 πρόσθεν
3232 1316 3464 1384 ἔφημεν,
3506 1315 3577 1367 τά
3604 1315 3733 1385 παρ’
3769 1315 3989 1368 ἐκείνων

2413 1407 2517 1458 τῶν
2575 1408 2915 1461 διδασκάλων
2987 1409 3285 1477 ἐγγράφως
3323 1411 3513 1471 αὐτοῖς
3580 1408 3986 1476 συντεταγμένα

2412 1500 2474 1551 οὐ
2555 1501 2654 1568 μὲν
2711 1496 2805 1553 οὖν
2877 1500 2977 1552 οὐκ
3033 1499 3346 1567 ἀγαπῶσιν,
3406 1501 3530 1554 οὐδὲ
3592 1500 3956 1569 περιέπουσιν

2439 1590 2576 1642 Ἀλλ’
2605 1590 2834 1653 ἐκείνοις
2869 1591 3048 1660 μόνοις
3067 1591 3391 1661 κακούργως
3425 1593 3515 1644 καὶ
3539 1590 3794 1661 πονηρῶς
3826 1607 3995 1660 προσο

740 1681 970 1741 mulant,
1006 1689 1174 1732 uteos
1193 1679 1285 1748 qui
1312 1679 1456 1732 circa
1481 1677 1625 1747 piam
1650 1677 1966 1747 religionem
2005 1676 2314 1731 hebetiores

2415 1680 2630 1750 ανέχειν
2702 1681 3159 1745 ὑποπλάττονται,
3235 1684 3294 1735 ἔν
3376 1675 3455 1744 οἷς
3525 1681 3595 1734 τά
3631 1698 3689 1733 τε
3736 1681 3992 1747 Κυριακᾶ

740 1781 792 1826 ct
822 1772 1184 1840 imperitiores
1209 1779 1355 1830 sunt.
1387 1768 1599 1823 facilius
1625 1769 1878 1836 decipere
1911 1777 2131 1837 queant,
2159 1768 2314 1837 quasi
2351 1839 2377 1842 ι

2351 1839 2377 1842 ,γ
2417 1772 2834 1842 ἀναγέγραπται
2893 1773 3049 1841 λόγια
3109 1775 3204 1827 καὶ
3248 1774 3343 1826 τοῦ
3405 1774 3643 1842 μεγάλου
3697 1773 3996 1826 ἀποστόλου

739 1863 806 1914 ab
845 1862 964 1930 ipso
985 1861 1203 1913 Christo
1235 1868 1289 1912 et
1317 1875 1346 1912 a
1380 1859 1662 1927 discipulis
1712 1858 1831 1926 ejus
1886 1874 1948 1912 ea
1981 1859 2311 1928 receperint,
2350 1839 2387 1895 Β

2350 1839 2387 1895 Β
2421 1839 2701 1917 Παύλου-αἱ
2736 1839 3066 1930 Ἐπιστολαὶ,
3094 1867 3187 1917 καί
3210 1866 3338 1935 παρ’
3363 1839 3524 1926 ἐνίοις
3554 1863 3663 1916 τῶν
3685 1863 4000 1917 ἀποστόλων

740 1969 859 2021 qua:
887 1951 1208 2006 defectionis
1237 1965 1349 2004 sua:
1382 1950 1591 2003 insania
1626 1950 1855 2018 peperit.

2421 1953 2477 2003 αί
2511 1953 2763 2024 Πράξεις,
2797 1954 3022 2006 καὶτῶν
3071 1953 3388 2007 Καθολικῶν
3417 1955 3538 2007 ὅσαι
3582 1952 3732 2023 παρά
3770 1952 3868 2014 τὰς
3905 1951 3999 2004 τοῦ

743 2047 1035 2119 κορυφαίου
1067 2047 1445 2116 τυγχάνουσιν.
1495 2044 1713 2097 Τούτων
1741 2045 1796 2096 δὲ
1847 2044 1954 2096 τῶν
2012 2044 2172 2114 ίερῶν
2243 2047 2640 2102 ἀντιποιεῖσθαι
2700 2050 3126 2119 σχηματίζονται
3172 2050 3389 2118 λογίων,
3452 2050 3528 2112 ὡς
3568 2050 3634 2103 ἂν
3674 2052 3848 2118 ἔχοιεν
3900 2052 4002 2120 ρᾳ-

741 2145 868 2203 δίως
898 2139 1174 2209 ὲξαπατᾷν
1198 2141 1323 2201 τοὺς
1353 2138 1717 2208 νωθεστέρους
1744 2154 1803 2189 τε
1862 2137 1997 2207 πρὸς
2039 2137 2319 2191 εὐσέϐειαν
2391 2142 2486 2192 καὶ
2531 2141 2965 2212 ἀμαθεστέρους,
3016 2143 3092 2205 ὡς
3138 2146 3271 2214 παρ’
3315 2143 3482 2197 αὑτοῦ
3523 2141 3758 2214 Χριστοῦ
3803 2143 3998 2213 εἴησαν

742 2229 1139 2300 παρειληφότες
1166 2230 1256 2282 καὶ
1286 2229 1394 2281 τῶν
1429 2228 1594 2280 αὑτοῦ
1632 2228 1911 2297 μαθητῶν,
1966 2227 2002 2280 ἃ
2040 2228 2138 2295 τῆς
2167 2229 2506 2294 ἀποστασίας
2535 2234 2720 2296 αὐτοῖς
2749 2235 3018 2288 ἀπέτεκεν
3046 2238 3076 2305 ἡ
3107 2235 3348 2288 ἀπόνοια.

815 2321 928 2376 XV.
959 2321 1056 2375 llic
1075 2323 1254 2390 itaque
1283 2320 1482 2380 Manes,
1516 2328 1676 2372 tanta:
1699 2319 2019 2372 defectionis
2037 2319 2316 2389 princeps,

744 2432 886 2471 anno
936 2414 1204 2468 Valeriani
1247 2422 1302 2465 et
1384 2410 1631 2473 Gallieni,
1681 2409 1864 2464 Romae
1907 2411 2315 2478 imperatorum,

745 2523 891 2561 nono
921 2522 949 2559 e
982 2504 1225 2558 custodia
1261 2501 1548 2555 Persarum
1567 2501 1778 2570 elapsos
1797 2500 1953 2570 (nihil
1975 2502 2118 2555 enim
2142 2501 2315 2570 impe-

746 2599 844 2657 dit.
869 2597 1160 2667 quominus
1206 2609 1267 2648 ea
1296 2609 1705 2663 persequamur.
1737 2608 1856 2663 quas
1887 2609 2047 2662 supra
2077 2594 2317 2648 historia:

747 2691 918 2743 series
948 2687 1348 2759 przetcrniisit),
1382 2696 1436 2740 et
1461 2688 1512 2739 in
1549 2686 1986 2754 MeSopotamiam
2025 2686 2316 2754 profectus,

748 2797 779 2835 a
806 2781 990 2835 divino
1021 2779 1307 2841 Archelao,
1350 2788 1540 2832 sancto
1575 2779 1713 2843 viro,
1743 2778 1834 2847 qui
1864 2787 1976 2832 tum
2016 2777 2318 2833 Carcharo-

752 2893 870 2930 rum
912 2877 966 2929 in
995 2890 1056 2929 ca
1088 2875 1308 2945 regione
1351 2874 1548 2943 pmsul
1587 2881 1723 2937 erat,
1775 2873 1957 2926 multis
2001 2873 2320 2944 magnisque

750 2973 939 3019 contra
971 2962 1303 3032 impietatem
1339 2976 1493 3015 suam
1521 2960 1855 3031 argumentis
1886 2960 2191 3030 exagitatus
2211 2969 2316 3017 est.

2498 2322 2593 2376 llﬁ'.
2643 2325 2700 2377 Ὀ
2737 2326 2834 2394 μὲν
2862 2320 2954 2379 οὗν
3005 2326 3197 2396 Μάνης
3233 2319 3387 2388 οὗτος
3436 2325 3464 2377 ό
3523 2325 3624 2395 τῆς
3666 2325 4003 2397 τηλικαύτης

2424 2415 2760 2479 άποστασίας
2801 2416 2911 2486 (16)
2961 2416 3228 2486 ἐξάρχων,
3270 2415 3378 2468 ἔτει
3419 2416 3530 2487 (17)
3578 2416 3678 2484 τῆς
3715 2417 3999 2485 βασιλείας

2424 2506 2626 2576 ὲννάτῳ
2673 2506 3038 2575 Οὑαλεριανοῦ
3067 2505 3176 2576 (18)
3223 2507 3316 2560 καί
3348 2506 3632 2575 Γαλιηνοῦ,
3674 2506 3724 2560 οἳ
3777 2505 4000 2576 Ῥώμης

2426 2589 2570 2663 εἶχον
2607 2593 2668 2646 τὸ
2696 2593 2964 2665 βασίλειον
2993 2596 3215 2666 κράτος.
3249 2597 3349 2664 τὴν
3381 2597 3438 2647 έν
3472 2597 3713 2666 Πέρσαις
3745 2595 3997 2666 φυλακην

2427 2687 2702 2756 διαφυγὼν
2747 2689 2917 2754 (οὐδὲν
2966 2691 3074 2759 γάρ
3109 2689 3306 2741 κωλύει
3351 2687 3601 2746 διελθεῖν.
3639 2687 3674 2740 ἀ
3708 2689 3803 2756 τῆς
3854 2689 4001 2741 ίστο·

2430 2777 2550 2848 ρίας
2575 2780 2602 2830 ό
2633 2777 2830 2848 δρόμος
2849 2777 3128 2850 παρῆλθεν
3160 2779 3414 2845 ἀνωθεν),
3447 2778 3541 2830 καὶ
3573 2780 3712 2832 κατὰ
3749 2779 4003 2832 Μεσοπο-

2427 2869 2629 2938 ταμίαν
2660 2870 2922 2938 γεγονὼς,
2956 2871 3060 2925 ὑπὸ
3110 2869 3204 2923 τοῦ
3240 2869 3354 2940 (19)
3377 2869 3666 2924 θεσπεσίου
3711 2871 4002 2942 Ἀρχελάου

2429 2961 2758 3031 (Καρχάρων
2784 2962 2840 3015 δὲ
2879 2963 2976 3032 τῆς
3004 2962 3176 3030 αὐτῆς
3219 2962 3400 3034 χώρας
3429 2957 3582 3026 οὗτος
3613 2965 3642 3015 ὁ
3675 2963 3814 3032 ἱερὸς
3862 2966 3960 3030 ἁνῆ
3971 2981 4002 3033 ρ

750 3058 925 3126 Atque
987 3055 1112 3109 inde
1151 3054 1423 3122 insperato
1479 3052 1720 3107 suﬂusus
1772 3053 2012 3122 pudore,
2060 3051 2321 3123 profugus
2351 3059 2392 3118 C

2351 3059 2392 3118 C
2427 3052 2617 3122 ἔφορος
2645 3048 2735 3123 ἦν)
2771 3052 2997 3113 πολλοὺς
3028 3055 3125 3122 μὲν
3167 3055 3258 3108 καὶ
3304 3055 3572 3123 μεγάλους
3601 3054 3860 3122 ἐλέγχους
3894 3055 3992 3122 τῆς

752 3147 1047 3206 Dioridem.
1088 3145 1486 3198 Carcharorum
1532 3145 1735 3207 vicum,
1775 3143 1922 3197 subit
1974 3159 1988 3195 :
2034 3155 2196 3212 atque
2243 3145 2319 3198 ibi

752 3255 875 3294 cum
941 3239 1232 3308 Tryphone
1279 3237 1549 3305 quodam,
1603 3245 1830 3289 strenuo
1885 3244 1941 3288 et
1991 3250 2146 3290 sacro
2185 3237 2322 3300 viro,

753 3332 1157 3402 presbyteratus
1190 3329 1409 3400 gradum
1441 3329 1742 3392 obtinente,
1777 3344 2119 3400 congressus,
2138 3343 2325 3398 parem

755 3422 922 3478 subiit
966 3437 1185 3484 casum;
1218 3422 1325 3474 imo
1355 3420 1519 3474 etiam
1559 3420 1675 3490 ipse
1717 3420 2032 3485 Archelaus,
2081 3434 2204 3474 cum
2239 3434 2327 3473 se-

755 3516 1037 3570 ductorem
1077 3528 1144 3567 eo
1175 3527 1231 3567 se
1261 3511 1533 3582 recepisse
1556 3512 1838 3581 comperit,
1869 3527 1994 3566 acer
2018 3511 2215 3581 quippe
2247 3511 2329 3564 vir

757 3615 892 3670 erat,
925 3615 979 3660 et
1010 3606 1100 3676 pio
1153 3604 1332 3659 studio
1369 3603 1708 3664 movebatur,
1751 3603 1930 3656 statim
1962 3602 2014 3656 in
2057 3603 2237 3656 vicum
2271 3616 2328 3655 se

758 3697 1017 3760 contulit;
1048 3711 1111 3749 ac
1143 3705 1426 3765 postquam
1452 3694 1796 3748 seductorem
1834 3693 1979 3746 illum
2027 3692 2080 3745 in
2109 3706 2331 3762 magnas

765 3800 1045 3859 angustias
1075 3796 1131 3841 et
1173 3787 1226 3840 in
1264 3787 1547 3856 pudorem,
1582 3801 1611 3839 a
1652 3800 1760 3855 quo
1795 3784 2119 3848 declinabat,
2149 3783 2331 3850 conje-

761 3881 951 3947 cisset,
977 3896 1043 3935 ac
1072 3880 1405 3934 exsecranda
1433 3879 1550 3948 ejus
1575 3879 1827 3948 dogmata
1858 3877 2162 3938 evertisset,
2200 3891 2332 3930 con-

760 3972 1119 4041 futassetqne,
1160 3972 1447 4040 virumque
1486 3970 1739 4023 omnibus
1784 3967 2139 4023 deridendum
2177 3967 2328 4021 dete-

761 4062 1127 4132 standumque
1159 4062 1521 4132 pr0pinasset,
1553 4075 1676 4114 eum
1709 4059 1775 4114 ad
1796 4057 1978 4129 fugam
2003 4058 2182 4112 denuo
2211 4073 2332 4126 per-

764 4155 920 4224 pulit,
971 4155 1028 4209 in
1068 4170 1174 4225 qua
1231 4154 1378 4224 quod
1415 4162 1470 4209 et
1511 4153 1765 4218 diximus,
1817 4165 1848 4204 a
1891 4150 2331 4221 perquirentibus

2429 3145 2746 3208 δυσσεϐείας
2775 3145 3054 3217 άπῃτήθη.
3104 3147 3344 3199 Ἐκεῖθεν
3387 3147 3442 3200 δὲ
3473 3146 3561 3200 διά
3611 3146 3710 3217 τὴν
3738 3146 4005 3216 ἀδόκητον

2429 3238 2691 3308 αἰσχύνην
2718 3239 2980 3309 ἀποδράς,
3023 3240 3100 3300 είς
3134 3240 3366 3308 Διωρίδα
3409 3240 3519 3308 (20)
3551 3241 3862 3312 Καρχάρων
3894 3238 4004 3291 κώ-

2435 3347 2542 3400 μην
2566 3330 2878 3383 ἀποδύεται.
2932 3329 3021 3383 Ἐν
3042 3331 3211 3402 ταύτῃ
3245 3332 3358 3400 (Ἦ)
3393 3331 3449 3384 δὲ
3472 3332 3725 3402 Τρύφωνί
3758 3330 3868 3400 (22)
3897 3347 4004 3384 τινι

2433 3419 2727 3489 σπουδαίῳ,
2759 3418 2889 3490 ίερῷ
2921 3420 3019 3486 μὲν
3053 3419 3229 3490 ἀνδρὶ,
3265 3419 3358 3472 τὸν
3396 3419 3451 3472 δὲ
3479 3419 3574 3472 τοῦ
3622 3419 3998 3491 πρεσϐυτέρου

2431 3507 2671 3560 διέποντι
2704 3505 2909 3576 βαθμὸν
2931 3506 3189 3577 ἐντυχὼν,
3219 3508 3286 3561 τά
3312 3509 3400 3562 τσα
3435 3510 3664 3580 ὑπέστη.
3695 3510 3839 3578 Πλὴν
3869 3510 4006 3562 ἀλλὰ

2433 3601 2528 3652 καὶ
2581 3599 2745 3661 αὑτός
2770 3614 2833 3666 γε
2867 3600 2895 3650 ό
2946 3598 3237 3668 Ἀρχέλαος
3277 3601 3375 3670 τὴν
3425 3602 3601 3654 ἐκεῖσε
3651 3601 4006 3671 παρείσδυσιν

2431 3689 2524 3741 τοῦ
2581 3688 2783 3741 πλάνου
2825 3688 3011 3757 μαθὼν
3066 3689 3213 3759 (ὀξὺς
3247 3691 3354 3760 γάρ
3404 3687 3473 3761 ἦν
3529 3693 3622 3745 καὶ
3670 3691 3872 3761 θερμὸς
3914 3692 4007 3742 τὸν

2434 3779 2631 3848 εὐσεϐῆ
2660 3780 2866 3849 ζῆλον),
2901 3780 3308 3851 καταλαμϐάνει
3329 3783 3388 3835 τὸ
3422 3784 3641 3854 χωρίον,
3672 3783 3765 3838 καὶ
3805 3784 4008 3852 πολλῆς

2437 3872 2726 3942 ἐμπλήσας
2760 3872 2850 3924 τὸν
2894 3872 3097 3925 πλάνον
3161 3875 3497 3944 ἀμηχανίας,
3529 3877 3624 3929 κα)⁵
3674 3877 3740 3947 ἢν
3774 3877 4006 3946 ἔφευγεν

2439 3962 2724 4033 αἰσχύνης,
2760 3958 2840 4026 οἷς
2872 3963 3035 4017 αὑτοῦ
3067 3964 3135 4017 τά
3172 3967 3392 4034 μυσαρά
3432 3966 3541 4018 τῶν
3593 3968 3877 4038 δογμάτων
3909 3971 3996 4019 ἁν-

2440 4055 2634 4125 έτρεπέ
2687 4072 2746 4108 τε
2779 4055 2874 4108 καὶ
2909 4055 3262 4121 άνεσκεύαζε,
3295 4059 3388 4111 καὶ
3424 4058 3700 4129 προύτίθει
3739 4061 3872 4112 πᾶσι
3912 4059 4007 4123 γέ-

2438 4147 2589 4202 λωτά
2616 4164 2676 4201 τε
2713 4148 2806 4201 καὶ
2831 4147 3104 4218 βδέλυγμα
3124 4188 3139 4213 ,
3172 4149 3577 4220 παρασκευάζει
3601 4149 3760 4206 πάλιν
3793 4150 4008 4220 φυγάδα

1844 4366 2081 4423 νΑιιιΑτ]
2120 4365 2510 4422 LECTIONES
2547 4365 2633 4420 ET
2671 4365 2900 4423 NOTAE.

836 4588 954 4659 (l5),
981 4587 1063 4659 Oi)
1115 4585 1462 4659 στέγοντας.
1517 4582 1712 4659 Nos_te_r
1762 4581 2012 4659 legit_ob
2075 4580 2328 4659 στέργον·
2359 4585 2403 4641 D
2433 4592 2503 4659 uti

1304 4601 1462 4659 κτοις.
1517 4582 1712 4659 Nos_te_r
1762 4581 2012 4659 legit_ob
2075 4580 2328 4659 στέργον·
2359 4585 2403 4641 D
2433 4592 2664 4659 uterque
2714 4585 2971 4659 mendose

767 4650 884 4722 τας.
918 4650 1094 4711 Malim
1125 4650 1256 4710 vero
1281 4650 1431 4718 illud,
1466 4654 1632 4708 menti
1667 4650 1961 4721 Scriptoris
1997 4660 2056 4706 ut
2091 4650 2323 4722 videtur,

769 4721 1199 4785 convenientins.
1240 4725 1406 4780 llaasit
1442 4725 1579 4778 forte
1618 4724 1673 4778 in
1705 4721 1914 4777 librarii
1959 4721 2224 4777 memoria
2267 4721 2328 4774 τὸ

771 4799 1026 4881 στέργειν⁸
1047 4794 1660 4881 proxime’antecredens.

838 4859 951 4934 (l6)
990 4859 1382 4928 Ἀξποστασίας
1417 4862 1707 4931 ἐξάρχων.
1745 4859 1820 4916 lta
1863 4860 2027 4934 malui
2069 4874 2191 4934 cum
2238 4875 2334 4914 no-

769 4929 905 4996 stro,
934 4929 1117 5004 "quam
1158 4949 1279 4987 cum
1331 4929 1664 5004 Coisliniano
1697 4929 2330 5004 duporda;w¢_é€apxo;,

769 4999 1017 5077 quamvis
1045 5005 1279 5077 quodad
1319 5003 1718 5077 sens_um_nihil
1773 5000 2003 5055 intersit.
2039 4999 2337 5070 Zacagnius

767 5072 831 5132 ex
865 5091 964 5129 suo
998 5072 1156 5128 habet
1186 5073 1519 5131 άποστασίας
1557 5072 1801 5143 ἔξαρχος.

843 5146 953 5216 (l7)
987 5146 1168 5197 Ἔτει.
1203 5143 1277 5195 Ita
1308 5159 1428 5197 cum
1457 5140 1770 5216 nostro'pijo
1814 5140 1926 5216 tu},
1954 5140 2097 5216 quod
2130 5140 2197 5195 ad
2219 5155 2337 5216 sen-

773 5210 892 5269 sum
928 5210 1063 5284 opns
1101 5228 1213 5284 non
1245 5221 1372 5284 est,_
1394 5227 1518 5266 cum
1548 5212 1790 5284 vicissim
1830 5211 1927 5284 τῷΔ
1955 5212 2160 5280 ἔννάτῳ
2188 5210 2337 5280 prius

771 5285 901 5338 illud
932 5281 1040 5336 ἔτει
1070 5283 1323 5351 requirat.
1360 5282 1432 5352 Ita
1465 5291 1517 5335 et
1544 5283 1671 5352 legit
1698 5281 2012 5352 Zacagm'us.

845 5353 955 5423 (l8)
991 5351 1413 5423 Οὐαλεριανοῡ.
1447 5351 1522 5405 lta
1563 5351 1708 5406 recte
1731 5351 2112 5412 Coislinianus.
2144 5359 2327 5423 noster

773 5421 936 5479 habet
959 5421 1400 5477 Οὑαλεντινιανού
1448 5423 1739 5476 mendose:
1781 5436 1904 5474 nam
1953 5421 2208 5488 temporis
2240 5435 2327 5473 ra-

774 5497 950 5549 tiones
983 5494 1035 5548 id
1065 5492 1354 5561 refugiunt.
1399 5491 1683 5546 Consentit
1729 5506 1851 5561 cum
1879 5490 2059 5561 proba
2104 5490 2334 5561 lectione

773 5565 986 5627 Petrus,
1021 5579 1074 5632 p.
1107 5559 1272 5628 56,_et
1293 5564 1344 5614 in
1374 5563 1661 5632 referendo
1681 5560 1992 5632 Photiiloco
2015 5559 2333 5632 Zacagnius.

846 5635 956 5702 (l9)
993 5628 1136 5686 Ὑπὸ
1176 5632 1302 5686 τοῦ.
1363 5633 1559 5686 Inserit
1613 5631 1701 5685 bic
1744 5631 2042 5699 Zacagnius
2085 5629 2161 5695 δὲ,
2192 5628 2336 5698 quod

771 5701 1034 5760 oratidnis
1072 5705 1239 5757 series
1267 5718 1374 5755 non
1402 5701 1643 5770 requirit.

846 5777 954 5845 (20)
982 5773 1245 5841 Διωρίδα.
1283 5773 1358 5828 ιω
1382 5768 1765 5834 Coislinianus,
1797 5777 1851 5825 at
1876 5778 2059 5827 noster
2090 5768 2298 5839 Δωρίδα
2320 5785 2333 5798 ·

3035 4603 3050 4641 :
3107 4584 3409 4658 rectissime
3454 4585 3757 4658 Zacagnius
3816 4586 3998 4646 Pbotii

2433 4652 2589 4726 hunc
2623 4655 2798 4726 l_ocum
2841 4657 3093 4726 recitans,
3132 4656 3442 4726 Διοδιιιρίδα,
3485 4652 3647 4725 quam
3702 4659 3991 4715 lectionem

2435 4722 2588 4777 fulcit
2623 4723 2989 4796 Epiphanins,
3012 4726 3201 4780 haeres.
3235 4722 3324 4788 66,
3348 4742 3417 4796 in.
3446 4722 3518 4786 ιιΞ
3549 4737 3603 4780 et
3629 4729 3716 4796 qui
3757 4730 3824 4782 ad
3871 4745 3994 4782 eum

2437 4807 2712 4872 provocat,
2745 4793 2934 4849 Petrus
2962 4794 3201 4872 Siculust
3222 4811 3275 4864 p.
3300 4795 3387 4856 56,
3413 4797 3504 4849 ubi
3538 4793 3716 4872 tamen
3742 4799 4000 4872 utrinque

2439 4863 2820 4936 inscriptione
2850 4879 2946 4936 per
2971 4863 3502 4936 AtoSOplererratuiu
3537 4865 3709 4936 Pagus
3741 4867 3886 4920 enim
3913 4863 4002 4921 hic

2440 4947 2469 5005 ξι
2499 4931 2733 5005 Diodoro
2766 4931 3206 5005 quedam,quasi
3252 4931 3652 5005 Diodorivicu's
3699 4936 4002 5005 appellatus

2436 4999 2556 5072 fuit,
2580 5001 2722 5070 quod
2755 4999 2885 5057 Acta
2917 4999 3184 5063 Archelai.
3211 5019 3243 5072 p
3289 5004 3376 5066 68,
3406 5003 3647 5058 indicant
3677 4999 3965 5060 his-verbis
3990 5026 4004 5061 :

2443 5089 2460 5142 ι
2495 5070 2679 5142 Manes
2707 5081 2889 5124 antem
2917 5072 3127 5141 fugiens
3152 5070 3371 5128 advenit
3392 5073 3457 5126 ad
3481 5074 3768 5142 quemdam
3799 5076 4004 5140 vicmn,

2435 5140 2850 5226 longeabnnrbe
2892 5140 3145 5226 positi-tm,
3171 5143 3260 5226 qui
3294 5140 3665 5212 appella—batur
3697 5145 3937 5226 Diodori.
3981 5166 3998 5197 ι

2509 5157 2590 5262 rgo
2623 5157 2690 5194 au
2719 5157 2850 5194 nrue
2892 5157 3145 5226 positum,
3171 5159 3260 5211 qui
3294 5157 3665 5212 appellabatur
3697 5157 3937 5200 UlOdOt'l.
3981 5166 3998 5197 ι

2509 5214 2523 5262 (
2574 5211 2618 5277 l)
2668 5210 2770 5262 Ἐν
2802 5228 3008 5278 ταυτῃ.
3043 5210 3115 5264 Ita
3149 5212 3286 5264 man
3323 5229 3445 5266 cum
3493 5226 3680 5266 nostro
3714 5224 3768 5267 ct
3792 5213 4006 5267 Colber-

2435 5281 2568 5402 tino,
2629 5296 2726 5362 pro
2778 5281 3010 5335 ἐνταῦθα
3056 5279 3396 5337 Coisliniani.
3455 5284 3795 5353 Astipulatur
3845 5287 4006 5340 nobis

2477 5365 2750 5402 acamnus.

2477 5365 2750 5418 acagmus.

2507 5419 2617 5488 (22)
2652 5421 2940 5491 Τρύφωνι.
2976 5420 3049 5474 Ita
3083 5429 3137 5476 et
3183 5419 3540 5491 Epiphanius,
3572 5423 3612 5478 l.
3649 5438 3724 5488 c.,
3761 5432 3817 5478 et
3847 5439 3912 5478 ex
3942 5441 4008 5478 eo

2434 5487 2625 5542 Petrus
2646 5487 2858 5544 Siculus
2885 5501 3100 5556 vocant,
3119 5487 3300 5545 minus
3328 5503 3494 5556 recte,
3526 5493 3570 5547 si
3601 5494 3850 5548 audimus
3872 5496 4007 5549 Acta

2434 5559 2706 5624 Archelai,
2739 5559 2850 5623 ubi,
2886 5577 2939 5630 p.
2975 5559 3062 5621 68.
3095 5563 3383 5630 aliquoties
3415 5563 3633 5617 Diodori
3668 5565 3891 5618 nomine
3921 5581 4010 5618 vo-

2436 5638 2612 5704 catur,
2658 5639 2712 5704 et
2761 5631 2873 5704 ipsa
2910 5647 3126 5704 quoque
3169 5632 3384 5686 Diodori
3420 5634 3660 5704 episcopi
3694 5633 3759 5686 ad
3799 5635 4008 5687 Arche-

2436 5698 2579 5822 {illim
2603 5698 2828 5770 epistola
2856 5698 2979 5755 cum
3017 5698 3177 5772 liuius
3199 5704 3265 5758 ad
3294 5718 3413 5758 eam
3456 5698 3806 5774 responsoria
3847 5705 4007 5758 exhi-

2474 5786 2500 5822 c
2533 5786 2611 5822 ur.

2474 5779 2611 5822 ctur.
