4222 6432
256 427 329 495 45
1320 421 1621 483 CONTRA
1656 415 1923 478 MANICI

1855 416 1948 476 Cll
1959 415 2114 475 IEOS
2150 415 2375 476 LIBER
2419 417 2467 476 Ῐ.
3444 415 3513 476 46

258 539 536 609 γενέσθαι,
567 538 690 592 καθ’
723 539 809 607 ἦν,
843 536 918 598 ὡς
950 536 1045 588 καὶ
1088 534 1199 603 (‘25)
1247 534 1590 605 προέφημεν,
1627 531 1837 600 πλάνην
1873 543 1909 593 Α

1873 543 1909 593 Α
1942 539 1995 581 et
2030 529 2399 583 scrutantibus
2434 536 2626 598 captus
2665 527 2774 598 regi
2806 526 3092 583 Persarum
3138 543 3248 582 acet
3264 527 3360 582 bas
3397 528 3512 584 illas

256 634 361 687 ὑπὸ
390 634 501 685 τῶν
533 630 949 700 ἀνερευνῶντων
980 628 1143 681 αὐτὸν
1171 626 1268 679 καὶ
1301 626 1615 697 ζητούντων
1647 624 1834 685 ἁλοὺς,

1944 635 2133 689 poenas
2167 621 2336 675 dedit.

253 728 331 797 τῷ
357 726 567 795 βασιλεί
587 726 695 776 τῶν
728 720 951 791 Περσῶν
993 720 1224 773 ἀπέτισε
1254 719 1354 788 τὴν
1378 718 1585 789 πικρὰν
1616 714 1832 783 ἐκείνην
1870 712 2047 780 δίκην.

326 820 446 887 ις’.
486 818 725 870 Ἐκείνου
757 817 813 868 δέ
838 816 929 867 τὸν
952 814 1065 884 βίον
1089 813 1262 876 οὕτως
1280 813 1512 881 οίκτρῶς
1530 811 1624 862 καὶ
1645 807 1842 870 ἀθλίως

254 910 811 983 καταστρεψαμένου,
854 907 1031 978 χρόνῳ
1079 905 1307 975 ὕστερόν
1344 921 1491 967 τινες
1523 902 1632 954 τῶν
1675 900 1841 954 αὐτοῦ

253 1005 353 1072 τῆς
432 1000 754 1061 δυσσεϐείας
805 997 1064 1068 μαθητῶν
1127 998 1289 1069 μέχρι
1340 998 1675 1066 Σαμοσάτων
1743 997 1843 1066 τῆς

267 1092 564 1162 Ἀρμενίας
612 1090 680 1142 τά
705 1089 799 1141 τοῦ
846 1087 1095 1156 Πονηροῢ
1127 1087 1342 1152 ζιζάνια
1379 1090 1838 1159 ἐγκατέσπειραν.

254 1183 366 1237 Καὶ
395 1183 457 1234 οὐ
490 1181 624 1232 πολὺ
654 1182 715 1232 τὸ
748 1179 911 1249 μέσον
936 1179 1071 1249 (24),
1104 1180 1198 1233 καὶ
1227 1181 1288 1233 τὸ
1311 1181 1634 1252 φθοροποιὸν
1657 1183 1837 1234 ἐκεῖνο

254 1270 526 1341 γεώργιον
564 1270 725 1338 μέχρι
778 1269 1080 1340 Φαναρείας
1118 1268 1275 1340 ὤφθη
1326 1272 1497 1340 νομὴν
1525 1270 1689 1323 λαϐὸν
1739 1272 1835 1325 καὶ

254 1363 552 1432 φυόμενον.
597 1362 684 1426 Ἐξ
717 1352 776 1413 οὗ
814 1360 908 1412 καὶ
945 1362 977 1429 ἡ
1017 1361 1160 1430 κακὴ
1192 1361 1496 1433 Καλλινίκη
1517 1360 1611 1414 τοῦ
1645 1361 1835 1431 βορϐό-

257 1472 353 1523 ρου
408 1453 728 1522 πλησθεῖσα,
782 1452 858 1515 ῶς
911 1469 1000 1523 μοι
1067 1454 1427 1525 προείρηται,
1470 1453 1684 1509 Παῦλον
1742 1453 1835 1507 καὶ

268 1546 532 1616 Ἰωάννην
564 1545 880 1613 γεννήματα
908 1544 1131 1614 ἐχιδνῶν
1161 1548 1247 1598 ἐπ’
1271 1546 1478 1617 ὀλέθρῳ
1506 1546 1599 1599 τοῦ
1626 1546 1836 1617 ἀνθρω-

257 1640 416 1689 πίνου
451 1636 644 1703 γένους
675 1637 935 1691 άπέτεκε.
994 1636 1267 1690 Κάκεῖθεν
1296 1638 1384 1690 διὰ
1427 1639 1537 1691 τῶν
1581 1640 1668 1707 ἐφ’
1711 1638 1838 1707 ἑξῆς

255 1728 520 1797 διαδόχων
540 1728 640 1795 τῆς
661 1728 935 1793 ἀσεϐείας,
972 1730 1137 1799 μέχρι
1174 1732 1285 1784 τῶν
1309 1733 1518 1801 χρόνων
1548 1734 1838 1786 Κωνσταν-

2016 805 2151 859 ΧΗ.
2188 807 2322 861 Cum
2355 817 2537 859 autem
2578 806 2664 859 ille
2695 805 2861 857 vitam
2889 804 2961 857 ita
2988 804 3183 859 misere
3205 814 3259 859 et
3282 806 3511 860 infelici-

1945 908 2026 950 ter
2084 899 2392 964 clausisset,
2444 898 2630 966 elapso
2682 897 2918 966 quodam
2971 906 3236 966 tempore,
3291 899 3510 967 quidam

1941 990 2060 1057 ejus
2096 990 2391 1060 impietatis
2418 990 2670 1059 discipuli
2712 1004 2884 1058 uSque
2910 989 2976 1043 ad
3013 989 3289 1043 Samosata
3318 991 3510 1045 Arme-

1942 1081 2065 1145 nize,
2116 1083 2335 1152 maligni
2384 1084 2587 1136 zizania
2632 1091 2949 1152 sparserant
2987 1101 3000 1135 :
3044 1099 3144 1137 nec
3174 1084 3345 1138 multo
3392 1094 3516 1153 post

1942 1170 2246 1234 intervallo,
2272 1182 2525 1241 corrupta
2550 1174 2790 1241 ejusdem
2812 1172 3073 1228 sementis
3089 1174 3154 1225 ad
3180 1172 3510 1227 Phanaream

1944 1276 2115 1331 usque
2144 1263 2405 1332 pullulare
2426 1265 2538 1316 visa
2562 1274 2663 1319 est.
2693 1264 2846 1318 Unde
2870 1264 3114 1332 improba
3143 1265 3230 1317 illa
3254 1266 3511 1320 Callinica

1942 1368 2102 1407 como
2133 1356 2359 1423 repleta,
2394 1364 2453 1408 ut
2478 1370 2641 1423 supra
2677 1355 2809 1417 dixi,
2846 1354 3074 1408 Paulum
3119 1365 3173 1408 et
3219 1356 3511 1419 Joannem,

1944 1445 2216 1512 gcnirnina
2254 1445 2583 1513 viperarum,
2622 1445 2676 1497 in
2714 1446 2927 1515 generis
2964 1446 3183 1499 humani
3216 1446 3511 1513 perniciem

1940 1534 2172 1602 peperit.
2220 1534 2352 1588 Inde
2409 1549 2539 1587 vero
2596 1543 2650 1589 et
2706 1534 3005 1603 impietatis
3064 1536 3511 1594 successoribus.

1940 1641 2112 1693 usque
2150 1626 2216 1679 ad
2247 1635 2491 1695 tempora
2518 1627 2861 1681 Constantini
2894 1629 3261 1697 imperatoris,
3280 1629 3369 1697 qui
3396 1639 3513 1683 erat

1940 1716 2173 1770 Hcraclii
2198 1718 2458 1788 abnepos,
2494 1718 2745 1787 impietas
2763 1719 2850 1772 illa
2882 1720 2997 1773 sine
3020 1720 3126 1773 ulla
3158 1721 3511 1775 innovatione

255 1818 407 1869 τίνου
441 1816 537 1867 τοῦ
564 1816 824 1885 βασιλέως
845 1817 1131 1885 (ἀπόγονος
1155 1818 1209 1871 δὲ
1226 1815 1293 1889 ἦν
1312 1816 1464 1884 οὗτος
1493 1822 1837 1891 Ἡρακλείου)
1874 1821 1913 1875 Β
1942 1823 2222 1879 Progressa
2281 1820 2381 1864 θεῖ’
2420 1811 2497 1865 Ac
2531 1822 2817 1880 Ροδίίῖυίηη
2864 1814 3050 1866 "mu-ie
3098 1814 3511 1868 θάιιοτιθῑίοηθε

257 1908 357 1975 τῆς
388 1906 649 1974 τοιαύτης
692 1905 804 1976 (ἳ5)
847 1906 1143 1976 θεομαχίας
1188 1910 1618 1980 ἀκαινοτομήτου
1653 1929 1833 1983 παρα-

257 1999 587 2068 τεινομένης
613 2016 627 2029 ·
662 2001 758 2051 καὶ
789 1999 1004 2052 πολλῶν
1042 2001 1140 2069 μὲν
1176 2003 1547 2071 παραινέσεων
1576 2005 1667 2056 καὶ
1692 2004 1834 2055 διδαι

260 2090 524 2155 σκαλιῶν,
556 2092 603 2143 εί
640 2093 734 2144 καὶ
768 2092 905 2161 πρὸς
941 2094 1197 2164 ἀνόνητον
1226 2096 1607 2165 ἀπεκρίθησαν
1636 2097 1831 2166 πέρας,

259 2179 735 2249 καταϐληθέντων,
771 2182 982 2235 πολλῶν
1024 2184 1080 2236 δὲ
1110 2186 1348 2239 εὐσεϐῶν
1383 2186 1647 2255 βασιλέων
1692 2187 1832 2256 ξίφει

258 2270 356 2337 τὴν
379 2270 538 2341 δίκην
562 2272 686 2334 τοὺς
717 2273 1028 2337 ἀποστάτας
1060 2276 1563 2346 εἰσπραττομένων,
1590 2279 1683 2329 καὶ
1712 2278 1834 2348 μηδ’

258 2360 400 2413 οὕτω
429 2361 531 2431 τῆς
564 2363 796 2427 ἀσεϐοῦς
830 2367 1001 2435 φορᾶς
1058 2367 1375 2437 ἱσταμένης,
1410 2369 1712 2436 ἐπιγίνεταί
1747 2388 1833 2435 τις

257 2455 369 2516 τοῖς
416 2454 754 2518 ἀποστάταις
810 2456 1096 2528 Ἀρμένιος
1129 2459 1355 2529 ὀνόματι
1395 2462 1832 2527 Κωνσταντῖνος,

260 2545 577 2608 Μανάναλις
607 2546 720 2617 (9.6)
753 2546 911 2618 κώμη
939 2550 1270 2619 Σαμοσάτων
1303 2552 1502 2622 πατρὶς
1539 2552 1687 2623 αύτῷ
1713 2555 1833 2606 ἐπι-

258 2637 551 2705 γράφεται,
586 2639 708 2707 ἦτις
732 2640 824 2692 καὶ
861 2639 1023 2711 μέχρι
1048 2640 1139 2693 τοῦ
1171 2641 1265 2695 νῦν
1292 2643 1607 2714 Μανιχαίων
1636 2646 1835 2715 τροφὸς

258 2728 497 2796 ὑπάρχει
528 2730 622 2780 καὶ
650 2730 992 2800 ἐνδιαίτημα.
1038 2730 1198 2784 Ἀλλά
1218 2733 1326 2804 γὰρ
1356 2729 1511 2797 οὗτος
1542 2736 1833 2787 Κωνστανη-

258 2822 427 2882 τίνος,
451 2820 558 2872 τῶν
584 2823 680 2890 τῆς
709 2822 1003 2893 ἐκκλησίας
1023 2823 1146 2876 τινὰ
1175 2826 1421 2879 διάκονον
1442 2826 1549 2879 ἀπὸ
1571 2827 1668 2896 τῆς
1694 2829 1835 2881 κατά

260 2909 462 2978 Συρίαν
493 2911 871 2979 αἰχμαλωσίας
896 2913 1032 2982 πρὸς
1055 2914 1157 2984 τὴν
1183 2915 1390 2968 οίκείαν
1422 2916 1835 2985 ὑποστρέφοντα

260 3000 498 3068 πατρίδα
540 3001 629 3052 ἐπὶ
655 3000 869 3071 ἡμέρας
897 3003 997 3055 οὐκ
1025 3003 1213 3072 ὀλίγας
1258 3003 1483 3068 ἐξένισε,
1520 3005 1735 3075 βίϐλους
1779 3007 1835 3058 δὲ

258 3091 369 3141 ἀπὸ
401 3092 598 3159 Συρίας
634 3091 662 3141 ό
694 3092 1038 3160 αἰχμάλωτος
1080 3095 1479 3165 συνεπεφέρετο
1517 3096 1667 3165 αύτῷ
1718 3095 1832 3159 δύο,

1938 1909 1989 1952 et
2016 1900 2364 1965 monitiones,
2400 1902 2525 1956 licet
2570 1902 2747 1955 inutili
2779 1904 2947 1967 exitu,
2999 1903 3153 1958 facta:
3187 1904 3425 1967 fuerant,
3455 1916 3512 1958 et

1940 2001 2223 2062 postquam
2253 1993 2405 2047 multi
2450 1994 2519 2062 pii
2556 1993 2913 2062 imperatores
2942 1995 2993 2048 in
3028 2004 3305 2063 apostatas
3332 1997 3510 2065 gladio

1936 2085 2454 2144 animadverteram.
2480 2101 2658 2154 neque
2678 2095 2858 2139 tamen
2892 2087 3183 2155 impietatis
3200 2104 3392 2143 cursus
3410 2090 3507 2143 de-

1937 2177 2191 2239 stiterat,
2252 2177 2517 2245 apostatis
2576 2178 2867 2230 Armenius
2919 2178 3137 2245 quidam
3191 2180 3511 2247 supervenit

1936 2267 2158 2320 nomine
2184 2267 2595 2333 Constantinus,
2622 2268 2776 2337 cujus
2800 2270 2971 2337 patria
3002 2281 3117 2323 erat
3146 2272 3505 2326 vicusSamo-

1939 2359 2262 2425 satcnsium,
2289 2358 2587 2415 Mananalis
2616 2361 2860 2424 nomine,
2893 2378 3049 2431 quem
3088 2364 3152 2416 ad
3205 2365 3316 2418 lnec
3340 2381 3509 2434 usque

1938 2460 2179 2520 tempora
2214 2451 2459 2505 incolunt
2490 2453 2796 2507 Maniehaai.
2840 2454 2937 2508 llic.
2983 2471 3144 2523 porro
3195 2456 3509 2511 Constanti-

1937 2555 2040 2593 nus
2070 2541 2355 2609 quemdam
2394 2557 2456 2595 ex
2493 2542 2747 2597 Ecclesia:
2783 2545 3047 2605 diaconis,
3094 2561 3156 2599 ex
3197 2546 3368 2616 Syria,
3418 2549 3505 2602 ubi

1936 2633 2182 2701 captivus
2209 2632 2407 2696 fuerat,
2455 2634 2507 2687 in
2538 2635 2767 2703 patriam
2794 2652 2946 2689 suam
2987 2647 3371 2703 revertentem,
3392 2641 3507 2694 die-

1936 2722 2040 2777 bus
2093 2739 2201 2777 non
2266 2726 2455 2793 paucis
2512 2727 2750 2796 hospitio
2806 2728 3038 2796 excepit.
3100 2730 3201 2793 Qui
3263 2732 3510 2800 captivus

1940 2815 2110 2870 libros
2163 2831 2229 2869 ex
2296 2817 2453 2886 Syria
2508 2818 2645 2870 duos
2716 2831 2900 2871 secum
2960 2819 3281 2886 detulerat;
3341 2838 3508 2877 unum

1937 2907 2111 2961 sancti
2161 2906 2477 2977 Evangelii;
2527 2908 2756 2961 alterum
2804 2911 2982 2979 magni
3043 2913 3272 2979 apostoli
3321 2913 3508 2979 Pauli,

1933 3015 2074 3068 quos
2150 3000 2202 3052 in
2258 2999 2481 3068 hospitii
2536 3002 3076 3065 remunerationem,
3140 3003 3360 3073 impiam
3411 3006 3509 3058 lio-

1938 3092 2098 3161 spitis
2149 3092 2229 3144 sui
2296 3092 2611 3162 religionem
2663 3093 2949 3162 ignorans,
2996 3094 3139 3148 dono
3198 3097 3300 3164 ipsi
3347 3099 3508 3153 obtu-

262 3182 392 3251 μίαν
429 3182 526 3249 μὲν
555 3182 647 3233 τοῦ
673 3185 827 3251 ἁγίου
864 3185 1217 3252 Εύαγγελίου,
1239 3186 1431 3255 ἑτέραν
1451 3186 1507 3240 δὲ
1540 3188 1632 3240 τοῦ
1667 3187 1834 3256 μεγά-
1862 3165 1905 3223 C

1862 3165 2020 3236 Clit.
2083 3182 2444 3251 Conspicatus
2502 3194 2683 3236 autem
2731 3183 3126 3240 Constantinus
3182 3187 3504 3253 Armenius,

258 3273 351 3327 λου
374 3273 486 3341 (27)
521 3275 819 3329 ἀποστόλου
842 3276 1057 3329 Παύλου
1080 3276 1294 3347 (38),&;
1312 3276 1504 3347 ῶσπερ
1533 3277 1833 3347 ἀμειϐόμεα

258 3382 348 3426 νος
361 3366 462 3434 τῆς
490 3367 668 3429 ξενίας
684 3369 709 3419 ό
729 3367 995 3432 ξενισθεὶς
1008 3369 1118 3437 (Ξ9)
1142 3370 1236 3422 καὶ
1249 3369 1458 3437 ἀγνοῶν
1476 3368 1569 3422 τοῦ
1589 3368 1833 3435 ξενίσαν-

257 3473 349 3519 τος
373 3458 436 3509 τὸ
452 3458 711 3521 δυσσεϐὲς
726 3460 827 3526 τῆς
842 3460 1138 3530 θρησκείας
1167 3462 1265 3524 τὰς
1298 3462 1448 3531 ίερὰς
1478 3461 1834 3531 ἀντεδωρείτο

261 3548 498 3616 βίϐλους.
528 3549 774 3601 Κατιδὼν
801 3552 857 3603 δὲ
893 3552 1005 3622 (50)
1044 3553 1071 3603 ὁ
1099 3551 1384 3621 Ἀρμένιος
1426 3555 1834 3616 Κωνσταντῖνος

260 3640 559 3710 βδελυκτὴν
601 3644 693 3693 καὶ
725 3644 861 3694 πᾶσι
902 3642 1146 3713 φευκτὴν
1187 3644 1281 3695 καὶ
1332 3644 1703 3714 ἀποτρόπαιον
1736 3644 1833 3714 τὴν

256 3730 424 3783 αὑτοῦ
457 3731 771 3801 δυσφημίαν
818 3733 914 3786 καὶ
967 3733 1328 3797 ἀποστασίαν,
1363 3737 1430 3804 τῇ
1459 3735 1548 3787 τοῦ
1585 3735 1831 3787 διαϐόλου

260 3822 541 3892 συμϐουλῇ
570 3825 878 3893 μηχανᾶται
906 3825 1129 3878 τοιόνδε.
1148 3824 1334 3888 Πάσας
1363 3827 1481 3893 μὲν,
1510 3825 1639 3888 ὅσας
1667 3824 1830 3877 αύτοῦ

256 3915 289 3983 ἡ
340 3913 611 3981 θρησκεία
660 3915 850 3981 ἠγάπα
904 3931 962 3965 τε
998 3918 1091 3967 καὶ
1126 3913 1555 3985 περιεπτύσσετο
1596 3913 1829 3981 βίϐλους,

256 4002 630 4056 ἀποϐάλλεται
649 4005 740 4055 καὶ
758 4004 1186 4073 ἀποσκορακίζει
1203 4020 1216 4034 ·
1234 4023 1300 4074 γυ
1310 4004 1414 4075 μ.νά
1424 4004 1478 4058 δὲ
1498 4006 1563 4059 τά
1586 4006 1830 4074 δόγματα

255 4093 368 4143 τῶν
396 4094 742 4162 γραμμάτων
791 4094 1235 4163 παρακατασχὼν
1297 4097 1552 4165 πειρᾶται
1596 4098 1693 4157 τὰς
1735 4096 1829 4148 τοῦ

256 4182 596 4251 Εὑαγγελίου
682 4184 856 4249 λέξεις
926 4186 1018 4238 καὶ
1086 4186 1180 4238 τοῦ
1231 4187 1552 4239 Ἀποστόλου
1621 4187 1830 4250 τούτοις

256 4275 585 4344 ἐναρμόζειν
614 4293 673 4328 τε
703 4276 799 4328 καὶ
833 4276 1177 4346 περιάπτειν.
1206 4278 1298 4329 Διὸ
1333 4276 1511 4346 πάσης
1533 4276 1697 4330 αὐτοῦ
1723 4277 1830 4329 τῶν

253 4363 689 4433 ἱυσσεϐημάτων
774 4364 1305 4434 καταψηφισάμενος
1381 4365 1602 4433 βίϐλου,
1684 4366 1828 4436 μόνῳ

256 4455 616 4522 προσανέχειν
637 4452 713 4523 τῷ
736 4454 1049 4524 Εὐαγγελίῳ
1091 4454 1185 4506 καὶ
1216 4454 1294 4523 τῷ
1322 4454 1628 4524 Ἀποστόλῳ
1661 4457 1827 4525 πρόσ-

1937 3272 2269 3340 impietatem
2320 3282 2373 3326 et
2413 3271 2775 3327 defectionem
2835 3290 2986 3328 suam
3045 3276 3504 3342 abominandam,

1936 3363 2299 3431 omnibusque
2341 3363 2569 3416 invisam
2614 3379 2678 3417 ac
2736 3380 2985 3432 perosam
3036 3381 3178 3430 esse,
3237 3368 3505 3423 diabolica

1936 3454 2167 3508 consilio
2218 3456 2322 3509 hoc
2365 3456 2733 3509 machinatur.
2793 3455 2997 3511 Omnes
3044 3460 3261 3527 quidem
3298 3462 3502 3524 libros,

1935 3557 2072 3612 quos
2111 3545 2299 3615 religio
2324 3561 2421 3600 sua
2457 3547 2711 3615 diligebat
2752 3555 2806 3599 et
2838 3548 3282 3617 amplectebatur,
3318 3554 3505 3619 objicit

1936 3642 1991 3687 et
2042 3635 2323 3703 repudiat;
2382 3636 2476 3688 sed
2532 3637 2781 3705 dogmata
2832 3653 2928 3690 sua
2981 3640 3197 3708 scriptis
3247 3641 3501 3696 destituta

1936 3727 2198 3792 retinens,
2243 3728 2373 3797 ipsis
2409 3729 2681 3798 Evangelii
2722 3739 2774 3782 et
2803 3730 3042 3799 Apostoli
3076 3733 3218 3785 dicta
3250 3734 3503 3803 adaptare

1935 3824 1989 3869 et
2018 3818 2314 3889 adjungere
2344 3829 2590 3875 conatur.
2624 3821 2945 3884 Qamobrcm
2982 3822 3234 3877 damnato
3264 3826 3502 3893 quolibet

1933 3911 2093 3976 libro,
2143 3913 2473 3981 impietatem
2508 3929 2659 3966 suam
2704 3914 3027 3982 prceferente
3063 3916 3154 3967 uni
3214 3917 3503 3987 Evangelio

1932 4010 1988 4055 et
2014 4004 2258 4071 apostolo
2310 4004 2697 4057 attendendum
2745 4021 2864 4058 esse
2916 4006 3103 4058 statuit
3142 4022 3205 4061 ac
3238 4008 3498 4072 decernit,

1934 4103 1994 4146 ut
2026 4109 2194 4162 pravo
2224 4094 2533 4161 hujusmodi
2566 4094 2792 4148 artificio
2823 4096 3107 4163 apostasia:
3145 4114 3256 4150 sua)
3283 4114 3499 4154 caenum

1930 4180 2214 4249 obtegens,
2249 4182 2585 4237 mortiferum
2619 4184 2936 4252 Opinionum
2969 4200 3188 4240 suarum
3228 4205 3497 4244 venenum

1931 4272 2117 4325 multis
2150 4272 2381 4327 miscere
2440 4284 2641 4342 posset.
2693 4274 2798 4328 Sed
2855 4276 2943 4331 ille
2998 4278 3180 4346 specie
3228 4282 3403 4335 solum
3447 4295 3503 4337 et

1932 4364 2187 4433 figmento
2245 4364 2504 4431 quodam,
2570 4374 2627 4417 ut
2674 4366 2876 4418 dictum
2925 4378 3026 4430 est,
3082 4367 3497 4425 Manichaeorum

1930 4451 2099 4505 libros
2135 4453 2379 4523 ablegat;
2408 4462 2596 4522 utpote
2633 4455 2724 4523 qui
2756 4466 3027 4522 cerneret,
3060 4458 3497 4515 Christianorum

252 4514 445 4613 ταγμά
472 4514 531 4597 τὲ
567 4546 661 4597 καὶ
685 4514 1032 4615 emeda-spa-
1060 4514 1293 4599 ποιεῖται
1320 4561 1333 4574 ο
1368 4545 1443 4609 ὡς
1478 4546 1542 4599 ἂν
1571 4514 1822 4617 δυνηθείη
1858 4514 1900 4569 D

1858 4514 1900 4569 Ι)
1930 4543 2096 4613 leges,
2126 4559 2220 4599 eos
2254 4546 2343 4613 qui
2374 4550 2659 4614 apostasia:
2691 4548 2842 4601 libris
2879 4558 3117 4613 utantur,
3160 4552 3341 4620 gladio
3368 4556 3497 4605 sub-

255 4638 344 4689 διὰ
368 4638 467 4705 τῆς
490 4638 746 4708 τοιαύτης
770 4637 1129 4707 κακοτεχνίας
1152 4636 1627 4707 ἐπικαλυψάμενος
1653 4639 1819 4692 αὑτοῦ

253 4726 351 4779 τὸν
385 4726 647 4799 βόρϐορον
701 4728 801 4796 τῆς
846 4727 1219 4792 ἀποστάσιας,
1253 4725 1465 4788 πολλοῖς
1509 4726 1601 4778 τὸν
1659 4727 1822 4779 θανα-

1337 4902 1568 4958 VARUE
1618 4903 2003 4961 LECTIONES

322 5063 435 5134 (ἥ)
478 5063 576 5134 Ὠς
605 5060 721 5134 καί.
764 5059 953 5134 Addidi
976 5059 1034 5112 τὸ
1057 5059 1153 5134 και
1177 5075 1240 5115 ex
1273 5074 1376 5134 ms.
1410 5067 1619 5134 nostro.

323 5127 435 5201 (24)
474 5133 544 5184 Τὸ
578 5131 793 5199 μέσον.
824 5131 1017 5201 Noster
1057 5131 1183 5200 legit
1237 5129 1297 5182 τὸ
1325 5131 1381 5201 ἐν
1432 5129 1580 5201 μέσῳ
1628 5127 1818 5181 eodem

252 5199 416 5257 sensu
461 5203 494 5252 i.
530 5217 579 5253 e.
623 5217 713 5253 nec
766 5200 989 5253 multum
1039 5199 1283 5268 temporis
1316 5199 1648 5265 interjeclum
1677 5207 1816 5268 ierat.

250 5276 523 5327 Cmterum
564 5271 686 5322 inde
744 5270 810 5323 ab
851 5271 951 5322 hoc
1004 5267 1339 5338 paragrapho
1384 5269 1622 5321 narratio
1671 5267 1817 5321 Petri

254 5343 423 5397 Siculi
469 5356 592 5393 eum
623 5339 882 5393 Photiana
909 5349 1089 5393 nostra
1126 5341 1349 5409 propius
1376 5338 1691 5399 concordat,
1724 5338 1815 5405 qui

251 5415 536 5479 hucusque
559 5410 837 5479 Cyrillum,
871 5409 1146 5479 Socratem
1180 5418 1231 5461 et
1261 5409 1643 5477 Epiphanium,
1680 5423 1816 5475 quos

251 5478 461 5538 diserte
495 5478 756 5543 nominat,
785 5480 1024 5548 pressius
1050 5478 1246 5533 Photio
1273 5488 1389 5531 erat
1419 5486 1655 5531 secutus.

321 5553 438 5620 (25)
476 5550 779 5625 Τοιαύτης.
805 5548 1355 5625 Restituieitnostro.
1437 5614 1471 5625 __
1667 5616 1717 5625 Μ

325 5614 437 5693 (26)
468 5614 837 5693 ιιανάναᾳις.
868 5619 945 5672 lta
972 5618 1333 5672 Coislinianus
1357 5626 1411 5671 et
1437 5614 1628 5693 Petrus
1666 5616 1819 5693 Sicu-

252 5688 359 5752 lus.
396 5708 450 5761 p.
476 5690 825 5761 #UtI'CClllIS,
870 5697 1112 5761 ut_puto,
1149 5697 1361 5761 nostro,
1389 5689 1476 5761 qui
1508 5688 1634 5761 legit
1676 5688 1818 5761 Μαι-

253 5757 420 5823 νάλιξ.
462 5759 661 5812 Confer
720 5758 879 5824 infra,
919 5757 945 5828 ἓ
981 5760 1041 5812 l7
1092 5768 1147 5812 et
1180 5760 1264 5822 18,
1315 5759 1403 5812 ubi
1439 5759 1627 5813 eodem
1661 5757 1819 5810 modo

258 5832 533 5886 scribitur.

1925 4636 2125 4705 jicere,
2179 4652 2381 4705 eosque
2422 4637 2569 4705 ipsos
2607 4638 2773 4691 libros
2826 4638 2933 4706 igni
2983 4639 3350 4696 absumendos
3385 4653 3495 4697 tra-

1931 4730 2079 4783 dere.
2117 4727 2195 4781 Ελ
2221 4730 2563 4798 dogmatibus
2597 4746 2725 4799 ergo
2755 4730 2868 4783 suis
2889 4747 2973 4793 ea,
3006 4748 3124 4799 qua:
3149 4734 3215 4787 ad
3244 4735 3493 4803 impieta-

2064 4905 2151 4959 ET
2183 4905 2413 4962 ΝΟΤᾸΞ.

1995 5058 2105 5133 (9'7)
2147 5057 2444 5133 Μεγᾲλου.
2488 5060 2677 5115 Noster
2703 5062 2829 5132 legit
2863 5063 3041 5129 ἀγίου,
3080 5064 3238 5132 prius'
3270 5069 3489 5133 rectius;

1920 5127 2349 5205 librariusenim
2374 5134 2449 5205 de
2476 5127 2814 5205 przeceden'te
2838 5127 3096 5202 proxime
3128 5134 3285 5195 ἀγίου
3316 5127 3491 5205 Εὑαγξ

1919 5199 2097 5271 γελίου
2129 5200 2307 5252 adhuc
2338 5198 2601 5271 cogitasse
2625 5198 2855 5255 videtur:

1991 5269 2099 5343 (ῥὸ)
2144 5269 2424 5323 Παύλου.⁷
2461 5270 2923 5337 Omittit'Noster,
2958 5273 3097 5326 sicut
3153 5282 3209 5328 et
3248 5273 3486 5343 Siculus,

1915 5352 1969 5406 p.
1997 5338 2084 5390 40.

1986 5407 2095 5476 (29)
2142 5412 2547 5477 Ἀμειόόμενος
2581 5409 2691 5477 τῆς
2724 5411 2925 5475 ξενίας
2947 5414 3266 5477 ξενισθείς.
3310 5417 3488 5471 Imita-

1918 5485 2003 5555 t_ur
2029 5487 2083 5555 et
2117 5480 2331 5555 supplet
2364 5479 2613 5555 Siculus:
2662 5481 3047 5555 ξΑμειϐόμενος
3083 5485 3229 5551 αύτῷ
3259 5487 3357 5555 τὴν
3389 5491 3487 5555 τῆς

1919 5546 2221 5616 ξενοδοχίας
2259 5552 2604 5617 άντάμειῲιν.
2658 5546 2808 5615 Quod
2842 5552 2961 5604 ideo
3019 5546 3231 5615 moneo,
3264 5546 3323 5609 ut
3355 5546 3486 5610 ceti;

1917 5618 2205 5691 venientia:
2258 5618 2310 5669 in
2361 5629 2589 5687 utroque
2636 5618 2910 5688 Scriptore
2950 5623 3195 5691 exempla
3250 5628 3482 5681 manife-

1919 5690 2083 5739 stiora
2125 5690 2250 5749 sint,
2314 5705 2435 5756 quae
2487 5691 2787 5757 frequentia
2838 5692 2890 5744 in
2939 5690 3479 5751 istiusinarrationis

1919 5773 2057 5809 serie
2085 5768 2397 5811 occurruut.

1990 5828 2097 5895 (5U)
2130 5827 2219 5880 Δέ.
2254 5828 2414 5883 Abest
2448 5849 2475 5884 a
2511 5843 2713 5886 nostro.
