4222 6432
735 405 800 468 47
1850 400 2113 461 PIIOTII
2157 400 2353 462 PATR
2363 400 2662 462 IARCHE
2697 401 2804 462 ΟΡ.
3902 406 3974 472 43

739 528 847 574 tem
895 515 1285 585 opportuniora
1313 523 1367 569 et
1420 513 1744 583 perfectiora
1801 523 1994 576 erant,
2033 513 2221 567 fovens
2249 523 2304 568 et
2333 519 2376 576 Α

2303 519 2376 576 ηΑ
2406 513 2642 584 τηφόρον
2712 513 2788 565 ίὸν
2841 514 2950 569 τῶν
2999 515 3343 586 δηλητηρίων
3403 517 3565 570 αὐτοῦ
3616 516 3970 588 δοξασμάτων

739 607 1095 675 amplectens,
1131 605 1332 658 nullam
1356 619 1466 657 non
1495 603 1800 656 machinam
1824 614 1878 658 et
1895 605 2302 659 contentionem

737 699 1052 762 adhibebat,
1093 705 1151 751 ut
1206 713 1299 751 eas
1341 696 1632 750 Dominicis
1677 697 2097 766 apostolicisque
2145 697 2304 751 dictis

735 791 1028 858 subjiceret
1057 789 1461 857 adaptaretque.
1507 786 1775 841 Valentini
1842 797 2024 842 autem
2078 797 2300 855 porten-

735 893 906 935 tosam
932 882 998 935 de
1026 881 1239 950 triginta
1267 879 1512 933 amnibus
1545 890 1596 932 et
1623 879 1727 933 diis
1759 879 2081 942 doctrinam,
2105 888 2159 932 et
2189 880 2299 933 Cu-

737 973 873 1026 brici
906 971 1326 1026 abominandam
1352 971 1417 1024 de
1445 971 1627 1040 pluvia
1659 969 1916 1036 fabulam,
1949 971 2302 1040 Basilidisque

732 1063 920 1117 sordes
951 1071 1007 1116 et
1039 1062 1306 1126 lascivias,
1337 1076 1440 1115 nec
1473 1078 1580 1115 non
1605 1062 1851 1131 putidum
1874 1063 2125 1132 quodque
2148 1063 2302 1116 simi-

733 1154 868 1206 lium
901 1153 1185 1207 hominum
1214 1169 1453 1217 ccenum,
1490 1169 1643 1222 aeque
1673 1154 2010 1209 confidenter
2043 1162 2097 1208 et
2127 1154 2301 1224 palam

734 1245 1197 1313 amplectebatur,
1274 1260 1452 1314 neque
1501 1245 1802 1299 secundum
1871 1246 2196 1300 sententiam
2248 1253 2302 1299 et

733 1336 1114 1406 mystagOgiam
1169 1349 1323 1388 suam
1384 1334 1698 1404 rejiciebat,
1749 1335 1844 1390 sed
1879 1336 2029 1390 velut
2084 1335 2300 1405 quidam

735 1439 925 1477 recens
991 1438 1272 1491 novusque
1327 1423 1620 1493 legislator,
1673 1438 1740 1477 ex
1795 1424 2080 1478 meretrice
2130 1434 2185 1478 et
2233 1439 2300 1478 ex

733 1516 881 1567 varie
913 1515 1194 1567 commista
1232 1513 1507 1582 impietate
1537 1514 1786 1582 dogmata
1815 1513 2059 1582 gignens,
2079 1521 2300 1582 aposta-

733 1605 826 1657 sia:
858 1605 962 1656 dux
987 1614 1042 1656 et
1073 1603 1360 1671 praefectus
1383 1603 1437 1655 in
1473 1612 1774 1656 extremam
1806 1602 2299 1671 obtemperantium

734 1693 1030 1761 perniciem
1079 1691 1410 1746 declaratur.
1443 1689 1807 1755 Quamobrem
1846 1691 2096 1745 hodierni
2132 1691 2300 1745 Mani-

733 1784 892 1846 chtei,
928 1795 985 1836 ut
1010 1784 1262 1852 superius
1283 1783 1415 1845 dixi,
1447 1784 1823 1854 Scythianum,
1863 1783 2065 1838 Budem
2102 1795 2158 1839 et
2187 1784 2300 1839 Ma-

2406 604 2723 672 ἐγκερὰσαι.
2779 605 2916 658 Ἀλλ’
2949 606 3338 676 ἀποπέμπεται
3365 609 3485 677 μὲν,
3514 608 3702 678 ὥσπερ
3731 611 3968 679 εἴρηται,

2407 698 2649 765 σχήματι
2707 697 2854 766 μόνῳ
2883 697 2976 750 καὶ
3022 699 3302 769 πλάσματι
3357 701 3456 760 τὰς
3489 701 3598 753 τῶν
3655 703 3971 771 Μανιχαίωι

2407 787 2648 856 βίϐλους,
2679 787 2774 840 ἆτε
2807 787 2871 856 δὴ
2914 790 3007 841 καὶ
3037 790 3178 857 όρῶν
3207 791 3334 855 τοὺς
3376 793 3484 847 τῶν
3510 791 3846 864 Χριστιανῶν
3887 796 3970 846 νό-

2408 893 2540 946 μους
2592 876 2756 941 τοὺς,
2806 877 2921 930 ὅσοι
2977 880 3272 949 κέχρηνται
3322 885 3441 944 ταῖς
3491 884 3590 953 τῆς
3629 885 3970 946 ἀποστασίας

2405 970 2627 1041 βίϐλοις,
2661 971 2738 1041 τῷ
2765 971 2906 1041 ξίφει
2936 972 3325 1041 παραδιδόντας
3354 975 3465 1042 (31)
3495 976 3586 1026 καὶ
3631 975 3798 1037 αὑτὰς
3826 975 3970 1026 ἐκεί-

2404 1078 2501 1123 νας
2529 1062 2701 1132 πυρὸς
2731 1062 2980 1130 δαπάνην
3004 1061 3117 1130 (52)
3146 1063 3517 1132 ποιουμένους.
3552 1064 3631 1116 Τά
3663 1065 3841 1134 μέντοι
3864 1065 3971 1115 τῶν

2405 1149 2762 1218 δοξασμάτων
2791 1151 3187 1221 ἐπικαιρότατα
3211 1153 3308 1205 καὶ
3328 1152 3529 1217 τέλεια,
3555 1155 3690 1223 πρὸς
3713 1154 3972 1207 ἀσέϐειαν

2406 1241 2756 1312 περιθάλπων
2780 1259 2838 1294 τε
2877 1245 2968 1295 καὶ
3002 1243 3529 1313 περιπτυσσόμενος,
3573 1247 3688 1307 τοῖς
3711 1249 3971 1299 Δεσποτι-

2404 1335 2518 1395 κοῖς
2547 1333 2644 1386 καὶ
2675 1333 3057 1395 ἀποστολικοῖς
3088 1333 3411 1387 ὑποϐάλλειν
3453 1353 3512 1388 τε
3542 1338 3634 1388 καὶ
3658 1336 3967 1388 ὑποτιθέναι

2407 1425 2673 1493 ῥήμασιν,
2726 1423 2971 1495 μηχανὴν
3017 1425 3197 1478 πᾶσαν
3251 1427 3345 1477 καὶ
3374 1426 3561 1492 ἀγῶνα
3604 1427 3829 1479 ἐτίθετο.
3857 1427 3969 1488 Τὰς

2403 1515 2459 1568 δέ
2496 1531 2559 1582 γε
2591 1516 2942 1568 Οὐαλεντίνου
2972 1515 3350 1585 τερατολογίας
3383 1517 3492 1569 τῶν
3515 1518 3808 1587 τριάκοντα
3835 1518 3970 1570 aleb-

2402 1624 2508 1660 νων
2559 1608 2652 1660 καὶ
2721 1606 2859 1659 θεῶν
2898 1607 2992 1659 καὶ
3043 1608 3142 1676 τὴν
3200 1607 3297 1660 τοῦ
3339 1609 3650 1678 Κουϐρίκου
3709 1610 3968 1678 περὶτοῦ

2404 1696 2560 1751 ὑετοῦ
2595 1691 2703 1767 (35)
2741 1697 3034 1768 βδελυκτὴν
3079 1698 3422 1768 μυθοποιίαν,
3457 1699 3764 1752 Βασιλείδου
3796 1717 3855 1752 τε
3896 1703 3968 1755 τὰ

2406 1788 2689 1858 μιάσματα
2720 1788 2931 1850 καὶτὰς
2962 1788 3268 1854 ἀσελγείας,
3302 1789 3395 1843 καὶ
3424 1791 3529 1843 τῶν
3568 1791 3967 1860 παραπλησίων

734 1884 912 1928 netem
954 1876 1183 1928 libenter
1224 1875 1570 1928 anathemate
1620 1873 1844 1939 feriunt,
1881 1875 2296 1929 Constantinum
2329 1863 2401 1918 Βι

2329 1863 2369 1918 Β
2399 1881 2490 1931 τὸν
2516 1878 2725 1947 δυσώδη
2763 1878 3042 1948 βόρϐορον,
3083 1878 3205 1931 οὕτε
3229 1881 3325 1932 σὺν
3355 1881 3635 1952 παρρησίᾳ
3667 1881 3963 1949 ἠσπάζετο,

731 1981 862 2018 vero
895 1965 1124 2017 maxime
1155 1964 1432 2018 celebrant
1457 1974 1511 2016 et
1538 1963 1751 2029 colunt;
1803 1965 2026 2033 ejusque
2078 1980 2296 2019 succes-

732 2073 883 2110 sores
923 2071 1079 2125 pares
1115 2057 1375 2124 apostolis
1405 2055 1630 2119 Christi,
1676 2071 1745 2110 ne
1785 2056 1913 2126 quid
1952 2057 2182 2126 amplius
2211 2057 2294 2112 di-

732 2167 873 2214 eam,
909 2149 1222 2218 prtedicant.

2405 1969 2530 2022 οὔτε
2563 1970 2702 2022 κατὰ
2733 1969 2956 2040 γνώμην
3002 1971 3096 2024 καὶ
3145 1973 3535 2040 μυσταγωγίαν
3572 1974 3964 2042 ἀπεστρέφετο.

2418 2062 2554 2115 Ἀλλ’
2593 2057 2679 2115 οἷά
2707 2079 2790 2124 τις
2827 2062 3138 2132 πρόσφατος
3185 2063 3282 2116 καὶ
3327 2065 3510 2127 καινὸς
3556 2063 3850 2134 νομοθέτης
3904 2067 3970 2116 ἐκ

2403 2151 2608 2222 πόρνης
2646 2167 2704 2202 τε
2736 2151 2828 2203 καὶ
2849 2152 3189 2204 πολυπλόκου
3238 2152 3551 2216 δυσσεϐείας
3595 2155 3843 2223 δόγματα
3878 2172 3970 2205 τε-

733 2241 863 2304 ad»,
911 2241 1249 2302 ἀποστασίας
1283 2239 1474 2309 όδηγὸς
1502 2242 1596 2292 καὶ
1626 2241 1938 2310 προστάτης
1969 2242 2081 2304 τοῖς
2116 2241 2454 2314 πειθομένοις
2507 2243 2744 2313 ἐσχάτης
2772 2243 3046 2304 ἀπωλείας
3077 2243 3475 2299 ἀναδείκνυται.
3534 2247 3696 2299 Ὅθεν
3758 2249 3806 2299 οί
3873 2248 3969 2299 νῦν

731 2337 839 2388 τῶν
869 2334 1186 2403 Μανιχαίων
1219 2333 1428 2398 παῖδες,
1477 2334 1553 2396 ὡς
1583 2334 1677 2386 καὶ
1712 2335 1840 2403 πρὶν
1897 2335 2066 2403 ἔφθην
2101 2335 2292 2399 είπὼν,
2333 2336 2624 2390 Σκυθιανὸν
2685 2338 2782 2407 μὲν
2846 2338 2942 2390 καὶ
2981 2337 3205 2409 Βούδην,
3237 2339 3332 2392 καὶ
3384 2339 3640 2392 Μάνεντα
3669 2339 3968 2410 προθύμως

732 2429 808 2497 τῷ
838 2427 1139 2496 ἀναθέματι
1173 2427 1503 2496 πέμπουσιν,
1555 2428 1964 2480 Κωνσταντῖνον
1995 2427 2052 2480 δὲ
2104 2430 2183 2492 είς
2224 2430 2291 2483 τὰ
2332 2429 2563 2499 μάλιστα
2613 2428 2886 2493 θειάζουσί
2931 2448 2991 2484 τε
3040 2432 3136 2484 καὶ
3207 2432 3567 2500 περιέπουσιο
3619 2433 3710 2484 καὶ
3747 2431 3810 2500 δὴ
3875 2429 3968 2483 καὶ

732 2520 859 2581 τοὺς
911 2519 1025 2588 μετ’
1065 2517 1227 2570 αὑτὸν
1277 2516 1696 2585 ἀναδειχθέντας
1739 2517 2050 2586 διαδόχους,
2086 2518 2174 2570 ῐσα
2206 2519 2298 2571 καὶ
2336 2517 2571 2590 Χριστοῦ
2595 2517 2961 2588 γεραίρουσιν,
2987 2520 3073 2572 ἵνα
3101 2519 3176 2590 μὴ
3193 2517 3358 2571 πλέον
3407 2518 3566 2580 εἴπω,
3620 2519 3964 2575 ἀποστόλοις.

808 2608 972 2662 XVII.
1007 2608 1104 2662 llic
1149 2622 1311 2677 porro
1357 2606 1767 2671 Constantinus,
1805 2609 1896 2676 qui
1944 2617 1997 2660 et
2022 2607 2294 2670 Silvanus,

2476 2609 2574 2661 IZ'.
2623 2608 2764 2662 Ἀλλ’
2778 2602 2932 2664 οὗτος
2953 2608 2982 2660 ό
3014 2610 3076 2660 ἐκ
3110 2609 3524 2661 Κωνσταντίνου
3547 2609 3963 2677 Σιλουανὸςῶ-ί)

737 2703 959 2756 mutatis
1007 2699 1251 2762 sedibus,
1303 2698 1566 2752 Mananali
1602 2698 1880 2753 Cibossam
1938 2699 2212 2768 profectus
2247 2702 2300 2770 (0

2299 2728 2300 2743 ι
2405 2698 2485 2760 είς
2536 2697 2827 2750 Κίϐωσσαν
2893 2698 3000 2750 ἀπὸ
3051 2698 3346 2761 Μανάλεως
3401 2699 3512 2768 (35)
3569 2699 3841 2769 μετελθὼν
3901 2703 3966 2770 (ὦ

737 2796 955 2864 impiam
1010 2793 1270 2854 animam,
1321 2801 1665 2860 mentemque
1731 2791 2080 2860 impudentiae
2138 2800 2300 2861 atque

2299 2819 2300 2838 ;
2404 2789 2578 2858 ψυχῆς
2610 2788 2771 2844 ἀθέου
2814 2791 2908 2841 καὶ
2940 2788 3165 2860 γνώμης
3207 2791 3390 2842 πᾶσαν
3429 2791 3813 2860 ἀναισχυντίαν
3871 2797 3966 2847 καὶ

741 2885 1026 2940 mendacio
1043 2885 1281 2939 deditam
1303 2884 1342 2952 !)
1383 2898 1440 2936 se
1469 2882 1744 2936 Silvanum
1768 2897 1886 2937 esse
1917 2883 2130 2937 diccbat
2151 2899 2296 2948 eum,
2395 2897 2408 2929 ε

2294 2928 2296 2940 ,
2395 2879 2587 2948 ψεῦδος
2613 2879 2778 2950 μηδὲν
2802 2881 3113 2950 ἡγουμένης
3139 2882 3200 2950 l),
3233 2882 3424 2936 ἐαυτὸν
3451 2883 3562 2952 (56)
3589 2885 3772 2952 ἔλεγεν
3800 2882 3961 2948 εἶναι,

737 2992 897 3046 quem
944 2974 1109 3028 divini
1149 2972 1300 3026 Pauli
1347 2970 1602 3041 Epistolm
1649 2981 1975 3025 memorant.
1999 2972 2136 3037 Quid
2172 2989 2301 3028 vero
2395 2969 2404 3020 ἕ

2297 2998 2301 3020 ι
2395 2969 2454 3021 ὃν
2506 2970 2560 3020 αί
2608 2969 2699 3020 τοῦ
2736 2969 3022 3022 θεσπεσίου
3070 2970 3284 3023 Παύλου
3345 2973 3455 3045 (57)
3505 2974 3811 3028 Ἐπιστολαὶ
3871 2978 3964 3029 ἐπὶ

738 3067 949 3122 dicetur
979 3074 1125 3119 tanta
1159 3063 1367 3118 insania
1403 3063 1624 3133 dignum
1669 3064 1692 3115 ?
1728 3063 1786 3117 In
1823 3073 2078 3131 quantam
2109 3065 2300 3120 absur-
2401 3077 2405 3124 λ

2297 3096 2300 3105 ,
2401 3060 2622 3127 μνήμης
2659 3059 2886 3128 φέρουσι
2920 3059 3226 3112 Σιλουανόν.
3254 3061 3362 3113 Καὶ
3387 3063 3437 3113 τί
3466 3062 3531 3115 ἀν
3555 3081 3634 3126 τις
3658 3066 3801 3119 εῐποι
3829 3067 3964 3135 πρὸς

738 3159 962 3212 ditatem
1011 3157 1291 3224 delapsus;
1345 3163 1548 3222 quanto
1601 3154 1804 3223 pudore
1857 3153 2138 3208 convictus
2178 3170 2300 3224 per—
2397 3165 2405 3181 ‘

2295 3186 2300 3195 .
2397 3149 2665 3219 τοσαύτην
2718 3149 3152 3220 ἐμϐροντησίαν;
3204 3153 3283 3214 είς
3316 3155 3466 3206 ποῖον
3505 3155 3560 3207 δὲ
3607 3156 3806 3210 ἄτοπον
3857 3160 3962 3211 ἀπ-

741 3249 999 3302 l‘undetur
1049 3247 1114 3310 is,
1143 3246 1234 3315 qui
1269 3246 1336 3298 ab
1367 3245 1485 3314 ipso
1511 3244 1776 3313 principio
1826 3260 1922 3312 per
1961 3245 2298 3299 manifestam
2328 3232 2372 3294 C
2404 3262 2408 3289 ε

2293 3267 2298 3299 ι
2328 3232 2372 3294 C
2404 3240 2689 3311 ενεχθέντα
2723 3243 2834 3312 (58)
2866 3259 2946 3305 τις
2981 3243 3416 3312 ἐπιδειξάμενος,
3447 3248 3799 3318 αἰσχυνθῆναι
3856 3269 3960 3303 πα-

741 3338 986 3392 fraudcm
1017 3346 1073 3390 et
1102 3335 1366 3390 insaniam
1409 3349 1760 3404 prorumpere
1786 3350 1894 3389 non
1925 3337 2173 3390 erubuit?
2201 3337 2298 3390 At-

745 3442 948 3491 tamen,
987 3429 1111 3482 licet
1160 3429 1232 3481 ita
1267 3427 1557 3496 conspicue
1595 3436 1845 3496 portenta
1881 3428 2212 3499 contingeret
2237 3445 2300 3484 ac

744 3521 1072 3575 mentiretur
1100 3559 1112 3582 ,
1154 3533 1262 3571 non
1296 3517 1546 3577 defuere,
1586 3517 1678 3586 qui
1731 3519 1849 3585 ejus
1883 3518 2040 3573 dictis
2086 3520 2298 3587 pellecti

744 3613 840 3680 ipsi
914 3612 1374 3678 obtemperarent.
1434 3608 1498 3661 Et
1551 3608 1638 3661 ille
1703 3609 1920 3676 quidem
1979 3609 2299 3665 Macedonas

745 3701 976 3756 vocabat
1009 3699 1304 3769 discipulos
1355 3714 1505 3761 suos,
1554 3713 1753 3766 seque,
1790 3709 1849 3753 ut
1880 3716 2042 3769 supra
2098 3703 2299 3756 dictum

745 3800 850 3855 est,
887 3791 1188 3851 Silvanum,
1223 3803 1389 3856 seque
1417 3804 1446 3841 a
1476 3788 1661 3842 divino
1696 3789 1860 3842 Paulo
1893 3791 2113 3844 missum
2142 3790 2300 3860 jacti-

746 3883 916 3943 tabat,
970 3881 1182 3948 aliaque
1219 3877 1410 3930 similia
1445 3877 1610 3930 multa
1647 3877 1946 3932 eﬂ’utiebat.
1999 3878 2103 3933 Sed
2150 3888 2298 3948 post-

742 3989 904 4044 quam
974 3980 1280 4026 monstrum
1337 3969 1463 4022 illud
1527 3969 1832 4024 seducendo
1881 3971 2078 4039 populo
2111 3981 2297 4025 natum

745 4062 934 4132 viginti
977 4070 1186 4128 septem
1240 4074 1410 4112 annos
1442 4059 1495 4112 in
1526 4059 1684 4113 dictis
1722 4060 1852 4113 locis
1890 4072 2182 4119 manserat.
2216 4063 2298 4115 in-

743 4155 1095 4218 colarumque
1131 4149 1328 4201 multos
1356 4147 1409 4200 in
1441 4148 1684 4200 eamdem
1723 4159 1954 4202 traxerat
1981 4149 2295 4216 perniciem,

749 4243 800 4294 in
841 4240 1115 4308 impietate
1167 4236 1535 4305 deprehensus
1575 4252 1690 4300 sua,
1745 4252 1865 4290 cum
1891 4237 2036 4304 jactu
2067 4237 2297 4305 lapidum

747 4347 934 4401 pennas
958 4330 1216 4391 dedisset,
1244 4328 1296 4380 in
1325 4327 1594 4380 infernum
1625 4328 1901 4398 ingressus
1921 4335 2023 4381 est.
2046 4327 2123 4381 lle
2153 4343 2301 4382 com-

2404 3333 2731 3402 ρασκευάσει
2758 3333 2857 3404 τὴν
2889 3333 2985 3386 ἀπ’
3018 3333 3188 3402 αὐτῆς
3215 3336 3391 3406 ἀρχῆς
3418 3338 3559 3391 οὕτω
3587 3340 3675 3392 διά
3704 3343 3962 3410 καταφώ-

2405 3437 2497 3490 ρου
2547 3421 2755 3490 κλοπῆς
2805 3423 2898 3474 καὶ
2937 3423 3364 3493 φρενοϐλαϐείας
3413 3431 3514 3480 οὐκ
3564 3430 3959 3499 ἐρυθριάσαντα

2403 3510 2716 3579 προελθείν;
2764 3512 2906 3582 Πλὴν
2939 3513 3052 3565 ἀλλ’
3082 3513 3223 3566 οὕτω
3255 3518 3571 3586 περιφανῶς
3599 3524 3960 3590 τερατευόμε-

2402 3618 2490 3662 νος
2526 3603 2618 3654 ml.
2667 3602 3025 3671 ψευδολογῶν,
3057 3623 3238 3674 ευρεν,
3264 3606 3356 3668 οὓς
3387 3607 3628 3672 εἵλκυσε,
3675 3611 3958 3665 πείθεσθαι

2403 3693 2570 3763 αὐτῷ.
2614 3693 2722 3746 Καὶ
2773 3695 3088 3758 Μακεδόνας
3125 3698 3222 3765 μὲν
3261 3697 3448 3750 ἐκάλει
3474 3701 3598 3761 τοὺς
3622 3700 3717 3768 τῆς
3746 3702 3958 3773 ἀπάτης

2405 3783 2688 3852 μαθητὰς,
2745 3785 2937 3838 ἐαυτὸν
2976 3785 3056 3848 δέ,
3122 3787 3196 3849 ὡς
3251 3789 3598 3858 προείρηται,
3653 3785 3955 3846 Σιλουανόν’

2400 3875 2733 3927 ἀπεστάλθαι
2780 3891 2838 3927 τε
2893 3877 3044 3944 παρά
3094 3877 3186 3930 τοῦ
3231 3877 3515 3930 θεσπεσίου
3553 3879 3763 3932 Παύλου
3823 3884 3960 3951 πρὸς

2399 3967 2616 4029 αὐτοὺς,
2647 3965 2741 4018 καὶ
2773 3965 2944 4019 πολλά
2975 3966 3197 4020 τοιαῦτα
3228 3968 3360 4021 ἄλλα
3391 3969 3746 4040 διερῤαψῲδει
3776 3989 3835 4024 τε
3865 3975 3959 4026 καὶ

2400 4059 2788 4113 συνέπλαττεν.
2858 4060 2996 4112 Ἀλλ’
3045 4063 3216 4114 εῐκοσι
3239 4063 3337 4131 μὲν
3388 4063 3478 4115 καὶ
3513 4066 3650 4117 ἐπτά
3674 4065 3959 4135 διατρίψας

2399 4151 2493 4222 ἐτη
2525 4151 2644 4218 ὅλα,
2671 4155 2726 4205 ὲν
2774 4147 2854 4214 οἷς
2899 4153 3112 4222 εἴρηται
3139 4154 3342 4216 τόποις,
3380 4157 3440 4207 τὸ
3470 4155 3763 4220 λαοπλανές
3785 4159 3960 4212 ἐκεῖνο

2400 4243 2493 4295 καὶ
2528 4245 2912 4313 κακομήχανον
2938 4246 3126 4311 τέρας,
3165 4246 3391 4310 πολλούς
3428 4264 3488 4299 τε
3526 4249 3633 4300 τῶν
3679 4251 3960 4320 ἐγχωρίων

2399 4333 2498 4401 τῆς
2562 4334 2728 4402 αὐτῆς
2776 4340 3068 4404 μετασχεῖν
3130 4338 3558 4404 παρασκευάσας
3613 4339 3819 4408 λύμης,
3865 4347 3960 4395 καὶ

1818 4461 2051 4516 VARIAE
2095 4461 2470 4520 LECTIONES
2508 4466 2595 4521 ET
2625 4467 2863 4523 ΝΟΤΑΞ..

819 4599 1114 4666 (⁸51)ΞΙ;ρει
1143 4593 1595 4667 παραδιδόντας.
1629 4595 1703 4667 Ita
1728 4609 1791 4648 ex
1824 4594 2000 4648 edicto
2030 4592 2298 4647 Constan—
2333 4578 2374 4630 ί)
2407 4599 2486 4652 ειη

1779 4611 1791 4648 t
1824 4594 2000 4648 edicto
2030 4592 2298 4647 Constan—
2333 4578 2374 4630 ί)
2407 4599 2691 4667 aliquoties
2721 4608 2868 4654 recte
2899 4601 3177 4666 Σιλουανὸς
3205 4615 3446 4660 vocatur.

749 4669 844 4721 lini
881 4665 1437 4735 olimcapitale_erat,
1473 4665 1584 4735 Arrii
1633 4665 1793 4717 libros
1825 4679 2126 4735 asservare,
2171 4672 2306 4735 teste

749 4739 970 4791 Socrate
1010 4730 1204 4791 Histor.
1262 4732 1455 4786 Eccles.
1515 4734 1605 4785 lib.
1649 4749 1697 4793 ι,
1732 4749 1781 4786 e.
1835 4733 1886 4786 9.
1949 4731 2148 4786 Confer
2188 4730 2303 4786 Pet.

748 4807 893 4860 Βιριίί
954 4805 1338 4860 Dictionarium
1404 4801 1983 4863 Historico—Criticum,
2037 4811 2184 4855 tomo
2250 4802 2303 4864 Ι,

788 4914 801 4928 .
831 4876 954 4930 554.

747 4892 1165 5015 θ’(ἐέἶήυρρς
1209 4941 1510 5015 δαπάνην.
1685 4941 1987 5015 Gregorius
2027 4940 2096 4994 Μ.
2126 4942 2303 5015 δηίᾳηῖ-

749 5010 981 5068 advertit
1027 5010 1080 5066 in
1115 5013 1493 5066 haereticorum
1556 5011 1741 5070 libros.
1795 5010 1931 5064 teste
1962 5010 2170 5065 Joanne
2203 5012 2303 5064 Sa-

749 5084 1085 5141 risberiensi.
1120 5082 1193 5134 De
1231 5082 1376 5149 nugis
1407 5080 1706 5142 curialium,
1743 5081 1835 5134 lib.
1885 5096 1942 5138 tt.
1979 5095 2026 5132 c.
2067 5079 2154 5133 26.
2187 5081 2302 5133 Alia

748 5152 1056 5222 huiusmodi
1086 5151 1533 5222 exempla_lrabes
1564 5149 1804 5222 apudllo.
1828 5149 2137 5222 Christoph.
2177 5149 2303 5202 Wa-

751 5217 1066 5291 genseilium
1105 5222 1155 5273 in
1216 5217 1534 5291 Praefationc
1591 5217 1656 5272 ad
1706 5218 2024 5291 Tela__ig_neq
2066 5217 2300 5282 Satanae,

751 5287 803 5359 β.
842 5293 872 5344 7
911 5307 1060 5360 seqq.
1101 5291 1311 5345 Sixtum
1355 5289 1669 5360 Senensemi
1704 5289 1757 5342 in
1807 5287 2048 5360 Biblioth.
2090 5299 2300 5360 sancta,

751 5357 844 5416 lib.
903 5376 961 5423 ll,
1105 5361 1204 5423 63;
1258 5369 1309 5413 et
1367 5358 1435 5411 M.
1467 5358 1825 5429 7Wilheltnum
1885 5357 2211 5429 Scltutziunr
2249 5358 2302 5411 in

754 5426 1040 5500 Disputatt'.
1077 5430 1216 5483 binis
1247 5431 1312 5483 de
1340 5428 1716 5500 combustione
1748 5427 2003 5480 librorum
2031 5426 2304 5481 lueretico-

751 5497 895 5562 rum,
932 5499 1076 5568 Lips.
1115 5500 1244 5553 1697
1272 5507 1341 5568 et
1383 5497 1753 5568 l699,_editis.

819 5569 928 5639 (33)
978 5564 1084 5622 Τοῦ
1118 5567 1316 5623 ὑετοῦ.
1373 5566 1636 5621 Disertius
1689 5567 1790 5619 hoc
1845 5564 2065 5634 exponit
2113 5564 2304 5621 Petrus

750 5638 983 5697 Siculus.
1018 5653 1071 5697 β.
1104 5639 1192 5691 6⁸2.

821 5653 1337 5778 ξξῖς³’Σ¹τ.ἰόῗίινός-.
1384 5705 1699 5778 Σ-ᾳλοάνους-
1734 5702 1990 5778 mendose
2013 5704 2155 5778 apud
2193 5704 2293 5759 Pe-

754 5773 892 5831 trum
922 5777 1163 5832 Siculum
1200 5794 1252 5846 p.
1286 5780 1372 5840 42,
1417 5774 1616 5828 librarii
1649 5774 1816 5828 vitio:
1850 5787 1972 5826 nam
1994 5773 2153 5843 paulo
2175 5783 2293 5844 post

2481 4669 2616 4745 _(§5l_
2654 4671 3196 4745 Mar;d.lso)c.__l.ege
3251 4675 3638 4739 Μανανάλεως,
3690 4688 3748 4732 ut
3799 4695 3959 4745 supra

2409 4736 2562 4858 δάιο.)
2577 4738 2734 4794 Certe
2766 4739 2956 4793 Petrus
2987 4736 3222 4806 Siculus,
3255 4761 3308 4813 p.
3344 4745 3433 4809 44,
3461 4736 3654 4799 iterum
3686 4747 3804 4818 legit
3841 4736 3959 4801 Nla-

2409 4826 2436 4858 ν
2475 4825 2538 4858 να.
2563 4825 2642 4859 ὦς.

2479 4845 2912 4954 ίξθξνἛαυτιξν.
2973 4879 3157 4954 Forte
3192 4881 3389 4954 igitur_
3406 4886 3894 4954 metempsychosin
3932 4905 3962 4940 a

2408 4943 2726 5030 Pythagora,
2762 4949 2849 5001 cui
2875 4958 2930 5030 et
2956 4950 3085 5030 alia.
3129 4943 3329 5030 debent
3375 4943 3690 5030 Blanicba'j;
3721 4966 3962 5030 mutuam

2407 5019 2616 5082 accepit
2649 5033 2809 5085 quam
2856 5029 2911 5072 et
2956 5019 3150 5072 Suidas
3206 5028 3337 5074 tom.
3389 5022 3452 5083 ll,
3488 5037 3542 5089 p.
3576 5023 3698 5085 491,
3765 5024 3964 5078 Maneti

2409 5083 2613 5146 tribuit,
2649 5085 2753 5139 nisi
2809 5087 2988 5141 dicere
3027 5089 3181 5142 malis
3230 5104 3351 5142 eum
3410 5093 3572 5144 verba
3639 5107 3733 5145 sua
3789 5106 3965 5147 meta-

2651 5127 2753 5139 ...ω
2810 5127 2988 5141 ...νυν
3028 5127 3181 5142 ........
3419 5127 3572 5144 νων..
3640 5127 3733 5145 συ..
3791 5127 3871 5146 nu.
3901 5127 3965 5146 ..-

2408 5127 2630 5238 phq’rice
2685 5156 3090 5238 interpretanda
3137 5157 3393 5238 voluisse,
3445 5127 3966 5238 quod-PetriSic‘uli

2407 5223 2592 5300 verba,
2632 5239 2686 5292 p.
2737 5223 3476 5300 44,1indicarehvidentnr,‘
3522 5229 3610 5282 ubi
3670 5231 3966 5300 discipulos

2407 5289 2726 5375 Macedonas
2779 5295 2863 5361 (ad
2877 5311 3028 5375 .51an
3063 5295 3270 5375 scilicet
3298 5299 3424 5375 olim
3447 5289 3453 5292 ⁷
3475 5300 3674 5375 missus
3700 5289 3964 5375 eratlSil-

2406 5362 2621 5427 vanus),
2651 5377 2853 5418 severo
2877 5365 3152 5418 Silvanum
3178 5380 3204 5417 a
3230 5364 3391 5420 Paulo
3422 5369 3643 5422 missum
3667 5370 3966 5438 appellasse

2405 5428 2598 5504 fertur,
2629 5434 2770 5504 quod
2803 5444 2857 5488 et
2897 5435 3090 5504 Noster
3119 5435 3278 5504 paulo
3303 5447 3422 5504 post
3460 5439 3668 5491 recitat.

3120 5472 3438 5572 ’ίῖυὲοΙί-ῗδῖ,
3460 5472 3668 5574 ’ὣξωῖ
3689 5507 3886 5561 Thess.
3921 5523 3960 5570 ι,

2408 5568 2467 5632 1;
2503 5569 2517 5619 Ι
2551 5569 2692 5623 Petr.
2726 5588 2778 5631 v.
2815 5572 2898 5626 12.

2475 5639 2585 5709 (58)
2632 5641 3098 5709 μἈπενεχθέντιι.
3147 5643 3224 5696 lla
3255 5643 3433 5698 scribo
3481 5661 3600 5699 cum
3656 5645 3865 5704 Nostro,
3909 5655 3964 5697 et

2400 5705 2749 5831 [Campi-tino,
2784 5705 2895 5780 pro
2933 5711 3291 5782 ἐπενεχθέντα
3313 5752 3327 5777 ,
3381 5716 3525 5782 quod
3579 5715 3738 5770 habet
3767 5715 3963 5768 Coisli-
