4222 6432
244 377 312 444 49
1297 387 1596 449 CONTRA
1634 386 1794 448 MAN
1801 386 1844 447 Il

1941 386 2093 448 [EOS
2133 387 2366 449 LIBER
2407 389 2457 448 Ι.
3446 384 3510 447 50

247 494 579 565 κατάφωρος
633 497 720 567 ἐφ’
767 493 850 563 οἷς
884 500 1177 573 ἐθεομάχει
1224 502 1487 571 γεγονὼς,
1536 504 1630 557 κοιλ⁵
1662 503 1825 557 λίθων

1941 512 2083 572 perta
2140 504 2286 558 enim
2360 502 2756 559 Constantinus
2836 502 3135 571 imperator
3184 500 3511 571 Synieouem

249 585 435 655 βολαῖς
460 586 559 657 τὴν
589 588 748 658 δίκην
772 590 1025 661 ὑποσχὼν
1070 592 1160 645 ἐδυ
1218 594 1299 656 είς
1337 594 1487 663 ᾇδου.
1528 593 1825 647 Κωνσταν-

246 682 390 741 τίνος
416 678 524 749 γὰρ
553 682 581 732 ὀ
608 679 860 748 βασιλεὺς
906 684 975 735 τά
1003 684 1125 737 κατ’
1154 684 1320 737 αὑτὸν
1345 684 1825 755 άναπεπυσμένος,

250 768 461 820 στέλλει
501 772 621 821 τινα
650 770 890 839 τοῦνομα
941 773 1227 842 Συμεῶνα,
1252 776 1345 827 τὸν
1397 775 1497 844 μὲν
1526 776 1827 830 λαοπλάνον

253 861 563 929 ὑπαγαγεῖν
592 865 655 930 τῇ
687 862 810 933 δίκῃ
834 880 845 891 ·
872 865 983 917 ὅσοι
1008 866 1063 918 δὲ
1089 868 1187 937 τῆς
1212 867 1421 919 ἐκείνου
1454 867 1665 936 πλάνης
1693 885 1827 937 μετ-

250 955 432 1022 έσχον,
468 950 588 1006 εἶτα
633 955 842 1025 ταύτης
886 958 1233 1024 ἀφίστανται,
1267 962 1360 1013 καὶ
1390 960 1491 1031 τὴν
1513 962 1623 1013 τῶν
1661 978 1829 1029 μετα-

249 1048 518 1098 νοούντων
560 1045 745 1117 χώραν
786 1048 1069 1120 ὁλοψύχως
1113 1051 1547 1122 ἀναπληροῦσιν,
1611 1053 1832 1115 τούτους

248 1139 361 1207 ἄρα
393 1138 507 1207 (59)
540 1140 675 1210 πρὸς
728 1140 965 1211 μάθησιν
1011 1144 1119 1195 τῶν
1174 1143 1351 1213 ὀρθῶν
1397 1144 1684 1213 δογμάτων
1740 1147 1833 1197 καὶ

252 1231 605 1298 κατάγνωσιν
641 1231 905 1285 ἐπιπλέον
926 1233 1027 1303 τῆς
1050 1235 1391 1297 άποστασίας
1421 1238 1541 1297 ταῖς
1572 1234 1665 1287 τοῦ
1697 1234 1832 1288 Θεοῦ

253 1326 692 1393 προσκαρτερεῖν
724 1324 1063 1394 παραδοῦναι
1100 1325 1471 1395 Ἐκκλησίαις.
1499 1326 1835 1380 Καταλαϐὼν

258 1414 315 1466 δὲ
358 1415 387 1466 ὁ
423 1415 836 1484 ἀπεσταλμένος
879 1416 977 1487 τὴν
1003 1416 1210 1485 χώραν,
1246 1419 1305 1470 ἐν
1413 1417 1475 1470 τὸ
1501 1418 1599 1487 τῆς
1630 1417 1837 1486 πλάνης

253 1506 501 1574 ἀνέῳκτο
526 1508 913 1577 ἐργαστήριον,
949 1510 1045 1561 καὶ⁵
1080 1506 1531 1577 συμπαραλαϐών
1579 1526 1701 1561 τινα
1729 1509 1837 1560 τῶν

254 1598 435 1649 ἐκεῖσε
466 1598 817 1667 ἐπαρχόντων
834 1598 1091 1668 (Τρύρων
1113 1595 1181 1667 ἦν
1197 1598 1274 1668 τῷ
1290 1599 1446 1669 ἀνδρὶ
1466 1597 1685 1667 ὄνομα),
1715 1598 1840 1651 συλ-

255 1688 524 1757 λαμϐάνει
550 1691 646 1758 μὲν
668 1691 793 1752 τοὺς
817 1692 998 1759 ὴπατη
1009 1690 1227 1758 μένους,
1258 1689 1624 1759 συλλαμϐάνει
1649 1691 1705 1742 δὲ
1747 1691 1841 1743 καὶ

1930 594 2219 663 quemdam
2250 594 2418 655 misit.
2471 595 2564 664 qui
2603 594 2950 647 seductorem
2998 593 3266 662 supplicio
3306 592 3511 660 plecte-

1936 695 2046 749 ret;
2079 686 2283 739 erroris
2323 702 2453 739 vero
2499 696 2804 751 consortes,
2857 684 3129 752 siquidem
3159 685 3226 738 ab
3252 685 3343 737 illo
3379 686 3514 737 resi-

1933 778 2097 831 Iirent
2152 787 2207 832 et
2257 785 2373 831 toto
2399 779 2581 831 animo
2639 777 2975 845 poenitentiae
3030 777 3208 830 locum
3291 777 3515 845 implere

1934 867 2154 930 vellent,
2197 868 2265 921 ad
2299 867 2639 935 disciplinam
2675 883 2819 920 sanzc
2848 867 3114 922 doctrinae
3147 876 3200 920 et
3232 868 3517 936 apostasia:

1934 960 2341 1015 damnationem
2394 960 2648 1014 Ecelesiis
2685 962 2920 1014 traderet
2976 961 3329 1014 erudiendos.
3380 960 3514 1014 Cum

1937 1053 2227 1121 praedictus
2277 1052 2589 1123 (Sytneon)
2642 1054 2983 1121 pervenisset
3044 1054 3108 1105 ad
3165 1053 3387 1117 locum,
3426 1052 3515 1105 uhi

1934 1146 2137 1199 erroris
2171 1144 2382 1199 officina
2446 1155 2633 1214 aperta
2697 1145 2893 1199 fuerat.
2936 1144 3283 1216 Tryphonem
3324 1161 3514 1214 quem-

1937 1236 2083 1300 dam,
2125 1237 2197 1291 ibi
2250 1236 2627 1306 przefccturam
2686 1248 2997 1307 gerentem,
3041 1237 3347 1306 adjungens
3394 1235 3519 1299 sibi,

1939 1338 2051 1380 tum
2086 1344 2199 1392 eos,
2232 1329 2323 1396 qui
2360 1328 2568 1381 seducti
2608 1328 2856 1391 fuerant,
2890 1337 3002 1381 tum
3035 1329 3214 1397 ipsum
3255 1325 3520 1396 perniciei

1939 1417 2218 1472 doctorem
2246 1419 2632 1487 apprehendit,
2668 1429 2829 1487 atque
2855 1435 2970 1481 eos,
3016 1419 3107 1488 qui
3146 1418 3212 1471 ad
3244 1417 3521 1485 peniten-

1943 1508 2074 1561 tiam
2104 1509 2494 1578 respiciebant,
2531 1510 2615 1563 vel
2644 1511 2919 1579 respicere
2951 1526 3007 1564 se
3038 1509 3390 1570 simulabant,
3419 1507 3521 1561 Ec-

1940 1598 2223 1651 clesiarum
2271 1598 2359 1652 Dei
2403 1601 2724 1667 pncsulibus
2767 1600 3022 1663 tradidit;
3070 1598 3135 1652 iis
3177 1607 3359 1651 autem
3386 1638 3400 1660 ,
3432 1596 3523 1665 qui

1942 1689 2121 1744 adhuc
2146 1690 2430 1758 apostasiaa
2460 1690 2626 1744 dediti
2660 1700 2835 1748 erant.
2866 1691 3027 1742 simul
3058 1688 3311 1742 adductis
3339 1696 3523 1755 atque,

255 1782 347 1833 τὸν
403 1781 500 1850 τῆς
530 1781 808 1843 ἀπωλείας
835 1782 1191 1836 διδάσκαλον⁸
1235 1783 1327 1834 καὶ
1376 1782 1504 1844 τοὺς
1555 1781 1653 1851 μὲν
1706 1781 1840 1850 πρὸς

1946 1790 2004 1835 ιιι
2030 1798 2127 1850 par
2170 1792 2326 1845 erat,
2358 1782 2687 1846 admonitis,
2721 1782 2915 1836 ducem
2955 1781 3158 1834 erroris
3200 1780 3256 1833 in
3302 1793 3525 1848 scopum

262 1868 556 1935 μετάνοιαν
605 1870 881 1939 ὀλοψύχως
915 1870 1194 1941 ὁρῶντας,
1246 1870 1279 1930 ἢ
1326 1868 1615 1933 δοκοῦντας
1670 1872 1837 1939 ὁρᾷν,

1944 1873 2256 1942 proposuit,
2295 1874 2663 1943 praecepitque
2707 1884 2766 1927 ut
2798 1873 3004 1942 lapides
3050 1873 3103 1924 in
3155 1886 3279 1925 eum
3338 1870 3526 1923 mitte-

258 1961 369 2012 τῶν
401 1961 497 2013 τοῦ
537 1962 672 2014 Θεοῦ
715 1962 1053 2030 Ἐκκλησιῶν
1100 1964 1212 2024 τοῖς
1261 1961 1478 2031 ἐφόροις
1519 1962 1838 2033 ἐνεχείριζε,

260 2054 388 2114 τοὺς
421 2053 467 2105 δ’
501 2052 584 2104 ἔτι
616 2052 876 2115 πνέοντας
917 2052 1015 2123 τὴν
1040 2052 1376 2107 ἀποστασίαν
1406 2052 1498 2121 ὑφ’
1528 2052 1587 2105 ἓν
1616 2053 1847 2122 ποιησά-

266 2163 452 2213 μενος,
495 2145 590 2197 καὶ
630 2144 800 2196 εἰπὼν
821 2189 834 2209 ,
863 2144 899 2198 ἀ
927 2147 1040 2207 τοῖς
1072 2144 1336 2206 τοιούτοις
1364 2144 1585 2198 ἀκούειν
1610 2144 1841 2214 ἥρμοζε,

268 2238 473 2289 σκοπὸν
518 2237 617 2304 μὲν
651 2237 833 2299 αὐτοῖς
866 2235 1188 2307 προστίθησι
1217 2236 1330 2306 (40)
1359 2236 1448 2287 τὸν
1488 2235 1842 2303 καθηγεμόνα

266 2329 368 2395 τῆς
404 2329 632 2393 πλάνης,
667 2329 865 2389 αὐτοὺς
908 2328 964 2380 δέ
997 2326 1212 2396 βάλλειν
1244 2327 1578 2396 προστάσσει
1617 2329 1730 2388 τοῖς
1765 2326 1846 2377 λί-

268 2420 405 2480 Θοις.
457 2418 596 2470 Ἀλλ’
641 2421 689 2471 οί
730 2420 828 2488 μὲν
860 2419 1009 2472 ἄλλοι
1054 2418 1416 2489 ὀκνηρότερόν
1463 2434 1582 2480 πως
1615 2418 1853 2487 ἥπτοντο

266 2511 365 2565 τοῦ
404 2512 587 2582 ἔργου.
645 2511 877 2575 Ἰοῦστος
927 2511 985 2565 δέ
1019 2528 1103 2574 τις
1137 2510 1343 2581 ὄνομα,
1379 2510 1491 2573 υίὸς
1526 2513 1668 2564 κατά
1700 2510 1848 2563 θέσιν

271 2600 643 2669 πεποιημένος
672 2600 750 2670 τῷ
788 2601 1205 2670 Κωνσταντίνῳ,
1246 2600 1379 2670 παρ’
1413 2594 1458 2667 ᾧ
1492 2601 1586 2653 καὶ
1609 2601 1707 2669 τὴν
1727 2601 1847 2654 Μα-

271 2694 526 2761 νιχαῖκὴν
561 2694 774 2761 αἵρεσιν
818 2692 1199 2762 ἐμαθητεύθη·
1231 2692 1289 2755 ὃς
1319 2694 1598 2759 ἐπιγνοὺς,
1630 2692 1703 2754 ὼς
1744 2691 1850 2744 ἐοι-

273 2800 391 2846 κεν,
420 2784 498 2845 είς
522 2780 635 2835 οἷον
661 2784 822 2835 αὐτὸν
861 2782 1131 2853 βάραθρον
1164 2786 1193 2837 ὁ
1218 2784 1541 2846 διδάσκαλος
1580 2782 1779 2851 ἐμϐεϐ)
1791 2787 1852 2853 ή-

275 2891 384 2934 κει,
420 2873 754 2942 χειροπληθῆ
789 2873 934 2927 λίθον
961 2873 1072 2941 (Η)
1102 2872 1317 2937 λαϐὼν,
1346 2874 1443 2926 καὶ
1468 2874 1687 2944 πληγὴν
1729 2891 1850 2927 και-

1944 1974 2085 2019 rent.
2110 1967 2311 2019 Verum
2344 1966 2433 2019 alii
2463 1967 2681 2035 quidem
2716 1982 2828 2021 rem
2865 1965 3088 2033 segnius
3116 1974 3245 2017 sunt
3266 1962 3526 2032 aggressi.

1945 2056 2133 2111 Justus
2162 2067 2341 2111 autem
2361 2058 2601 2125 quidam,
2633 2058 2724 2127 qui
2754 2059 3044 2125 adoptatus
3071 2054 3124 2107 in
3152 2054 3319 2107 filium
3351 2053 3531 2107 fuerat

1942 2164 1973 2201 a
2021 2148 2404 2211 Constantino,
2437 2164 2465 2201 a
2497 2165 2605 2217 quo
2641 2149 2805 2202 etiam
2853 2146 3244 2201 Mauichaicam
3289 2145 3525 2199 heresin

1944 2237 2172 2291 edoctus
2209 2237 2421 2305 fuerat;
2475 2254 2814 2308 agnoscens,
2859 2248 2917 2292 ut
2964 2236 3262 2291 verisimile
3314 2248 3418 2299 est,
3474 2235 3527 2287 in

1944 2338 2207 2398 quantum
2261 2346 2320 2385 se
2371 2332 2691 2386 barathrum
2730 2332 2986 2400 magister
3037 2330 3126 2383 ille
3171 2326 3528 2397 conjecisset,

1955 2430 2175 2489 arrepto
2208 2422 2395 2492 grandi
2423 2439 2572 2487 saxo,
2604 2424 2856 2477 Iethalem
2888 2424 3054 2476 ictum
3088 2422 3141 2474 in
3176 2435 3401 2489 pravum
3430 2418 3532 2471 im-

1944 2511 2093 2565 misit
2128 2512 2439 2573 doetorem.
2471 2514 2840 2583 miserumque
2875 2514 3074 2568 misere
3099 2514 3207 2566 vita
3249 2510 3531 2580 privavit:

1951 2612 2074 2673 post
2116 2620 2242 2658 eum
2292 2620 2422 2659 vero
2471 2606 2675 2675 reliqua
2728 2607 3053 2669 multitudo,
3110 2620 3328 2658 manum
3378 2603 3531 2671 Operi

1955 2695 2287 2759 admovens,
2322 2712 2575 2752 acervum
2623 2698 2862 2767 lapidum
2914 2696 3164 2753 cadaveri
3206 2694 3469 2764 imposuit
3518 2710 3531 2745 :

1957 2792 2099 2845 unde
2132 2792 2330 2847 factum
2389 2801 2471 2848 est
2515 2803 2572 2848 ut
2603 2796 2669 2849 ad
2706 2796 2846 2850 hanc
2877 2812 3048 2865 usque
3076 2795 3220 2850 diem
3253 2795 3406 2847 locus
3448 2788 3537 2841 ille

1957 2879 2123 2935 Soros
2151 2898 2247 2937 seu
2276 2901 2491 2938 acervus
2522 2887 2847 2954 appelletur.

279 2967 405 3033 ρίαν
448 2963 526 3032 τῷ
570 2965 724 3033 κακῷ
760 2964 1063 3031 διδασκάλῳ
1092 2964 1486 3034 ἐντεινάμενος,
1517 2965 1616 3017 τοῦ
1652 2963 1750 3034 ζῇν
1780 2965 1873 3017 τὸν
1910 2969 2093 3023 ἄθλιον
2118 2972 2317 3036 ἀθλίως
2361 2975 2660 3045 ἀπήλασεν
2697 2976 2816 3045 μεθ’
2846 2977 2903 3027 ὃν
2931 2978 3027 3028 καὶ
3065 2974 3124 3026 τὸ
3152 2974 3337 3026 λοιπὸν
3399 2970 3538 3037 πλῆ-

280 3064 375 3123 θος
413 3061 827 3129 συνεπιθέμενοι
854 3059 929 3129 τῷ
959 3059 1127 3131 ἔργῳ,
1163 3059 1337 3129 σωρὸν
1371 3059 1536 3112 λίθων
1566 3059 1630 3112 τὸ
1660 3059 1862 3130 πτῶμα
1902 3064 2249 3135 είργάσαντο·
2279 3069 2354 3131 ὡς
2388 3072 2481 3123 καὶ
2511 3070 2671 3140 μέχρι
2695 3068 2789 3122 νῦν
2812 3070 3020 3122 ἐκεῖθεν
3079 3068 3259 3138 Σωρδν
3317 3062 3541 3131 ἐπίκλη-

286 3172 372 3207 σιν
410 3155 502 3206 τὸν
538 3154 714 3224 χῶρον
751 3154 960 3222 λαχεῖν.

357 3247 466 3300 III'.
492 3247 554 3298 Οί
580 3246 763 3315 μέντοι
782 3248 900 3307 ταῖς
922 3242 1016 3297 τοῦ
1041 3244 1176 3297 Θεοῦ
1198 3242 1598 3315 παρατεθέντες
1633 3244 1844 3312 Ἐκκληι

2039 3244 2225 3299 XVIII.
2257 3247 2320 3299 Et
2352 3248 2426 3300 illi
2445 3248 2663 3317 quidem
2689 3247 2779 3301 Dei
2799 3246 3059 3301 Ecclesiis
3086 3244 3327 3315 adjuneti
3352 3244 3538 3306 fuere;

288 3341 456 3401 σίαις,
489 3339 615 3406 τόγε
660 3338 912 3391 πλεῖστον
942 3338 1120 3390 αὐτῶν
1154 3338 1277 3390 ἀντὶ
1304 3338 1403 3406 τῆς
1430 3338 1772 3406 ἐπιστροφῆς
1806 3336 1867 3388 τὸ

286 3430 616 3500 ἀδιόρθωτον
639 3430 1004 3494 ἐπεδείξαντο⁸
1034 3431 1127 3482 καὶ
1139 3431 1232 3497 ὂγε
1252 3430 1596 3498 ταλαίπωρος
1622 3428 1866 3498 Συμεὼν,

288 3523 514 3592 ἀμαθής
566 3539 625 3574 τε
653 3522 730 3574 ὢν
762 3522 1032 3591 σωτηρίου
1062 3521 1411 3591 διδάγματος,
1445 3521 1538 3573 καὶ
1568 3520 1742 3583 άλλως
1770 3519 1867 3582 τὰς

290 3613 498 3683 φρένας
543 3614 743 3680 κοῦφος
794 3615 889 3666 καὶ
944 3612 1380 3682 εὐπαράγωγος,
1428 3610 1728 3679 λογοθετῶν
1780 3610 1873 3663 καὶ

292 3704 805 3772 ἀναπυνθανόμενος
833 3705 902 3757 τά
936 3703 1078 3756 κατά
1103 3704 1229 3765 τοὺς
1255 3703 1595 3765 ἀποστάτας,
1623 3703 1743 3755 ἀντὶ
1778 3700 1872 3753 τοῦ

300 3795 629 3864 μετακαλεῖν
672 3794 783 3865 (42)
826 3811 981 3856 τινας
1014 3793 1152 3863 πρὸς
1184 3794 1245 3846 τὸ
1287 3796 1386 3863 τῆς
1416 3792 1702 3854 εὐσεϐείας
1747 3793 1875 3862 φρό-

300 3903 470 3957 νημα,
505 3886 665 3948 αὐτὸς
718 3888 798 3949 είς
857 3886 954 3957 τὴν
1010 3889 1233 3939 ἐκείνων
1281 3885 1525 3956 ὀλέθριον
1581 3883 1877 3955 θρησκείαν

303 3979 616 4049 μετέϐαλεν.
654 3978 871 4048 Πράξας
894 3979 938 4030 δ’
960 3978 1073 4045 οὖν,
1097 3979 1233 4048 ὅπερ
1265 3978 1503 4046 εἴρηται,
1526 3976 1620 4030 καὶ
1646 3976 1878 4045 ἀναδρα-

305 4072 425 4140 μὼν
468 4072 605 4139 πρὸς
642 4069 733 4122 τὸν
780 4069 1161 4122 ἀπεσταλκότα
1195 4067 1451 4137 βασιλέα,
1482 4068 1576 4119 καὶ
1619 4066 1879 4137 κρύπτων

304 4162 451 4215 ἐνδον
468 4164 561 4214 καὶ
584 4161 936 4231 περιθάλπων
958 4161 1017 4214 τὸ
1039 4159 1226 4230 θηρίον
1250 4158 1341 4210 ἐπὶ
1362 4157 1456 4227 ἐτη
1477 4157 1625 4228 τρία,
1651 4157 1879 4227 ἐπείπερ

305 4251 474 4306 αὐτοῦ
518 4252 966 4319 κατανεμηθέντα
994 4250 1140 4302 ἔνδον
1171 4249 1350 4301 πάντα
1387 4248 1621 4317 ῥαγῆναι
1652 4246 1751 4318 ήδη
1786 4246 1881 4299 καὶ

308 4346 446 4414 πρὸς
476 4346 543 4398 τά
569 4343 673 4406 ἔξω
699 4342 971 4405 ἐϐιάζετο,
999 4339 1224 4408 ἀπαίρει
1251 4338 1428 4408 λάθρα
1455 4338 1555 4405 τῆς
1591 4336 1880 4407 βασιλίδος,

310 4440 405 4489 καὶ
434 4441 514 4499 είς
544 4436 640 4505 τὴν
681 4434 1094 4505 προειρημένην
1129 4433 1420 4485 Κίϐωσσαν
1467 4429 1881 4501 παραγεγονὼς,

310 4529 551 4598 ἀθροίζει
595 4527 690 4596 μέν
724 4529 847 4588 τοὺς
889 4524 1151 4596 ὁμιλητάς
1199 4523 1609 4577 Κωνσταντίνου
1636 4562 1651 4587 ,
1690 4522 1749 4574 δν
1782 4523 1882 4573 αὺ-

1969 3338 2202 3391 maxima
2228 3353 2353 3406 pars
2379 3353 2565 3391 eorum
2597 3338 2867 3391 obstinata
2898 3337 2952 3389 in
2984 3335 3261 3404 proposito
3293 3335 3496 3389 mansit
3526 3352 3541 3389 :

1971 3429 2078 3483 imo
2100 3430 2265 3483 miser
2286 3445 2499 3498 quoque
2518 3428 2776 3499 Symeon,
2803 3437 2993 3497 utpote
3012 3428 3263 3480 salutaris
3288 3427 3546 3481 doctrina:

1971 3521 2273 3589 imperitus,
2299 3531 2350 3575 et
2377 3523 2593 3576 aliunde
2619 3530 2801 3576 mente
2830 3521 2965 3575 levis
3000 3535 3060 3573 ac
3093 3520 3380 3583 versatilis,
3418 3535 3545 3589 per-

1973 3617 2224 3663 contatus
2246 3625 2308 3664 ac
2328 3611 2541 3665 curiose
2568 3611 2888 3680 perquirens
2910 3625 2996 3675 ea,
3022 3625 3143 3679 quae
3173 3611 3237 3663 ad
3269 3618 3546 3677 apostatas

1974 3700 2337 3768 pertinebant,
2365 3702 2456 3770 qui
2487 3701 2621 3755 alios
2642 3702 2709 3755 ad
2734 3702 3060 3755 sententiam
3093 3715 3353 3754 revocare
3379 3701 3546 3754 debe-

1976 3790 2087 3852 bat,
2119 3790 2234 3859 ipse
2262 3792 2328 3845 ad
2352 3792 2712 3859 perniciosam
2736 3806 2923 3845 eorum
2950 3791 3262 3862 religionem
3296 3790 3542 3845 accessit.

1978 3880 2216 3936 Peractis
2245 3882 2407 3953 igitur
2437 3883 2503 3937 iis
2524 3923 2538 3946 ,
2567 3898 2687 3952 qua:
2717 3898 2880 3952 supra
2909 3883 3052 3937 dicta
3088 3892 3237 3947 sunt,
3270 3892 3325 3936 et
3358 3898 3545 3936 rever-

1979 3990 2070 4029 sus
2104 3975 2171 4029 ad
2213 3975 2632 4044 imperatorem,
2664 3991 2693 4029 a
2744 3990 2851 4044 quo
2901 3974 3101 4028 missus
3142 3973 3340 4034 fuerat,
3380 3972 3545 4027 feram

1980 4064 2126 4118 illam
2158 4064 2431 4133 (erroris)
2461 4065 2600 4117 intra
2626 4078 2683 4117 se
2710 4064 2989 4118 occultans
3020 4078 3193 4117 annos
3227 4074 3358 4125 tres,
3388 4073 3549 4131 atque

1982 4154 2193 4220 f0vens,
2219 4170 2341 4208 cum
2368 4155 2475 4223 jam
2506 4154 2811 4222 proximum
2844 4161 3007 4217 esset,
3039 4163 3097 4207 ut
3126 4154 3381 4207 omnibus
3410 4153 3549 4206 intra

1982 4262 2041 4301 se
2071 4244 2360 4299 devastatis
2386 4245 2531 4298 foras
2561 4254 2901 4313 erumperet,
2933 4259 2999 4298 ex
3031 4244 3379 4313 imperatoria
3415 4244 3551 4297 urbe

1984 4334 2165 4388 furtim
2212 4348 2270 4387 se
2301 4332 2572 4395 subducit,
2607 4346 2839 4401 cumque
2873 4332 2941 4385 ad
2972 4339 3325 4384 memoratam
3358 4329 3551 4383 Cibos-

1985 4441 2096 4480 sam
2134 4424 2509 4495 remigrasset,
2563 4422 2903 4477 Constantini
2953 4431 3236 4476 consortes
3282 4428 3336 4475 et
3376 4420 3553 4474 socios

1985 4526 2284 4582 convocat,
2339 4531 2500 4586 quem
2554 4516 2644 4569 ille
2693 4514 2875 4584 jussus
2934 4513 3316 4578 interfecerat,
3382 4527 3553 4581 seque

310 4590 403 4685 τὸς
446 4590 510 4673 ἐκ
558 4590 978 4689 προστάγματος
1022 4590 1264 4681 ἀνεῖλεν,
1313 4614 1634 4669 διδάσκαλον
1678 4615 1735 4667 δὲ
1790 4631 1844 4666 κο

1941 4594 1959 4644 ³
1990 4610 2275 4680 apostasia
2304 4610 2582 4664 doctorem
2620 4616 2675 4661 et
2704 4621 3075 4661 successorem
3116 4604 3401 4659 constituit
3431 4622 3444 4656 :
3476 4612 3559 4657 at-

311 4714 557 4781 διάδοχον
586 4712 748 4773 αὐτὸς
787 4711 976 4764 ἐαυτὸν
1004 4710 1103 4779 τῆς
1136 4707 1474 4769 άποστασίας
1502 4707 1745 4775 ἐξάρχων
1788 4709 1885 4757 καὶ

312 4808 412 4876 τὴν
442 4807 632 4875 κλῆσιν
662 4806 738 4866 είς
770 4805 927 4856 Τίτον
965 4801 1239 4873 μετέθετο.
1276 4801 1437 4870 Τρεῖς
1479 4799 1589 4869 (45)
1619 4798 1675 4851 δὲ
1705 4800 1883 4850 ἐνιαυ-

314 4901 441 4959 τοὺς
469 4898 527 4949 ἐν
554 4900 618 4966 τῇ
666 4895 891 4966 τοιαύτῃ
924 4894 1240 4955 διατελέσας
1274 4892 1451 4961 πλάνῃ
1478 4932 1492 4955 ,
1534 4894 1629 4943 κα)⁵
1665 4890 1892 4950 πολλοὺς

1990 4719 2095 4774 que
2130 4702 2375 4770 exemplo
2399 4716 2588 4755 eorum
2607 4740 2622 4766 ,
2651 4699 2742 4768 qui
2771 4706 3199 4768 praecesserant,
3236 4694 3558 4750 defectionis

1991 4798 2388 4869 prafectorum,
2426 4803 2634 4847 mutato
2676 4791 2899 4846 nomine
2924 4790 3200 4857 se.Titum
3242 4786 3552 4856 appellavit.

1981 4890 2177 4943 Tribus
2210 4893 2389 4939 autem
2417 4883 2576 4935 annis
2607 4882 2664 4935 in
2695 4880 3003 4950 huiusmodi
3033 4893 3220 4933 errore
3246 4875 3557 4935 transactis,

316 4990 428 5043 ἀπὸ
444 4990 545 5057 τῆς
566 4965 845 5048 εὗσεϐείας
865 4965 1282 5054 συλαγωγήσας,
1316 4982 1506 5035 ἔπειτα
1528 4981 1639 5049 (Η)
1668 4980 1844 5032 τοιαῦτ

1982 4993 2103 5034 cum
2130 4976 2329 5030 multos
2350 4990 2378 5027 a
2410 4974 2497 5043 pia
2526 4973 2785 5043 religione
2810 4970 3121 5032 avertisset,
3154 4969 3211 5023 in
3238 4965 3550 5036 hujusmodi

319 5083 577 5153 πράττων
619 5081 762 5134 ἐάλω
817 5078 913 5132 καὶ
967 5078 1058 5130 τὸν
1107 5075 1195 5128 διά
1237 5074 1406 5144 πυρὸς
1465 5072 1575 5143 (45)
1629 5073 1889 5124 ἀπέτισεν

1995 5068 2159 5139 gestis
2188 5065 2633 5135 comprehensus,
2667 5063 2788 5134 igne
2819 5061 3026 5117 debitas
3064 5076 3251 5131 poenas
3280 5058 3376 5113 luit
3395 5081 3426 5122 ,-
3448 5066 3555 5110 tam

1433 5181 1660 5237 νΑΙὶΙᾹΞ
1704 5179 2089 5237 LECTIONES
2128 5179 2215 5234 ET
2269 5176 2499 5233 NOTAE.

398 5317 511 5385 (39)
554 5317 712 5383 Ἄρα.
747 5313 825 5367 Ita
849 5312 1084 5385 Noster;
1115 5304 1391 5385 praemittit
1420 5303 1477 5355 δὲ
1505 5302 1892 5385 coislinianus,

322 5382 523 5458 praeter
551 5382 685 5448 rem,
724 5400 849 5458 cum
873 5383 1002 5458 illud
1034 5382 1090 5433 δέ
1116 5383 1223 5449 jam
1254 5384 1613 5458 prxcess‘erit.‘

398 5459 510 5527 (40)
540 5442 940 5527 inpootwnm.
973 5457 1057 5527 Ita‘
1090 5442 1272 5527 uoster
1310 5462 1322 5497 :
1361 5453 1420 5497 ut
1459 5442 1681 5527 Cloislin.
1714 5442 1900 5527 προτί-

1997 5300 2282 5372 μετέϐαλε.

2066 5371 2175 5438 (45)
2210 5370 2387 5438 Τρεῖς.
2417 5366 2742 5438 ΜεηΗειιηὶγ.
2786 5364 2948 5438 habet
2986 5362 3139 5438 πρός,
3179 5362 3457 5438 mendose.

2066 5431 2179 5508 (44}
2225 5431 2481 5491 Ἔπειτα.
2521 5437 2595 5508 Ita
2635 5451 2757 5489 cum
2806 5433 3001 5508 Nostro
3032 5431 3161 5504 lego
3200 5447 3294 5501 pro
3330 5433 3453 5484 ἐπεὶ
3499 5431 3563 5482 τά

327 5505 507 5597 θηὶ-ὶῖ
531 5505 938 5586 ιὸὶῖἔέέέιίυβ,
971 5522 1096 5593 quia
1133 5521 1199 5575 de
1247 5529 1413 5584 scopo
1454 5511 1575 5566 aliis
1620 5505 1901 5582 proposito
1996 5505 2337 5597 Coislﬁi’ni'ani‘,
2374 5523 2534 5597 εςιιεὲι
2551 5505 2933 5597 Lineomjmodio.

329 5612 513 5652 sermo
538 5606 641 5659 est,

405 5668 517 5734 (41)
545 5658 748 5721 Λίθον.
779 5663 894 5717 Non
927 5663 1089 5734 habet
1120 5658 1332 5734 Noster.

411 5722 519 5801 (42)
578 5736 686 5789 Τοῦ
722 5730 1345 5804 μετακαλεῖνηΝθδιθι·
1400 5724 1756 5804 μεταϐαλεῖν.
1807 5722 1901 5774 sed

337 5796 523 5861 malim
561 5796 883 5875 illudfquia
926 5806 1029 5859 hoc
1063 5803 1241 5858 minus
1288 5798 1515 5867 quadrat
1561 5796 1624 5849 ad
1663 5808 1896 5862 sequens

2072 5581 2183 5647 (45)
2212 5571 2332 5633 Καί
2350 5578 2455 5630 τὸν
2483 5576 2579 5628 διὰ
2611 5578 2816 5647 πυρός.
2854 5575 2926 5647 Ita
2953 5573 3072 5643 Iego
3100 5588 3165 5626 ex
3192 5571 3407 5647 Nostro,
3440 5585 3561 5647 cum

2008 5642 2370 5705 Goisliuiauus
2405 5648 2497 5698 καὶ
2523 5646 2756 5708 omittat,
2787 5642 2927 5711 quod
2971 5642 3149 5698 tamen
3195 5643 3419 5696 verbum
3456 5644 3560 5691 απ-

2011 5724 2186 5775 ἐτισεν
2217 5734 2339 5773 cum
2369 5716 2511 5770 ἐάλω
2537 5715 2833 5785 coniungit.
