4222 6432
698 399 757 459 Eii
1841 407 2099 469 PHOTII
2137 410 2363 470 PATRI

2275 410 2644 470 ‘RIAiiCII/I‘I
2678 412 2787 471 ΟΡ.
3873 413 3942 477 52

700 517 817 582 ipse
843 529 1004 583 quam
1035 514 1154 583 ejus
1181 514 1453 584 discipuli,
1477 517 1567 584 qui
1599 516 1921 586 resipiscere
1947 521 2259 576 noluerant.
2292 519 2367 576 Al

2292 521 2336 576 Α
2361 518 2601 589 ὄλεθρον,
2628 521 2789 583 αὑτός
2822 537 2882 573 τε
2915 523 3007 574 καὶ
3046 522 3156 575 τῶν
3195 520 3329 592 παρ’
3362 521 3529 574 αὐτοῦ
3569 539 3937 593 μυσταγωγη-

697 605 910 658 Etenim
962 605 1150 660 Justus
1191 621 1354 676 supra
1386 618 1719 664 memoratus
1745 651 1760 674 ,
1810 612 1904 680 qui
1957 623 2262 683 apostatam

2364 609 2565 663 θέντων
2586 651 2602 675 ,
2642 611 2799 673 ὅσους
2825 611 3034 664 ἀνεῖλεν
3065 613 3127 664 τδ
3171 613 3609 681 ἀμεταμέλητον.
3666 612 3723 666 '0
3749 615 3939 686 γάρτοι

697 713 861 752 manu
904 712 999 750 sua
1045 697 1428 763 interfecerat,
1465 709 1579 768 post
1617 701 1750 756 alias
1782 704 2015 768 multas,
2059 714 2116 758 ut
2147 705 2260 760 fieri
2363 732 2364 735 η

2363 701 2759 772 προειρημένος
2794 697 3118 767 Ἰοῦστος,οὗ
3143 703 3325 772 χειρὸς
3351 704 3510 772 ἔργον
3537 706 3565 756 ό
3581 703 3680 756 τοῦ
3699 705 3939 758 ἀποστά-

697 789 871 851 solet,
915 787 1375 843 confabulationes
1416 805 1479 844 ac
1527 793 1856 859 quaastiones
1904 796 2260 863 apostolicum

698 881 800 934 hoc
829 880 1030 933 dictum
1061 878 1340 948 proferens
1373 899 1384 932 :
1417 882 1677 944 Quoniam
1708 883 1762 934 in
1791 883 1902 951 ipso
1933 895 2108 936 creata
2141 895 2263 938 sunt

697 973 894 1035 omnia,
931 988 1045 1041 qua:
1072 974 1125 1025 in
1150 972 1318 1035 caelis,
1351 982 1398 1024 et
1428 990 1543 1042 qua:
1572 975 1622 1025 in
1654 983 1818 1038 terra,
1849 976 2075 1028 visibilia
2106 986 2153 1029 et
2180 979 2264 1030 in-

696 1064 956 1125 visibilia;
985 1064 1089 1116 sive
1113 1063 1304 1127 throni,
1331 1065 1437 1116 sive
1463 1065 1805 1132 principatus.
1833 1067 1936 1119 sive
1961 1076 2261 1134 potestates,

699 1156 875 1207 omnia
914 1171 1004 1222 per
1032 1157 1200 1222 ipsum
1227 1165 1272 1208 et
1307 1157 1361 1208 in
1391 1156 1501 1223 ipso
1531 1163 1708 1209 creata
1740 1167 1860 1210 sunt
1905 1175 1923 1210 :
1962 1168 2010 1210 et
2039 1159 2149 1226 ipse
2189 1168 2264 1212 est

701 1256 821 1299 ante
844 1247 1044 1309 omnia,
1063 1256 1108 1298 et
1134 1248 1307 1298 omnia
1334 1247 1386 1298 in
1411 1248 1520 1315 ipso
1540 1255 1779 1301 constant
1798 1250 1836 1303 ⁵.
1865 1247 1996 1312 IIoc,
2023 1250 2263 1318 inquam,

700 1338 904 1391 dictum
937 1336 1219 1405 objicieus,
1252 1346 1438 1391 contra
1478 1339 1797 1408 Symeonem
1829 1341 2141 1405 insurrexit,
2177 1343 2267 1396 di-

699 1441 870 1480 cens:
907 1424 984 1480 Ne
1026 1425 1165 1479 forte
1217 1425 1314 1494 ipsi
1368 1425 1580 1495 decepti
1626 1438 1841 1491 essent,
1896 1443 2267 1499 sequacesque

701 1532 831 1572 suos
876 1515 1227 1585 deciperent,
1279 1530 1386 1568 non
1431 1516 1680 1570 eumdem
1732 1517 1989 1572 factorem
2040 1521 2160 1574 οωιί
2212 1531 2268 1576 et

702 1620 902 1676 terrae,
952 1610 1232 1676 Deumque
1277 1622 1404 1662 vere
1459 1618 1515 1662 et
1564 1607 1778 1662 Patrem
1831 1609 2044 1664 Domini
2095 1613 2265 1666 nostri

700 1700 901 1755 Christi
932 1700 1321 1769 praedicantes;
1351 1701 1446 1755 sed
1477 1710 1672 1771 praeter
1702 1702 1849 1757 hunc
1885 1704 2049 1758 alium
2077 1720 2268 1774 quem-

2360 809 2453 844 του
2481 793 2716 863 κατέστη
2745 793 2995 858 θάνατος,
3029 794 3168 863 μετὰ
3203 794 3407 853 πολλὰς
3431 793 3617 858 ἄλλας,
3650 789 3735 846 οἷα
3768 796 3935 859 εἰκὸς,

2361 883 2576 951 ὁμιλίας
2615 900 2675 936 τε
2712 884 2806 936 καὶ
2839 883 3165 955 συζητήσεις
3201 888 3262 937 τὸ
3293 885 3653 938 ἁποστολικδν
3695 887 3937 956 προϐαλ-

2361 976 2586 1042 λόμενος
2625 976 2802 1043 λόγιον
2825 976 2884 1028 τὸ
2910 977 3135 1044 φάσκον·
3161 994 3180 1027 ι
3207 977 3330 1029 Ὅτι
3362 979 3418 1030 ἐν
3440 978 3590 1047 αὑτῷ
3621 980 3841 1048 ἐκτίσθη
3873 980 3940 1032 τά

2362 1066 2542 1117 πάντα
2570 1065 2637 1119 τὰ
2675 1068 2734 1118 ἐν
2761 1066 2974 1137 οὐρανῷ
3013 1069 3106 1120 καὶ
3139 1068 3206 1120 τὰ
3236 1068 3330 1120 ἐπὶ
3371 1069 3471 1138 τῆς
3499 1070 3623 1137 γῆς,
3658 1070 3725 1122 τὰ
3769 1071 3940 1137 ὁρατὰ

2364 1157 2458 1209 καὶ
2486 1156 2556 1210 τὰ
2587 1158 2825 1226 ἀόρατα,
2858 1159 2968 1210 είτε
3003 1159 3168 1229 ἀρχαὶ
3201 1159 3311 1210 είτε
3339 1157 3618 1222 ἐξουσίαι·
3654 1161 3724 1213 τὰ
3761 1161 3939 1213 πάντα

2364 1248 2430 1300 δι’
2456 1247 2622 1300 αὑτοῦ
2647 1248 2741 1301 καὶ
2777 1250 2857 1308 είς
2888 1248 3051 1300 αὑτὸν
3081 1246 3306 1316 ἐκτίσθη
3331 1286 3347 1311 ,
3374 1249 3470 1300 καὶ
3500 1248 3664 1311 αὐτός
3691 1250 3808 1301 ἐστι
3841 1248 3941 1318 πρὸ

2366 1340 2604 1402 πάντων,
2639 1341 2734 1394 καὶ
2764 1341 2834 1393 τά
2860 1339 3040 1393 πάντα
3069 1339 3129 1390 ἐν
3148 1337 3297 1407 αὑτῷ
3315 1338 3436 1390 συνέ
3447 1353 3630 1408 στηκε·
3655 1356 3674 1388 ι
3699 1337 3856 1390 τοῦτο
3875 1339 3940 1408 δὴ

2366 1430 2815 1500 προϐεϐλημένος
2844 1431 2908 1484 τὸ
2940 1429 3103 1500 ρητδν
3149 1430 3509 1483 ἀντανίστατο
3536 1429 3614 1499 τῷ
3650 1429 3897 1499 Συμεῶνι
3921 1471 3937 1494 ,

2369 1522 2628 1589 φάσκων,
2670 1521 2744 1582 ὡς
2785 1522 2892 1590 ἄρα
2923 1522 3134 1590 μήποτε
3165 1520 3318 1572 αὐτοί
3359 1537 3418 1572 τε
3453 1521 3797 1589 ἠπατημένοι
3830 1513 3941 1571 εἷεν

2367 1611 2607 1672 καὶτοὺς
2629 1611 2926 1680 ἑπομένους
2943 1610 3345 1672 συναπατῶσιν,
3373 1611 3433 1662 ού
3462 1609 3551 1662 τδν
3576 1608 3687 1679 (46)
3711 1607 3941 1678 ποιητὴν

2367 1698 2600 1770 οὐρανοῦ
2638 1701 2734 1755 καὶ
2763 1700 2867 1770 γῆς
2897 1701 3032 1753 Θεὸν
3061 1700 3278 1770 ἀληθῶς
3307 1701 3401 1753 καὶ
3449 1701 3672 1770 Πατέρα
3699 1699 3798 1754 τοῦ
3831 1702 3942 1754 Κυ-

699 1793 846 1852 dam,
874 1806 1036 1861 quem
1061 1791 1354 1861 apostolica
1385 1792 1596 1861 eloquia
1630 1808 1740 1848 non
1776 1805 1997 1850 norunt.
2033 1796 2170 1849 Cum
2196 1811 2264 1850 ex
2303 1861 2323 1863 _

2303 1861 2323 1863 _
2373 1792 2486 1863 ρίου
2535 1792 2692 1861 ἡμῶν
2735 1792 2830 1844 τοῦ
2863 1790 3100 1861 Χριστοῦ
3137 1792 3573 1861 ἐπιγράφοντες,
3608 1791 3744 1844 ἀλλὰ
3789 1792 3940 1861 παρὰ

701 1883 1013 1952 hujusmodi
1031 1883 1394 1937 commotione
1419 1883 1484 1937 Iis
1503 1893 1558 1938 et
1584 1899 1762 1956 pugna
1795 1888 2266 1944 irreconciliabilis
2295 1861 2341 1921 Β

2295 1861 2553 1940 Βτοῦτον
2605 1885 2718 1956 (47)
2769 1885 2956 1956 ἔτερόν
2999 1902 3153 1947 τινα,
3209 1884 3271 1937 δν
3333 1883 3403 1936 τὰ
3457 1883 3791 1937 άποστολικά
3840 1884 3941 1936 οὐκ

701 1977 844 2029 inter
871 1989 963 2030 eos
984 1983 1100 2029 orta
1126 1982 1268 2028 esset
1291 1991 1305 2039 ;
1329 1973 1515 2030 Justus
1536 1975 1776 2031 Colonia:
1796 1978 2111 2048 episcOpum
2135 1994 2270 2035 con-

700 2067 872 2132 venit,
901 2075 961 2119 ut
995 2065 1274 2134 apostolici
1312 2065 1440 2119 dicti
1475 2081 1696 2119 sensum
1729 2067 1928 2121 clarius
1953 2083 2271 2138 assequere-

699 2169 786 2212 tur
816 2176 830 2212 :
859 2157 944 2212 cui
976 2157 1062 2212 ille
1087 2157 1266 2211 omnia
1297 2157 1590 2222 enarravit,
1620 2174 1742 2227 quae
1773 2158 1916 2212 inter
1940 2175 2060 2214 sese
2086 2169 2142 2214 et
2168 2175 2264 2215 so-

697 2251 848 2305 dales
877 2265 1006 2304 suos
1039 2249 1397 2320 contigerant.
1433 2249 1526 2304 Ille
1561 2264 1676 2304 rem
1702 2248 2017 2320 Imperatori
2047 2252 2264 2307 denun-

698 2341 870 2396 tiavit.
909 2340 958 2394 Is
987 2349 1105 2394 tum
1129 2349 1244 2393 erat
1274 2338 1634 2404 Justinianus,
1679 2341 1772 2410 qui
1804 2351 1928 2411 post
1953 2341 2265 2398 Heraclium

698 2432 987 2502 imperium
1017 2441 1339 2501 acceperat,
1366 2432 1564 2502 quique
1588 2433 1900 2498 mandavit,
1937 2443 1997 2489 ut
2025 2436 2141 2490 hzec
2165 2451 2266 2491 ne-

698 2525 843 2594 gotia
880 2523 1253 2594 perquisitioni
1293 2533 1348 2577 et
1390 2524 1538 2592 justo
1583 2523 1792 2592 judicio
1834 2526 2262 2595 subjicerentur;

699 2616 771 2670 ita
802 2625 860 2669 ut
889 2615 974 2676 iis,
1003 2616 1094 2684 qui
1135 2615 1453 2683 resipiscere
1486 2615 1730 2680 nollent,
1760 2625 1854 2670 aut
1877 2618 1966 2685 qui
1993 2619 2265 2686 poeniten-

700 2708 829 2759 tium
876 2704 1003 2759 olim
1043 2705 1306 2775 polliciti,
1356 2706 1713 2760 nihilominus
1751 2708 1807 2761 in
1853 2709 2122 2777 apostasia
2169 2726 2266 2766 sua

697 2807 1144 2869 perseverarent,
1187 2796 1325 2868 ignis
1371 2797 1695 2866 supplicium
1743 2797 2007 2852 subirent.
2052 2799 2116 2855 Et
2161 2802 2266 2856 alia

699 2888 916 2958 quidem
947 2887 1236 2941 multitudo
1266 2903 1370 2939 una
1401 2901 1524 2940 cum
1557 2885 1857 2956 Symeone,
1887 2889 1978 2957 qui
2025 2898 2080 2943 et
2110 2888 2264 2946 Titus

700 2974 1020 3037 vocabatur,
1051 2973 1249 3026 acerbo
1280 2973 1469 3026 mortis
1499 2988 1695 3043 genere
1728 2976 1911 3043 periit.

2366 1979 2651 2032 ἐπίσταται
2672 1977 2848 2044 λόγια.
2883 1977 2977 2029 Ἐκ
3003 1976 3210 2046 ταύτης
3235 1975 3291 2028 δὲ
3320 1976 3418 2043 τῆς
3447 1975 3738 2044 κινήσεως,
3767 1975 3940 2043 ἔριδος

2366 2072 2549 2133 αὐτοῖς
2576 2070 2670 2122 καὶ
2707 2070 2887 2138 μάχης
2927 2068 3198 2122 ἀσπόνδου
3234 2068 3530 2137 συστάσης,
3581 2067 3865 2136 πρόσεισιν
3913 2066 3942 2116 ό

2380 2160 2611 2223 Ἰοῦστος
2642 2159 2720 2229 τῷ
2752 2159 3079 2222 Κωλωνείας
3119 2158 3439 2226 ἐπισκόπῳ,
3479 2157 3558 2218 ὼς
3591 2156 3656 2208 ἂν
3687 2156 3786 2225 τὴν
3829 2155 3943 2208 διά-

2371 2269 2518 2305 νοιαν
2543 2250 2641 2304 τοῦ
2667 2248 3028 2303 άποστολικοῦ
3058 2247 3227 2318 ῥητοῦ
3253 2246 3553 2301 καταλάϐοι
3582 2247 3938 2316 σαφέστερον,

2372 2346 2466 2399 καὶ
2493 2343 2864 2397 ἁνακαλύπτει
2892 2342 3090 2409 πάντα,
3113 2342 3215 2394 ὅσα
3242 2339 3391 2410 αὒτῷ
3405 2356 3470 2396 τε
3497 2339 3726 2402 καὶτοῖς
3750 2336 3942 2390 συνοῦ·

2374 2454 2458 2489 σιν
2487 2435 2858 2505 διεπράττετο.
2913 2434 2973 2486 '0
3002 2433 3059 2486 δέ
3090 2430 3352 2502 ἀναφέρει
3389 2430 3563 2483 ταῦτα
3625 2428 3703 2498 τῷ
3734 2428 3945 2496 βασιλὰ

2371 2526 2779 2595 (Ἰουστινιανδς
2795 2525 2853 2578 δέ
2875 2520 2963 2595 ἦν,
2985 2527 3014 2579 δ
3035 2524 3173 2595 μετὰ
3200 2522 3523 2593 Ἡράκλειον
3543 2521 3641 2591 τὴν
3659 2519 3944 2590 βασιλείαν

2371 2618 2794 2689 διαδεξάμενος)’
2830 2617 2926 2670 καὶ
2960 2617 3019 2679 ὃς
3063 2615 3257 2686 ἐρεύνῃ
3287 2615 3382 2668 καὶ
3423 2612 3603 2684 κρίσει
3645 2611 3828 2681 δικαίᾳ
3873 2609 3944 2663 τά

2369 2713 2487 2766 κατ’
2520 2710 2720 2772 αὐτοὺς
2753 2706 3126 2777 ὑποϐληθῆναι
3157 2704 3422 2768 κελεύσας
3443 2744 3458 2769 ,
3489 2702 3616 2763 τούς
3637 2720 3696 2756 τε
3729 2703 3943 2772 ἀμετα-

2374 2803 2617 2874 μελήτως
2655 2801 2767 2870 (48)
2813 2799 3069 2870 ἔχοντας,
3121 2801 3216 2851 καὶ
3260 2798 3387 2859 τοὺς
3433 2795 3722 2866 μετάνοιαν
3769 2792 3944 2845 πάλαι

2373 2895 2474 2965 μὲν
2500 2890 3022 2960 ἐπαγγειλαμένους,
3069 2888 3269 2958 ὁμοίως
3293 2887 3348 2939 δέ
3365 2887 3458 2940 καὶ
3479 2885 3588 2956 (I9)
3611 2885 3709 2954 τὴν
3733 2881 3947 2936 ἐαυτῶν

2369 2983 2704 3040 ἀποστασίαν
2728 2981 3089 3052 περιέποντας
3116 2977 3255 3049 (50),
3274 2978 3364 3030 τὸν
3390 2976 3477 3030 διὰ
3507 2993 3580 3028 πυ
3591 2975 3679 3046 ρος
3705 2973 3945 3039 ὑποστῆ-

701 3082 786 3115 ναι
817 3063 1116 3132 προσέταξε
1148 3063 1395 3117 θάνατον.
1427 3064 1534 3116 Καὶ
1559 3063 1618 3116 τὸ
1647 3065 1744 3135 μὲν
1771 3066 1903 3120 ἄλλο
1956 3069 2160 3138 πλῆθος
2189 3072 2306 3145 ἅμα
2345 3075 2614 3147 Συμεῶνι,
2640 3071 2719 3141 τῷ
2752 3071 2844 3124 καὶ
2879 3069 3045 3140 Τίτῳ,
3077 3067 3250 3131 οὕτως
3297 3066 3392 3120 τού
3421 3067 3522 3136 ζῇν
3587 3063 3800 3134 πικρῶς
3833 3063 3944 3114 άπ-

704 3154 1099 3224 εστερήθησαν.

779 3251 916 3303 XIX.
950 3249 1148 3303 Paulus
1178 3263 1304 3303 vero
1328 3249 1545 3318 quidam
1568 3289 1583 3314 ,
1614 3252 1904 3307 Armenius
1924 3270 2147 3325 genere,
2178 3259 2266 3312 cui
2295 3260 2341 3323 (ζ
2441 3257 2446 3307 1

2295 3260 2341 3323 ο
2441 3254 2544 3308 ΙΘ’.
2574 3252 2784 3314 Παῦλος
2821 3251 2878 3303 δέ
2914 3265 3016 3314 τις,
3055 3251 3209 3317 γένος
3250 3247 3570 3319 Ἀρμένιος,
3613 3247 3706 3300 δύο
3738 3249 3943 3301 παίδων

705 3345 813 3394 duo
845 3341 936 3394 filii
966 3349 1123 3395 erant
1152 3339 1465 3410 Gegntesius
1498 3352 1551 3396 et
1584 3341 1936 3409 Theodorus,
1972 3349 2265 3417 supplicio,

705 3434 849 3502 quod
879 3434 975 3488 toti
1003 3433 1381 3501 Apostatarum
1414 3433 1578 3486 canui
1608 3433 1934 3489 destinatum
1971 3437 2142 3492 fuerat
2165 3480 2179 3493 .
2211 3455 2269 3494 se

707 3525 830 3594 fuga
859 3524 1199 3586 subducens,
1232 3525 1284 3576 in
1318 3523 1495 3577 vicum
1537 3540 1697 3593 supra
1728 3535 2107 3592 memoratum,
2146 3527 2273 3596 Epi-

708 3617 908 3686 sparim
948 3617 1199 3675 nomine,
1239 3624 1512 3684 receptum
1549 3614 1761 3680 habuit,
1802 3616 1893 3670 ubi
1943 3618 2270 3686 impietatem

709 3707 1064 3762 disseminare
1114 3706 1431 3759 conabatur.
1472 3707 1554 3759 Ab
1596 3707 1697 3760 hoc
1731 3714 1911 3761 autem
1948 3708 2114 3761 Paulo
2149 3724 2272 3777 pars

710 3798 1029 3854 defectionis
1068 3813 1179 3851 non
1218 3797 1474 3861 minima,
1506 3807 1560 3850 et
1597 3797 1910 3852 detestanda
1954 3797 2278 3854 Manichaeo-

715 3905 831 3942 rum
880 3896 1033 3959 putat
1080 3903 1137 3941 se
1181 3887 1680 3941 denominationem
1725 3891 2038 3956 accepisse,
2099 3890 2277 3958 potius

711 3993 870 4047 quam
907 3993 970 4031 ex
1001 3976 1287 4030 Callinices
1320 3975 1460 4029 filiis.
1503 3975 1597 4029 Hic
1637 3975 1802 4031 filium
1835 3993 1994 4031 suum
2051 3978 2275 4050 Πυθω-

714 4071 851 4125 sium
883 4068 1177 4138 impietatis
1221 4067 1542 4137 magistrum
1570 4067 1875 4134 constituit,
1907 4068 2025 4138 ejus
2058 4070 2275 4123 nomine

2375 3345 2576 3414 πατὴρ,
2608 3337 2683 3397 ὧν
2729 3342 2840 3412 (51)
2871 3341 2947 3410 τῷ
2995 3343 3092 3409 μέν
3137 3335 3206 3408 ἦν
3251 3340 3566 3405 Γεγναίσιος
3610 3338 3746 3408 (52),
3771 3338 3846 3408 τῷ
3888 3339 3947 3392 δέ

2373 3437 2644 3504 Θεόδωρος
2675 3433 2843 3502 δνομα
2864 3473 2879 3498 ,
2909 3433 3002 3484 τοῦ
3043 3432 3272 3485 θανάτου
3306 3431 3674 3502 διαδιδράσκει
3705 3433 3815 3500 (55)
3838 3472 3851 3494 ,
3886 3432 3947 3494 ὃς

2375 3526 2518 3580 κατὰ
2549 3525 2729 3594 πάσης
2756 3525 2853 3593 τῆς
2885 3522 3240 3584 ἀποστάτιδος
3282 3523 3474 3592 μοίρας
3508 3521 3774 3590 ἐψήφιστο
3796 3561 3809 3582 ,
3851 3521 3947 3575 καὶ

2378 3616 2738 3688 παραγίνεται
2775 3614 2874 3685 μὲν
2908 3615 2987 3677 είς
3017 3614 3114 3683 τὴν
3139 3612 3345 3666 ἄνωθεν
3373 3614 3504 3681 ἡμῖν
3547 3613 3947 3681 ὀνομασθεῖσαν

2390 3709 2741 3779 Ἐπίσπαριν,
2779 3707 2873 3760 καὶ
2917 3705 3160 3775 σπείρειν
3198 3705 3497 3769 ἐσπούδαζε
3529 3706 3627 3775 τὴν
3665 3705 3942 3760 ἀσέϐειαν.

2389 3801 2484 3854 Ἐκ
2515 3801 2707 3854 τούτου
2737 3798 2801 3868 δὴ
2827 3796 2922 3850 τοῦ
2954 3796 3167 3850 Παύλου
3209 3795 3368 3866 μερὶς
3405 3797 3505 3849 οὐκ
3553 3796 3807 3866 ἐλαχίστη
3845 3797 3946 3866 τῆς

2375 3890 2708 3952 ἀποστασίας
2737 3890 2831 3942 καὶ
2871 3888 2970 3959 τὴν
2995 3886 3310 3957 ἐπωνυμίαν
3336 3887 3515 3939 ’έλκειν
3555 3887 3753 3956 μᾶλλον
3798 3887 3832 3956 ἢ
3879 3888 3946 3940 ἐκ

2373 3981 2484 4034 τῶν
2528 3981 2627 4049 τῆς
2661 3979 2992 4046 Καλλινίκης
3046 3977 3156 4045 (54)
3207 3975 3414 4030 παίδων
3443 3976 3504 4029 τὸ
3548 3977 3789 4046 μυσαρὸν
3836 3977 3946 4029 τῶν

2371 4071 2685 4142 Μανιχαίων
2712 4070 2863 4132 ἔθνος
2891 4068 3202 4138 νομίζουσιν
3234 4067 3371 4137 (55).
3417 4061 3586 4130 Οὗτος
3625 4067 3716 4119 τὸν
3749 4065 3944 4118 ἐαυτοῦ

713 4162 768 4214 in
820 4159 1161 4213 Timotheum
1200 4166 1554 4212 commutato.
1611 4157 1728 4223 Qua
1777 4159 1845 4213 de
1893 4175 2055 4213 causa
2109 4160 2274 4213 frater
2363 4180 2380 4213 ι

2270 4176 2274 4189 ’
2363 4160 2477 4213 υίὸν
2523 4158 2834 4226 Γεγναίσιον
2879 4157 2960 4219 είς
3004 4157 3065 4208 τὸ
3116 4154 3216 4224 τῆς
3260 4154 3550 4224 ἀθεότητος
3616 4154 3937 4222 προκαθίξει

713 4252 832 4319 ejus
869 4249 1067 4304 invidia
1105 4247 1414 4303 stimulatur
1445 4265 1458 4299 :
1498 4247 1700 4303 invidia
1738 4258 1917 4303 autem
1951 4250 2270 4305 seditionem
2363 4247 2380 4300 ί

2363 4247 2754 4312 διδασκαλεῖον,
2786 4244 3162 4315 μετονομάσας
3187 4241 3470 4311 Τιμόθεον.
3514 4240 3604 4308 Ἐξ
3631 4237 3691 4297 οὗ
3711 4243 3777 4312 δὴ
3810 4243 3945 4311 φθό-

832 4389 1036 4444 Coloss.
1074 4404 1108 4448 I,
1152 4385 1331 4439 16-18,

1825 4497 2054 4552 VARIE
2088 4497 2465 4554 LECTIONES
2498 4496 2584 4552 ET
2624 4495 2855 4551 NOTAE.

790 4641 898 4709 (46)
932 4642 1012 4692 Οὐ
1043 4640 1169 4691 τόν.
1201 4637 1462 4709 Ita__r_nalo
1503 4650 1624 4709 cum
1669 4635 1887 4709 Nostro,
1919 4651 2080 4706 quam
2112 4635 2275 4688 αὑτὸν
2310 4639 2351 4694 D
2415 4647 2457 4709 _1

2310 4639 2351 4694 D
2415 4633 2560 4709 _(5_2)
2586 4633 2963 4709 εγναίσιος.
3003 4631 3193 4684 Petrus
3229 4628 3462 4709 Siculus,
3496 4628 3623 4709 Iac.
3661 4628 3944 4695 Γεγνέσιος

715 4705 838 4767 cum
882 4705 1232 4761 Coisliniano.
1284 4705 1383 4760 Hic
1430 4706 1573 4760 enim
1627 4705 2115 4775 palmarius’error
2161 4713 2277 4775 erat

717 4782 1130 4836 Manichaeorum
1155 4815 1170 4838 ,
1198 4776 1341 4844 quod
1372 4791 1482 4844 non
1515 4773 1750 4829 eum'dem
1791 4776 2126 4830 conditorem
2155 4773 2278 4844 ωςιί

717 4861 770 4905 ct
802 4860 980 4910 terrm,
1013 4861 1173 4916 quam
1209 4841 1421 4896 Patrem
1442 4842 1655 4916 _Christi
1679 4884 1703 4916 ,_
1724 4845 2010 4916 crederent
2034 4854 2090 4916 et
2116 4841 2281 4916 proli:

719 4929 994 4981 terentur,
1029 4911 1172 4984 quod
1217 4921 1397 4968 tamen
1437 4912 1625 4968 Justus
1657 4914 1709 4967 vi
1742 4914 1874 4968 dicti
1922 4914 2127 4968 I'aulini
2164 4911 2281 4965 ﬁeri

718 4991 916 5044 debere
947 4986 1181 5040 videbat.

789 5058 898 5124 (47)
930 5054 1111 5121 Παρὰ.
1133 5053 1207 5106 Ita
1240 5062 1384 5124 recte
1417 5051 1749 5124 Coislin.,_at
1776 5051 1966 5108 Noster
1997 5051 2142 5122 περί.

789 5121 898 5197 (48)
937 5121 1443 5197 Ἀμει-ιιιιιεςλτξτωςζ
1468 5123 1635 5197 I_ta_en
1677 5121 1889 5197 Nostr_o_,
1943 5139 2041 5197 pro
2072 5121 2275 5197 άμετα·

723 5188 1168 5266 μελήτουςιιυοὲί
1203 5192 1366 5247 habet
1406 5191 1787 5246 Coislinianus.
1821 5188 2040 5248 Phrasis
2077 5188 2282 5246 Graecis

722 5265 1122 5337 perfamiliaris.

794 5336 902 5404 (49)
934 5332 1061 5387 Καί.
1095 5331 1317 5404 Bectius
1342 5346 1448 5404 non
1476 5330 1716 5404 agnoscit
1744 5346 1846 5404 nis.

794 5399 904 5473 (δυ)
945 5402 1360 5473 Περιέποντας.
1397 5400 1470 5454 Ita
1512 5399 1714 5473 optime
1743 5399 2157 5473 Coislinianus,
2181 5419 2278 5473 pro

723 5470 829 5541 quo
851 5472 1044 5527 Nosmr
1072 5471 1327 5524 mendose
1348 5471 1757 5539 περιπεσόντας.
1782 5470 2112 5541 Frequenter
2135 5470 2278 5528 Pho-

726 5535 833 5600 tius
872 5542 1032 5614 priori
1066 5556 1195 5614 voce
1223 5555 1351 5614 u_s_us
1383 5535 1485 5594 est.

797 5605 905 5680 (δι’)
939 5605 1068 5665 Ὧν.
1126 5609 1217 5680 Ita,
1247 5608 1442 5680 Noster
1481 5624 1578 5679 pro
1615 5608 1690 5662 ὢν
1731 5607 2078 5680 Οοίίείὶηἰοηο.
2124 5610 2277 5666 Prius

727 5694 874 5739 certe
890 5679 1064 5750 magis
1083 5679 1330 5749 quadrat,
1353 5679 1696 5734 referendum
1724 5679 1930 5750 scilicet
1954 5680 2018 5734 ad
2049 5680 2274 5739 παίδων,

728 5769 883 5823 quam
929 5748 1214 5823 posterius,
1247 5750 1388 5823 quod
1429 5750 1721 5816 pertineret
1749 5748 1812 5802 ad
1851 5751 2053 5823 πατήρ.
2087 5751 2277 5806 Petrus

733 5819 943 5880 Siculus
982 5821 1172 5876 astruit
1197 5819 1478 5876 lectionem
1506 5829 1762 5883 nostram,
1794 5835 1845 5888 ιι.
1881 5819 1967 5873 48.

2381 4699 2709 4760 οὺέἱῐὴίιειιι
2735 4707 2794 4753 τδ
2819 4719 2873 4754 αι
2903 4712 2958 4755 et
2980 4719 3004 4752 ε
3039 4700 3422 4768 pronuntiandi
3462 4699 3747 4768 rationem.

2451 4774 2568 4843 (55)
2594 4769 3022 4843 Διαδιδρᾴίζκει.
3040 4765 3053 4768 “
3072 4769 3374 4843 Ita_Noster
3401 4782 3499 4843 pro
3525 4767 3809 4843 etspdgnsr
3840 4765 3945 4818 Co-

2379 4835 2857 4897 dicis.Coiinniani
2888 4839 3078 4892 Petrus
3118 4838 3334 4892 Siculus
3362 4835 3526 4890 habet
3557 4835 3944 4905 ἀποδιδράσκει

2380 4913 2570 4968 eodem
2605 4926 2788 4965 sensu.

2453 4982 2564 5050 (54)
2602 4978 2987 5042 Καλλινίκης.
3031 4975 3107 5030 De
3155 4974 3316 5044 hujus
3349 4973 3473 5028 filiis
3501 4972 3623 5027 vide
3671 4988 3832 5043 supra
3863 4972 3944 5040 ad

2384 5049 2411 5121 ἓ
2439 5052 2559 5188 ῗέὕ)
2602 5116 2942 5184 Marqule
2969 5114 3161 5177 ἔθνος.
3192 5112 3544 5188 Πεοεηῑίοτεε
3573 5109 3898 5188 scilicetnilli
3927 5149 3942 5172 ,

2376 5179 2467 5258 qui
2501 5179 3102 5258 Palilicianis'oca_|itur,
3134 5183 3334 5258 quiquﬁe
3363 5198 3471 5258 non
3508 5197 3537 5234 a
3573 5182 3738 5258 Paulo
3765 5179 3861 5258 illo
3889 5189 3945 5234 et

2375 5248 2606 5319 J'oanne,
2634 5258 2700 5310 de
2732 5256 2928 5324 quibus
2951 5255 2984 5306 Ι.
3010 5270 3060 5305 c.
3093 5248 3184 5324 sed
3224 5248 3262 5324 a
3287 5251 3452 5324 Paulo
3478 5251 3717 5324 quodam
3751 5248 3943 5324 Arme-

2376 5331 2489 5393 nio,
2521 5318 2636 5381 istis
2668 5318 2986 5385 recentiore,
3029 5321 3266 5393 nominis
3303 5321 3382 5374 sui
3411 5318 3672 5393 originem
3709 5318 3946 5393 repetie-

2378 5389 2525 5461 runt,
2542 5397 2804 5464 majorum
2828 5393 3034 5464 scilicet
3053 5390 3317 5464 exemplo,
3343 5393 3432 5457 qui
3456 5389 3751 5458 superioris
3771 5389 3944 5441 :etatis

2386 5460 2640 5523 doctores
2699 5479 2846 5522 suos,
2878 5463 3020 5530 quod
3052 5477 3117 5514 ex
3149 5461 3174 5530 ἑ
3206 5460 3238 5512 5
3266 5470 3320 5512 et
3357 5463 3409 5530 4,
3439 5469 3716 5520 constant,
3752 5471 3944 5530 recen-

2387 5538 2612 5592 tioribus
2645 5527 2966 5601 postpouere
2987 5572 2999 5595 ,
3043 5527 3338 5601 eorumque
3361 5529 3510 5601 inter
3538 5544 3595 5581 se
3628 5527 3942 5601 memoriam

2385 5595 2699 5661 oblitterare
2739 5595 3155 5656 consueverunt.
3212 5595 3430 5651 Interim
3488 5609 3676 5651 notare
3730 5595 3818 5648 hie
3861 5595 3943 5648 fas

2385 5686 2504 5738 est,
2555 5672 2724 5726 videri
2779 5671 2879 5724 hoc
2932 5667 3318 5738 IocoPetrum
3373 5665 3612 5738 Siculum
3665 5680 3693 5717 a
3747 5663 3943 5716 I’hotio

2383 5734 2552 5806 abire,
2585 5741 2821 5811 quando,
2855 5741 3022 5808 p.158,
3058 5737 3259 5811 diserte
3287 5734 3717 5811 Paulicianorum
3740 5747 3939 5787 nomen

2378 5834 2406 5869 a
2435 5806 2682 5867 Paulo'et
2713 5806 2917 5865 Joanne
2939 5849 2952 5873 ,
2987 5808 3272 5862 Callinicus
3305 5806 3450 5869 linis,
3484 5806 3709 5859 derivat.
