4222 6432
264 417 336 478 53
1309 419 1602 479 CONTRA
1643 421 2100 482 MANICH/EOS
2137 422 2363 481 LIBER
2410 422 2452 479 Ι.
3426 417 3493 481 bi

254 539 347 583 vo;
397 523 495 591 μὲν
522 522 792 591 ἐμφύεται
821 524 899 593 τῷ
929 524 1161 593 ἀδελςῷ,
1189 527 1281 577 καὶ
1310 527 1337 578 6
1363 528 1553 594 φθόνος
1582 528 1677 597 τὴν
1705 530 1834 582 στά-
1863 538 1905 591 Δ

1825 560 1834 570 -
1863 538 1905 591 Δ
1937 532 2145 600 peperit
2170 549 2183 585 :
2218 530 2289 583 ita
2318 539 2375 582 ut
2400 527 2569 582 divisa
2602 527 2848 594 impietas
2878 542 2931 578 sc
2960 526 3125 594 ipsam
3154 526 3492 589 dilaceraret,

261 630 349 665 σιν
382 616 699 667 άπέτικτεν.
733 615 841 666 Καὶ
875 616 1073 684 ἑαυτὴν
1102 616 1434 685 διαιρεθεῖσα
1608 618 1827 671 κατενέ-

258 719 390 770 μετο
423 705 455 771 ἡ
496 704 719 756 ἀσέϐεια
764 706 873 756 τῶν
908 706 1153 773 ἀδελφῶν
1197 709 1289 759 καὶ
1330 707 1425 777 τὴν
1493 710 1704 778 μήτραν
1738 712 1831 761 καὶ

255 794 356 858 τὴν
407 794 681 854 ἀσέϐειαν,
734 795 827 846 τοῦ
888 795 987 864 μὲν
1032 797 1281 862 λέγοντος
1330 800 1429 866 τὴν
1475 800 1570 851 τοῦ
1629 802 1831 869 πατρὸς

254 883 464 935 ἀνωθεν
504 886 922 955 ἀπεσταλμένην
970 888 1149 957 χάριν,
1188 889 1380 940 ἑαυτόν
1426 906 1488 941 τε
1537 892 1689 961 παρά
1737 891 1831 943 τοῦ

256 975 517 1037 λαϐόντος
547 976 678 1044 (56‘)
721 977 1094 1041 εἰσδέξασθαι,
1145 981 1239 1030 καὶ
1268 979 1364 1031 τοῦ
1405 981 1700 1048 προνομίου
1732 981 1831 1049 τῆς

254 1066 513 1127 ἀσεϐείας
545 1068 624 1136 τῷ
649 1067 885 1138 δευτέρῳ
919 1069 993 1139 μὴ
1024 1070 1369 1133 ἐξίστασθαι·
1411 1071 1503 1123 τοῦ
1538 1072 1593 1123 δὲ
1625 1070 1830 1124 Θεοδώ-

259 1175 357 1227 ρου
386 1157 591 1227 ταύτην
636 1160 1005 1224 ἀντισπῶντος
1040 1162 1125 1225 ἐφ’
1158 1162 1369 1223 ἑαυτὸν,
1399 1164 1492 1215 καὶ
1527 1164 1601 1233 μὴ
1633 1164 1834 1233 πατρό-

258 1249 352 1297 θεν
383 1248 495 1315 (57)
542 1250 605 1300 ὲκ
635 1248 731 1300 τοῦ
774 1248 1028 1311 λαϐόντος
1071 1250 1299 1320 δευτέρᾳ
1329 1252 1477 1303 δόσει
1522 1256 1830 1321 μετασχεῖν,

257 1338 375 1388 ἀλλ’
407 1341 471 1389 ὲκ
503 1340 597 1406 τῆς
633 1337 857 1407 πρώτης
891 1339 1121 1408 δωρεᾶς,
1158 1342 1253 1393 καὶ
1284 1342 1405 1393 ὅθεν
1436 1344 1463 1393 6
1496 1344 1678 1412 πατὴρ
1708 1342 1835 1395 ταύ-

256 1444 360 1495 την
393 1427 663 1484 είλκυσεν.
688 1429 941 1498 Ἐμεινεν
963 1425 1056 1483 οὖν
1088 1432 1120 1499 ἡ
1147 1432 1372 1501 τοιαύτη
1401 1432 1589 1495 στάσις
1619 1434 1710 1485 καὶ
1748 1450 1836 1502 φι-

265 1517 510 1570 λονεικία
537 1520 697 1589 μέχρι
725 1522 820 1572 τοῦ
868 1521 1261 1591 ὲϐδελυγμένου
1308 1524 1491 1585 τέλους
1524 1524 1623 1591 τῆς
1661 1524 1836 1575 αὐτῶν

260 1609 696 1679 δυσσεϐεστάτης
723 1612 963 1681 ζωῆς.⁹0
980 1613 1034 1666 δὲ
1061 1614 1124 1666 ὲκ
1157 1614 1554 1683 Γερμανικείας
1581 1615 1677 1682 τῆς
1700 1614 1838 1666 κατά

262 1701 464 1768 Συρίαν
494 1702 643 1754 Λέων
675 1703 807 1768 (57‘)
838 1704 1137 1772 τηνικαῦτα
1171 1706 1239 1757 τά
1271 1705 1521 1775 σκῆπτρα
1561 1705 1662 1773 τῆς
1707 1705 1836 1758 Ῥω-

266 1795 473 1861 μαῖκῆς
525 1795 700 1864 ἀρχῆς
756 1796 865 1863 (58)
906 1797 1267 1866 ὲνεχειρίζετο
1292 1814 1305 1827 ·
1344 1796 1401 1858 ὃς
1444 1796 1511 1848 τὰ
1564 1798 1692 1867 περὶ
1732 1797 1839 1849 τῶν

262 1884 643 1936 ἀσεϐεστάτων
684 1884 888 1937 τούτων
931 1885 1242 1954 ἀναμαθὼν,
1301 1886 1690 1955 μετάπεμπτον
1739 1884 1837 1953 μὲν

265 1978 502 2027 π’,ιεῖται
550 1977 641 2027 τὸν
690 1977 1019 2043 Γεγναίσιον.
1074 1979 1184 2029 Οὐκ
1234 1977 1373 2045 ἔχων
1423 1977 1480 2028 δὲ
1528 1978 1711 2044 κρίσιν
1769 1975 1836 2026 τά

264 2066 489 2119 τοιαῦτα
517 2066 815 2136 διερευνᾷν,
848 2070 937 2119 καὶ
964 2067 1120 2120 τοῦτο
1147 2067 1324 2129 καλῶς
1355 2066 1605 2127 συνειδὼς
1629 2103 1644 2127 ,
1678 2064 1837 2127 αὐτὸς

269 2158 369 2225 μὲν
408 2158 509 2209 οὐκ
529 2157 773 2220 ἐξετάζει
800 2159 890 2209 τὸν
914 2158 1250 2211 αίτιαθένταο
1277 2157 1352 2227 τῷ
1367 2158 1425 2209 δὲ
1453 2157 1590 2209 κατά
1616 2156 1837 2224 καιροὺς

265 2248 375 2299 τῶν
402 2249 694 2320 ίερατικῶν
718 2250 923 2319 θρόνων
951 2251 1051 2318 τὴν
1086 2249 1377 2318 προεδρίαν
1410 2248 1625 2316 λαχόντι
1655 2247 1838 2310 ἐξετα-

270 2340 603 2409 σθησόμενον
634 2341 773 2409 ὑπὲρ
804 2342 902 2409 τῆς
952 2340 1244 2410 θρησκείας
1289 2340 1608 2408 διαπέμπει.
1652 2339 1835 2405 Λόγων

265 2427 359 2483 οὖν
386 2430 599 2483 πολλῶν
622 2432 754 2498 πρὸς
779 2430 870 2482 τὸν
896 2431 1209 2498 ἀποστάτην
1243 2429 1712 2501 προεληλυθότων,
1744 2428 1837 2481 καὶ

264 2522 331 2573 τά
383 2521 481 2589 μὲν
519 2522 627 2573 τῶν
661 2521 1044 2589 ἀσεϐημάτων,
1086 2522 1160 2583 ὡς
1210 2521 1327 2582 ἔθος
1358 2521 1559 2586 αὐτοῖς,
1611 2521 1698 2572 διὰ
1740 2520 1837 2589 τῆς

264 2614 549 2681 ἀρνήσεως
593 2612 958 2680 ἀποδυομένου
984 2652 998 2675 ,
1040 2612 1109 2665 τά
1144 2612 1222 2675 δὲ,
1268 2613 1508 2681 ῥήμασιν
1537 2612 1836 2683 ὀρθοδόξοις

265 2704 699 2772 ἐπιχρωννύντος
723 2742 737 2765 ,
767 2708 861 2757 καὶ
907 2703 986 2773 τῷ
1027 2703 1351 2772 πολυπλόκῳ
1380 2704 1487 2756 τῶν
1529 2703 1837 2771 μεταϐολῶν

264 2786 333 2861 ἧς
359 2792 541 2860 ἔνοχος
568 2787 638 2861 ἦν
672 2791 1006 2852 ἀποστασίας
1023 2832 1037 2854 ,
1065 2792 1449 2855 διεισδύνοντός
1480 2809 1538 2844 τε
1565 2794 1660 2845 καὶ
1681 2792 1839 2845 διολι-

267 2882 615 2947 σθαίνοντος,
653 2884 685 2951 ἡ
734 2882 842 2935 τῶν
890 2883 1174 2952 ἀκροατῶν
1215 2883 1392 2953 ψῆφος
1422 2884 1651 2954 ἀφεώρα
1701 2884 1839 2953 πρὸς

264 2973 539 3025 ἀθώωσιψ
586 2973 679 3024 καὶ
714 2974 742 3025 6
783 2974 963 3043 πάσης
998 2974 1249 3037 ἀσεϐείας
1290 2976 1504 3043 πλήρης
1549 2974 1840 3038 ἀνεύθυνος

265 3058 409 3114 εἶναι
454 3063 563 3115 τῶν
602 3064 987 3133 ἐπικλημάτων
1024 3066 1321 3135 ἐνομίζετο.
1358 3066 1420 3117 Οί
1449 3066 1505 3117 δὲ
1544 3066 1727 3132 λόγοι,
1765 3067 1839 3129 ὡς

265 3151 335 3203 ἂν
374 3152 407 3219 ἡ
457 3150 688 3222 μίμησις
727 3152 903 3215 εἴποι,
941 3153 1165 3222 τοιούτῳ
1195 3153 1544 3207 διετυποῦντο
1578 3156 1835 3225 σχήματι·

270 3256 289 3288 ι
323 3241 421 3291 Διά
454 3241 529 3303 τί,
564 3242 726 3308 φησὶν
754 3243 783 3292 6
810 3242 1178 3310 πατριάρχης,
1213 3236 1257 3294 ὦ
1292 3237 1468 3306 οὗτος,
1500 3244 1599 3313 τὴν
1628 3243 1840 3312 ὀρθόδο-

268 3330 357 3393 ξ’)ἰ
388 3331 692 3401 άπηρνήσω
726 3332 943 3395 πίστιν;
977 3351 995 3382 ι
1042 3332 1099 3384 'O
1124 3333 1181 3385 δὲ
1207 3334 1521 3402 ἀποστάτης
1553 3334 1645 3386 τὸν
1673 3336 1840 3404 ἀρνη-

268 3423 509 3487 σάμενον
549 3422 645 3489 τὴν
676 3422 954 3492 ὀρθόδοξον
988 3423 1204 3485 πίστιν,
1251 3422 1499 3492 ἀνάθεμα
1543 3417 1682 3476 εῖναι
1734 3424 1839 3475 ὑπ-

264 3512 541 3579 εκρίνατο.
571 3512 848 3581 ὀρθόδοξον
875 3513 1055 3566 καλῶν
1080 3514 1141 3565 τὸ
1164 3514 1362 3565 οίκεῖον
1390 3513 1662 3583 ἀσέϐημα.
1689 3515 1841 3566 Ἐπεὶ

264 3602 323 3654 δε
356 3602 449 3653 καὶ
478 3603 706 3671 δευτέρα
734 3604 1002 3673 προῆλθεν
1027 3602 1313 3673 ἐρώτησις
1353 3622 1372 3655 ι
1402 3604 1498 3656 Διά
1518 3604 1567 3656 τί
1595 3605 1656 3657 ού
1676 3621 1842 3675 προσ-

271 3695 456 3753 κυνεῖς
492 3693 583 3744 καὶ
611 3692 1004 3762 περιπτύσσεις
1038 3694 1131 3745 τὸν
1154 3694 1385 3763 σταυρὸν
1406 3694 1499 3747 τοῦ
1526 3695 1789 3764 Χριστοῦ;
1818 3714 1835 3746 ι

265 3783 295 3832 6
338 3782 649 3850 ἀποστάτης
702 3783 863 3836 πάλιν
898 3787 961 3853 τῇ
1015 3783 1180 3854 ὁμοίᾳ
1207 3786 1313 3854 ἀρᾷ
1355 3786 1446 3837 τὸν
1498 3784 1573 3856 μὴ
1600 3803 1838 3856 προσκυ-

268 3872 467 3924 νοῦντα
490 3873 578 3924 τὸν
604 3872 864 3934 ζωοποιὸν
892 3874 1123 3944 σταυρὸν
1146 3875 1579 3944 περιεπέμπετο,
1612 3878 1839 3946 σταυρὸν

266 3966 296 4015 ὁ
323 3964 501 4031 πάσης
528 3966 664 4033 ἀρᾶς
702 3964 903 4033 ἔνοχος,
930 3967 1022 4017 καὶ
1048 3966 1113 4017 τά
1142 3965 1253 4019 άνω
1282 3966 1431 4019 κάτω
1462 3967 1651 4029 ποιῶν,
1681 3967 1840 4021 αὑτὸν

266 4054 559 4107 ἀποκαλῶν
604 4055 695 4106 τὸν
744 4055 978 4123 Χριστόν
1030 4055 1161 4124 (59).
1216 4056 1293 4127 Τῇ
1341 4057 1447 4127 γάρ
1497 4056 1605 4109 τῶν
1644 4057 1840 4127 χειρῶν

269 4144 489 4194 ἐκτάσει
528 4143 709 4207 αὐτὸς,
742 4146 895 4213 φησὶ,
928 4146 1182 4215 διέγραψε
1209 4147 1298 4198 τὸν
1329 4148 1584 4217 σταυρόν.
1626 4149 1735 4201 Καὶ
1773 4149 1841 4201 τά

272 4234 373 4299 μὲν
403 4235 622 4302 ῥήματα
657 4231 799 4305 ἦσαν
821 4236 915 4288 τοῦ
952 4237 1183 4307 θεάτρου
1221 4238 1333 4307 (60)
1364 4240 1456 4291 καὶ
1481 4238 1657 4301 κοινά,
1685 4241 1752 4292 τά
1785 4240 1840 4292 δὲ

268 4325 355 4375 διὰ
400 4325 504 4376 τῶν
556 4327 816 4394 ῥημάτων
856 4327 1187 4396 δηλούμενα,
1235 4331 1334 4399 τῆς
1380 4331 1714 4392 ἀποστασίας
1749 4333 1842 4383 καὶ

273 4413 530 4479 μυστικά.
596 4414 720 4465 Ἐπὶ
762 4414 967 4478 τούτοις
1019 4418 1279 4485 ὲρωτᾶτο·
1346 4437 1363 4468 ι
1404 4419 1467 4469 Τί
1500 4420 1696 4488 δήποτε
1742 4420 1841 4489 τὴν

1929 620 2315 674 altercantibus
2353 618 2457 671 illis
2496 626 2602 671 tam
2650 623 2844 668 natura
2875 629 3035 682 quam
3074 614 3349 680 impietate
3390 613 3497 665 fra-

1930 712 2125 772 tribus,
2166 712 2274 764 alio
2312 710 2528 778 quidem
2553 709 2802 769 dicente,
2837 707 3052 759 missam
3090 720 3117 756 a
3152 706 3307 765 Patre
3333 706 3496 757 desu-

1930 813 2027 868 per
2052 799 2277 867 gratiam
2316 798 2383 851 ab
2418 812 2500 859 eo,
2538 796 2626 865 qui
2673 804 2993 863 acceperat,
3037 809 3095 846 se
3133 794 3438 861 suscepisse
3481 810 3495 845 :

1930 905 2097 958 seque
2128 891 2502 959 praefecturam
2552 888 2844 957 impietatis
2879 887 3120 940 secundo
3168 902 3274 939 non
3309 902 3495 939 cessu-

1932 996 2046 1033 ram
2080 997 2229 1047 esse;
2269 979 2558 1034 Theodoro
2596 989 2777 1031 autem
2833 980 2972 1032 hanc
3014 977 3079 1030 ad
3131 993 3188 1030 se
3228 978 3496 1041 trahente,

1932 1088 1996 1127 ac
2032 1073 2245 1127 dicente
2292 1088 2351 1126 se
2382 1088 2490 1124 non
2527 1087 2554 1123 a
2588 1069 2745 1123 Patre
2777 1085 2844 1123 ex
2882 1070 3021 1135 ejus,
3051 1068 3140 1137 qui
3173 1078 3495 1137 acceperat,

1935 1180 2097 1219 manu
2131 1165 2282 1233 quasi
2328 1165 2563 1217 secundo
2602 1166 2744 1217 dono
2780 1164 3077 1229 accepisse.
3110 1161 3203 1214 sed
3228 1176 3293 1214 ex
3325 1161 3499 1228 primo

1934 1256 2098 1315 dono,
2130 1266 2183 1308 et
2217 1256 2342 1308 inde
2380 1256 2656 1313 hausisse,
2694 1255 2835 1305 unde
2877 1253 3034 1305 Pater
3086 1261 3341 1305 traxerat.
3378 1251 3501 1306 Ihec

1936 1362 2100 1416 porro
2136 1346 2331 1400 seditio
2372 1345 2755 1412 contentioque
2788 1344 2853 1396 ad
2897 1359 3068 1410 usque
3099 1344 3256 1396 ﬁnem
3298 1344 3503 1411 impiis—

1938 1438 2086 1490 simre
2114 1437 2393 1490 amborum
2419 1436 2542 1488 vitae
2571 1435 2960 1502 perseveravit.
2996 1434 3102 1487 Leo
3132 1446 3335 1495 autem,
3366 1433 3501 1487 Gcr-

1939 1526 2181 1580 manici:e
2215 1526 2267 1577 in
2299 1524 2449 1594 Syria
2489 1533 2659 1585 ortus,
2690 1534 2818 1576 tunc
2846 1521 3071 1575 Romani
3100 1523 3307 1588 imperii
3345 1537 3504 1589 scep-

1942 1626 2019 1668 tra
2051 1616 2451 1679 moderabatur,
2483 1614 2574 1682 qui
2610 1614 2906 1681 compertis
2933 1613 3374 1680 impiissimorum
3408 1612 3505 1664 ho-

1941 1707 2144 1760 minum
2180 1707 2377 1775 gestis,
2418 1705 2756 1775 Gegnaasium
2807 1704 3110 1757 accersivit.
3150 1702 3283 1756 Cum
3324 1711 3502 1755 autem

1942 1799 2108 1866 probe
2140 1797 2302 1850 sciret
2349 1796 2465 1849 hzec
2497 1795 2837 1848 examinandi
2886 1796 2974 1861 jus
3016 1810 3119 1845 non
3152 1792 3251 1844 sibi
3289 1808 3504 1860 compe-

1870 1874 1910 1928 Β
1942 1900 2073 1950 tere,
2107 1904 2257 1941 reum
2289 1888 2354 1940 ad
2394 1886 2752 1955 patriarcham
2792 1885 2935 1937 illius
2985 1883 3247 1950 temporis
3278 1882 3503 1941 remisit,

1939 1978 2029 2045 qui
2062 1977 2129 2030 de
2176 1976 2433 2045 religione
2477 1976 2595 2043 ejus
2636 1973 2990 2042 quzcstionem
3038 1971 3281 2023 haberet.
3324 1969 3506 2021 Multis

1939 2070 2119 2137 itaque
2148 2069 2344 2122 habitis
2374 2082 2497 2119 cum
2528 2074 2771 2133 apostata
2812 2063 3115 2131 colloquiis,
3149 2077 3272 2115 cum
3328 2062 3415 2113 ille
3450 2062 3507 2114 in

1937 2160 2259 2228 quibusdam
2291 2158 2557 2227 negando,
2595 2165 2656 2208 ut
2690 2170 2806 2207 mos
2837 2154 2967 2222 ipsis
2997 2162 3110 2205 erat
3132 2191 3145 2213 ,
3175 2152 3504 2213 elaberetur,

1939 2252 1993 2304 in
2027 2251 2144 2303 aliis
2173 2260 2352 2302 autem
2394 2247 2716 2302 defectionis
2747 2256 2800 2299 et
2826 2245 3107 2313 apostasia
3147 2260 3257 2296 sua:
3284 2252 3506 2295 senten-

1942 2342 2067 2395 tiam
2098 2340 2412 2393 orthodoxis
2448 2340 2629 2392 verbis
2670 2337 3063 2405 multiplicique
3102 2351 3293 2389 vocum
3330 2342 3507 2386 muta-

1940 2434 2087 2487 tione
2128 2433 2435 2501 obtegeret,
2489 2440 2649 2497 atque
2691 2431 2761 2481 ita
2811 2444 2838 2481 a
2894 2428 3123 2481 crimine
3177 2426 3506 2485 declinaret,

1939 2524 2242 2577 auditorum
2279 2523 2518 2576 calculus
2559 2522 2669 2587 jam
2703 2520 2767 2573 ad
2800 2535 2924 2573 eum
2954 2520 3298 2571 innocentem
3328 2516 3507 2569 decla-

1939 2617 2166 2671 randum
2237 2624 2454 2685 paratus
2513 2623 2668 2667 erat:
2726 2622 2782 2667 et
2833 2612 3160 2665 omnimodae
3214 2608 3509 2677 impietatis

1940 2707 2103 2760 homo
2130 2706 2400 2766 innoxius.
2430 2714 2483 2759 et
2505 2705 2572 2758 ab
2601 2704 2748 2759 omni
2785 2702 3014 2757 crimine
3041 2717 3210 2771 purus
3237 2701 3511 2755 existima-

1940 2794 2120 2848 batur.
2177 2793 2495 2862 Hujusmodi
2574 2802 2753 2845 autem
2826 2799 2941 2843 erat
2973 2832 2987 2853 ,
3021 2790 3249 2857 exempli
3302 2789 3508 2858 gratia,

1939 2882 2193 2951 colloquii
2258 2883 2429 2936 forma
2460 2900 2473 2935 :
2517 2900 2535 2932 ι
2594 2882 2739 2935 Heus
2770 2892 2825 2935 tu
2853 2921 2867 2945 ,
2919 2882 3133 2935 dicebat
3164 2880 3472 2933 Patriarcha
3492 2921 3508 2945 ,

1939 2988 2106 3041 quare
2150 2974 2507 3027 orthodoxam
2561 2973 2719 3026 ﬁdem
2775 2973 3015 3041 negasti?
3054 2990 3071 3020 ι
3135 2970 3511 3039 Respondebat

1940 3069 2221 3129 apostata,
2279 3076 2404 3114 eum
2436 3101 2451 3125 ,
2486 3061 2577 3128 qui
2626 3060 2982 3118 orthodoxam
3040 3057 3196 3110 [idem
3254 3064 3506 3124 negaret,

1941 3154 2226 3205 anathema
2282 3166 2441 3213 esse,
2504 3150 2862 3203 orthodoxam
2922 3164 3123 3201 vocans
3177 3146 3509 3214 impietatem

1943 3254 2118 3293 suam.
2174 3239 2310 3293 llinc
2349 3240 2515 3291 altera
2558 3238 2831 3306 proposita
2871 3237 3169 3303 quaestione
3211 3253 3222 3287 :
3266 3253 3282 3284 ι
3334 3234 3513 3298 Quare

1942 3344 2158 3382 crucem
2174 3329 2372 3382 Christi
2396 3344 2499 3380 non
2518 3328 2798 3391 adoras,et
2814 3324 3197 3394 amplecteris?
3225 3344 3241 3375 ι
3275 3323 3364 3378 Ille
3388 3340 3515 3378 vero

1942 3421 2055 3489 pari
2091 3419 2454 3473 maledictioni
2486 3434 2642 3481 eum,
2676 3417 2765 3485 qui
2810 3416 3080 3469 viviﬁcam
3128 3430 3346 3468 crucem
3404 3430 3513 3467 non

1942 3511 2216 3573 adoraret,
2247 3509 2587 3577 subjiciebat.
2626 3510 2693 3560 At
2727 3507 2813 3559 ille
2843 3507 2989 3559 omni
3033 3504 3401 3558 exsecratione
3429 3504 3511 3557 di-

1944 3614 2081 3670 gnus
2114 3599 2296 3659 homo,
2326 3597 2419 3665 qui
2452 3597 2640 3650 omnia
2670 3612 2867 3664 susque
2897 3596 3072 3662 deque
3105 3594 3364 3657 vertebat,
3391 3608 3515 3645 cru-

1943 3706 2060 3745 cem
2101 3690 2323 3744 vocabat
2353 3690 2529 3758 ipsum
2559 3688 2834 3741 Christum
2858 3725 2871 3749 ,
2905 3688 2994 3753 qui
3028 3700 3285 3738 manuum
3314 3692 3508 3737 exten-

1943 3782 2097 3836 sione
2131 3796 2348 3835 crucem
2391 3780 2718 3834 delineabat.
2768 3779 2844 3832 Ac
2891 3778 3055 3831 verba
3093 3776 3309 3845 quidem
3359 3782 3515 3829 erant

1943 3874 2203 3929 theatrica
2237 3883 2292 3926 et
2316 3873 2655 3931 communia.
2692 3873 2784 3924 sed
2817 3886 2880 3924 ea
2905 3910 2918 3931 ,
2950 3885 3070 3937 quae
3102 3869 3281 3921 verbis
3306 3868 3513 3937 signiﬁ-

1942 3966 2225 4025 cabantur,
2280 3961 2566 4031 apostasia!
2610 3960 2828 4029 propria
2869 3969 2924 4012 et
2958 3957 3201 4027 mystica.
3257 3955 3510 4009 Sciscita-

1942 4056 2099 4109 batur
2134 4056 2328 4108 iterum
2363 4071 2375 4105 :
2416 4072 2433 4101 ι
2470 4052 2580 4106 Cur
2630 4053 3029 4104 sanctissnnam
3098 4048 3376 4115 Deiparam
3414 4045 3510 4099 dc-

1942 4147 2054 4200 bito
2090 4146 2294 4199 honore
2328 4153 2383 4197 et
2408 4144 2720 4197 adoratione
2750 4158 2855 4195 non
2883 4140 3158 4210 dignaris?
3192 4158 3208 4189 ι
3243 4138 3352 4198 ille,
3381 4153 3512 4191 con-

1943 4247 2097 4291 sueto
2127 4239 2229 4292 sibi
2258 4253 2427 4298 more,
2462 4237 2745 4288 anathema
2784 4235 2917 4287 dixit
2946 4235 2997 4285 in
3027 4248 3121 4285 eos
3148 4232 3237 4297 qui
3269 4240 3511 4283 sanctam

1943 4328 2224 4397 Deiparam
2252 4344 2360 4380 non
2382 4327 2643 4389 adorent;
2675 4325 2983 4392 adiecitque
3004 4339 3061 4376 se
3095 4323 3238 4375 illam
3262 4321 3512 4389 amplecti

1943 4429 1997 4472 et
2023 4419 2233 4478 colere,
2270 4418 2323 4469 in
2367 4432 2530 4484 quam
2568 4416 2878 4483 ingressus,
2928 4421 2982 4465 et
3019 4429 3084 4465 ex
3118 4426 3223 4479 qua
3264 4426 3515 4479 egressus

271 4502 544 4569 παναγίαν
574 4503 684 4572 (61)
719 4504 980 4558 Θεοτόκον
1013 4507 1111 4574 τῆς
1140 4508 1500 4578 ὀφειλομένης
1536 4512 1700 4579 τιμῆς
1743 4511 1839 4563 καὶ
1872 4535 1915 4590 D

1872 4535 1915 4590 υ
1942 4520 2027 4565 est
2057 4510 2312 4563 Dominus
2338 4518 2520 4562 noster
2542 4506 2700 4561 Jesus
2719 4506 2987 4564 Christus,
3017 4519 3244 4572 eamque
3272 4504 3511 4556 omnium

270 4596 696 4664 προσκυνήσεως
720 4598 819 4649 οὐκ
843 4598 1047 4662 ἁξιοῖς;
1081 4619 1098 4649 ι
1150 4600 1206 4652 'U
1244 4601 1301 4653 δὲ
1328 4601 1389 4653 τὸ
1420 4601 1649 4670 σύνηθες
1673 4602 1835 4655 αὑτοῦ

271 4686 365 4735 καὶ
398 4676 461 4736 οὗ
495 4688 701 4755 μήποτε
733 4689 936 4759 διέστη,
970 4690 1217 4760 ἀνάθεμα
1248 4693 1387 4744 κατά
1420 4693 1528 4744 τῶν
1565 4694 1638 4763 μὴ
1668 4710 1837 4761 προσ-

270 4775 575 4828 κυνούντων
611 4780 709 4845 τὴν
757 4780 915 4847 άγίαν
944 4782 1223 4847 Θεοτόκον,
1261 4783 1587 4852 ἀπέρῤιπτε,
1618 4800 1835 4854 προστι-

270 4865 385 4929 θεὶς
414 4868 753 4933 ἀσπάζεσθαι
780 4872 876 4925 καὶ
907 4872 1229 4935 σεϐάζεσθαι
1251 4875 1438 4945 αὐτὴν,
1466 4875 1523 4926 ἐν
1613 4875 1836 4944 ἐξῆλθεν

1943 4610 2188 4654 nostrum
2228 4615 2347 4653 esse
2391 4608 2640 4652 matrem.
2677 4598 2804 4650 llaec
2834 4597 3093 4650 subdolus
3139 4596 3226 4648 ille
3259 4603 3515 4647 oretenus

1943 4692 2130 4746 dicens
2156 4732 2169 4755 ,
2211 4690 2511 4743 secundum
2548 4687 2935 4742 exsecrandum
2981 4690 3098 4754 ejus
3151 4686 3513 4738 initiationem

1942 4795 2105 4854 atque
2134 4784 2493 4845 sententiam,
2529 4796 2633 4850 qua
2668 4796 2960 4849 supernam
2991 4778 3289 4833 Jerusalem
3325 4776 3517 4845 Deipa-

1943 4890 2058 4928 ram
2097 4889 2217 4927 esse
2247 4872 2591 4942 conﬁngebat
2626 4870 3058 4937 simulabatque,
3096 4870 3149 4922 in
3187 4884 3345 4935 quam
3379 4883 3514 4935 pne-

1353 5004 1585 5059 VARIA'S
1622 5007 2002 5063 LECTIONES
2036 5007 2123 5061 ET
2164 5006 2394 5063 NOTE.

344 5110 453 5187 (5:6)
494 5114 873 5187 ᾼιαιρεθεῖσα,
900 5116 975 5169 Ita
1001 5117 1179 5170 scribo
1207 5133 1305 5185 pro
1324 5116 1648 5186 διερεθεῖσα,
1673 5128 1833 5187 prout

268 5190 325 5235 et
359 5181 549 5256 llamb.
583 5185 746 5256 codex
772 5195 841 5256 Aet
870 5181 1235 5253 grammaticae
1270 5181 1505 5240 rationes
1535 5181 1827 5256 postulant.

516 5255 649 5319 Περὶ
684 5251 1231 5331 ’τοῦ-,λαϐόντοςηὶίά
1258 5257 1371 5331 _sibi
1406 5251 1834 5331 homovoluissc

268 5323 512 5396 videtur,
554 5324 697 5396 quod
728 5340 757 5376 a
799 5324 956 5377 Patre
1008 5341 1102 5393 per
1142 5326 1418 5379 Christum
1464 5327 1645 5396 gratia:
1692 5329 1833 5381 dona

267 5392 560 5471 acceperit:
595 5393 839 5471 all_uden_s
870 5392 1325 5471 l’orte’adlﬂphes.
1358 5413 1429 5457 tv,
1462 5392 1513 5449 8.

341 5462 454 5529 (57)
497 5462 619 5529 Ἐφ’
645 5463 879 5525 ἑαυτὸν,
921 5464 1015 5515 καὶ
1054 5464 1138 5531 μὴ
1180 5462 1487 5531 πατρόθεν.
1525 5465 1599 5518 lla
1629 5481 1693 5519 ex
1732 5465 1839 5520 No-

268 5540 385 5603 stro
426 5533 637 5603 restitui
656 5548 753 5600 pro
770 5548 835 5585 eo
864 5534 1005 5601 quod
1034 5535 1309 5603 legebatur
1338 5554 1350 5588 :
1388 5535 1471 5602 ἐφ’
1509 5535 1685 5603 ἑαυτῷ
1714 5537 1834 5589 οὐκ.

266 5601 569 5680 ροηδε-ηιμ.
601 5602 983 5680 Colliertinus,
1032 5601 1147 5680 nisi
1183 5604 1324 5680 quod
1358 5601 1472 5680 pro
1514 5606 1601 5680 ἐφ’
1652 5601 1838 5680 ἑᾳυῖὸν

268 5670 400 5744 legit
439 5670 521 5737 ἐφ’
552 5671 762 5744 ἑαυτῷ.»
802 5674 1056 5725 Eamde
1100 5670 1315 5740 phrasin
1358 5670 1470 5741 lege
1514 5670 1646 5726 intra
1684 5675 1709 5744 ἓ
1753 5676 1836 5726 19.

274 5742 480 5819 §ensu_s
520 5752 717 5794 nostra!
753 5742 1223 5819 lect-innisuelarus
1264 5754 1379 5806 cst,
1423 5745 1661 5806 scilicet,
1690 5742 1837 5812 quod

273 5810 593 5866 'liicodorus
621 5827 737 5866 eam
770 5813 866 5867 sibi
901 5814 1183 5868 vindicarit
1215 5815 1658 5883 prxrogativum,
1695 5810 1836 5884 quod

1940 5134 1969 5172 a
2001 5118 2155 5171 Patre
2188 5118 2424 5186 ἁμὲσιυς,
2461 5116 2609 5169 nullo
2634 5115 2930 5184 interprete
2954 5123 3043 5165 aut
3074 5113 3305 5180 parariu,
3328 5113 3511 5181 gratia:

1940 5190 2079 5243 dona
2110 5188 2377 5255 areo-perit

2012 5259 2141 5325 (ὅτ)
2185 5252 2368 5310 Λέων.
2412 5256 2504 5307 Est
2532 5256 2575 5307 is
2608 5255 2714 5307 Leo
2751 5255 2998 5316 lsanrus,
3032 5254 3119 5321 qui
3154 5264 3207 5306 et
3252 5252 3451 5306 diserte
3481 5268 3508 5303 a

1942 5327 2103 5381 Petro
2132 5327 2337 5385 Siculo,
2371 5343 2423 5393 p.
2460 5326 2548 5384 48.
2580 5325 2911 5393 nmninatnr.

2014 5397 2122 5462 (58)
2171 5392 2395 5464 Ἀρχῆςί.
2436 5395 2659 5447 Restituti
2692 5410 2756 5445 ex
2790 5392 3005 5445 Nostro.

2018 5467 2129 5534 (59)
2179 5462 2291 5518 Τὸῦ
2327 5466 2596 5530 Χριστόν.
2643 5464 2773 5516 Vide
2819 5480 2975 5531 supra
3102 5463 3152 5525 8,
3204 5478 3266 5514 ex
3314 5476 3421 5529 quo
3459 5471 3511 5513 ct

1947 5536 2228 5604 sequentia
2266 5535 2515 5587 illustrari
2545 5535 2761 5586 debent.

2019 5601 2129 5671 ('60)
2176 5605 2290 5657 Τοὗ
2334 5604 2597 5669 θεάτρου.
2657 5604 2708 5655 Id
2763 5601 2861 5654 sibi
2911 5601 3093 5668 procul
3150 5602 3310 5653 ιΙιιΙιίο
3359 5602 3508 5657 vult,

1950 5676 2015 5728 iis
2038 5679 2140 5727 lem
2190 5675 2367 5726 verbis
2402 5689 2592 5725 usuros
2631 5674 2792 5725 fuisse
2826 5672 2956 5722 alios
3000 5688 3205 5731 ()Ittlli‘s,
3240 5672 3327 5738 qui
3378 5674 3512 5722 torte

1948 5748 2010 5798 ad
2048 5747 2158 5797 luce
2185 5744 2445 5796 audienda
2476 5744 2691 5795 admissi
2727 5752 2898 5793 erant.

2018 5816 2127 5883 (b'l)
2156 5814 2477 5882 ΙΙανιιγιάν.
2496 5812 2793 5867 ltaNostcr:
2815 5811 3174 5864 UOIsliniattus
3191 5826 3311 5863 vero
3331 5811 3510 5876 ἁγίαν.
