4222 6432
753 377 819 438 55
1889 379 2151 440 ΡΗΟΤΙΙ
2191 378 2416 441 PATRI

2302 378 2698 439 l‘RlARCIlE
2735 371 2846 441 (ΖΡ.
3903 381 3969 443 56

754 501 1026 542 cursorem
1082 503 1180 557 pro
1232 490 1391 543 nobis
1437 489 1737 561 ingressum
1791 492 1958 546 fuisse
1989 492 2306 554 Christum,
2335 492 2421 549 A1

2304 535 2306 548 ,
2335 492 2386 549 Α
2410 491 2503 543 καὶ
2531 492 2781 561 εἰσῆλθεν
2818 495 2846 545 ὀ
2879 492 3078 562 Κύριος
3110 491 3268 562 ἡμῶν
3312 490 3518 562 Ἰησοῦς
3561 492 3793 561 Χριστὸς
3813 532 3828 556 ,
3875 495 3971 562 τὴν

750 580 990 648 Apostoli
1021 580 1181 633 verba
1211 581 1523 650 pradicant.
1556 583 1756 647 Quarta
1787 585 1886 652 ipsi
1918 585 2148 653 quastio
2185 598 2310 653 pro-

752 670 1092 736 ponebatur:
1154 691 1172 723 ι
1233 671 1344 727 Cur
1394 674 1794 728 immaculatum
1859 687 1914 729 et
1970 677 2309 729 tremendum

750 759 970 822 (Ihristi,
1005 758 1096 813 Dei
1132 763 1337 823 nostri,
1374 776 1572 832 corpus
1599 772 1654 817 et
1683 765 1998 833 sanguinem
2030 773 2310 817 contume-

753 849 838 901 liis
880 849 1110 904 alliceret
1145 862 1200 904 et
1258 862 1556 921 reSpueret,
1613 870 1790 922 neque
1837 856 1935 923 ipsi
1991 855 2309 922 participare

753 941 942 993 vellet?
969 961 985 991 ι
1013 941 1102 995 llle
1122 944 1536 998 scelestissimus
1559 946 1753 998 iterum
1775 962 1919 1008 eum,
1938 948 2026 1014 qui
2041 961 2238 1014 corpus
2257 954 2311 998 et

752 1035 1066 1102 sanguinem
1081 1036 1399 1101 Christi,Dei
1420 1038 1611 1100 nostri,
1629 1038 1969 1092 contumeliis
1986 1037 2238 1101 alliceret,
2258 1045 2312 1091 et

751 1133 900 1174 extra
928 1123 1392 1193 participationem
1414 1125 1533 1194 ejus
1557 1138 1822 1191 maneret,
1854 1129 2199 1181 anathemate
2222 1129 2307 1181 fe-

755 1215 944 1272 riebat.
976 1231 1172 1285 corpus
1209 1227 1263 1269 et
1286 1218 1601 1287 sanguinem
1641 1219 1944 1288 intelligens
1971 1221 2132 1274 homo
2159 1223 2310 1274 dete-

753 1307 998 1370 standus,
1028 1324 1133 1360 non
1162 1325 1282 1377 qua
1312 1308 1572 1363 Dominus
1592 1318 1779 1364 noster
1799 1325 1997 1380 corpus
2029 1321 2085 1365 et
2099 1314 2312 1382 sangui-

753 1411 876 1450 nem
916 1399 1154 1452 vocanda
1204 1416 1324 1454 esse
1378 1400 1583 1465 docuit,
1608 1404 1704 1456 sed
1761 1400 2038 1456 Dominica
2074 1404 2308 1472 eloquia.

757 1486 830 1538 De
875 1487 1135 1542 catholica
1183 1489 1420 1544 Ecclesia
1469 1491 1832 1560 interrogatus
1864 1532 1880 1555 ,
1931 1493 2059 1546 dum
2117 1493 2310 1546 similia

757 1580 1125 1646 responderet,
1176 1596 1271 1649 per
1310 1582 1633 1636 catholicam
1681 1584 1980 1637 Ecclesiam
2024 1584 2312 1638 confessus

755 1669 1169 1724 Manicbaorum
1220 1672 1595 1741 iutelligebat,
1646 1674 1899 1742 ipsosque
1951 1675 2053 1729 hoc
2106 1676 2313 1729 honore

752 1760 1036 1814 alliciebat.
1092 1762 1216 1817 llac
1259 1773 1443 1818 secuta
1499 1776 1648 1819 sexta
1704 1766 1772 1820 de
1830 1767 2096 1835 baptismo
2141 1768 2312 1819 inter-

755 1851 963 1920 rogatio
995 1870 1008 1904 :
1045 1870 1062 1902 ι
1100 1851 1238 1906 Num
1260 1854 1510 1908 videlicet
1553 1856 1730 1924 ipsum
1770 1866 1984 1925 putaret
2017 1873 2140 1913 esse
2183 1875 2312 1926 pur—

753 1943 1023 2006 gationem
1075 1944 1266 1998 anima
1313 1955 1367 1998 et
1412 1947 1606 2000 anima
1655 1948 1892 2002 sordium
1926 1963 1988 2002 ac
2039 1950 2314 2004 lavacrum

753 2034 1088 2088 remissionis
1136 2047 1503 2104 peccatorum.
1555 2058 1574 2089 ι
1626 2039 1716 2091 Ille
1763 2055 1891 2092 vero
1937 2041 2051 2109 pari
2087 2041 2316 2096 artiﬁcio

751 2124 1109 2194 alacriterque
1168 2130 1578 2196 responsionem
1631 2131 1798 2195 dedit,
1837 2146 1942 2199 qua
1987 2132 2314 2200 baptismum

751 2218 1113 2270 venerabatur
1149 2227 1202 2272 et
1223 2220 1540 2275 admittebat
1571 2241 1582 2274 :
1618 2230 1674 2275 at
1698 2238 1794 2290 per
1833 2223 2092 2293 baptismi
2126 2240 2313 2280 vocem

752 2307 861 2372 ille,
899 2309 1078 2362 omnia
1109 2311 1346 2364 miscens
1384 2321 1439 2366 et
1469 2313 1828 2378 confundens,
1894 2315 2181 2370 Dominum
2210 2332 2313 2371 no-

752 2407 922 2452 strum
951 2397 1131 2453 Jesum
1153 2400 1428 2457 Christum
1451 2405 1857 2470 subindicabat;
1893 2407 2157 2476 scriptum
2190 2422 2314 2462 esse

752 2489 917 2554 enim,
949 2491 1120 2559 ipsum
1135 2508 1254 2546 esse
1275 2508 1466 2562 aquam
1488 2496 1779 2550 viventem.
1810 2497 1899 2551 Sic
1913 2498 2157 2552 dolosum
2181 2499 2313 2553 illud

754 2587 808 2632 et
851 2581 1008 2634 malis
1055 2583 1264 2637 artibus
1288 2585 1511 2652 plenum
1553 2597 1892 2653 monstrum;
1925 2589 2033 2653 ille,
2070 2588 2312 2658 inquam,

753 2667 844 2736 qui
863 2669 992 2722 nihil
1011 2672 1416 2741 omninonquod
1443 2674 1719 2729 catholica
1738 2679 2110 2746 etapostolica
2127 2677 2312 2735 Eccle-

755 2760 850 2814 sia
879 2772 1040 2825 esset,
1065 2765 1354 2826 sentiebat.
1397 2766 1507 2821 imo
1526 2767 1706 2837 potius
1727 2770 1908 2822 omnia
1930 2771 2032 2839 ipsi
2045 2771 2313 2826 contraria

755 2852 989 2916 fovebat,
1038 2857 1365 2921 sectabatur,
1422 2860 1802 2923 venerabatur,
1842 2861 2096 2928 quoniam
2140 2863 2315 2918 eccle-

756 2943 988 2997 siasticis
1020 2947 1199 2999 verbis
1240 2947 1326 3010 iis,
1363 2949 1455 3016 qui
1506 2959 1634 3003 tunc
1667 2960 1962 3018 prasentes
2007 2959 2183 3016 erant,
2213 2952 2308 3007 ad-

757 3034 957 3087 versari
1010 3049 1120 3089 non
1153 3038 1464 3103 videbatur;
1507 3055 1732 3108 quarmn
1781 3041 2072 3098 involucris
2120 3059 2312 3098 vocum

2415 582 2625 652 μητέρα
2653 584 2868 635 πάντων
2892 582 3066 653 ήμῶν.
3095 583 3278 635 Ταῦτα
3323 584 3379 636 δὲ
3408 586 3437 638 ό
3463 584 3633 647 δόλιος
3659 586 3725 654 τῇ
3755 583 3970 655 γλώττῃ

2410 673 2602 739 λέγων,
2625 675 2763 726 κατὰ
2782 674 2878 743 τὴν
2897 676 3145 745 μυσαράν
3167 675 3332 727 αὑτοῦ
3352 675 3573 744 τελετὴν
3593 675 3687 727 καὶ
3707 675 3968 738 διάνοιαν,

2408 766 2505 836 τὴν
2537 765 2649 819 ἄνω
2712 766 3064 837 Ἰερουσαλὴμ
3101 769 3446 834 ἐσκηνοποέει
3495 767 3591 819 καὶ
3636 769 3971 820 ἀνέπλαττεν

2409 855 2686 907 Θεοτόκον·
2721 857 2778 907 ἐν
2805 873 2838 928 ῃ
2880 857 2974 907 καὶ
3010 856 3312 925 πρόδρομον
3345 857 3486 924 ὑπὲρ
3522 855 3678 923 ἡμῶν
3711 854 3973 906 εἰσελθεῖν

2409 946 2497 996 τὴν
2518 946 2770 1015 Χριστὸν,
2793 947 2861 997 τὰ
2889 945 2982 998 τοῦ
3016 946 3336 998 ’Δποστόλου
3358 946 3624 1015 κηρύσσει
3644 945 3965 1013 διδάγματα.

2410 1037 2681 1106 Τέταρτον
2707 1039 2784 1100 είς
2804 1037 3071 1107 ἐρώτησιν
3105 1036 3269 1088 αὐτοῦ
3311 1037 3422 1104 (6‘2)
3452 1036 3763 1106 ⁴ιτροίίκειτο,
3789 1038 3842 1088 τί
3878 1035 3972 1104 δή·

2409 1145 2538 1182 ποτε
2569 1131 2832 1200 ἀχραντον
2862 1131 2954 1183 καὶ
2991 1131 3217 1198 φρικτὸν
3252 1130 3408 1197 σῶμα
3434 1131 3527 1181 καὶ
3566 1125 3704 1198 αἷμα
3733 1126 3970 1197 Χριστοῦ

2407 1219 2502 1272 τοῦ
2525 1221 2656 1272 Θεοῦ
2682 1221 2836 1289 ἡμῶν
2859 1221 3070 1292 ὑϐρίζει
3089 1237 3147 1272 τε
3167 1222 3258 1273 καὶ
3275 1219 3546 1282 διαπτύει,
3567 1221 3662 1272 καὶ
3685 1221 3973 1286 μετασχεῖν

2409 1313 2588 1366 αὐτῶν
2636 1314 2735 1366 ούκ
2794 1313 3065 1382 ἀνέχεται.
3121 1313 3178 1366 ’0
3235 1313 3292 1366 δὲ
3351 1311 3750 1381 τρισαλιτήριος
3809 1311 3973 1363 πάλιν

2410 1406 2501 1458 τόν
2521 1421 2580 1456 τε
2610 1405 2856 1474 ἀτιμίαις
2887 1407 3162 1471 ὑπάγοντα
3183 1404 3243 1456 τὸ
3267 1405 3425 1473 σῶμα
3455 1405 3548 1456 καὶ
3574 1399 3712 1473 αἷμα
3736 1401 3973 1470 Χριστοῦ

2409 1495 2502 1548 τοῦ
2523 1494 2657 1548 Θεοῦ
2683 1495 2839 1564 ἡμῶν
2863 1495 3059 1548 καὶτὸν
3081 1495 3179 1563 τῆς
3205 1497 3436 1564 μετοχῆς
3448 1494 3627 1548 αὐτῶν
3654 1494 3756 1556 ἐξω
3781 1494 3973 1561 διαμέ-

2410 1604 2565 1638 νοντα
2592 1585 2670 1656 τῷ
2711 1586 3012 1652 ἁναθέματι
3058 1586 3381 1655 παρετίθετο
3417 1602 3431 1617 ·
3463 1586 3620 1654 σῶμα
3676 1585 3837 1638 πάλιν
3879 1583 3976 1636 καὶ

2411 1671 2550 1742 αἷμα
2571 1677 2599 1727 6
2632 1676 2936 1742 κατάρατος
2959 1676 3174 1738 ἐννοῶν,
3206 1677 3302 1744 οὐχ
3323 1675 3468 1743 άπερ
3497 1676 3642 1744 ἡμᾶς
3667 1673 3905 1737 ἐδίδαξεν
3945 1674 3976 1724 6

2415 1764 2590 1825 κοινὸς
2611 1765 2905 1832 Δεσπότης,
2954 1764 3112 1832 σῶμα
3148 1764 3245 1816 καὶ
3293 1757 3432 1833 αἷμα
3483 1765 3687 1827 καλεῖν,
3714 1763 3827 1815 ἀλλ’
3858 1763 3975 1815 ἀντ’

2415 1856 2637 1907 ἐκείνων
2693 1858 2761 1906 τὰ
2795 1854 3047 1924 Κυριακὰ
3093 1854 3269 1921 λόγια.
3304 1855 3385 1906 Ti
3433 1856 3523 1906 ἶσα
3565 1854 3621 1905 δὲ
3666 1854 3758 1905 καὶ
3816 1856 3978 1921 ὅμοια

2416 1945 2545 2014 περὶ
2567 1945 2666 2014 τῆς
2689 1943 2979 2013 καθολικῆς
3017 1944 3341 2012 Ἐκκλησίας
3370 1944 3696 2014 άπαιτηθεὶς
3718 1944 3810 1996 καὶ
3839 1945 3977 1995 ἁπο-

2416 2037 2741 2104 φηνάμενος,
2777 2035 2846 2087 τά
2880 2035 3127 2102 συνέδρια
3167 2033 3276 2085 τῶν
3315 2036 3632 2102 Μανιχαίων
3680 2031 3978 2100 καθολικὴν

2427 2124 2751 2190 Ἐκκλησίαν
2779 2125 2975 2176 ἐνενόει
3022 2141 3080 2176 τε
3115 2125 3208 2176 καὶ
3251 2124 3643 2192 ἀπεσέμνυνεν.
3697 2123 3756 2175 'll
3789 2124 3843 2176 δέ
3884 2125 3979 2176 ἐπὶ

2412 2217 2524 2276 τοῖς
2551 2215 2857 2284 εἰρημένοις
2907 2213 3037 2281 ἕκτη
3070 2211 3334 2282 ἐρώτησις
3378 2214 3505 2283 περὶ
3541 2213 3632 2266 τοῦ
3662 2213 3978 2283 βαπτίσμα-

2411 2322 2504 2368 τος
2533 2306 2692 2358 αὑτὸν
2752 2304 3167 2370 ἀνεπυνθάνετο,
3203 2306 3251 2356 εί
3287 2304 3362 2374 μὴ
3403 2303 3696 2375 καθάρσιον
3766 2305 3980 2372 ἡγεῖται

2413 2398 2569 2452 τοῦτο
2593 2399 2700 2452 τῶν
2730 2399 2915 2468 ψυχῶν
2941 2399 3035 2450 καὶ
3073 2397 3323 2467 ψυχικῶν
3358 2398 3717 2467 μολυσμάτων
3746 2397 3856 2467 (65)
3885 2398 3979 2450 καὶ

2413 2489 2633 2560 λουτρὸν
2689 2491 3099 2561 ἁμαρτημάτων
3137 2489 3406 2558 ἀφέσεως.
3451 2490 3512 2543 '0
3567 2490 3622 2542 δὲ
3661 2489 3821 2542 πάλιν
3891 2489 3981 2541 διά

2412 2583 2511 2652 τῆς
2549 2583 2741 2652 ὁμοίας
2763 2581 3007 2652 μηχανῆς
3047 2581 3142 2634 καὶ
3175 2580 3469 2652 προθύμως
3522 2580 3775 2635 ἀπεδίδου
3808 2580 3981 2650 τιμῶ-

2415 2693 2513 2730 σαν
2549 2676 2609 2729 ei
2642 2675 2923 2745 βάπτισμα
2967 2674 3062 2728 καὶ
3114 2660 3522 2743 ἀποδεχομένην
3569 2672 3880 2744 ἀπόκρισιν,
3910 2673 3978 2741 τῇ

2413 2768 2508 2823 τοῦ
2563 2767 2937 2838 βαπτίσματος
2971 2769 3144 2837 φωνῇ,
3175 2768 3204 2820 6
3263 2766 3440 2819 πάντα
3490 2765 3676 2838 φύρων
3731 2765 3825 2833 καὶ
3853 2779 3981 2830 συγ-

2414 2859 2573 2928 χέων,
2632 2857 2724 2909 τὸν
2773 2856 2978 2926 Κύριον
3018 2855 3175 2924 ἡμῶν
3242 2854 3453 2926 Ἰησοῦν
3471 2853 3703 2924 Χριστὸν
3733 2853 3974 2906 ὑποϐάλ-

2413 2951 2518 3004 λων
2538 2967 2553 2980 ο
2589 2948 3011 3019 γεγράφθαιγάρ
3034 2947 3144 3018 (64)
3165 2946 3325 3000 αὑτὸν
3354 2941 3570 3000 εἶναιτὸ
3596 2945 3740 3015 ὕδωρ
3759 2946 3821 2998 τὸ
3846 2943 3978 3007 ζῶν.

2415 3040 2600 3103 Οὕτως
2644 3039 2730 3109 δὴ,
2767 3038 2939 3102 οὕτως
2977 3039 3037 3091 τὸ
3075 3038 3248 3092 δόλιον
3294 3039 3470 3090 ἐκεῖνο
3523 3036 3618 3088 καὶ
3662 3034 3983 3102 κακομήχα-

758 3123 847 3177 ille
902 3125 1236 3179 mortiferum
1282 3127 1602 3182 defectionis
1655 3145 1766 3185 sua
1822 3131 1970 3185 virus
2016 3133 2425 3199 occultabatc'

2313 3141 2387 3199 ια
2420 3148 2508 3183 νον
2541 3130 2726 3200 τέρας,
2783 3129 2948 3200 μηδὲν
2977 3129 3075 3198 μὲν
3103 3129 3199 3196 τῆς
3233 3126 3594 3194 ἀποστολικῆς
3623 3125 3716 3177 καὶ
3763 3123 3980 3176 καθολι-

757 3215 1018 3270 scelestus
1047 3215 1156 3280 ille,
1193 3227 1250 3269 ut
1293 3218 1448 3272 initio
1481 3220 1737 3293 diximus,
1767 3222 1920 3289 quasi
1963 3223 2166 3277 nullius
2209 3225 2315 3279 im-

758 3305 973 3374 pietatis
1018 3320 1162 3370 reus,
1217 3306 1310 3359 sed
1363 3306 1750 3363 Ecclesiastica
1797 3309 2057 3365 doctrina
2113 3325 2317 3380 sequax

759 3395 948 3450 evasit.
1003 3396 1362 3461 Quamobrem
1405 3409 1525 3467 post
1583 3415 1807 3454 examen
1871 3401 2186 3466 absolvitur,
2225 3403 2316 3472 qui

759 3488 958 3558 duplici
991 3490 1186 3556 dignus
1216 3500 1331 3543 erat
1365 3490 1648 3558 supplicio,
1693 3493 1763 3545 ob
1793 3502 2073 3561 paternam
2109 3494 2318 3550 scilicet

761 3579 1113 3646 impietatem,
1142 3591 1194 3633 et
1233 3581 1302 3633 ob
1335 3580 1619 3644 fallaciam.
1650 3598 1754 3651 qua
1804 3584 2010 3652 justum
2048 3586 2317 3655 judicium

760 3671 1042 3738 pervertit,
1075 3687 1133 3725 ac
1164 3671 1289 3733 sibi,
1319 3671 1670 3740 impiissimus
1696 3690 1822 3728 cum
1862 3683 2024 3740 esset,
2054 3692 2195 3732 vera
2221 3693 2320 3730 no-

762 3770 886 3814 stra
935 3762 1207 3828 religionis
1249 3763 1469 3828 gloriam
1525 3765 1853 3819 conciliavit.
1873 3765 2142 3821 Caterum
2194 3783 2317 3822 cum

765 3853 958 3906 talibus
987 3853 1226 3907 artiﬁciis
1258 3855 1309 3906 in
1335 3855 1538 3922 judicio
1567 3856 1846 3911 absolutus
1868 3857 2080 3920 fuisset,
2114 3859 2181 3913 ab
2215 3859 2320 3912 im-

762 3951 1010 4011 peratore
1061 3943 1337 3997 decretum
1386 3945 1516 4012 petit
1569 3955 1624 3999 et
1663 3946 1933 4016 impetrat,
1957 3963 2060 4017 qua
2092 3949 2191 4003 sibi
2238 3948 2321 4001 ia-

763 4032 932 4083 cultas
964 4031 1121 4084 datur
1162 4032 1302 4086 domi
1325 4049 1516 4086 secure
1547 4036 1822 4100 versandi,
1849 4037 2064 4107 negotia
2114 4038 2320 4107 absque

762 4121 915 4174 obice
943 4122 1162 4192 gerendi
1196 4138 1313 4186 sua,
1342 4139 1443 4178 nec
1476 4126 1922 4180 calumniatornm
1942 4128 2153 4197 linguas
2178 4128 2320 4182 ultra

762 4213 1055 4266 metuendi.
1090 4214 1170 4268 Ab
1223 4214 1566 4283 imperatoria
1623 4218 1803 4285 itaque
1835 4219 1968 4272 urbe
2020 4218 2318 4287 profectus,

762 4320 883 4357 cum
913 4303 1215 4372 Episparim
1244 4321 1302 4359 se
1324 4307 1660 4368 contulisset,
1684 4307 2005 4362 defectionis
2026 4310 2320 4378 discipulos

762 4404 1023 4449 convocat
1054 4414 1064 4447 :
1092 4403 1253 4464 atque
1271 4396 1396 4450 inde
1417 4397 1827 4459 Mananalin,ex
1848 4413 1954 4466 qua
1984 4406 2319 4452 memoratus

764 4502 922 4554 supra
955 4485 1344 4540 Constantinus
1382 4487 1675 4556 prodierat,
1701 4487 1960 4557 profugus
1994 4503 2119 4542 cum
2143 4488 2308 4543 sociis
2351 4467 2395 4523 θ

764 4577 996 4632 advenit.
1028 4578 1211 4647 Ibique
1242 4579 1399 4631 annis
1424 4588 1790 4633 commoratus
1818 4578 2002 4632 multis
2050 4594 2172 4633 cum
2196 4579 2314 4647 plu-

761 4669 923 4722 rimas
958 4669 1121 4723 miser
1142 4671 1348 4724 animas
1374 4670 1723 4738 corrupisset.
1745 4669 2068 4738 pestilentia
2102 4670 2313 4731 morbo,

761 4758 852 4825 qui
879 4767 1008 4811 tunc
1043 4761 1301 4827 temporis
1331 4759 1697 4828 grassabatur,
1731 4760 1873 4814 diem
1913 4760 2110 4814 clausit
2131 4769 2315 4815 extre-

763 4865 930 4913 mum,
962 4862 1244 4918 postquam
1283 4851 1441 4904 annis
1485 4849 1699 4903 circiter
1753 4849 1971 4918 triginta
2018 4849 2318 4917 impietatis

763 4940 1047 5005 praefectus
1069 4942 1258 4995 fuerat.
1278 4940 1375 4994 llic
1391 4939 1809 4994 scelestissimus
1827 4939 1992 4993 homo
2014 4955 2074 4993 ex
2103 4941 2317 4994 occulta

761 5030 1137 5086 commistione
1189 5033 1357 5084 ﬁlium
1393 5029 1653 5097 suscepit.
1690 5024 2007 5082 Zachariam
2032 5029 2252 5084 nomine
2297 5048 2308 5082 :

2420 3220 2520 3290 κῆς
2558 3219 2880 3286 Ἐκκλησίας
2903 3217 2963 3270 τὸ
2985 3216 3244 3286 παράπαν
3275 3213 3525 3284 φρονοῦν,
3554 3212 3753 3282 μᾶλλον
3777 3210 3832 3262 δὲ
3849 3211 3980 3262 τάν-

2419 3310 2574 3363 αντία
2604 3309 2779 3361 πάντα
2821 3306 3152 3378 περιθάλπον
3181 3323 3237 3357 τε
3266 3305 3358 3358 καὶ
3386 3321 3446 3356 πε
3459 3305 3640 3374 ριέπον
3665 3304 3757 3355 καὶ
3782 3300 3978 3366 τιμῶν,

2418 3403 2540 3454 ἐπεὶ
2563 3402 2696 3472 πρὸς
2729 3402 2826 3465 τὰς
2859 3400 3322 3470 ἐκκλησιαστικάς
3349 3396 3607 3466 ἐνομίσθη
3631 3397 3744 3458 τοῖς
3773 3393 3982 3462 παροῦ-

2421 3507 2505 3542 σιν
2531 3490 2630 3542 ούκ
2667 3489 3046 3559 ἀπομάχεσθαι
3077 3488 3274 3552 λέξεις,
3303 3488 3394 3555 ὑφ’
3421 3481 3508 3547 αἷς
3530 3487 3734 3546 ἐκεῖνος
3765 3483 3853 3536 τὸν
3885 3483 3980 3534 θαο

2419 3579 2722 3648 νατηφόρον
2792 3578 2888 3648 τῆς
2932 3576 3267 3639 ἀποστασίας
3301 3576 3568 3647 ἔκρυπτεν
3629 3574 3725 3636 ίόν,
3776 3571 3973 3635 ἔδοξεν,

2419 3667 2606 3736 ῶσπερ
2628 3666 2834 3735 ἔφημεν
2866 3665 2958 3718 ἀπ’
3002 3666 3198 3735 ἀρχῆς,
3240 3666 3268 3716 6
3314 3661 3716 3733 τρισαλιτήριος
3769 3661 3974 3718 ἐκεῖνος

2419 3758 2520 3809 ούκ
2561 3757 2740 3825 ἔνοχος
2796 3755 3046 3817 ἀσεϐείας
3093 3752 3252 3816 εἶναι,
3299 3753 3435 3806 ἀλλά
3486 3751 3579 3803 τοῦ
3637 3750 3982 3818 φρονήματος

2422 3849 2684 3917 ὑπάρχειν
2724 3846 2816 3898 τοῦ
2881 3843 3377 3915 ἐκκλησιαστικοῦ·
3428 3841 3723 3896 ἀπολύεται
3773 3839 3828 3889 δὲ
3893 3837 3982 3888 διὰ

2421 3936 2578 3990 τοῦτο
2602 3937 2700 4006 τῆς
2730 3937 2963 3999 ἐτάσεως
3009 3936 3352 4004 ὴθωωμένος,
3399 3936 3426 3986 ὁ
3455 3931 3645 3999 διπλῆν
3685 3930 3828 3993 ἄξιος
3853 3929 3982 3978 ὐπο-

2424 4031 2568 4098 σχεῖν
2600 4029 2865 4098 τιμωρίαν
2906 4027 3006 4097 τῆς
3048 4043 3107 4080 τε
3158 4024 3416 4095 πατρῴας
3472 4022 3723 4083 ἀσεϐείας
3760 4020 3854 4073 καὶ
3882 4022 3978 4088 τῆς

2420 4119 2653 4188 ἀπάτης,
2685 4118 2753 4171 δι’
2778 4113 2844 4189 ἦς
2888 4117 2996 4170 τῶν
3027 4134 3084 4170 τε
3118 4117 3414 4186 κρινόντων
3446 4114 3543 4183 τὴν
3583 4111 3748 4182 ὀρθὴν
3790 4110 3972 4180 κρίσιν

2421 4209 2722 4279 διέστρεψε,
2778 4210 2870 4263 καὶ
2898 4208 3056 4274 δόξαν
3079 4206 3253 4276 ἐαυτῷ
3281 4204 3706 4264 δυσσεϐέστατος
3745 4201 3840 4265 ὣν,
3872 4201 3974 4268 τῆς

2420 4300 2576 4370 ἡμῶν
2629 4299 2944 4364 εὐσεϐείας,
2995 4298 3336 4370 περιέφερεν.
3387 4296 3532 4366 Πλὴν
3588 4295 3699 4347 ἀλλ’
3747 4293 3865 4345 ἐπεί
3915 4308 3980 4358 γε

2423 4393 2696 4454 τοιαύταις
2737 4394 3005 4464 μηχαναῖς
3041 4391 3134 4444 τοῦ
3168 4391 3455 4460 κριτηρίου
3495 4387 3785 4450 ἀπολυθεὶς
3834 4388 3980 4439 αἰτεῖ

2423 4503 2480 4538 τε
2501 4486 2612 4557 (65)
2641 4486 2729 4538 καὶ
2759 4484 3018 4553 λαμβάνει
3069 4484 3216 4551 παρά
3250 4482 3341 4534 τοῦ
3373 4481 3634 4551 βασιλέως
3677 4479 3848 4531 τύπον
3878 4477 3972 4545 Ey-

2425 4594 2654 4646 γραφον,
2680 4577 2856 4629 πᾶσαν
2897 4573 3044 4644 αύτῷ
3093 4573 3300 4627 διδόντα
3359 4572 3455 4642 τὴν
3507 4571 3692 4623 ἄδειαν
3724 4570 3863 4622 οῐκοι
3918 4584 3980 4619 τε

2422 4666 2733 4737 διατρίϐειν,
2765 4666 2858 4716 καὶ
2897 4665 2965 4716 τά
3020 4663 3182 4717 αὑτοῦ
3229 4663 3650 4729 ἀνεπηρεάστως
3691 4659 3974 4728 πράττειν,

2421 4758 2510 4810 καὶ
2543 4757 2708 4828 μηδὲν
2731 4757 2812 4808 ἐτι
2845 4754 2952 4808 τῶν
2981 4754 3332 4822 συκοφαντῶν
3374 4753 3601 4814 δεδιέναι
3649 4750 3744 4812 τὰς
3795 4749 3976 4816 γλώσ-

2421 4868 2538 4910 σας.
2583 4849 2826 4917 Ἀπάρας
2853 4842 2947 4900 οὖν
2987 4845 3084 4914 τῆς
3116 4843 3380 4913 βασιλίδος
3411 4842 3508 4895 καὶ
3538 4839 3856 4895 καταλαϐὼν
3878 4837 3981 4908 τὴν

2431 4939 2777 5009 Ἑπίσπαριν,
2820 4936 3156 5004 συναθροίζει
3201 4935 3297 5004 μὲν
3354 4935 3476 4994 τοὺς
3504 4932 3600 4998 τῆς
3638 4927 3978 4989 ἀποστασίας

2423 5029 2671 5100 μαθητάς
2705 5045 2718 5058 ·
2751 5027 2961 5081 ἐκεῖθεν
2992 5027 3048 5080 δὲ
3083 5025 3217 5093 πρὸς
3247 5025 3342 5094 τὴν
3373 5021 3707 5082 Μανάναλιν,
3744 5018 3802 5081 ἐξ
3831 5013 3898 5088 ἧς
3951 5019 3981 5069 6

1838 5182 2070 5239 VARle
2109 5183 2490 5241 LECTIONES
2523 5184 2609 5238 ΕΤ
2665 5183 2896 5239 ΝΟΤᾸΞ.

831 5347 940 5402 (6'2)
973 5345 1187 5399 Αὑτοῦ.
1240 5343 1311 5396 Ita
1342 5359 1405 5397 ex
1437 5343 1630 5400 Nostro
1659 5357 1756 5413 pro
1781 5342 2112 5398 Coisliniano
2144 5341 2312 5412 αὐτῷ,

761 5418 901 5485 quod
933 5425 1110 5469 tamen
1148 5414 1334 5485 itidem
1363 5413 1535 5485 locum
1571 5429 1728 5485 suum
1771 5413 1906 5468 tueri
1940 5422 2134 5485 potest.

2416 5343 2671 5394 mentario
2699 5342 2753 5393 in
2795 5340 2950 5394 Isaia:
2979 5353 3097 5407 cap.
3129 5353 3297 5401 χχχιι,
3332 5337 3420 5389 ubi
3466 5349 3658 5407 aquam
3713 5332 3970 5407 baptismi

2415 5420 2572 5490 vocat
2605 5410 2746 5489 ὕδωρ
2769 5411 3020 5490 λυτήριον
3047 5403 3154 5460 τῶν
3182 5406 3612 5476 ἁμαρτημάτων,
3646 5403 3738 5454 καὶ
3763 5403 3975 5472 καθαρ-

837 5482 1459 5563 1651Tdirgg‘wzciiraai
1481 5481 2205 5563 WzrxérJtorlvoytdrwr.
2242 5483 2314 5536 Ita
2413 5481 2731 5563 τήριοκνὶῶν
2781 5480 2986 5563 ψυχῶν.

765 5553 979 5614 Noster,
1021 5555 1109 5608 ubi
1133 5554 1495 5607 Coislinianus
1524 5567 1683 5606 voces
1717 5553 1824 5604 τῶν
1859 5551 2044 5620 ψυχῶν
2077 5553 2167 5604 καί
2208 5567 2316 5604 non

2469 5542 2982 5630 :(642'I‘srpiiy'ﬁat‘
2997 5545 3267 5630 ra'pﬂloe
3291 5543 3504 5614 reposui
3530 5557 3647 5630 pro
3667 5542 3978 5630 γέγραπται

763 5611 1001 5690 agnoscit
1036 5642 1046 5674 :
1087 5624 1153 5676 At
1213 5633 1424 5676 veteres
1479 5623 1804 5691 baptismum
1844 5611 2042 5691 solent
2095 5622 2316 5691 omnino
2415 5611 2542 5689 γάρ.
2575 5611 2762 5691 Neque
2790 5611 2936 5691 enim
2969 5611 3084 5670 hac
3111 5616 3336 5691 Photius
3356 5611 3568 5671 narrat.
3597 5611 3690 5666 sed
3714 5625 3777 5664 ex
3805 5611 3973 5664 inter-

763 5694 1061 5749 animartun
1092 5694 1460 5759 purgationem
1487 5690 1698 5745 vocare.
1750 5690 1948 5743 Eadem
1995 5690 2104 5743 fere
2133 5690 2312 5759 phrasi

764 5777 885 5820 cum
916 5761 1107 5818 Nostro
1132 5762 1206 5815 uti
1236 5762 1364 5816 mihi
1390 5762 1605 5817 videtur
1643 5759 2016 5816 Thcodorctus
2063 5761 2117 5814 in
2155 5759 2308 5814 Com-

2421 5684 2587 5758 roga‘ti
2619 5684 2903 5758 sententia
2916 5694 2974 5758 et
3003 5684 3394 5758 menterel‘ert.

2492 5749 2600 5828 (65)
2620 5756 2855 5810 Αἰτεῖτε.
2887 5755 3077 5810 Noster
3103 5756 3228 5826 legit
3252 5756 3498 5816 αἰτεῖται,
3537 5749 3815 5805 mendose.
