4222 6432
3098 259 3145 297 \

269 391 338 452 57
1333 392 1632 453 CONTRA
1668 394 1771 454 MA
1783 395 1825 452 N
1835 393 1936 453 ICI

1856 392 2127 455 ICHzEOS
2167 395 2399 455 LIBER
2442 396 2492 456 Ι.
3455 392 3523 453 58

269 499 675 571 προειρημένος
726 500 953 571 ὡρμᾶτο
1010 504 1418 564 Κωνσταντῖνος
1440 542 1455 564 ,

267 596 378 656 τοῖς
428 592 719 661 ἑπομένοις
772 592 1151 663 παραγίνεται.
1220 594 1459 664 Χρόνους
1509 594 1566 647 δὲ
1622 596 1841 658 ἱκανοὺς

268 688 327 737 ὲν
354 688 494 756 αὐτῇ
526 685 888 755 κατατρίψας,
916 686 1011 738 καὶ
1042 686 1243 748 πολλὰς
1270 686 1449 755 ψυχάς
1479 687 1783 757 ἀνθρώπων
1809 691 1839 741 ό

1515 503 1693 572 φυγὰς
1744 505 1842 557 σὺν
1868 507 1917 565 Α
1942 520 2127 573 quem,
2156 516 2215 560 ut
2240 506 2351 574 jam
2389 505 2645 571 diximus,
2684 505 2905 574 quidam
2938 519 3001 558 ex
3025 502 3335 558 nfanichzeis
3379 517 3525 558 mer-

1948 595 2227 650 cenarium
2262 605 2316 650 et
2337 596 2568 663 pastoris
2590 595 2749 648 titulo
2775 595 3052 664 indignum
3091 596 3315 660 habent,
3359 602 3526 667 atque

1946 702 1975 740 a
2000 687 2379 757 magistrorum
2415 685 2583 740 choro
2615 686 3031 741 eliminandum.

267 778 500 841 δείλαιος
541 777 878 848 διαφθείρας,
926 778 1159 848 λοιμικῷ
1215 780 1327 851 (66)
1376 779 1591 849 θανάτῳ
1626 778 2082 849 (ὲπενέμετο(6“1)
2112 779 2219 848 γὰρ
2249 779 2389 830 κατὰ
2439 782 2565 841 τοὺς
2589 780 2816 849 καιροὺς
2874 780 3116 841 ἐκείνους
3167 777 3401 846 ἀφειδῶς
3459 778 3520 829 τὸ

266 867 630 935 ἀνθρώπινον)
689 869 783 920 καὶ
812 867 969 931 αὐτὸς
1006 867 1166 931 ἁλοὺς
1202 870 1294 921 τὸν
1336 868 1449 938 βίον
1486 868 1855 937 κατέστρεψεν
1895 868 2029 938 (68),
2097 871 2189 921 ἐπὶ
2260 870 2354 938 ἐτη
2403 887 2505 923 που
2537 871 2826 939 τριάκοντα
2874 871 3183 939 προστάτης
3234 870 3334 938 τῆς
3385 871 3513 921 ἀσε-

268 960 423 1021 ϐείας
455 960 763 1029 γενόμενος.
794 954 964 1024 Οὗτος
1028 961 1120 1014 οὖν
1169 963 1196 1012 ό
1248 962 1653 1030 τρισαλιτὴριος
1695 962 1808 1013 υἱὸν
1848 963 1910 1013 ὲκ
1952 961 2172 1016 σκοτίας
2221 962 2416 1030 μίξεως
2464 963 2553 1013 τὸν
2606 964 2879 1031 Ζαχαρίαν
2931 964 3041 1031 (69)
3080 962 3272 1023 τίκτει,
3316 960 3395 1020 ὃν.
3443 962 3521 1018 ὡς

269 1052 501 1120 ἱερημεν,
539 1050 668 1103 ἔνιοι
696 1051 805 1104 τῶν
835 1051 904 1103 τὰ
936 1052 1255 1120 Μανιχαίων
1302 1054 1606 1122 τιμώντων,
1671 1053 1941 1124 μισθωτὸν
1979 1056 2259 1125 ἡγοῦνται,
2311 1056 2404 1107 καὶ
2478 1054 2573 1107 τοῦ
2629 1054 2887 1122 ποιμένος
2941 1054 3160 1120 ἀνάξιον
3196 1095 3210 1117 ,

265 1142 650 1194 διδασκαλικοῦ
675 1142 838 1211 χοροῦ
867 1144 1178 1213 ὑπερόριον.

340 1234 425 1284 κν.
463 1232 606 1300 Πλὴν
658 1232 792 1284 ἀλλά
819 1233 916 1285 καὶ
965 1232 1058 1284 τοῦ
1090 1233 1403 1300 Γεγναισίου
1431 1233 1843 1303 ἀποφθαρέντος

268 1322 330 1372 τὸ
379 1321 489 1373 τῶν
551 1321 809 1390 μαθητῶν
853 1322 931 1385 είς
976 1322 1069 1374 δύο
1123 1321 1364 1391 σχίζεται
1396 1325 1528 1393 (70),
1558 1326 1606 1376 οί
1648 1325 1706 1377 δὲ
1748 1325 1840 1376 τὸν

282 1412 505 1481 Ἰωσὴφ,
540 1412 597 1464 ὃν
636 1412 733 1463 καὶ
788 1412 940 1465 νόθον
978 1413 1121 1475 τινὲς
1160 1416 1500 1483 ἐπεφήμιζον
1542 1432 1556 1446 ⁸
1588 1416 1683 1467 καὶ
1740 1415 1839 1484 τὴν

266 1503 363 1555 τοῦ
425 1503 739 1571 Πνεύματος
798 1506 1081 1573 ἐνέργειαν
1125 1505 1216 1557 τοῦ
1262 1506 1359 1575 μὲν
1394 1508 1522 1577 ὅλην
1568 1508 1733 1559 οίκείν
1783 1508 1842 1559 ὲν

268 1594 449 1663 ἐαυτῷ
462 1594 887 1665 διαπληκτιζομέ
895 1612 1006 1659 νου,
1028 1595 1255 1663 θατέρου
1270 1597 1327 1648 δὲ
1338 1598 1494 1649 ἀντισ
1505 1598 1706 1659 πῶντος
1727 1597 1837 1667 (7i)

266 1684 475 1754 ταύτην
500 1687 580 1747 είς
608 1686 820 1749 ἑαυτὸν,
852 1686 946 1738 καὶ
971 1686 1125 1738 κενὸν
1145 1687 1350 1738 λείπειν
1377 1688 1467 1740 τὸν
1489 1687 1841 1741 ἀντιστασιώ-

266 1794 368 1846 την
402 1776 828 1842 διατεινομένου.
857 1778 1014 1828 Ποῖον
1060 1776 1105 1827 δ’
1156 1780 1222 1830 ἂν
1250 1778 1334 1847 εἴη
1375 1778 1612 1847 πνεῦμα,
1653 1780 1681 1831 ὃ
1720 1778 1842 1831 τού-

268 1886 384 1929 τοις
414 1870 481 1919 ἂν
504 1868 930 1937 ὲπιφοιτήσοιεν,
956 1870 1003 1919 ει
1029 1868 1104 1937 μὴ
1127 1870 1186 1921 τὸ
1212 1871 1447 1939 πονηρὸν
1474 1872 1568 1922 καὶ
1597 1871 1843 1941 ἀκάθαρ-

271 1976 383 2022 τον,
418 1960 510 2010 καὶ
543 1958 799 2010 τοιούτοιν
833 1958 1050 2025 δοχείων
1106 1959 1325 2022 ἐπάξιον
1370 1959 1519 2027 (72);
1555 1960 1699 2027 Πλὴν
1748 1961 1846 2029 τῆς

268 2050 443 2117 ἔριδος
485 2049 550 2100 δι’
591 2049 733 2115 ἆπερ
794 2050 1005 2118 εῐρηται
1060 2049 1480 2117 κατισχυούσης,
1518 2052 1613 2101 καὶ
1659 2050 1845 2119 χερσὶν

270 2142 371 2209 ἢδη
406 2140 499 2192 καὶ
536 2140 773 2209 πληγαῖς
804 2141 1129 2209 κρινομένης
1162 2157 1175 2170 ·
1210 2142 1599 2209 ὑπεραλγήσας
1620 2144 1647 2193 ὁ
1678 2144 1847 2211 Ζαχα-

275 2232 417 2301 ρίας,
452 2229 543 2283 οἷα
576 2232 639 2299 δὴ
664 2232 762 2300 τῆς
800 2231 1058 2302 πατρῴας
1102 2233 1458 2302 ἐλαυνόμενος
1490 2232 1842 2304 κληρουχίας,

271 2323 423 2375 παίει
450 2323 543 2374 τὸν
579 2322 798 2390 Ἰωσὴφ,
834 2322 909 2385 ὼς
959 2322 1128 2389 ἐγγὺς
1195 2323 1429 2375 θανάτου
1473 2323 1573 2391 τὴν
1630 2324 1845 2392 πληγὴν

270 2416 485 2467 ἐλάσαι.
521 2413 762 2483 Θατέρου
794 2414 851 2467 δὲ
871 2414 979 2467 τῶν
1012 2415 1331 2483 στρατηγῶν
1360 2414 1460 2483 τῆς
1507 2416 1845 2478 ἀποστασίας

272 2508 364 2559 ἐπὶ
420 2507 550 2573 γόνυ
607 2505 924 2569 κλιθέντος,
987 2506 1178 2575 ἔμενεν
1247 2507 1345 2576 μὲν
1383 2508 1622 2577 ἑκατέρα
1690 2508 1845 2577 μερὶς

274 2596 649 2666 σφοδρώτερον
720 2596 858 2649 κατὰ
933 2597 1030 2666 τῆς
1126 2598 1319 2667 ἑτέρας
1417 2599 1841 2668 έπανισταμένη.

284 2689 737 2759 Ἐκαιροφυλάκει
782 2690 838 2741 δὲ
886 2689 985 2758 τὴν
1040 2689 1385 2759 συμπλοκὴν,
1421 2690 1481 2742 το
1524 2690 1679 2753 τέλος
1736 2691 1847 2759 άμ-

274 2784 491 2851 ’,ρξὸολον
518 2785 842 2850 ὲννοουμένη
872 2782 970 2849 τῆς
998 2783 1177 2850 μάχης
1196 2801 1208 2813 ·
1245 2783 1441 2851 ὲκρὶοη
1470 2783 1527 2834 δὲ
1561 2782 1674 2851 (75)
1707 2782 1845 2849 μᾶλ-

271 2875 384 2937 λον,
418 2874 534 2941 μετ’
555 2873 730 2939 ὀλίγον
747 2876 959 2941 χρόνον,
988 2872 1116 2925 θατέ
1126 2890 1225 2941 ραν
1246 2874 1356 2926 ἀπὸ
1380 2874 1610 2943 θατέρας
1627 2872 1847 2941 διαστῆ-

272 2985 381 3026 ναι,
414 2967 510 3019 καὶ
544 2966 618 3035 μὴ
640 2965 716 3033 τῷ
736 2966 915 3034 ἀδήλῳ
952 2965 1050 3035 τῆς
1081 2966 1260 3034 μάχης
1306 2965 1847 3029 καταπιστεύσαντας

275 3057 506 3117 ἑαυτοὺς
586 3054 931 3125 πανωλεθρία
988 3054 1376 3123 διαφθαρῆναι.
1441 3054 1729 3124 Ἐκατέρου
1792 3054 1918 3132 διε

274 3150 563 3217 τμήματος
622 3147 759 3214 μετὰ
791 3148 889 3213 τὴν
926 3148 1404 3214 περιφανεστάτην
1436 3146 1719 3198 διάστασιν
1749 3146 1845 3214 οὐχ

276 3239 369 3290 ὑπ’
399 3236 641 3304 ἀλλήλων
673 3236 828 3303 μόνον
854 3235 985 3301 (74),
1015 3235 1148 3286 ἀλλὰ
1170 3236 1264 3287 καὶ
1298 3236 1399 3287 ὑπὸ
1421 3236 1529 3287 τῶν
1557 3232 1717 3305 πέριξ
1758 3236 1845 3299 ἐξ·

274 3326 673 3395 ονειδιζομένου
717 3327 887 3379 τεκαὶ
914 3328 1304 3396 διασυρομένου
1348 3329 1441 3380 καὶ
1471 3327 1550 3390 είς
1584 3326 1726 3397 ᾠδὰς
1755 3328 1848 3379 καὶ

276 3419 490 3486 γέλωτα
518 3420 650 3469 πᾶσι
679 3417 1062 3484 προκειμένου,
1098 3417 1293 3488 μελέτη
1322 3420 1527 3485 γίνεται
1564 3420 1693 3488 παρ’
1724 3420 1851 3471 ἐκα-

275 3511 413 3579 τέρα
449 3510 631 3577 μοίρᾳ,
668 3509 847 3575 πάσης
894 3508 1105 3577 ἐκείνης
1142 3510 1238 3577 τῆς
1286 3510 1593 3579 περιχώρου
1624 3508 1851 3581 δρασμῷ

276 3600 523 3668 λαθραὲῳ
548 3598 930 3666 ἐξοικισθῆναι.
978 3600 1065 3651 Ἐν
1089 3600 1262 3669 τούτῳ
1289 3601 1345 3653 δὲ
1382 3600 1489 3654 τῶν
1519 3602 1850 3673 Σαρακηνῶν

277 3693 349 3741 τὰ
417 3686 702 3755 Ῥωμαίων
749 3688 872 3753 ὅρια
918 3690 1402 3757 κατατρεχόντων,
1460 3694 1555 3743 καὶ
1610 3693 1850 3760 πολέμου

279 3783 433 3848 νόμῳ
468 3779 566 3846 τὴν
597 3778 776 3843 ἔξοδον
822 3780 1181 3847 ποιουμένων,
1210 3781 1306 3849 τὴν
1348 3781 1535 3849 ἔφοδον
1572 3783 1853 3852 πόρρωθεν

280 3876 308 3923 ὁ
335 3872 608 3939 Ζαχαρίας
648 3870 769 3921 ίδὼν
824 3869 1015 3936 φεύγει
1042 3871 1137 3939 μὲν
1158 3873 1319 3934 αὐτὸς
1351 3874 1454 3926 άνὰ
1499 3874 1695 3942 κράτος
1721 3891 1734 3905 ·
1769 3875 1851 3926 λι-

282 3961 403 4013 πὼν
436 3961 547 4029 (75)
576 3960 632 4012 δὲ
662 3962 771 4021 τοῖς
807 3960 1083 4027 πολεμίοις
1106 3962 1200 4013 καὶ
1237 3964 1348 4023 τοῖς
1382 3960 1561 4029 ξίφεσι
1595 3967 1717 4027 τοὺς
1749 3982 1853 4034 μα-

283 4052 477 4121 θητὰς,
515 4051 671 4119 μόνος
697 4050 787 4103 τὸν
818 4051 994 4103 κοινὸν
1026 4052 1410 4121 ἀποδιδράσκει
1441 4055 1620 4121 φόνον.
1651 4056 1723 4107 Τὸ
1744 4057 1851 4126 γὰρ

285 4144 384 4195 σὺν
410 4142 559 4210 αὐτῷ
586 4141 787 4210 πλῆθος
816 4142 961 4194 ἅπαν
994 4141 1087 4193 τοῦ
1120 4142 1218 4211 ζῇν
1242 4146 1354 4205 τοῖς
1400 4143 1610 4211 ξίφεσιν
1636 4147 1852 4213 ἀπηλά-

283 4233 492 4303 σθησαν
520 4232 632 4305 (7ti)
656 4234 809 4302 ’ἥτις
836 4231 984 4301 αὑτῷ
1013 4233 1210 4303 πρᾶξις
1235 4235 1407 4287 καὶτὸ
1439 4235 1709 4305 μισθωτὸν
1732 4238 1854 4289 ἀντὶ

3279 1054 3373 1105 καὶ
3422 1050 3519 1103 τοῦ

2016 1227 2134 1281 XX.
2165 1228 2455 1287 Caeterum,
2491 1226 2747 1281 defuncto
2779 1227 3081 1295 Gegnresio,
3131 1229 3521 1303 discipulorum

1947 1319 2102 1372 turba
2125 1319 2176 1371 in
2208 1322 2340 1372 «luas
2364 1327 2541 1386 partes
2568 1318 2859 1380 dividitur;
2888 1318 2976 1371 alii
3004 1319 3221 1387 quidem
3252 1318 3524 1375 Zachariae

1946 1409 2196 1463 societati
2244 1424 2301 1463 se
2340 1409 2643 1478 adjungunt
2678 1428 2689 1462 :
2722 1410 2808 1462 alii
2842 1409 3139 1478 Josephum
3194 1422 3521 1479 sequuntur,

1947 1516 2108 1570 quem
2158 1500 2403 1554 nonnulli
2449 1500 2695 1568 spurium
2745 1516 2865 1555 esse
2923 1502 3199 1555 dicebant:
3252 1502 3525 1572 Multaque

1948 1593 2089 1646 inter
2120 1592 2218 1646 hos
2251 1601 2366 1644 orta
2390 1592 2759 1656 contentione,
2788 1608 2910 1645 cum
2934 1593 3072 1646 alius
3093 1592 3328 1662 Spiritus
3346 1596 3523 1649 sancti

1946 1684 2055 1736 vim
2100 1693 2153 1737 et
2188 1683 2625 1751 operationemin
2653 1699 2711 1737 se
2747 1691 2913 1736 totam
2940 1685 3180 1739 habitare
3209 1684 3522 1748 affirmaret,

1948 1775 2087 1827 alius
2120 1790 2248 1827 vero
2280 1780 2529 1827 eamdem
2556 1773 2727 1841 ipsam
2756 1774 2808 1825 in
2838 1790 2896 1827 se
2928 1776 3289 1843 pertraheret,
3326 1776 3527 1843 illaque

1946 1880 2175 1918 vacuum
2195 1879 2315 1918 esse
2339 1864 2711 1918 adversarium
2765 1880 2921 1917 suum
2949 1867 3179 1934 probare
3210 1877 3521 1921 conaretur.

1946 1956 2174 2021 Quinam
2194 1966 2372 2010 autem
2400 1954 2637 2024 Spiritus
2668 1956 2753 2010 ille
2776 1956 2958 2017 fuerit.
2987 1960 3076 2027 qui
3103 1960 3158 2013 in
3189 1962 3323 2015 tales
3348 1963 3528 2019 homi-

1946 2062 2045 2101 nes
2110 2046 2379 2109 adveniat,
2427 2047 2528 2099 nisi
2576 2047 2803 2100 fortasse
2848 2049 3117 2117 malignus
3172 2059 3227 2103 et
3275 2051 3526 2120 impurus

1948 2136 2365 2205 hujusmodique
2412 2136 2764 2204 receptaculis
2821 2136 3047 2204 dignus?
3124 2138 3390 2193 Caeterum
3425 2157 3520 2196 ac-

1946 2230 2225 2276 crescente
2310 2238 2371 2276 ea
2441 2222 2508 2275 de
2567 2237 2728 2275 causa
2796 2226 3167 2286 contentione,
3234 2244 3356 2282 cum
3413 2232 3521 2301 jam

1946 2313 2199 2366 manibus
2254 2322 2309 2365 et
2364 2313 2533 2382 plagis
2580 2314 2989 2379 decerneretur,
3033 2318 3324 2373 admodum
3379 2322 3521 2376 imii-

1947 2415 2139 2476 guatus
2196 2404 2507 2467 Zacharias,
2549 2406 2693 2474 quod
2767 2418 2990 2475 paterna
3043 2409 3358 2467 haereditate
3408 2416 3525 2483 pel-

1948 2498 2170 2557 leretur.
2229 2495 2526 2565 Josephum
2576 2498 2647 2550 ita
2717 2497 2908 2563 feriit,
2974 2508 3034 2554 ut
3075 2501 3129 2554 in
3175 2503 3366 2557 mortis
3425 2520 3521 2574 pe-

1947 2590 2174 2644 riculum
2254 2589 2561 2643 adduxerit.
2632 2590 2819 2643 Altero
2903 2601 3087 2647 autem
3164 2610 3229 2648 ex
3295 2596 3527 2651 ducibus

1948 2691 2085 2745 pene
2120 2683 2410 2745 prostrato,
2438 2686 2667 2745 utraque
2711 2678 2877 2731 factio
2903 2680 3048 2734 ultro
3079 2682 3335 2752 citroque
3368 2700 3528 2756 urge-

1948 2767 2061 2831 bat,
2091 2777 2410 2836 tempusque
2443 2769 2759 2823 certaminis
2797 2770 3121 2826 observabat
3152 2789 3339 2828 secum
3364 2792 3528 2845 repu-

1951 2867 2087 2921 tans,
2115 2858 2338 2927 ancipiti
2386 2867 2557 2913 marte
2594 2861 3054 2929 congrediendum
3114 2880 3254 2919 esse.
3318 2865 3527 2921 Modico

1950 2951 2133 3020 elapso
2166 2960 2411 3018 tempore
2462 2966 2493 3004 e
2541 2965 2599 3004 re
2628 2950 2743 3006 fore
2778 2954 2953 3007 visum
2986 2963 3091 3016 est,
3157 2964 3218 3009 ut
3255 2956 3425 3011 altera
3458 2959 3526 3013 ab

1952 3041 2114 3094 altera
2145 3037 2379 3093 factione
2408 3050 2774 3108 separaretur,
2802 3058 2871 3097 ne
2902 3044 3113 3099 incerto
3140 3060 3333 3116 pugna:
3365 3049 3513 3101 exitu

1953 3140 2142 3184 mutua
2188 3145 2246 3184 se
2284 3130 2657 3185 internecione
2701 3132 2970 3188 delerent.
3023 3135 3157 3190 Cum
3195 3147 3376 3191 autem
3409 3149 3529 3206 post

1955 3221 2347 3275 dissensionem
2372 3222 2441 3274 ita
2473 3222 2845 3291 conspicuam,
2872 3241 2979 3279 non
3004 3227 3165 3280 modo
3195 3243 3315 3282 sese
3338 3238 3528 3283 mutuo

1955 3313 2262 3383 opprobriis
2292 3314 2639 3383 impeterent,
2673 3317 2766 3369 sed
2817 3318 2980 3371 etiam
3010 3318 3314 3374 vicinorum
3346 3323 3531 3375 convi-

1956 3407 2071 3470 ciis,
2104 3405 2372 3469 cantibus,
2406 3406 2664 3460 derisioni
2692 3416 2961 3475 paterent,
2996 3410 3137 3464 inter
3180 3428 3238 3466 se
3279 3414 3530 3482 utrinque

1956 3497 2287 3559 consultant,
2318 3506 2377 3550 ut
2403 3498 2614 3551 occulta
2641 3497 2763 3569 fuga
2791 3500 2948 3555 sedes
2985 3513 3278 3557 mutarent.
3318 3503 3527 3559 Interea

1948 3608 2080 3647 vero
2110 3608 2232 3645 cum
2270 3592 2525 3647 Saraceni
2568 3596 2934 3649 ltomanorum
2971 3596 3108 3650 fines
3154 3598 3521 3658 incursarent,

1950 3702 2014 3741 ac
2050 3686 2173 3739 belli
2205 3700 2352 3739 more
2386 3686 2788 3753 expeditionem
2820 3699 3065 3757 agerent,
3112 3704 3303 3742 eorum
3339 3690 3523 3744 inver-

1951 3776 2159 3829 sionem
2183 3784 2531 3828 antevertens
2556 3775 2852 3830 Zacharias
2878 3776 3058 3847 fugam
3095 3778 3243 3843 fecit,
3278 3779 3522 3848 discipu-

1950 3868 2137 3935 losque
2162 3866 2475 3935 relinquens
2510 3867 2746 3921 inimicis
2777 3880 2831 3921 et
2856 3869 3047 3934 gladiis
3096 3872 3395 3938 expositos,
3436 3887 3526 3925 Sn-

1956 3958 2041 4011 lus
2067 3972 2124 4012 se
2154 3957 2425 4018 subducit.
2462 3958 2535 4011 ita
2569 3969 2627 4013 ut
2660 3974 2796 4014 c:esa
2847 3972 2955 4015 tota
2992 3978 3213 4016 suorum
3274 3964 3526 4017 multituo

1958 4050 2085 4105 diue
2140 4052 2255 4118 ipse
2293 4050 2582 4104 incolumis
2615 4053 2883 4118 evaserit;
2937 4055 3067 4108 hinc
3114 4072 3278 4124 porro
3322 4056 3527 4110 factum

1959 4150 2061 4206 est,
2100 4150 2158 4195 ut
2192 4156 2290 4209 pro
2317 4150 2531 4209 pastore
2560 4145 2927 4198 mercenarius
2968 4162 2997 4198 a
3036 4147 3222 4200 multis
3272 4147 3527 4205 audierit.

1958 4234 2158 4304 Joseph
2187 4250 2334 4299 vero,
2359 4236 2450 4305 qui
2480 4237 2675 4306 pedum
2712 4227 2981 4295 velocitati
3022 4258 3129 4297 non
3160 4252 3370 4298 tantum
3397 4244 3529 4298 [ἰάθη

1378 4366 1609 4423 VARle
1651 4370 2035 4426 LECTIONES
2087 4367 2173 4423 ET
2202 4367 2435 4424 ΝΟΤᾸΞ.

358 4486 469 4557 (66)
504 4483 774 4557 Λοιμικῷ.
802 4483 879 4536 Ita
907 4483 1083 4557 scribo
1104 4499 1240 4557 cum
1266 4482 1460 4557 Nostro
1492 4501 1589 4554 pro
1629 4486 1847 4557 λυμικῷ
1882 4490 1924 4544 D
1954 4502 2008 4555 p.

1882 4490 1924 4544 ι)
1954 4502 2008 4555 p.
2063 4485 2151 4547 50,
2189 4494 2245 4539 et
2304 4485 2483 4540 hiulca
2537 4503 2638 4542 nec
2683 4490 2963 4546 cohrerens
2992 4492 3093 4545 για.
3126 4508 3205 4545 ur
3258 4491 3457 4551 Photii,
3484 4494 3527 4547 si

282 4553 381 4612 seu
410 4562 518 4627 [ero
543 4553 993 4627 utinterpretatio
1030 4554 1209 4627 habet,
1242 4555 1383 4622 quod
1421 4571 1486 4607 ex
1527 4553 1849 4623 pronuntia-

284 4622 435 4683 tione
469 4642 591 4679 cum
615 4625 782 4676 altero
822 4623 911 4675 illo
948 4622 1105 4676 facile
1160 4626 1457 4691 permutari
1518 4622 1715 4693 potest.
1773 4627 1848 4679 Ex

286 4695 595 4766 pestilentia
649 4694 857 4746 scilicet
899 4693 1033 4766 obiit
1081 4697 1261 4766 homo,
1321 4710 1439 4761 quae
1485 4710 1549 4747 eo
1599 4705 1851 4766 tempore

283 4763 638 4821 vehementer
664 4772 900 4828 grassata
933 4763 984 4814 in
1010 4763 1257 4816 lmiuines
1282 4780 1312 4817 a
1340 4772 1525 4817 nostro
1556 4765 1777 4819 dicitur.

282 4886 293 4896 ,
361 4838 471 4904 (67)
519 4832 885 4904 'Eusrépsro.
923 4830 1276 4904 Sic.resti_tuo
1308 4848 1370 4904 ex
1412 4844 1597 4904 nostro
1632 4844 1685 4889 et
1727 4834 1852 4887 Col-

284 4899 505 4959 liertino
534 4918 630 4967 pro
674 4900 999 4968 ὲπεμαίνετο
1019 4899 1358 4963 Coisliniani,
1392 4903 1533 4969 quod
1564 4920 1625 4956 ex
1656 4905 1849 4957 vitiosa

289 4971 733 5039 pronuntiatione
776 4980 954 5041 ortum
1000 4981 1104 5034 est,
1137 4972 1187 5023 in
1227 4972 1413 5039 primis
1456 4972 1500 5024 si
1535 4973 1790 5041 scriptum
1823 4990 1851 5027 a

289 5044 481 5097 thio
508 5041 696 5112 credas
725 5039 1075 5112 ἐπενείματο,
1110 5042 1250 5112 quod
1283 5044 1546 5112 estiapud
1578 5039 1850 5112 Thucydi-

287 5116 435 5167 dem.
475 5108 883 5181 Ἑιιιινέμεσθαι⁸
908 5109 1051 5161 enim
1087 5110 1169 5181 de
1219 5108 1852 5181 morbis'dcpopula'nti-

290 5188 413 5240 hus.
445 5196 508 5236 ac
547 5179 824 5250 Speciatim
853 5177 920 5231 de
963 5179 1265 5250 pestilentia
1310 5177 1625 5235 Atheniensi
1659 5200 1671 5234 :
1721 5184 1847 5235 Ἐπ-

287 5248 657 5321 ενείματοίδε
688 5248 915 5321 Ἀθήνας
969 5250 1080 5321 μὲν,
1112 5249 1362 5321 μάλιστα.
1425 5250 1665 5321 Accedit,
1707 5254 1851 5321 quod

289 5316 482 5376 l’etrus
516 5319 751 5377 Siculus,
774 5332 827 5387 p.
849 5316 935 5381 50,
960 5319 1170 5381 scribit,
1197 5335 1321 5373 eum
1351 5320 1453 5372 ὑπὸ
1473 5320 1564 5373 τοῦ
1585 5316 1851 5390 βουϐῶνος

289 5394 518 5445 οὺίἱεςε.

366 5462 477 5530 (68)
540 5457 652 5511 Τὸν
697 5456 841 5518 βίον
892 5457 1313 5530 κατέστρεψε,
1344 5457 1504 5514 Vides
1562 5461 1665 5525 hic,
1711 5464 1853 5530 quod

289 5525 466 5585 obiter
508 5541 723 5599 moneo,
757 5525 982 5599 exprimi
1014 5525 1205 5599 vocem
1265 5529 1397 5597 βίος,
1434 5546 1553 5598 quae
1599 5532 1652 5584 in
1704 5525 1853 5599 ejus-

293 5540 466 5585 nbiter
508 5541 723 5586 moneo,
757 5540 982 5647 exprimi
1014 5543 1202 5580 vocem
1265 5540 1397 5597 βίος,
1434 5546 1553 5598 quae
1599 5540 1652 5584 in
1704 5540 1852 5599 ejus-

293 5601 439 5654 modi
478 5596 765 5670 phrasibus
794 5611 821 5648 a
851 5597 925 5670 ias
967 5606 1026 5649 ut
1055 5598 1353 5670 plurimum
1392 5601 1678 5653 omittitur.
1711 5601 1852 5670 Lege

291 5673 360 5723 rl.
396 5665 686 5741 Lanibci'tii
713 5665 811 5741 Bos
853 5668 1153 5741 Mysteriuni
1197 5668 1429 5741 cllipseos
1482 5670 1571 5741 Gr.
1614 5665 1847 5741 lingunt.

295 5758 348 5809 p.
379 5741 466 5793 18.
501 5736 697 5790 Eadem
724 5735 921 5809 _phra_s_i
939 5736 1050 5809 _hic_
1066 5738 1238 5790 utitur
1264 5736 1455 5809 Petrus
1484 5735 1719 5795 Siculus.

368 5809 477 5880 (69)
512 5805 829 5875 Ζαχαρίαν.
853 5804 974 5857 Abit
1002 5806 1124 5861 hinc
1157 5808 1402 5863 nonnihil
1422 5808 1608 5864 Petrus
1635 5810 1846 5869 Siculus

1954 4558 2462 4632 cum_seq_uentib_us
2488 4573 2789 4632 compares.
2822 4564 3079 4626 narratio,
3149 4579 3270 4632 qua:
3324 4564 3379 4616 in
3430 4562 3529 4616 Pe-

1957 4634 2039 4678 tro
2069 4624 2251 4677 Sicqu
2280 4628 2482 4679 rectius
2514 4624 2624 4680 sibi
2643 4637 2878 4683 constat.

2027 4694 2137 4767 (70)
2179 4695 2602 4767 Ἑταιρίζονξαι,
2638 4696 2776 4767 Lege
2803 4699 2870 4753 de
2904 4701 3001 4754 hac
3039 4716 3173 4754 voce
3192 4700 3524 4756 Gottfridum

1954 4762 2251 4839 Olearium.
2286 4766 2337 4817 in
2375 4765 2588 4839 Pgefat.
2621 4762 2904 4839 adg'la'itam
2943 4771 3229 4838 Apollonii,
3263 4788 3315 4839 p.
3364 4774 3452 4825 37.

2025 4834 2135 4910 (Π)
2172 4833 2617 4910 ἶξντςςπῶνζρς.
2650 4836 2781 4910 _\’ide
2812 4833 3032 4910 supra'§
3074 4842 3157 4894 18.
3185 4833 3299 4895 nol.
3328 4842 3419 4896 50.

2028 4904 2137 4969 (72)
2175 4902 2481 4978 ‘Endfior._
2497 4903 2610 4978 Non
2650 4906 2810 4961 habet
2828 4902 2931 4962 ms.
2975 4902 3175 4975 uoster,
3203 4927 3311 4978 quo
3344 4920 3522 4965 tamen

1955 4972 2021 5027 ad
2054 4988 2271 5045 sensum
2297 4973 2690 5045 perliciendum
2721 4994 2860 5045 opus
2887 4988 2992 5033 est.

1998 5044 2136 5124 ,(75)
2164 5042 2252 5094 Δέ.
2293 5043 2404 5096 Hoc
2462 5044 2644 5097 malim
2693 5042 2816 5100 cum
2850 5057 3036 5102 nostro
3081 5065 3181 5118 pro
3228 5050 3292 5122 δὴ
3324 5053 3524 5109 Coisli-

1956 5128 2140 5166 mano.

1987 5181 2251 5303 Πξῖίέξιὲιό
2292 5199 2381 5235 ον.
2425 5182 2503 5237 Ita
2530 5184 2647 5255 lego
2670 5201 2793 5239 cum
2837 5184 3033 5242 Nostro
3060 5203 3158 5257 pro
3190 5191 3366 5259 μόνων
3396 5193 3526 5249 Coi-

1956 5266 2213 5305 sumano.

2026 5322 2133 5397 (75)
2167 5321 2383 5397 Aixu’ir.
2418 5322 2509 5397 Sic
2541 5323 2739 5397 Noster
2772 5328 2973 5381 rectius
3013 5344 3111 5397 pro
3160 5330 3382 5385 λείπων.
3428 5334 3528 5388 De-

1960 5392 2117 5466 scrt_is
2147 5393 2289 5466 enim
2326 5394 2605 5466 discipulis
2636 5396 2688 5449 in
2718 5395 2892 5466 fugam
2923 5415 2979 5453 se
3003 5392 3167 5452 dedit.

2030 5460 2142 5525 (76)
2188 5460 2671 5537 ‘Aangdgénq-ar.
2721 5460 2915 5521 Noster
2956 5469 3269 5537 άπηλάσθη,
3308 5482 3523 5526 utrum--

1998 5546 2061 5582 ue
2112 5542 2277 5611 recte.
2321 5534 2667 5611 Colbertinus
2702 5534 3320 5611 _l_iaoet_&7rq1dﬁgaav,
3372 5543 3519 5611 quod

2006 5602 2333 5655 rammaticas
2388 5606 2624 5659 rationes
2657 5606 2840 5660 itidem
2899 5602 3101 5661 ferunt.
3153 5602 3425 5664 Caeterum
3462 5624 3523 5666 ut

1957 5670 2123 5749 grieci
2180 5672 2579 5749 άπελαύνεσθαι
2631 5677 2833 5749 ἀρχῷν,
2891 5678 3289 5749 άπελαύνεσθαι
3341 5681 3520 5749 γάμου

1954 5741 2159 5862 dictant,
2195 5741 2264 5820 ita
2284 5740 2485 5862 gostcr
2516 5740 2795 5801 commode
2822 5747 3059 5803 scribere
3095 5749 3270 5817 potuit
3292 5740 3520 5804 ἀπελαύρ

1954 5827 2045 5862 νεσ
2086 5828 2138 5862 αι
2164 5828 2254 5862 τοι)
2342 5832 2401 5862 .‘I.

1954 5827 2138 5863 νεσυαι
2164 5828 2254 5863 τοο.)
2284 5827 2401 5869 ςτξν.
