4222 6432
743 403 814 464 5')
1897 405 2162 466 PHOTII
2200 405 2705 466 PATREARClI/E
2753 405 2861 464 cp.
2895 363 2905 385 ’
3917 405 3988 467 σο

739 515 850 577 hat,
902 521 1163 579 quantum
1211 511 1524 579 Zacharias,
1582 513 1676 567 sed
1737 516 1978 569 versutia
2018 527 2074 570 et
2100 517 2306 570 artibus
2335 525 2385 580 Α

2335 525 2385 580 Α
2411 516 2664 584 ποιμένος
2691 514 2803 584 ('77)
2840 513 3131 583 ἐπώνυμον
3156 515 3270 577 τοῖς
3298 513 3512 575 πολλοίς
3536 515 3981 583 περιεποιήσατο.

738 607 857 674 plus
891 604 1121 668 valebat,
1150 619 1274 658 cum
1315 604 1368 656 in
1409 605 1523 673 ipsa
1567 604 1804 658 hostium
1856 606 2137 660 invasione
2170 606 2314 660 illius

737 698 879 747 circa
945 695 1100 746 tidem
1138 695 1492 748 dissensionis
1546 710 1708 748 causa
1740 694 2054 766 aufugeret;
2095 696 2310 750 technis

741 791 936 851 lidens,
1005 800 1062 842 ut
1099 805 1259 858 supra
1327 789 1596 852 diximus,
1629 805 1691 844 ac
1739 792 1922 859 procul
1970 791 2314 844 inimicorum

742 896 932 948 agmen
1001 881 1295 933 adveniens
1320 882 1689 950 conspicatus,
1725 882 1948 951 gradum
1987 897 2016 935 e
2066 882 2190 952 luga
2225 898 2317 936 re-

747 982 925 1038 vocat,
985 974 1289 1041 revertique
1318 975 1474 1042 jubet
1509 975 1752 1042 jumenta
1799 985 1852 1028 et
1894 991 2108 1038 currus,
2149 991 2212 1029 ac
2259 990 2317 1029 se

755 1081 991 1133 suosque
1057 1065 1265 1134 ﬁngens
1311 1080 1433 1118 esse
1488 1065 1792 1134 transfugas
1836 1075 1890 1119 et
1949 1066 2203 1129 deditos,
2265 1067 2316 1118 in

750 1171 1038 1208 occursum
1091 1157 1329 1209 hostium
1392 1156 1571 1218 venit,
1624 1157 1780 1224 quasi
1851 1156 2058 1210 scilicet
2126 1167 2319 1226 sponte

751 1262 876 1298 cum
925 1247 1090 1298 sociis
1155 1247 1268 1300 suis
1327 1247 1661 1308 accederet.
1712 1262 1946 1315 cumque
2006 1247 2146 1301 dolis
2205 1249 2318 1300 suis

754 1337 912 1388 [idem
949 1337 1193 1399 adderet,
1225 1349 1386 1405 atque
1419 1339 1632 1405 juratus
1661 1339 1874 1392 illorum
1900 1356 1957 1393 se
1998 1341 2163 1394 rebus
2199 1356 2321 1409 pro-

752 1428 959 1493 spicere
999 1428 1365 1489 conlirmaret,
1396 1444 1518 1481 cum
1545 1429 1866 1496 sequacibus
1891 1429 2006 1483 suis
2037 1432 2321 1485 incolumis

751 1518 868 1569 sine
899 1518 1004 1569 ullo
1038 1519 1112 1570 rei
1153 1518 1431 1571 familiaris
1472 1519 1671 1571 damno
1711 1519 1965 1574 dimissus
1987 1527 2090 1573 est.
2130 1520 2320 1573 Postea

756 1617 973 1675 captato
1023 1608 1159 1676 fugae
1194 1618 1435 1676 tempore
1477 1608 1568 1660 ubi
1598 1609 1940 1662 occasionem
1984 1610 2086 1663 sibi
2139 1611 2321 1663 oﬂ'erri

758 1699 916 1759 vadit,
954 1713 1075 1751 cum
1128 1699 1450 1766 sequacibus
1487 1700 1686 1768 sacpius
1731 1710 2085 1752 memoratum
2121 1702 2319 1765 vicum,

755 1787 1055 1857 Episparim
1087 1804 1301 1857 nempe,
1346 1806 1402 1843 se
1435 1791 1650 1858 recipit,
1685 1791 1773 1843 ubi
1807 1791 2088 1857 splendide
2133 1793 2200 1844 ab
2236 1793 2320 1844 in-

755 1879 886 1931 eolis
916 1889 1176 1946 exceptus
1205 1889 1308 1931 est.
1336 1878 1510 1932 Locus
1533 1881 1750 1948 quidem
1793 1881 1881 1934 ille
1914 1881 2194 1934 hominum
2223 1882 2320 1935 de-

756 1969 979 2022 factioni
1000 1969 1307 2023 deditorum
1337 1972 1490 2038 quasi
1520 1971 1733 2024 ollieina
1758 1980 1893 2034 erat,
1928 1972 2000 2024 ita
2033 1981 2092 2025 ut
2117 1973 2168 2024 in
2201 1973 2322 2041 ejus

755 2060 1002 2130 ingressu
1033 2061 1305 2130 lampades
1342 2062 1791 2126 accenderentur,
1842 2063 2052 2130 aliaque
2100 2063 2322 2116 honoris

755 2153 905 2220 signa
936 2151 1318 2219 adjicerentur,
1351 2152 1529 2220 qualia
1561 2151 1766 2205 Christi
1808 2153 2090 2221 discipulis
2113 2153 2320 2206 deben-

758 2244 864 2287 tur.
902 2235 990 2289 Sic
1041 2237 1216 2290 amice
1274 2247 1558 2306 susceptus
1607 2240 1786 2307 aliquo
1826 2247 2072 2308 tempore
2122 2241 2322 2295 ibidem

755 2336 1002 2380 versatus
1025 2335 1127 2389 est,
1159 2327 1290 2381 alios
1317 2327 1594 2396 decipiens
1623 2337 1677 2382 et
1720 2329 1982 2399 deceptus
2010 2331 2144 2399 ipse,
2177 2347 2324 2385 asse-

757 2419 978 2486 clasque
1016 2433 1142 2472 suos
1194 2418 1245 2470 in
1299 2419 1556 2487 perniciei
1615 2420 1930 2474 barathrum
1984 2423 2322 2491 deprimens.

756 2506 988 2568 Quidam
1042 2522 1201 2574 porro
1236 2507 1594 2561 Cricoraches
1641 2509 1879 2575 nomine,
1921 2511 2011 2578 qui
2069 2512 2212 2564 inter
2238 2527 2325 2566 re-

757 2598 932 2665 gionis
950 2599 1296 2667 magistratus
1328 2600 1739 2664 numerabatur,
1768 2601 2017 2654 doctrina
2044 2603 2186 2670 pius,
2223 2604 2324 2656 ho-

757 2687 926 2741 nestis
974 2689 1238 2750 moribus,
1281 2691 1555 2760 religionis
1607 2692 1787 2745 studio
1815 2693 2175 2756 admirabilis,
2231 2695 2322 2762 qui

757 2779 875 2832 illos
902 2777 994 2832 Dei
1027 2795 1213 2834 osores
1245 2781 1638 2846 detestabatur,
1687 2783 1777 2836 ubi
1835 2786 2103 2853 comperit
2157 2786 2324 2838 sedu-

757 2880 962 2924 ctorem
995 2872 1047 2924 in
1098 2872 1188 2925 illo
1219 2872 1337 2926 vico
1384 2873 1600 2942 degere,
1644 2885 1699 2928 et
1751 2875 2111 2929 defectionem
2154 2877 2325 2946 magis

760 2962 1034 3030 magisque
1066 2966 1374 3032 propagari,
1412 2965 1637 3018 collecta
1666 2967 1897 3019 militum
1925 2983 2111 3028 manu,
2141 2969 2194 3020 in
2237 2969 2319 3021 lo-

760 3068 906 3112 cum.
962 3056 1049 3107 ubi
1091 3057 1373 3122 apostasia:
1405 3058 1655 3125 mysteria
1697 3059 2062 3124 celebrantur,
2094 3075 2151 3112 se
2187 3077 2320 3114 con-

761 3143 904 3209 tulit,
955 3145 1280 3214 obsessaque
1332 3147 1514 3206 domo.
1548 3147 1842 3216 impietatis
1899 3149 2218 3217 principem,
2268 3159 2394 3246 utc

761 3237 899 3289 solet
932 3235 1065 3300 ﬁeri,
1101 3237 1154 3288 in
1179 3238 1477 3305 repentinis
1516 3239 1820 3306 hujusmodi
1854 3241 2322 3308 expeditionibus,

762 3327 892 3379 dum
918 3327 1004 3380 alii
1040 3328 1104 3380 ad
1130 3329 1231 3380 alia
1259 3338 1565 3391 vertuntur,
1597 3346 1789 3398 capere
1821 3347 1928 3384 non
1964 3335 2174 3400 potuit;
2205 3332 2331 3401 fuga

762 3418 963 3484 quippe
1014 3432 1071 3469 se
1115 3417 1492 3471 subduxerunt
1543 3437 1556 3469 :
1621 3419 1918 3486 discipulos
1971 3429 2152 3473 autem
2212 3421 2330 3488 ejus

765 3506 1196 3574 comprehendit,
1257 3516 1312 3561 et
1369 3517 1700 3577 grassantem
1761 3509 1895 3562 tanti
1951 3510 2074 3562 ntali
2125 3520 2331 3578 pestem

765 3595 1006 3648 coercuit
1034 3606 1088 3647 et
1137 3596 1438 3664 dissipavit.
1485 3596 1652 3648 Ferox
1687 3607 1868 3650 autem
1908 3598 1995 3650 ille
2047 3599 2330 3666 apostasia:

765 3686 957 3740 doctor
981 3686 1268 3755 Josephus,
1292 3688 1382 3755 qui
1409 3687 1570 3740 etiam
1595 3688 1996 3756 Epaphroditus
2016 3691 2328 3755 vocabatur,

767 3778 816 3827 vi
847 3776 1105 3844 expulsus
1131 3793 1196 3829 ex
1225 3792 1290 3828 eo
1320 3777 1459 3838 loco,
1489 3785 1547 3828 ut
1583 3776 1787 3828 dictum
1814 3787 1917 3839 est,
1945 3787 1998 3830 et
2033 3779 2154 3847 l'uga
2191 3780 2330 3834 dila-

768 3878 897 3930 psus
928 3863 980 3916 in
997 3861 1302 3933 Phrygiam,
1336 3862 1484 3915 brevi
1516 3872 1700 3929 postea
1729 3871 1968 3931 tempore
1986 3865 2326 3920 Antiochiam

769 3953 980 4008 Pisidia:
997 3954 1307 4017 contendit;
1330 3952 1418 4007 ubi
1435 3951 1641 4006 advena
1660 3968 1784 4006 cum
1800 3963 1963 4018 esset,
1985 3963 2244 4025 tutusque
2261 3958 2330 4012 ab

2430 607 2628 676 Ἰωσὴφ
2653 606 2709 657 δέ
2735 606 2866 674 ἄρα,
2899 608 3011 668 τοῖς
3055 605 3183 657 ποσὶ
3221 605 3320 674 μέν
3356 604 3546 675 ὥσπερ
3571 606 3601 657 ό
3627 603 3899 672 Ζαχαρίας
3927 605 3987 656 ού

2425 697 2716 760 πιστεύων,
2747 697 3084 763 πανουργίαν
3107 695 3297 764 (78)δέ
3321 697 3415 749 καὶ
3435 695 3686 766 μηχανὴν
3713 694 3880 764 ῥάψαι
3897 712 3992 746 τα-

2421 788 2651 860 χύτερος
2689 787 2786 850 ὢν,
2846 789 2940 841 καὶ
2973 788 3206 851 πίστεως
3231 787 3494 858 διαφοράν
3516 787 3578 839 ού
3606 787 3774 839 θέλων
3797 786 3994 839 εἰδέναι

2428 880 2710 948 (ἐτύγχανε
2734 879 2840 948 γάρ
2870 878 3278 946 ἀποδιδράσκων
3295 877 3415 930 κατ’
3439 877 3610 947 αὐτὴν
3627 876 3724 946 τὴν
3761 875 3871 928 τῶν
3897 893 3994 927 πο-

2421 971 2623 1040 λεμίων
2645 971 2873 1038 ἔφοδον),
2900 965 3052 1032 οὗτος
3077 970 3141 1038 δὴ
3189 971 3300 1030 τοίς
3331 968 3659 1040 ἐρρημένοις
3687 967 3990 1037 θαῤῥήσας.

2419 1063 2513 1115 καὶ
2538 1062 2809 1132 μακρόθεν
2833 1063 2892 1114 τὸ
2915 1062 3172 1130 πολέμιον
3202 1062 3600 1130 ἐπιφερόμενον
3631 1060 3993 1127 θεασάμενος,

2418 1157 2747 1226 ἀναστρέφει
2800 1156 2897 1225 μὲν
2955 1159 3053 1224 τῆς
3099 1155 3277 1223 φυγῆς
3323 1154 3503 1214 αὐτὸς.
3564 1151 3902 1222 ἀναστρέψαι
3936 1152 3996 1204 δέ

2425 1245 2497 1298 τά
2515 1263 2572 1298 τε
2600 1246 2866 1312 ὑποζύγια
2895 1249 2987 1298 καὶ
3008 1248 3104 1308 τὰς
3136 1245 3350 1314 ἀμάξας
3371 1248 3480 1307 τοῖς
3507 1245 3795 1312 ἑπομένοις
3819 1260 3993 1314 προσ-

2425 1338 2632 1390 τάττει.
2665 1338 2772 1390 Καὶ
2801 1337 2864 1405 δὴ
2894 1335 3377 1404 κατασχηματίσας
3422 1335 3614 1385 ἑαυτόν
3657 1349 3716 1384 τε
3747 1333 3996 1393 καὶτοὺς

2424 1428 2541 1497 μετ’
2564 1427 2728 1480 αὑτοῦ
2753 1427 2888 1496 πρὸς
2910 1426 2970 1478 τὸ
2988 1426 3097 1477 τῶν
3128 1425 3442 1492 αὐτομόλων
3469 1425 3677 1493 σχῆμα,
3700 1422 3800 1491 τὴν
3827 1423 3982 1474 ἀντι-

2422 1517 2712 1586 πρόσωπον
2741 1516 2940 1585 ήλαυνε
2993 1516 3107 1576 τοῖς
3139 1513 3447 1582 πολεμίοις·
3481 1516 3557 1576 ὠς
3603 1513 3768 1582 δῆθεν
3810 1513 3996 1575 αὐτοῖς

2423 1606 2668 1659 ἐπιοῦσιν
2720 1606 3053 1675 προσχωρεῖν)
3104 1605 3219 1672 ἅμα
3254 1607 3369 1667 τοῖς
3427 1605 3538 1673 (79)
3580 1606 3995 1672 συνεπομένοις,

2423 1697 2518 1749 καὶ
2565 1695 2719 1760 δόξας
2763 1696 2841 1764 τῷ
2886 1696 3165 1762 πλάσματι
3231 1695 3458 1757 πιθανὸς
3507 1695 3600 1746 καὶ
3635 1698 3703 1746 τὰ
3761 1695 3995 1746 ἐκείνων

2430 1787 2677 1855 στέργειν
2705 1786 3111 1855 ἐπομοσάμενος
3143 1785 3277 1853 (80),
3309 1785 3509 1852 ἀφείθη
3551 1786 3662 1853 (81)
3683 1802 3742 1837 τε
3776 1787 3870 1837 σὺν
3887 1787 3999 1847 τοῖς

2428 1878 2712 1947 ἑπομένοις
2737 1876 2831 1928 τοῦ
2881 1875 3133 1938 θανάτου,
3165 1875 3256 1926 καὶ
3293 1873 3400 1926 τῶν
3431 1875 3603 1927 ἄλλων
3639 1874 3853 1935 οὐδενὸς
3893 1873 3996 1942 τὴν

2428 1968 2628 2036 ζημίαν
2682 1967 2911 2033 ὑπέστη.
2991 1964 3427 2032 Καιροφυλακῶν
3490 1964 3548 2015 δὲ
3601 1963 3694 2014 τὸν
3735 1963 3998 2031 δρασμὸν,

2427 2057 2658 2126 ἐπείπερ
2708 2055 2855 2124 αύτῷ
2878 2054 2970 2106 τὸν
3027 2053 3396 2122 μελετώμενον
3441 2053 3632 2123 καιρὸν
3692 2053 4001 2121 ἐπιτήδειον

2428 2143 2604 2216 εὗρεν,
2634 2145 2824 2213 φεύγει
2851 2143 2989 2212 μετά
3019 2143 3128 2196 τῶν
3153 2144 3456 2210 ἑπομένων,
3479 2145 3558 2206 είς
3589 2145 3645 2196 δὲ
3671 2145 3769 2213 τὴν
3797 2143 3999 2196 πολλά-

2429 2255 2514 2300 κις
2543 2236 2936 2305 ὀνομασθεῖσαν
2985 2234 3178 2302 κώμην
3233 2235 3562 2303 Ἐπίσπαριν
3613 2234 3996 2302 παραγίνεται,

2428 2333 2523 2382 καὶ
2548 2329 2800 2398 λαμπρᾶς
2830 2327 2977 2397 παρά
3009 2327 3123 2395 (82)
3155 2325 3263 2378 τῶν
3285 2325 3640 2377 ἐνοικούντων
3675 2325 3773 2394 τῆς
3801 2326 3997 2378 ὑποδο-

2429 2421 2530 2490 χῆς
2559 2416 2736 2488 τυχὼν
2789 2417 3043 2487 (καὶγὰρ
3099 2411 3165 2485 ἦν
3212 2416 3318 2468 τῶν
3370 2416 3470 2484 τῆς
3507 2416 3841 2478 ἀποστάσιας
3871 2418 4002 2486 ἐρα-

2431 2510 2570 2564 στῶν
2591 2511 2648 2562 τὸ
2671 2509 2868 2578 χωρίον
2884 2507 3290 2578 ἐργαστήριον),
3315 2507 3454 2559 ὥστε
3477 2509 3571 2558 καὶ
3587 2505 3870 2576 λαμπάδας
3889 2507 4004 2575 (83)

2429 2601 2577 2671 αύτῷ
2618 2601 2758 2652 κατὰ
2785 2600 2882 2670 τὴν
2923 2599 3124 2652 εἴσοδον
3161 2601 3289 2668 παρ’
3321 2599 3470 2668 αύτῷ
3523 2600 4002 2666 προσανάπτεσθαι

2431 2694 2523 2747 καὶ
2549 2693 2648 2762 τὴν
2677 2691 2842 2759 ἀλλην
2873 2693 3054 2744 πᾶσαν
3085 2690 3382 2759 θεραπείαν
3409 2690 3504 2742 καὶ
3523 2689 3708 2761 τιμὴν,
3745 2693 3844 2758 ὅση
3869 2693 4005 2761 Χρι-

2431 2783 2556 2837 στοῦ
2589 2784 2856 2853 μαθηταῖς
2908 2781 3286 2852 ἐποφείλεταιο
3329 2774 3483 2845 οὗτος
3538 2782 3602 2850 δὴ
3639 2782 3782 2835 οὓτω
3817 2783 4007 2848 δεξίω-

2431 2875 2541 2936 θεὶς
2571 2874 2760 2943 χρόνον
2796 2872 2916 2924 τινὰ
2958 2873 3186 2925 διετέλει
3234 2872 3450 2926 πλανῶν
3484 2890 3543 2926 τε
3579 2876 3674 2925 καὶ⁵
3706 2873 4004 2943 πλανώμε-

2430 2982 2543 3027 νος,
2612 2963 2872 3026 καὶτοὺς
2923 2963 3276 3032 πειθομένους
3313 2964 3394 3025 είς
3443 2964 3506 3014 τὸ
3577 2965 3676 3036 τῆς
3727 2965 4006 3026 ἀπωλείας

2432 3055 2752 3124 κατασύρων
2813 3054 3104 3124 βάραθρον.
3170 3053 3333 3122 Ἀνὴρ
3400 3053 3456 3105 δέ
3515 3070 3599 3113 τις
3651 3055 4003 3124 Κρικοράχης

2430 3147 2568 3216 ἔχων
2598 3147 2907 3214 ἐπώνυμον,
2926 3148 3037 3208 τοῖς
3059 3145 3114 3196 δέ
3141 3145 3317 3196 τέλεσι
3337 3144 3444 3196 τῶν
3472 3145 3781 3214 ἐπιχωρίων
3799 3145 4005 3214 ἀρχόν-

2427 3252 2534 3286 των
2556 3235 2667 3302 (84)
2693 3233 3095 3303 ἐξεταζόμενος,
3121 3232 3376 3298 θεοσεϐὴς
3396 3235 3493 3302 μὲν
3514 3233 3572 3285 τὸ
3591 3234 3788 3302 δόγμα,
3811 3236 4004 3287 εὐστα-

2432 3325 2527 3396 θὴς
2562 3326 2617 3377 δέ
2642 3326 2703 3378 τδ
2731 3321 2883 3394 ἦθος,
2917 3325 3008 3377 τόν
3039 3341 3099 3376 τε
3140 3324 3300 3393 ζῆλον
3339 3324 3688 3390 άξιάγαστος,
3738 3326 3832 3377 καὶ
3877 3325 4005 3388 τοὺς

2429 3415 2738 3481 θεοστυγεῖς
2768 3415 3190 3484 μυσαττόμενος,
3232 3413 3418 3484 μαθὼν
3439 3414 3528 3466 τὸν
3560 3414 3759 3467 πλάνον
3787 3417 3995 3484 ἐπιχωο

2434 3507 2720 3574 ριάσαντα,
2763 3507 2858 3558 καὶ
2898 3505 2997 3574 τὴν
3055 3505 3391 3558 ἀποστασίαν
3424 3507 3504 3558 ἔτι
3544 3506 3746 3574 μᾶλλον
3773 3507 3852 3568 είς
3892 3508 4009 3560 ἐπί-

2430 3598 2575 3650 δοσιν
2605 3596 3045 3665 χωροῦσαν(85).
3064 3599 3222 3664 χεῖρα
3253 3595 3429 3647 λαόὼν
3458 3598 3874 3666 στρατιωτικὴν,
3905 3616 4007 3651 κα-

2431 3687 2766 3757 ταλαμόάνει
2815 3688 2904 3738 τὸν
2952 3689 3135 3748 τόπον,
3184 3687 3242 3739 ἐν
3300 3680 3344 3753 ᾧ
3399 3687 3464 3738 τὰ
3521 3688 3619 3757 τῆς
3665 3689 4005 3753 ἀποστασίας

2429 3780 2660 3831 ἐτελεῖτο
2706 3781 3004 3848 μυστήρια·
3059 3779 3150 3829 καὶ
3193 3777 3615 3846 κυκλωσάμενος
3645 3779 3743 3849 τὴν
3795 3781 4003 3845 οίκίαν,

2431 3871 2592 3922 αὑτὸν
2619 3871 2716 3938 μὲν
2732 3871 2821 3921 τὸν
2845 3871 2941 3936 τῆς
2961 3867 3278 3929 δυσσεϐείας
3302 3868 3551 3936 ἔξαρχον,
3570 3864 3656 3920 οἷα
3675 3871 3738 3936 δὴ
3764 3871 4003 3938 συμῦαί-

2431 3960 2657 4030 νει(86),
2684 3963 2856 4013 ἄλλων
2878 3961 3011 4028 πρὸς
3035 3959 3169 4013 ἄλλα
3188 3960 3563 4030 τρεπομένων,
3591 3963 3646 4012 ἐν
3671 3965 3791 4024 ταῖς
3822 3965 4006 4030 αἰφνι-

1859 4165 2094 4220 γΑιιιΑε
2134 4165 2516 4222 LECTIONES
2555 4167 2640 4220 ET
2679 4166 2906 4224 NOTAE.

838 4315 951 4385 (77)
994 4318 1149 4370 Ἀντί
1171 4319 1466 4387 ποιμένος.
1500 4323 1576 4376 Ita
1605 4334 1747 4377 recte
1780 4324 2142 4378 Coislinianus
2173 4321 2322 4378 :No-

767 4388 1282 4460 stepgnullo‘sensu
1349 4393 1814 4460 ἀντιποιούμενος.
1867 4393 2057 4447 Petrus
2084 4395 2319 4454 Siculus,

769 4455 944 4531 p.52,
971 4457 1170 4531 clarius
1200 4468 1255 4510 ut
1283 4461 1436 4522 solet,
1468 4455 1702 4514 mentem
1741 4466 1963 4531 exponit
1984 4463 2069 4515 his
2097 4463 2278 4516 verbis
2305 4479 2317 4514 :

2428 4323 2684 4376 mendose
2726 4324 2888 4377 habet
2915 4323 3004 4375 τὸν
3037 4323 3285 4386 Θάνατον,
3317 4339 3414 4393 pro
3442 4323 3537 4376 τοῦ
3563 4323 3814 4384 θανάτου,
3842 4338 4004 4390 quem

2428 4407 2613 4446 casum
2637 4393 2860 4445 verbum
2883 4393 3130 4460 requirit.

2500 4463 2613 4528 (82)
2647 4461 2828 4530 Παρά,
2864 4459 3007 4532 recte
3037 4478 3133 4532 pro
3155 4461 3466 4532 nepl,quod
3495 4462 3546 4513 in
3579 4459 3779 4512 Nostro
3803 4471 4001 4532 exstat.

767 4523 1193 4600 ΔιὸΑὼνειδίσθη
1321 4531 1590 4600 Ζαχαρίας
1622 4531 1773 4600 παρὰ
1813 4523 1936 4584 ’τῶν
2002 4531 2203 4597 ἄλλων,
2255 4531 2330 4594 ὡς
2360 4531 2412 4590 Ι)

2360 4531 2412 4590 1)
2505 4523 2616 4597 (85)
2657 4523 3005 4596 Λαμπάδος.
3039 4523 3274 4600 'lllustre
3318 4523 3422 4583 hoc
3469 4540 3585 4583 erat
3640 4539 3694 4582 et
3733 4529 3914 4597 gaudii
3949 4540 4005 4586 et

770 4594 1058 4669 [.Ltqggrtbj,
1087 4598 1181 4647 καὶ
1209 4598 1307 4669 οὐκ
1336 4594 1667 4669 ὤν’ποιμήν.

840 4662 951 4739 (7_8_)
977 4667 1378 4739 flarovprlar.
1432 4668 1507 4721 Ita
1539 4662 1656 4739 tego
1685 4683 1808 4722 cum
1840 4667 2054 4727 Nostro,
2090 4683 2185 4735 pro
2223 4684 2330 4738 quo

765 4730 1128 4807 Coislinianus
1154 4730 1477 4807 πανουργία
1518 4740 1570 4792 in
1591 4730 1777 4792 vdandi
1832 4754 1982 4791 casu.
2025 4730 2159 4792 Ctim
2202 4730 2331 4792 vero

771 4802 1108 4869 πανουργίαν
1138 4802 1363 4876 ῥάπτειν
1397 4802 1556 4876 αιίιυε
1599 4810 1738 4862 bene
1769 4808 1872 4862 dici
1928 4810 2101 4876 possit
2128 4823 2192 4861 ac
2233 4809 2331 4875 ρἀ

767 4887 923 4953 πτειν
960 4875 1228 4941 μηχανήν,
1271 4877 1345 4953 nil
1380 4875 1532 4953 video
1557 4894 1757 4941 causae,
1802 4894 1900 4931 cur
1927 4875 2042 4953 non
2077 4877 2330 4930 eumdem

769 4947 1023 5015 utrinque
1046 4957 1231 5015 casum
1257 4947 1626 5011 admittamus,
1660 4958 1716 5001 ut
1751 4957 1980 5013 taceam,
2032 4949 2329 5015 incongrue

767 5009 871 5088 dici
905 5013 1221 5090 gravatam};
1263 5017 1486 5090 ῥάπτειν
1522 5009 1789 5086 μηχανήν,
1841 5009 1993 5086 atque
2021 5032 2085 5071 ac
2132 5009 2330 5070 La'tine

768 5079 852 5131 vix
887 5079 1106 5143 dixeris,
1143 5079 1327 5149 fraude
1363 5087 1504 5139 dolos
1522 5079 1746 5141 'néc'tere'.

839 5149 948 5228 (79)
976 5150 1118 5217 Ἅμα
1139 5153 1279 5228 ζοξς.
1309 5155 1382 5208 lla
1404 5173 1527 5208 cum
1553 5157 1742 5210 Nostro
1761 5172 1856 5226 pro
1880 5157 1994 5227 ἆμα
2009 5157 2135 5212 τῶν.
2160 5157 2329 5212 Dandi

769 5221 1108 5292 enimrcasus
1142 5221 1265 5275 huic
1297 5228 1572 5292 particulae
1600 5221 1872 5280 convenit.

815 5287 952 5368 ,(80)
1011 5287 1506 5370 ’βπομοσᾷμενοᾳ
1541 5298 1631 5370 S_ic
1684 5296 1874 5370 lfloster
1921 5309 2097 5365 recte;
2160 5301 2330 5366 ἐπομ-

770 5363 915 5435 νύειν
948 5363 1090 5435 enim
1143 5363 1224 5415 vel
1270 5366 1639 5435 ἐπομνύεσθαι
1688 5363 2187 5435 frequentissimum
2243 5363 2328 5421 est

771 5428 913 5507 apud
962 5428 1195 5507 Graecos.
1231 5428 1625 5507 -Coislinianus
1679 5428 2093 5507 ύποξιοσάμενος
2150 5439 2328 5492 minus

772 5494 911 5579 bene
936 5515 948 5550 :
981 5497 1041 5579 το
1068 5500 1441 5579 ὑπομόσασοαι
1463 5507 1604 5559 enim
1631 5494 1952 5579 ex_genui_na
1987 5494 2328 5579 sua'notione

771 5563 951 5644 locum
982 5569 1069 5644 hic
1105 5563 1304 5644 habere
1330 5591 1437 5628 non
1471 5585 1664 5644 potest.
1701 5563 1835 5631 Vide
1863 5577 2084 5632 Suidam
2122 5588 2253 5631 tom.
2285 5577 2324 5640 Ι,

771 5638 1370 5715 νοςςάνθυπομόσαθαι
1407 5638 1738 5715 οι’ςοπηριιτα
1769 5647 1840 5700 ibi
1892 5659 2047 5700 notas
2087 5638 2324 5700 Kusteri.

845 5707 954 5786 (81)
1000 5708 1254 5776 Ἀφείθη.
1301 5712 1374 5765 Ita
1422 5707 1630 5786 Noster:
1671 5733 1767 5783 pro
1818 5733 1925 5786 quo
1965 5719 2327 5771 Coislinianus

772 5775 985 5846 ὀφέθη·
1035 5791 1319 5850 utrumque
1381 5797 1537 5838 rect".
1590 5775 1754 5840 Paulo
1814 5775 1933 5853 p'ost
1993 5805 2089 5842 ms.
2145 5798 2326 5843 noster

2433 4601 2611 4669 cultus
2641 4609 3034 4669 argumentum.
3075 4599 3224 4669 Lege!
3243 4600 3310 4653 de
3348 4601 3449 4653 hoc
3480 4615 3628 4669 more
3659 4599 3812 4668 plura
3857 4601 4004 4667 apud

2432 4667 2796 4737 Ciampinum,
2847 4678 2985 4739 part.
3046 4669 3087 4724 1.
3159 4667 3428 4722 ’γειενιιηι
3494 4667 4002 4732 Monumentorum,

2431 4752 2552 4792 can.
2581 4740 2664 4791 '22.

2499 4755 2778 4876 (’84:)zToic
2831 4806 2899 4860 δὲ
2940 4806 3138 4862 τέλεσι
3171 4807 3288 4861 τῶν
3322 4807 3650 4874 ἀρχόντων.
3688 4807 3765 4861 Ita
3808 4806 4005 4862 Noster

2431 4875 2544 4930 fere
2593 4878 2920 4947 pleonastice
2952 4895 2964 4928 :
3001 4894 3122 4930 nam
3167 4877 3488 4947 simpliciter
3525 4878 3682 4947 τέλος
3710 4877 3792 4947 (de
3827 4880 4004 4947 magi-

2431 4894 2544 4930 iere
2593 4894 2920 4947 pleonasuce
2952 4895 2964 4928 :
3001 4894 3122 4930 nam
3167 4894 3266 4931 sun
3312 4894 3488 4930 [letter
3525 4894 3682 4940 τεΑος
3725 4894 3792 4930 oe
3827 4894 3912 4928 ma
3952 4895 4004 4930 ι-

2429 4956 2601 4999 ειναιιι
2662 4947 2831 5015 accipi
2891 4947 3028 5000 solet
3083 4947 3224 5016 apud
3266 4894 3501 5001 graecos.
3537 4945 3629 5000 Sic
3672 4946 3721 5016 οί
3753 4947 3812 4998 ἐν
3856 4895 4005 4999 τέλει

2430 5017 2598 5080 ὄντες,
2631 5027 2737 5072 etc.
2773 5016 2976 5069 Confer
3020 5015 3176 5070 notas
3213 5017 3276 5070 ad
3334 5015 3642 5070 Philostrati
3683 5015 3832 5069 Vitas
3897 5015 4005 5068 So-

2432 5087 2752 5153 plnistarum,
2787 5103 2838 5154 p.
2872 5086 2994 5140 490.
3055 5087 3199 5140 Alias
3228 5101 3330 5138 vox
3363 5086 3514 5147 τέλος
3566 5085 3770 5138 nomini
3816 5085 4004 5139 addita

2430 5170 2550 5209 eam
2602 5172 2711 5209 rem
2771 5156 3086 5225 simpliciter
3136 5156 3413 5225 denotat,
3453 5171 3573 5223 qua:
3623 5155 3846 5208 nomine
3894 5154 4005 5225 isto

2431 5226 2771 5294 exprimitur.
2804 5224 2891 5280 lta’
2912 5224 3059 5286 τέλος
3090 5226 3329 5293 πολέμου
3369 5224 3508 5277 idem
3535 5235 3640 5286 est,
3665 5224 4006 5294 (μιθάῌπόλε-

2477 5292 2553 5355 ος.
2577 5295 2774 5349 Confer
2812 5294 2928 5348 Jac.
2961 5292 3420 5349 PerizoniiNotas
3448 5294 3516 5348 ad
3556 5294 3755 5348 ZEliani
3807 5292 4002 5347 Varias

2482 5367 2708 5424 istorias.
2744 5366 2832 5424 lll.
2867 5365 2955 5417 45.

2503 5435 2611 5500 (85)
2641 5437 2747 5488 Kal
2776 5436 2887 5501 τὴν
2921 5434 3303 5487 ἀποστασίαν
3328 5435 3378 5486 ἐ.
3400 5451 3463 5502 ιι.
3489 5450 3538 5486 ε.
3575 5433 3620 5485 ἑ.
3653 5431 3994 5500 χωροῦσαν.

2430 5502 2544 5558 Non
2585 5506 2828 5575 agnoscit
2853 5504 3061 5570 Noster,
3117 5504 3320 5558 librarii
3344 5503 3635 5575 oscitantis
3675 5503 3994 5575 culpa,_qui

2430 5591 2496 5628 ex
2551 5569 2683 5628 voce
2722 5569 3162 5644 ἐπιχωριάσαντα
3210 5575 3262 5626 in
3299 5573 3514 5626 allinem
3555 5587 3689 5627 sono
3715 5569 4000 5642 χωροῦσαν

2428 5660 2770 5715 praepropere
2794 5646 3044 5715 delapsus
3071 5644 3301 5715 videtur.

2499 5709 2607 5780 (86)
2647 5709 2985 5778 Σινμϐιιίνὲι.
3023 5713 3095 5768 Ita
3123 5711 3316 5769 Noster
3340 5722 3503 5779 recte,
3535 5728 3633 5784 pro
3682 5709 4001 5782 συμὸαίνειν

2429 5786 2769 5841 Coisliniani.
