4222 6432
235 426 301 487 61
1277 426 1574 486 CONTRA
1608 425 1902 487 MANICH

1808 425 2067 492 CII/EOS
2104 424 2338 486 LIBER
2382 424 2430 483 Ῑ.
3406 420 3475 484 62

234 536 368 600 δίοις
390 537 712 607 ἱπιδρομαϊς
745 556 803 591 τε
842 539 933 591 καὶ
960 538 1191 607 ἐφόδοις,
1216 540 1313 609 οὐχ
1336 536 1497 591 εἷλενσ
1523 539 1674 592 ἔλαθε
1698 540 1809 607 (87)
1843 548 1885 602 Α

1807 560 1809 587 ι
1843 548 1885 602 Α
1916 538 2353 607 insequentibus,
2398 541 2584 603 utpote
2614 531 2704 601 qui
2726 531 2793 585 ab
2821 530 2925 585 illis
2958 529 3273 599 longissimo
3299 533 3474 599 spatio

236 628 664 697 γάρδιαφυγών·
690 630 816 692 τοὺς
845 630 899 683 δὲ
922 631 1166 700 μαθητὰς
1197 633 1422 699 συνέσχε
1450 632 1542 683 τοῦ
1575 632 1800 691 πλάνου,

238 719 340 770 καὶ
366 719 463 787 τὴν
476 721 647 787 νομὴν
674 721 813 784 τέως
853 721 945 774 τοῦ
966 722 1284 791 τηλικούτου
1305 720 1475 773 κακοῦ
1500 721 1807 789 φερομένην

238 810 440 877 ἐπέσχε
470 813 562 862 κα).
587 812 946 881 ἀνεχαίτισεν.
980 813 1038 865 '0
1075 814 1131 865 δὲ
1181 813 1280 881 τῆς
1302 813 1632 873 ἀποστασίας
1655 806 1807 873 οὗτος

240 900 444 969 θερμὸς
461 901 775 966 διδάσκαλος
804 904 999 974 Ἰωσὴφ
1028 900 1115 973 (ἦν
1132 904 1188 957 δὲ
1208 902 1353 972 αὐτῷ
1369 905 1461 955 καὶ
1487 903 1514 953 ὁ
1531 900 1805 969 Ἐπαφρό-

240 993 386 1054 διτος
433 994 625 1063 ὄνομα)
665 993 941 1065 κραταιῶς
988 995 1234 1059 ἐλασθεὶς
1276 995 1398 1047 ὅθεν
1440 995 1653 1063 εἴρηται
1678 992 1811 1061 (88),

1909 628 2153 687 distaret,
2188 626 2384 678 mullos
2425 622 2719 675 incolarum
2750 621 2814 673 ad
2842 620 3151 689 pestiferam
3184 636 3335 674 suam
3386 636 3474 673 se-

1910 730 2049 773 ctam
2076 718 2298 771 abduxit
2326 756 2340 779 ,
2390 728 2745 783 magnamque
2776 713 2914 781 apud
2963 729 3055 767 eos
3088 714 3473 783 benignitatem

1911 819 2165 879 expertus
2189 818 2289 869 est,
2320 807 2409 876 qui
2439 816 2722 875 postquam
2753 806 2970 874 impiam
2998 805 3141 857 illam
3174 805 3472 858 doctrinam

1912 918 2009 973 per
2038 916 2209 955 annos
2239 899 2588 969 quadraginta
2617 898 2806 966 plenos
2833 897 3219 966 przedicaverat
3242 936 3256 958 ,
3306 897 3473 949 scele-

1909 1005 2049 1049 stam
2075 992 2569 1058 exsecrandamque
2598 990 2760 1042 vitam
2801 1005 2923 1042 cum
2966 999 3139 1042 morte
3170 997 3475 1043 commuta-

241 1082 343 1134 καὶ
399 1086 498 1153 τὴν
553 1086 730 1153 φυγὴν
788 1086 881 1139 ἐπὶ
944 1087 1184 1156 Φρυγίαν
1234 1087 1575 1152 ποιούμενος,
1639 1085 1813 1154 χρόνῳ

1807 1104 1813 1133 l
1908 1085 1985 1139 vit
2020 1085 2071 1136 in
2094 1084 2349 1137 suburbio
2375 1082 2646 1151 praedictae
2676 1081 2843 1143 urbis,
2884 1081 3026 1148 quod
3050 1078 3474 1149 Chortocopium

243 1170 473 1241 ὕστερον
504 1172 695 1243 βραχεῖ
710 1176 1121 1245 καταλαμϐάνει
1150 1175 1249 1244 τὴν
1271 1178 1328 1229 ὲν
1358 1175 1575 1244 manu;
1611 1174 1814 1227 Ἀντιό-
1910 1182 2163 1227 vocatur.

243 1276 422 1331 χειαν,
452 1258 565 1335 ἕνῇ
593 1267 955 1335 παροικήσας,
995 1267 1090 1319 καὶ
1130 1267 1310 1328 ἀδείας
1338 1266 1446 1317 τῶν
1489 1264 1791 1317 δακνόντων
1829 1263 2157 1330 λαϐόμενος,
2189 1264 2283 1316 άτε
2348 1262 2412 1332 δὴ
2455 1261 2659 1314 τούτων
2713 1261 2787 1323 ὼς
2837 1260 3174 1330 πορρωτέρω
3230 1258 3478 1321 διαστὰς,

245 1354 479 1418 πολλοὺς
508 1356 605 1425 μὲν
633 1357 740 1410 τῶν
768 1358 1077 1428 ιπιχωρίων
1106 1358 1207 1425 τῆς
1238 1357 1404 1411 αὑτοῦ
1428 1358 1607 1427 λύμης
1637 1356 1796 1426 ἔργον
1836 1356 2140 1420 ἀπέδειξεν,
2198 1355 2399 1424 πολλῆς
2432 1354 2489 1405 δὲ
2520 1355 2618 1423 τῆς
2676 1355 2807 1420 παρ’
2853 1354 3078 1405 ἐκείνων
3109 1352 3337 1414 ἠξίωται
3400 1351 3484 1403 δε-

246 1446 512 1511 ξιώσεωςο
538 1451 633 1502 καὶ
660 1452 761 1521 τὴν
804 1451 1060 1506 ἀσέϐειαν
1112 1452 1286 1505 ῑτεσιν
1332 1454 1474 1515 ὅλοις
1512 1453 1806 1522 τριάκοντα
1846 1451 2122 1522 κηρύξας,
2162 1452 2314 1519 μόλις
2358 1451 2489 1502 ποτὲ
2519 1450 2610 1502 τὸν
2656 1448 2939 1515 ἐξάγιστον
2995 1447 3091 1499 καὶ
3150 1444 3481 1513 ἐϐδελυγμέ-

246 1553 339 1589 νον
372 1537 625 1589 καταλύει
646 1537 781 1607 βίον,
816 1539 875 1590 ὲν
906 1540 1209 1609 προαστείῳ
1235 1541 1335 1610 τῆς
1356 1541 1650 1610 είρημὶνης
1703 1540 1910 1602 πόλεως
1972 1541 2034 1592 οὐ
2102 1542 2292 1611 πόρρω
2347 1539 2695 1608 διακειμένῳ,
2751 1539 2846 1590 καὶ
2880 1536 2978 1608 τὴν
3008 1538 3301 1607 ὀνομασίαν
3339 1539 3481 1603 Χορ-

246 1633 506 1686 τοκοπίον
536 1632 645 1699 (89)
674 1632 869 1701 ἔχοντι.

321 1724 409 1775 κ’.
436 1722 635 1776 Ἐτιδὲ
693 1723 787 1775 τοῦ
835 1722 1241 1793 τρισαλιτηρίου
1294 1723 1372 1794 τῷ
1400 1723 1501 1794 βίῳ
1541 1738 1807 1793 παροντος

1976 1721 2119 1775 XXI.
2146 1720 2280 1775 Cum
2320 1730 2500 1775 autem
2534 1728 2812 1790 superstes
2834 1721 3009 1776 adhuc
3046 1731 3228 1787 esset,
3271 1730 3328 1776 et
3382 1724 3482 1776 im—

252 1815 350 1866 κα).
385 1813 726 1881 ἀκμάζοντος
762 1813 860 1884 τὴν
894 1815 1169 1877 ἀσέϐειαν,
1200 1816 1296 1883 μία
1324 1832 1407 1879 τις
1429 1816 1536 1867 τῶν
1568 1815 1813 1885 συνήθων
1848 1800 1887 1855 Β
1917 1832 1919 1883 1

1809 1833 1813 1857 ι
1848 1800 1887 1855 Β
1917 1815 2116 1884 pietate
2138 1813 2368 1876 floreret,
2397 1816 2589 1868 mulier
2614 1816 2861 1883 quaedam
2890 1816 2989 1884 ipsi
3023 1815 3318 1880 familiaris,
3356 1833 3476 1886 quae

248 1903 403 1971 αὖτῷ
436 1904 587 1971 ἀνδρὶ
644 1903 732 1955 διὰ
769 1903 947 1972 γάμον
1000 1905 1346 1975 ήρμοσμένη,
1381 1905 1651 1973 ἐξυϐρίζει
1717 1906 1815 1974 μὲν

250 1998 355 2059 τὴν
405 1994 735 2063 ἀνύϐριστον
763 1996 970 2063 κοίτην,
1008 1996 1223 2059 ἔκδοτος
1248 1997 1303 2048 δὲ
1336 1997 1545 2064 γίνεται
1574 1998 1809 2067 μοιχείᾳ.

250 2086 361 2138 Τὸν
398 2086 454 2138 δὲ
503 2087 872 2155 διαρρήξαντα
930 2088 1039 2157 (90)
1090 2089 1217 2151 τοὺς
1267 2089 1583 2159 ἀλλοτρίους
1602 2090 1813 2157 γάμους

248 2179 349 2231 ενα
387 2181 485 2247 μὲν
519 2177 657 2233 εἷναι
713 2179 822 2231 τῶν
860 2180 1115 2249 μαθητῶν
1164 2198 1297 2248 φασι
1335 2180 1428 2233 τοῦ
1461 2182 1696 2233 πλάνου·
1753 2179 1813 2244 ἐξ

260 2270 533 2339 Ἐϐραίων
556 2271 612 2323 δὲ
642 2271 779 2340 πρὸς
812 2272 911 2342 τὴν
955 2271 1111 2325 ἄθεον
1140 2272 1436 2342 θρησκείαν
1467 2270 1812 2341 μεταϐληθῆ-

249 2376 363 2413 ναι,
402 2360 549 2429 Πλὴν
576 2362 638 2413 ἐκ
666 2361 922 2430 τοιαύτης
954 2362 1143 2414 ἀδίκου
1178 2379 1235 2413 τε
1276 2362 1373 2416 κα).
1412 2362 1812 2432 ὲϐδελυγμένης

257 2450 459 2517 μίξεως
504 2450 748 2504 τίκτεται
802 2455 867 2522 τῇ
922 2452 1191 2520 μοιχαλίδι
1226 2452 1289 2504 τὺ
1344 2452 1432 2505 ἐπ’
1492 2452 1811 2521 αίσχρότητι

251 2540 350 2591 καὶ
379 2540 632 2612 βδελυρίᾳ
669 2542 990 2610 περιϐόητον
1018 2543 1183 2611 ξάγος,
1218 2544 1245 2594 ὀ
1283 2543 1527 2613 ῥυπαρὸς
1557 2544 1650 2595 καὶ
1675 2542 1810 2595 ἀκά-

252 2632 453 2701 θαρτος
488 2634 718 2702 Βαάνης.
760 2629 925 2696 Οὗτος
962 2630 1055 2687 οὖν
1090 2635 1184 2704 τὴν
1215 2635 1461 2706 κορυφὴν
1491 2635 1597 2688 τῶν
1628 2635 1813 2687 κακῶν

252 2723 282 2773 ὸ
335 2723 609 2791 χείριστος
665 2724 966 2794 διαδέχεται
1005 2726 1114 2793 (9|)
1160 2725 1249 2777 τὸν
1288 2726 1578 2795 είρημένον
1648 2727 1813 2779 Ἐπα-

253 2816 504 2883 φρόδιτον
544 2818 571 2867 ὀ
602 2816 815 2884 Βαάνης
838 2832 852 2847 ·
886 2814 945 2878 ὃς
974 2817 1151 2869 πάντα
1185 2817 1282 2886 μὲν
1319 2818 1387 2870 τά
1428 2817 1535 2870 τῶν
1580 2818 1686 2887 πρὸ
1712 2819 1811 2871 αὑ-

254 2902 370 2964 τοῦ,
399 2896 480 2962 οἷς
515 2905 890 2969 συνεκροτεῖτο
928 2904 962 2973 ἡ
994 2904 1241 2968 ἀσέϐεια,
1272 2904 1538 2973 στέργων,
1568 2904 1814 2971 ἀκαθαρ-

257 2992 351 3059 σίᾳ
380 2990 437 3042 δὲ
469 2991 585 3059 βίου
615 2992 709 3043 καὶ
740 2992 1006 3059 σωμάτων
1055 2991 1265 3061 μίξεσιν
1288 2992 1547 3062 ἀρρήτοις
1569 2992 1663 3045 καὶ
1693 2994 1814 3053 ταῖς

1918 1908 2032 1961 viro
2060 1918 2223 1975 nupta
2255 1914 2390 1969 erat,
2433 1906 2802 1960 inviolabilem
2836 1907 3093 1959 connubii
3155 1917 3329 1961 torum
3387 1911 3478 1963 de-

1916 1997 2115 2067 spexit,
2147 2006 2199 2052 et
2227 1997 2571 2051 fornicationi
2603 2014 2661 2052 se
2700 1998 2923 2052 dedidit.
2946 2000 3109 2051 Aiunt
3140 2014 3301 2067 porro
3331 2016 3476 2066 eum,

1916 2088 2006 2155 qui
2032 2087 2235 2140 alienas
2260 2087 2476 2154 nuptias
2503 2088 2757 2149 violavit,
2811 2088 3115 2142 seductoris
3148 2091 3477 2159 discipulum

1914 2173 2102 2237 fuisse,
2131 2174 2222 2243 qui
2257 2190 2320 2227 ex
2363 2173 2599 2228 Hebraeis
2635 2176 2700 2229 ad
2745 2176 2961 2244 impiam
2989 2178 3130 2230 illam
3165 2180 3476 2248 religionem

1916 2264 2410 2333 trausmigraverat.
2443 2265 2521 2318 Ex
2573 2266 2791 2336 indigna
2821 2281 2981 2335 porro
3007 2276 3062 2321 et
3114 2268 3475 2324 abominanda

1918 2355 2225 2425 hujusmodi
2254 2358 2629 2411 commistione
2677 2358 2919 2413 adultera
2946 2360 3141 2413 mulier
3201 2360 3472 2417 famosum

1916 2446 2044 2499 illud
2068 2446 2545 2515 turpissimumqne
2584 2450 2760 2502 scelus
2787 2453 3027 2517 peperit,
3074 2454 3473 2507 exsecrandum

1914 2552 2109 2605 nempe
2144 2535 2396 2589 Baanem.
2432 2536 2528 2589 Hic
2552 2537 2711 2606 igitur
2739 2539 3101 2606 nequissimus
3129 2541 3337 2595 Baanes
3359 2559 3475 2597 me-

1914 2637 2185 2681 moratum
2233 2627 2654 2697 Epaphroditum
2692 2630 2928 2697 excipit,
2979 2632 3069 2701 qui
3098 2634 3279 2687 omnia
3326 2635 3476 2703 prius

1914 2718 2164 2771 stabilitze
2208 2717 2499 2787 impietatis
2548 2718 2795 2788 dogmata
2829 2720 3069 2775 retinens
3100 2762 3115 2787 ,
3162 2724 3477 2792 impuritate

1914 2822 2096 2867 autem
2132 2814 2253 2867 vita:
2282 2825 2335 2866 et
2363 2812 2611 2867 nefandis
2632 2829 2918 2883 corporum
2953 2818 3299 2872 mistionibus
3325 2820 3476 2873 aliis-

1914 2922 2019 2974 que
2048 2905 2342 2959 sceleribus
2369 2906 2796 2974 prazdecessores
2824 2923 2949 2961 suos
2965 2910 3237 2962 occultare
3254 2911 3479 2964 studens

1914 2994 2275 3064 perniciosam
2306 2994 2641 3063 disciplinam
2679 2997 3002 3065 sequacibus
3053 2998 3263 3052 tradere
3292 3015 3479 3068 perse-

254 3081 445 3141 άλλαις
487 3080 930 3153 ἀθεμιτουργίαις
974 3082 1099 3144 τοὺς
1134 3083 1444 3154 ἔμπροσθεν
1491 3080 1813 3149 φιλονεικῶν
1843 3131 1883 3154 η
1917 3103 1921 3111 ε

1811 3101 1813 3118 ι
1843 3131 1883 3154 η
1917 3083 2144 3137 vetavit.
2176 3083 2379 3137 Eodem
2409 3099 2569 3153 porro
2602 3094 2845 3154 tempore
2878 3087 3004 3140 huic
3053 3088 3370 3141 multiformi
3426 3100 3478 3142 et

260 3173 709 3241 ἀποκρύψασθαι,
754 3176 975 3228 διετέλει
1014 3177 1279 3229 διδάσκων
1307 3178 1430 3237 τοὺς
1462 3176 1814 3245 πειθομένους
1845 3173 1885 3188 ν
1920 3176 1927 3228 Ι

1810 3193 1814 3233 :
1845 3173 1885 3188 ν
1920 3176 2206 3229 horrenda:
2231 3176 2357 3230 ferae
2386 3177 2489 3229 alia
2515 3178 2705 3231 similis
2739 3179 3072 3242 adnascitur,
3104 3180 3355 3234 draconis
3387 3198 3477 3234 ve-

254 3268 357 3334 τὴν
393 3266 633 3335 ὀλέθριον
664 3267 916 3335 μάθησιν.
966 3268 1099 3320 Ὑπὸ
1130 3269 1185 3321 δὲ
1212 3268 1337 3330 τοὺς
1368 3268 1561 3331 αὐτοὺς
1592 3267 1816 3336 χρόνους

259 3355 653 3419 συναναῳύεται
696 3355 773 3424 τῷ
826 3357 1159 3426 πολυμόρφῳ
1216 3357 1392 3425 τούτῳ
1445 3358 1539 3409 κα).
1574 3354 1815 3425 βδελυρῷ

258 3445 435 3513 θηρίῳ
480 3446 664 3514 ἕτερόν
714 3463 766 3497 τι
804 3449 1186 3515 παραπλήσιον
1245 3447 1589 3517 δρακοντείου
1646 3446 1816 3514 γέμον

261 3536 364 3588 ἰοῦ.
394 3538 570 3605 Κώμη
604 3538 657 3591 δὲ
687 3534 753 3608 ἦν
788 3539 933 3608 αὑτῷ
966 3541 1219 3609 πατρὶςή
1266 3540 1412 3591 Ἀνία
1439 3539 1572 3604 (92),
1606 3541 1669 3607 τῇ
1706 3539 1815 3589 Τα-

258 3628 353 3695 ϐίᾳ
391 3629 763 3697 πλησιάζουσα
790 3630 963 3690 πόλει,
997 3633 1091 3683 κα).
1125 3632 1345 3700 Δρυΐνος
1393 3626 1461 3700 ἦν
1492 3630 1567 3699 τῷ
1593 3630 1815 3699 δειλαίῳ

258 3722 321 3771 τὸ
350 3720 538 3789 ὄνομα,
573 3726 671 3791 τῆς
713 3723 961 3791 κλήσεως
1011 3724 1451 3793 θριαμϐευούσης
1488 3726 1579 3775 τὸν
1617 3723 1819 3775 ίοϐόλον

261 3816 357 3867 καὶ
401 3815 724 3882 φθοροποιὸν
774 3816 899 3882 ὅφιν
926 3816 1037 3885 (95)
1083 3816 1455 3884 κρυπτόμενον
1508 3817 1565 3867 ὲν
1611 3815 1819 3881 ἀνθρω-

261 3906 403 3974 πίνῳ
432 3905 541 3974 (94)
599 3906 937 3974 σκηνώματι.
1002 3908 1186 3973 Τούτῳ
1232 3907 1309 3975 τῷ
1360 3907 1531 3977 θηρίῳ
1575 3908 1819 3960 τίκτεται

262 3998 412 4058 παῖς,
444 3996 501 4059 se
524 3996 723 4059 αὐτῶν,
746 3992 921 4065 οἶμαι,
943 3998 1048 4050 τῶν
1075 3998 1290 4051 ίοϐὀλων
1326 3998 1525 4067 μᾶλλον
1564 3999 1815 4068 σπερμά-

258 4104 369 4137 των
396 4087 489 4139 τοῦ
517 4089 824 4157 ἀρχεκάκου
854 4088 962 4157 (95)
1010 4090 1204 4156 ὄφεως,
1257 4090 1287 4158 ἢ
1321 4091 1385 4141 ὲκ
1410 4091 1500 4141 τοῦ
1536 4089 1817 4158 προσεχῶς

261 4175 462 4242 φύντος
507 4178 678 4230 ἕλκων
712 4178 808 4241 τάς
845 4179 1100 4247 ἀπαρχὰς
1130 4180 1229 4247 τῆς
1276 4180 1563 4245 γενέσεως.
1595 4179 1817 4231 Τίθεται

260 4265 308 4317 δ’
333 4261 428 4319 οὖν
462 4268 490 4319 δ
516 4269 697 4338 πατὴρ
747 4268 823 4337 τῷ
877 4269 1189 4338 γεννηθέντι
1225 4268 1417 4338 κλῆσιν
1442 4269 1537 4339 τὴν
1571 4268 1817 4340 Σέργιον,

1915 3280 2058 3319 neno
2100 3266 2274 3334 plena.
2318 3265 2453 3319 Huic
2494 3266 2663 3334 patria
2730 3276 2845 3319 erat
2894 3267 3056 3332 Ania,
3090 3269 3240 3323 vicus
3301 3269 3480 3322 Tabia:

1916 3354 2032 3408 urbi
2064 3355 2377 3423 proximus:
2433 3357 2769 3425 scelestoque
2810 3374 3005 3411 nomen
3056 3368 3172 3413 erat
3224 3360 3476 3430 Dryiuus,

1913 3446 2056 3513 quod
2096 3446 2416 3499 vocabulum
2446 3446 2747 3500 latitantem
2780 3448 2833 3500 in
2866 3450 3101 3503 humano
3132 3466 3360 3519 corpore
3393 3470 3476 3506 ve-

1919 3552 2183 3590 nenosum
2252 3538 2726 3607 perniciosumque
2808 3548 3113 3609 serpentem
3182 3542 3478 3597 indicabat.

1922 3629 2072 3683 Feras
2099 3629 2407 3697 huiusmodi
2434 3631 2673 3683 nascitur
2726 3630 2883 3693 ﬁlius,
2917 3647 2981 3685 ex
3020 3632 3169 3699 ipsis,
3206 3644 3263 3687 ut
3326 3645 3477 3703 puto,

1922 3721 2119 3774 veteris
2153 3722 2421 3790 serpentis
2450 3724 2734 3775 venenosis
2758 3724 3057 3777 seminibus
3085 3725 3265 3793 potius
3297 3736 3477 3779 ortum

1920 3813 2142 3876 ducens,
2184 3828 2344 3882 quam
2371 3829 2437 3867 ex
2468 3823 2689 3882 parente
2720 3832 2837 3869 suo.
2872 3815 3013 3869 Proli
3046 3832 3156 3870 sua:
3190 3828 3343 3886 pater
3376 3836 3479 3873 no-

1922 3918 2043 3955 men
2087 3903 2315 3970 imponit
2342 3902 2573 3972 Sergius,
2607 3906 2749 3972 quod
2780 3922 2869 3959 vas
2905 3922 3023 3960 esse
3057 3908 3221 3961 totius
3247 3910 3477 3963 diaboli-

1924 4010 1999 4049 ca:
2042 3995 2295 4063 nequitiae
2342 4010 2509 4063 capax
2563 3998 2845 4065 sequentia
2904 4000 3365 4055 demonstrarunt.
3427 4002 3478 4056 ls

1927 4094 2041 4138 erat
2080 4085 2145 4138 ad
2182 4085 2575 4153 pervadendam
2615 4096 2669 4139 et
2709 4089 3103 4155 praedicandam
3144 4091 3475 4161 impietatem

1924 4186 2103 4238 natus.
2124 4186 2369 4230 versatus
2397 4175 2449 4228 in
2471 4178 2809 4242 occultanda,
2838 4189 3075 4249 tempore
3096 4182 3168 4235 ita
3191 4184 3476 4247 suadente,

1923 4268 2189 4322 sententia
2223 4284 2340 4333 sua,
2408 4268 2474 4323 ad
2507 4267 2861 4323 simulandam
2899 4272 3151 4327 virtutem
3204 4275 3475 4345 composi-

1319 4397 1546 4452 VAlil/E
1592 4398 1971 4454 LECTIONES
2022 4398 2107 4452 ΕΤ
2151 4398 2379 4453 NOTAE.

334 4555 697 4623 (8Ἱ)Ἔλαθε.
723 4553 847 4610 Haec
871 4551 1045 4607 Nostri
1069 4552 1226 4623 lectio
1255 4562 1355 4611 est,
1381 4552 1545 4620 proba
1577 4552 1816 4615 omnino,
1853 4554 1896 4608 D
1924 4555 2064 4623 quod
2117 4570 2224 4607 non
2281 4553 2549 4607 illibenter
2592 4553 2743 4607 alteri
2792 4553 2876 4608 isti
2922 4556 3316 4614 substituerim.
3357 4560 3467 4615 Vox

261 4635 319 4679 et
362 4640 485 4677 cum
527 4626 689 4677 altera
737 4623 1050 4679 Coisliniani

263 4694 449 4747 tanda.
515 4694 605 4745 Sic
673 4693 1112 4749 Demosthenes:

259 4765 486 4831 δράντες
506 4776 519 4789 ·
548 4763 683 4814 clam
712 4766 852 4817 nobis
884 4766 1145 4833 fugerunt.

339 4834 448 4901 (88)
478 4833 775 4898 Κραταιὼς
796 4828 1027 4894 ἐλαθεὶς
1058 4829 1194 4901 ὅθεν
1215 4828 1689 4901 slpntqtrNoster
1724 4846 1819 4899 pro

263 4899 497 4961 ἐλαθεὶς,
533 4904 650 4970 (vel
708 4903 954 4964 ἐλασθεὶς
979 4916 1046 4954 ex
1107 4899 1312 4950 ἐλαύνω
1340 4904 1356 4966 )
1388 4899 1516 4970 legit
1544 4902 1815 4969 ἐρασθείς,

267 4971 401 5025 forte
432 4969 548 5025 non
575 4988 759 5038 parum
810 4972 1021 5028 melius.
1049 4984 1114 5021 eo
1156 4984 1340 5027 sensu.
1380 4969 1520 5037 quod
1550 4970 1817 5038 Josephus

267 5043 375 5099 ille.
433 5043 523 5108 qui
571 5050 625 5094 et
674 5040 1069 5109 Epaphroditus
1102 5040 1275 5109 dictus
1331 5039 1421 5097 sit.
1476 5040 1627 5092 valde
1657 5041 1817 5093 fuerit

264 5107 477 5162 amatus
502 5127 529 5163 a
587 5107 733 5173 suis;
761 5107 999 5177 adeoque
1044 5123 1181 5177 aegre
1213 5107 1486 5166 dimissus.
1539 5118 1593 5161 et
1626 5109 1750 5162 hinc
1786 5126 1813 5164 a

265 5179 637 5233 Pisidensibus
674 5181 847 5233 amice
898 5188 1176 5246 exceptus.
1216 5178 1396 5230 Lectio
1431 5180 1527 5231 ista
1565 5187 1617 5231 et
1646 5179 1814 5232 inter-

266 5250 498 5315 pretatio
523 5249 873 5303 confirmatur
906 5249 1257 5315 sequentibus
1298 5248 1473 5301 verbis
1512 5247 1631 5299 ὅθεν
1662 5250 1814 5317 εἴρη-

264 5333 376 5380 ται,
413 5319 446 5369 i.
478 5335 528 5371 e.
556 5321 690 5371 unde
717 5319 1008 5385 appellatus
1031 5328 1124 5376 est,
1159 5318 1361 5370 scilicet
1395 5317 1811 5385 Epaphroditus,

264 5388 406 5454 quod
448 5404 643 5441 nomen
696 5389 967 5441 hominem
1015 5397 1301 5439 venustum
1329 5397 1487 5454 atque
1532 5390 1812 5443 amabilem

266 5458 450 5509 infert.
480 5459 550 5511 Ita
589 5458 766 5511 omnia
799 5458 1000 5523 optime
1054 5458 1152 5508 sibi
1185 5466 1455 5517 constant,
1493 5472 1593 5509 nec
1621 5458 1704 5511 hic
1755 5460 1813 5511 τὸ

264 5524 387 5575 ὅθεν
417 5529 629 5597 εἴρηται
658 5530 790 5580 verti
818 5528 995 5590 debet,
1026 5527 1167 5595 quod
1206 5527 1285 5579 vis
1324 5541 1512 5580 vocum
1539 5542 1643 5580 non
1676 5532 1813 5595 pati-

266 5602 373 5654 tur,
412 5611 509 5663 per
539 5608 593 5649 ut
616 5598 809 5649 dictum
826 5606 915 5652 est.

338 5666 448 5730 (89)
481 5670 899 5737 Χορτοκοπίον.
933 5666 1119 5719 Petrus
1142 5666 1376 5737 Siculus,
1404 5681 1459 5734 p.
1494 5666 1581 5719 ΒΞ.
1609 5668 1812 5737 Χορτο-

266 5738 505 5800 κοπεῐον,
536 5736 678 5804 quod
710 5737 782 5789 illi
815 5746 943 5803 puto
968 5736 1382 5804 praeferendum.

338 5805 446 5868 (90)
513 5806 935 5874 Διαρῤήξαντα.
1003 5805 1196 5859 Noster
1267 5805 1391 5873 legit

1104 4622 1267 4690 ήλασε
1318 4624 1540 4674 omnino
1601 4637 1820 4688 permu-

1180 4690 1409 4742 Ἕλαοον
1475 4693 1619 4759 ἡμᾶς
1681 4693 1817 4743 ἁπο-

1470 5806 1807 5874 διορύξαντα,

1922 4628 2065 4681 enim
2106 4624 2223 4677 haec
2241 4624 2306 4676 de
2341 4624 2501 4675 rebus
2534 4624 2753 4676 minime
2785 4625 3071 4690 violandis,
3125 4630 3211 4679 ubi
3260 4631 3468 4686 violatae

1918 4704 2064 4752 sunt.
2088 4710 2137 4766 v_
2169 4693 2491 4766 φορμία-ξε
2517 4693 2757 4766 usurpari
2785 4695 2937 4755 solct,
2966 4707 3021 4747 ut
3052 4698 3272 4763 proinde
3297 4701 3465 4766 aptis-

1919 4766 2052 4819 sime
2076 4762 2140 4815 ad
2182 4762 2683 4835 violat:is_conjugii
2722 4762 3088 4835 sanctissimas
3115 4767 3258 4835 leges
3291 4762 3467 4823 trans-

1916 4835 2040 4887 ferri
2066 4840 2245 4900 queat.
2293 4828 2467 4900 Facile
2506 4828 2683 4900 aute’m
2728 4830 2839 4883 fieri
2886 4837 3080 4900 potuit,
3120 4828 3191 4887 ut'
3219 4838 3467 4892 librarius

1915 4899 2278 4973 διαρῤἠξαντα
2300 4914 2420 4952 cum
2449 4899 2765 4968 διορύξαντα
2812 4899 2935 4971 τῷη
2953 4918 3047 4970 per
3084 4922 3098 4955 ι
3124 4910 3465 4971 pronuntiato

1915 4975 2193 5026 scriberet.

1987 5044 2094 5110 (9i)
2134 5037 2483 5111 Aradézstai.
2513 5038 2631 5111 Non
2665 5041 2828 5095 habet
2867 5038 3079 5103 Noster,
3112 5042 3229 5095 sine
3258 5058 3364 5111 quo
3393 5054 3469 5097 la-

1916 5109 2034 5165 men
2060 5124 2247 5163 sensus
2273 5126 2378 5161 non
2407 5109 2636 5163 elicitur.

1985 5179 2333 5253 (92)]1arpiq
2362 5180 2633 5253 ﬁb’Aria.
2681 5179 2887 5253 Noster,
2940 5180 3129 5253 ordine
3169 5191 3393 5253 mutato,
3427 5186 3458 5253 ἡ

1926 5247 2085 5304 Ἀνία
2136 5249 2350 5316 πατρίς.
2417 5250 2623 5301 Ἀννίαν
2677 5249 2908 5318 appellat
2951 5247 3144 5303 Petrus
3222 5247 3455 5317 Siculus,

1914 5336 2093 5457 piii?)
2135 5390 2322 5455 Ὄφιν.
2366 5386 2588 5457 Δρυῖνὸς
2638 5390 2782 5442 enim
2825 5406 2930 5443 non
2988 5390 3159 5442 solum
3206 5406 3459 5457 quernum

1914 5459 2154 5519 denotat,
2185 5460 2275 5512 sed
2304 5466 2694 5511 etvenenatum
2718 5476 2885 5525 genus
2908 5468 3215 5526 serpentum
3240 5476 3266 5509 a
3294 5475 3456 5526 quer-

1912 5530 2083 5582 cubus
2111 5531 2428 5598 appellatum
2486 5526 2668 5590 infert,
2715 5537 2849 5584 teste
2893 5528 3211 5592 Dioscorid.,
3238 5529 3332 5581 lib.
3364 5545 3453 5591 vn,

1914 5614 1962 5651 c.
2001 5599 2083 5651 12.

1984 5666 2095 5737 (94)
2133 5667 2523 5737 Ἀνθρωπίνῳ.
2556 5666 2751 5737 Noster
2775 5667 3119 5737 ἀνθρωπείῳ.

1983 5735 2090 5800 (95)
2116 5806 2123 5808 ξ
2147 5734 2520 5804 Ἀρχεκάιιου.
2559 5734 2633 5790 lta
2664 5750 2785 5791 cum
2831 5734 3021 5791 Nostro
3066 5734 3162 5807 pro
3194 5736 3458 5808 ἀρχαῖκά-

1912 5825 2004 5859 κου
2035 5806 2364 5860 Coisliniuui.
