4222 6432
741 380 810 442 63
1871 386 2068 446 PUOT
2081 386 2134 444 ll
2174 387 2390 446 PATIU

2421 385 2679 446 \RCH/E
2719 385 2828 445 (ΣΡ.
3927 380 4003 445 64

3663 493 3686 506 ~

743 512 830 555 tus
857 517 871 561 ;
898 507 1089 553 acutus
1118 498 1182 553 ad
1223 499 1376 554 dolos
1407 499 1700 554 struendos
1722 542 1736 565 ,
1783 511 1838 556 et
1865 501 1928 555 ad
1963 503 2317 571 pelliciendas
2346 509 2390 563 Α

2422 502 2616 566 σκεῦος
2662 502 2890 572 ὕστερον
2940 497 3331 568 ἀναδειχθέντα
3365 495 3545 549 πᾶσαν
3595 493 3688 548 τού
3747 492 4002 548 διαϐόλου

739 594 794 646 in
829 591 1124 660 perniciem
1172 593 1413 652 animas:
1445 603 1611 662 alque
1664 601 1722 647 ut
1755 593 2080 662 compendio
2115 595 2313 658 dicam,

739 683 980 737 omnium
1013 685 1104 751 qui
1134 695 1258 737 ante
1282 701 1339 738 se
1376 685 1669 738 defectioni
1703 701 1902 738 nomen
1931 687 2222 751 dederunt,
2249 686 2316 740 ad

740 777 970 841 quodvis
1001 779 1317 834 technarum
1358 793 1528 848 genus
1561 778 1961 846 paratissimus,
1993 788 2050 833 et
2082 781 2149 834 ad
2189 797 2317 848 per-

745 871 1044 922 iadcndum
1077 872 1407 937 aptissimus.
1441 871 1535 926 llic
1577 874 1758 941 itaque
1791 873 2112 928 maledictus
2154 874 2317 927 homo

741 977 862 1011 cum
898 961 999 1011 alia
1036 961 1200 1014 n'uilta
1234 963 1475 1031 deceptis
1527 963 1850 1031 sequacibus
1880 963 2121 1026 tradidit,
2179 973 2314 1028 tum,

741 1053 865 1118 quid
892 1055 1030 1102 circa
1066 1066 1122 1103 se
1156 1053 1329 1119 ipsum
1382 1053 1726 1104 sentiendum
1759 1062 1922 1115 esset,
1960 1053 2219 1120 paulatim
2253 1055 2319 1106 de

743 1160 796 1193 sc
830 1142 1046 1194 sublimi
1084 1142 1241 1193 modo
1289 1158 1615 1210 proponens,
1651 1151 1704 1195 et
1734 1143 1798 1194 ad
1838 1142 2172 1196 credendum
2234 1145 2318 1195 in-

742 1237 968 1297 ducens,
1003 1251 1106 1287 non
1157 1236 1445 1299 dubitavit,
1488 1252 1587 1289 nec
1642 1236 1955 1289 inhorruit:
2009 1253 2042 1290 υ
2075 1237 2315 1306 linguam

742 1338 796 1380 ct
831 1330 1066 1379 animam
1108 1336 1161 1379 ct
1231 1337 1469 1380 mentem
1502 1338 1556 1380 et
1601 1345 1694 1380 ora
1745 1327 1837 1381 Dei
1896 1330 2146 1382 inimieal
2178 1340 2231 1383 et
2257 1345 2315 1382 se

745 1419 916 1486 ipsum
947 1428 1000 1471 et
1032 1420 1149 1472 illos
1186 1434 1376 1471 vocare
1406 1419 1665 1486 Spiritum
1695 1431 1964 1473 sanctum.
2004 1421 2128 1474 llaec
2158 1436 2317 1488 porro

743 1528 962 1581 tradidit
992 1529 1192 1597 impius
1224 1529 1331 1589 ille,
1365 1539 1423 1581 ut
1449 1530 1586 1580 clam
1630 1539 1684 1582 et
1715 1530 1939 1599 mystice
1995 1531 2074 1586 sic
2125 1533 2316 1601 loque-

745 1628 952 1680 rentur,
980 1629 1032 1672 et
1061 1621 1368 1681 crederent,
1404 1620 1587 1672 talium
1632 1625 2016 1692 mysteriorum
2062 1635 2316 1679 externos

745 1709 1018 1760 auditores
1045 1709 1292 1778 indignos
1327 1727 1446 1764 esse
1469 1713 1741 1779 jactitans.
1776 1714 1850 1765 llli
1877 1725 2057 1767 autem
2108 1704 2316 1769 ‘miser-

745 1800 864 1851 rimi
889 1809 941 1852 et
967 1801 1084 1868 ejus
1110 1803 1433 1869 tnystagogia
1466 1819 1650 1856 revera
1684 1805 1827 1874 digni
1854 1815 2058 1860 tantam
2092 1809 2316 1864 sceleris

743 1893 1079 1944 atrocitatem
1107 1907 1282 1960 neque
1306 1895 1651 1961 respuebant,
1675 1911 1852 1965 neque
1878 1897 2311 1964 detestabantur;

743 2005 835 2053 sed
865 2003 1199 2069 recipiebant
1229 2019 1370 2066 eam,
1417 2005 1515 2056 etsi
1554 2007 1698 2058 nulla
1738 2008 1911 2076 major
1947 2025 2185 2078 unquam
2214 2012 2317 2065 im-

743 2093 917 2160 pietas
967 2093 1150 2155 fuerit,
1209 2095 1428 2163 suisque
1475 2098 1696 2150 calamis
1725 2108 1779 2151 et
1835 2100 2108 2170 suffragiis
2168 2104 2315 2157 illam

744 2187 1159 2239 confirmabant.
1198 2186 1286 2241 Sic
1311 2188 1568 2240 miserum
1601 2190 1729 2243 illud
1757 2192 1954 2244 animal
1986 2195 2165 2258 homo,
2192 2212 2316 2248 cum

744 2293 772 2329 a
809 2278 1063 2331 Creatore
1092 2295 1190 2332 suo
1232 2282 1536 2341 recesserit,
1568 2291 1622 2335 et
1650 2283 1716 2336 ab
1743 2286 1860 2353 ejus
1897 2286 2234 2353 providentia
2260 2304 2318 2343 se

745 2374 1184 2438 sequestraverit,
1232 2375 1411 2426 statim
1445 2376 1619 2443 praada
1675 2377 1893 2446 maligni
1928 2380 2149 2446 Spiritus
2206 2381 2320 2434 elli-

745 2464 906 2522 cilur.
939 2464 990 2516 in
1024 2481 1350 2535 omnemque
1380 2468 1676 2536 nequitiam
1708 2470 2058 2540 demet-gitur.
2097 2473 2165 2526 Se
2191 2473 2317 2526 item

746 2558 1114 2625 nequissimus
1139 2559 1224 2612 ille
1253 2561 1464 2613 stellam
1523 2563 2023 2629 splendidissimam
2077 2566 2316 2631 dicebat,

747 2661 801 2702 et
854 2652 1018 2703 multa
1074 2653 1174 2704 alia
1211 2692 1225 2713 ,
1268 2669 1387 2721 qua:
1456 2655 1636 2722 potius
1689 2656 1908 2710 silentio
1956 2659 2106 2727 tegi,
2157 2676 2318 2727 quam

745 2743 1007 2810 publicari
1095 2746 1313 2798 debent.
1406 2745 1687 2816 Improbus
1773 2766 1935 2815 porro
2025 2751 2113 2803 ille
2190 2753 2320 2804 Ser-

747 2835 906 2904 gius,
968 2837 1066 2888 etsi
1137 2837 1458 2905 impiissimo
1535 2849 1685 2908 patre
1768 2852 1929 2895 natus
1998 2853 2188 2905 esset,
2264 2855 2323 2898 ut

748 2927 1018 2990 dixiums,
1069 2944 1174 2980 non
1221 2945 1250 2981 a
1297 2941 1519 2998 parente
1570 2933 1841 3002 mysteriis
1893 2937 2178 3002 apostasire
2215 2937 2324 2990 ini-

749 3023 912 3071 t‘atus
939 3029 1054 3082 est;
1107 3022 1200 3073 sed
1244 3037 1367 3076 eum
1412 3024 1589 3079 adhuc
1635 3036 1833 3079 tenerie
1866 3039 2012 3080 esset
2045 3030 2253 3093 :etatis,
2291 3047 2319 3082 a

751 3112 976 3168 tiuliere
1032 3115 1300 3181 quadam,
1368 3132 1488 3184 quae
1545 3118 1845 3185 perniciosa
1902 3119 2319 3175 Manichaeorum

749 3205 998 3272 dogmata
1041 3208 1289 3259 tuebatur
1318 3219 1371 3261 et
1411 3210 1757 3277 prmdicabat,
1802 3211 2081 3275 initiatus,
2115 3224 2168 3266 et
2201 3215 2321 3268 diu-
2349 3193 2390 3248 C

749 3306 906 3350 turna
936 3300 1310 3367 mysteriorum
1341 3303 1661 3356 tractatione
1687 3303 1740 3357 iu
1767 3305 2042 3373 impietate
2069 3323 2324 3362 consum-

750 3400 964 3450 matus,
1021 3393 1338 3446 Antichristi
1395 3397 1716 3463 prodromus
1770 3398 2018 3452 efﬁcitur.
2056 3401 2156 3453 Par
2207 3411 2323 3457 erat

752 3483 928 3544 «inim,
991 3499 1084 3550 par
1113 3494 1230 3536 erat
1284 3487 1615 3541 detestanda:
1653 3489 1814 3555 hujus
1845 3500 1899 3543 et
1946 3491 2053 3544 Deo
2091 3493 2322 3548 inimica:

751 3574 1034 3640 apostasia:
1079 3576 1324 3631 doctores
1372 3588 1423 3631 et
1461 3595 1740 3648 prrecones
1768 3582 1903 3635 alios
1947 3586 2316 3650 Agarenorum

752 3666 955 3732 prolem
996 3682 1150 3732 esse,
1211 3670 1346 3722 alios
1387 3672 1667 3725 servitutis
1721 3675 2132 3728 contumeliosis
2178 3677 2322 3731 uotis

751 3757 984 3823 inustas,
1021 3760 1155 3814 alios
1192 3762 1580 3816 adulteriorum
1619 3774 1804 3833 partus
1826 3807 1838 3826 .
1870 3768 2006 3819 alios
2038 3769 2323 3823 muliebris

753 3847 976 3904 insania:
1007 3861 1059 3904 et
1091 3851 1308 3906 furiosze
1338 3853 1600 3907 doctrina:
1631 3856 1923 3924 discipulos
1953 3860 2318 3927 comprobari.

752 3938 1043 4002 Cancrum,
1085 3953 1143 3995 ut
1173 3943 1357 4010 paucis
1416 3945 1613 4003 dicam.
1661 3944 1883 4016 Sergius
1920 3951 2203 4014 apostasia:
2239 3952 2322 4005 di-

753 4031 1036 4098 sciplinam
1083 4033 1159 4085 sic
1184 4035 1427 4102 accipere
1464 4036 1672 4105 incipit.
1722 4038 1981 4092 Praedicta
2027 4039 2322 4096 Manichzea

754 4124 968 4186 mulier,
1011 4124 1101 4177 ubi
1158 4127 1390 4192 primum
1443 4143 1565 4180 cum
1610 4129 1700 4182 illo
1734 4131 1999 4200 colloquia
2055 4134 2317 4187 miscuit:

751 4219 879 4279 L‘ur,
906 4219 1099 4287 inquit,
1122 4219 1299 4274 divina
1324 4237 1428 4274 non
1451 4224 1582 4292 legis
1604 4223 1887 4294 Evangelia
1907 4226 1929 4277 ?
1949 4226 2037 4279 llle
2060 4243 2210 4289 vero,
2230 4229 2322 4296 qui

754 4309 993 4362 nondum
1012 4312 1295 4377 apostasiae
1323 4313 1469 4366 virus
1496 4315 1546 4366 in
1580 4316 1891 4383 praecordiis
1917 4329 2022 4370 tam
2057 4319 2322 4386 profunde

756 4401 988 4467 positum
1012 4402 1259 4464 habebat,
1282 4420 1387 4455 non
1418 4405 1576 4458 licere
1619 4406 1791 4474 inquit
1830 4409 1901 4471 ei,
1943 4409 2031 4476 qui
2059 4409 2320 4462 laieorum

2423 595 2521 664 τὴν
2546 593 2749 647 κακίαν
2771 594 3015 663 χωρῆσαι
3046 591 3347 659 δυνάμενον
3362 604 3382 623 -·
3431 585 3662 639 πιθανὸν
3692 587 3790 655 μὲν
3821 587 4000 656 κηρύ-

2421 685 2508 750 ξαι
2538 685 2634 754 τὴν
2664 684 2944 748 ἀσέϐειαν,
2980 684 3312 753 δραστήριον
3355 679 3412 731 δὲ
3457 678 3651 747 καιροῦ
3683 676 4002 740 κελεύοντος

2419 774 2623 844 κρύψαι
2658 774 2718 826 τὸ
2760 775 3035 844 φρόνημα,
3063 774 3156 825 καὶ
3183 771 3356 824 δεινὸν
3390 769 3490 840 μὲν
3512 771 3612 839 τὴν
3631 771 3832 840 ἀρετὴν
3864 786 4000 838 σχη-

2421 865 2771 935 ματίσασθαι,
2804 866 2928 930 ὀξὺν
2959 865 3016 917 δὲ
3051 865 3236 925 δόλους
3256 862 3427 933 ῥάψαι
3454 861 3552 914 καὶ
3583 861 3762 929 ψυχὰς
3786 861 3999 929 ἀνθρώ.

2418 975 2535 1010 πων
2567 955 2895 1008 συνελκύσαι
2918 957 3051 1026 πρὸς
3081 954 3383 1017 ἀπώλειαν,
3401 954 3496 1004 καὶ
3523 951 3807 1019 συντόμως
3833 951 4000 1018 φάναι

2416 1052 2522 1102 τῶν
2585 1051 2642 1102 ἐν
2676 1052 2740 1118 τῇ
2765 1049 3074 1117 ἀποστασία
3109 1046 3331 1100 πώποτε
3375 1044 3681 1112 γεγονότων
3719 1044 3854 1112 πρὸς
3889 1043 3998 1096 πᾶ-

2421 1157 2516 1189 31v
2560 1140 3013 1208 δραματουργίαν
3054 1138 3359 1190 δεινότατόν
3386 1153 3446 1187 τε
3482 1137 3577 1188 καὶ
3617 1134 3996 1187 πιθανότατον.

2419 1226 2592 1292 Οὗτος
2631 1233 2658 1283 ὁ
2692 1232 2967 1300 ἐπάρατος
2999 1230 3139 1282 ἄλλα
3170 1246 3230 1281 τε
3278 1228 3372 1281 καὶ
3416 1225 3664 1294 ἐκοεσμα
3694 1225 3818 1286 τοὺς
3849 1227 3999 1292 ἡπα-

2418 1323 2691 1392 τημένους
2727 1321 3110 1391 μυσταγωγῶν
3141 1320 3237 1373 καὶ
3284 1319 3386 1388 τὴν
3440 1317 3572 1386 περὶ
3619 1316 3785 1368 αὐτοῦ
3815 1315 4000 1379 δόξαν,

2417 1414 2557 1465 κατὰ
2591 1412 2787 1482 μικρὸν
2817 1414 2898 1473 εἰς
2941 1410 3003 1462 τὸ
3029 1409 3371 1479 ἐξῃρημένον
3404 1407 3618 1468 τούτοις
3649 1407 3995 1476 παρατιθεὶς,

2418 1505 2512 1556 καὶ
2548 1502 2963 1556 καταπιστεύων
2983 1501 3093 1570 (96)
3124 1501 3243 1553 οὐδὲ
3272 1499 3645 1570 παράκλητον,
3678 1497 3799 1551 οὐδὲ
3828 1497 4004 1550 [Ινεῦ-

2427 1608 2503 1660 μα
2527 1591 2680 1657 ἆγιον
2716 1591 2781 1656 (ὣ
2801 1590 3054 1659 γλώσσης
3102 1590 3190 1641 καὶ
3217 1589 3396 1658 ψυχῆς
3425 1591 3521 1642 καὶ
3545 1588 3636 1640 νοῦ
3667 1588 3763 1640 καὶ
3794 1587 4002 1655 στομά-

2416 1701 2524 1735 των
2555 1683 2841 1752 Οεομάχων
2871 1684 2911 1748 l)
2953 1682 3140 1733 καλεῖν
3193 1682 3404 1740 ἑαυτὸν,
3453 1681 3743 1740 κάκείνους
3799 1680 4002 1747 ὀνομά-

2421 1773 2533 1836 ζειν
2579 1791 2638 1825 τε
2673 1774 2765 1824 καὶ
2797 1772 3040 1840 νομίζειν
3075 1772 3132 1823 ού
3174 1772 3273 1839 μὲν
3303 1765 3397 1823 οὖν
3430 1769 3555 1822 οὔτε
3588 1769 3817 1840 φρικτὸν
3840 1765 4003 1837 ἦγεν,

2351 1844 2389 1900 Β
2419 1865 2542 1917 οὔτε
2576 1863 2907 1917 ἀθεώτατον.
2958 1863 3250 1932 Παρεδίδου
3295 1863 3353 1914 δὲ
3399 1861 3572 1914 ταῦτα
3600 1860 3881 1930 μυστικῶς
3908 1861 4004 1911 καὶ

2419 1959 2636 2026 φρονεῖν
2688 1956 2783 2009 καὶ
2832 1953 3013 2021 λέγειν
3073 1954 3210 2023 πρὸς
3265 1954 3551 2023 ἀλλήλους,
3617 1953 3743 2014 τοὺς
3798 1951 4002 2015 ἔξωθεν

2419 2045 2694 2116 ἀκροατάς
2724 2045 2974 2109 ἀναξίους
3014 2040 3156 2097 εἶναι
3211 2045 3434 2112 τελετῆς
3481 2042 3740 2111 τοιαύτης
3767 2042 3878 2109 καὶ,
3896 2059 4001 2109 μυ-

2420 2139 2682 2207 στηρίων,
2713 2139 2742 2189 ὁ
2772 2136 3044 2205 θεομάχος
3098 2136 3498 2205 διατιθέμενος.
3553 2135 3660 2186 Καὶ
3708 2134 3823 2200 οἶγε
3852 2150 4007 2200 τρισο

2419 2231 2592 2285 α’)λιοι
2619 2234 2714 2282 καὶ
2751 2230 2851 2299 τῆς
2884 2228 3048 2281 αὑτοῦ
3070 2229 3184 2297 (97)
3251 2228 3641 2298 μυσταγωγίας
3669 2211 3745 2288 ὡς
3773 2225 3997 2293 ἀληθῶς

2421 2322 2561 2383 ἄξιοι
2601 2322 2699 2388 τὴν
2743 2319 3126 2389 namque;
3170 2319 3263 2370 τοῦ
3302 2318 3471 2383 ἄγους
3527 2317 3831 2387 ὑπερϐολὴν
3875 2315 4003 2369 οὔτε

2421 2410 2693 2473 διέπτυον,
2744 2409 2866 2462 οὗτε
2898 2410 3286 2477 ἐμυσάττοντο,
3315 2408 3431 2462 ἀλλ’
3469 2408 3795 2475 ἀπεδέχοντο
3820 2424 3876 2458 τε
3905 2406 4003 2474 τὴν

2427 2503 2668 2572 μηδεμιᾷ
2691 2501 2943 2570 ἀθεότητι
2978 2499 3282 2571 ὑπερϐολὴν
3318 2500 3584 2553 λιποῦσαν
3602 2499 3877 2561 ἀσέϐειαν,
3909 2501 4016 2550 καὶ.

2422 2594 2533 2652 τοῖς
2579 2592 2710 2662 παρ’
2742 2590 2955 2659 ἑαυτῶν
2989 2590 3295 2661 ἐπεκύρουν
3339 2590 3708 2658 ψηφίσμασιν.
3757 2588 3916 2640 nunc
3943 2588 4006 2638 τὸ

2422 2684 2628 2748 ἄθλιον,
2652 2685 2822 2752 οἴμοι,
2847 2683 2986 2746 ζῶον
3009 2684 3036 2734 ὁ
3069 2681 3165 2734 ἄνθ
3179 2699 3382 2751 ρωπος,
3408 2682 3628 2734 ἐπειδάν
3669 2684 3877 2750 ἀποστῇ
3907 2681 4004 2732 τοῦ

2425 2774 2668 2826 Πλαστου
2693 2773 2895 2839 καὶτῆς
2916 2773 3123 2824 ἐκεῖθεν
3138 2772 3301 2824 αὐτὸν
3316 2771 3574 2841 προνοίας
3596 2771 3847 2841 ἀποτέμῃ
3865 2769 4003 2838 (99).

2421 2864 2559 2925 ὅλως
2587 2862 2797 2929 γίνεται
2836 2862 3064 2932 θήραμα
3098 2862 3190 2914 τού
3243 2859 3485 2931 Πονηροῧ
3520 2860 3614 2912 καὶ
3643 2860 3777 2927 πρὸς
3824 2861 4008 2911 πᾶσαν

2425 2952 2622 3004 κακίαν
2647 2951 2976 3020 ὑποϐρύχιος
3014 2954 3261 3020 φέρεται.
3321 2951 3551 3016 Ἔλεγεν
3585 2951 3629 3001 δ’
3677 2945 3768 3002 οὖν
3805 2950 4006 3000 ἑαυτὸν

2423 3043 2452 3094 ὁ
2501 3040 2784 3108 ἐξάγιστος
2837 3044 3043 3102 ἐκεῖνος
3096 3039 3192 3091 καὶ
3254 3038 3560 3107 λυχνοφανῆ
3619 3037 3847 3103 ἀστέρα,
3910 3037 4008 3088 καὶ

2426 3133 2593 3185 πολλὰ
2650 3132 2806 3195 ἄλλα,
2879 3134 3136 3198 σιγᾶσθαι
3199 3131 3399 3199 μᾶλλον
3478 3130 3510 3198 ἣ
3568 3127 4008 3199 Θριαμϐεύεοθαι

2424 3224 2666 3293 dgna”).
2723 3225 2886 3276 Ἀλλά
2948 3226 3054 3293 γάρ
3102 3215 3262 3284 οὗτος
3329 3224 3357 3274 ὁ
3406 3220 3706 3288 οεοϐλαϐὴς
3757 3221 4008 3287 Σέργιος,

2423 3316 2626 3388 πατρὸς
2675 3315 2913 3384 γεγονὼς
2957 3313 3419 3376 δυσσεϐεστάτου,
3480 3312 3554 3373 ὦς
3608 3329 3696 3381 μοι
3758 3314 4011 3381 εἴρηται,

2423 3412 2525 3462 οὐκ
2571 3411 2634 3461 ὲκ
2672 3409 2764 3461 τοῦ
2802 3406 2996 3476 φύντος
3026 3406 3096 3458 τά
3120 3408 3219 3475 τῆς
3247 3404 3590 3466 ἀποστασίας
3634 3402 3867 3455 τελεῖται
3901 3421 4010 3472 μυ-

2427 3503 2663 3570 στήριαο
2711 3500 2791 3551 ἐτι
2836 3499 2891 3550 δὲ
2937 3499 3037 3566 τὴν
3088 3498 3302 3566 ἠλικίαν
3351 3496 3476 3548 νέαν
3514 3496 3664 3562 ἄγων
3709 3495 4004 3563 προσφθεί-

2428 3611 2579 3665 ρεται
2621 3594 2698 3661 (Ξ)
2747 3591 2966 3659 γυναικί
2997 3609 3103 3642 τινι
3152 3591 3535 3659 πρεσϐευούσῃ
3575 3607 3634 3642 τε
3676 3591 3770 3640 καὶ
3802 3606 4013 3658 κηρυτο

2424 3687 2592 3758 τούσῃ
2633 3686 2700 3738 τά
2732 3684 3054 3754 Μανιχαίων
3084 3682 3306 3752 ὀλέθρια
3348 3683 3594 3751 δόγματα
3618 3723 3630 3744 ,
3665 3682 3762 3735 καὶ
3811 3681 4011 3750 συχνὸν

2425 3779 2615 3849 χρόνον
2659 3776 2926 3838 τελεσοεὶς
2976 3776 3068 3827 ὑπ’
3119 3774 3293 3842 αὐτῆς
3341 3773 3437 3826 καὶ
3487 3772 3860 3834 συντελεσθεὶς
3906 3772 4012 3842 τὴν

2425 3868 2698 3930 ἀσέϐειαν,
2721 3868 2931 3936 γίνεται
2962 3865 3056 3919 τοῦ
3094 3865 3464 3935 Ἀντιχρίστου
3493 3866 3821 3936 πρόδρομος.
3856 3866 4008 3918 Ἔδει

2425 3964 2558 4031 γάρ,
2607 3961 2714 4012 ἔδει
2750 3961 2880 4022 τοὺς
2925 3959 3023 4026 τῆς
3060 3958 3317 4028 βδελυρᾶς
3351 3957 3556 4024 ταύτης
3592 3961 3683 4010 καὶ⁷
3733 3957 4008 4026 θεομάχου

2424 4052 2762 4116 ἀποστασίας
2822 4051 3177 4112 διδασκάλους
3228 4050 3324 4103 καὶ
3383 4051 3667 4119 κήρυκας,
3716 4051 3844 4112 τοὺς
3906 4051 4010 4119 μὲν

2438 4143 2755 4213 ’Δγαρηνῶν
2793 4139 2932 4196 εἶναι
2962 4144 3312 4211 γεννήματα,
3341 4143 3470 4205 τοὺς
3499 4142 3555 4194 δὲ
3586 4145 3698 4205 τοῖς
3738 4147 3837 4212 τῆς
3877 4144 4006 4196 δου-

2425 4237 2573 4300 λείας
2602 4235 3066 4303 κατεστιγμένους
3095 4235 3325 4305 ὁρᾶσθαι
3358 4236 3451 4286 καὶ
3482 4234 3672 4304 ὕϐρεσι
3702 4237 3796 4287 καὶ
3824 4235 4009 4306 παθή-

2429 4344 2615 4392 μασιν,
2647 4326 2843 4388 ἄλλους
2868 4326 3112 4394 μοιχείας
3147 4325 3436 4395 προελθεῖν
3461 4324 3846 4394 βλαστήματα,
3884 4326 4010 4377 hic

2431 4435 2554 4488 ρους
2607 4418 2663 4470 δὲ
2714 4418 3145 4487 παραφροσύνης
3198 4415 3517 4484 γυναικείας
3571 4417 3664 4468 καὶ
3721 4417 4008 4483 ἐμμανοῦς

755 4491 997 4543 ordinem
1053 4491 1340 4560 impleret.
1395 4495 1472 4548 sic
1521 4496 1866 4564 impudenter
1914 4500 2318 4554 tremendorum
2355 4524 2390 4577 ι]

2427 4510 2654 4578 γνώμης
2711 4509 2961 4577 μαθητὰς
3018 4506 3500 4574 ἐπιγινώσκεσθαι.
3550 4505 3696 4574 Πλὴν
3740 4505 3857 4557 ἀλλ’
3907 4507 4004 4571 ὅγε

756 4580 1093 4647 eloquiorum
1144 4582 1429 4636 lectionem
1481 4584 1740 4653 aggredi:
1787 4585 1918 4639 illud
1950 4587 2093 4640 enim
2141 4603 2324 4641 sacer-

756 4671 938 4723 dotum
994 4672 1226 4727 officium
1280 4691 1419 4730 esse.
1477 4675 1614 4728 Tum
1649 4691 1678 4728 a
1727 4677 1928 4730 furiosa
1961 4678 2047 4730 illa
2095 4679 2325 4732 muliere

759 4765 923 4822 audit,
953 4764 1148 4818 frustra
1179 4783 1234 4819 se
1269 4775 1469 4821 tantam
1505 4771 1862 4822 reverentiam
1893 4772 2170 4835 exhibere,
2203 4771 2324 4824 nul-

759 4859 861 4906 lam
885 4857 1025 4908 enim
1052 4873 1169 4909 esse
1195 4874 1544 4925 personarum
1568 4863 1940 4930 acceptionem
1965 4863 2105 4931 apud
2133 4865 2321 4924 Deum,

759 4952 847 5019 qni
907 4955 1062 5004 vellet
1112 4970 1300 5006 omnes
1348 4957 1520 5009 salvos
1575 4957 1708 5018 fieri,
1753 4965 1806 5010 et
1851 4958 1915 5010 ad
1957 4957 2321 5025 cegnitionem

761 5043 1004 5093 veritatis
1047 5046 1252 5096 venire.
1294 5044 1421 5108 Sed,
1464 5045 1557 5104 ait,
1594 5047 1736 5114 quod
1781 5047 1850 5099 ita
1882 5055 2196 5099 reverenter
2227 5062 2322 5100 vos

760 5134 1003 5185 habeatis
1045 5134 1184 5188 circa
1227 5136 1502 5191 Dominica
1535 5138 1745 5207 eloquia
1771 5179 1784 5201 ,
1819 5154 1925 5191 non
1959 5137 2024 5191 ad
2058 5137 2319 5192 honorem

2428 4598 2674 4667 Σέργιος,
2718 4599 2792 4661 ὠς
2853 4598 2941 4650 διά
2987 4598 3233 4668 βραχέων
3287 4597 3470 4665 φάναι,
3512 4589 3612 4647 ὧδέ
3643 4613 3719 4666 πη
3757 4596 3857 4666 τὴν
3903 4599 4007 4665 τῆς

2425 4690 2763 4751 ἀποστασίας
2807 4679 3120 4758 κατήχησιν
3157 4687 3384 4757 ἄρχεται
3441 4685 3876 4756 παραδέχεσθαι.
3937 4688 4004 4740 ἸΙ

2429 4780 2797 4850 προειρημένη
2830 4779 3107 4847 Μανιχαία
3159 4778 3316 4847 γυνή,
3347 4778 3512 4846 ἡνίκα
3569 4777 3627 4830 τὸ
3672 4778 3888 4848 πρῶτον
3924 4782 4006 4840 εἱς

2425 4867 2643 4935 ὁμιλίαν
2679 4867 2827 4937 αύτῷ
2859 4869 3116 4930 κατέστη,
3157 4866 3273 4920 "Iv:
3304 4868 3376 4933 τί,
3411 4868 3596 4939 φησὶν,
3630 4869 3750 4920 εἰπέ
3783 4885 3893 4937 μοι,
3935 4872 4004 4923 τά

2431 4958 2548 5012 Θεῖα
2587 4961 2688 5012 οὐκ
2734 4960 3127 5027 ἀναγινώσκεις
3180 4960 3520 5026 Εὐαγγέλιας
3585 4961 3644 5013 '0
3698 4961 3754 5013 δὲ
3814 4961 4004 5028 (οὔπω

2430 5053 2537 5122 γὰρ
2577 5049 2643 5123 ἦν
2683 5054 2830 5122 αύτῷ
2876 5053 2942 5106 δι’
2985 5053 3232 5120 έγκάτων
3271 5051 3507 5120 βαθύνας
3544 5054 3571 5104 ὁ
3614 5051 3714 5120 τῆς
3759 5053 4002 5106 ἀποστα-

2433 5142 2552 5204 σίας
2604 5144 2679 5206 ίὸς
2700 5146 2738 5208 ),
2772 5143 2846 5214 μή
2896 5143 3090 5208 ἐξεῖναι
3123 5143 3304 5212 φήσας
3334 5143 3432 5210 τὴν
3466 5143 3572 5195 τῶν
3606 5142 3809 5195 λαῖκῶν
3859 5145 4000 5209 πλη-

1819 5292 2049 5346 V.\l’t|.E
2112 5293 2496 5350 LECTIONES
2541 5296 2627 5349 ET
2682 5296 2908 5351 ΝΟΤἈΕ.

835 5430 943 5502 (96)
1008 5433 1491 5484 Καταπιστεύων.
1577 5433 1773 5487 Noster
1823 5433 2145 5502 simpliciter
2217 5450 2310 5484 πι-

764 5499 986 5559 στεύων,
1022 5504 1115 5554 sed
1155 5504 1299 5567 prius
1345 5502 1543 5554 bonum
1580 5514 1678 5556 est.

837 5571 945 5636 (ΒΤ)
978 5572 1190 5624 Αὐτοῦ.
1223 5571 1412 5624 Noster
1442 5573 1600 5625 habet
1631 5573 1859 5633 ἐκείνου,
1904 5588 2066 5626 sensu
2102 5573 2314 5626 eodem.

837 5642 945 5706 (98)
984 5644 1285 5705 Τοιαύτην.
1320 5641 1515 5694 Noster
1543 5642 1834 5710 τοσαύτην,
1877 5642 2014 5694 forte
2053 5643 2274 5695 rectius.

835 5710 944 5776 (99)
1000 5711 1310 5778 Ἀποτέμῃ.
1355 5713 1465 5765 lloc
1499 5712 1708 5780 reposui
1744 5729 1808 5766 ex
1850 5713 2042 5765 Nostro
2077 5727 2174 5779 pro
2202 5712 2321 5765 δια-

766 5780 903 5847 τέμῃ
962 5780 1115 5832 Prius
1142 5783 1282 5835 enim
1318 5781 1541 5852 requirit.
1573 5797 1673 5835 vox
1707 5782 1956 5852 προνοίας
1998 5783 2049 5835 in
2082 5781 2320 5852 genitivo

772 5862 893 5900 (Ἤδη
938 5863 1127 5907 posita.

2483 5434 2558 5498 ll)
2587 5434 2778 5496 Ἀξια.
2831 5433 2906 5486 Ex
2963 5431 3178 5495 Nostro,
3211 5432 3356 5501 quod
3409 5429 3660 5482 dii-ti:an
3701 5430 3869 5482 series
3917 5448 3999 5485 re-

2419 5504 2584 5571 quirit
2607 5519 2704 5571 pro
2727 5506 2895 5568 ἀξιον.

2493 5573 2568 5641 (‘2)
2611 5568 3095 5640 Προσρθείρεται.
3150 5569 3264 5622 Vox
3309 5570 3362 5622 in
3396 5568 3645 5641 versione
3677 5570 3877 5623 omissa
3914 5571 3999 5624 in-

2429 5641 2532 5696 fert
2554 5639 2950 5696 clandestinam
2988 5641 3444 5700 familiaritatem,
3478 5639 3530 5690 iu
3571 5653 3676 5704 qua
3712 5655 3834 5693 cum
3879 5657 4000 5694 mu-

2429 5712 2558 5766 liere
2588 5713 2674 5764 illa
2711 5719 2955 5765 versatus
2998 5712 3086 5775 sit,
3127 5711 3360 5765 fortasse
3403 5717 3456 5760 et
3497 5708 3725 5762 furtivos
3762 5725 3996 5766 autores.

2427 5781 2620 5836 l'etrus
2659 5781 2870 5836 Siculus
2900 5782 3156 5850 exprimit
3187 5795 3281 5849 per
3312 5777 3650 5848 προσομιλεῖ.
