4222 6432
231 441 305 503 65
1282 425 1576 485 CONTRA
1618 422 1669 481 Μ
1682 417 1898 479 ANICH

1807 416 2075 478 ICHIEOS
2114 414 2343 478 LIBER
2387 418 2434 477 Ι.
3406 414 3474 477 06

236 550 418 619 ροῦντι
468 546 625 609 τάξιν
675 544 869 612 ἀνέδην
923 542 1001 607 (3)
1041 539 1213 599 οὕτως
1273 535 1372 604 τὴν
1414 535 1523 586 τῶν
1568 529 1810 602 φρικτῶν
1838 534 1884 591 Α

1838 534 1884 591 Α
1914 528 2129 581 illorum
2163 528 2234 581 ita
2265 528 2541 597 provisum
2571 535 2673 591 est,
2703 524 2794 580 sed
2830 523 2958 577 illud
2997 534 3081 578 est
3113 525 3396 579 artificium
3422 536 3477 579 et

235 640 433 706 λογίων
499 633 1170 698 ποιεῖσθαι,ἀνάγνωσιν·
1224 624 1473 679 ἀνεῖσθαι
1529 623 1634 691 γὰρ
1698 621 1811 680 τοῖς

235 731 474 801 ἱερεῦσιν
515 728 575 780 τὸ
608 729 804 797 ἔργον·
855 724 1046 777 ἀκούει
1090 718 1241 789 παρὰ
1300 717 1399 783 τῆς
1448 713 1703 783 μαινάδος
1737 711 1811 773 ὼς

236 824 415 890 μάτην
476 818 623 887 αὑτῷ
672 820 704 887 ἡ
764 814 1001 882 τοσαύτη
1056 812 1130 882 (4)
1185 809 1315 878 περὶ
1364 807 1533 858 ταῦτα
1585 804 1811 871 τιμᾶται

233 909 531 961 εὐλάϐεια·
584 906 659 975 μὴ
691 906 799 974 γὰρ
839 901 979 955 εἶναι
1026 897 1488 971 προσωποληψίαν
1537 896 1685 962 παρα
1736 891 1813 957 τῷ

233 1004 386 1070 θεῷ·
432 1004 637 1061 πάντας
669 1000 779 1067 γαρ
814 995 1094 1067 βούλεσθαι
1133 995 1209 1061 (5)
1249 993 1411 1045 αὑτὸν
1442 988 1681 1057 σωθῆναι
1720 987 1814 1036 καὶ

233 1097 314 1155 είς
349 1094 642 1159 ἐπίγνωσιν
670 1090 927 1158 ἀληθείας
981 1088 1175 1139 ἐλθεῖν.
1242 1082 1401 1135 Ἀλλὰ
1440 1082 1563 1146 τόγε
1609 1079 1805 1129 διακεῖ-

235 1185 362 1236 σθαι
424 1183 667 1244 εὖλαόὦς
721 1182 865 1249 ὑμᾶς
908 1180 1036 1247 περὶ
1081 1179 1150 1229 τὰ
1202 1174 1458 1244 Κυριακὰ
1509 1171 1695 1237 λόγια,
1751 1168 1811 1219 οὑ

240 1278 407 1344 τιμῆς
442 1277 668 1327 ἐκείνων
727 1275 843 1325 ἐστί
894 1272 1156 1340 πρόνοια,
1220 1267 1434 1337 μηχανὴ
1490 1265 1546 1315 δέ
1596 1262 1690 1313 καὶ
1728 1260 1814 1311 σό-

235 1384 417 1435 φισμα
466 1366 573 1417 τῶν
606 1364 919 1431 λεγομένων
964 1361 1118 1429 ὑμῶν
1160 1359 1383 1429 ἱερέων,
1436 1358 1485 1408 οί
1520 1354 1611 1406 τὸν
1658 1352 1814 1418 λόγον

232 1458 328 1511 τοῦ
353 1456 489 1509 Θεοῦ
514 1455 845 1523 καπηλεύειν
875 1454 949 1518 (6)
976 1452 1272 1513 ἐθέλοντες,
1302 1447 1524 1502 καὶτῶν
1555 1450 1610 1499 ἐν
1640 1447 1814 1513 Εὐαγ-

235 1550 435 1613 γελίοις
496 1546 811 1613 μυστηρίων
861 1542 1165 1609 ἀμετόχους
1208 1536 1347 1591 εἶναι
1396 1537 1810 1599 σπουδάζοντες.

235 1636 335 1687 Διὰ
365 1634 525 1685 τοῦτο
583 1633 659 1701 μὴ
699 1630 1093 1699 παραπλησίως
1136 1629 1213 1697 (⁵1)
1243 1627 1384 1695 ὑμᾶς
1422 1626 1651 1686 ἐκείνοις
1680 1625 1813 1675 ἀνα-

234 1725 529 1787 γινώσκειν
556 1721 731 1773 ταῦτα
750 1720 1107 1788 ἀπείργουσιν
1128 1734 1142 1749 ·
1177 1718 1298 1768 ἐπεὶ
1331 1716 1421 1768 καὶ
1446 1716 1545 1766 ὃσα
1573 1715 1702 1782 ὑμῖν
1733 1715 1813 1775 είς

235 1816 471 1882 ἐπήκοον
506 1813 581 1879 (8t
613 1809 1066 1877 ἀναγινώσκουσι,
1107 1808 1526 1875 περικόπτοντες
1558 1804 1651 1856 τοῦ
1691 1805 1812 1855 ὅλου

238 1906 492 1973 σώματος
534 1907 625 1956 καὶ
660 1902 1203 1969 ἀποσπαράσσοντες,
1229 1899 1400 1960 οὕτως
1432 1899 1575 1967 ὑμᾶς
1611 1900 1814 1961 ἀκροα-

236 1998 337 2056 τας
390 1996 498 2045 τῶν
549 1994 857 2060 λεγομένων
894 1988 1434 2057 παραλαμϐάνουσιν.
1489 1986 1673 2045 Οὕτως
1718 1985 1817 2052 μὲν

237 2090 336 2158 τὴν
368 2087 589 2156 πρώτην
626 2087 817 2153 πεῖραν
848 2083 880 2150 ἡ
911 2080 1120 2149 μαχλας
1155 2079 1250 2130 καὶ
1294 2078 1492 2146 μαινὰς
1522 2077 1597 2145 τῷ
1630 2079 1817 2127 πεσεῖν

237 2179 445 2245 ἑτοίμῳ
506 2178 804 2243 προσῆκεν,
862 2171 1243 2240 ὑπορύττουσά
1302 2186 1360 2220 τε
1403 2170 1493 2221 τὸν
1548 2168 1671 2221 νοῦν
1722 2165 1817 2219 τοῦ

239 2272 428 2320 ἀθλίου
487 2268 580 2318 καὶ
602 2263 1054 2333 διαμοχλεύουσα.
1108 2259 1333 2329 Ἐφεξῆς
1366 2259 1421 2311 δὲ
1454 2258 1815 2328 προσηρώτα,

242 2362 307 2413 Τί
345 2362 399 2412 δὲ
430 2358 677 2427 βούλεται
705 2354 895 2423 δηλοῦν
931 2356 990 2406 τὸ
1020 2354 1294 2423 κυριακὸν
1322 2352 1500 2418 λόγιον
1534 2352 1730 2411 ἐκεῖνο,
1761 2350 1820 2401 τὸ

243 2454 437 2519 λέγονο
497 2450 717 2503 Πολλοὶ
754 2449 1001 2517 ἐροῦσίν
1031 2464 1131 2515 μοι
1182 2448 1251 2498 ὲν
1280 2444 1349 2512 τῇ
1382 2446 1582 2512 ἐκείνῃ
1634 2446 1821 2512 ἡμέρᾳ

243 2547 546 2609 λέγοντες·
583 2543 776 2607 Κύριε,
813 2542 1009 2606 Κύριε,
1040 2540 1111 2591 οὺ
1143 2536 1221 2601 τῷ
1253 2535 1341 2600 σῷ
1395 2538 1637 2605 ὀνόματι
1671 2553 1819 2603 προ-

246 2637 685 2701 εφητεύσαμεν,
720 2633 815 2684 καί
848 2629 923 2694 τῷ
942 2629 1029 2693 σῷ
1047 2631 1287 2696 ὀνόματι
1316 2629 1590 2696 δαιμόνια
1615 2628 1818 2688 ἐξεϐά-

245 2731 455 2790 λομεν,
527 2725 620 2775 καί
677 2723 755 2787 τῷ
804 2721 894 2785 σῷ
948 2722 1191 2787 ὀνόματι
1248 2718 1530 2783 δυνάμεις
1587 2721 1824 2783 πολλὰς

248 2818 379 2867 ego:
392 2815 653 2880 ricrayer;
671 2814 779 2866 Kal
796 2814 926 2865 τότε
939 2810 1289 2879 ὁμολογήσω
1302 2810 1528 2875 αὐτοῖς,
1545 2810 1632 2862 ὅτι
1651 2811 1824 2865 Οὐδέ-

250 2923 398 2959 ποτε
420 2906 612 2972 ἔγνων
630 2902 785 2972 ὑμᾶς
809 2920 820 2932 ·
845 2901 1205 2970 ἀποχωρεῖτε
1234 2902 1333 2953 ἀπ’
1354 2900 1496 2968 ἐμοῦ
1517 2903 1570 2953 ol
1593 2901 1824 2969 ἐργαζό-

248 2995 551 3063 μενοιτὴν
568 2994 843 3061 ἀνομίαν.
877 2992 1031 3054 Τίνες
1080 2991 1173 3043 οὖν
1219 2991 1293 3060 (9)
1327 2992 1461 3041 είσιν
1507 2983 1651 3041 οὗτοι
1690 2990 1826 3059 πρὸς

250 3085 345 3146 οὓς
398 3088 427 3136 ὁ
484 3085 685 3149 Κύριος
734 3083 902 3149 λέγει,
931 3083 1043 3133 Οὐκ
1084 3078 1201 3134 οίδα
1246 3082 1427 3149 ὑμᾶς;
1474 3080 1611 3131 Ἀλλ’
1646 3083 1679 3149 ἡ
1732 3081 1827 3149 μὲν

1915 620 2109 673 tecbna
2137 634 2361 681 eorum,
2392 618 2483 686 qui
2528 618 2667 687 apud
2722 633 2818 671 vos
2853 618 3161 671 sacerdotes
3200 617 3472 680 dicuntur,

1912 714 2003 781 qui
2039 712 2262 765 verbum
2312 710 2405 763 Dei
2438 710 2743 763 adulterare
2774 710 3039 771 volentes,
3090 721 3470 776 curantesque.

1913 822 1979 859 ne
2004 805 2401 874 mjsteriorum,
2432 820 2552 872 qua:
2579 803 2631 855 in
2672 802 2972 872 Evangeliis
3009 810 3154 863 Sunt,
3190 802 3473 871 participes

1913 899 2063 958 sitis;
2104 898 2222 951 ideo
2261 907 2465 957 vetant,
2514 911 2581 949 ne
2631 896 2851 963 perinde
2898 906 3056 964 atque
3110 896 3206 965 ipsi
3264 910 3360 948 vos
3411 910 3473 948 ea

1917 992 2120 1059 legalis.
2156 991 2434 1058 Siquidem
2467 1006 2550 1049 ea,
2579 1005 2698 1057 qua:
2733 988 2881 1041 vobis
2911 989 3254 1041 audientibus
3293 990 3475 1057 legunt

1913 1095 1943 1132 a
1976 1088 2081 1132 tota
2133 1080 2271 1132 serie
2311 1081 2696 1133 detruncantes
2743 1087 2796 1131 et
2827 1078 3202 1141 dilacerantes,
3248 1080 3326 1133 sic
3356 1094 3470 1142 vos,

1913 1174 2209 1235 auditores,
2240 1174 2609 1239 intercipimit.
2644 1171 2715 1224 Ita
2750 1170 2987 1237 captiose
3016 1170 3100 1223 illa
3136 1186 3334 1223 m:enas
3364 1171 3475 1238 pri-

1914 1279 2061 1317 nium
2097 1264 2163 1317 de
2198 1264 2286 1315 illo
2329 1264 2393 1316 ad
2435 1264 2641 1330 lupsum
2685 1263 2792 1330 jam
2826 1277 2996 1330 prono
3042 1262 3475 1329 experiinentutii
3543 1278 3559 1293 ν

1914 1358 2141 1426 accepit,
2193 1358 2373 1409 miseri
2410 1366 2642 1409 mentem
2695 1356 3004 1408 succutiens
3046 1370 3108 1407 ac
3148 1355 3425 1422 pelliciens
3460 1372 3471 1406 :

1915 1450 2220 1516 iterumque
2270 1448 2631 1516 interrogabat
2680 1463 2692 1497 :
2750 1446 2889 1509 Quid
2951 1446 3216 1513 significat
3272 1446 3474 1497 dictum

1916 1540 2043 1592 illud
2073 1538 2283 1591 Domini
2310 1554 2322 1588 :
2356 1539 2503 1590 Multi
2534 1538 2701 1589 dicent
2738 1538 2793 1588 in
2834 1538 2916 1589 die
2945 1536 3037 1588 illa
3058 1552 3075 1588 :
3105 1536 3339 1598 Domine,
3378 1536 3480 1589 Dor

1916 1632 2072 1694 mine,
2106 1646 2273 1682 nonne
2302 1631 2355 1681 in
2382 1632 2586 1682 nomine
2631 1640 2718 1681 tuo
2749 1630 3187 1696 prop/letavimus.
3223 1638 3269 1680 et
3304 1630 3358 1679 in
3390 1644 3481 1679 no-

1916 1722 2054 1773 mine
2084 1730 2172 1773 tuo
2203 1722 2459 1773 dwmonia
2486 1722 2751 1788 ejecimus,
2777 1730 2823 1772 et
2848 1722 2902 1771 in
2924 1722 3128 1772 nomine
3160 1730 3247 1771 tuo
3264 1721 3479 1771 virtutes

1917 1810 2113 1863 multa:
2152 1812 2409 1879 fecimus?
2440 1811 2505 1861 Et
2548 1820 2666 1860 tunc
2698 1810 2975 1875 conﬁtebor
3012 1809 3147 1867 illis,
3192 1810 3316 1876 quia
3346 1825 3480 1858 nun-

1918 1919 2075 1964 quam
2111 1903 2225 1953 novi
2259 1919 2361 1965 vos,
2394 1902 2641 1953 discedite
2666 1919 2696 1952 a
2733 1918 2832 1963 me,
2866 1902 2954 1967 qui
2977 1901 3265 1967 operamini
3292 1901 3483 1967 iniqui-

1920 2004 2077 2047 tatem
2098 1997 2139 2047 ⁸.
2171 1994 2400 2059 Quinam
2430 1995 2499 2046 illi
2526 2005 2669 2055 sunt,
2700 1994 2897 2062 quibus
2930 1992 3188 2045 Dominus
3215 1993 3287 2044 ait
3316 2011 3327 2045 :
3362 1992 3481 2044 Non

1920 2089 2035 2140 novi
2070 2104 2179 2141 vos.
2210 2086 2333 2141 Haec
2374 2088 2485 2155 ipsa
2527 2087 2912 2154 interrogante,
2947 2085 3053 2147 ille,
3083 2087 3170 2151 qui
3205 2099 3269 2136 ex
3296 2099 3481 2153 grega-

1920 2178 2047 2229 lium
2080 2194 2307 2231 numero
2338 2177 2514 2230 adhuc
2545 2188 2678 2238 erat,
2721 2178 2881 2229 homo
2913 2175 3063 2227 rudis
3086 2184 3140 2227 et
3174 2174 3479 2227 divinorum

1920 2269 2254 2336 eloquiorum
2297 2283 2519 2336 prorsus
2567 2266 2868 2335 imperitus,
2916 2265 3113 2318 dubius
3145 2264 3374 2326 silebat,
3414 2264 3481 2316 ab

1922 2358 2009 2410 illa
2046 2374 2190 2422 vero,
2230 2374 2349 2426 quae
2392 2360 2847 2426 interrogaverat,
2902 2356 3218 2425 quiestionis
3254 2355 3481 2409 solutio-

1922 2467 2042 2504 nem
2084 2453 2411 2519 requirebat.
2441 2452 2531 2503 llla
2565 2466 2695 2504 vero
2729 2466 2837 2503 non
2874 2450 3051 2503 statim
3091 2448 3353 2500 rationem
3383 2447 3485 2500 da-

1922 2546 2029 2596 bat.
2065 2542 2326 2596 Callidum
2363 2541 2505 2594 enim
2535 2551 2616 2594 est
2642 2542 2929 2594 mulierum
2960 2554 3129 2611 genus
3160 2540 3223 2592 ad
3259 2547 3487 2607 captan-

1922 2635 2048 2687 dum
2104 2633 2586 2701 procrastinatione
2652 2632 2893 2685 discendi
2943 2631 3199 2699 cupidum
3262 2650 3273 2683 :
3319 2639 3486 2698 utque

1924 2726 2092 2795 magis
2125 2726 2450 2779 desiderium
2487 2726 2624 2794 ejus,
2671 2740 2832 2792 quem
2870 2724 3119 2793 decipere
3151 2723 3382 2785 volebat,
3420 2721 3485 2775 ad

1924 2819 2272 2886 qutesitorum
2308 2818 2551 2870 notitiam
2580 2817 2985 2885 adipiscendam
3030 2816 3360 2879 incenderet,
3399 2830 3487 2867 so-

1926 2909 2183 2961 lutionem
2217 2926 2324 2961 non
2356 2910 2546 2971 dabat,
2584 2912 2677 2962 sed
2708 2909 2853 2962 aliud
2894 2909 3228 2976 proponebat
3257 2923 3489 2975 evange-

1927 2999 2087 3049 licum
2146 2998 2386 3059 dictum,
2455 3012 2685 3065 nempe,
2743 2998 2809 3051 de
2882 2997 3206 3065 quibusnam
3272 3003 3491 3065 putaret

1928 3091 2131 3143 dixisse
2185 3089 2469 3142 Dominum
2521 3105 2532 3139 :
2575 3088 2724 3141 Multi
2757 3089 2821 3141 ab
2866 3088 3075 3143 Oriente
3117 3098 3163 3141 et
3215 3088 3489 3141 Ooﬂdente

251 3178 427 3228 ταῦτα
452 3174 691 3243 διηρώτα
714 3190 726 3203 ο
765 3176 793 3224 ὁ
831 3172 887 3225 δὲ
918 3172 1026 3224 τῶν
1065 3172 1333 3237 ἁγελαίων
1372 3166 1449 3233 εἷς
1479 3170 1553 3223 ὢν
1602 3172 1681 3224 ἐτι
1732 3172 1826 3223 καὶ
1853 3187 1894 3243 ς

1823 3211 1826 3221 ι
1853 3187 1894 3243 C
1928 3185 2147 3241 venient,
2176 3191 2223 3234 et
2249 3182 2537 3233 recnmbcnt
2560 3198 2672 3233 cum
2698 3180 2961 3233 Abraham
2986 3190 3033 3232 et
3063 3179 3215 3233 Isaac
3241 3190 3287 3231 et
3308 3178 3490 3243 Iacob,

252 3268 551 3336 ἀγροίκων,
588 3266 681 3316 καὶ
710 3265 815 3315 τῶν
861 3263 1018 3315 Θείων
1049 3262 1245 3329 λογίων
1280 3262 1557 3325 παντελῶς
1578 3263 1816 3331 ἀμαθὴς,

255 3354 692 3424 ἐξαπορούμενος
741 3354 838 3421 μὲν
868 3353 1078 3404 ἐσιώπα
1103 3368 1115 3381 ’
1165 3352 1344 3420 ἐζήτει
1386 3352 1442 3403 δὲ
1487 3354 1615 3424 παρ’
1657 3354 1825 3422 αὐτῆς

253 3448 353 3511 τῆς
384 3444 881 3510 διαπυνθανομένης
935 3441 1047 3507 (10)
1098 3442 1189 3493 τὸν
1221 3441 1345 3494 νοῦν
1392 3442 1500 3493 τῶν
1535 3444 1824 3512 ὲπηρωτη-

258 3537 441 3602 μένων
471 3533 789 3603 αιιαμαθεῖν.
834 3532 893 3583 Ἢ
917 3532 973 3583 δὲ
1000 3533 1156 3583 τοῦτο
1193 3533 1292 3599 μὲν
1318 3532 1476 3593 εὐθὺς
1506 3534 1606 3584 οὐκ
1632 3532 1824 3586 ἐποίει.

257 3626 440 3675 Δεινὸν
474 3628 582 3693 γὰρ
614 3625 748 3691 γυνὴ
795 3622 1057 3690 Θηρεῦσαι
1090 3622 1155 3673 δι’
1186 3622 1451 3691 ἀναὸολῆς
1475 3624 1565 3675 τὸν
1598 3624 1829 3675 σπουδα-

257 3718 507 3785 ζόμενον,
563 3717 644 3776 είς
686 3716 979 3783 ἐπιθυμίαν
1007 3715 1062 3767 δὲ
1116 3715 1314 3784 μᾶλλον
1354 3716 1444 3767 τὸν
1478 3716 1826 3784 ἠπατημένον

256 3809 365 3859 τῶν
396 3806 743 3873 ζητουμένων
776 3808 1095 3869 ἐκκαίουσα,
1144 3808 1236 3857 καὶ
1284 3806 1825 3876 προσαναφλέγουσα,

258 3894 320 3951 οὗ
373 3900 472 3967 μὲν
520 3898 765 3966 ἐγλίχετο
825 3900 1028 3965 τυχεῖν,
1063 3899 1164 3948 οὐκ
1217 3897 1424 3960 ἐδίδου,
1459 3897 1739 3969 προῦτεινε
1774 3900 1829 3951 δὲ

260 3989 412 4056 αὑτῴ
444 3990 603 4057 ῥητὸν
634 3987 988 4055 εὑαγγελικὸν
1024 3988 1242 4057 ἕτερον,
1276 3990 1403 4058 περὶ
1451 3989 1609 4041 τίνων
1657 3991 1829 4041 εἰπεῖν

263 4079 474 4145 νομίζει
532 4079 621 4129 τὸν
668 4078 909 4147 Κύριον,
961 4079 1045 4130 ὅτι
1098 4079 1317 4131 Πολλοί
1359 4079 1473 4132 ἀπὸ
1524 4079 1831 4132 ἀνατολῶν

265 4171 360 4220 γαί
447 4168 694 4237 δυσμῶν
765 4170 984 4235 ἥξουσι
1067 4171 1164 4222 καὶ
1234 4169 1617 4236 adloquor-tat
1684 4170 1831 4237 μετὰ

280 4262 554 4327 Ἀϐραὰμ,
582 4262 679 4313 καὶ
716 4259 941 4323 Ἰσαὰκ,
975 4261 1071 4312 καί
1111 4259 1333 4322 Ἰακὼϐ,
1365 4261 1433 4311 ἐν
1457 4259 1527 4325 τῇ
1547 4262 1829 4325 βασιλείῃ

266 4353 386 4403 τῶν
416 4351 700 4417 οὐρανῶν·
738 4354 791 4403 ol
829 4351 895 4402 δὲ
921 4350 1036 4402 vlol
1069 4349 1174 4414 τῆς
1192 4350 1511 4413 βασιλείας
1540 4350 1829 4417 ἐκϐληθήο

262 4458 475 4494 cornu
510 4445 594 4505 είς
634 4443 698 4493 τὸ
744 4443 963 4503 σκότος
993 4438 1059 4490 τὸ
1090 4438 1393 4505 ἐξώτερον.
1427 4440 1585 4501 Τίνας
1609 4440 1671 4508 δὴ
1705 4443 1826 4502 τοὺς

1926 3273 1981 3323 iu
2012 3288 2167 3342 regno
2195 3272 2439 3324 caelorum
2499 3287 2516 3323 :
2558 3272 2657 3338 ﬁlii
2700 3280 2875 3323 autem
2922 3272 3066 3340 regni
3116 3272 3389 3339 ejicientur
3434 3272 3493 3323 in

1926 3365 2161 3415 tenebras
2192 3364 2471 3415 exteriores
2487 3364 2525 3413 ⁸.
2562 3362 2709 3426 Quos
2740 3377 2859 3416 esse
2887 3373 3040 3430 putas
3071 3362 3205 3416 filios
3238 3363 3407 3433 regni.
3437 3372 3495 3416 et

1925 3452 2195 3518 quomodo
2220 3453 2287 3505 ab
2318 3454 2419 3505 hoc
2451 3452 2637 3519 rejecti
2670 3454 2723 3504 in
2752 3453 3001 3505 tenebras
3029 3452 3325 3505 exteriores
3360 3451 3492 3518 abji-

1927 3542 2181 3595 cientur?
2210 3540 2332 3595 Haec
2360 3552 2414 3595 et
2438 3542 2629 3595 similia
2663 3541 2887 3595 fallaciae
2922 3557 3205 3611 organum,
3239 3541 3489 3595 muliebri

1929 3634 2123 3695 forma,
2158 3633 2747 3703 miserrimouoll'erens,
2781 3642 2835 3686 et
2877 3647 2998 3685 eum
3044 3632 3296 3700 paulatim
3346 3647 3486 3700 pne-

1927 3722 2098 3792 stigiis
2132 3722 2400 3786 alliciens,
2444 3723 2531 3776 ubi
2574 3723 2705 3776 vidit
2762 3722 2913 3776 illum
2961 3724 3185 3775 omnino
3256 3737 3488 3791 pronum

1927 3823 1981 3866 et
2030 3828 2087 3865 se
2153 3821 2408 3878 tanquam
2469 3813 2746 3867 doctorem
2818 3812 3249 3876 auscultantem,
3307 3812 3490 3881 priora

1929 3920 2213 3958 resumens
2266 3923 2277 3957 :
2333 3904 2497 3973 llegni
2542 3904 2655 3967 lilii,
2706 3905 2900 3971 inquit,
2948 3904 3039 3972 qui
3088 3904 3155 3957 ab
3200 3904 3289 3957 illo
3328 3904 3486 3970 ejecti

1928 3992 1993 4045 ad
2038 3992 2289 4045 tenebras
2340 3992 2635 4045 exteriores
2669 3992 3015 4054 damnantur,
3066 3992 3099 4045 ii
3145 4000 3289 4055 sunt,
3347 4007 3492 4059 quos

1928 4090 1984 4135 et
2034 4091 2110 4143 tu,
2168 4092 2222 4135 et
2266 4084 2323 4145 ii,
2363 4083 2452 4150 qui
2506 4090 2612 4136 tua:
2647 4092 2807 4137 secta:
2851 4093 3010 4148 sunt,
3062 4094 3278 4137 sanctos
3322 4099 3485 4137 Voca-

1932 4176 1997 4227 tis
2050 4183 2104 4226 et
2166 4174 2514 4239 existimatis,
2573 4176 2661 4243 qui
2718 4185 2771 4229 et
2823 4176 3098 4229 daemonas
3155 4176 3378 4243 ejiciunt
3433 4186 3487 4230 et

1930 4265 2144 4318 morbos
2167 4275 2358 4317 sanant
2388 4266 2581 4333 quibus
2611 4267 2809 4318 cultum
2850 4267 3106 4320 exhibere
3146 4267 3347 4329 soletis,
3380 4283 3487 4319 uno

1930 4355 2143 4409 vivente
2173 4364 2227 4407 et
2258 4354 2543 4407 immortali
2570 4355 2751 4407 relicto
2782 4353 2905 4409 Deo.
2964 4355 3027 4406 lli
3080 4364 3222 4415 sunt,
3275 4355 3347 4414 bi,
3404 4354 3485 4407 in-

1930 4459 2111 4513 quam,
2148 4453 2292 4505 sunt,
2346 4443 2431 4511 qui
2471 4460 2498 4495 a
2525 4444 2671 4511 justo
2706 4444 2794 4496 illo
2817 4443 2997 4510 judice
3027 4444 3250 4497 audiunt
3286 4461 3297 4497 :
3328 4443 3485 4497 Rece-

262 4534 415 4593 υίοὺς
455 4533 552 4601 τῆς
596 4529 873 4600 βασιλείας
918 4530 1161 4588 ὑπονοεῖς
1186 4526 1318 4595 (ll),
1359 4529 1448 4579 xz).
1479 4527 1591 4590 πῶς
1625 4529 1826 4599 ταύτης
1859 4513 1901 4567 ί)

1819 4548 1826 4588 .'
1859 4513 1901 4567 θ
1931 4534 2036 4585 dite
2064 4550 2095 4584 α
2128 4549 2226 4594 me,
2278 4538 2401 4602 quia
2444 4549 2707 4600 nunquam
2739 4535 2854 4585 novi
2883 4550 2987 4587 vos.
3058 4531 3131 4587 Ex
3168 4535 3266 4587 hoc
3306 4535 3486 4601 itaque

263 4622 759 4691 ἁπορῤιπτούμενοι
780 4619 856 4686 τῷ
873 4619 1121 4687 ἐξωτέρῳ
1144 4618 1321 4670 σκότει
1341 4620 1821 4688 παραπέμπονταις

336 4758 357 4785 ⁵
388 4754 577 4806 Matth.
615 4769 705 4816 \‘ll,
733 4752 821 4816 22,
848 4752 936 4805 95.
1015 4753 1034 4781 ⁶
1066 4751 1251 4803 Matlh.
1283 4769 1397 4816 vnt,
1423 4754 1505 4809 Η.

1930 4623 2261 4691 nequissimo
2316 4634 2370 4677 et
2414 4625 2717 4693 pernicioso
2773 4624 2975 4679 semine
3002 4625 3112 4693 jam
3146 4636 3387 4696 paratum
3419 4626 3487 4678 ad

1337 4888 1567 4942 VARIIE
1598 4888 1977 4944 LECTIONES
2013 4888 2098 4943 ET
2138 4886 2363 4941 NOTIE.

339 5025 418 5093 (5)
456 5022 717 5086 Ἀνέδην.
764 5020 960 5093 Vocem
997 5022 1137 5093 lianc
1184 5020 1381 5074 inserui
1415 5031 1686 5093 pra-eunte
1717 5036 1831 5093 _ms.

269 5090 477 5153 noStro,
532 5108 648 5160 qua:
693 5107 753 5143 ex
802 5090 986 5160 Graeco
1016 5091 1152 5142 forte
1180 5107 1303 5142 casu
1345 5092 1542 5143 exedit
1575 5091 1623 5141 in
1667 5091 1831 5153 edito,

268 5166 394 5232 quia
422 5159 790 5232 interpretatio
812 5159 1000 5232 galina
1028 5161 1279 5232 exprimit
1299 5176 1393 5227 per
1418 5161 1759 5232 impudenter.

341 5233 416 5298 (4)
468 5227 753 5293 Τοσαύτη.
810 5228 1009 5291 Ταηια;
1062 5230 1131 5281 ita
1177 5230 1291 5297 lego
1340 5244 1460 5280 cum
1511 5227 1699 5281 Nostro
1740 5243 1834 5295 pro

270 5302 496 5367 τοιαύτη
538 5298 879 5367 Coislnnani.

340 5371 417 5437 (5)
457 5364 804 5420 Βούλεσθαι.
849 5365 1031 5429 Recte,
1064 5382 1160 5434 pro
1186 5382 1250 5419 eo
1279 5366 1418 5434 quod
1458 5364 1647 5419 Noster
1675 5365 1833 5419 habet

271 5437 642 5508 βουλεύεσθαι.

369 5509 422 5573 6)
480 5506 875 5568 Kannxsbstr.
952 5504 1210 5573 Respexit
1284 5503 1470 5573 procul
1542 5503 1703 5557 dubio
1760 5505 1827 5558 ad

272 5580 312 5630 ll
344 5576 471 5631 Cor.
503 5593 559 5635 tt.
598 5576 678 5628 Π.

344 5649 421 5713 (7)
464 5643 922 5710 Παραπ.1ησι¹ως.
978 5642 1051 5695 Ita
1097 5642 1285 5710 scripsi
1324 5658 1443 5695 t'lllll
1488 5641 1681 5694 Nostro
1732 5658 1826 5709 pro

270 5714 706 5783 παραπλησίους.

346 5778 423 5853 (8)
489 5778 803 5847 Ἐ’πήιιοον.
846 5778 955 5833 lluc
987 5779 1173 5844 malui,
1222 5795 1382 5848 quant
1412 5780 1645 5848 ὑπήκοον
1679 5780 1826 5833 Cois-

1937 5020 2145 5081 liniani,
2182 5020 2426 5088 quamvis
2464 5028 2517 5072 et
2562 5018 2755 5075 Petrus
2803 5020 3012 5075 Siculus
3048 5020 3132 5074 hic
3170 5022 3363 5077 habeat
3408 5027 3487 5086 ei;

1940 5090 2205 5163 ὑπήκοον-
2239 5088 2413 5163 ὑμῶν.
2458 5090 2529 5140 Τὸ
2563 5091 2969 5163 ὑπήκοονᾲεηίηι
3002 5092 3359 5163 obedientiam
3391 5110 3486 5163 po-

1942 5158 2043 5211 tius
2076 5169 2130 5211 et
2159 5158 2495 5229 obsequium.
2530 5174 2687 5225 quam
2719 5161 3047 5214 auditionem
3079 5162 3258 5223 inlert,
3288 5164 3352 5214 de
3382 5158 3486 5229 qua

1938 5237 2115 5300 tamen
2148 5227 2598 5300 biepotissimum
2617 5231 2817 5300 agitur.
2853 5229 2942 5282 Sic
2970 5229 3137 5291 Plato,
3173 5230 3244 5283 De
3268 5227 3485 5300 legibus,

1936 5296 2119 5365 lib.7u,
2152 5298 2207 5365 ἐν
2238 5298 2453 5365 ἐπηκόῳ
2478 5296 2675 5356 αὑτοῦ,
2698 5299 2744 5351 id
2774 5309 2875 5359 est,
2907 5316 2964 5351 eo
2987 5301 3248 5351 audiente.

2006 5364 2078 5432 (9)
2103 5360 2243 5418 Οὗν,
2279 5360 2393 5417 Non
2427 5360 2586 5419 liabet
2616 5366 2825 5421 Noster.

2006 5435 2114 5501 (10)
2150 5436 2692 5502 Διαπυνθανομένη.
2727 5436 2919 5491 Noster
2959 5435 3129 5490 utitur
3159 5437 3324 5491 verbo
3357 5438 3487 5491 sim-

1935 5503 2055 5570 plici
2097 5502 2491 5571 πυνθανομένη.

2006 5572 2113 5640 (ll)
2154 5571 2480 5637 ’Υπονοεῖς.
2516 5571 2707 5627 Noster
2736 5574 2967 5637 ὑπονοεῖ,
3008 5575 3149 5643 quod
3182 5576 3355 5629 locum
3392 5576 3486 5628 ha-

1932 5641 2059 5715 bere
2090 5656 2307 5715 prorsus
2341 5644 2545 5707 nerunt,
2576 5644 2678 5696 nisi
2712 5644 2992 5713 scripsisse
3024 5641 3298 5700 auctorem
3328 5656 3486 5715 putes

1936 5711 2133 5781 ὑπονοῇ
2154 5749 2168 5774 ,
2199 5711 2251 5763 id
2289 5720 2389 5776 est,
2422 5728 2568 5779 quem
2598 5723 2798 5765 censeat
