  <div class='ocr_page' id='page_1' title='image "/cluster/home/n/w/nwhite01/storage/ocr_20150623/102/nnc1.0046979620/041.png"; bbox 0 0 4222 6432; ppageno 0'>
   <div class='ocr_carea' id='block_1_1' title="bbox 747 410 3990 483">
    <p class='ocr_par' dir='ltr' id='par_1_1' title="bbox 747 410 3990 483">
     <span class='ocr_line' id='line_1_1' title="bbox 747 410 3990 483; baseline -0.006 -3"><span class='ocrx_word' id='word_1_1' title='bbox 747 420 815 483; x_wconf 81' lang='lat'><strong>67</strong></span> <span class='ocrx_word' id='word_1_2' title='bbox 1870 414 2130 475; x_wconf 85' lang='lat' dir='ltr'><strong>PIIOTII</strong></span> <span class='ocrx_word' id='word_1_3' title='bbox 2167 410 2676 472; x_wconf 76' lang='lat' dir='ltr'><strong>PATRIARCll/E</strong></span> <span class='ocrx_word' id='word_1_4' title='bbox 2717 412 2805 471; x_wconf 85' lang='lat' dir='ltr'><strong>CP</strong></span> <span class='ocrx_word' id='word_1_5' title='bbox 3919 415 3990 478; x_wconf 71' lang='grc' dir='ltr'>εδ</span> 
     </span>
    </p>
   </div>
   <div class='ocr_carea' id='block_1_2' title="bbox 746 524 2413 600">
    <p class='ocr_par' dir='ltr' id='par_1_2' title="bbox 746 526 2391 599">
     <span class='ocr_line' id='line_1_2' title="bbox 746 526 2391 599; baseline -0.005 -14"><span class='ocrx_word' id='word_1_6' title='bbox 746 531 1077 585; x_wconf 77' lang='lat' dir='ltr'><strong>zizaniorum</strong></span> <span class='ocrx_word' id='word_1_7' title='bbox 1102 527 1488 599; x_wconf 77' lang='lat' dir='ltr'><strong>agriculturam</strong></span> <span class='ocrx_word' id='word_1_8' title='bbox 1516 526 1614 580; x_wconf 85' lang='lat' dir='ltr'><strong>sibi</strong></span> <span class='ocrx_word' id='word_1_9' title='bbox 1645 527 1958 588; x_wconf 87' lang='lat' dir='ltr'><strong>concilians,</strong></span> <span class='ocrx_word' id='word_1_10' title='bbox 1987 528 2190 595; x_wconf 82' lang='lat' dir='ltr'><strong>reliqua</strong></span> <span class='ocrx_word' id='word_1_11' title='bbox 2215 526 2316 578; x_wconf 92' lang='lat' dir='ltr'><strong>im-</strong></span> <span class='ocrx_word' id='word_1_12' title='bbox 2344 528 2391 584; x_wconf 71' lang='grc' dir='ltr'><strong>Α</strong></span> 
     </span>
    </p>
   </div>
   <div class='ocr_carea' id='block_1_3' title="bbox 2323 524 3990 600">
    <p class='ocr_par' dir='ltr' id='par_1_3' title="bbox 2344 524 3990 600">
     <span class='ocr_line' id='line_1_3' title="bbox 2344 524 3990 600; baseline 0.004 -24"><span class='ocrx_word' id='word_1_13' title='bbox 2344 528 2391 584; x_wconf 72' lang='grc' dir='ltr'><strong>Α</strong></span> <span class='ocrx_word' id='word_1_14' title='bbox 2421 524 2604 578; x_wconf 83' lang='grc' dir='ltr'>Ταῦτα</span> <span class='ocrx_word' id='word_1_15' title='bbox 2627 527 2720 578; x_wconf 82' lang='grc' dir='ltr'>καὶ</span> <span class='ocrx_word' id='word_1_16' title='bbox 2738 525 2963 580; x_wconf 83' lang='grc' dir='ltr'>τοιαῦτα</span> <span class='ocrx_word' id='word_1_17' title='bbox 2983 526 3145 596; x_wconf 76' lang='grc' dir='ltr'>ἕτερα</span> <span class='ocrx_word' id='word_1_18' title='bbox 3164 529 3225 582; x_wconf 86' lang='grc' dir='ltr'>τὺ</span> <span class='ocrx_word' id='word_1_19' title='bbox 3248 529 3685 600; x_wconf 82' lang='grc' dir='ltr'><strong>γυναικόμορφον</strong></span> <span class='ocrx_word' id='word_1_20' title='bbox 3701 529 3877 583; x_wconf 76' lang='grc' dir='ltr'>ἐκεῖνο</span> <span class='ocrx_word' id='word_1_21' title='bbox 3890 531 3990 599; x_wconf 83' lang='grc' dir='ltr'><strong>τῆς</strong></span> 
     </span>
    </p>
   </div>
   <div class='ocr_carea' id='block_1_4' title="bbox 746 618 2313 691">
    <p class='ocr_par' dir='ltr' id='par_1_4' title="bbox 746 618 2313 691">
     <span class='ocr_line' id='line_1_4' title="bbox 746 618 2313 691; baseline -0.001 -18"><span class='ocrx_word' id='word_1_22' title='bbox 746 623 964 691; x_wconf 88' lang='lat' dir='ltr'><strong>pietatis</strong></span> <span class='ocrx_word' id='word_1_23' title='bbox 997 621 1240 690; x_wconf 83' lang='lat' dir='ltr'><strong>germina</strong></span> <span class='ocrx_word' id='word_1_24' title='bbox 1275 619 1428 671; x_wconf 82' lang='lat' dir='ltr'><strong>facile</strong></span> <span class='ocrx_word' id='word_1_25' title='bbox 1461 619 1510 670; x_wconf 82' lang='lat' dir='ltr'><strong>in</strong></span> <span class='ocrx_word' id='word_1_26' title='bbox 1548 635 1613 673; x_wconf 90' lang='lat' dir='ltr'><strong>eo</strong></span> <span class='ocrx_word' id='word_1_27' title='bbox 1650 619 1915 688; x_wconf 82' lang='lat' dir='ltr'><strong>pullulare</strong></span> <span class='ocrx_word' id='word_1_28' title='bbox 1960 618 2110 682; x_wconf 92' lang='lat' dir='ltr'><strong>fecit,</strong></span> <span class='ocrx_word' id='word_1_29' title='bbox 2167 618 2313 685; x_wconf 76' lang='lat' dir='ltr'><strong>ejus-</strong></span> 
     </span>
    </p>
   </div>
   <div class='ocr_carea' id='block_1_5' title="bbox 744 709 2313 780">
    <p class='ocr_par' dir='ltr' id='par_1_5' title="bbox 744 709 2313 780">
     <span class='ocr_line' id='line_1_5' title="bbox 744 709 2313 780; baseline -0.001 -16"><span class='ocrx_word' id='word_1_30' title='bbox 744 727 849 780; x_wconf 86' lang='lat' dir='ltr'><strong>que</strong></span> <span class='ocrx_word' id='word_1_31' title='bbox 878 713 1112 764; x_wconf 84' lang='lat' dir='ltr'><strong>animam</strong></span> <span class='ocrx_word' id='word_1_32' title='bbox 1149 719 1203 762; x_wconf 93' lang='lat' dir='ltr'><strong>ul</strong></span> <span class='ocrx_word' id='word_1_33' title='bbox 1230 725 1416 778; x_wconf 80' lang='lat' dir='ltr'><strong>agrum</strong></span> <span class='ocrx_word' id='word_1_34' title='bbox 1451 709 1599 762; x_wconf 86' lang='lat' dir='ltr'><strong>exilii</strong></span> <span class='ocrx_word' id='word_1_35' title='bbox 1642 719 1696 764; x_wconf 86' lang='lat' dir='ltr'><strong>et</strong></span> <span class='ocrx_word' id='word_1_36' title='bbox 1729 710 2094 778; x_wconf 79' lang='lat' dir='ltr'><strong>corruptionis</strong></span> <span class='ocrx_word' id='word_1_37' title='bbox 2125 710 2313 764; x_wconf 88' lang='lat' dir='ltr'><strong>fructi-</strong></span> 
     </span>
    </p>
   </div>
   <div class='ocr_carea' id='block_1_6' title="bbox 743 800 2312 872">
    <p class='ocr_par' dir='ltr' id='par_1_6' title="bbox 743 800 2312 872">
     <span class='ocr_line' id='line_1_6' title="bbox 743 800 2312 872; baseline -0.001 -16"><span class='ocrx_word' id='word_1_38' title='bbox 743 804 844 856; x_wconf 88' lang='lat' dir='ltr'><strong>bus</strong></span> <span class='ocrx_word' id='word_1_39' title='bbox 875 802 1175 872; x_wconf 80' lang='lat' dir='ltr'><strong>omnigenis</strong></span> <span class='ocrx_word' id='word_1_40' title='bbox 1205 801 1424 869; x_wconf 88' lang='lat' dir='ltr'><strong>plenum</strong></span> <span class='ocrx_word' id='word_1_41' title='bbox 1453 800 1728 864; x_wconf 73' lang='lat' dir='ltr'><strong>exhibuit;</strong></span> <span class='ocrx_word' id='word_1_42' title='bbox 1767 801 1839 853; x_wconf 92' lang='lat' dir='ltr'><strong>ita</strong></span> <span class='ocrx_word' id='word_1_43' title='bbox 1875 810 1925 853; x_wconf 92' lang='lat' dir='ltr'><strong>ul</strong></span> <span class='ocrx_word' id='word_1_44' title='bbox 1960 816 2172 863; x_wconf 89' lang='lat' dir='ltr'><strong>omnes,</strong></span> <span class='ocrx_word' id='word_1_45' title='bbox 2222 802 2312 870; x_wconf 88' lang='lat' dir='ltr'><strong>qui</strong></span> 
     </span>
    </p>
   </div>
   <div class='ocr_carea' id='block_1_7' title="bbox 744 893 2314 962">
    <p class='ocr_par' dir='ltr' id='par_1_7' title="bbox 744 893 2314 962">
     <span class='ocr_line' id='line_1_7' title="bbox 744 893 2314 962; baseline -0.001 -14"><span class='ocrx_word' id='word_1_46' title='bbox 744 904 871 948; x_wconf 88' lang='lat' dir='ltr'><strong>ante</strong></span> <span class='ocrx_word' id='word_1_47' title='bbox 899 894 1112 947; x_wconf 78' lang='lat' dir='ltr'><strong>fuerant</strong></span> <span class='ocrx_word' id='word_1_48' title='bbox 1167 893 1442 961; x_wconf 84' lang='lat' dir='ltr'><strong>impietate</strong></span> <span class='ocrx_word' id='word_1_49' title='bbox 1491 893 1789 962; x_wconf 89' lang='lat' dir='ltr'><strong>conspicui,</strong></span> <span class='ocrx_word' id='word_1_50' title='bbox 1841 894 1894 947; x_wconf 92' lang='lat' dir='ltr'><strong>in</strong></span> <span class='ocrx_word' id='word_1_51' title='bbox 1941 895 2041 949; x_wconf 87' lang='lat' dir='ltr'><strong>hac</strong></span> <span class='ocrx_word' id='word_1_52' title='bbox 2083 896 2314 948; x_wconf 77' lang='lat' dir='ltr'><strong>maxime</strong></span> 
     </span>
    </p>
   </div>
   <div class='ocr_carea' id='block_1_8' title="bbox 744 987 2313 1056">
    <p class='ocr_par' dir='ltr' id='par_1_8' title="bbox 744 987 2313 1056">
     <span class='ocr_line' id='line_1_8' title="bbox 744 987 2313 1056; baseline -0.001 -17"><span class='ocrx_word' id='word_1_53' title='bbox 744 987 960 1049; x_wconf 70' lang='lat' dir='ltr'><strong>hmresi,</strong></span> <span class='ocrx_word' id='word_1_54' title='bbox 1021 987 1163 1039; x_wconf 87' lang='lat' dir='ltr'><strong>velut</strong></span> <span class='ocrx_word' id='word_1_55' title='bbox 1199 990 1348 1053; x_wconf 80' lang='lat' dir='ltr'><strong>pueri</strong></span> <span class='ocrx_word' id='word_1_56' title='bbox 1377 996 1697 1054; x_wconf 87' lang='lat' dir='ltr'><strong>putarentur</strong></span> <span class='ocrx_word' id='word_1_57' title='bbox 1723 1003 1840 1040; x_wconf 90' lang='lat' dir='ltr'><strong>esse</strong></span> <span class='ocrx_word' id='word_1_58' title='bbox 1873 988 2163 1056; x_wconf 87' lang='lat' dir='ltr'><strong>comparati</strong></span> <span class='ocrx_word' id='word_1_59' title='bbox 2191 1002 2313 1041; x_wconf 89' lang='lat' dir='ltr'><strong>cum</strong></span> 
     </span>
    </p>
   </div>
   <div class='ocr_carea' id='block_1_9' title="bbox 745 1077 2314 1146">
    <p class='ocr_par' dir='ltr' id='par_1_9' title="bbox 745 1077 2314 1146">
     <span class='ocr_line' id='line_1_9' title="bbox 745 1077 2314 1146; baseline -0.001 -14"><span class='ocrx_word' id='word_1_60' title='bbox 745 1080 892 1134; x_wconf 86' lang='lat' dir='ltr'><strong>illius</strong></span> <span class='ocrx_word' id='word_1_61' title='bbox 913 1077 1124 1131; x_wconf 90' lang='lat' dir='ltr'><strong>vafrilie</strong></span> <span class='ocrx_word' id='word_1_62' title='bbox 1147 1086 1203 1130; x_wconf 90' lang='lat' dir='ltr'><strong>et</strong></span> <span class='ocrx_word' id='word_1_63' title='bbox 1230 1078 1489 1144; x_wconf 81' lang='lat' dir='ltr'><strong>captiosis</strong></span> <span class='ocrx_word' id='word_1_64' title='bbox 1515 1079 1772 1139; x_wconf 89' lang='lat' dir='ltr'><strong>moribus,</strong></span> <span class='ocrx_word' id='word_1_65' title='bbox 1804 1078 2028 1146; x_wconf 89' lang='lat' dir='ltr'><strong>aliisque</strong></span> <span class='ocrx_word' id='word_1_66' title='bbox 2058 1078 2123 1130; x_wconf 89' lang='lat' dir='ltr'><strong>ad</strong></span> <span class='ocrx_word' id='word_1_67' title='bbox 2160 1078 2314 1131; x_wconf 85' lang='lat' dir='ltr'><strong>falla-</strong></span> 
     </span>
    </p>
   </div>
   <div class='ocr_carea' id='block_1_10' title="bbox 744 1167 2312 1236">
    <p class='ocr_par' dir='ltr' id='par_1_10' title="bbox 744 1167 2312 1236">
     <span class='ocr_line' id='line_1_10' title="bbox 744 1167 2312 1236; baseline -0.001 -14"><span class='ocrx_word' id='word_1_68' title='bbox 744 1169 880 1222; x_wconf 89' lang='lat' dir='ltr'><strong>ciam</strong></span> <span class='ocrx_word' id='word_1_69' title='bbox 912 1167 1226 1236; x_wconf 88' lang='lat' dir='ltr'><strong>compositis</strong></span> <span class='ocrx_word' id='word_1_70' title='bbox 1266 1167 1712 1220; x_wconf 88' lang='lat' dir='ltr'><strong>machinamentis</strong></span> <span class='ocrx_word' id='word_1_71' title='bbox 1763 1177 1923 1235; x_wconf 89' lang='lat' dir='ltr'><strong>atque</strong></span> <span class='ocrx_word' id='word_1_72' title='bbox 1971 1169 2312 1220; x_wconf 89' lang='lat' dir='ltr'><strong>commentis.</strong></span> 
     </span>
    </p>
   </div>
   <div class='ocr_carea' id='block_1_11' title="bbox 745 1258 2316 1326">
    <p class='ocr_par' dir='ltr' id='par_1_11' title="bbox 745 1258 2316 1326">
     <span class='ocr_line' id='line_1_11' title="bbox 745 1258 2316 1326; baseline -0.001 -14"><span class='ocrx_word' id='word_1_73' title='bbox 745 1261 880 1312; x_wconf 87' lang='lat' dir='ltr'><strong>Nam</strong></span> <span class='ocrx_word' id='word_1_74' title='bbox 939 1259 1056 1326; x_wconf 89' lang='lat' dir='ltr'><strong>ejus</strong></span> <span class='ocrx_word' id='word_1_75' title='bbox 1108 1258 1553 1326; x_wconf 67' lang='lat' dir='ltr'><strong>prazdecessores,</strong></span> <span class='ocrx_word' id='word_1_76' title='bbox 1613 1259 1823 1312; x_wconf 86' lang='lat' dir='ltr'><strong>etiamsi</strong></span> <span class='ocrx_word' id='word_1_77' title='bbox 1856 1260 1908 1311; x_wconf 93' lang='lat' dir='ltr'><strong>in</strong></span> <span class='ocrx_word' id='word_1_78' title='bbox 1968 1275 2125 1313; x_wconf 70' lang='lat' dir='ltr'><strong>emno</strong></span> <span class='ocrx_word' id='word_1_79' title='bbox 2161 1261 2316 1313; x_wconf 89' lang='lat' dir='ltr'><strong>lasci-</strong></span> 
     </span>
    </p>
   </div>
   <div class='ocr_carea' id='block_1_12' title="bbox 747 1348 2315 1416">
    <p class='ocr_par' dir='ltr' id='par_1_12' title="bbox 747 1348 2315 1416">
     <span class='ocr_line' id='line_1_12' title="bbox 747 1348 2315 1416; baseline 0.001 -16"><span class='ocrx_word' id='word_1_80' title='bbox 747 1352 868 1407; x_wconf 64' lang='lat' dir='ltr'><strong>vim.</strong></span> <span class='ocrx_word' id='word_1_81' title='bbox 921 1348 1141 1400; x_wconf 84' lang='lat' dir='ltr'><strong>nefariis</strong></span> <span class='ocrx_word' id='word_1_82' title='bbox 1177 1348 1454 1415; x_wconf 83' lang='lat' dir='ltr'><strong>Operibus,</strong></span> <span class='ocrx_word' id='word_1_83' title='bbox 1501 1348 1912 1416; x_wconf 84' lang='lat' dir='ltr'><strong>ingentibusque</strong></span> <span class='ocrx_word' id='word_1_84' title='bbox 1941 1359 2130 1402; x_wconf 91' lang='lat' dir='ltr'><strong>contra</strong></span> <span class='ocrx_word' id='word_1_85' title='bbox 2150 1350 2315 1402; x_wconf 82' lang='lat' dir='ltr'><strong>Deum</strong></span> 
     </span>
    </p>
   </div>
   <div class='ocr_carea' id='block_1_13' title="bbox 745 1439 2316 1508">
    <p class='ocr_par' dir='ltr' id='par_1_13' title="bbox 745 1439 2316 1508">
     <span class='ocr_line' id='line_1_13' title="bbox 745 1439 2316 1508; baseline 0.002 -16"><span class='ocrx_word' id='word_1_86' title='bbox 745 1439 1098 1508; x_wconf 80' lang='lat' dir='ltr'><strong>blasphemiis</strong></span> <span class='ocrx_word' id='word_1_87' title='bbox 1129 1441 1299 1507; x_wconf 87' lang='lat' dir='ltr'><strong>prima</strong></span> <span class='ocrx_word' id='word_1_88' title='bbox 1330 1439 1640 1502; x_wconf 78' lang='lat' dir='ltr'><strong>tenuerint;</strong></span> <span class='ocrx_word' id='word_1_89' title='bbox 1695 1449 1748 1492; x_wconf 89' lang='lat' dir='ltr'><strong>et</strong></span> <span class='ocrx_word' id='word_1_90' title='bbox 1780 1439 1851 1491; x_wconf 92' lang='lat' dir='ltr'><strong>illi</strong></span> <span class='ocrx_word' id='word_1_91' title='bbox 1893 1441 2235 1494; x_wconf 83' lang='lat' dir='ltr'><strong>abominandi</strong></span> <span class='ocrx_word' id='word_1_92' title='bbox 2265 1451 2316 1495; x_wconf 90' lang='lat' dir='ltr'><strong>et</strong></span> 
     </span>
    </p>
   </div>
   <div class='ocr_carea' id='block_1_14' title="bbox 746 1530 2319 1598">
    <p class='ocr_par' dir='ltr' id='par_1_14' title="bbox 746 1530 2319 1598">
     <span class='ocr_line' id='line_1_14' title="bbox 746 1530 2319 1598; baseline 0 -14"><span class='ocrx_word' id='word_1_93' title='bbox 746 1531 1056 1585; x_wconf 88' lang='lat' dir='ltr'><strong>exsecrandi</strong></span> <span class='ocrx_word' id='word_1_94' title='bbox 1097 1531 1236 1598; x_wconf 87' lang='lat' dir='ltr'><strong>apud</strong></span> <span class='ocrx_word' id='word_1_95' title='bbox 1263 1546 1454 1583; x_wconf 90' lang='lat' dir='ltr'><strong>omnes</strong></span> <span class='ocrx_word' id='word_1_96' title='bbox 1483 1530 1595 1583; x_wconf 89' lang='lat' dir='ltr'><strong>fere</strong></span> <span class='ocrx_word' id='word_1_97' title='bbox 1643 1530 1983 1583; x_wconf 88' lang='lat' dir='ltr'><strong>habebantur</strong></span> <span class='ocrx_word' id='word_1_98' title='bbox 2017 1548 2030 1584; x_wconf 90' lang='lat'><strong>:</strong></span> <span class='ocrx_word' id='word_1_99' title='bbox 2071 1546 2194 1583; x_wconf 87' lang='lat' dir='ltr'><strong>nam</strong></span> <span class='ocrx_word' id='word_1_100' title='bbox 2227 1533 2319 1584; x_wconf 87' lang='lat' dir='ltr'><strong>de-</strong></span> 
     </span>
    </p>
   </div>
   <div class='ocr_carea' id='block_1_15' title="bbox 750 1620 2320 1688">
    <p class='ocr_par' dir='ltr' id='par_1_15' title="bbox 750 1620 2320 1688">
     <span class='ocr_line' id='line_1_15' title="bbox 750 1620 2320 1688; baseline 0 -14"><span class='ocrx_word' id='word_1_101' title='bbox 750 1622 1120 1674; x_wconf 88' lang='lat' dir='ltr'><strong>tcstandorum</strong></span> <span class='ocrx_word' id='word_1_102' title='bbox 1159 1620 1467 1673; x_wconf 90' lang='lat' dir='ltr'><strong>facinorum</strong></span> <span class='ocrx_word' id='word_1_103' title='bbox 1524 1621 1894 1688; x_wconf 84' lang='lat' dir='ltr'><strong>conspicuitas</strong></span> <span class='ocrx_word' id='word_1_104' title='bbox 1921 1621 2164 1674; x_wconf 91' lang='lat' dir='ltr'><strong>omnium</strong></span> <span class='ocrx_word' id='word_1_105' title='bbox 2191 1621 2320 1688; x_wconf 75' lang='lat' dir='ltr'><strong>ipsis</strong></span> 
     </span>
    </p>
   </div>
   <div class='ocr_carea' id='block_1_16' title="bbox 748 1711 2319 1778">
    <p class='ocr_par' dir='ltr' id='par_1_16' title="bbox 748 1711 2319 1778">
     <span class='ocr_line' id='line_1_16' title="bbox 748 1711 2319 1778; baseline 0.001 -15"><span class='ocrx_word' id='word_1_106' title='bbox 748 1713 932 1764; x_wconf 90' lang='lat' dir='ltr'><strong>odium</strong></span> <span class='ocrx_word' id='word_1_107' title='bbox 961 1711 1308 1773; x_wconf 89' lang='lat' dir='ltr'><strong>conciliabat,</strong></span> <span class='ocrx_word' id='word_1_108' title='bbox 1347 1725 1653 1778; x_wconf 85' lang='lat' dir='ltr'><strong>paucosque</strong></span> <span class='ocrx_word' id='word_1_109' title='bbox 1681 1711 1906 1764; x_wconf 78' lang='lat' dir='ltr'><strong>vidisses</strong></span> <span class='ocrx_word' id='word_1_110' title='bbox 1934 1712 2145 1764; x_wconf 89' lang='lat' dir='ltr'><strong>illorum</strong></span> <span class='ocrx_word' id='word_1_111' title='bbox 2168 1712 2319 1764; x_wconf 87' lang='lat' dir='ltr'><strong>falla—</strong></span> 
     </span>
    </p>
   </div>
   <div class='ocr_carea' id='block_1_17' title="bbox 2416 615 3989 689">
    <p class='ocr_par' dir='ltr' id='par_1_17' title="bbox 2416 615 3989 689">
     <span class='ocr_line' id='line_1_17' title="bbox 2416 615 3989 689; baseline 0.004 -23"><span class='ocrx_word' id='word_1_112' title='bbox 2416 615 2632 683; x_wconf 85' lang='grc' dir='ltr'>ὰπάτης</span> <span class='ocrx_word' id='word_1_113' title='bbox 2661 616 2892 685; x_wconf 71' lang='grc' dir='ltr'>ὄργανον</span> <span class='ocrx_word' id='word_1_114' title='bbox 2922 615 3000 685; x_wconf 80' lang='grc' dir='ltr'>τῷ</span> <span class='ocrx_word' id='word_1_115' title='bbox 3027 618 3322 687; x_wconf 81' lang='grc' dir='ltr'>τρισαθλίῳ</span> <span class='ocrx_word' id='word_1_116' title='bbox 3344 621 3702 689; x_wconf 87' lang='grc' dir='ltr'>προτείνουσα</span> <span class='ocrx_word' id='word_1_117' title='bbox 3727 619 3822 673; x_wconf 81' lang='grc' dir='ltr'>καὶ</span> <span class='ocrx_word' id='word_1_118' title='bbox 3847 621 3989 672; x_wconf 83' lang='grc' dir='ltr'><strong>κατά</strong></span> 
     </span>
    </p>
   </div>
   <div class='ocr_carea' id='block_1_18' title="bbox 2418 705 3986 779">
    <p class='ocr_par' dir='ltr' id='par_1_18' title="bbox 2418 705 3986 779">
     <span class='ocr_line' id='line_1_18' title="bbox 2418 705 3986 779; baseline 0.004 -24"><span class='ocrx_word' id='word_1_119' title='bbox 2418 705 2614 774; x_wconf 82' lang='grc' dir='ltr'>μικρὸν</span> <span class='ocrx_word' id='word_1_120' title='bbox 2651 705 3115 775; x_wconf 83' lang='grc' dir='ltr'>ύπογοητεύουσα,</span> <span class='ocrx_word' id='word_1_121' title='bbox 3151 709 3383 778; x_wconf 74' lang='grc' dir='ltr'>ἐπείπερ</span> <span class='ocrx_word' id='word_1_122' title='bbox 3415 710 3537 761; x_wconf 84' lang='grc' dir='ltr'>ὅλον</span> <span class='ocrx_word' id='word_1_123' title='bbox 3565 711 3700 779; x_wconf 79' lang='grc' dir='ltr'>αὐτῇ</span> <span class='ocrx_word' id='word_1_124' title='bbox 3729 710 3986 779; x_wconf 88' lang='grc' dir='ltr'>προσκλι-</span> 
     </span>
    </p>
   </div>
   <div class='ocr_carea' id='block_1_19' title="bbox 2414 794 3985 873">
    <p class='ocr_par' dir='ltr' id='par_1_19' title="bbox 2414 794 3985 873">
     <span class='ocr_line' id='line_1_19' title="bbox 2414 794 3985 873; baseline 0.003 -25"><span class='ocrx_word' id='word_1_125' title='bbox 2414 797 2576 851; x_wconf 85' lang='grc' dir='ltr'>θέντα</span> <span class='ocrx_word' id='word_1_126' title='bbox 2603 794 2717 867; x_wconf 74' lang='grc' dir='ltr'>εἶχε</span> <span class='ocrx_word' id='word_1_127' title='bbox 2751 800 2845 850; x_wconf 74' lang='grc' dir='ltr'>καὶ</span> <span class='ocrx_word' id='word_1_128' title='bbox 2875 799 3128 868; x_wconf 87' lang='grc' dir='ltr'>καθάπερ</span> <span class='ocrx_word' id='word_1_129' title='bbox 3161 801 3464 871; x_wconf 80' lang='grc' dir='ltr'><strong>διδασκάλῳ</strong></span> <span class='ocrx_word' id='word_1_130' title='bbox 3496 801 3607 871; x_wconf 71' lang='grc'><strong>(12)</strong></span> <span class='ocrx_word' id='word_1_131' title='bbox 3647 803 3985 873; x_wconf 75' lang='grc' dir='ltr'>προσέχοντα</span> 
     </span>
    </p>
   </div>
   <div class='ocr_carea' id='block_1_20' title="bbox 2416 889 3985 963">
    <p class='ocr_par' dir='ltr' id='par_1_20' title="bbox 2416 889 3985 963">
     <span class='ocr_line' id='line_1_20' title="bbox 2416 889 3985 963; baseline 0.003 -24"><span class='ocrx_word' id='word_1_132' title='bbox 2416 889 2559 952; x_wconf 81' lang='grc' dir='ltr'>ἴδεν,</span> <span class='ocrx_word' id='word_1_133' title='bbox 2611 889 2956 943; x_wconf 84' lang='grc' dir='ltr'>ὑπολαϐοῦσα</span> <span class='ocrx_word' id='word_1_134' title='bbox 3005 889 3070 960; x_wconf 82' lang='grc' dir='ltr'>δὴ</span> <span class='ocrx_word' id='word_1_135' title='bbox 3099 891 3233 960; x_wconf 80' lang='grc'><strong>(15),</strong></span> <span class='ocrx_word' id='word_1_136' title='bbox 3267 893 3379 962; x_wconf 84' lang='grc' dir='ltr'>Τῆς</span> <span class='ocrx_word' id='word_1_137' title='bbox 3415 892 3712 963; x_wconf 84' lang='grc' dir='ltr'>βασιλείας,</span> <span class='ocrx_word' id='word_1_138' title='bbox 3759 893 3985 962; x_wconf 80' lang='grc' dir='ltr'>ἔφησεν,</span> 
     </span>
    </p>
   </div>
   <div class='ocr_carea' id='block_1_21' title="bbox 2416 981 3988 1054">
    <p class='ocr_par' dir='ltr' id='par_1_21' title="bbox 2416 981 3988 1054">
     <span class='ocr_line' id='line_1_21' title="bbox 2416 981 3988 1054; baseline 0.001 -20"><span class='ocrx_word' id='word_1_139' title='bbox 2416 984 2522 1035; x_wconf 80' lang='grc' dir='ltr'>υἱοὶ</span> <span class='ocrx_word' id='word_1_140' title='bbox 2551 984 2600 1035; x_wconf 78' lang='grc' dir='ltr'>οἱ</span> <span class='ocrx_word' id='word_1_141' title='bbox 2631 981 2836 1052; x_wconf 79' lang='grc' dir='ltr'><strong>ταύτης</strong></span> <span class='ocrx_word' id='word_1_142' title='bbox 2871 985 2968 1053; x_wconf 85' lang='grc' dir='ltr'>μὲν</span> <span class='ocrx_word' id='word_1_143' title='bbox 3011 984 3398 1054; x_wconf 74' lang='grc' dir='ltr'>ἐκϐαλλόμενοι</span> <span class='ocrx_word' id='word_1_144' title='bbox 3421 1025 3435 1048; x_wconf 93' lang='grc'><strong>,</strong></span> <span class='ocrx_word' id='word_1_145' title='bbox 3481 983 3559 1054; x_wconf 85' lang='grc' dir='ltr'>τῷ</span> <span class='ocrx_word' id='word_1_146' title='bbox 3603 984 3784 1037; x_wconf 84' lang='grc' dir='ltr'><strong>σκότει</strong></span> <span class='ocrx_word' id='word_1_147' title='bbox 3810 985 3868 1036; x_wconf 80' lang='grc' dir='ltr'>δὲ</span> <span class='ocrx_word' id='word_1_148' title='bbox 3909 987 3988 1053; x_wconf 84' lang='grc' dir='ltr'>τῷ</span> 
     </span>
    </p>
   </div>
   <div class='ocr_carea' id='block_1_22' title="bbox 2417 1069 3988 1145">
    <p class='ocr_par' dir='ltr' id='par_1_22' title="bbox 2417 1069 3988 1145">
     <span class='ocr_line' id='line_1_22' title="bbox 2417 1069 3988 1145; baseline 0.003 -20"><span class='ocrx_word' id='word_1_149' title='bbox 2417 1075 2666 1144; x_wconf 76' lang='grc' dir='ltr'>ἐξωτέρω</span> <span class='ocrx_word' id='word_1_150' title='bbox 2694 1074 3203 1145; x_wconf 79' lang='grc' dir='ltr'><strong>καταδικαζόμενοι,</strong></span> <span class='ocrx_word' id='word_1_151' title='bbox 3230 1069 3374 1128; x_wconf 73' lang='grc' dir='ltr'>οὗτοί</span> <span class='ocrx_word' id='word_1_152' title='bbox 3406 1077 3560 1139; x_wconf 87' lang='grc' dir='ltr'>εἰσιν,</span> <span class='ocrx_word' id='word_1_153' title='bbox 3593 1075 3686 1139; x_wconf 80' lang='grc' dir='ltr'><strong>οὓς</strong></span> <span class='ocrx_word' id='word_1_154' title='bbox 3720 1075 3784 1128; x_wconf 92' lang='grc' dir='ltr'><strong>σύ</strong></span> <span class='ocrx_word' id='word_1_155' title='bbox 3813 1093 3873 1129; x_wconf 90' lang='grc' dir='ltr'><strong>τε</strong></span> <span class='ocrx_word' id='word_1_156' title='bbox 3892 1076 3988 1129; x_wconf 78' lang='grc' dir='ltr'>καὶ</span> 
     </span>
    </p>
   </div>
   <div class='ocr_carea' id='block_1_23' title="bbox 2415 1166 3989 1235">
    <p class='ocr_par' dir='ltr' id='par_1_23' title="bbox 2415 1166 3989 1235">
     <span class='ocr_line' id='line_1_23' title="bbox 2415 1166 3989 1235; baseline 0.003 -20"><span class='ocrx_word' id='word_1_157' title='bbox 2415 1167 2465 1216; x_wconf 89' lang='grc' dir='ltr'>οἱ</span> <span class='ocrx_word' id='word_1_158' title='bbox 2507 1167 2648 1217; x_wconf 85' lang='grc' dir='ltr'><strong>κατά</strong></span> <span class='ocrx_word' id='word_1_159' title='bbox 2693 1166 2753 1217; x_wconf 82' lang='grc' dir='ltr'><strong>σὲ</strong></span> <span class='ocrx_word' id='word_1_160' title='bbox 2811 1167 2997 1233; x_wconf 82' lang='grc' dir='ltr'><strong>ἁγίους</strong></span> <span class='ocrx_word' id='word_1_161' title='bbox 3052 1166 3276 1219; x_wconf 86' lang='grc' dir='ltr'>καλοῦσι</span> <span class='ocrx_word' id='word_1_162' title='bbox 3316 1168 3408 1219; x_wconf 75' lang='grc' dir='ltr'><strong>κα)⁸</strong></span> <span class='ocrx_word' id='word_1_163' title='bbox 3455 1167 3758 1235; x_wconf 80' lang='grc' dir='ltr'>νομίζουσι,</span> <span class='ocrx_word' id='word_1_164' title='bbox 3806 1167 3856 1219; x_wconf 85' lang='grc' dir='ltr'>οἳ</span> <span class='ocrx_word' id='word_1_165' title='bbox 3893 1169 3989 1220; x_wconf 82' lang='grc' dir='ltr'>καὶ</span> 
     </span>
    </p>
   </div>
   <div class='ocr_carea' id='block_1_24' title="bbox 2417 1255 3984 1327">
    <p class='ocr_par' dir='ltr' id='par_1_24' title="bbox 2417 1255 3984 1327">
     <span class='ocr_line' id='line_1_24' title="bbox 2417 1255 3984 1327; baseline 0.001 -21"><span class='ocrx_word' id='word_1_166' title='bbox 2417 1255 2677 1325; x_wconf 85' lang='grc' dir='ltr'>δαίμονας</span> <span class='ocrx_word' id='word_1_167' title='bbox 2715 1257 2825 1324; x_wconf 81' lang='grc'><strong>(14)</strong></span> <span class='ocrx_word' id='word_1_168' title='bbox 2859 1256 3254 1325; x_wconf 85' lang='grc' dir='ltr'>φυγαδεύουσιν</span> <span class='ocrx_word' id='word_1_169' title='bbox 3285 1257 3380 1309; x_wconf 76' lang='grc' dir='ltr'>καὶ</span> <span class='ocrx_word' id='word_1_170' title='bbox 3412 1256 3561 1325; x_wconf 87' lang='grc' dir='ltr'>πάθη</span> <span class='ocrx_word' id='word_1_171' title='bbox 3595 1257 3984 1327; x_wconf 84' lang='grc' dir='ltr'>θεραπεύουσι,</span> 
     </span>
    </p>
   </div>
   <div class='ocr_carea' id='block_1_25' title="bbox 2418 1342 3988 1416">
    <p class='ocr_par' dir='ltr' id='par_1_25' title="bbox 2418 1342 3988 1416">
     <span class='ocr_line' id='line_1_25' title="bbox 2418 1342 3988 1416; baseline 0.001 -19"><span class='ocrx_word' id='word_1_172' title='bbox 2418 1342 2497 1407; x_wconf 74' lang='grc' dir='ltr'>οἷς</span> <span class='ocrx_word' id='word_1_173' title='bbox 2525 1347 2618 1398; x_wconf 80' lang='grc' dir='ltr'>καὶ</span> <span class='ocrx_word' id='word_1_174' title='bbox 2642 1347 2935 1416; x_wconf 82' lang='grc' dir='ltr'>προσάγειν</span> <span class='ocrx_word' id='word_1_175' title='bbox 2950 1347 3278 1413; x_wconf 88' lang='grc' dir='ltr'>διεγνώκατε</span> <span class='ocrx_word' id='word_1_176' title='bbox 3306 1346 3490 1412; x_wconf 92' lang='grc' dir='ltr'>σέϐας,</span> <span class='ocrx_word' id='word_1_177' title='bbox 3517 1346 3606 1399; x_wconf 86' lang='grc' dir='ltr'><strong>τὸν</strong></span> <span class='ocrx_word' id='word_1_178' title='bbox 3625 1347 3785 1416; x_wconf 86' lang='grc' dir='ltr'>μόνον</span> <span class='ocrx_word' id='word_1_179' title='bbox 3806 1347 3988 1411; x_wconf 80' lang='grc' dir='ltr'>ζῶντα</span> 
     </span>
    </p>
   </div>
   <div class='ocr_carea' id='block_1_26' title="bbox 2421 1432 3988 1508">
    <p class='ocr_par' dir='ltr' id='par_1_26' title="bbox 2421 1432 3988 1508">
     <span class='ocr_line' id='line_1_26' title="bbox 2421 1432 3988 1508; baseline 0.001 -19"><span class='ocrx_word' id='word_1_180' title='bbox 2421 1439 2514 1489; x_wconf 82' lang='grc' dir='ltr'><strong>καὶ</strong></span> <span class='ocrx_word' id='word_1_181' title='bbox 2576 1438 2842 1492; x_wconf 84' lang='grc' dir='ltr'>ἀθάνατον</span> <span class='ocrx_word' id='word_1_182' title='bbox 2893 1439 3285 1501; x_wconf 82' lang='grc' dir='ltr'>καταλιπόντες</span> <span class='ocrx_word' id='word_1_183' title='bbox 3328 1439 3440 1508; x_wconf 83' lang='grc'><strong>(15)</strong></span> <span class='ocrx_word' id='word_1_184' title='bbox 3484 1439 3650 1491; x_wconf 86' lang='grc' dir='ltr'>Θεόν·</span> <span class='ocrx_word' id='word_1_185' title='bbox 3702 1432 3848 1492; x_wconf 73' lang='grc' dir='ltr'>οὗτοι</span> <span class='ocrx_word' id='word_1_186' title='bbox 3876 1441 3988 1508; x_wconf 83' lang='grc' dir='ltr'><strong>γὰρ</strong></span> 
     </span>
    </p>
   </div>
   <div class='ocr_carea' id='block_1_27' title="bbox 2420 1523 3985 1600">
    <p class='ocr_par' dir='ltr' id='par_1_27' title="bbox 2420 1523 3985 1600">
     <span class='ocr_line' id='line_1_27' title="bbox 2420 1523 3985 1600; baseline 0 -20"><span class='ocrx_word' id='word_1_187' title='bbox 2420 1523 2566 1582; x_wconf 76' lang='grc' dir='ltr'>οὗτοι</span> <span class='ocrx_word' id='word_1_188' title='bbox 2592 1533 2685 1583; x_wconf 70' lang='grc' dir='ltr'>καὶ</span> <span class='ocrx_word' id='word_1_189' title='bbox 2717 1531 2866 1600; x_wconf 83' lang='grc' dir='ltr'>παρὰ</span> <span class='ocrx_word' id='word_1_190' title='bbox 2887 1530 2979 1583; x_wconf 89' lang='grc' dir='ltr'><strong>τοῦ</strong></span> <span class='ocrx_word' id='word_1_191' title='bbox 3001 1529 3210 1583; x_wconf 87' lang='grc' dir='ltr'>δικαίου</span> <span class='ocrx_word' id='word_1_192' title='bbox 3236 1529 3446 1582; x_wconf 81' lang='grc' dir='ltr'>ἐκεῖθεν</span> <span class='ocrx_word' id='word_1_193' title='bbox 3495 1528 3748 1582; x_wconf 80' lang='grc' dir='ltr'>ἀκούουσι</span> <span class='ocrx_word' id='word_1_194' title='bbox 3772 1530 3985 1599; x_wconf 80' lang='grc' dir='ltr'>κριτοῦ,</span> 
     </span>
    </p>
   </div>
   <div class='ocr_carea' id='block_1_28' title="bbox 2435 1619 3984 1689">
    <p class='ocr_par' dir='ltr' id='par_1_28' title="bbox 2435 1619 3984 1689">
     <span class='ocr_line' id='line_1_28' title="bbox 2435 1619 3984 1689; baseline 0.001 -15"><span class='ocrx_word' id='word_1_195' title='bbox 2435 1620 2805 1689; x_wconf 77' lang='grc' dir='ltr'>Ἆποχωρεῐτε</span> <span class='ocrx_word' id='word_1_196' title='bbox 2825 1622 2925 1674; x_wconf 82' lang='grc' dir='ltr'>ἀπ’</span> <span class='ocrx_word' id='word_1_197' title='bbox 2956 1621 3124 1688; x_wconf 83' lang='grc' dir='ltr'>ἐμοῦ,</span> <span class='ocrx_word' id='word_1_198' title='bbox 3149 1621 3238 1674; x_wconf 85' lang='grc' dir='ltr'>ὅτι</span> <span class='ocrx_word' id='word_1_199' title='bbox 3276 1621 3568 1674; x_wconf 84' lang='grc' dir='ltr'>οὐδέποτε</span> <span class='ocrx_word' id='word_1_200' title='bbox 3587 1620 3780 1688; x_wconf 73' lang='grc' dir='ltr'>ἔγνων</span> <span class='ocrx_word' id='word_1_201' title='bbox 3802 1619 3984 1688; x_wconf 82' lang='grc' dir='ltr'>ὑμᾶς.</span> 
     </span>
    </p>
   </div>
   <div class='ocr_carea' id='block_1_29' title="bbox 2435 1710 3989 1783">
    <p class='ocr_par' dir='ltr' id='par_1_29' title="bbox 2435 1710 3989 1783">
     <span class='ocr_line' id='line_1_29' title="bbox 2435 1710 3989 1783; baseline -0.001 -18"><span class='ocrx_word' id='word_1_202' title='bbox 2435 1714 2528 1765; x_wconf 86' lang='grc' dir='ltr'>Ἐκ</span> <span class='ocrx_word' id='word_1_203' title='bbox 2557 1713 2760 1781; x_wconf 87' lang='grc' dir='ltr'>ταύτης</span> <span class='ocrx_word' id='word_1_204' title='bbox 2785 1710 2879 1766; x_wconf 85' lang='grc' dir='ltr'>οὖν</span> <span class='ocrx_word' id='word_1_205' title='bbox 2906 1712 3018 1782; x_wconf 88' lang='grc'><strong>(16)</strong></span> <span class='ocrx_word' id='word_1_206' title='bbox 3070 1713 3166 1782; x_wconf 83' lang='grc' dir='ltr'>τῆς</span> <span class='ocrx_word' id='word_1_207' title='bbox 3200 1714 3444 1783; x_wconf 81' lang='grc' dir='ltr'>πονηρᾶς</span> <span class='ocrx_word' id='word_1_208' title='bbox 3472 1713 3562 1765; x_wconf 74' lang='grc' dir='ltr'><strong>καὶ</strong></span> <span class='ocrx_word' id='word_1_209' title='bbox 3582 1712 3824 1783; x_wconf 76' lang='grc' dir='ltr'>ὀλεθρίου</span> <span class='ocrx_word' id='word_1_210' title='bbox 3853 1729 3989 1764; x_wconf 81' lang='grc' dir='ltr'>σπο-</span> 
     </span>
    </p>
   </div>
   <div class='ocr_carea' id='block_1_30' title="bbox 749 1801 2416 1872">
    <p class='ocr_par' dir='ltr' id='par_1_30' title="bbox 749 1801 2379 1872">
     <span class='ocr_line' id='line_1_30' title="bbox 749 1801 2379 1872; baseline 0 -17"><span class='ocrx_word' id='word_1_211' title='bbox 749 1803 846 1855; x_wconf 90' lang='lat' dir='ltr'><strong>ciis</strong></span> <span class='ocrx_word' id='word_1_212' title='bbox 892 1802 1313 1862; x_wconf 86' lang='lat' dir='ltr'><strong>circumventos,</strong></span> <span class='ocrx_word' id='word_1_213' title='bbox 1363 1801 1488 1868; x_wconf 89' lang='lat' dir='ltr'><strong>quia</strong></span> <span class='ocrx_word' id='word_1_214' title='bbox 1519 1810 1701 1868; x_wconf 85' lang='lat' dir='ltr'><strong>aperte</strong></span> <span class='ocrx_word' id='word_1_215' title='bbox 1727 1810 1782 1854; x_wconf 91' lang='lat' dir='ltr'><strong>et</strong></span> <span class='ocrx_word' id='word_1_216' title='bbox 1803 1801 1918 1853; x_wconf 92' lang='lat' dir='ltr'><strong>sine</strong></span> <span class='ocrx_word' id='word_1_217' title='bbox 1957 1803 2063 1854; x_wconf 91' lang='lat' dir='ltr'><strong>ullo</strong></span> <span class='ocrx_word' id='word_1_218' title='bbox 2093 1802 2319 1856; x_wconf 86' lang='lat' dir='ltr'><strong>artiﬁcio</strong></span> <span class='ocrx_word' id='word_1_219' title='bbox 2352 1869 2379 1872; x_wconf 91' lang='lat'>_</span> 
     </span>
    </p>
   </div>
   <div class='ocr_carea' id='block_1_31' title="bbox 2322 1801 3989 1872">
    <p class='ocr_par' dir='ltr' id='par_1_31' title="bbox 2352 1802 3989 1872">
     <span class='ocr_line' id='line_1_31' title="bbox 2352 1802 3989 1872; baseline 0.001 -19"><span class='ocrx_word' id='word_1_220' title='bbox 2352 1869 2379 1872; x_wconf 90' lang='lat'>_</span> <span class='ocrx_word' id='word_1_221' title='bbox 2425 1804 2524 1872; x_wconf 70' lang='grc' dir='ltr'>ρᾶς</span> <span class='ocrx_word' id='word_1_222' title='bbox 2547 1803 2637 1855; x_wconf 84' lang='grc' dir='ltr'><strong>τὸν</strong></span> <span class='ocrx_word' id='word_1_223' title='bbox 2671 1804 2888 1872; x_wconf 69' lang='grc' dir='ltr'>ἕτοιμον</span> <span class='ocrx_word' id='word_1_224' title='bbox 2921 1805 3001 1865; x_wconf 77' lang='grc' dir='ltr'><strong>εἰς</strong></span> <span class='ocrx_word' id='word_1_225' title='bbox 3030 1805 3306 1871; x_wconf 79' lang='grc' dir='ltr'>γεωργίαν</span> <span class='ocrx_word' id='word_1_226' title='bbox 3346 1804 3445 1872; x_wconf 82' lang='grc' dir='ltr'>τῆς</span> <span class='ocrx_word' id='word_1_227' title='bbox 3478 1802 3733 1867; x_wconf 77' lang='grc' dir='ltr'>ζιζανίων</span> <span class='ocrx_word' id='word_1_228' title='bbox 3782 1803 3989 1871; x_wconf 82' lang='grc' dir='ltr'>ἑαυτῆς</span> 
     </span>
    </p>
   </div>
   <div class='ocr_carea' id='block_1_32' title="bbox 746 1869 2413 1964">
    <p class='ocr_par' dir='ltr' id='par_1_32' title="bbox 746 1869 2392 1962">
     <span class='ocr_line' id='line_1_32' title="bbox 746 1869 2392 1962; baseline -0.001 -16"><span class='ocrx_word' id='word_1_229' title='bbox 746 1910 832 1947; x_wconf 91' lang='lat' dir='ltr'><strong>res</strong></span> <span class='ocrx_word' id='word_1_230' title='bbox 879 1894 1104 1948; x_wconf 79' lang='lat' dir='ltr'><strong>infames</strong></span> <span class='ocrx_word' id='word_1_231' title='bbox 1139 1893 1621 1962; x_wconf 60' lang='lat' dir='ltr'><strong>ignominiosaque</strong></span> <span class='ocrx_word' id='word_1_232' title='bbox 1666 1893 2128 1961; x_wconf 88' lang='lat' dir='ltr'><strong>proponebantur,</strong></span> <span class='ocrx_word' id='word_1_233' title='bbox 2170 1893 2315 1960; x_wconf 90' lang='lat' dir='ltr'><strong>ipsa-</strong></span> <span class='ocrx_word' id='word_1_234' title='bbox 2350 1869 2392 1922; x_wconf 71' lang='grc' dir='ltr'><strong>Β</strong></span> 
     </span>
    </p>
   </div>
   <div class='ocr_carea' id='block_1_33' title="bbox 2321 1869 3988 1964">
    <p class='ocr_par' dir='ltr' id='par_1_33' title="bbox 2350 1869 3988 1964">
     <span class='ocr_line' id='line_1_33' title="bbox 2350 1869 3988 1964; baseline 0 -19"><span class='ocrx_word' id='word_1_235' title='bbox 2350 1869 2392 1922; x_wconf 71' lang='grc' dir='ltr'><strong>Β</strong></span> <span class='ocrx_word' id='word_1_236' title='bbox 2420 1869 2802 1964; x_wconf 55' lang='grc' dir='ltr'>ποιησαμένη,</span> <span class='ocrx_word' id='word_1_237' title='bbox 2826 1895 2924 1964; x_wconf 82' lang='grc' dir='ltr'><strong>τὴν</strong></span> <span class='ocrx_word' id='word_1_238' title='bbox 2977 1869 3168 1963; x_wconf 77' lang='grc' dir='ltr'>λοιπὴν</span> <span class='ocrx_word' id='word_1_239' title='bbox 3194 1869 3324 1946; x_wconf 74' lang='grc' dir='ltr'>τῶν</span> <span class='ocrx_word' id='word_1_240' title='bbox 3343 1869 3719 1962; x_wconf 76' lang='grc' dir='ltr'>’ἀσεϐημάτων</span> <span class='ocrx_word' id='word_1_241' title='bbox 3747 1869 3988 1962; x_wconf 82' lang='grc' dir='ltr'>βλάστην</span> 
     </span>
    </p>
   </div>
   <div class='ocr_carea' id='block_1_34' title="bbox 745 1981 2412 2056">
    <p class='ocr_par' dir='ltr' id='par_1_34' title="bbox 745 1985 2315 2055">
     <span class='ocr_line' id='line_1_34' title="bbox 745 1985 2315 2055; baseline 0 -17"><span class='ocrx_word' id='word_1_242' title='bbox 745 2002 848 2055; x_wconf 85' lang='lat' dir='ltr'><strong>que</strong></span> <span class='ocrx_word' id='word_1_243' title='bbox 874 1986 1192 2040; x_wconf 85' lang='lat' dir='ltr'><strong>defectionis</strong></span> <span class='ocrx_word' id='word_1_244' title='bbox 1244 1987 1576 2054; x_wconf 88' lang='lat' dir='ltr'><strong>impudentia</strong></span> <span class='ocrx_word' id='word_1_245' title='bbox 1617 1985 1684 2038; x_wconf 89' lang='lat' dir='ltr'><strong>ad</strong></span> <span class='ocrx_word' id='word_1_246' title='bbox 1724 1986 1989 2038; x_wconf 85' lang='lat' dir='ltr'><strong>cautelam</strong></span> <span class='ocrx_word' id='word_1_247' title='bbox 2015 1985 2150 2038; x_wconf 88' lang='lat' dir='ltr'><strong>satis</strong></span> <span class='ocrx_word' id='word_1_248' title='bbox 2179 1995 2315 2048; x_wconf 91' lang='lat' dir='ltr'><strong>erat,</strong></span> 
     </span>
    </p>
   </div>
   <div class='ocr_carea' id='block_1_35' title="bbox 2323 1981 3990 2056">
    <p class='ocr_par' dir='ltr' id='par_1_35' title="bbox 2421 1981 3990 2056">
     <span class='ocr_line' id='line_1_35' title="bbox 2421 1981 3990 2056; baseline -0.001 -18"><span class='ocrx_word' id='word_1_249' title='bbox 2421 1986 2661 2055; x_wconf 82' lang='grc' dir='ltr'><strong>εὐχερῶς</strong></span> <span class='ocrx_word' id='word_1_250' title='bbox 2716 1981 2859 2055; x_wconf 85' lang='grc' dir='ltr'>εἶχεν</span> <span class='ocrx_word' id='word_1_251' title='bbox 2907 1987 3211 2056; x_wconf 78' lang='grc' dir='ltr'>αὐτόματον</span> <span class='ocrx_word' id='word_1_252' title='bbox 3247 1987 3648 2055; x_wconf 73' lang='grc' dir='ltr'>ἀναφυομένην,</span> <span class='ocrx_word' id='word_1_253' title='bbox 3694 1985 3790 2038; x_wconf 74' lang='grc' dir='ltr'>καὶ</span> <span class='ocrx_word' id='word_1_254' title='bbox 3844 1986 3990 2037; x_wconf 79' lang='grc' dir='ltr'>οὕτω</span> 
     </span>
    </p>
   </div>
   <div class='ocr_carea' id='block_1_36' title="bbox 745 2075 2412 2148">
    <p class='ocr_par' dir='ltr' id='par_1_36' title="bbox 745 2075 2315 2143">
     <span class='ocr_line' id='line_1_36' title="bbox 745 2075 2315 2143; baseline 0.001 -14"><span class='ocrx_word' id='word_1_255' title='bbox 745 2093 812 2129; x_wconf 89' lang='lat' dir='ltr'><strong>ne</strong></span> <span class='ocrx_word' id='word_1_256' title='bbox 849 2077 969 2143; x_wconf 85' lang='lat' dir='ltr'><strong>quis</strong></span> <span class='ocrx_word' id='word_1_257' title='bbox 996 2077 1149 2131; x_wconf 84' lang='lat' dir='ltr'><strong>facile</strong></span> <span class='ocrx_word' id='word_1_258' title='bbox 1199 2078 1265 2131; x_wconf 89' lang='lat' dir='ltr'><strong>ad</strong></span> <span class='ocrx_word' id='word_1_259' title='bbox 1299 2093 1419 2130; x_wconf 87' lang='lat' dir='ltr'><strong>eam</strong></span> <span class='ocrx_word' id='word_1_260' title='bbox 1453 2075 1771 2138; x_wconf 84' lang='lat' dir='ltr'><strong>declinaret,</strong></span> <span class='ocrx_word' id='word_1_261' title='bbox 1831 2091 1969 2129; x_wconf 89' lang='lat' dir='ltr'><strong>neve</strong></span> <span class='ocrx_word' id='word_1_262' title='bbox 2004 2076 2251 2130; x_wconf 87' lang='lat' dir='ltr'><strong>homines</strong></span> <span class='ocrx_word' id='word_1_263' title='bbox 2286 2092 2315 2131; x_wconf 85' lang='lat' dir='ltr'><strong>a</strong></span> 
     </span>
    </p>
   </div>
   <div class='ocr_carea' id='block_1_37' title="bbox 2320 2075 3987 2148">
    <p class='ocr_par' dir='ltr' id='par_1_37' title="bbox 2421 2077 3987 2148">
     <span class='ocr_line' id='line_1_37' title="bbox 2421 2077 3987 2148; baseline -0.001 -19"><span class='ocrx_word' id='word_1_264' title='bbox 2421 2078 2598 2147; x_wconf 84' lang='grc' dir='ltr'>πάσης</span> <span class='ocrx_word' id='word_1_265' title='bbox 2618 2077 2796 2146; x_wconf 85' lang='grc' dir='ltr'>λύμης</span> <span class='ocrx_word' id='word_1_266' title='bbox 2826 2079 2918 2131; x_wconf 78' lang='grc' dir='ltr'><strong>καὶ</strong></span> <span class='ocrx_word' id='word_1_267' title='bbox 2940 2077 3234 2148; x_wconf 81' lang='grc' dir='ltr'>διαφθορᾶς</span> <span class='ocrx_word' id='word_1_268' title='bbox 3257 2079 3352 2147; x_wconf 84' lang='grc' dir='ltr'>τὴν</span> <span class='ocrx_word' id='word_1_269' title='bbox 3377 2080 3587 2131; x_wconf 77' lang='grc' dir='ltr'>ἐκείνου</span> <span class='ocrx_word' id='word_1_270' title='bbox 3623 2078 3800 2147; x_wconf 76' lang='grc' dir='ltr'>ψυχὴν</span> <span class='ocrx_word' id='word_1_271' title='bbox 3851 2094 3987 2144; x_wconf 85' lang='grc' dir='ltr'>καρ-</span> 
     </span>
    </p>
   </div>
   <div class='ocr_carea' id='block_1_38' title="bbox 745 2169 2412 2240">
    <p class='ocr_par' dir='ltr' id='par_1_38' title="bbox 745 2169 1352 2237">
     <span class='ocr_line' id='line_1_38' title="bbox 745 2169 1352 2237; baseline 0 -17"><span class='ocrx_word' id='word_1_272' title='bbox 745 2169 980 2237; x_wconf 78' lang='lat' dir='ltr'><strong>maligno</strong></span> <span class='ocrx_word' id='word_1_273' title='bbox 1004 2178 1352 2236; x_wconf 87' lang='lat' dir='ltr'><strong>caperentur.</strong></span> 
     </span>
    </p>
   </div>
   <div class='ocr_carea' id='block_1_39' title="bbox 2320 2169 3987 2240">
    <p class='ocr_par' dir='ltr' id='par_1_39' title="bbox 2418 2169 3987 2240">
     <span class='ocr_line' id='line_1_39' title="bbox 2418 2169 3987 2240; baseline -0.002 -18"><span class='ocrx_word' id='word_1_274' title='bbox 2418 2170 2654 2238; x_wconf 81' lang='grc' dir='ltr'>ποφόρον</span> <span class='ocrx_word' id='word_1_275' title='bbox 2698 2169 2897 2238; x_wconf 80' lang='grc' dir='ltr'>χωρίον</span> <span class='ocrx_word' id='word_1_276' title='bbox 2927 2170 3038 2238; x_wconf 85' lang='grc' dir='ltr'><strong>(Π)</strong></span> <span class='ocrx_word' id='word_1_277' title='bbox 3067 2169 3355 2233; x_wconf 83' lang='grc' dir='ltr'>ἀνέδειξεν,</span> <span class='ocrx_word' id='word_1_278' title='bbox 3385 2169 3458 2232; x_wconf 84' lang='grc' dir='ltr'>ὡς</span> <span class='ocrx_word' id='word_1_279' title='bbox 3484 2172 3577 2223; x_wconf 80' lang='grc' dir='ltr'>καὶ</span> <span class='ocrx_word' id='word_1_280' title='bbox 3621 2169 3743 2230; x_wconf 79' lang='grc' dir='ltr'>τοὺς</span> <span class='ocrx_word' id='word_1_281' title='bbox 3775 2170 3987 2240; x_wconf 77' lang='grc' dir='ltr'>ἔμπρο-</span> 
     </span>
    </p>
   </div>
   <div class='ocr_carea' id='block_1_40' title="bbox 747 2260 3988 2334">
    <p class='ocr_par' dir='ltr' id='par_1_40' title="bbox 747 2260 3988 2334">
     <span class='ocr_line' id='line_1_40' title="bbox 747 2260 3988 2334; baseline 0.002 -24"><span class='ocrx_word' id='word_1_282' title='bbox 747 2261 871 2311; x_wconf 84' lang='grc' dir='ltr'>σθεν</span> <span class='ocrx_word' id='word_1_283' title='bbox 905 2262 1112 2321; x_wconf 86' lang='grc' dir='ltr'>πάντας</span> <span class='ocrx_word' id='word_1_284' title='bbox 1158 2262 1243 2312; x_wconf 74' lang='grc' dir='ltr'><strong>ἐπ’</strong></span> <span class='ocrx_word' id='word_1_285' title='bbox 1281 2261 1505 2330; x_wconf 70' lang='grc' dir='ltr'>ἀσεϐείᾳ</span> <span class='ocrx_word' id='word_1_286' title='bbox 1573 2260 1955 2329; x_wconf 84' lang='grc' dir='ltr'>βεϐοημένους,</span> <span class='ocrx_word' id='word_1_287' title='bbox 1997 2260 2090 2313; x_wconf 75' lang='grc' dir='ltr'>καὶ</span> <span class='ocrx_word' id='word_1_288' title='bbox 2120 2262 2354 2328; x_wconf 88' lang='grc' dir='ltr'>μάλιστα</span> <span class='ocrx_word' id='word_1_289' title='bbox 2394 2263 2565 2334; x_wconf 83' lang='grc' dir='ltr'>ταύτῃ</span> <span class='ocrx_word' id='word_1_290' title='bbox 2627 2264 2823 2326; x_wconf 88' lang='grc' dir='ltr'>παῖδας</span> <span class='ocrx_word' id='word_1_291' title='bbox 2875 2264 3193 2332; x_wconf 82' lang='grc' dir='ltr'>νομισθῆναι</span> <span class='ocrx_word' id='word_1_292' title='bbox 3243 2269 3308 2334; x_wconf 79' lang='grc' dir='ltr'>τῇ</span> <span class='ocrx_word' id='word_1_293' title='bbox 3356 2265 3565 2317; x_wconf 79' lang='grc' dir='ltr'>ἐκείνου</span> <span class='ocrx_word' id='word_1_294' title='bbox 3601 2280 3988 2333; x_wconf 86' lang='grc' dir='ltr'>παραμετρου-</span> 
     </span>
    </p>
   </div>
   <div class='ocr_carea' id='block_1_41' title="bbox 750 2350 3990 2427">
    <p class='ocr_par' dir='ltr' id='par_1_41' title="bbox 750 2350 3990 2427">
     <span class='ocr_line' id='line_1_41' title="bbox 750 2350 3990 2427; baseline 0.002 -25"><span class='ocrx_word' id='word_1_295' title='bbox 750 2353 945 2422; x_wconf 81' lang='grc' dir='ltr'>μένους</span> <span class='ocrx_word' id='word_1_296' title='bbox 986 2352 1307 2421; x_wconf 75' lang='grc' dir='ltr'>ῥᾳδιουργίᾳ</span> <span class='ocrx_word' id='word_1_297' title='bbox 1355 2367 1411 2403; x_wconf 88' lang='grc' dir='ltr'><strong>τε</strong></span> <span class='ocrx_word' id='word_1_298' title='bbox 1470 2352 1564 2403; x_wconf 81' lang='grc' dir='ltr'><strong>καὶ</strong></span> <span class='ocrx_word' id='word_1_299' title='bbox 1614 2355 1724 2411; x_wconf 89' lang='grc' dir='ltr'>τοίς</span> <span class='ocrx_word' id='word_1_300' title='bbox 1771 2350 2085 2413; x_wconf 84' lang='grc' dir='ltr'>ὲπικλόποις</span> <span class='ocrx_word' id='word_1_301' title='bbox 2128 2353 2402 2421; x_wconf 74' lang='grc' dir='ltr'>ῆθεσι,καὶ</span> <span class='ocrx_word' id='word_1_302' title='bbox 2432 2359 2497 2425; x_wconf 81' lang='grc' dir='ltr'>τῇ</span> <span class='ocrx_word' id='word_1_303' title='bbox 2530 2355 2665 2426; x_wconf 82' lang='grc' dir='ltr'>άλλη</span> <span class='ocrx_word' id='word_1_304' title='bbox 2715 2359 2812 2427; x_wconf 79' lang='grc' dir='ltr'>τῆς</span> <span class='ocrx_word' id='word_1_305' title='bbox 2874 2357 3088 2425; x_wconf 80' lang='grc' dir='ltr'>ἀπάτης</span> <span class='ocrx_word' id='word_1_306' title='bbox 3146 2357 3520 2427; x_wconf 76' lang='grc' dir='ltr'>μηχανουργίᾳ</span> <span class='ocrx_word' id='word_1_307' title='bbox 3585 2372 3644 2408; x_wconf 91' lang='grc' dir='ltr'><strong>τε</strong></span> <span class='ocrx_word' id='word_1_308' title='bbox 3701 2356 3794 2408; x_wconf 78' lang='grc' dir='ltr'>καὶ</span> <span class='ocrx_word' id='word_1_309' title='bbox 3839 2373 3990 2426; x_wconf 86' lang='grc' dir='ltr'>περι-</span> 
     </span>
    </p>
   </div>
   <div class='ocr_carea' id='block_1_42' title="bbox 745 2441 3990 2520">
    <p class='ocr_par' dir='ltr' id='par_1_42' title="bbox 745 2441 3990 2520">
     <span class='ocr_line' id='line_1_42' title="bbox 745 2441 3990 2520; baseline 0.001 -22"><span class='ocrx_word' id='word_1_310' title='bbox 745 2443 884 2511; x_wconf 69' lang='grc' dir='ltr'>νοίᾳ.</span> <span class='ocrx_word' id='word_1_311' title='bbox 926 2444 983 2495; x_wconf 74' lang='grc' dir='ltr'><strong>ΟΞ</strong></span> <span class='ocrx_word' id='word_1_312' title='bbox 1030 2444 1125 2512; x_wconf 82' lang='grc' dir='ltr'>μὲν</span> <span class='ocrx_word' id='word_1_313' title='bbox 1154 2442 1262 2513; x_wconf 76' lang='grc' dir='ltr'><strong>γὰρ</strong></span> <span class='ocrx_word' id='word_1_314' title='bbox 1293 2442 1398 2511; x_wconf 82' lang='grc' dir='ltr'><strong>πρὸ</strong></span> <span class='ocrx_word' id='word_1_315' title='bbox 1429 2442 1588 2495; x_wconf 77' lang='grc' dir='ltr'>αὑτοῦ</span> <span class='ocrx_word' id='word_1_316' title='bbox 1613 2444 1658 2494; x_wconf 82' lang='grc' dir='ltr'>εἰ</span> <span class='ocrx_word' id='word_1_317' title='bbox 1687 2441 1782 2494; x_wconf 76' lang='grc' dir='ltr'>καὶ</span> <span class='ocrx_word' id='word_1_318' title='bbox 1816 2441 1891 2510; x_wconf 83' lang='grc' dir='ltr'><strong>τῷ</strong></span> <span class='ocrx_word' id='word_1_319' title='bbox 1926 2442 2167 2512; x_wconf 79' lang='grc' dir='ltr'>βορϐόρῳ</span> <span class='ocrx_word' id='word_1_320' title='bbox 2206 2445 2306 2514; x_wconf 81' lang='grc' dir='ltr'>τῆς</span> <span class='ocrx_word' id='word_1_321' title='bbox 2343 2447 2634 2510; x_wconf 83' lang='grc' dir='ltr'>ἀκολασίας</span> <span class='ocrx_word' id='word_1_322' title='bbox 2663 2450 2758 2501; x_wconf 76' lang='grc' dir='ltr'><strong>καὶ</strong></span> <span class='ocrx_word' id='word_1_323' title='bbox 2815 2452 2881 2519; x_wconf 81' lang='grc' dir='ltr'>τῇ</span> <span class='ocrx_word' id='word_1_324' title='bbox 2928 2450 3059 2520; x_wconf 76' lang='grc' dir='ltr'>ἄλλῃ</span> <span class='ocrx_word' id='word_1_325' title='bbox 3101 2450 3207 2502; x_wconf 87' lang='grc' dir='ltr'><strong>τῶν</strong></span> <span class='ocrx_word' id='word_1_326' title='bbox 3247 2451 3421 2520; x_wconf 81' lang='grc' dir='ltr'>ἔργων</span> <span class='ocrx_word' id='word_1_327' title='bbox 3484 2449 3855 2520; x_wconf 70' lang='grc' dir='ltr'>ἀρῤητουργία</span> <span class='ocrx_word' id='word_1_328' title='bbox 3896 2450 3990 2501; x_wconf 82' lang='grc' dir='ltr'>καὶ</span> 
     </span>
    </p>
   </div>
   <div class='ocr_carea' id='block_1_43' title="bbox 744 2532 3990 2610">
    <p class='ocr_par' dir='ltr' id='par_1_43' title="bbox 744 2532 3990 2610">
     <span class='ocr_line' id='line_1_43' title="bbox 744 2532 3990 2610; baseline 0.002 -22"><span class='ocrx_word' id='word_1_329' title='bbox 744 2541 863 2595; x_wconf 81' lang='grc' dir='ltr'>ταῖς</span> <span class='ocrx_word' id='word_1_330' title='bbox 900 2540 975 2599; x_wconf 81' lang='grc' dir='ltr'>εἰς</span> <span class='ocrx_word' id='word_1_331' title='bbox 1019 2537 1151 2588; x_wconf 83' lang='grc' dir='ltr'>Θεὸν</span> <span class='ocrx_word' id='word_1_332' title='bbox 1199 2535 1627 2606; x_wconf 78' lang='grc' dir='ltr'>ἀνυπερϐλήτοις</span> <span class='ocrx_word' id='word_1_333' title='bbox 1668 2532 2041 2602; x_wconf 82' lang='grc' dir='ltr'>βλασφημίαις</span> <span class='ocrx_word' id='word_1_334' title='bbox 2075 2534 2135 2585; x_wconf 87' lang='grc' dir='ltr'>τὸ</span> <span class='ocrx_word' id='word_1_335' title='bbox 2178 2539 2440 2602; x_wconf 77' lang='grc' dir='ltr'>πρωτεῖον</span> <span class='ocrx_word' id='word_1_336' title='bbox 2495 2534 2663 2607; x_wconf 81' lang='grc' dir='ltr'>εἶχον,</span> <span class='ocrx_word' id='word_1_337' title='bbox 2698 2538 2813 2591; x_wconf 84' lang='grc' dir='ltr'>ἀλλ’</span> <span class='ocrx_word' id='word_1_338' title='bbox 2870 2537 2963 2592; x_wconf 78' lang='grc' dir='ltr'>οὖν</span> <span class='ocrx_word' id='word_1_339' title='bbox 3036 2539 3312 2608; x_wconf 82' lang='grc' dir='ltr'>βδελυκτοί</span> <span class='ocrx_word' id='word_1_340' title='bbox 3378 2557 3435 2592; x_wconf 88' lang='grc' dir='ltr'><strong>τε</strong></span> <span class='ocrx_word' id='word_1_341' title='bbox 3479 2542 3576 2595; x_wconf 70' lang='grc' dir='ltr'>καὶ</span> <span class='ocrx_word' id='word_1_342' title='bbox 3633 2542 3990 2610; x_wconf 71' lang='grc' dir='ltr'>ἀποτρόπαιοι</span> 
     </span>
    </p>
   </div>
   <div class='ocr_carea' id='block_1_44' title="bbox 747 2624 3991 2704">
    <p class='ocr_par' dir='ltr' id='par_1_44' title="bbox 747 2624 3991 2704">
     <span class='ocr_line' id='line_1_44' title="bbox 747 2624 3991 2704; baseline 0.002 -22"><span class='ocrx_word' id='word_1_343' title='bbox 747 2630 945 2699; x_wconf 84' lang='grc' dir='ltr'>μικροῦ</span> <span class='ocrx_word' id='word_1_344' title='bbox 987 2631 1150 2681; x_wconf 81' lang='grc' dir='ltr'>πᾶσιν</span> <span class='ocrx_word' id='word_1_345' title='bbox 1187 2629 1497 2697; x_wconf 77' lang='grc' dir='ltr'>ἐνομίζοντο</span> <span class='ocrx_word' id='word_1_346' title='bbox 1546 2628 1659 2687; x_wconf 79' lang='grc' dir='ltr'>τοῖς</span> <span class='ocrx_word' id='word_1_347' title='bbox 1684 2626 1988 2693; x_wconf 83' lang='grc' dir='ltr'>ἀνθρώποις</span> <span class='ocrx_word' id='word_1_348' title='bbox 2034 2624 2110 2693; x_wconf 80' lang='grc' dir='ltr'>τῷ</span> <span class='ocrx_word' id='word_1_349' title='bbox 2191 2629 2440 2698; x_wconf 78' lang='grc' dir='ltr'>προδήλῳ</span> <span class='ocrx_word' id='word_1_350' title='bbox 2503 2630 2594 2683; x_wconf 86' lang='grc' dir='ltr'><strong>τοῦ</strong></span> <span class='ocrx_word' id='word_1_351' title='bbox 2660 2630 2882 2699; x_wconf 80' lang='grc' dir='ltr'>μύσους,</span> <span class='ocrx_word' id='word_1_352' title='bbox 2931 2626 3004 2685; x_wconf 83' lang='grc' dir='ltr'>ὧν</span> <span class='ocrx_word' id='word_1_353' title='bbox 3040 2633 3284 2702; x_wconf 77' lang='grc' dir='ltr'>ἐτόλμων</span> <span class='ocrx_word' id='word_1_354' title='bbox 3338 2634 3548 2695; x_wconf 78' lang='grc' dir='ltr'>πάντας</span> <span class='ocrx_word' id='word_1_355' title='bbox 3613 2633 3824 2702; x_wconf 74' lang='grc' dir='ltr'>ἔχοντες</span> <span class='ocrx_word' id='word_1_356' title='bbox 3899 2653 3991 2704; x_wconf 89' lang='grc' dir='ltr'>μι-</span> 
     </span>
    </p>
   </div>
   <div class='ocr_carea' id='block_1_45' title="bbox 749 2713 3990 2793">
    <p class='ocr_par' dir='ltr' id='par_1_45' title="bbox 749 2713 3990 2793">
     <span class='ocr_line' id='line_1_45' title="bbox 749 2713 3990 2793; baseline 0.001 -21"><span class='ocrx_word' id='word_1_357' title='bbox 749 2719 994 2783; x_wconf 84' lang='grc' dir='ltr'>σοῦντας.</span> <span class='ocrx_word' id='word_1_358' title='bbox 1024 2719 1130 2770; x_wconf 75' lang='grc' dir='ltr'>Καὶ</span> <span class='ocrx_word' id='word_1_359' title='bbox 1178 2719 1391 2785; x_wconf 80' lang='grc' dir='ltr'>ὀλίγους</span> <span class='ocrx_word' id='word_1_360' title='bbox 1439 2718 1552 2787; x_wconf 87' lang='grc'><strong>(18)</strong></span> <span class='ocrx_word' id='word_1_361' title='bbox 1617 2713 1685 2784; x_wconf 86' lang='grc' dir='ltr'>ἦν</span> <span class='ocrx_word' id='word_1_362' title='bbox 1750 2717 1902 2784; x_wconf 78' lang='grc' dir='ltr'>ὁρᾷν,</span> <span class='ocrx_word' id='word_1_363' title='bbox 1956 2715 2088 2784; x_wconf 86' lang='grc' dir='ltr'>πρὸς</span> <span class='ocrx_word' id='word_1_364' title='bbox 2125 2715 2224 2786; x_wconf 81' lang='grc' dir='ltr'>τὴν</span> <span class='ocrx_word' id='word_1_365' title='bbox 2301 2719 2525 2772; x_wconf 80' lang='grc' dir='ltr'>ἐκείνων</span> <span class='ocrx_word' id='word_1_366' title='bbox 2573 2721 2794 2790; x_wconf 86' lang='grc' dir='ltr'>ἀπάτην</span> <span class='ocrx_word' id='word_1_367' title='bbox 2852 2723 3326 2793; x_wconf 81' lang='grc' dir='ltr'>μεταχωροῦντας,</span> <span class='ocrx_word' id='word_1_368' title='bbox 3368 2722 3828 2790; x_wconf 86' lang='grc' dir='ltr'>ἀπερικαλύπτων</span> <span class='ocrx_word' id='word_1_369' title='bbox 3875 2725 3990 2792; x_wconf 87' lang='lat' dir='ltr'><strong>(l9)</strong></span> 
     </span>
    </p>
   </div>
   <div class='ocr_carea' id='block_1_46' title="bbox 747 2810 3991 2890">
    <p class='ocr_par' dir='ltr' id='par_1_46' title="bbox 747 2810 3991 2890">
     <span class='ocr_line' id='line_1_46' title="bbox 747 2810 3991 2890; baseline 0.001 -22"><span class='ocrx_word' id='word_1_370' title='bbox 747 2817 843 2869; x_wconf 72' lang='grc' dir='ltr'>καὶ</span> <span class='ocrx_word' id='word_1_371' title='bbox 872 2815 1040 2886; x_wconf 72' lang='grc' dir='ltr'>χωρὶς</span> <span class='ocrx_word' id='word_1_372' title='bbox 1067 2813 1452 2884; x_wconf 84' lang='grc' dir='ltr'>τεχνασμάτων</span> <span class='ocrx_word' id='word_1_373' title='bbox 1498 2813 1606 2865; x_wconf 82' lang='grc' dir='ltr'><strong>τῶν</strong></span> <span class='ocrx_word' id='word_1_374' title='bbox 1656 2811 1907 2881; x_wconf 86' lang='grc' dir='ltr'>ἀσέμνων</span> <span class='ocrx_word' id='word_1_375' title='bbox 1982 2810 2158 2879; x_wconf 76' lang='grc' dir='ltr'>ἔργων</span> <span class='ocrx_word' id='word_1_376' title='bbox 2204 2816 2604 2882; x_wconf 87' lang='grc' dir='ltr'>προκειμένων,</span> <span class='ocrx_word' id='word_1_377' title='bbox 2677 2819 2774 2872; x_wconf 76' lang='grc' dir='ltr'><strong>καὶ</strong></span> <span class='ocrx_word' id='word_1_378' title='bbox 2839 2820 2939 2889; x_wconf 84' lang='grc' dir='ltr'>τῆς</span> <span class='ocrx_word' id='word_1_379' title='bbox 3002 2821 3224 2889; x_wconf 84' lang='grc' dir='ltr'>ἀναίδην</span> <span class='ocrx_word' id='word_1_380' title='bbox 3269 2819 3606 2881; x_wconf 84' lang='grc' dir='ltr'>ἀποστασίας</span> <span class='ocrx_word' id='word_1_381' title='bbox 3655 2821 3736 2883; x_wconf 78' lang='grc' dir='ltr'>εις</span> <span class='ocrx_word' id='word_1_382' title='bbox 3776 2836 3991 2890; x_wconf 75' lang='grc' dir='ltr'>προφυ,</span> 
     </span>
    </p>
   </div>
   <div class='ocr_carea' id='block_1_47' title="bbox 747 2899 3992 2982">
    <p class='ocr_par' dir='ltr' id='par_1_47' title="bbox 747 2899 3992 2982">
     <span class='ocr_line' id='line_1_47' title="bbox 747 2899 3992 2982; baseline 0.002 -26"><span class='ocrx_word' id='word_1_383' title='bbox 747 2904 918 2972; x_wconf 85' lang='grc' dir='ltr'>λακὴν</span> <span class='ocrx_word' id='word_1_384' title='bbox 950 2902 1222 2973; x_wconf 80' lang='grc' dir='ltr'>ἀρκούσης</span> <span class='ocrx_word' id='word_1_385' title='bbox 1251 2901 1344 2953; x_wconf 90' lang='grc' dir='ltr'><strong>τοῦ</strong></span> <span class='ocrx_word' id='word_1_386' title='bbox 1377 2902 1451 2970; x_wconf 80' lang='grc' dir='ltr'>μὴ</span> <span class='ocrx_word' id='word_1_387' title='bbox 1487 2901 1679 2954; x_wconf 83' lang='grc' dir='ltr'>θᾶττον</span> <span class='ocrx_word' id='word_1_388' title='bbox 1732 2899 1868 2967; x_wconf 86' lang='grc' dir='ltr'>πρὸς</span> <span class='ocrx_word' id='word_1_389' title='bbox 1927 2899 2097 2971; x_wconf 74' lang='grc' dir='ltr'>αὐτὴν</span> <span class='ocrx_word' id='word_1_390' title='bbox 2155 2901 2554 2959; x_wconf 82' lang='grc' dir='ltr'>ὑπολισθαίνειν</span> <span class='ocrx_word' id='word_1_391' title='bbox 2578 2909 2674 2962; x_wconf 74' lang='grc' dir='ltr'><strong>καὶ</strong></span> <span class='ocrx_word' id='word_1_392' title='bbox 2699 2909 2895 2979; x_wconf 88' lang='grc' dir='ltr'>ἀθρόον</span> <span class='ocrx_word' id='word_1_393' title='bbox 2927 2909 3148 2980; x_wconf 79' lang='grc' dir='ltr'>θήραμα</span> <span class='ocrx_word' id='word_1_394' title='bbox 3209 2911 3300 2963; x_wconf 90' lang='grc' dir='ltr'><strong>τοῦ</strong></span> <span class='ocrx_word' id='word_1_395' title='bbox 3367 2912 3614 2982; x_wconf 86' lang='grc' dir='ltr'>Πονηροῦ</span> <span class='ocrx_word' id='word_1_396' title='bbox 3683 2915 3730 2964; x_wconf 79' lang='grc' dir='ltr'>τ’</span> <span class='ocrx_word' id='word_1_397' title='bbox 3777 2912 3992 2981; x_wconf 79' lang='grc' dir='ltr'>ἀνθρὼ-</span> 
     </span>
    </p>
   </div>
   <div class='ocr_carea' id='block_1_48' title="bbox 751 2992 1182 3058">
    <p class='ocr_par' dir='ltr' id='par_1_48' title="bbox 751 2992 1182 3058">
     <span class='ocr_line' id='line_1_48' title="bbox 751 2992 1182 3058; baseline -0.009 -12"><span class='ocrx_word' id='word_1_398' title='bbox 751 3011 879 3046; x_wconf 89' lang='grc' dir='ltr'>πινα</span> <span class='ocrx_word' id='word_1_399' title='bbox 918 2992 1182 3058; x_wconf 86' lang='grc' dir='ltr'>γίνεσθαι.</span> 
     </span>
    </p>
   </div>
   <div class='ocr_carea' id='block_1_49' title="bbox 819 3079 2396 3149">
    <p class='ocr_par' dir='ltr' id='par_1_49' title="bbox 819 3079 2396 3149">
     <span class='ocr_line' id='line_1_49' title="bbox 819 3079 2396 3149; baseline -0.005 -10"><span class='ocrx_word' id='word_1_400' title='bbox 819 3085 986 3139; x_wconf 65' lang='lat' dir='ltr'><strong>XXII.</strong></span> <span class='ocrx_word' id='word_1_401' title='bbox 1021 3083 1118 3136; x_wconf 90' lang='lat' dir='ltr'><strong>llic</strong></span> <span class='ocrx_word' id='word_1_402' title='bbox 1147 3097 1293 3144; x_wconf 77' lang='lat' dir='ltr'><strong>vero,</strong></span> <span class='ocrx_word' id='word_1_403' title='bbox 1323 3096 1442 3149; x_wconf 66' lang='lat' dir='ltr'><strong>qua:</strong></span> <span class='ocrx_word' id='word_1_404' title='bbox 1471 3079 1711 3147; x_wconf 90' lang='lat' dir='ltr'><strong>turpiora</strong></span> <span class='ocrx_word' id='word_1_405' title='bbox 1737 3088 1912 3142; x_wconf 86' lang='lat' dir='ltr'><strong>erant,</strong></span> <span class='ocrx_word' id='word_1_406' title='bbox 1943 3094 2215 3140; x_wconf 89' lang='lat' dir='ltr'><strong>resecans,</strong></span> <span class='ocrx_word' id='word_1_407' title='bbox 2242 3094 2319 3132; x_wconf 66' lang='lat' dir='ltr'><strong>reo</strong></span> <span class='ocrx_word' id='word_1_408' title='bbox 2355 3087 2396 3140; x_wconf 73' lang='grc' dir='ltr'>ι]</span> 
     </span>
    </p>
   </div>
   <div class='ocr_carea' id='block_1_50' title="bbox 750 3170 2320 3245">
    <p class='ocr_par' dir='ltr' id='par_1_50' title="bbox 750 3170 2320 3245">
     <span class='ocr_line' id='line_1_50' title="bbox 750 3170 2320 3245; baseline -0.005 -14"><span class='ocrx_word' id='word_1_409' title='bbox 750 3179 895 3245; x_wconf 86' lang='lat' dir='ltr'><strong>liqua</strong></span> <span class='ocrx_word' id='word_1_410' title='bbox 921 3176 1201 3244; x_wconf 81' lang='lat' dir='ltr'><strong>obtegens,</strong></span> <span class='ocrx_word' id='word_1_411' title='bbox 1234 3175 1279 3226; x_wconf 89' lang='lat' dir='ltr'><strong>si</strong></span> <span class='ocrx_word' id='word_1_412' title='bbox 1306 3188 1410 3241; x_wconf 89' lang='lat' dir='ltr'><strong>qua</strong></span> <span class='ocrx_word' id='word_1_413' title='bbox 1442 3172 1511 3225; x_wconf 92' lang='lat' dir='ltr'><strong>ob</strong></span> <span class='ocrx_word' id='word_1_414' title='bbox 1551 3171 1879 3239; x_wconf 86' lang='lat' dir='ltr'><strong>impietatem</strong></span> <span class='ocrx_word' id='word_1_415' title='bbox 1916 3170 2098 3223; x_wconf 89' lang='lat' dir='ltr'><strong>auditu</strong></span> <span class='ocrx_word' id='word_1_416' title='bbox 2128 3170 2320 3223; x_wconf 90' lang='lat' dir='ltr'><strong>intole-</strong></span> 
     </span>
    </p>
   </div>
   <div class='ocr_carea' id='block_1_51' title="bbox 763 3261 2321 3331">
    <p class='ocr_par' dir='ltr' id='par_1_51' title="bbox 763 3261 2321 3331">
     <span class='ocr_line' id='line_1_51' title="bbox 763 3261 2321 3331; baseline -0.006 -9"><span class='ocrx_word' id='word_1_417' title='bbox 763 3269 951 3322; x_wconf 87' lang='lat' dir='ltr'><strong>rabilia</strong></span> <span class='ocrx_word' id='word_1_418' title='bbox 982 3274 1186 3330; x_wconf 88' lang='lat' dir='ltr'><strong>essent,</strong></span> <span class='ocrx_word' id='word_1_419' title='bbox 1221 3274 1312 3318; x_wconf 94' lang='lat' dir='ltr'><strong>aut</strong></span> <span class='ocrx_word' id='word_1_420' title='bbox 1341 3264 1704 3331; x_wconf 89' lang='lat' dir='ltr'><strong>comprimens</strong></span> <span class='ocrx_word' id='word_1_421' title='bbox 1723 3271 1815 3315; x_wconf 88' lang='lat' dir='ltr'><strong>aut</strong></span> <span class='ocrx_word' id='word_1_422' title='bbox 1835 3277 1956 3315; x_wconf 90' lang='lat' dir='ltr'><strong>eum</strong></span> <span class='ocrx_word' id='word_1_423' title='bbox 1994 3261 2321 3314; x_wconf 86' lang='lat' dir='ltr'><strong>tolerabilio-</strong></span> 
     </span>
    </p>
   </div>
   <div class='ocr_carea' id='block_1_52' title="bbox 2500 3079 3990 3158">
    <p class='ocr_par' dir='ltr' id='par_1_52' title="bbox 2500 3079 3990 3158">
     <span class='ocr_line' id='line_1_52' title="bbox 2500 3079 3990 3158; baseline 0.003 -22"><span class='ocrx_word' id='word_1_424' title='bbox 2500 3085 2629 3136; x_wconf 66' lang='grc' dir='ltr'><strong>ΚΝ.</strong></span> <span class='ocrx_word' id='word_1_425' title='bbox 2673 3079 2838 3148; x_wconf 79' lang='grc' dir='ltr'>Οὗτος</span> <span class='ocrx_word' id='word_1_426' title='bbox 2859 3085 2917 3139; x_wconf 79' lang='grc' dir='ltr'>δὲ</span> <span class='ocrx_word' id='word_1_427' title='bbox 2949 3086 3017 3139; x_wconf 77' lang='grc' dir='ltr'>τὰ</span> <span class='ocrx_word' id='word_1_428' title='bbox 3038 3087 3145 3139; x_wconf 84' lang='grc' dir='ltr'>τῶν</span> <span class='ocrx_word' id='word_1_429' title='bbox 3181 3088 3506 3157; x_wconf 82' lang='grc' dir='ltr'>μιασμάτων</span> <span class='ocrx_word' id='word_1_430' title='bbox 3539 3087 3781 3158; x_wconf 86' lang='grc' dir='ltr'>πρόδηλα</span> <span class='ocrx_word' id='word_1_431' title='bbox 3826 3106 3990 3157; x_wconf 90' lang='grc' dir='ltr'>περι-</span> 
     </span>
    </p>
   </div>
   <div class='ocr_carea' id='block_1_53' title="bbox 2423 3177 3994 3248">
    <p class='ocr_par' dir='ltr' id='par_1_53' title="bbox 2423 3177 3994 3248">
     <span class='ocr_line' id='line_1_53' title="bbox 2423 3177 3994 3248; baseline 0.003 -21"><span class='ocrx_word' id='word_1_432' title='bbox 2423 3177 2662 3240; x_wconf 86' lang='grc' dir='ltr'>κόπτων,</span> <span class='ocrx_word' id='word_1_433' title='bbox 2696 3178 2790 3230; x_wconf 80' lang='grc' dir='ltr'>καὶ</span> <span class='ocrx_word' id='word_1_434' title='bbox 2840 3178 2876 3231; x_wconf 75' lang='grc' dir='ltr'>ἃ</span> <span class='ocrx_word' id='word_1_435' title='bbox 2921 3178 3182 3231; x_wconf 87' lang='grc' dir='ltr'>κατέλιπε</span> <span class='ocrx_word' id='word_1_436' title='bbox 3226 3181 3326 3248; x_wconf 82' lang='grc' dir='ltr'><strong>τῆς</strong></span> <span class='ocrx_word' id='word_1_437' title='bbox 3381 3179 3678 3241; x_wconf 77' lang='grc' dir='ltr'>ἀκολασίας</span> <span class='ocrx_word' id='word_1_438' title='bbox 3729 3181 3994 3233; x_wconf 74' lang='grc' dir='ltr'>ἐπικαλύ-</span> 
     </span>
    </p>
   </div>
   <div class='ocr_carea' id='block_1_54' title="bbox 2423 3267 3990 3342">
    <p class='ocr_par' dir='ltr' id='par_1_54' title="bbox 2423 3267 3990 3342">
     <span class='ocr_line' id='line_1_54' title="bbox 2423 3267 3990 3342; baseline 0.004 -24"><span class='ocrx_word' id='word_1_439' title='bbox 2423 3283 2592 3331; x_wconf 90' lang='grc' dir='ltr'>πτων,</span> <span class='ocrx_word' id='word_1_440' title='bbox 2622 3267 2690 3319; x_wconf 87' lang='grc' dir='ltr'><strong>τά</strong></span> <span class='ocrx_word' id='word_1_441' title='bbox 2728 3284 2786 3319; x_wconf 91' lang='grc' dir='ltr'><strong>τε</strong></span> <span class='ocrx_word' id='word_1_442' title='bbox 2837 3267 2961 3338; x_wconf 83' lang='grc' dir='ltr'>μηδ’</span> <span class='ocrx_word' id='word_1_443' title='bbox 3013 3269 3149 3338; x_wconf 82' lang='grc' dir='ltr'>ἀκοῇ</span> <span class='ocrx_word' id='word_1_444' title='bbox 3184 3269 3396 3338; x_wconf 79' lang='grc' dir='ltr'>φορητά</span> <span class='ocrx_word' id='word_1_445' title='bbox 3437 3271 3545 3322; x_wconf 85' lang='grc' dir='ltr'><strong>τῶν</strong></span> <span class='ocrx_word' id='word_1_446' title='bbox 3574 3270 3990 3342; x_wconf 83' lang='grc' dir='ltr'>ἀσεϐημάτωνῆ</span> 
     </span>
    </p>
   </div>
   <div class='ocr_carea' id='block_1_55' title="bbox 754 3353 2324 3421">
    <p class='ocr_par' dir='ltr' id='par_1_55' title="bbox 754 3353 2324 3421">
     <span class='ocr_line' id='line_1_55' title="bbox 754 3353 2324 3421; baseline -0.005 -7"><span class='ocrx_word' id='word_1_447' title='bbox 754 3363 906 3414; x_wconf 82' lang='lat' dir='ltr'><strong>ribus</strong></span> <span class='ocrx_word' id='word_1_448' title='bbox 935 3359 1316 3420; x_wconf 89' lang='lat' dir='ltr'><strong>commiscens,</strong></span> <span class='ocrx_word' id='word_1_449' title='bbox 1348 3365 1420 3419; x_wconf 89' lang='lat' dir='ltr'><strong>et,</strong></span> <span class='ocrx_word' id='word_1_450' title='bbox 1468 3363 1527 3409; x_wconf 92' lang='lat' dir='ltr'><strong>ut</strong></span> <span class='ocrx_word' id='word_1_451' title='bbox 1579 3356 1889 3408; x_wconf 87' lang='lat' dir='ltr'><strong>summatim</strong></span> <span class='ocrx_word' id='word_1_452' title='bbox 1931 3353 2128 3417; x_wconf 88' lang='lat' dir='ltr'><strong>dicam,</strong></span> <span class='ocrx_word' id='word_1_453' title='bbox 2185 3353 2324 3421; x_wconf 84' lang='lat' dir='ltr'><strong>pelle</strong></span> 
     </span>
    </p>
   </div>
   <div class='ocr_carea' id='block_1_56' title="bbox 754 3444 2324 3516">
    <p class='ocr_par' dir='ltr' id='par_1_56' title="bbox 754 3444 2324 3516">
     <span class='ocr_line' id='line_1_56' title="bbox 754 3444 2324 3516; baseline -0.006 -12"><span class='ocrx_word' id='word_1_454' title='bbox 754 3449 873 3504; x_wconf 89' lang='lat' dir='ltr'><strong>ovis</strong></span> <span class='ocrx_word' id='word_1_455' title='bbox 902 3448 1090 3516; x_wconf 89' lang='lat' dir='ltr'><strong>lupum</strong></span> <span class='ocrx_word' id='word_1_456' title='bbox 1129 3445 1490 3509; x_wconf 86' lang='lat' dir='ltr'><strong>abscondens,</strong></span> <span class='ocrx_word' id='word_1_457' title='bbox 1534 3445 1719 3498; x_wconf 88' lang='lat' dir='ltr'><strong>multis</strong></span> <span class='ocrx_word' id='word_1_458' title='bbox 1773 3445 1963 3498; x_wconf 91' lang='lat' dir='ltr'><strong>doctor</strong></span> <span class='ocrx_word' id='word_1_459' title='bbox 2011 3444 2227 3512; x_wconf 88' lang='lat' dir='ltr'><strong>pietatis</strong></span> <span class='ocrx_word' id='word_1_460' title='bbox 2271 3450 2324 3496; x_wconf 91' lang='lat' dir='ltr'><strong>et</strong></span> 
     </span>
    </p>
   </div>
   <div class='ocr_carea' id='block_1_57' title="bbox 757 3535 2323 3604">
    <p class='ocr_par' dir='ltr' id='par_1_57' title="bbox 757 3535 2323 3604">
     <span class='ocr_line' id='line_1_57' title="bbox 757 3535 2323 3604; baseline -0.005 -10"><span class='ocrx_word' id='word_1_461' title='bbox 757 3541 864 3594; x_wconf 84' lang='lat' dir='ltr'><strong>dux</strong></span> <span class='ocrx_word' id='word_1_462' title='bbox 886 3538 1074 3592; x_wconf 88' lang='lat' dir='ltr'><strong>salutis</strong></span> <span class='ocrx_word' id='word_1_463' title='bbox 1090 3551 1210 3589; x_wconf 90' lang='lat' dir='ltr'><strong>esse</strong></span> <span class='ocrx_word' id='word_1_464' title='bbox 1227 3536 1540 3600; x_wconf 83' lang='lat' dir='ltr'><strong>videbatur;</strong></span> <span class='ocrx_word' id='word_1_465' title='bbox 1563 3536 1759 3589; x_wconf 92' lang='lat' dir='ltr'><strong>multos</strong></span> <span class='ocrx_word' id='word_1_466' title='bbox 1775 3551 1838 3589; x_wconf 77' lang='lat' dir='ltr'><strong>ex</strong></span> <span class='ocrx_word' id='word_1_467' title='bbox 1859 3536 2149 3604; x_wconf 88' lang='lat' dir='ltr'><strong>improviso</strong></span> <span class='ocrx_word' id='word_1_468' title='bbox 2171 3535 2323 3587; x_wconf 91' lang='lat' dir='ltr'><strong>ador-</strong></span> 
     </span>
    </p>
   </div>
   <div class='ocr_carea' id='block_1_58' title="bbox 758 3625 2326 3696">
    <p class='ocr_par' dir='ltr' id='par_1_58' title="bbox 758 3625 2326 3696">
     <span class='ocr_line' id='line_1_58' title="bbox 758 3625 2326 3696; baseline -0.004 -12"><span class='ocrx_word' id='word_1_469' title='bbox 758 3641 848 3685; x_wconf 90' lang='lat' dir='ltr'><strong>tus</strong></span> <span class='ocrx_word' id='word_1_470' title='bbox 886 3631 938 3684; x_wconf 91' lang='lat' dir='ltr'><strong>in</strong></span> <span class='ocrx_word' id='word_1_471' title='bbox 963 3639 1220 3683; x_wconf 74' lang='lat' dir='ltr'><strong>extrema:</strong></span> <span class='ocrx_word' id='word_1_472' title='bbox 1241 3627 1494 3696; x_wconf 88' lang='lat' dir='ltr'><strong>perniciei</strong></span> <span class='ocrx_word' id='word_1_473' title='bbox 1514 3627 1828 3680; x_wconf 86' lang='lat' dir='ltr'><strong>barathrum</strong></span> <span class='ocrx_word' id='word_1_474' title='bbox 1845 3626 2216 3696; x_wconf 65' lang='lat' dir='ltr'><strong>principitavit.</strong></span> <span class='ocrx_word' id='word_1_475' title='bbox 2233 3625 2326 3678; x_wconf 91' lang='lat' dir='ltr'><strong>Et-</strong></span> 
     </span>
    </p>
   </div>
   <div class='ocr_carea' id='block_1_59' title="bbox 753 3732 2324 3806">
    <p class='ocr_par' dir='ltr' id='par_1_59' title="bbox 753 3732 2324 3806">
     <span class='ocr_line' id='line_1_59' title="bbox 753 3732 2324 3806; baseline -0.006 -13"><span class='ocrx_word' id='word_1_476' title='bbox 753 3739 900 3794; x_wconf 88' lang='lat' dir='ltr'><strong>enim</strong></span> <span class='ocrx_word' id='word_1_477' title='bbox 926 3737 1070 3806; x_wconf 89' lang='lat' dir='ltr'><strong>quod</strong></span> <span class='ocrx_word' id='word_1_478' title='bbox 1097 3736 1521 3805; x_wconf 64' lang='lat' dir='ltr'><strong>praedecessores</strong></span> <span class='ocrx_word' id='word_1_479' title='bbox 1543 3735 1748 3788; x_wconf 89' lang='lat' dir='ltr'><strong>suinon</strong></span> <span class='ocrx_word' id='word_1_480' title='bbox 1766 3734 2131 3804; x_wconf 78' lang='lat' dir='ltr'><strong>neglexerant,</strong></span> <span class='ocrx_word' id='word_1_481' title='bbox 2161 3733 2211 3787; x_wconf 93' lang='lat' dir='ltr'><strong>id</strong></span> <span class='ocrx_word' id='word_1_482' title='bbox 2236 3732 2324 3785; x_wconf 90' lang='lat' dir='ltr'><strong>ille</strong></span> 
     </span>
    </p>
   </div>
   <div class='ocr_carea' id='block_1_60' title="bbox 755 3824 2321 3898">
    <p class='ocr_par' dir='ltr' id='par_1_60' title="bbox 755 3824 2321 3898">
     <span class='ocr_line' id='line_1_60' title="bbox 755 3824 2321 3898; baseline -0.006 -15"><span class='ocrx_word' id='word_1_483' title='bbox 755 3830 960 3898; x_wconf 84' lang='lat' dir='ltr'><strong>majore</strong></span> <span class='ocrx_word' id='word_1_484' title='bbox 990 3843 1113 3881; x_wconf 88' lang='lat' dir='ltr'><strong>cum</strong></span> <span class='ocrx_word' id='word_1_485' title='bbox 1146 3825 1426 3896; x_wconf 79' lang='lat' dir='ltr'><strong>diligentia</strong></span> <span class='ocrx_word' id='word_1_486' title='bbox 1465 3824 1809 3890; x_wconf 84' lang='lat' dir='ltr'><strong>observavit;</strong></span> <span class='ocrx_word' id='word_1_487' title='bbox 1865 3839 2058 3892; x_wconf 88' lang='lat' dir='ltr'><strong>nempe</strong></span> <span class='ocrx_word' id='word_1_488' title='bbox 2109 3833 2169 3876; x_wconf 90' lang='lat' dir='ltr'><strong>ut</strong></span> <span class='ocrx_word' id='word_1_489' title='bbox 2212 3837 2321 3875; x_wconf 89' lang='lat' dir='ltr'><strong>non</strong></span> 
     </span>
    </p>
   </div>
   <div class='ocr_carea' id='block_1_61' title="bbox 755 3914 2318 3988">
    <p class='ocr_par' dir='ltr' id='par_1_61' title="bbox 755 3914 2318 3988">
     <span class='ocr_line' id='line_1_61' title="bbox 755 3914 2318 3988; baseline -0.006 -14"><span class='ocrx_word' id='word_1_490' title='bbox 755 3920 825 3974; x_wconf 92' lang='lat' dir='ltr'><strong>ab</strong></span> <span class='ocrx_word' id='word_1_491' title='bbox 855 3921 972 3988; x_wconf 90' lang='lat' dir='ltr'><strong>ipso</strong></span> <span class='ocrx_word' id='word_1_492' title='bbox 1006 3918 1187 3972; x_wconf 88' lang='lat' dir='ltr'><strong>statim</strong></span> <span class='ocrx_word' id='word_1_493' title='bbox 1213 3915 1480 3985; x_wconf 89' lang='lat' dir='ltr'><strong>principio</strong></span> <span class='ocrx_word' id='word_1_494' title='bbox 1504 3915 1592 3977; x_wconf 92' lang='lat' dir='ltr'><strong>iis,</strong></span> <span class='ocrx_word' id='word_1_495' title='bbox 1622 3914 1711 3983; x_wconf 90' lang='lat' dir='ltr'><strong>qui</strong></span> <span class='ocrx_word' id='word_1_496' title='bbox 1742 3915 1806 3968; x_wconf 91' lang='lat' dir='ltr'><strong>ad</strong></span> <span class='ocrx_word' id='word_1_497' title='bbox 1841 3914 2199 3967; x_wconf 79' lang='lat' dir='ltr'><strong>initiationem</strong></span> <span class='ocrx_word' id='word_1_498' title='bbox 2227 3927 2318 3965; x_wconf 90' lang='lat' dir='ltr'><strong>ac-</strong></span> 
     </span>
    </p>
   </div>
   <div class='ocr_carea' id='block_1_62' title="bbox 755 4004 2320 4076">
    <p class='ocr_par' dir='ltr' id='par_1_62' title="bbox 755 4004 2320 4076">
     <span class='ocr_line' id='line_1_62' title="bbox 755 4004 2320 4076; baseline -0.007 -11"><span class='ocrx_word' id='word_1_499' title='bbox 755 4011 1035 4070; x_wconf 89' lang='lat' dir='ltr'><strong>cederent,</strong></span> <span class='ocrx_word' id='word_1_500' title='bbox 1078 4008 1427 4061; x_wconf 81' lang='lat' dir='ltr'><strong>subliiniores</strong></span> <span class='ocrx_word' id='word_1_501' title='bbox 1457 4006 1760 4076; x_wconf 89' lang='lat' dir='ltr'><strong>impietates</strong></span> <span class='ocrx_word' id='word_1_502' title='bbox 1791 4004 2160 4066; x_wconf 88' lang='lat' dir='ltr'><strong>concrederet,</strong></span> <span class='ocrx_word' id='word_1_503' title='bbox 2223 4016 2320 4055; x_wconf 79' lang='lat' dir='ltr'><strong>ne-</strong></span> 
     </span>
    </p>
   </div>
   <div class='ocr_carea' id='block_1_63' title="bbox 755 4096 2319 4170">
    <p class='ocr_par' dir='ltr' id='par_1_63' title="bbox 755 4096 2319 4170">
     <span class='ocr_line' id='line_1_63' title="bbox 755 4096 2319 4170; baseline -0.006 -16"><span class='ocrx_word' id='word_1_504' title='bbox 755 4116 861 4170; x_wconf 91' lang='lat' dir='ltr'><strong>que</strong></span> <span class='ocrx_word' id='word_1_505' title='bbox 893 4099 1238 4154; x_wconf 89' lang='lat' dir='ltr'><strong>horribiliora</strong></span> <span class='ocrx_word' id='word_1_506' title='bbox 1263 4105 1589 4167; x_wconf 89' lang='lat' dir='ltr'><strong>proponeret</strong></span> <span class='ocrx_word' id='word_1_507' title='bbox 1613 4096 1898 4166; x_wconf 85' lang='lat' dir='ltr'><strong>mysteria;</strong></span> <span class='ocrx_word' id='word_1_508' title='bbox 1945 4108 2174 4163; x_wconf 90' lang='lat' dir='ltr'><strong>quorum</strong></span> <span class='ocrx_word' id='word_1_509' title='bbox 2228 4107 2319 4145; x_wconf 88' lang='lat' dir='ltr'><strong>ca-</strong></span> 
     </span>
    </p>
   </div>
   <div class='ocr_carea' id='block_1_64' title="bbox 756 4182 2319 4263">
    <p class='ocr_par' dir='ltr' id='par_1_64' title="bbox 756 4182 2319 4263">
     <span class='ocr_line' id='line_1_64' title="bbox 756 4182 2319 4263; baseline -0.008 -16"><span class='ocrx_word' id='word_1_510' title='bbox 756 4201 856 4263; x_wconf 91' lang='lat' dir='ltr'><strong>put</strong></span> <span class='ocrx_word' id='word_1_511' title='bbox 886 4200 966 4246; x_wconf 86' lang='lat' dir='ltr'><strong>est</strong></span> <span class='ocrx_word' id='word_1_512' title='bbox 991 4190 1274 4262; x_wconf 86' lang='lat' dir='ltr'><strong>abnegatio</strong></span> <span class='ocrx_word' id='word_1_513' title='bbox 1305 4188 1400 4243; x_wconf 88' lang='lat' dir='ltr'><strong>Dei</strong></span> <span class='ocrx_word' id='word_1_514' title='bbox 1432 4187 1762 4253; x_wconf 89' lang='lat' dir='ltr'><strong>omnimoda,</strong></span> <span class='ocrx_word' id='word_1_515' title='bbox 1814 4193 1870 4240; x_wconf 89' lang='lat' dir='ltr'><strong>et</strong></span> <span class='ocrx_word' id='word_1_516' title='bbox 1914 4185 2109 4240; x_wconf 91' lang='lat' dir='ltr'><strong>diaboli</strong></span> <span class='ocrx_word' id='word_1_517' title='bbox 2151 4182 2319 4254; x_wconf 85' lang='lat' dir='ltr'><strong>gloria</strong></span> 
     </span>
    </p>
   </div>
   <div class='ocr_carea' id='block_1_65' title="bbox 2423 3358 3994 3429">
    <p class='ocr_par' dir='ltr' id='par_1_65' title="bbox 2423 3358 3994 3429">
     <span class='ocr_line' id='line_1_65' title="bbox 2423 3358 3994 3429; baseline 0.002 -18"><span class='ocrx_word' id='word_1_518' title='bbox 2423 3358 2730 3412; x_wconf 83' lang='grc' dir='ltr'>συστέλλων</span> <span class='ocrx_word' id='word_1_519' title='bbox 2760 3359 2792 3428; x_wconf 81' lang='grc' dir='ltr'>ἢ</span> <span class='ocrx_word' id='word_1_520' title='bbox 2817 3361 3157 3427; x_wconf 80' lang='grc' dir='ltr'>καταμιγνὺς</span> <span class='ocrx_word' id='word_1_521' title='bbox 3185 3363 3296 3422; x_wconf 86' lang='grc' dir='ltr'>τοῖς</span> <span class='ocrx_word' id='word_1_522' title='bbox 3329 3362 3706 3429; x_wconf 86' lang='grc' dir='ltr'>ἀνεκτοτέροις</span> <span class='ocrx_word' id='word_1_523' title='bbox 3731 3363 3864 3429; x_wconf 71' lang='grc' dir='ltr'><strong>(ΞΟ),</strong></span> <span class='ocrx_word' id='word_1_524' title='bbox 3899 3367 3994 3415; x_wconf 64' lang='grc' dir='ltr'><strong>καὶ¹</strong></span> 
     </span>
    </p>
   </div>
   <div class='ocr_carea' id='block_1_66' title="bbox 2426 3449 3995 3519">
    <p class='ocr_par' dir='ltr' id='par_1_66' title="bbox 2426 3449 3995 3519">
     <span class='ocr_line' id='line_1_66' title="bbox 2426 3449 3995 3519; baseline 0.003 -17"><span class='ocrx_word' id='word_1_525' title='bbox 2426 3450 2649 3518; x_wconf 86' lang='grc' dir='ltr'>σύμπαν</span> <span class='ocrx_word' id='word_1_526' title='bbox 2702 3451 2876 3502; x_wconf 72' lang='grc' dir='ltr'>εἰπεῖν</span> <span class='ocrx_word' id='word_1_527' title='bbox 2948 3450 3129 3517; x_wconf 82' lang='grc' dir='ltr'>κωδίῳ</span> <span class='ocrx_word' id='word_1_528' title='bbox 3188 3450 3300 3519; x_wconf 77' lang='grc'><strong>(21)</strong></span> <span class='ocrx_word' id='word_1_529' title='bbox 3343 3449 3617 3519; x_wconf 88' lang='grc' dir='ltr'>προϐάτου</span> <span class='ocrx_word' id='word_1_530' title='bbox 3674 3452 3767 3502; x_wconf 84' lang='grc' dir='ltr'><strong>τὸν</strong></span> <span class='ocrx_word' id='word_1_531' title='bbox 3827 3453 3995 3506; x_wconf 78' lang='grc' dir='ltr'>λύκον</span> 
     </span>
    </p>
   </div>
   <div class='ocr_carea' id='block_1_67' title="bbox 2425 3541 3992 3612">
    <p class='ocr_par' dir='ltr' id='par_1_67' title="bbox 2425 3541 3992 3612">
     <span class='ocr_line' id='line_1_67' title="bbox 2425 3541 3992 3612; baseline 0.002 -19"><span class='ocrx_word' id='word_1_532' title='bbox 2425 3541 2856 3611; x_wconf 83' lang='grc' dir='ltr'>ὲναποκρύπτων</span> <span class='ocrx_word' id='word_1_533' title='bbox 2894 3542 3027 3611; x_wconf 69' lang='grc'><strong>(22),</strong></span> <span class='ocrx_word' id='word_1_534' title='bbox 3064 3543 3279 3605; x_wconf 74' lang='grc' dir='ltr'>πολλοῖς</span> <span class='ocrx_word' id='word_1_535' title='bbox 3320 3542 3420 3612; x_wconf 82' lang='grc' dir='ltr'>μὲν</span> <span class='ocrx_word' id='word_1_536' title='bbox 3475 3543 3618 3608; x_wconf 75' lang='grc' dir='ltr'>εδοξε</span> <span class='ocrx_word' id='word_1_537' title='bbox 3667 3545 3992 3608; x_wconf 82' lang='grc' dir='ltr'>διδάσκαλος</span> 
     </span>
    </p>
   </div>
   <div class='ocr_carea' id='block_1_68' title="bbox 2423 3633 3990 3705">
    <p class='ocr_par' dir='ltr' id='par_1_68' title="bbox 2423 3633 3990 3705">
     <span class='ocr_line' id='line_1_68' title="bbox 2423 3633 3990 3705; baseline 0.001 -19"><span class='ocrx_word' id='word_1_538' title='bbox 2423 3633 2702 3695; x_wconf 82' lang='grc' dir='ltr'>εὐσεϐείας</span> <span class='ocrx_word' id='word_1_539' title='bbox 2727 3633 2819 3686; x_wconf 77' lang='grc' dir='ltr'><strong>καὶ</strong></span> <span class='ocrx_word' id='word_1_540' title='bbox 2862 3633 3054 3703; x_wconf 84' lang='grc' dir='ltr'>ὁδηγὸς</span> <span class='ocrx_word' id='word_1_541' title='bbox 3104 3633 3397 3703; x_wconf 85' lang='grc' dir='ltr'>σωτηρίας,</span> <span class='ocrx_word' id='word_1_542' title='bbox 3430 3634 3658 3697; x_wconf 85' lang='grc' dir='ltr'>πολλοὺς</span> <span class='ocrx_word' id='word_1_543' title='bbox 3723 3635 3769 3687; x_wconf 83' lang='grc' dir='ltr'>δ’</span> <span class='ocrx_word' id='word_1_544' title='bbox 3811 3637 3990 3705; x_wconf 87' lang='grc' dir='ltr'>ἀπρο-</span> 
     </span>
    </p>
   </div>
   <div class='ocr_carea' id='block_1_69' title="bbox 2425 3723 3994 3796">
    <p class='ocr_par' dir='ltr' id='par_1_69' title="bbox 2425 3723 3994 3796">
     <span class='ocr_line' id='line_1_69' title="bbox 2425 3723 3994 3796; baseline 0.001 -20"><span class='ocrx_word' id='word_1_545' title='bbox 2425 3723 2607 3786; x_wconf 88' lang='grc' dir='ltr'>όπτως</span> <span class='ocrx_word' id='word_1_546' title='bbox 2633 3723 2783 3793; x_wconf 85' lang='grc' dir='ltr'>αύτῷ</span> <span class='ocrx_word' id='word_1_547' title='bbox 2807 3723 3214 3787; x_wconf 88' lang='grc' dir='ltr'>καταποθέντας</span> <span class='ocrx_word' id='word_1_548' title='bbox 3239 3725 3317 3794; x_wconf 82' lang='grc' dir='ltr'>τῷ</span> <span class='ocrx_word' id='word_1_549' title='bbox 3343 3725 3601 3796; x_wconf 84' lang='grc' dir='ltr'>βαράθρῳ</span> <span class='ocrx_word' id='word_1_550' title='bbox 3625 3727 3722 3793; x_wconf 85' lang='grc' dir='ltr'><strong>τῆς</strong></span> <span class='ocrx_word' id='word_1_551' title='bbox 3755 3727 3994 3796; x_wconf 77' lang='grc' dir='ltr'>ἐσχάτης</span> 
     </span>
    </p>
   </div>
   <div class='ocr_carea' id='block_1_70' title="bbox 2422 3812 3993 3885">
    <p class='ocr_par' dir='ltr' id='par_1_70' title="bbox 2422 3812 3993 3885">
     <span class='ocr_line' id='line_1_70' title="bbox 2422 3812 3993 3885; baseline 0.003 -19"><span class='ocrx_word' id='word_1_552' title='bbox 2422 3812 2697 3875; x_wconf 86' lang='grc' dir='ltr'>ἀπωλείας</span> <span class='ocrx_word' id='word_1_553' title='bbox 2726 3815 3154 3885; x_wconf 82' lang='grc' dir='ltr'>κατεκρήμνισε.</span> <span class='ocrx_word' id='word_1_554' title='bbox 3194 3814 3303 3867; x_wconf 77' lang='grc' dir='ltr'><strong>Καὶ</strong></span> <span class='ocrx_word' id='word_1_555' title='bbox 3346 3817 3454 3884; x_wconf 86' lang='grc' dir='ltr'>γὰρ</span> <span class='ocrx_word' id='word_1_556' title='bbox 3482 3817 3604 3869; x_wconf 74' lang='grc' dir='ltr'>οὐδὲ</span> <span class='ocrx_word' id='word_1_557' title='bbox 3631 3818 3742 3879; x_wconf 86' lang='grc' dir='ltr'>τοῖς</span> <span class='ocrx_word' id='word_1_558' title='bbox 3795 3818 3993 3883; x_wconf 79' lang='grc' dir='ltr'>πρότε·</span> 
     </span>
    </p>
   </div>
   <div class='ocr_carea' id='block_1_71' title="bbox 2429 3904 3990 3978">
    <p class='ocr_par' dir='ltr' id='par_1_71' title="bbox 2429 3904 3990 3978">
     <span class='ocr_line' id='line_1_71' title="bbox 2429 3904 3990 3978; baseline 0.003 -23"><span class='ocrx_word' id='word_1_559' title='bbox 2429 3921 2521 3974; x_wconf 90' lang='grc' dir='ltr'><strong>ρον</strong></span> <span class='ocrx_word' id='word_1_560' title='bbox 2558 3904 2929 3973; x_wconf 88' lang='grc' dir='ltr'>ἀμελούμενον</span> <span class='ocrx_word' id='word_1_561' title='bbox 2953 3905 3101 3974; x_wconf 86' lang='grc' dir='ltr'>ὅμως</span> <span class='ocrx_word' id='word_1_562' title='bbox 3135 3905 3229 3958; x_wconf 79' lang='grc' dir='ltr'>καὶ</span> <span class='ocrx_word' id='word_1_563' title='bbox 3260 3905 3417 3958; x_wconf 84' lang='grc' dir='ltr'>τοῦτο</span> <span class='ocrx_word' id='word_1_564' title='bbox 3449 3907 3595 3978; x_wconf 84' lang='grc' dir='ltr'>αύτῷ</span> <span class='ocrx_word' id='word_1_565' title='bbox 3635 3908 3990 3960; x_wconf 72' lang='grc' dir='ltr'>σπουδαιότεο</span> 
     </span>
    </p>
   </div>
   <div class='ocr_carea' id='block_1_72' title="bbox 2427 3996 3995 4070">
    <p class='ocr_par' dir='ltr' id='par_1_72' title="bbox 2427 3996 3995 4070">
     <span class='ocr_line' id='line_1_72' title="bbox 2427 3996 3995 4070; baseline 0.002 -23"><span class='ocrx_word' id='word_1_566' title='bbox 2427 4013 2520 4065; x_wconf 89' lang='grc' dir='ltr'><strong>ρον</strong></span> <span class='ocrx_word' id='word_1_567' title='bbox 2550 3996 2953 4067; x_wconf 87' lang='grc' dir='ltr'>μεμηχάνηται,</span> <span class='ocrx_word' id='word_1_568' title='bbox 3000 3996 3140 4049; x_wconf 84' lang='grc' dir='ltr'>ὥστε</span> <span class='ocrx_word' id='word_1_569' title='bbox 3186 3996 3262 4067; x_wconf 79' lang='grc' dir='ltr'>μὴ</span> <span class='ocrx_word' id='word_1_570' title='bbox 3305 4001 3422 4051; x_wconf 80' lang='grc' dir='ltr'>κατ’</span> <span class='ocrx_word' id='word_1_571' title='bbox 3453 4001 3627 4070; x_wconf 86' lang='grc' dir='ltr'>ἀρχάς</span> <span class='ocrx_word' id='word_1_572' title='bbox 3673 3999 3995 4065; x_wconf 67' lang='grc' dir='ltr'>εύθὺςτοίς</span> 
     </span>
    </p>
   </div>
   <div class='ocr_carea' id='block_1_73' title="bbox 2425 4085 3992 4159">
    <p class='ocr_par' dir='ltr' id='par_1_73' title="bbox 2425 4085 3992 4159">
     <span class='ocr_line' id='line_1_73' title="bbox 2425 4085 3992 4159; baseline 0.004 -23"><span class='ocrx_word' id='word_1_573' title='bbox 2425 4085 2576 4155; x_wconf 86' lang='grc' dir='ltr'>αὐτῷ</span> <span class='ocrx_word' id='word_1_574' title='bbox 2607 4087 2859 4154; x_wconf 84' lang='grc' dir='ltr'>μυεῖσθαι</span> <span class='ocrx_word' id='word_1_575' title='bbox 2906 4090 3368 4157; x_wconf 82' lang='grc' dir='ltr'>προσερχομένοις</span> <span class='ocrx_word' id='word_1_576' title='bbox 3416 4089 3486 4142; x_wconf 86' lang='grc' dir='ltr'>τὰ</span> <span class='ocrx_word' id='word_1_577' title='bbox 3555 4090 3855 4159; x_wconf 82' lang='grc' dir='ltr'>τελειότερα</span> <span class='ocrx_word' id='word_1_578' title='bbox 3875 4090 3992 4157; x_wconf 68' lang='grc'><strong>(25)</strong></span> 
     </span>
    </p>
   </div>
   <div class='ocr_carea' id='block_1_74' title="bbox 2425 4174 3990 4248">
    <p class='ocr_par' dir='ltr' id='par_1_74' title="bbox 2425 4174 3990 4248">
     <span class='ocr_line' id='line_1_74' title="bbox 2425 4174 3990 4248; baseline 0.003 -22"><span class='ocrx_word' id='word_1_579' title='bbox 2425 4175 2532 4227; x_wconf 83' lang='grc' dir='ltr'>τῶν</span> <span class='ocrx_word' id='word_1_580' title='bbox 2576 4174 2940 4245; x_wconf 88' lang='grc' dir='ltr'>ἀσεϐημάτων</span> <span class='ocrx_word' id='word_1_581' title='bbox 3008 4176 3253 4247; x_wconf 72' lang='grc' dir='ltr'>θαρρεῖν,</span> <span class='ocrx_word' id='word_1_582' title='bbox 3298 4177 3436 4248; x_wconf 81' lang='grc' dir='ltr'>μηδὲ</span> <span class='ocrx_word' id='word_1_583' title='bbox 3508 4178 3618 4230; x_wconf 85' lang='grc' dir='ltr'><strong>τῶν</strong></span> <span class='ocrx_word' id='word_1_584' title='bbox 3672 4181 3990 4248; x_wconf 81' lang='grc' dir='ltr'>μυστηρίων</span> 
     </span>
    </p>
   </div>
   <div class='ocr_carea' id='block_1_75' title="bbox 1909 4331 2939 4396">
    <p class='ocr_par' dir='ltr' id='par_1_75' title="bbox 1909 4331 2939 4396">
     <span class='ocr_line' id='line_1_75' title="bbox 1909 4331 2939 4396; baseline -0.008 -2"><span class='ocrx_word' id='word_1_585' title='bbox 1909 4338 2139 4396; x_wconf 66' lang='lat' dir='ltr'><strong>VARIAE</strong></span> <span class='ocrx_word' id='word_1_586' title='bbox 2174 4332 2560 4394; x_wconf 84' lang='lat' dir='ltr'><strong>LECTH)NES</strong></span> <span class='ocrx_word' id='word_1_587' title='bbox 2590 4332 2678 4387; x_wconf 85' lang='lat' dir='ltr'><strong>ET</strong></span> <span class='ocrx_word' id='word_1_588' title='bbox 2706 4331 2939 4388; x_wconf 64' lang='lat' dir='ltr'><strong>NOTAL‘.</strong></span> 
     </span>
    </p>
   </div>
   <div class='ocr_carea' id='block_1_76' title="bbox 830 4476 2497 4619">
    <p class='ocr_par' dir='ltr' id='par_1_76' title="bbox 830 4485 2497 4619">
     <span class='ocr_line' id='line_1_76' title="bbox 830 4485 2497 4560; baseline -0.019 4"><span class='ocrx_word' id='word_1_589' title='bbox 830 4489 942 4560; x_wconf 63' lang='grc' dir='ltr'><strong>(η)</strong></span> <span class='ocrx_word' id='word_1_590' title='bbox 988 4487 1361 4553; x_wconf 64' lang='grc' dir='ltr'><strong>Διδασκάλφ.</strong></span> <span class='ocrx_word' id='word_1_591' title='bbox 1397 4488 1472 4542; x_wconf 89' lang='lat' dir='ltr'><strong>Ita</strong></span> <span class='ocrx_word' id='word_1_592' title='bbox 1503 4497 1649 4544; x_wconf 90' lang='lat' dir='ltr'><strong>recte</strong></span> <span class='ocrx_word' id='word_1_593' title='bbox 1681 4486 2012 4541; x_wconf 84' lang='lat' dir='ltr'><strong>Coisliniano</strong></span> <span class='ocrx_word' id='word_1_594' title='bbox 2051 4501 2149 4553; x_wconf 89' lang='lat' dir='ltr'><strong>pro</strong></span> <span class='ocrx_word' id='word_1_595' title='bbox 2172 4485 2318 4538; x_wconf 82' lang='grc' dir='ltr'>διδα-</span> <span class='ocrx_word' id='word_1_596' title='bbox 2351 4492 2395 4547; x_wconf 81' lang='grc' dir='ltr'><strong>ι)</strong></span> <span class='ocrx_word' id='word_1_597' title='bbox 2495 4505 2497 4524; x_wconf 85' lang='grc' dir='ltr'>ι</span> 
     </span>
     <span class='ocr_line' id='line_1_77' title="bbox 830 4555 2318 4619; baseline -0.007 -2"><span class='ocrx_word' id='word_1_598' title='bbox 830 4560 984 4619; x_wconf 83' lang='grc' dir='ltr'>αλίῳ.</span> <span class='ocrx_word' id='word_1_599' title='bbox 1012 4575 1126 4619; x_wconf 83' lang='lat' dir='ltr'><strong>seu.</strong></span> <span class='ocrx_word' id='word_1_600' title='bbox 1151 4559 1565 4619; x_wconf 77' lang='lat' dir='ltr'><strong>utseribendum</strong></span> <span class='ocrx_word' id='word_1_601' title='bbox 1588 4568 1722 4618; x_wconf 87' lang='lat' dir='ltr'><strong>eral,</strong></span> <span class='ocrx_word' id='word_1_602' title='bbox 1750 4555 2101 4619; x_wconf 75' lang='grc' dir='ltr'>διδασκαλείῳ</span> <span class='ocrx_word' id='word_1_603' title='bbox 2120 4555 2318 4608; x_wconf 84' lang='lat' dir='ltr'><strong>Nostri.</strong></span> 
     </span>
    </p>
   </div>
   <div class='ocr_carea' id='block_1_77' title="bbox 1765 4476 3432 4619">
    <p class='ocr_par' dir='ltr' id='par_1_77' title="bbox 1765 4476 3432 4619">
     <span class='ocr_line' id='line_1_78' title="bbox 1765 4476 3432 4553; baseline -0.005 -14"><span class='ocrx_word' id='word_1_604' title='bbox 1765 4486 2012 4540; x_wconf 83' lang='lat' dir='ltr'><strong>isliniano</strong></span> <span class='ocrx_word' id='word_1_605' title='bbox 2051 4501 2149 4553; x_wconf 88' lang='lat' dir='ltr'><strong>pro</strong></span> <span class='ocrx_word' id='word_1_606' title='bbox 2172 4485 2318 4538; x_wconf 82' lang='grc' dir='ltr'>διδα-</span> <span class='ocrx_word' id='word_1_607' title='bbox 2351 4492 2395 4547; x_wconf 82' lang='grc' dir='ltr'><strong>ι)</strong></span> <span class='ocrx_word' id='word_1_608' title='bbox 2495 4480 2585 4549; x_wconf 83' lang='grc'><strong>(16</strong></span> <span class='ocrx_word' id='word_1_609' title='bbox 2641 4479 2782 4534; x_wconf 86' lang='grc' dir='ltr'><strong>Οὗν.</strong></span> <span class='ocrx_word' id='word_1_610' title='bbox 2821 4476 3432 4547; x_wconf 82' lang='lat' dir='ltr'><strong>NonagnoscitNosler.</strong></span> 
     </span>
     <span class='ocr_line' id='line_1_79' title="bbox 1765 4485 3426 4619; baseline -0.005 -11"><span class='ocrx_word' id='word_1_611' title='bbox 1765 4555 2101 4619; x_wconf 75' lang='grc' dir='ltr'>Ξιδασκαλείῳ</span> <span class='ocrx_word' id='word_1_612' title='bbox 2120 4555 2318 4608; x_wconf 84' lang='lat' dir='ltr'><strong>Nostri.</strong></span> <span class='ocrx_word' id='word_1_613' title='bbox 2498 4485 2608 4619; x_wconf 74' lang='grc' dir='ltr'><strong>(Π)</strong></span> <span class='ocrx_word' id='word_1_614' title='bbox 2656 4550 2900 4616; x_wconf 81' lang='grc' dir='ltr'>Χωρίον.</span> <span class='ocrx_word' id='word_1_615' title='bbox 2956 4548 3150 4619; x_wconf 84' lang='lat' dir='ltr'><strong>Addidi</strong></span> <span class='ocrx_word' id='word_1_616' title='bbox 3184 4563 3273 4619; x_wconf 80' lang='lat' dir='ltr'><strong>ex</strong></span> <span class='ocrx_word' id='word_1_617' title='bbox 3303 4546 3426 4619; x_wconf 85' lang='lat' dir='ltr'><strong>Nos</strong></span> 
     </span>
    </p>
   </div>
   <div class='ocr_carea' id='block_1_78' title="bbox 759 4555 2318 4630">
    <p class='ocr_par' dir='ltr' id='par_1_78' title="bbox 759 4555 2318 4630">
     <span class='ocr_line' id='line_1_80' title="bbox 759 4555 2318 4630; baseline -0.004 -16"><span class='ocrx_word' id='word_1_618' title='bbox 759 4555 984 4630; x_wconf 72' lang='grc' dir='ltr'>σκάλίὶρ,</span> <span class='ocrx_word' id='word_1_619' title='bbox 1012 4575 1126 4622; x_wconf 83' lang='lat' dir='ltr'><strong>seu,</strong></span> <span class='ocrx_word' id='word_1_620' title='bbox 1149 4559 1565 4630; x_wconf 51' lang='lat' dir='ltr'><strong>ut.s_e_ribendum</strong></span> <span class='ocrx_word' id='word_1_621' title='bbox 1588 4555 2101 4630; x_wconf 58' lang='lat' dir='ltr'><strong>eral,_6t6aqxale£tp</strong></span> <span class='ocrx_word' id='word_1_622' title='bbox 2120 4555 2318 4608; x_wconf 84' lang='lat' dir='ltr'><strong>Nostri.</strong></span> 
     </span>
    </p>
   </div>
   <div class='ocr_carea' id='block_1_79' title="bbox 830 4625 2323 4698">
    <p class='ocr_par' dir='ltr' id='par_1_79' title="bbox 830 4625 2323 4698">
     <span class='ocr_line' id='line_1_81' title="bbox 830 4625 2323 4698; baseline -0.005 -15"><span class='ocrx_word' id='word_1_623' title='bbox 830 4625 946 4698; x_wconf 77' lang='grc'><strong>(15)</strong></span> <span class='ocrx_word' id='word_1_624' title='bbox 982 4630 1072 4682; x_wconf 80' lang='grc' dir='ltr'><strong>Δέ.</strong></span> <span class='ocrx_word' id='word_1_625' title='bbox 1120 4629 1194 4682; x_wconf 78' lang='lat' dir='ltr'><strong>Ex</strong></span> <span class='ocrx_word' id='word_1_626' title='bbox 1240 4626 1455 4692; x_wconf 90' lang='lat' dir='ltr'><strong>Nostro,</strong></span> <span class='ocrx_word' id='word_1_627' title='bbox 1491 4629 1634 4697; x_wconf 91' lang='lat' dir='ltr'><strong>quod</strong></span> <span class='ocrx_word' id='word_1_628' title='bbox 1684 4628 1751 4681; x_wconf 92' lang='lat' dir='ltr'><strong>ad</strong></span> <span class='ocrx_word' id='word_1_629' title='bbox 1786 4625 2168 4693; x_wconf 83' lang='lat' dir='ltr'><strong>perficiendam</strong></span> <span class='ocrx_word' id='word_1_630' title='bbox 2201 4638 2323 4678; x_wconf 89' lang='lat' dir='ltr'><strong>ora-</strong></span> 
     </span>
    </p>
   </div>
   <div class='ocr_carea' id='block_1_80' title="bbox 759 4698 1645 4765">
    <p class='ocr_par' dir='ltr' id='par_1_80' title="bbox 759 4698 1645 4765">
     <span class='ocr_line' id='line_1_82' title="bbox 759 4698 1645 4765; baseline -0.003 -12"><span class='ocrx_word' id='word_1_631' title='bbox 759 4701 924 4754; x_wconf 89' lang='lat' dir='ltr'><strong>tionis</strong></span> <span class='ocrx_word' id='word_1_632' title='bbox 954 4701 1148 4752; x_wconf 89' lang='lat' dir='ltr'><strong>seriem</strong></span> <span class='ocrx_word' id='word_1_633' title='bbox 1181 4698 1380 4765; x_wconf 90' lang='lat' dir='ltr'><strong>requiri</strong></span> <span class='ocrx_word' id='word_1_634' title='bbox 1413 4698 1645 4752; x_wconf 85' lang='lat' dir='ltr'><strong>videtur.</strong></span> 
     </span>
    </p>
   </div>
   <div class='ocr_carea' id='block_1_81' title="bbox 831 4761 2321 4838">
    <p class='ocr_par' dir='ltr' id='par_1_81' title="bbox 831 4761 2321 4838">
     <span class='ocr_line' id='line_1_83' title="bbox 831 4761 2321 4838; baseline -0.006 -17"><span class='ocrx_word' id='word_1_635' title='bbox 831 4769 941 4838; x_wconf 77' lang='lat' dir='ltr'><strong>(M)</strong></span> <span class='ocrx_word' id='word_1_636' title='bbox 977 4768 1045 4820; x_wconf 82' lang='grc' dir='ltr'><strong><em>Οἳ</em></strong></span> <span class='ocrx_word' id='word_1_637' title='bbox 1074 4767 1170 4819; x_wconf 75' lang='grc' dir='ltr'>καὶ</span> <span class='ocrx_word' id='word_1_638' title='bbox 1211 4761 1522 4838; x_wconf 68' lang='grc' dir='ltr'>δαίμονας.</span> <span class='ocrx_word' id='word_1_639' title='bbox 1583 4768 1657 4820; x_wconf 88' lang='lat' dir='ltr'><strong>Ita</strong></span> <span class='ocrx_word' id='word_1_640' title='bbox 1695 4765 1900 4819; x_wconf 88' lang='lat' dir='ltr'><strong>edenda</strong></span> <span class='ocrx_word' id='word_1_641' title='bbox 1952 4763 2069 4818; x_wconf 58' lang='lat' dir='ltr'><strong>hate</strong></span> <span class='ocrx_word' id='word_1_642' title='bbox 2113 4761 2321 4838; x_wconf 79' lang='lat' dir='ltr'><strong>putavi,</strong></span> 
     </span>
    </p>
   </div>
   <div class='ocr_carea' id='block_1_82' title="bbox 760 4831 2325 4907">
    <p class='ocr_par' dir='ltr' id='par_1_82' title="bbox 760 4831 2325 4907">
     <span class='ocr_line' id='line_1_84' title="bbox 760 4831 2325 4907; baseline -0.006 -15"><span class='ocrx_word' id='word_1_643' title='bbox 760 4831 881 4907; x_wconf 69' lang='lat' dir='ltr'><strong>qua:</strong></span> <span class='ocrx_word' id='word_1_644' title='bbox 912 4831 965 4889; x_wconf 85' lang='lat' dir='ltr'><strong>in</strong></span> <span class='ocrx_word' id='word_1_645' title='bbox 999 4831 1571 4907; x_wconf 69' lang='lat' dir='ltr'><strong>(Soislinianomisere</strong></span> <span class='ocrx_word' id='word_1_646' title='bbox 1603 4845 1856 4907; x_wconf 78' lang='lat' dir='ltr'><strong>corrupta</strong></span> <span class='ocrx_word' id='word_1_647' title='bbox 1916 4843 2064 4907; x_wconf 78' lang='lat' dir='ltr'><strong>sunt,</strong></span> <span class='ocrx_word' id='word_1_648' title='bbox 2117 4831 2208 4899; x_wconf 87' lang='lat' dir='ltr'><strong>qui</strong></span> <span class='ocrx_word' id='word_1_649' title='bbox 2246 4831 2325 4907; x_wconf 84' lang='lat' dir='ltr'><strong>sic</strong></span> 
     </span>
    </p>
   </div>
   <div class='ocr_carea' id='block_1_83' title="bbox 760 4902 2325 4975">
    <p class='ocr_par' dir='ltr' id='par_1_83' title="bbox 760 4902 2325 4975">
     <span class='ocr_line' id='line_1_85' title="bbox 760 4902 2325 4975; baseline -0.007 -14"><span class='ocrx_word' id='word_1_650' title='bbox 760 4902 922 4961; x_wconf 82' lang='lat' dir='ltr'><strong>habet</strong></span> <span class='ocrx_word' id='word_1_651' title='bbox 954 4925 966 4959; x_wconf 89' lang='lat'>:</span> <span class='ocrx_word' id='word_1_652' title='bbox 1019 4905 1080 4958; x_wconf 83' lang='grc' dir='ltr'><strong>Οἳ</strong></span> <span class='ocrx_word' id='word_1_653' title='bbox 1136 4907 1230 4958; x_wconf 77' lang='grc' dir='ltr'>καὶ</span> <span class='ocrx_word' id='word_1_654' title='bbox 1293 4904 1453 4958; x_wconf 87' lang='grc' dir='ltr'>πάθει</span> <span class='ocrx_word' id='word_1_655' title='bbox 1489 4905 1746 4975; x_wconf 87' lang='grc' dir='ltr'>δαίμονας</span> <span class='ocrx_word' id='word_1_656' title='bbox 1770 4902 2175 4973; x_wconf 70' lang='grc' dir='ltr'>θεραπεύουσι,</span> <span class='ocrx_word' id='word_1_657' title='bbox 2214 4903 2325 4975; x_wconf 51' lang='grc' dir='ltr'>χαὶ</span> 
     </span>
    </p>
   </div>
   <div class='ocr_carea' id='block_1_84' title="bbox 759 4968 2325 5045">
    <p class='ocr_par' dir='ltr' id='par_1_84' title="bbox 759 4968 2325 5045">
     <span class='ocr_line' id='line_1_86' title="bbox 759 4968 2325 5045; baseline -0.005 -17"><span class='ocrx_word' id='word_1_658' title='bbox 759 4977 1018 5045; x_wconf 87' lang='grc' dir='ltr'>δαίμονας</span> <span class='ocrx_word' id='word_1_659' title='bbox 1044 4977 1203 5028; x_wconf 84' lang='grc' dir='ltr'>πάθει</span> <span class='ocrx_word' id='word_1_660' title='bbox 1234 4968 1611 5042; x_wconf 77' lang='grc' dir='ltr'>φυγαδεύουσι.</span> <span class='ocrx_word' id='word_1_661' title='bbox 1650 4968 1870 5045; x_wconf 65' lang='lat' dir='ltr'><strong>Rectius</strong></span> <span class='ocrx_word' id='word_1_662' title='bbox 1906 4989 1972 5045; x_wconf 80' lang='lat' dir='ltr'><strong>ex</strong></span> <span class='ocrx_word' id='word_1_663' title='bbox 2021 4981 2172 5045; x_wconf 71' lang='lat' dir='ltr'><strong>parte</strong></span> <span class='ocrx_word' id='word_1_664' title='bbox 2214 4968 2325 5021; x_wconf 75' lang='lat' dir='ltr'><strong>N0-</strong></span> 
     </span>
    </p>
   </div>
   <div class='ocr_carea' id='block_1_85' title="bbox 760 5040 2324 5114">
    <p class='ocr_par' dir='ltr' id='par_1_85' title="bbox 760 5040 2324 5114">
     <span class='ocr_line' id='line_1_87' title="bbox 760 5040 2324 5114; baseline -0.006 -14"><span class='ocrx_word' id='word_1_665' title='bbox 760 5040 892 5109; x_wconf 73' lang='lat' dir='ltr'><strong>ster,</strong></span> <span class='ocrx_word' id='word_1_666' title='bbox 924 5046 972 5096; x_wconf 75' lang='grc' dir='ltr'>οἳ</span> <span class='ocrx_word' id='word_1_667' title='bbox 1002 5047 1094 5097; x_wconf 81' lang='grc' dir='ltr'>καὶ</span> <span class='ocrx_word' id='word_1_668' title='bbox 1135 5040 1393 5114; x_wconf 85' lang='grc' dir='ltr'>δαίμονας</span> <span class='ocrx_word' id='word_1_669' title='bbox 1427 5043 1805 5114; x_wconf 79' lang='grc' dir='ltr'>θεραπεύουσι,</span> <span class='ocrx_word' id='word_1_670' title='bbox 1843 5043 1936 5114; x_wconf 80' lang='grc' dir='ltr'>κα¹ι</span> <span class='ocrx_word' id='word_1_671' title='bbox 1967 5040 2109 5114; x_wconf 82' lang='grc' dir='ltr'>πάθη</span> <span class='ocrx_word' id='word_1_672' title='bbox 2148 5056 2324 5114; x_wconf 65' lang='grc' dir='ltr'>φυγατ</span> 
     </span>
    </p>
   </div>
   <div class='ocr_carea' id='block_1_86' title="bbox 761 5107 2323 5182">
    <p class='ocr_par' dir='ltr' id='par_1_86' title="bbox 761 5107 2323 5182">
     <span class='ocr_line' id='line_1_88' title="bbox 761 5107 2323 5182; baseline -0.006 -14"><span class='ocrx_word' id='word_1_673' title='bbox 761 5107 998 5178; x_wconf 79' lang='grc' dir='ltr'>δεύουσι,</span> <span class='ocrx_word' id='word_1_674' title='bbox 1041 5115 1132 5182; x_wconf 92' lang='lat' dir='ltr'><strong>qui</strong></span> <span class='ocrx_word' id='word_1_675' title='bbox 1165 5107 1344 5167; x_wconf 86' lang='lat' dir='ltr'><strong>tamen</strong></span> <span class='ocrx_word' id='word_1_676' title='bbox 1385 5114 1438 5166; x_wconf 91' lang='lat' dir='ltr'><strong>in</strong></span> <span class='ocrx_word' id='word_1_677' title='bbox 1471 5107 1535 5166; x_wconf 78' lang='lat' dir='ltr'><strong>eo</strong></span> <span class='ocrx_word' id='word_1_678' title='bbox 1563 5123 1709 5166; x_wconf 87' lang='lat' dir='ltr'><strong>errat</strong></span> <span class='ocrx_word' id='word_1_679' title='bbox 1736 5112 1944 5182; x_wconf 88' lang='lat' dir='ltr'><strong>librarii</strong></span> <span class='ocrx_word' id='word_1_680' title='bbox 1967 5112 2140 5182; x_wconf 85' lang='lat' dir='ltr'><strong>lapsu,</strong></span> <span class='ocrx_word' id='word_1_681' title='bbox 2180 5107 2323 5176; x_wconf 90' lang='lat' dir='ltr'><strong>quod</strong></span> 
     </span>
    </p>
   </div>
   <div class='ocr_carea' id='block_1_87' title="bbox 763 5180 2324 5243">
    <p class='ocr_par' dir='ltr' id='par_1_87' title="bbox 763 5180 2324 5243">
     <span class='ocr_line' id='line_1_89' title="bbox 763 5180 2324 5243; baseline -0.005 -6"><span class='ocrx_word' id='word_1_682' title='bbox 763 5185 886 5237; x_wconf 89' lang='lat' dir='ltr'><strong>bina</strong></span> <span class='ocrx_word' id='word_1_683' title='bbox 911 5185 995 5236; x_wconf 87' lang='lat' dir='ltr'><strong>illa</strong></span> <span class='ocrx_word' id='word_1_684' title='bbox 1031 5180 1190 5237; x_wconf 76' lang='lat' dir='ltr'><strong>verba</strong></span> <span class='ocrx_word' id='word_1_685' title='bbox 1220 5199 1327 5237; x_wconf 89' lang='lat' dir='ltr'><strong>non</strong></span> <span class='ocrx_word' id='word_1_686' title='bbox 1365 5185 1478 5236; x_wconf 79' lang='lat' dir='ltr'><strong>suis</strong></span> <span class='ocrx_word' id='word_1_687' title='bbox 1525 5183 1655 5237; x_wconf 91' lang='lat' dir='ltr'><strong>locis</strong></span> <span class='ocrx_word' id='word_1_688' title='bbox 1693 5181 1998 5243; x_wconf 78' lang='lat' dir='ltr'><strong>collocavit,</strong></span> <span class='ocrx_word' id='word_1_689' title='bbox 2049 5180 2141 5234; x_wconf 89' lang='lat' dir='ltr'><strong>sed</strong></span> <span class='ocrx_word' id='word_1_690' title='bbox 2190 5193 2324 5230; x_wconf 87' lang='lat' dir='ltr'><strong>con-</strong></span> 
     </span>
    </p>
   </div>
   <div class='ocr_carea' id='block_1_88' title="bbox 763 5248 2325 5317">
    <p class='ocr_par' dir='ltr' id='par_1_88' title="bbox 763 5248 2325 5317">
     <span class='ocr_line' id='line_1_90' title="bbox 763 5248 2325 5317; baseline -0.004 -11"><span class='ocrx_word' id='word_1_691' title='bbox 763 5254 917 5306; x_wconf 89' lang='lat' dir='ltr'><strong>fudit.</strong></span> <span class='ocrx_word' id='word_1_692' title='bbox 958 5254 1128 5307; x_wconf 85' lang='lat' dir='ltr'><strong>Scribi</strong></span> <span class='ocrx_word' id='word_1_693' title='bbox 1162 5255 1305 5305; x_wconf 82' lang='lat' dir='ltr'><strong>enim</strong></span> <span class='ocrx_word' id='word_1_694' title='bbox 1353 5253 1606 5317; x_wconf 88' lang='lat' dir='ltr'><strong>debebat,</strong></span> <span class='ocrx_word' id='word_1_695' title='bbox 1654 5261 1712 5304; x_wconf 92' lang='lat' dir='ltr'><strong>ut</strong></span> <span class='ocrx_word' id='word_1_696' title='bbox 1746 5252 1907 5304; x_wconf 88' lang='lat' dir='ltr'><strong>edidi.</strong></span> <span class='ocrx_word' id='word_1_697' title='bbox 1961 5250 2040 5303; x_wconf 88' lang='lat' dir='ltr'><strong>lta</strong></span> <span class='ocrx_word' id='word_1_698' title='bbox 2085 5263 2172 5301; x_wconf 92' lang='lat' dir='ltr'><strong>res</strong></span> <span class='ocrx_word' id='word_1_699' title='bbox 2210 5248 2325 5314; x_wconf 87' lang='lat' dir='ltr'><strong>ipsa</strong></span> 
     </span>
    </p>
   </div>
   <div class='ocr_carea' id='block_1_89' title="bbox 763 5317 2325 5391">
    <p class='ocr_par' dir='ltr' id='par_1_89' title="bbox 763 5317 2325 5391">
     <span class='ocr_line' id='line_1_91' title="bbox 763 5317 2325 5391; baseline -0.004 -16"><span class='ocrx_word' id='word_1_700' title='bbox 763 5324 1006 5391; x_wconf 89' lang='lat' dir='ltr'><strong>requirit,</strong></span> <span class='ocrx_word' id='word_1_701' title='bbox 1051 5335 1105 5376; x_wconf 89' lang='lat' dir='ltr'><strong>et</strong></span> <span class='ocrx_word' id='word_1_702' title='bbox 1153 5322 1342 5391; x_wconf 72' lang='lat' dir='ltr'><strong>Petrus</strong></span> <span class='ocrx_word' id='word_1_703' title='bbox 1391 5323 1603 5376; x_wconf 90' lang='lat' dir='ltr'><strong>Siculus</strong></span> <span class='ocrx_word' id='word_1_704' title='bbox 1645 5321 1951 5383; x_wconf 87' lang='lat' dir='ltr'><strong>confirmat,</strong></span> <span class='ocrx_word' id='word_1_705' title='bbox 1998 5319 2154 5391; x_wconf 84' lang='lat' dir='ltr'><strong>cujus</strong></span> <span class='ocrx_word' id='word_1_706' title='bbox 2211 5317 2325 5391; x_wconf 61' lang='lat' dir='ltr'><strong>haec</strong></span> 
     </span>
    </p>
   </div>
   <div class='ocr_carea' id='block_1_90' title="bbox 764 5385 2329 5459">
    <p class='ocr_par' dir='ltr' id='par_1_90' title="bbox 764 5385 2329 5459">
     <span class='ocr_line' id='line_1_92' title="bbox 764 5385 2329 5459; baseline -0.006 -14"><span class='ocrx_word' id='word_1_707' title='bbox 764 5385 889 5445; x_wconf 78' lang='lat' dir='ltr'><strong>sunt</strong></span> <span class='ocrx_word' id='word_1_708' title='bbox 921 5385 1078 5445; x_wconf 83' lang='lat' dir='ltr'><strong>verba</strong></span> <span class='ocrx_word' id='word_1_709' title='bbox 1117 5409 1128 5442; x_wconf 91' lang='lat'>:</span> <span class='ocrx_word' id='word_1_710' title='bbox 1170 5387 1328 5445; x_wconf 73' lang='grc' dir='ltr'>Οὗτοί</span> <span class='ocrx_word' id='word_1_711' title='bbox 1359 5396 1492 5444; x_wconf 88' lang='grc' dir='ltr'>εἰσιν</span> <span class='ocrx_word' id='word_1_712' title='bbox 1519 5394 1566 5444; x_wconf 82' lang='grc' dir='ltr'>οἱ</span> <span class='ocrx_word' id='word_1_713' title='bbox 1603 5391 1746 5459; x_wconf 79' lang='grc' dir='ltr'>ἆγιοί</span> <span class='ocrx_word' id='word_1_714' title='bbox 1787 5407 1899 5451; x_wconf 90' lang='grc' dir='ltr'>σου,</span> <span class='ocrx_word' id='word_1_715' title='bbox 1956 5391 2005 5441; x_wconf 81' lang='grc' dir='ltr'>οἱ</span> <span class='ocrx_word' id='word_1_716' title='bbox 2045 5385 2170 5449; x_wconf 79' lang='grc' dir='ltr'>τοὺς</span> <span class='ocrx_word' id='word_1_717' title='bbox 2219 5385 2329 5459; x_wconf 73' lang='grc' dir='ltr'>δαί-</span> 
     </span>
    </p>
   </div>
   <div class='ocr_carea' id='block_1_91' title="bbox 810 5458 2326 5530">
    <p class='ocr_par' dir='ltr' id='par_1_91' title="bbox 810 5458 2326 5530">
     <span class='ocr_line' id='line_1_93' title="bbox 810 5458 2326 5530; baseline -0.005 -17"><span class='ocrx_word' id='word_1_718' title='bbox 810 5479 934 5524; x_wconf 88' lang='grc' dir='ltr'>ονας</span> <span class='ocrx_word' id='word_1_719' title='bbox 969 5462 1382 5530; x_wconf 84' lang='grc' dir='ltr'>φυγαδεύοντες,</span> <span class='ocrx_word' id='word_1_720' title='bbox 1414 5464 1506 5513; x_wconf 73' lang='grc' dir='ltr'>καὶ</span> <span class='ocrx_word' id='word_1_721' title='bbox 1529 5461 1597 5512; x_wconf 81' lang='grc' dir='ltr'><strong>τά</strong></span> <span class='ocrx_word' id='word_1_722' title='bbox 1630 5458 1774 5528; x_wconf 81' lang='grc' dir='ltr'>πάθη</span> <span class='ocrx_word' id='word_1_723' title='bbox 1801 5459 2194 5530; x_wconf 81' lang='grc' dir='ltr'>θεραπεύοντες</span> <span class='ocrx_word' id='word_1_724' title='bbox 2218 5458 2326 5507; x_wconf 83' lang='grc' dir='ltr'>τῶν</span> 
     </span>
    </p>
   </div>
   <div class='ocr_carea' id='block_1_92' title="bbox 765 5479 2325 5612">
    <p class='ocr_par' dir='ltr' id='par_1_92' title="bbox 765 5479 2325 5612">
     <span class='ocr_line' id='line_1_94' title="bbox 765 5479 2325 5582; baseline -0.004 -69"><span class='ocrx_word' id='word_1_725' title='bbox 765 5479 934 5582; x_wconf 56' lang='grc' dir='ltr'>Σονας</span> <span class='ocrx_word' id='word_1_726' title='bbox 969 5479 1382 5530; x_wconf 83' lang='grc' dir='ltr'>φυγαοευοντες,</span> <span class='ocrx_word' id='word_1_727' title='bbox 1414 5479 1506 5513; x_wconf 84' lang='grc' dir='ltr'><strong>και</strong></span> <span class='ocrx_word' id='word_1_728' title='bbox 1529 5479 1597 5512; x_wconf 88' lang='grc' dir='ltr'><strong>τα</strong></span> <span class='ocrx_word' id='word_1_729' title='bbox 1630 5479 1774 5528; x_wconf 81' lang='grc' dir='ltr'>παοη</span> <span class='ocrx_word' id='word_1_730' title='bbox 1801 5479 2194 5579; x_wconf 63' lang='grc' dir='ltr'>οεραπευοντες</span> <span class='ocrx_word' id='word_1_731' title='bbox 2218 5479 2325 5507; x_wconf 83' lang='grc' dir='ltr'><strong>των</strong></span> 
     </span>
     <span class='ocr_line' id='line_1_95' title="bbox 770 5529 2325 5612; baseline -0.005 -30"><span class='ocrx_word' id='word_1_732' title='bbox 770 5531 1336 5612; x_wconf 35' lang='grc' dir='ltr'>Δνθρώπωνέιδοίιὶςϐί</span> <span class='ocrx_word' id='word_1_733' title='bbox 1367 5532 1597 5610; x_wconf 76' lang='lat' dir='ltr'><strong>ludibrio</strong></span> <span class='ocrx_word' id='word_1_734' title='bbox 1638 5531 1834 5612; x_wconf 84' lang='lat' dir='ltr'><strong>femina</strong></span> <span class='ocrx_word' id='word_1_735' title='bbox 1907 5529 2325 5612; x_wconf 37' lang='lat' dir='ltr'><strong>abuit_consu.e-:</strong></span> 
     </span>
    </p>
   </div>
   <div class='ocr_carea' id='block_1_93' title="bbox 769 5597 2328 5668">
    <p class='ocr_par' dir='ltr' id='par_1_93' title="bbox 769 5597 2328 5668">
     <span class='ocr_line' id='line_1_96' title="bbox 769 5597 2328 5668; baseline -0.002 -17"><span class='ocrx_word' id='word_1_736' title='bbox 769 5597 1033 5663; x_wconf 87' lang='lat' dir='ltr'><strong>tudinem,</strong></span> <span class='ocrx_word' id='word_1_737' title='bbox 1065 5602 1148 5653; x_wconf 88' lang='lat' dir='ltr'><strong>illa</strong></span> <span class='ocrx_word' id='word_1_738' title='bbox 1201 5611 1358 5654; x_wconf 65' lang='lat' dir='ltr'><strong>aetate</strong></span> <span class='ocrx_word' id='word_1_739' title='bbox 1410 5601 1518 5668; x_wconf 85' lang='lat' dir='ltr'><strong>jam</strong></span> <span class='ocrx_word' id='word_1_740' title='bbox 1570 5609 1863 5668; x_wconf 87' lang='lat' dir='ltr'><strong>receptam,</strong></span> <span class='ocrx_word' id='word_1_741' title='bbox 1903 5614 2007 5667; x_wconf 89' lang='lat' dir='ltr'><strong>qua</strong></span> <span class='ocrx_word' id='word_1_742' title='bbox 2064 5597 2328 5650; x_wconf 83' lang='lat' dir='ltr'><strong>invocatis</strong></span> 
     </span>
    </p>
   </div>
   <div class='ocr_carea' id='block_1_94' title="bbox 767 5671 1745 5738">
    <p class='ocr_par' dir='ltr' id='par_1_94' title="bbox 767 5671 1745 5738">
     <span class='ocr_line' id='line_1_97' title="bbox 767 5671 1745 5738; baseline 0 -16"><span class='ocrx_word' id='word_1_743' title='bbox 767 5671 968 5723; x_wconf 88' lang='lat' dir='ltr'><strong>sanctis</strong></span> <span class='ocrx_word' id='word_1_744' title='bbox 1002 5671 1276 5724; x_wconf 68' lang='lat' dir='ltr'><strong>daemones</strong></span> <span class='ocrx_word' id='word_1_745' title='bbox 1317 5671 1745 5738; x_wconf 78' lang='lat' dir='ltr'><strong>expellebantur.</strong></span> 
     </span>
    </p>
   </div>
   <div class='ocr_carea' id='block_1_95' title="bbox 838 5733 2328 5808">
    <p class='ocr_par' dir='ltr' id='par_1_95' title="bbox 838 5733 2328 5808">
     <span class='ocr_line' id='line_1_98' title="bbox 838 5733 2328 5808; baseline -0.004 -16"><span class='ocrx_word' id='word_1_746' title='bbox 838 5741 948 5808; x_wconf 83' lang='grc'><strong>(15)</strong></span> <span class='ocrx_word' id='word_1_747' title='bbox 1002 5733 1465 5804; x_wconf 70' lang='grc' dir='ltr'>Καταλιπόντες.</span> <span class='ocrx_word' id='word_1_748' title='bbox 1527 5739 1638 5793; x_wconf 91' lang='lat' dir='ltr'><strong>Hoc</strong></span> <span class='ocrx_word' id='word_1_749' title='bbox 1699 5738 1839 5793; x_wconf 89' lang='lat' dir='ltr'><strong>malo</strong></span> <span class='ocrx_word' id='word_1_750' title='bbox 1906 5751 2014 5805; x_wconf 72' lang='lat' dir='ltr'><strong>prae</strong></span> <span class='ocrx_word' id='word_1_751' title='bbox 2077 5733 2328 5788; x_wconf 85' lang='grc' dir='ltr'>καταλεί-</span> 
     </span>
    </p>
   </div>
   <div class='ocr_carea' id='block_1_96' title="bbox 768 5810 1706 5882">
    <p class='ocr_par' dir='ltr' id='par_1_96' title="bbox 768 5810 1706 5882">
     <span class='ocr_line' id='line_1_99' title="bbox 768 5810 1706 5882; baseline -0.003 -21"><span class='ocrx_word' id='word_1_752' title='bbox 768 5825 976 5876; x_wconf 83' lang='grc' dir='ltr'>ποντες,</span> <span class='ocrx_word' id='word_1_753' title='bbox 1003 5811 1146 5882; x_wconf 87' lang='lat' dir='ltr'><strong>quod</strong></span> <span class='ocrx_word' id='word_1_754' title='bbox 1177 5821 1258 5866; x_wconf 88' lang='lat' dir='ltr'><strong>cst</strong></span> <span class='ocrx_word' id='word_1_755' title='bbox 1283 5811 1334 5865; x_wconf 92' lang='lat' dir='ltr'><strong>in</strong></span> <span class='ocrx_word' id='word_1_756' title='bbox 1359 5810 1706 5866; x_wconf 85' lang='lat' dir='ltr'><strong>Coisliniano.</strong></span> 
     </span>
    </p>
   </div>
   <div class='ocr_carea' id='block_1_97' title="bbox 2498 4543 3988 4619">
    <p class='ocr_par' dir='ltr' id='par_1_97' title="bbox 2498 4543 3988 4619">
     <span class='ocr_line' id='line_1_100' title="bbox 2498 4543 3988 4619; baseline -0.001 -16"><span class='ocrx_word' id='word_1_757' title='bbox 2498 4543 2608 4619; x_wconf 74' lang='grc' dir='ltr'><strong>(Π)</strong></span> <span class='ocrx_word' id='word_1_758' title='bbox 2656 4550 2900 4616; x_wconf 81' lang='grc' dir='ltr'>Χωρίον.</span> <span class='ocrx_word' id='word_1_759' title='bbox 2956 4543 3150 4619; x_wconf 72' lang='lat' dir='ltr'><strong>Addidi</strong></span> <span class='ocrx_word' id='word_1_760' title='bbox 3184 4563 3273 4619; x_wconf 80' lang='lat' dir='ltr'><strong>ex</strong></span> <span class='ocrx_word' id='word_1_761' title='bbox 3303 4546 3550 4619; x_wconf 6' lang='lat' dir='ltr'><strong>(Nostro,</strong></span> <span class='ocrx_word' id='word_1_762' title='bbox 3582 4561 3742 4619; x_wconf 84' lang='lat' dir='ltr'><strong>quam</strong></span> <span class='ocrx_word' id='word_1_763' title='bbox 3799 4562 3988 4601; x_wconf 81' lang='lat' dir='ltr'><strong>vocem</strong></span> 
     </span>
    </p>
   </div>
   <div class='ocr_carea' id='block_1_98' title="bbox 2423 4617 3990 4690">
    <p class='ocr_par' dir='ltr' id='par_1_98' title="bbox 2423 4617 3990 4690">
     <span class='ocr_line' id='line_1_101' title="bbox 2423 4617 3990 4690; baseline -0.001 -17"><span class='ocrx_word' id='word_1_764' title='bbox 2423 4617 2701 4690; x_wconf 83' lang='lat' dir='ltr'><strong>requirere</strong></span> <span class='ocrx_word' id='word_1_765' title='bbox 2730 4619 2944 4690; x_wconf 76' lang='lat' dir='ltr'><strong>videtur</strong></span> <span class='ocrx_word' id='word_1_766' title='bbox 2976 4617 3260 4690; x_wconf 76' lang='lat' dir='ltr'><strong>allegorica</strong></span> <span class='ocrx_word' id='word_1_767' title='bbox 3302 4617 3553 4690; x_wconf 76' lang='lat' dir='ltr'><strong>loquendi</strong></span> <span class='ocrx_word' id='word_1_768' title='bbox 3587 4617 3743 4681; x_wconf 86' lang='lat' dir='ltr'><strong>ratio,</strong></span> <span class='ocrx_word' id='word_1_769' title='bbox 3776 4633 3898 4690; x_wconf 58' lang='lat' dir='ltr'><strong>quae</strong></span> <span class='ocrx_word' id='word_1_770' title='bbox 3927 4635 3990 4671; x_wconf 86' lang='lat' dir='ltr'><strong>se</strong></span> 
     </span>
    </p>
   </div>
   <div class='ocr_carea' id='block_1_99' title="bbox 2425 4686 3992 4757">
    <p class='ocr_par' dir='ltr' id='par_1_99' title="bbox 2425 4686 3992 4757">
     <span class='ocr_line' id='line_1_102' title="bbox 2425 4686 3992 4757; baseline -0.001 -15"><span class='ocrx_word' id='word_1_771' title='bbox 2425 4686 2516 4744; x_wconf 80' lang='lat' dir='ltr'><strong>hic</strong></span> <span class='ocrx_word' id='word_1_772' title='bbox 2533 4688 2744 4742; x_wconf 79' lang='lat' dir='ltr'><strong>auctori</strong></span> <span class='ocrx_word' id='word_1_773' title='bbox 2766 4686 3033 4757; x_wconf 87' lang='lat' dir='ltr'><strong>probavit,</strong></span> <span class='ocrx_word' id='word_1_774' title='bbox 3057 4686 3123 4740; x_wconf 84' lang='lat' dir='ltr'><strong>de</strong></span> <span class='ocrx_word' id='word_1_775' title='bbox 3149 4687 3484 4757; x_wconf 87' lang='lat' dir='ltr'><strong>germinibus</strong></span> <span class='ocrx_word' id='word_1_776' title='bbox 3515 4689 3757 4755; x_wconf 87' lang='lat' dir='ltr'><strong>loquens,</strong></span> <span class='ocrx_word' id='word_1_777' title='bbox 3790 4688 3992 4755; x_wconf 86' lang='lat' dir='ltr'><strong>quibus</strong></span> 
     </span>
    </p>
   </div>
   <div class='ocr_carea' id='block_1_100' title="bbox 2423 4758 2944 4825">
    <p class='ocr_par' dir='ltr' id='par_1_100' title="bbox 2423 4758 2944 4825">
     <span class='ocr_line' id='line_1_103' title="bbox 2423 4758 2944 4825; baseline -0.006 -13"><span class='ocrx_word' id='word_1_778' title='bbox 2423 4775 2550 4825; x_wconf 82' lang='lat' dir='ltr'><strong>ager</strong></span> <span class='ocrx_word' id='word_1_779' title='bbox 2579 4759 2754 4811; x_wconf 85' lang='lat' dir='ltr'><strong>ridere</strong></span> <span class='ocrx_word' id='word_1_780' title='bbox 2789 4758 2944 4811; x_wconf 90' lang='lat' dir='ltr'><strong>solet.</strong></span> 
     </span>
    </p>
   </div>
   <div class='ocr_carea' id='block_1_101' title="bbox 2497 4823 3723 4897">
    <p class='ocr_par' dir='ltr' id='par_1_101' title="bbox 2497 4823 3723 4897">
     <span class='ocr_line' id='line_1_104' title="bbox 2497 4823 3723 4897; baseline -0.002 -17"><span class='ocrx_word' id='word_1_781' title='bbox 2497 4828 2608 4897; x_wconf 77' lang='grc'><strong>(18)</strong></span> <span class='ocrx_word' id='word_1_782' title='bbox 2639 4827 2932 4893; x_wconf 73' lang='grc' dir='ltr'><strong>Ὀλίτους.</strong></span> <span class='ocrx_word' id='word_1_783' title='bbox 2966 4823 3160 4897; x_wconf 87' lang='lat' dir='ltr'><strong>Noster</strong></span> <span class='ocrx_word' id='word_1_784' title='bbox 3181 4823 3404 4897; x_wconf 65' lang='grc' dir='ltr'>ὀλίγοις,</span> <span class='ocrx_word' id='word_1_785' title='bbox 3445 4825 3723 4897; x_wconf 85' lang='lat' dir='ltr'><strong>mendose.</strong></span> 
     </span>
    </p>
   </div>
   <div class='ocr_carea' id='block_1_102' title="bbox 2497 4893 3988 4977">
    <p class='ocr_par' dir='ltr' id='par_1_102' title="bbox 2497 4893 3988 4977">
     <span class='ocr_line' id='line_1_105' title="bbox 2497 4893 3988 4977; baseline -0.001 -27"><span class='ocrx_word' id='word_1_786' title='bbox 2497 4893 2606 4977; x_wconf 54' lang='grc'><strong>(19)</strong></span> <span class='ocrx_word' id='word_1_787' title='bbox 2635 4895 3174 4977; x_wconf 34' lang='grc' dir='ltr'>σἈπερικαίῑιξπςωγε</span> <span class='ocrx_word' id='word_1_788' title='bbox 3214 4893 3289 4946; x_wconf 87' lang='lat' dir='ltr'><strong>Ita</strong></span> <span class='ocrx_word' id='word_1_789' title='bbox 3341 4893 3534 4977; x_wconf 73' lang='lat' dir='ltr'><strong>Noster</strong></span> <span class='ocrx_word' id='word_1_790' title='bbox 3579 4896 3791 4957; x_wconf 91' lang='lat' dir='ltr'><strong>melius,</strong></span> <span class='ocrx_word' id='word_1_791' title='bbox 3824 4910 3988 4963; x_wconf 88' lang='lat' dir='ltr'><strong>quam</strong></span> 
     </span>
    </p>
   </div>
   <div class='ocr_carea' id='block_1_103' title="bbox 2423 4964 3611 5033">
    <p class='ocr_par' dir='ltr' id='par_1_103' title="bbox 2423 4964 3611 5033">
     <span class='ocr_line' id='line_1_106' title="bbox 2423 4964 3611 5033; baseline -0.003 -12"><span class='ocrx_word' id='word_1_792' title='bbox 2423 4964 2806 5029; x_wconf 86' lang='lat' dir='ltr'><strong>Coislinianus,</strong></span> <span class='ocrx_word' id='word_1_793' title='bbox 2841 4965 2949 5033; x_wconf 13' lang='lat' dir='ltr'><strong>qui,</strong></span> <span class='ocrx_word' id='word_1_794' title='bbox 2968 4964 3131 5018; x_wconf 89' lang='lat' dir='ltr'><strong>habet</strong></span> <span class='ocrx_word' id='word_1_795' title='bbox 3149 4964 3611 5033; x_wconf 81' lang='grc' dir='ltr'>ἀπερικάλυπτον.</span> 
     </span>
    </p>
   </div>
   <div class='ocr_carea' id='block_1_104' title="bbox 2501 5031 3990 5106">
    <p class='ocr_par' dir='ltr' id='par_1_104' title="bbox 2501 5031 3990 5106">
     <span class='ocr_line' id='line_1_107' title="bbox 2501 5031 3990 5106; baseline -0.001 -19"><span class='ocrx_word' id='word_1_796' title='bbox 2501 5036 2612 5106; x_wconf 76' lang='grc' dir='ltr'><strong>(Ξο)</strong></span> <span class='ocrx_word' id='word_1_797' title='bbox 2656 5031 3098 5106; x_wconf 65' lang='grc' dir='ltr'>Ἀνεκτοτέροις.</span> <span class='ocrx_word' id='word_1_798' title='bbox 3134 5031 3348 5106; x_wconf 41' lang='lat' dir='ltr'><strong>Optime</strong></span> <span class='ocrx_word' id='word_1_799' title='bbox 3396 5033 3696 5086; x_wconf 85' lang='lat' dir='ltr'><strong>Coislianus</strong></span> <span class='ocrx_word' id='word_1_800' title='bbox 3731 5049 3827 5101; x_wconf 88' lang='lat' dir='ltr'><strong>pro</strong></span> <span class='ocrx_word' id='word_1_801' title='bbox 3871 5051 3990 5085; x_wconf 81' lang='grc' dir='ltr'>συν-</span> 
     </span>
    </p>
   </div>
   <div class='ocr_carea' id='block_1_105' title="bbox 2425 5101 3335 5175">
    <p class='ocr_par' dir='ltr' id='par_1_105' title="bbox 2425 5101 3335 5175">
     <span class='ocr_line' id='line_1_108' title="bbox 2425 5101 3335 5175; baseline -0.001 -18"><span class='ocrx_word' id='word_1_802' title='bbox 2425 5101 2926 5175; x_wconf 41' lang='grc' dir='ltr'>εκτοτέροιςηῳιοιί</span> <span class='ocrx_word' id='word_1_803' title='bbox 2949 5101 3139 5175; x_wconf 75' lang='lat' dir='ltr'><strong>Noster</strong></span> <span class='ocrx_word' id='word_1_804' title='bbox 3160 5101 3335 5156; x_wconf 76' lang='lat' dir='ltr'><strong>affert.</strong></span> 
     </span>
    </p>
   </div>
   <div class='ocr_carea' id='block_1_106' title="bbox 2497 5170 3989 5243">
    <p class='ocr_par' dir='ltr' id='par_1_106' title="bbox 2497 5170 3989 5243">
     <span class='ocr_line' id='line_1_109' title="bbox 2497 5170 3989 5243; baseline -0.001 -16"><span class='ocrx_word' id='word_1_805' title='bbox 2497 5170 2861 5243; x_wconf 75' lang='grc' dir='ltr'><strong>(21)’Κωδίῲ.</strong></span> <span class='ocrx_word' id='word_1_806' title='bbox 2886 5173 2966 5243; x_wconf 81' lang='lat' dir='ltr'><strong>Ex</strong></span> <span class='ocrx_word' id='word_1_807' title='bbox 3002 5170 3196 5243; x_wconf 86' lang='lat' dir='ltr'><strong>Nostro</strong></span> <span class='ocrx_word' id='word_1_808' title='bbox 3224 5187 3322 5240; x_wconf 85' lang='lat' dir='ltr'><strong>pro</strong></span> <span class='ocrx_word' id='word_1_809' title='bbox 3365 5171 3578 5234; x_wconf 77' lang='grc' dir='ltr'>κωδίου,</span> <span class='ocrx_word' id='word_1_810' title='bbox 3620 5171 3764 5240; x_wconf 88' lang='lat' dir='ltr'><strong>quod</strong></span> <span class='ocrx_word' id='word_1_811' title='bbox 3826 5187 3989 5240; x_wconf 86' lang='lat' dir='ltr'><strong>pera-</strong></span> 
     </span>
    </p>
   </div>
   <div class='ocr_carea' id='block_1_107' title="bbox 2427 5242 3181 5311">
    <p class='ocr_par' dir='ltr' id='par_1_107' title="bbox 2427 5242 3181 5311">
     <span class='ocr_line' id='line_1_110' title="bbox 2427 5242 3181 5311; baseline -0.003 -15"><span class='ocrx_word' id='word_1_812' title='bbox 2427 5242 2548 5297; x_wconf 88' lang='lat' dir='ltr'><strong>rum</strong></span> <span class='ocrx_word' id='word_1_813' title='bbox 2580 5244 2709 5296; x_wconf 87' lang='lat' dir='ltr'><strong>vitio</strong></span> <span class='ocrx_word' id='word_1_814' title='bbox 2739 5254 2862 5295; x_wconf 87' lang='lat' dir='ltr'><strong>ante</strong></span> <span class='ocrx_word' id='word_1_815' title='bbox 2885 5242 3181 5311; x_wconf 88' lang='lat' dir='ltr'><strong>legebatur.</strong></span> 
     </span>
    </p>
   </div>
   <div class='ocr_carea' id='block_1_108' title="bbox 2501 5308 3991 5384">
    <p class='ocr_par' dir='ltr' id='par_1_108' title="bbox 2501 5308 3991 5384">
     <span class='ocr_line' id='line_1_111' title="bbox 2501 5308 3991 5384; baseline -0.003 -18"><span class='ocrx_word' id='word_1_816' title='bbox 2501 5313 2612 5384; x_wconf 58' lang='grc' dir='ltr'><strong>(ἐξ)</strong></span> <span class='ocrx_word' id='word_1_817' title='bbox 2652 5308 3188 5384; x_wconf 8' lang='grc' dir='ltr'>,Ἐναποκρύπτωντ</span> <span class='ocrx_word' id='word_1_818' title='bbox 3225 5308 3335 5384; x_wconf 73' lang='lat' dir='ltr'><strong>_$ic</strong></span> <span class='ocrx_word' id='word_1_819' title='bbox 3387 5309 3581 5384; x_wconf 81' lang='lat' dir='ltr'><strong>iterum</strong></span> <span class='ocrx_word' id='word_1_820' title='bbox 3649 5309 3844 5364; x_wconf 91' lang='lat' dir='ltr'><strong>Noster</strong></span> <span class='ocrx_word' id='word_1_821' title='bbox 3891 5327 3991 5379; x_wconf 89' lang='lat' dir='ltr'><strong>pro</strong></span> 
     </span>
    </p>
   </div>
   <div class='ocr_carea' id='block_1_109' title="bbox 2430 5379 3438 5452">
    <p class='ocr_par' dir='ltr' id='par_1_109' title="bbox 2430 5379 3438 5452">
     <span class='ocr_line' id='line_1_112' title="bbox 2430 5379 3438 5452; baseline -0.004 -16"><span class='ocrx_word' id='word_1_822' title='bbox 2430 5379 3067 5452; x_wconf 49' lang='lat' dir='ltr'><strong>simpliciﬁ‘noxpumwv</strong></span> <span class='ocrx_word' id='word_1_823' title='bbox 3087 5379 3438 5452; x_wconf 80' lang='lat' dir='ltr'><strong>_C0is_liniaui.</strong></span> 
     </span>
    </p>
   </div>
   <div class='ocr_carea' id='block_1_110' title="bbox 2502 5447 3990 5519">
    <p class='ocr_par' dir='ltr' id='par_1_110' title="bbox 2502 5447 3990 5519">
     <span class='ocr_line' id='line_1_113' title="bbox 2502 5447 3990 5519; baseline -0.003 -14"><span class='ocrx_word' id='word_1_824' title='bbox 2502 5447 2613 5519; x_wconf 66' lang='grc' dir='ltr'><strong>(ἓό)</strong></span> <span class='ocrx_word' id='word_1_825' title='bbox 2671 5447 3035 5516; x_wconf 74' lang='grc' dir='ltr'>Τελειότερα.</span> <span class='ocrx_word' id='word_1_826' title='bbox 3087 5448 3162 5502; x_wconf 89' lang='lat' dir='ltr'><strong>Ita</strong></span> <span class='ocrx_word' id='word_1_827' title='bbox 3221 5449 3337 5518; x_wconf 87' lang='lat' dir='ltr'><strong>lego</strong></span> <span class='ocrx_word' id='word_1_828' title='bbox 3381 5463 3476 5515; x_wconf 91' lang='lat' dir='ltr'><strong>pro</strong></span> <span class='ocrx_word' id='word_1_829' title='bbox 3518 5447 3836 5519; x_wconf 83' lang='grc' dir='ltr'>τελεώτερα,</span> <span class='ocrx_word' id='word_1_830' title='bbox 3888 5465 3990 5517; x_wconf 90' lang='lat' dir='ltr'><strong>pro</strong></span> 
     </span>
    </p>
   </div>
   <div class='ocr_carea' id='block_1_111' title="bbox 2428 5518 3988 5592">
    <p class='ocr_par' dir='ltr' id='par_1_111' title="bbox 2428 5518 3988 5592">
     <span class='ocr_line' id='line_1_114' title="bbox 2428 5518 3988 5592; baseline -0.005 -15"><span class='ocrx_word' id='word_1_831' title='bbox 2428 5537 2535 5592; x_wconf 94' lang='lat' dir='ltr'><strong>quo</strong></span> <span class='ocrx_word' id='word_1_832' title='bbox 2556 5518 2750 5576; x_wconf 85' lang='lat' dir='ltr'><strong>Noster</strong></span> <span class='ocrx_word' id='word_1_833' title='bbox 2783 5520 3294 5592; x_wconf 53' lang='lat' dir='ltr'><strong>habeb‘FGXEtthpa,</strong></span> <span class='ocrx_word' id='word_1_834' title='bbox 3337 5533 3524 5592; x_wconf 81' lang='lat' dir='ltr'><strong>vocem</strong></span> <span class='ocrx_word' id='word_1_835' title='bbox 3560 5519 3734 5592; x_wconf 79' lang='lat' dir='ltr'><strong>nihili.</strong></span> <span class='ocrx_word' id='word_1_836' title='bbox 3762 5518 3864 5592; x_wconf 85' lang='lat' dir='ltr'><strong>P_e_r</strong></span> <span class='ocrx_word' id='word_1_837' title='bbox 3898 5520 3988 5569; x_wconf 85' lang='grc' dir='ltr'>τέ-</span> 
     </span>
    </p>
   </div>
   <div class='ocr_carea' id='block_1_112' title="bbox 2428 5586 3990 5655">
    <p class='ocr_par' dir='ltr' id='par_1_112' title="bbox 2428 5586 3990 5655">
     <span class='ocr_line' id='line_1_115' title="bbox 2428 5586 3990 5655; baseline -0.004 -11"><span class='ocrx_word' id='word_1_838' title='bbox 2428 5586 2567 5655; x_wconf 73' lang='grc' dir='ltr'>λειος</span> <span class='ocrx_word' id='word_1_839' title='bbox 2607 5602 2785 5645; x_wconf 89' lang='lat' dir='ltr'><strong>autem</strong></span> <span class='ocrx_word' id='word_1_840' title='bbox 2820 5586 3071 5643; x_wconf 84' lang='lat' dir='ltr'><strong>alluditur</strong></span> <span class='ocrx_word' id='word_1_841' title='bbox 3094 5586 3306 5650; x_wconf 82' lang='lat' dir='ltr'><strong>iterum,</strong></span> <span class='ocrx_word' id='word_1_842' title='bbox 3341 5587 3483 5654; x_wconf 84' lang='lat' dir='ltr'><strong>quod</strong></span> <span class='ocrx_word' id='word_1_843' title='bbox 3516 5588 3755 5641; x_wconf 88' lang='lat' dir='ltr'><strong>solemne</strong></span> <span class='ocrx_word' id='word_1_844' title='bbox 3791 5586 3990 5641; x_wconf 89' lang='lat' dir='ltr'><strong>Nostro</strong></span> 
     </span>
    </p>
   </div>
   <div class='ocr_carea' id='block_1_113' title="bbox 2429 5656 3990 5730">
    <p class='ocr_par' dir='ltr' id='par_1_113' title="bbox 2429 5656 3990 5730">
     <span class='ocr_line' id='line_1_116' title="bbox 2429 5656 3990 5730; baseline -0.002 -15"><span class='ocrx_word' id='word_1_845' title='bbox 2429 5672 2531 5725; x_wconf 88' lang='lat' dir='ltr'><strong>est,</strong></span> <span class='ocrx_word' id='word_1_846' title='bbox 2556 5662 2622 5715; x_wconf 88' lang='lat' dir='ltr'><strong>ad</strong></span> <span class='ocrx_word' id='word_1_847' title='bbox 2649 5661 2926 5730; x_wconf 73' lang='lat' dir='ltr'><strong>gentilium</strong></span> <span class='ocrx_word' id='word_1_848' title='bbox 2969 5674 3141 5730; x_wconf 85' lang='lat' dir='ltr'><strong>sacra,</strong></span> <span class='ocrx_word' id='word_1_849' title='bbox 3177 5659 3381 5730; x_wconf 79' lang='lat' dir='ltr'><strong>quibus</strong></span> <span class='ocrx_word' id='word_1_850' title='bbox 3401 5656 3490 5725; x_wconf 90' lang='lat' dir='ltr'><strong>qui</strong></span> <span class='ocrx_word' id='word_1_851' title='bbox 3524 5673 3631 5711; x_wconf 90' lang='lat' dir='ltr'><strong>non</strong></span> <span class='ocrx_word' id='word_1_852' title='bbox 3654 5667 3759 5711; x_wconf 86' lang='lat' dir='ltr'><strong>tam</strong></span> <span class='ocrx_word' id='word_1_853' title='bbox 3787 5657 3990 5712; x_wconf 87' lang='lat' dir='ltr'><strong>initiati</strong></span> 
     </span>
    </p>
   </div>
   <div class='ocr_carea' id='block_1_114' title="bbox 2431 5727 3587 5801">
    <p class='ocr_par' dir='ltr' id='par_1_114' title="bbox 2431 5727 3587 5801">
     <span class='ocr_line' id='line_1_117' title="bbox 2431 5727 3587 5801; baseline -0.002 -16"><span class='ocrx_word' id='word_1_854' title='bbox 2431 5748 2589 5801; x_wconf 85' lang='lat' dir='ltr'><strong>quam</strong></span> <span class='ocrx_word' id='word_1_855' title='bbox 2622 5727 2812 5784; x_wconf 82' lang='lat' dir='ltr'><strong>imbuti</strong></span> <span class='ocrx_word' id='word_1_856' title='bbox 2831 5740 3002 5794; x_wconf 77' lang='lat' dir='ltr'><strong>erant,</strong></span> <span class='ocrx_word' id='word_1_857' title='bbox 3030 5729 3222 5781; x_wconf 85' lang='grc' dir='ltr'>τέλειοι</span> <span class='ocrx_word' id='word_1_858' title='bbox 3248 5727 3587 5784; x_wconf 81' lang='lat' dir='ltr'><strong>dicebantur.</strong></span> 
     </span>
    </p>
   </div>
  </div>
