4222 6432
195 422 274 484 6⁸)
1227 424 1527 486 CONTRA
1565 422 2024 485 MANICHIEOS
2060 423 2291 484 LIBER
2344 423 2394 483 Ι.
3384 426 3460 492 70

200 526 525 595 προτιθέναι
555 526 625 580 τὰ
663 526 947 596 ἐξάγιστα,
976 525 1051 583 ὧν
1101 531 1350 599 ὲστιβέ)
1377 532 1438 583 τὸ
1483 532 1782 599 κεφάλαιον

1887 547 1952 586 ac
1983 532 2292 602 imperium,
2343 532 2425 585 vis
2453 531 2694 597 creandi,
2744 531 2919 585 honor
2940 541 2986 586 et
3023 532 3333 590 famulatus.
3367 537 3462 591 Ni-

197 619 435 687 ἄρνησις
472 618 743 687 παντελὴς
774 619 934 684 Θεοῦ,
966 622 1061 673 καὶ
1096 621 1191 673 τοῦ
1217 622 1465 674 διαϐόλου
1513 623 1641 685 δόξα
1686 622 1781 674 καὶ

196 710 426 776 κράτος,
484 710 577 761 καὶ
611 710 972 781 δημιουργίας
1023 712 1195 781 ίσχὺς,
1242 713 1336 764 καὶ
1380 713 1516 782 τιμή
1566 714 1662 765 καὶ
1699 715 1779 765 οἰ-

197 800 443 862 κείωσις.
489 803 658 854 οὐδὲν
702 799 797 855 οῦν
838 805 1047 866 ἐκεῖνος
1105 802 1346 856 τοιοῦτον
1392 806 1783 858 κατεπίστευεν

195 893 313 953 τοῖς
341 892 469 961 ἀρτι
511 894 858 963 μυουμένοις.
902 895 1066 948 Ἀλλά
1093 894 1285 965 πρῶτα
1336 897 1435 965 μὲν
1465 897 1577 957 τοῖς
1617 896 1780 961 εὐαγ-

196 982 439 1049 γελικοίς
493 986 755 1055 ἐπειρᾶτο
804 989 1271 1058 καταρῤυθμίζειν
1320 990 1558 1058 ῥήμασιν
1600 988 1782 1041 αὐτῶν

193 1074 265 1122 τά
302 1071 436 1141 ῆθη,
470 1075 567 1126 καὶ
608 1073 645 1126 ἃ
678 1075 846 1144 μηδὲν
884 1078 1139 1130 έκέλευσε
1182 1078 1311 1148 περὶ
1350 1079 1637 1147 δόγματος.
1674 1078 1783 1132 Καὶ

195 1162 413 1225 τούτοις
466 1167 607 1229 τέως
669 1169 1002 1237 κατακηλεῖν
1057 1186 1116 1221 τε
1189 1172 1284 1222 καὶ
1349 1171 1781 1241 καταγοητεύειν

198 1254 504 1324 ἐπεχείρει,
536 1257 632 1307 καὶ
660 1257 971 1327 χειροήθεις
1012 1257 1423 1327 ἀπεργάζεσθαι
1443 1262 1567 1323 τοὺς
1616 1278 1784 1329 μυστ-

196 1348 649 1415 αγωγουμένους.
696 1348 948 1401 Ἐπειδὰν
993 1348 1038 1401 δ’
1066 1347 1252 1412 εὔνους
1283 1345 1431 1418 εἶχεν
1460 1350 1555 1402 καὶ
1592 1349 1667 1410 ὡς
1695 1350 1781 1402 δι-

195 1438 459 1507 δασκάλῳ
484 1440 576 1491 καὶ
618 1440 894 1510 σωτηρίας
924 1440 1070 1511 ἑώρα
1104 1444 1543 1511 προσανέχοντας
1582 1442 1779 1511 ὁδηγῷ,

196 1531 327 1581 τότε
358 1532 455 1582 καὶ
481 1531 572 1582 τὸν
606 1531 726 1582 ὅλον
755 1533 855 1601 τῆς
892 1532 1230 1594 ἀποστασίας
1265 1534 1343 1585 ιὸν
1380 1534 1571 1602 χανδὸν
1602 1535 1783 1596 αὐτοῖς

198 1624 472 1690 παρεῖχεν
537 1624 827 1692 ὲκροφεῖν,
896 1624 991 1676 καὶ
1084 1624 1508 1693 τετελεσμένους
1581 1626 1783 1693 ὁμοίως

196 1713 399 1781 ἐκείνῳ
424 1714 755 1783 ἀνηγόρευέν
780 1730 839 1765 τε
862 1716 955 1766 καὶ
973 1716 1348 1785 ἀνεκήρυττεν
1369 1717 1468 1785 τὴν
1497 1716 1775 1771 ἀσέϐειαν.

196 1803 438 1872 Τυχικὸν
469 1802 511 1855 δ’
550 1804 714 1856 αὑτὸν
756 1804 849 1855 καὶ
886 1799 1043 1868 οὗτος
1085 1807 1114 1857 ὀ
1152 1805 1554 1875 τρισαλιτήριος
1578 1807 1783 1859 ὲπωνό·

200 1892 403 1960 μαζεν,
454 1895 513 1945 οὑ
546 1898 646 1962 τὴν
684 1894 879 1963 κλῆσιν
930 1874 1247 1949 ἐκκλέπτων
1278 1874 1451 1967 μόνον
1479 1897 1575 1951 τοῦ
1606 1916 1784 1967 μακα-
1814 1874 1855 1928 Β

200 1984 323 2053 ρίου
359 1984 572 2037 Παύλου
600 1986 877 2054 μαθητῶν,
902 1987 1039 2039 ἀλλά
1080 1988 1175 2040 καὶ
1206 1988 1377 2056 αὐτὴν
1399 1988 1500 2059 τὴν
1543 1988 1780 2059 ὓπαρξιν

199 2080 296 2129 καὶ
336 2077 636 2129 ὑπόστασιν
668 2078 749 2139 είς
800 2078 992 2131 ἑαυτὸν
1028 2080 1426 2149 μεταπλάσσων
1463 2081 1558 2133 καὶ
1596 2097 1780 2151 παρα-

198 2169 519 2237 χαρὰσσων,
551 2169 643 2221 καὶ
676 2170 1107 2240 ὑποϐαλλόμενος
1127 2186 1141 2200 ⁸
1191 2172 1251 2223 οὐ
1288 2174 1396 2242 γὰρ
1449 2172 1606 2225 ἀλλον
1634 2173 1779 2237 τινὰ,

200 2259 269 2327 (ὦ
289 2263 482 2329 μωρᾶς
506 2260 776 2331 γλώσσης,
821 2262 1133 2332 μωροτέρας
1153 2262 1197 2315 δ’
1219 2264 1385 2332 ἀκοῆς
1416 2264 1522 2317 τῶν
1546 2265 1783 2335 παραδε-

199 2352 510 2420 χομένωνῑ)
566 2351 683 2405 ἀλλ’
732 2354 941 2406 ἐκεῖνον
981 2349 1120 2405 εἶναι
1165 2354 1256 2407 τὸν
1306 2356 1539 2425 Τυχικὸν
1583 2355 1775 2409 ἑαυτὸν

199 2442 616 2512 ὲτερατολόγει,
663 2445 720 2496 ὲν
765 2448 885 2509 ταῖς
934 2446 1270 2510 Ἐπιστολαῖς
1309 2446 1404 2500 τοῦ
1457 2447 1780 2501 ’Δποστόλου

200 2535 512 2605 φερόμενόν
550 2552 608 2588 τε
644 2536 737 2589 καὶ
769 2537 1038 2606 πολλαχοῦ
1062 2537 1174 2608 (25)
1207 2540 1427 2609 μνήμης
1453 2539 1781 2609 ἐπαινουμέ-

200 2644 301 2696 νης
351 2626 701 2695 ἀξιούμενον.
761 2627 932 2681 Τοῦτο
979 2629 1033 2682 δὲ
1080 2629 1142 2683 τδ
1187 2630 1565 2685 κακόπλαστόν
1596 2648 1655 2683 τε
1686 2632 1781 2686 καὶ

200 2717 420 2778 ἀναιδὲς
456 2719 547 2770 καὶ
587 2719 793 2786 ἠλίθιον
824 2719 919 2771 καὶ
962 2719 1143 2784 ἀθεον,
1190 2720 1284 2773 καὶ
1324 2713 1385 2773 οὗ
1422 2724 1495 2791 μή
1516 2722 1627 2791 (26)
1665 2722 1782 2776 ἐστι

204 2810 340 2879 παρ’
384 2809 614 2880 οὐδεμιᾷ
650 2811 761 2862 τῶν
816 2811 1038 2864 πώποτε
1088 2815 1470 2884 γεγενημένων
1519 2814 1782 2884 αἱρέσεων

203 2904 608 2971 παραπλήσιον,
638 2902 795 2955 τοῦτο
834 2904 897 2974 δὴ
947 2903 1274 2957 καταϐαλὼν
1307 2906 1419 2974 (27)
1457 2907 1549 2958 καὶ
1587 2906 1783 2975 προθε-

206 2993 484 3061 μελιώσας
516 2996 635 3055 ταῖς
678 2993 788 3045 τῶν
819 2996 1190 3065 ἠπατημένων
1228 2995 1423 3065 ψυχαῖς
1455 2996 1662 3049 ἐκεῖθεν
1687 2998 1782 3050 έπ-

203 3082 481 3151 ῳκοδὸμει
510 3082 577 3134 τὰ
603 3082 739 3135 ἀλλα
762 3099 775 3111 ·
809 3083 1028 3152 κήρυκά
1060 3101 1118 3136 τε
1149 3084 1257 3155 γὰρ
1287 3085 1622 3138 ἀπεστάλθαι
1647 3084 1782 3154 πρὸς

1884 624 1959 679 hil
1990 624 2375 693 itaquesimile
2412 638 2604 676 recens
2638 623 2865 678 initiatis
2919 627 3309 693 coneredcbat;
3363 629 3461 683 sed

1883 716 2062 785 primo
2094 731 2281 770 eorum
2339 730 2543 779 mores,
2597 731 2697 770 nec
2728 731 2836 769 non
2862 716 2989 780 alia,
3051 733 3171 787 quin
3215 720 3349 773 nihil
3394 721 3462 776 ad

1881 806 2181 859 doctrinam
2202 805 2539 874 spectabant.
2565 805 2890 875 evangelicis
2916 806 3097 860 verbis
3135 817 3321 876 aptare
3344 820 3463 863 stu-

1882 898 2079 961 debat;
2108 898 2304 951 deinde
2333 898 2477 966 ipsos
2502 897 2779 965 pellicere,
2835 908 2891 952 et
2923 898 3215 969 prazstigiis
3242 901 3360 957 suis
3389 901 3457 954 il-

1882 990 2138 1057 laqueare
2173 988 2521 1057 initiatosque
2550 990 2615 1041 ad
2666 1003 2885 1041 manum
2932 997 2987 1043 et
3023 991 3463 1058 obtemperantes

1882 1080 1985 1135 sibi
2010 1080 2236 1134 reddere
2266 1079 2588 1133 conabatur.
2666 1079 2959 1147 Postquam
3008 1088 3190 1135 autem
3224 1095 3317 1135 eos
3356 1081 3461 1135 sibi

1882 1174 2201 1238 benevolos,
2239 1184 2295 1227 et
2318 1183 2572 1240 tanquam
2599 1172 2820 1225 salutari
2842 1172 2965 1225 duci
2993 1172 3295 1242 morigeros
3341 1189 3464 1228 esse

1883 1266 2277 1334 conspiciebat,
2329 1275 2457 1319 tunc
2483 1272 2655 1318 totum
2686 1265 2970 1332 apostasia:
3005 1266 3156 1319 virus
3189 1266 3465 1320 hiantibus

1884 1354 2015 1423 ipsis
2040 1356 2366 1408 sorbendum
2388 1355 2744 1424 propinabat;
2772 1366 2933 1422 atque
2966 1354 3195 1409 initiatis
3215 1357 3464 1411 eamdem

1882 1461 2046 1514 quam
2084 1449 2197 1516 ipse
2233 1449 2471 1509 tenebat,
2514 1448 2847 1514 impietatem
2873 1447 3136 1502 tradebat.
3170 1448 3464 1519 Tycliictiiii

1884 1548 2064 1591 autem
2098 1552 2156 1591 se
2183 1538 2603 1591 scclestissimus
2633 1538 2796 1590 homo
2830 1538 3237 1603 denominabat,
3284 1556 3465 1609 neque

1884 1628 2060 1680 solum
2094 1627 2197 1680 sibi
2227 1643 2425 1679 nomen
2448 1641 2511 1680 ex
2543 1627 2937 1696 discipulorum
2976 1644 3206 1682 numero
3256 1630 3465 1685 tribue-

1886 1712 1997 1777 bat,
2016 1714 2113 1767 scd
2143 1715 2311 1781 ipsam
2345 1715 2712 1769 exsistentiam
2744 1718 3059 1784 usurpabat,
3082 1727 3136 1771 et
3156 1720 3222 1772 ad
3250 1734 3307 1773 se
3335 1736 3464 1789 per-

1885 1802 2062 1859 tinere
2126 1804 2658 1861 comminiscebatur.
2720 1806 2838 1859 Non
2892 1809 3038 1861 enim
3087 1824 3146 1863 se
3197 1810 3385 1873 alium,
3431 1827 3467 1866 ο

1885 1894 2106 1948 stultam
2140 1896 2399 1967 linguam,
2423 1898 2811 1966 stultioresque
2834 1900 3139 1953 auditores!
3198 1916 3319 1955 esse
3337 1917 3463 1971 por-

1884 1994 2092 2039 tentose
2122 1986 2357 2050 dicebat,
2400 2003 2559 2055 quam
2608 1989 2781 2056 ipsum
2820 1990 2970 2043 illum
2997 1990 3314 2059 Tychicum,
3371 1993 3463 2059 qui

1884 2074 1939 2129 in
1972 2077 2219 2145 epistolis
2251 2077 2396 2130 Pauli
2431 2090 2784 2142 memoratur,
2820 2080 3130 2135 honorabili
3163 2083 3283 2150 ejus
3311 2099 3467 2136 men-

1885 2169 2038 2224 tione
2095 2185 2239 2239 saepe
2294 2168 2452 2223 facta.
2518 2170 2632 2225 lloc
2679 2181 3048 2227 commentum
3100 2175 3462 2239 teterrimum,

1882 2259 2190 2330 impudens,
2232 2262 2504 2327 insanum,
2543 2264 2794 2333 impium,
2841 2264 2928 2318 cui
2959 2264 3134 2318 simile
3178 2280 3459 2334 nunquam

1881 2353 2023 2421 apud
2050 2353 2303 2415 haereses,
2334 2370 2454 2424 qua:
2484 2363 2611 2408 ante
2650 2354 2891 2424 fuerunt,
2938 2356 3167 2419 exstitit,
3201 2356 3322 2421 hoc,
3377 2357 3460 2410 in-

1882 2458 2067 2513 quam,
2116 2460 2215 2499 ceu
2258 2444 2672 2499 fundamentum
2732 2462 2941 2516 ponens
3004 2450 3056 2500 in
3111 2447 3463 2516 deceptorum

1881 2537 2097 2602 animis,
2156 2547 2350 2592 caetera
2414 2539 2667 2607 deinceps
2720 2539 3021 2594 aditicabat
3060 2558 3072 2593 :
3110 2555 3237 2594 nam
3288 2556 3348 2594 se
3396 2541 3465 2595 ab

1882 2627 2147 2697 Apostolo
2179 2629 2245 2682 ad
2278 2630 2425 2699 ipsos
2473 2645 2779 2699 praeconem
2813 2632 3040 2683 missum
3077 2646 3199 2685 esse
3248 2632 3464 2685 dictita-

1882 2718 1992 2781 bat,
2031 2728 2086 2773 et
2108 2735 2191 2782 ea,
2224 2720 2708 2788 qureannuntiaret
2734 2736 2796 2774 ac
2826 2720 3055 2784 diceret,
3105 2737 3210 2774 non
3238 2736 3349 2775 suae
3380 2737 3467 2774 8a-

1882 2811 2120 2882 pientiaa,
2150 2813 2244 2866 sed
2266 2812 2411 2865 Pauli
2429 2812 2677 2865 docentis
2695 2822 2749 2865 et
2772 2812 3037 2866 mittentis
3059 2828 3178 2866 esse
3197 2824 3464 2883 praecepta

1882 2903 2264 2957 mentiebatur.
2317 2904 2393 2956 Ac
2422 2904 2511 2971 qui
2540 2918 2682 2971 smpe
2713 2902 3055 2971 perfectioris
3087 2904 3141 2956 in
3185 2904 3464 2972 impietate

1882 2992 2201 3045 iuitiationis
2253 2992 2535 3062 discipulis
2598 3009 2659 3048 se
2694 2993 2956 3061 Spiritum
3014 3003 3069 3048 et
3124 2993 3464 3048 Paracletum

1882 3096 2003 3135 esse
2045 3083 2364 3151 iactitabat;
2407 3083 2611 3137 rudiori
2665 3084 3001 3138 multitudini
3034 3099 3093 3139 se
3126 3085 3267 3138 inter
3295 3084 3464 3137 divini

205 3176 411 3237 αὐτοὺς
447 3176 576 3244 παρ’
607 3173 794 3238 αὑτοῦ,
835 3176 927 3227 καὶ
958 3175 993 3229 ἃ
1029 3176 1358 3244 διαγγέλλει,
1390 3177 1484 3229 καὶ
1508 3176 1674 3244 λέγει,
1706 3176 1782 3246 μὴ

1886 3173 2037 3227 Pauli
2094 3173 2394 3243 discipulos
2444 3177 2895 3240 connumerabat,
2947 3177 3040 3246 qui
3108 3177 3467 3246 septingentis

203 3272 304 3337 τῆς
334 3266 508 3321 αὑτοῦ
538 3267 732 3334 σοφίας
769 3262 929 3329 εἶναι,
964 3267 1058 3320 τοῦ
1109 3268 1166 3321 δὲ
1195 3268 1505 3334 διδάξαντος
1533 3271 1625 3322 καὶ
1673 3270 1780 3321 άπ-

215 3359 553 3422 εσταλκότος
582 3358 795 3412 Παύλου
842 3360 1299 3430 παραγγέλματα.
1329 3361 1439 3414 Καὶ
1472 3362 1499 3413 ὁ
1525 3360 1784 3423 πολλάκις

206 3454 321 3512 τοῖς
365 3451 450 3502 ἔτι
497 3449 608 3520 (28)
650 3449 850 3518 μᾶλλον
915 3451 1340 3521 μυστικωτέροις
1391 3450 1491 3521 τὴν
1531 3452 1784 3505 ἀσέϐειαν

208 3539 439 3608 Πνεῦμα
474 3540 567 3591 καὶ
601 3538 956 3608 Παράκλητον
976 3539 1160 3609 ὑμνῶν
1185 3541 1488 3604 έαυτὺν,εῑς
1512 3543 1603 3595 τὸν
1626 3542 1784 3613 χορὸν

207 3633 317 3682 τῶν
361 3630 619 3699 μαθητῶν
657 3629 753 3683 τοῦ
784 3629 1078 3683 θεσπεσίου
1115 3632 1329 3686 Παύλου
1367 3632 1503 3701 πρὸς
1541 3634 1601 3685 τὸ
1656 3634 1783 3687 ἀλλο

209 3722 423 3791 πλῆθος
464 3722 758 3789 κατέλεγεν
791 3722 1006 3785 ἑαυτὸν,
1057 3723 1396 3777 ἑπτακοσίων
1446 3724 1582 3776 ἑτῶν
1615 3725 1785 3791 ἐγγὺς

214 3812 691 3882 μεταγενέστερος
737 3813 831 3864 καὶ
862 3812 1075 3865 Παύλου
1128 3815 1221 3866 κει)⁵
1256 3815 1494 3882 Τυχιχοῦ
1526 3814 1780 3882 γεγονώς.

212 3904 327 3956 Καὶ
360 3902 472 3971 γὰρ
498 3904 524 3954 ὀ
550 3904 855 3973 κατάρατος
913 3897 1069 3966 οὗτος
1132 3905 1225 3957 καὶ
1261 3906 1516 3973 τερατίας
1563 3908 1619 3957 έν
1672 3908 1785 3966 τοῖς

210 3995 337 4048 καθ’
371 3996 519 4062 ἡμᾶς
552 3994 881 4062 ὲγνωρίζετο
911 4000 1145 4065 χρόνοις,
1179 3994 1352 4065 κήρυξ
1383 3998 1479 4065 τῆς
1525 3995 1783 4058 ἀσεϐείας

207 4089 283 4151 ὡς
325 4088 443 4158 (29)
496 4088 649 4142 οῠπω
687 4105 771 4150 τις
821 4088 1081 4157 διάπυρος
1110 4090 1315 4158 ἔτερος.
1356 4090 1564 4153 Πολλὰς
1614 4091 1721 4159 γὰρ
1756 4089 1783 4141 ό

208 4180 415 4242 πλάνος
444 4179 627 4243 πόλεις
658 4182 947 4250 περιῆλθεν
975 4184 1068 4236 καὶ
1118 4183 1323 4252 χώρας,
1387 4182 1593 4252 θηρῶν,
1638 4184 1783 4236 ἀπα-

208 4271 341 4336 τῶν,
368 4272 465 4323 καὶ
485 4273 597 4339 (30)
626 4272 933 4337 παγιδεύων
954 4273 1049 4337 τὰς
1068 4275 1174 4326 τῶν
1197 4274 1597 4344 ἁπλουστέρων,
1614 4272 1782 4343 οἶμοι,

206 4363 411 4431 ψυχας,
440 4362 513 4424 ὡς
538 4367 631 4415 καὶ
658 4363 821 4425 αὐτὸς
865 4366 893 4417 ὀ
924 4364 1021 4417 τοῦ
1050 4365 1279 4434 ψεύδους
1309 4365 1383 4428 ὡς
1416 4364 1631 4434 ἀληθῶς
1668 4365 1783 4428 υίὸς

207 4457 265 4507 ἐν
301 4455 409 4525 μιᾷ
430 4454 539 4507 τῶν
567 4453 735 4507 αὐτοῦ
774 4472 945 4525 φησιν
982 4458 1281 4511 ἐπιστολῶν
1307 4473 1320 4486 ·
1359 4475 1378 4510 ι
1436 4457 1568 4509 Ἀπὸ
1591 4458 1781 4510 ἀνατο-

1898 3280 2036 3333 pcne
2067 3267 2226 3319 annis
2255 3276 2375 3335 post
2403 3266 2627 3321 Paulum
2664 3278 2720 3322 et
2746 3266 3041 3339 Tychicum
3079 3268 3233 3324 vixit.
3257 3269 3467 3323 Etenim

1889 3357 2211 3411 maledictus
2247 3358 2334 3412 ille
2378 3368 2432 3412 et
2478 3369 2829 3428 portentosus
2871 3359 3034 3414 homo
3079 3360 3283 3414 nostris
3331 3376 3470 3430 pene

1892 3448 2226 3517 temporibus
2266 3450 2516 3519 cognitus
2548 3458 2651 3514 est,
2681 3450 2977 3520 impietatis
2999 3465 3198 3521 praeco,
3222 3466 3329 3520 quo
3346 3453 3471 3505 nul-

1890 3539 1977 3593 lus
2006 3540 2140 3593 alter
2163 3540 2443 3593 ardentior
2500 3541 2623 3593 fuit.
2674 3540 2868 3595 Multas
2902 3542 3046 3595 enim
3079 3543 3333 3596 seductor
3380 3542 3470 3597 ille

1891 3632 2055 3686 urbes
2079 3640 2132 3684 et
2161 3631 2408 3701 regiones
2467 3632 2791 3700 peragravit,
2822 3634 3023 3686 multos
3041 3644 3286 3701 captans,
3318 3633 3469 3687 deci-

1890 3724 2063 3792 piens,
2097 3722 2413 3791 illaqueans,
2438 3723 2774 3777 odanmuml
2800 3724 3192 3793 simpliciorum
3222 3724 3467 3790 animas;

1890 3823 1946 3867 et
1976 3813 2089 3881 ipse
2138 3813 2403 3866 mendacii
2454 3829 2581 3866 vere
2623 3814 2764 3867 filius
2806 3815 2859 3866 iu
2900 3816 3078 3883 aliqua
3119 3816 3469 3884 epistolarnm

1890 3920 2111 3959 suarum
2137 3907 2212 3960 ait
2245 3924 2257 3959 :
2299 3926 2316 3956 ι
2342 3907 2421 3959 Ab
2444 3907 2665 3960 Uriente
2682 3918 2733 3961 et
2755 3906 3069 3971 Occidente,
3104 3910 3171 3962 ab
3200 3910 3483 3978 Aquilone

1890 4007 1945 4051 et
1971 3998 2195 4052 Meridie
2227 3999 2560 4051 annuntians
2579 3999 2927 4069 Evangelium
2971 3999 3195 4063 Christi,
3231 4016 3467 4069 genuum

1890 4102 2137 4141 meorum
2178 4088 2362 4141 labore
2390 4089 2629 4142 cucurri.
2662 4107 2679 4139 ι
2719 4088 2941 4142 Etiamsi
2973 4089 3119 4143 enim
3153 4089 3239 4143 hic
3261 4100 3319 4143 ut
3340 4090 3469 4144 alibi

1889 4192 2108 4247 semper
2151 4177 2445 4245 iactatione
2487 4187 2699 4244 utatur;
2742 4194 2931 4233 verum
2988 4187 3167 4233 tatnen
3205 4187 3288 4233 est
3342 4195 3467 4235 eum

1888 4283 1997 4322 non
2036 4268 2308 4321 modicum
2344 4284 2564 4323 cursum
2596 4269 2647 4321 in
2677 4280 2827 4323 suam
2878 4270 3301 4340 sequaciumque
3337 4286 3465 4326 suo-

1889 4375 2008 4414 rum
2045 4360 2341 4430 peruieiem
2374 4360 2697 4415 confecisse.
2740 4361 2980 4432 Triginta
3025 4372 3204 4416 autem
3240 4373 3295 4417 et
3330 4380 3465 4433 qua-

1891 4459 2014 4503 tuor
2055 4450 2215 4503 annis
2245 4450 2505 4520 impietati
2539 4450 2772 4520 praefuit,
2828 4459 2882 4504 et
2936 4450 3137 4504 erroris
3188 4460 3464 4507 certamen

207 4545 316 4598 λῶν
351 4548 447 4599 καὶ
470 4545 710 4616 δυσμῶν,
756 4547 850 4599 καὶ
896 4546 1069 4619 βορρᾶ
1101 4550 1193 4603 καὶ
1227 4549 1380 4603 νότου
1417 4550 1651 4619 ἔδραμον
1686 4566 1783 4618 κη-

1890 4542 2312 4597 consummavit.
2348 4541 2502 4595 lrene
2530 4557 2712 4611 porro,
2764 4540 3010 4610 religiosa
3041 4542 3127 4595 illa
3159 4550 3214 4595 et
3238 4540 3346 4596 Deo
3372 4558 3465 4597 ac-

212 4637 429 4705 ρύσσων
453 4638 514 4689 τὸ
548 4638 881 4707 Εὑαγγέλιον
912 4638 1152 4708 Χριστοῦ
1171 4642 1280 4701 τοῖς
1314 4641 1466 4709 ἐμοῖς
1493 4640 1733 4707 γόνασιν.
1760 4659 1777 4690 ι

209 4726 272 4778 El
301 4728 412 4797 γὰρ
461 4725 535 4789 ὡς
569 4728 628 4779 έν
681 4731 848 4781 πᾶσιν
908 4730 1050 4782 οὕτω
1087 4729 1365 4782 κάνταῦθα
1407 4728 1787 4797 ήλαζονεύετο,

210 4816 331 4871 ἀλλ’
386 4817 480 4872 οῦν
506 4820 607 4872 οὐκ
646 4819 829 4887 ὀλίγον
874 4820 1073 4889 δρόμον
1132 4820 1274 4890 ὑπὲρ
1318 4823 1416 4891 τῆς
1460 4818 1657 4871 ἑαυτοῦ
1696 4820 1788 4871 καὶ

210 4908 320 4962 τῶν
365 4909 708 4980 πειθομένων
737 4913 1011 4975 ἀπωλείας
1048 4911 1380 4964 κατεϐάλετο
1409 4911 1543 4978 (51).
1590 4909 1787 4977 Ἐγγίις

211 4997 268 5049 δὲ
291 4998 387 5051 καὶ
414 4994 567 5062 οὗτος
599 5001 896 5070 τριάκοντα
924 5003 1017 5070 ἐτη
1059 5002 1152 5053 ἐπὶ
1192 5003 1304 5063 τοῖς
1363 5000 1629 5067 τέσσαρσι
1684 4996 1785 5064 τῆς

213 5090 479 5153 ἀσεϐείας
520 5093 783 5160 προέστη,
814 5093 910 5145 καὶ
960 5092 1051 5145 τὸν
1082 5094 1267 5160 ἀγῶνα
1312 5090 1408 5160 τῆς
1462 5090 1672 5157 πλάνης
1707 5089 1785 5139 δι·-

213 5182 437 5251 ήνυσεν.
468 5182 676 5254 Εἰρήνη
702 5183 758 5237 δὲ
808 5182 1108 5254 τηνικαῦτα
1130 5185 1189 5235 τὸ
1222 5182 1465 5251 φιλόθεον
1489 5182 1664 5233 έκεῖνο
1693 5179 1785 5231 καὶ

1886 4645 2042 4704 cepta
2071 4634 2283 4697 mulier,
2316 4635 2606 4703 imperium
2642 4634 3047 4697 moderabatur,
3080 4650 3187 4702 quo
3221 4644 3465 4703 tempore

1887 4725 1981 4779 Dei
2010 4726 2183 4779 hastis
2204 4735 2258 4779 et
2282 4726 2477 4794 impius
2500 4725 2589 4778 ille
2622 4726 2907 4793 apostasia:
2941 4725 3184 4777 doctrina
3216 4723 3463 4789 florebat,

1886 4832 1951 4871 ex
1976 4833 2083 4886 quo
2113 4832 2284 4885 usque
2319 4817 2383 4869 ad
2418 4831 2658 4884 praesens
2682 4827 2918 4885 tempus,
2968 4832 3088 4885 qua:
3114 4831 3261 4869 nunc
3290 4816 3343 4869 in
3368 4831 3465 4869 no-

1890 4907 2015 4961 stris
2041 4907 2353 4977 regionibus
2368 4916 2662 4976 grassatur,
2688 4907 2960 4976 impietas,
2990 4906 3057 4959 ab
3074 4908 3194 4973 ejus
3216 4905 3465 4959 doctrina

1892 4997 2168 5067 proﬂuxit.
2213 4998 2372 5051 Fama
2401 5006 2582 5051 autem
2606 4999 2817 5053 exteris
2842 4998 3009 5068 ipsius
3036 4997 3247 5051 mmulis
3274 4998 3465 5066 impie-

1894 5088 2094 5143 tatibus
2146 5097 2387 5157 praestat.
2438 5088 2569 5142 licet
2598 5098 2651 5143 et
2682 5089 2794 5142 haec
2827 5098 2880 5142 et
2913 5090 3019 5143 illae
3048 5090 3149 5160 ipsi
3178 5100 3465 5143 succentu—

1893 5180 2045 5233 riatze
2072 5180 2124 5232 in
2155 5180 2399 5233 eamdem
2430 5181 2726 5250 perniciem
2768 5181 3062 5235 deducant.
3111 5181 3347 5236 Tantum
3377 5198 3470 5236 au-

1330 5314 1563 5371 VARl/E
1588 5310 1972 5367 LILCTIONES
2029 5309 2117 5364 ΕΤ
2150 5310 2383 5366 NOTAE.

287 5439 404 5515 (ει)
440 5439 623 5515 Ἐστι.
660 5435 1033 5515 Lectio_n03tri
1079 5437 1295 5515 codicis
1349 5436 1517 5505 proba
1579 5442 1633 5487 et
1686 5448 1781 5503 ge-

216 5506 511 5589 nuinam-'9
539 5510 688 5589 έστη,
724 5508 871 5589 quod
890 5518 973 5589 est
991 5506 1434 5589 inACoislinian‘o.‘
1679 5574 1755 5589 Ah

288 5574 784 5704 ‘25)_Ho.1.1axoﬁ.
813 5576 946 5631 Vide
978 5581 1096 5632 Act.
1134 5594 1221 5634 xx.
1251 5576 1313 5654 _4,
1340 5574 1539 5644 Ephes.
1574 5590 1652 5637 vi,
1679 5574 1779 5640 2|";

218 5648 293 5703 Co
316 5664 430 5702 oss.
461 5664 537 5704 ιν.
567 5648 596 5699 7
622 5665 637 5704 ;
661 5647 765 5701 Tit.
798 5664 878 5704 ut.
906 5649 992 5704 l2.
1015 5658 1070 5701 et
1101 5645 1163 5704 ll.
1200 5645 1339 5700 Tim.
1373 5662 1443 5704 iv.
1487 5646 1570 5697 ιτ.

523 5683 649 5794 ἶιίήῖ
1430 5683 1443 5704 ’
1466 5683 1570 5793 piro.
1598 5715 1660 5794 ού
1713 5714 1786 5794 μῆ

221 5781 773 5864 βοὶειίὶιίιιηίλςςρτὶυε
818 5788 1044 5864 requirit
1081 5788 1249 5864 series
1269 5781 1549 5864 orationis,
1604 5781 1668 5864 οὗ
1708 5781 1781 5851 μή

224 5858 338 5914 ἐστι
363 5857 762 5929 παραπλήσιον,
787 5855 929 5928 quod
948 5868 1003 5913 et
1033 5857 1211 5913 versio
1240 5868 1385 5912 recte
1418 5855 1641 5909 indicat.

1982 5429 2073 5491 27)
2104 5432 2486 5485 Καταϐαλών.
2534 5427 2763 5492 Noster.
2806 5431 3181 5495 καταϐάλλων,
3242 5433 3464 5487 rectius.

1982 5431 2073 5491 27)
2104 5432 2486 5485 Καταϐαλών.
2534 5431 2763 5492 Noster.
2806 5431 3181 5495 καταϐάλλων,
3242 5433 3464 5487 rectius.

1964 5431 2078 5567 £28)
2117 5503 2263 5555 Ἔτι.
2323 5501 2516 5554 Noster
2544 5502 2637 5553 επὶ
2693 5501 2834 5556 forte
2894 5511 3060 5555 recte.
3124 5503 3290 5556 Nmis
3322 5506 3468 5556 enim

1891 5567 2208 5650 πλεονάζειν
2243 5572 2456 5650 videtur
2490 5569 2571 5622 ἔτι
2606 5571 2806 5640 μᾶλλον
2839 5572 3305 5650 μυστικωτέρους.

1958 5638 2067 5704 (29)
2112 5642 2223 5707 Ὡς.
2258 5642 2447 5695 Noster
2486 5638 2897 5711 non—agnoscit,
2929 5642 3074 5710 quod
3106 5638 3285 5695 tamen
3320 5652 3467 5695 recte

1886 5720 2145 5766 contextu
2164 5713 2493 5766 vindicatur.

1994 5784 2083 5848 50)
2108 5782 2237 5835 Kal.
2264 5782 2336 5833 Ex
2369 5780 2566 5835 Nostro
2596 5780 2790 5849 adjeci.

1962 5850 2075 5922 (3|)
2106 5851 2491 5908 Κατεὸάλετο.
2522 5850 2714 5906 Noster
2743 5850 3121 5905 κατεϐάλλετο.
