4222 6432
793 409 860 472 71
1955 404 2218 465 ΡΗΟΤΙΙ
2257 402 2460 464 ΡΑΤΒΪ

2376 401 2759 463 [‘RIARCHZE
2797 401 2902 461 (ΣΡ.
3974 401 4043 462 7‘2

792 535 899 578 tem
933 524 1036 592 ipsi
1070 523 1294 576 honoris
1327 522 1590 577 exhibent
1636 521 1757 589 ejus
1790 519 1972 574 miseri
2001 517 2276 586 discipuli,
2315 525 2366 569 ut
2397 521 2445 578 Α

2397 521 2445 578 Α
2473 493 2836 585 θεομακάριον
2863 513 3086 582 γύναιον
3107 511 3207 582 τῆς
3239 511 3513 583 βασιλείου
3530 512 3703 583 ἀρχῆς
3725 514 4036 578 ἐπεστάτει,

790 624 902 667 tum
940 612 1042 663 alia
1079 611 1332 672 absurda,
1386 625 1507 678 qua
1539 624 1604 662 ne
1632 609 1819 661 auditu
1873 606 2092 674 Quidem
2148 605 2364 657 tolerari

787 713 1034 771 possunt,
1066 703 1133 755 de
1157 703 1273 770 ipso
1307 710 1554 761 narrent,
1591 709 1704 752 tum
1732 700 1892 752 etiam
1922 699 1972 749 in
1998 697 2219 749 nomine
2248 696 2366 762 ejus

787 792 1084 852 orationes,
1162 807 1256 843 seu
1335 791 1516 858 potius
1594 789 1820 841 latratus
1873 802 2000 839 suos
2053 786 2360 853 obsignent.

791 901 806 930 ι
847 881 1070 942 (Latio,
1113 880 1394 946 inquiunt,
1480 877 1713 946 Spiritus
1781 878 1948 929 sancti
2021 875 2364 927 miserebitur

784 971 977 1023 nostri.
1016 988 1034 1018 ι
1091 968 1259 1020 Porro
1321 969 1410 1020 illo:
1467 977 1742 1020 tortuosus
1791 980 2016 1034 serpens
2074 982 2129 1017 se
2187 965 2360 1033 ipsum

783 1063 1083 1116 osﬁarium.
1110 1071 1382 1129 pastorem
1406 1071 1456 1112 ct
1489 1061 1681 1112 ducem
1724 1058 1966 1110 vocabat.
1996 1055 2196 1109 Scribit
2218 1054 2360 1108 enim

784 1151 1196 1204 Coloniensibus
1241 1169 1252 1202 :
1302 1169 1318 1200 ι
1380 1149 1758 1202 Probationem
1809 1148 1930 1201 lidei
1976 1158 2167 1200 vestra:
2225 1161 2361 1215 prae-

783 1244 1038 1306 scientes,
1104 1259 1200 1295 vos
1235 1242 1756 1295 commonefacimus
1807 1241 1969 1308 quod,
2008 1241 2148 1292 sicut
2175 1237 2358 1291 Eccle-

783 1336 898 1397 siai,
925 1351 1043 1403 qua:
1082 1344 1215 1387 ante
1254 1336 1496 1395 fuerunt,
1557 1342 1800 1401 pastores
1853 1341 1905 1384 et
1935 1332 2186 1384 doctores
2240 1344 2360 1382 sus-

785 1439 1071 1495 ceperunt,
1116 1446 1132 1477 i
1178 1427 1310 1480 dicit
1349 1435 1529 1478 autem
1561 1424 1975 1476 Constantinum
2004 1433 2056 1474 et
2083 1423 2234 1483 alios,
2266 1421 2358 1489 qui

789 1535 952 1586 supra
984 1517 1252 1570 numerati
1280 1525 1405 1568 sunt
1438 1534 1448 1567 :
1492 1536 1506 1564 ι
1545 1515 1635 1568 Sic
1673 1523 1728 1567 et
1782 1529 1876 1566 vos
1932 1511 2235 1580 lampadem
2274 1511 2359 1564 lu-

782 1609 957 1661 cidain
993 1621 1045 1659 et
1093 1609 1369 1660 lucernam
1435 1606 1814 1674 splendentem
1867 1606 2227 1675 susei-pistis:
2269 1621 2358 1660 se-

779 1698 1018 1752 cundum
1041 1698 1114 1759 id,
1142 1698 1285 1763 quod
1325 1696 1587 1765 scriptum
1615 1705 1698 1750 est
1728 1715 1740 1750 :
1766 1696 1823 1752 Si
1846 1697 2026 1750 oculus
2058 1707 2176 1749 tuus
2203 1697 2358 1766 fuerit

777 1790 1018 1856 simplex.
1081 1799 1244 1840 totum
1294 1805 1479 1854 corpus
1531 1789 1763 1840 Incidunt
1815 1789 1913 1841 erit
1943 1790 1983 1840 ⁷.
2021 1807 2038 1837 i
2078 1787 2142 1840 Et
2172 1787 2357 1856 paucis

2471 607 2634 674 ἡνίκα
2698 604 2773 672 τῷ
2822 605 3133 673 φρονήματι
3171 603 3270 672 τῆς
3311 603 3652 666 άποστασίας
3695 605 3722 656 6
3771 603 4040 673 θεομάχος

2466 690 2620 757 οὗτος
2647 696 2741 747 καὶ
2773 694 3070 762 Θεοὸλαϋὴς
3111 694 3379 764 ἤκμαζεν,
3430 693 3489 758 ἐξ
3520 689 3582 747 οὑ
3616 695 3811 765 χρόνου
3877 698 4042 765 μέχρι

2465 783 2558 835 τοῦ
2585 784 2850 854 παρόντος
2881 785 2912 852 ἡ
2949 782 3042 834 νῦν
3075 782 3184 849 (52)
3221 782 3660 852 ἐπιχωριάζουσι
3691 782 3916 835 ἀσέϐεια
3940 783 4041 852 τῆς

2465 876 2673 927 ἐκείνου
2705 876 2802 943 μὲν
2825 876 3056 946 ᾕρτηται
3083 874 3452 936 διδασκαλίας.
3487 874 3889 944 Παρευδοκιμεῖ
3924 876 4035 942 (53)

2463 966 2519 1018 δὲ
2549 967 2646 1027 τὰς
2676 968 3015 1035 ἀντιτέχνους
3043 966 3178 1036 (Si),
3215 966 3319 1018 κᾶν
3345 966 3482 1036 πρὸς
3506 966 3598 1018 τὸν
3626 966 3788 1018 αὑτὸν
3815 967 3950 1035 αὐτή
3980 983 4039 1019 τε

2465 1058 2558 1108 καὶ⁸
2580 1059 2634 1108 αἱ
2669 1057 3110 1125 παρασπίζουσαι
3135 1056 3306 1126 ταύτῃ
3339 1056 3578 1124 φέρωσιν
3609 1056 3721 1125 (35)
3790 1055 4036 1125 ὀλεθρον.

2476 1150 2599 1200 Ἐπὶ
2628 1148 2882 1200 τοσοῦτον
2902 1148 2945 1200 δ’
2973 1149 3135 1202 αὑτὸν
3161 1149 3209 1200 οἱ
3244 1147 3477 1210 τάλανες
3506 1147 3615 1199 τῶν
3665 1147 4041 1218 μαθητευίιέν-

2461 1257 2570 1292 των
2620 1239 2948 1304 Θειάζουσιν,
3003 1237 3146 1292 ὥστε
3201 1238 3336 1292 ἄλλα
3361 1256 3420 1292 τε
3465 1239 3642 1292 ἄτοπα
3693 1240 3817 1309 περὶ
3870 1236 4036 1291 αὑτοῦ

2462 1332 2558 1385 καὶ
2592 1335 2731 1403 ἀκοῇ
2760 1333 3061 1386 ἀνύποιστα
3107 1333 3461 1402 φθέγγονται,
3503 1335 3598 1387 καὶ
3634 1333 3697 1403 δὴ
3737 1335 3832 1386 καὶ
3869 1335 3928 1386 ἐν
3957 1334 4038 1402 τῷ

2460 1423 2682 1491 ὀνόματι
2713 1423 2878 1476 αὑτοῦ
2923 1425 3020 1487 τὰς
3047 1425 3182 1488 ἰδίας
3213 1426 3542 1494 προσευχὰς,
3581 1424 3782 1494 μᾶλλον
3808 1425 3865 1477 δὲ
3900 1426 4036 1477 ὑλα-

2461 1514 2583 1575 κὰς,
2610 1515 3120 1584 ἐπισφραγίζουσιν,
3150 1536 3168 1568 ι
3194 1517 3256 1570 Ἢ
3279 1519 3437 1588 εὐχὴ,
3461 1518 3729 1586 λέγοντες,
3751 1517 3847 1570 τοῦ
3873 1517 4034 1585 ἁγίου

2464 1605 2778 1675 Πνεύματος
2800 1607 2910 1678 (56)
2933 1607 3146 1678 ἐλεήσει
3163 1610 3329 1678 ἡμᾶς.
3351 1628 3371 1660 ι
3395 1609 3608 1663 Ἐκάλει
3622 1609 3666 1661 δ’
3686 1603 3838 1671 οὗτος
3853 1611 3881 1662 6
3901 1625 4034 1662 σκο-

2459 1695 2568 1758 λιὸς
2591 1697 2712 1764 ὄφις
2742 1697 2931 1750 ἐαυτὸν
2968 1700 3061 1750 καὶ
3097 1698 3343 1769 θυρωρὸν
3388 1701 3481 1751 καὶ
3536 1699 3772 1768 ποιμένα
3819 1699 3916 1751 καὶ
3946 1699 4034 1750 ὀδ-

2457 1788 2612 1853 ηγόν.
2664 1787 2867 1856 Γράφει
2911 1790 3022 1859 γάρ
3056 1794 3166 1852 τοῖς
3207 1792 3265 1841 ἐν
3296 1791 3544 1860 Κολωνίᾳ
3574 1806 3588 1820 ο
3627 1810 3645 1842 ι
3684 1791 3758 1843 Τὸ
3806 1791 4034 1859 δόκιμον

780 1880 1115 1948 interpositis
1151 1897 1162 1930 :
1201 1897 1218 1928 ι
1257 1877 1425 1930 Nemo
1478 1894 1570 1930 vos
1610 1877 1843 1946 decipiat
1876 1877 1984 1930 ullo
2025 1879 2207 1930 modo.
2243 1876 2349 1931 llas
2387 1865 2428 1922 Β

2387 1865 2428 1922 Β
2457 1876 2610 1947 ὑμῶν
2642 1878 2743 1947 τῆς
2776 1881 3011 1942 πίστεως
3059 1883 3480 1948 προεγνωκότας
3534 1882 3842 1951 ὑπόμνησιν
3892 1883 4029 1950 1:96;

776 1978 957 2022 autem
990 1970 1381 2038 proniissiones
1414 1969 1676 2021 habentes
1701 1985 1729 2020 a
1765 1969 1892 2032 lleo,
1934 1967 2207 2022 conﬁdite.
2236 1969 2346 2022 Nos

777 2063 921 2115 enim
964 2062 1208 2129 persuasi
1237 2063 1288 2113 in
1318 2063 1574 2114 eordibus
1596 2061 1794 2114 nostris
1816 2061 2134 2129 scripsimus
2167 2060 2343 2124 vobis,

776 2155 921 2220 quod
961 2153 1216 2206 ostiarius
1246 2163 1300 2205 et
1338 2161 1520 2220 pastor
1578 2153 1770 2215 bonus,
1837 2166 1891 2205 et
1936 2153 2044 2206 dux
2105 2152 2346 2221 corporis

777 2245 978 2298 Christi
1010 2255 1064 2298 et
1094 2247 1311 2298 lucerna
1340 2246 1533 2297 donius
1564 2243 1656 2296 Dei
1705 2259 1803 2312 ego
1835 2244 1956 2307 sim,
1988 2255 2042 2298 et
2067 2245 2345 2297 vobiscum

778 2338 878 2390 sim
928 2337 1180 2390 omnibus
1241 2336 1434 2390 diebus
1479 2351 1651 2404 usque
1703 2335 1767 2389 ad
1823 2337 2344 2390 consummationem

777 2429 986 2482 sxculi.
1019 2448 1037 2479 ι
1086 2428 1180 2482 llic
1208 2429 1389 2498 igitur,
1449 2445 1481 2481 o
1536 2429 1662 2498 quid
1708 2430 1800 2482 illo
1855 2428 2076 2498 dignum
2108 2428 2342 2482 dixeris!

778 2532 1014 2576 attamen
1041 2523 1348 2574 mortalium
1389 2523 1815 2590 nequissimuset
1845 2521 2214 2589 impiissimus,
2254 2521 2346 2588 qui

779 2629 898 2666 sese
931 2628 1093 2680 supra
1125 2613 1342 2666 modum
1366 2613 1603 2680 jactabat
1630 2621 1682 2665 et
1711 2613 2018 2672 extollebat.
2053 2613 2106 2665 in
2136 2627 2349 2681 prome-

781 2705 961 2766 ritam,
1025 2712 1080 2757 ut
1131 2704 1459 2767 narrabitur,
1527 2703 1737 2756 ruinam
1794 2704 2036 2771 deiectus
2065 2714 2166 2758 est.
2227 2705 2345 2768 llic,

781 2799 1024 2864 inquam,
1056 2795 1122 2848 ad
1153 2796 1386 2849 Leonem
1413 2797 1701 2864 quemdam
1729 2795 2037 2849 Montanum
2063 2798 2304 2851 scribens
2329 2813 2345 2851 :

783 2908 802 2938 ‹
839 2885 918 2938 Τυ
955 2896 1160 2950 autem,
1193 2886 1286 2947 ait,
1320 2902 1450 2939 cave
1482 2887 1595 2948 tibi,
1647 2901 1713 2938 ne
1753 2886 1910 2939 ﬁdem
1959 2887 2166 2940 dividas
2194 2888 2348 2940 inde-

779 2977 1088 3031 clinabilem
1126 2994 1138 3028 :
1177 2992 1338 3044 quam
1380 2977 1525 3029 enim
1585 2978 1988 3031 accusationem
2030 2979 2196 3032 habes
2254 2980 2348 3032 ad-

778 3085 993 3122 versum
1028 3068 1165 3122 nos?
1201 3067 1337 3121 Num
1364 3068 1596 3136 aliquem
1627 3069 1980 3131 circumveni,
2011 3068 2349 3136 autsuperhe

780 3159 908 3223 egi?
961 3159 1076 3212 Non
1129 3166 1282 3226 potes
1324 3157 1546 3210 dicere:
1579 3167 1631 3210 et
1679 3157 1721 3210 si
1764 3157 1929 3219 dicas,
1981 3157 2346 3210 testimonium

778 3261 930 3302 tuum
977 3265 1163 3303 verum
1221 3265 1326 3301 non
1377 3258 1476 3302 est.
1531 3248 1658 3301 Mihi
1700 3263 1827 3301 vero
1874 3247 2014 3300 absit
2044 3257 2100 3301 ut
2143 3256 2192 3299 te
2231 3247 2354 3300 odio

780 3343 1006 3395 habeam
1034 3343 1046 3392 ι
1071 3340 1162 3394 sed
1188 3347 1360 3392 solum
1387 3349 1436 3391 te
1459 3355 1574 3401 oro,
1603 3339 2055 3408 quemadmodum
2084 3339 2355 3406 apostolos

777 3442 834 3486 et
866 3433 1157 3501 prophetas
1181 3431 1494 3499 snscepisti,
1547 3432 1638 3498 qui
1670 3439 1901 3498 quatuor
1931 3445 2160 3483 numero
2203 3439 2351 3492 sunt,

777 3525 851 3576 ita
909 3557 966 3591 ν..
1010 3533 1150 3576 ‘ores
1203 3531 1259 3574 et
1317 3504 1602 3590 magistros
1650 3521 1932 3588 suscipias,
1999 3536 2066 3572 ne
2116 3520 2353 3573 ferarum

777 3615 957 3683 przeda
995 3614 1109 3666 ﬁas.
1161 3632 1178 3662 ι
1233 3611 1307 3665 Ita
1341 3627 1399 3665 se
1432 3612 1484 3663 in
1515 3620 1797 3664 sexcentas
1839 3610 2038 3663 formas
2069 3622 2356 3665 converte-

777 3707 888 3766 bat,
921 3715 974 3758 ut
1009 3705 1074 3758 ad
1106 3704 1350 3757 diversos
1395 3717 1603 3764 eorum,
1640 3702 1730 3770 qui
1761 3701 2191 3770 decipiebantur,
2229 3717 2346 3756 mo-

778 3814 866 3852 res
919 3813 976 3851 se
1027 3797 1493 3857 accommodaret,
1539 3795 1699 3849 modo
1751 3795 1928 3864 gigas,
1963 3793 2122 3846 modo
2168 3793 2344 3855 simia,

776 3906 924 3943 nunc
965 3890 1078 3950 leo,
1114 3905 1261 3942 nunc
1301 3889 1522 3956 vulpes,
1559 3886 1720 3940 modo
1765 3886 1940 3948 illum,
1975 3885 2134 3937 modo
2183 3885 2344 3936 alium

777 3995 984 4033 morem
1019 3981 1317 4039 simulans,
1349 3989 1404 4031 et
1448 3976 1760 4045 pra-ferens.
1795 3975 1934 4028 Alibi
1967 3990 2096 4027 vero
2145 3974 2340 4027 iterum

778 4071 912 4122 dicit
943 4085 958 4123 :
1002 4088 1019 4118 ι
1064 4068 1241 4122 Prima
1276 4068 1592 4132 fornicatio,
1641 4082 1744 4135 qua
1780 4082 1843 4119 ex
1874 4066 2078 4119 Adamo
2111 4066 2346 4118 circum-

775 4160 990 4223 damur,
1028 4158 1357 4213 beneﬁcium
1384 4167 1499 4223 est;
1535 4157 1770 4212 secunda
1811 4164 1992 4209 autem
2045 4155 2236 4224 major,
2282 4156 2351 4209 de

846 4271 867 4302 '
907 4269 1095 4325 Matth.
1135 4270 1325 4335 “,22.

2453 1967 2597 2037 ὑμᾶς
2627 1969 2949 2039 ποιούμεθα,
2988 1972 3068 2024 ὃτι
3090 1971 3278 2041 ὥσπερ
3301 1975 3354 2025 al
3378 1971 3746 2042 παρελθοῦσαι
3800 1973 4021 2040 Ἐκκλη-

2453 2058 2564 2110 σίαι
2596 2059 2860 2128 ποιμένας
2898 2062 2991 2113 καὶ
3021 2061 3372 2125 διδασκάλους
3400 2062 3667 2128 ἐδέξαντο.
3701 2081 3720 2112 ι
3773 2064 3936 2130 Λέγει
3970 2064 4030 2116 δὲ

2453 2151 2886 2213 Κωνσταντῖνον,
2910 2153 3004 2204 καὶ
3027 2153 3149 2216 τοὺς
3169 2153 3382 2216 ἄλλους,
3413 2154 3506 2216 οὓς
3531 2156 3558 2206 6
3591 2154 3746 2221 λόγος
3769 2155 4027 2224 ἀνωτέρω

2453 2241 2820 2312 ἠριθμήσατο.
2862 2262 2880 2295 ι
2923 2243 3109 2308 Οὕτως
3153 2247 3249 2298 καὶ
3280 2247 3434 2316 ὑμεῖς
3487 2245 3747 2317 λαμπάδα
3794 2247 4026 2316 φαεινὴν

2452 2335 2548 2387 καὶ
2574 2333 2765 2404 λύχνον
2797 2336 3055 2404 φαίνοντα
3082 2339 3177 2390 καὶ
3197 2337 3392 2406 ὁδηγὸν
3444 2338 3718 2408 σωτηρίας
3770 2337 4026 2402 ἐδέξασθε

2452 2427 2595 2480 κατὰ
2657 2428 2717 2482 τὸ
2765 2432 3148 2501 γεγραμμένον
3187 2445 3202 2462 ο
3265 2431 3398 2484 Ἐὰν
3452 2435 3485 2485 ό
3543 2433 3846 2500 ὀφθαλμός
3904 2447 4026 2484 σου

2452 2517 2686 2584 ἁπλοῦς
2714 2513 2775 2590 ᾖ,
2807 2521 2954 2574 ὅλον
2981 2519 3046 2573 τὸ
3081 2519 3252 2589 σῶμά
3285 2536 3404 2574 σου
3432 2523 3724 2589 φωτεινόν
3768 2521 3960 2576 ἔσται.
3999 2540 4020 2572 ο

2453 2608 2562 2660 Καὶ
2613 2609 2730 2677 μετ’
2767 2610 2957 2676 ὀλίγαο
3008 2628 3026 2662 ι
3057 2610 3261 2680 Μηδεὶς
3320 2612 3464 2681 ὑμᾶς
3525 2610 3839 2682 ἐξαπατήσῃ
3880 2613 4026 2666 κατὰ

2458 2699 2659 2769 μηδένα
2689 2703 2910 2772 τρόπον,
2949 2701 3151 2764 ταύτας
3179 2702 3235 2754 δὲ
3262 2702 3362 2764 τὰς
3412 2703 3749 2771 ἐπαγγελίας
3809 2703 4027 2773 ἔχοντες

2455 2794 2606 2862 παρὰ
2625 2792 2757 2846 Θεοῦ
2773 2793 3047 2864 Θαρσεῖτε.
3078 2793 3270 2864 Ἡμεῖς
3296 2795 3404 2864 γὰρ
3419 2797 3773 2865 πεπεισμένοι
3792 2797 3943 2860 ὄντες
3966 2799 4029 2850 ἐν

2453 2887 2574 2945 ταῖς
2605 2883 2849 2953 καρδίαις
2878 2884 3035 2952 ὴμῶν
3064 2886 3384 2954 ἐγράψαμεν
3414 2886 3562 2956 ὑμῖν,
3589 2887 3669 2939 ὅτι
3704 2888 3732 2938 6
3771 2887 4026 2959 θυρωρὸς

2459 2974 2554 3026 καὶ
2583 2977 2609 3026 6
2639 2975 2843 3043 ποιμὴν
2885 2977 2913 3027 6
2964 2975 3124 3038 καλὸς
3169 2977 3262 3028 καὶ
3291 2977 3482 3046 ὁδηγὸς
3507 2976 3601 3028 τοῦ
3650 2978 3900 3048 σώματος
3929 2979 4028 3032 τοῦ

2455 3065 2711 3134 Χριστοῦ,
2747 3067 2885 3118 καὶὸ
2905 3065 3095 3136 λύχνος
3127 3067 3221 3119 τοῦ
3250 3068 3399 3119 οῐκου
3430 3067 3525 3120 τοῦ
3554 3069 3711 3134 Θεοῦ,
3757 3069 3865 3137 ἐγώ
3910 3074 4030 3140 είμι

2458 3157 2551 3209 καὶ
2585 3156 2704 3225 μεθ’
2738 3157 2890 3226 ὑμῶν
2924 3159 3038 3228 είμι
3065 3159 3244 3228 πάσας
3265 3159 3362 3221 τὰς
3387 3161 3595 3231 ἡμέρας
3619 3163 3722 3224 ἕως
3765 3164 3862 3232 τῆς
3899 3180 4031 3215 συν-

2455 3247 2667 3310 τελείας
2691 3247 2784 3300 τοῦ
2811 3249 3031 3310 αἰῶνος.
3067 3267 3086 3300 ι
3115 3252 3280 3312 Ουτος
3316 3247 3427 3315 οὖν,
3453 3253 3497 3304 ὢ
3545 3253 3596 3304 τί
3639 3255 3702 3306 ἄν
3731 3269 3815 3316 τις
3859 3254 4031 3307 αὑτὸν

2455 3336 2624 3391 είπὼν
2647 3337 2812 3402 ἀξίως
2837 3338 2979 3392 εἴποι
3002 3356 3015 3404 ;
3038 3339 3150 3393 ἀλλ’
3169 3337 3262 3394 οὖν
3278 3345 3305 3394 6
3323 3346 3582 3405 κάκιστος
3600 3344 3691 3396 καὶ
3721 3345 4032 3410 ἀθεώτατος

2455 3428 2761 3498 ἀνθρώπων
2793 3430 3049 3497 ὑπεράνω
3081 3433 3262 3503 φέρων
3294 3434 3486 3486 ἐαυτὸν
3508 3435 3602 3486 καὶ
3638 3435 3810 3503 ὑψῶν,
3870 3439 4031 3500 ἀξίαν

2456 3521 2555 3589 μὲν
2587 3522 2722 3591 (37),
2759 3522 2836 3585 ὡς
2893 3523 3120 3593 ὕστερον
3169 3524 3562 3594 δηλωθήσεται,
3613 3527 3817 3579 πτῶσιν
3892 3547 4032 3580 κατ-

2453 3611 2652 3682 ηνέχθη
2675 3629 2688 3643 ο
2718 3613 2918 3681 γράφει
2943 3614 2988 3666 δ’
3012 3609 3107 3666 οὖν
3134 3614 3228 3666 καὶ
3257 3613 3392 3683 πρὸς
3421 3614 3627 3668 Λέοντα
3649 3633 3770 3670 τινα
3805 3618 4029 3672 Μονταο

2453 3702 2540 3755 νόν
2559 3704 2670 3772 (38)
2689 3718 2702 3731 ·
2742 3722 2760 3753 ‹
2781 3705 2851 3757 Σὺ
2898 3704 2954 3757 δὲ
2983 3705 3220 3774 τήρησον
3253 3705 3481 3758 σεαυτὸν
3501 3746 3514 3770 ,
3553 3706 3698 3770 ἔνδος
3723 3708 3781 3760 τὸ
3808 3710 4030 3779 τέμνειν

2453 3793 2550 3863 τὴν
2585 3793 2780 3863 ἀκλινῆ
2812 3794 2994 3847 πίστιν
3017 3810 3031 3825 °
3060 3797 3183 3849 τίνα
3208 3797 3318 3865 (59)
3361 3799 3471 3868 γάρ
3503 3801 3838 3870 κατηγορίαν
3883 3802 4030 3872 ἔχεις

2453 3883 2576 3936 καθ’
2617 3882 2818 3952 ήμῶνς
2869 3887 2941 3954 μή
2991 3901 3112 3938 τινα
3139 3887 3564 3957 ἐπλεονέκτησα,
3623 3889 3656 3958 ἦ
3714 3890 4027 3960 ὑψηλοφρο-

2453 3989 2623 4043 νησα;
2670 3974 2729 4026 οὑ
2779 3973 3004 4028 δύνασαι
3059 3978 3172 4046 (40)
3223 3980 3418 4031 εἰπεῖν.
3447 3979 3509 4030 El
3555 3979 3612 4031 δὲ
3649 3981 3741 4033 καὶ
3778 3981 3960 4052 εἴπῃς,
3993 3987 4027 4054 ή

2459 4066 2736 4136 μαρτυρία
2756 4083 2848 4119 σου
2878 4069 2979 4120 οὑκ
3017 4069 3164 4122 ἔστιν
3185 4070 3391 4141 ἀληθής
3411 4087 3425 4100 ·
3472 4073 3594 4142 ἐμοὶ
3621 4072 3676 4125 δὲ
3707 4072 3781 4143 μὴ
3813 4075 4030 4141 γένοιτο

2461 4154 2693 4225 μισῆσαι
2721 4171 2812 4208 σε’
2846 4155 2983 4210 ἀλλὰ
3017 4159 3398 4228 παρακαλέσαι
3421 4159 3534 4233 (41)
3573 4161 3650 4223 ὡς
3699 4163 3862 4229 ἐδέξω
3887 4165 4026 4218 ἁπο-

1906 4357 2136 4415 VARIE
2175 4357 2555 4415 LECTlONES
2589 4361 2676 4415 ET
2714 4359 2948 4417 ΝΟΤιΕ.

857 4476 970 4545 ('52)
1011 4473 1081 4553 'I_I
1102 4472 1478 4555 vﬁquo'Ste‘r
1501 4481 1647 4526 recte
1678 4472 1844 4525 habet
1881 4487 1981 4540 pro
2033 4472 2212 4542 ἡμῶν.
2239 4474 2349 4553 Ἰη-
2384 4485 2427 4540 ι)

2384 4485 2427 4540 ι)
2525 4472 2996 4555 ςβωᾼτοῦηάπίρυ
3060 4479 3426 4555 "rediturae.
3482 4481 3862 4555 Eumscilicet
3916 4503 4017 4555 ap.

777 4541 1118 4600 nuere'enim
1173 4545 1288 4596 vult
1339 4541 1551 4605 Noster,
1601 4557 1740 4602 eam,
1777 4557 1896 4610 qua:
1951 4541 2073 4596 cum
2113 4543 2346 4596 maxime

772 4617 1042 4678 obtineat,
1068 4614 1286 4682 impiam
1318 4613 1622 4666 doctrinam
1652 4612 1792 4664 illius
1823 4612 2059 4665 hominis
2092 4628 2213 4666 esse
2265 4612 2346 4666 fe-

778 4697 917 4738 tum.

851 4754 960 4821 (55)
989 4750 1425 4819 Παρευδοκιμεῒ.
1457 4749 1569 4804 Hoc
1602 4749 1742 4802 malo
1768 4764 1888 4801 cum
1917 4746 2112 4821 Nostro
2137 4759 2189 4821 et
2220 4749 2344 4803 Col-

776 4819 997 4877 bertino
1023 4837 1119 4888 pro
1169 4821 1669 4887 παρευδοκιμεῖται,
1715 4821 1855 4886 quod
1891 4819 2112 4871 exhibet
2154 4819 2345 4872 Coisli-

781 4895 999 4945 manus.
1037 4891 1125 4942 Sic
1158 4890 1549 4956 Aristophanes
1600 4888 1653 4940 in
1696 4888 2023 4954 Equitibus:
2068 4889 2342 4954 Παρευδο-

781 4964 936 5031 κιμεῖ
957 4961 1055 5028 τὴν
1083 4958 1367 5028 ἀκρίϐειαν
1387 4959 1492 5009 τῶν
1514 4959 1690 5027 ἐργων
1713 4959 1745 5025 ἠ
1770 4957 1868 5024 τῆς
1896 4956 2200 5019 ὑποθέσεως
2229 4975 2346 5010 και·

775 5032 1017 5082 νοτοιεία.

851 5049 1434 5166 ἱὲἓῑαέΑντιτέχνους.
1491 5093 1724 5166 ίΕηιιιίὶε
1763 5095 1897 5147 verti
1928 5109 2025 5162 pro
2075 5097 2340 5160 appositis.

787 5169 1123 5235 Ἀντίτεχνος
1167 5183 1310 5220 enim
1343 5167 1392 5218 vi
1450 5165 1595 5218 vocis
1622 5173 1806 5235 etrusu
1857 5181 1980 5217 eum
2026 5175 2197 5235 notat,
2251 5167 2341 5232 qui

777 5234 1028 5290 eamdem
1053 5253 1172 5289 cum
1208 5237 1378 5288 altero
1407 5245 1574 5286 artem
1603 5234 1746 5295 facit,
1782 5235 1874 5287 sed
1904 5236 1997 5297 ita,
2024 5243 2080 5285 ut
2106 5234 2333 5287 alterum

778 5308 832 5360 in
859 5309 1035 5359 studio
1076 5311 1290 5357 vincere
1313 5315 1563 5356 conetur.
1592 5303 1698 5357 lies
1733 5303 1982 5356 tralatitia
2015 5313 2098 5355 est
2143 5314 2195 5355 et
2218 5320 2341 5372 per-

777 5377 1009 5444 vulgata.
1041 5375 1337 5428 Conﬁrmat
1386 5374 1663 5444 notionem
1725 5373 1862 5444 hanc
1910 5386 2344 5444 sequensump-

776 5441 1122 5507 αστῖιζονσαι,
1154 5446 1203 5498 id
1235 5453 1335 5504 est,
1368 5442 1854 5494 succenturiatand
1882 5443 2082 5495 scilicet
2100 5441 2198 5494 sibi
2233 5444 2343 5496 vult

779 5515 1018 5579 i’hotius,
1056 5515 1187 5567 alios
1219 5529 1283 5566 eo
1337 5522 1579 5580 tempore
1633 5512 1901 5564 similibus
1934 5513 2218 5566 sententiis
2246 5514 2340 5565 ad-

775 5583 971 5648 dictos,
1003 5592 1056 5639 et
1097 5585 1462 5654 principatum
1497 5581 1810 5636 aﬂectantes
1857 5582 1910 5635 in
1942 5581 2193 5636 secundis
2212 5582 2343 5636 sub-

777 5654 1001 5706 stitisse.

848 5723 958 5788 (55)
992 5723 1276 5789 Φέρωσιν.
1325 5723 1398 5779 lta
1428 5722 1619 5793 scripsi
1669 5737 1767 5792 pro
1824 5721 2097 5792 φέρουσιν,
2134 5721 2342 5792 astipu-

779 5791 920 5846 lante
950 5792 1163 5846 Nostro.

798 5803 920 5846 λιιιιο
950 5803 1163 5848 Νοειτο.

2457 4535 2747 4624 ρεξίιιιιὶιιειῖζ
2777 4535 3068 4624 Tychicum
3109 4535 3396 4624 volebant;
3419 4551 3510 4624 qui
3537 4535 4017 4624 ίδείρέιιιιιήὲρῖιῗίο

2455 4621 2576 4694 tum
2624 4621 2678 4665 et
2711 4611 3046 4694 Paracletum
3089 4611 3380 4694 discipulis
3415 4611 3526 4674 suis
3551 4611 3810 4690 jaciabat,
3867 4611 4014 4694 quod

2452 4681 2642 4769 Noster
2671 4683 2828 4769 ppulo
2844 4693 2970 4769 ante
2982 4688 3214 4769 mopuit.

2523 4750 2633 4822 (57)
2674 4749 3030 4819 Ἅξίανμέν.
3076 4753 3152 4807 lta
3201 4766 3346 4811 recte
3398 4757 3780 4822 Coislinianus.
3817 4761 4012 4821 Noster

2451 4820 2859 4896 mendoseﬁéta
2889 4823 3038 4896 ὑμῖν,
3072 4839 3235 4878 sensu
3266 4828 3447 4880 nullo:
3471 4831 3618 4896 prior
3649 4820 3807 4885 lectio
3860 4820 4010 4889 com;

2453 4889 2622 4961 mode,
2642 4889 2872 4942 refertur
2899 4891 2966 4944 ad
2995 4903 3312 4961 sequentem
3332 4889 3518 4950 vocem
3547 4900 3771 4952 πτῶσιν.

2522 4957 2633 5026 (58)
2669 4961 3032 5038 ¹Μογζανᾴν.
3073 4957 3298 5017 Vertere
3342 4969 3504 5038 malui
3567 4968 3894 5037 Montanum,
3950 4985 4009 5029 ut

2450 5025 2648 5104 nomen
2669 5025 2903 5104 hominis
2930 5030 3017 5104 sit.
3052 5046 3164 5104 non
3197 5044 3356 5087 secta:
3389 5034 3833 5092 Montanistarum
3855 5025 3893 5094 ε’
3925 5025 4007 5099 sic

2450 5098 2898 5175 eninr‘voc‘andus
2926 5099 3209 5154 videbatur
3229 5104 3620 5175 M0y_’.a‘lt6tﬂ;.

2521 5163 2634 5244 (59)
2667 5167 2822 5247 Τίνα.
2863 5167 2969 5247 Iloc
2991 5170 3526 5247 reposulex-Nostro,
3556 5163 3682 5244 "pro
3718 5179 3819 5247 τήν
3852 5180 4005 5235 Cois-

2450 5233 3024 5322 l-ipﬁiatniLaastipulatur
3049 5233 3700 5322 Petrus_5iculus,.'p.'6ti,
3748 5233 3840 5315 qui
3894 5233 4001 5322 Tv-

2449 5303 2586 5374 chici
2621 5303 2758 5357 hanc
2781 5303 3131 5374 seriptionem
3156 5311 3345 5363 iisdem
3371 5303 3548 5366 verbis
3575 5303 3783 5369 recitat:

2523 5373 2632 5440 (40)
2673 5373 2954 5430 Δύνασάι.
2981 5377 3146 5431 Recte
3173 5380 3534 5436 Coislinianus
3559 5401 3571 5435 :
3607 5387 3865 5440 mendose
3892 5388 4001 5443 No-

2451 5453 2562 5521 ster
2602 5443 2660 5494 οὑ
2691 5443 2922 5521 δύναμαι
2957 5463 2972 5478 ο
3007 5463 3183 5521 neque
3224 5451 3371 5521 enim
3422 5453 3487 5505 de
3526 5469 3582 5506 se
3618 5457 3849 5521 loquitur
3896 5459 4002 5521 Ty-

2449 5512 2661 5593 chicus,
2688 5516 2778 5567 sed
2801 5515 3026 5593 alterum
3050 5512 3358 5587 alloquitur,
3390 5524 3532 5590 quod
3553 5512 3784 5593 sequens
3811 5544 3823 5579 :
3858 5530 3905 5580 ει
3943 5512 4000 5582 δὲ

2450 5583 2755 5653 καὶ-εἴπῃς,
2774 5586 2996 5640 evincit.

2523 5651 2629 5736 (41)
2664 5651 3109 5736 [ξιῖιριικαλέττᾳιζ
3137 5657 3212 5711 Ita
3245 5669 3389 5716 recte
3454 5661 3838 5734 Coislinianus,
3901 5682 3999 5736 pro

2448 5735 2556 5788 quo
2581 5719 2770 5775 Noster
2799 5726 3225 5793 παρακαλεῦσαι.
