4222 6432
217 437 289 500 73
1281 434 1576 494 CONTRA
1611 430 2069 492 MANICHzEOS
2108 430 2337 493 LIBER
2381 429 2426 491 Ῐ.
3394 430 3458 491 74

218 546 465 609 στόλους,
496 545 587 598 καὶ
615 545 921 614 προφήτας,
953 543 1150 609 οἵτινές
1172 543 1277 597 εἱσι
1318 544 1602 613 τέσσαρες,
1646 542 1794 606 δέξαι
1825 550 1869 605 Α,

1791 582 1794 593 ,
1825 550 1869 605 Α,
1897 557 1999 606 qua
2036 542 2166 595 dicit
2203 541 2535 611 Apostolus:
2578 540 2679 608 Qui
2732 541 3052 609 fornicatur,
3086 545 3141 597 in
3185 545 3458 613 proprium

219 639 315 692 καὶ
346 639 614 705 ποιμένας
637 636 1114 698 καὶδιδασκάλους,
1142 636 1227 689 ἵνα.
1252 634 1670 703 μὴθηριάλωτος
1692 635 1788 700 γέ-

1886 647 2082 701 corpus
2134 644 2341 701 peccat.
2393 652 2410 683 ι
2470 632 2911 688 Fornicationcm
2962 643 3143 690 autem
3196 652 3322 691 cum
3372 639 3460 695 hic

220 749 309 801 νη.
342 750 361 782 ι
403 730 589 788 Οῦτως
632 730 853 799 μυρίαις
901 728 1092 779 ἑαυτὸν
1143 727 1511 796 μετέπλαττεν
1553 729 1788 797 μορφαῖς

218 821 362 890 πρὸς
415 819 482 870 τά
534 818 765 886 διάφορα
812 817 919 869 τῶν
976 817 1355 885 ἀπατωμένων
1418 817 1792 888 ἁρμοζόμενος

218 912 348 980 ἤθη.
406 910 516 963 Καὶ
549 910 642 961 νῦν
685 909 783 976 μὲν
830 908 1024 975 γίγας,
1058 908 1153 961 νῦν
1197 908 1254 961 δὲ
1310 909 1571 979 πίθηκος,
1612 907 1707 959 νῦν
1736 908 1793 961 δὲ

220 1004 360 1055 λέων
380 1046 393 1065 ,
420 1002 513 1052 νῦν
547 1000 590 1052 δ’
622 998 866 1068 ἀλώπηξ,
900 999 995 1052 νῦν
1020 1001 1064 1053 δ’
1098 1000 1226 1054 ἄλλο
1259 1017 1312 1051 τι
1342 1001 1436 1052 καὶ
1466 1000 1595 1054 ἄλλο
1622 1016 1675 1051 τι
1700 1000 1793 1051 καὶ

220 1094 347 1147 ἄλλο
396 1090 733 1159 τυπούμενός
779 1107 839 1143 τε
880 1092 972 1143 καὶ¹
1014 1092 1493 1159 διαπλαττόμενος.
1539 1089 1792 1160 ’Λλλαχοῦ

216 1183 274 1235 δὲ
312 1184 473 1234 πάλιν
506 1182 686 1247 λέγει·
736 1200 753 1233 t
802 1182 864 1236 ἸΙ
919 1182 1108 1253 πρώτη
1145 1183 1256 1251 (42)
1313 1184 1570 1254 πορνεία,
1626 1183 1691 1251 ἢν
1723 1185 1787 1235 ὲκ

217 1275 314 1329 τοῦ
358 1275 531 1344 Ἀδάμ
572 1274 969 1346 περικείμεθα,
1005 1275 1297 1344 εὐεργεσία
1322 1276 1490 1340 ἐστὶν,
1524 1276 1557 1345 ή
1588 1276 1645 1328 δὲ
1673 1275 1795 1328 δευ-

217 1368 357 1435 τέρα
403 1366 602 1434 μείζων
638 1367 785 1429 ἐστὶ,
823 1366 953 1435 περὶ
976 1361 1042 1433 ἧς
1074 1366 1222 1433 λέγει
1258 1367 1351 1419 καὶ
1376 1366 1795 1431 ·ό”Δπόστολος,

229 1456 290 1509 Ὀ
331 1458 613 1525 πορνεύων
650 1456 785 1525 (45),
817 1457 895 1518 είς
933 1456 992 1507 τὸ
1031 1456 1161 1509 ἴδιον
1211 1456 1370 1525 σῶμα
1406 1456 1728 1525 ἁμαρτάνει.
1770 1474 1788 1507 ι

219 1550 487 1616 ΙΙορνείαν
534 1548 589 1600 δὲ
635 1548 809 1617 ταύτῃ
848 1546 1023 1614 λέγων
1069 1548 1096 1601 ὁ
1129 1546 1413 1613 ἐξάγιστος
1450 1546 1549 1614 τὴν
1595 1548 1659 1601 ἐκ
1685 1544 1793 1598 τῶν

218 1639 384 1690 αὐτοῦ
440 1638 707 1708 βδελυρῶν
760 1638 1044 1707 δογμάτων
1096 1636 1463 1706 ἀναχώρησιν,
1522 1635 1704 1688 ἐκάλει
1737 1635 1795 1687 δὲ

222 1732 383 1798 σῶμα
415 1730 653 1799 Χριστοῦ
680 1731 889 1785 ἑαυτόν.
917 1730 1017 1781 Διὰ
1050 1728 1206 1781 τοῦτο
1235 1730 1357 1790 τοὺς
1382 1726 1793 1795 ἀποφοιτῶντας

1888 734 2153 778 memorat
2172 726 2622 779 sceleratissimus
2645 727 2827 791 homo,
2860 742 3131 783 secessum
3164 730 3229 784 ab
3254 731 3461 785 abomi—

1890 817 2085 869 nandis
2108 818 2225 885 ejus
2247 818 2587 887 dogmatibus
2621 820 2692 872 ita
2722 830 2901 880 vocat.
2931 836 3235 890 corpusque
3260 823 3464 877 Christi

1891 909 2127 973 seipsum
2202 909 2356 972 dicit,
2390 908 2755 974 Quamobrem
2800 927 2894 965 eos
2918 912 3008 980 qui
3040 928 3068 965 a
3113 927 3171 965 se
3205 922 3260 966 ct
3296 928 3325 966 a
3357 912 3469 967 Deo

1893 1001 2101 1069 perosis
2130 1002 2241 1054 suis
2268 1003 2553 1070 praeceptis
2577 1002 2959 1069 abscedebant,
2998 1014 3057 1057 ut
3093 1003 3469 1059 fornicationis

1894 1094 2113 1146 nomine
2163 1110 2285 1147 reos
2316 1094 2703 1147 insectabatur.
2746 1094 2907 1147 Multa
2942 1110 3157 1163 quoque
3206 1094 3305 1148 alia
3344 1111 3471 1164 per-

1896 1185 2023 1239 inde
2063 1186 2225 1253 impia
2271 1194 2325 1239 et
2376 1186 2611 1239 monstri
2658 1186 2856 1239 similia
2893 1186 2946 1239 in
2992 1186 3304 1239 fmdissimis
3353 1187 3470 1256 ejus

1897 1274 2119 1343 scriptis
2152 1276 2333 1329 videre
2360 1286 2463 1341 est,
2494 1291 2613 1345 quae
2647 1277 2699 1328 in
2726 1276 2986 1335 secundo.
3019 1286 3073 1329 et
3100 1276 3164 1329 ad
3195 1277 3335 1331 hanc
3356 1292 3467 1330 rem

1905 1384 1923 1414 σ
1959 1366 2228 1421 destinato
2256 1368 2393 1421 libro
2421 1387 2438 1419 ι
2472 1370 2723 1437 persequi
2749 1384 2926 1435 operae
2954 1369 3185 1437 pretium
3212 1368 3344 1434 erit,
3368 1386 3469 1423 nec

1904 1473 2013 1512 non
2038 1460 2080 1512 si
2111 1476 2217 1529 qua
2246 1461 2372 1524 alia,
2403 1460 2471 1514 ab
2501 1460 2587 1514 his
2614 1462 2911 1529 pendeant,
2941 1462 3023 1517 vel
3056 1477 3179 1515 cum
3210 1463 3296 1516 his
3321 1478 3470 1517 com—

1902 1552 2190 1620 plicentnr.
2238 1553 2371 1607 Nam
2422 1569 2542 1621 qua:
2590 1567 2751 1622 supra
2784 1554 3045 1615 diximus,
3082 1554 3146 1607 ad
3194 1554 3468 1623 Speeimen

1902 1643 2075 1695 solum
2123 1642 2435 1711 multiplicis
2471 1642 2632 1711 hujus
2660 1650 2717 1695 et
2760 1643 3127 1697 callidissima:
3178 1644 3473 1713 impietatis

1901 1733 2042 1787 dicta
2076 1743 2220 1787 sunt.

218 1827 387 1879 αὑτοῦ
418 1843 476 1877 τε
506 1827 601 1877 καὶ
633 1826 741 1877 τῶν
776 1823 1080 1889 θεοστυγῶν
1124 1823 1287 1876 αὐτοῦ
1326 1820 1553 1874 ἐντολῶν
1584 1820 1663 1889 τῷ
1689 1822 1785 1889 τῆς
1838 1826 2093 1895 πορνείας
2130 1828 2332 1882 ἁλῶναι
2372 1829 2742 1900 διελοιδορεῖτο
2808 1830 2991 1883 πάθει.
3059 1829 3235 1883 Πολλὰ
3272 1840 3329 1882 οε
3373 1831 3469 1883 καὶ

218 1916 357 1971 ἄλλα
391 1919 487 1986 τῆς
516 1917 685 1986 αὐτῆς
728 1916 963 1985 ἐχόμενα
988 1914 1336 1978 θεοϐλαϐείας
1378 1906 1479 1977 ’καὶΔ
1504 1914 1889 1984 τερατολογίας
1942 1921 2002 1971 ἐν
2033 1920 2247 1985 πολλοῖς
2270 1922 2435 1975 αὐτοῦ
2499 1924 2608 1976 τῶν
2637 1924 2853 1993 μιαρῶν
2918 1925 3262 1993 γραμμάτων
3322 1924 3470 1977 ἔστιν

219 2013 416 2063 ἐνιδεῖν
449 2010 616 2077 (MM.
644 2009 896 2078 δευτέρου
940 2008 1008 2061 ἂν
1034 2009 1121 2078 εἴη
1148 2009 1308 2076 λόγου
1380 2009 1476 2061 καὶ
1542 2007 1836 2072 ίδιάζοντος
1886 2013 2118 2083 καθεξῆς
2181 2015 2411 2069 διελθεῖν
2463 2017 2553 2069 καὶ
2584 2018 2958 2086 στηλιτεῦσαι,
3006 2019 3099 2071 καὶ
3146 2018 3200 2071 εἴ
3232 2036 3283 2070 τι
3341 2019 3473 2074 ἄλλο

218 2108 434 2167 τούτοις
476 2102 803 2173 συνήρτηταί
835 2120 893 2155 τε
945 2104 1038 2154 καὶ
1068 2102 1536 2154 συνδιαπλέκεται.
1573 2101 1681 2153 Καὶ
1720 2099 1828 2170 γάρ
1862 2105 1956 2156 καὶ
2006 2108 2151 2179 άπερ
2198 2110 2413 2179 εἴρηται
2463 2112 2599 2181 πρὸς
2638 2112 2864 2174 ἔνδειξιν
2907 2113 3067 2181 μόνον
3116 2112 3314 2181 ἐρρέθη
3372 2112 3470 2182 τῆς

219 2200 565 2254 πολυπλόκου
600 2200 802 2267 ταύτης
837 2199 929 2250 καὶ
958 2198 1340 2269 πολυμηχάνου
1372 2192 1689 2265 θεομαχίας.

293 2293 426 2346 KB'.
466 2292 667 2361 Μηδεὶς
714 2292 769 2344 δὲ
820 2290 1017 2343 οἰέσθω
1065 2292 1221 2362 ῥίζης
1271 2290 1463 2359 ἐτέρας
1512 2288 1797 2359 βλάστημα
1829 2294 1872 2347 Β

1829 2294 1872 2347 Β
1970 2290 2137 2345 XXII.
2179 2292 2444 2347 Caeterum
2476 2308 2636 2348 nemo
2664 2304 2817 2364 putet
2856 2294 3001 2349 hunc
3042 2296 3470 2365 impurissimum

219 2382 396 2449 εἶναι,
455 2386 582 2454 παρ’
631 2384 696 2455 ἢν
749 2382 1043 2455 ἐρρίζωσεν
1075 2384 1102 2435 ὁ
1154 2383 1422 2452 θεομάχος
1472 2383 1664 2452 Μάνης
1701 2380 1801 2452 τὴν

220 2475 558 2546 παραφυάδα
604 2474 809 2544 ταύτην
859 2472 967 2525 τῶν
1010 2473 1285 2527 δυσσεϐῶν
1319 2473 1547 2543 Σεργίου
1591 2473 1799 2542 δογμά-

218 2586 355 2621 των.
402 2567 516 2620 Μία
565 2566 664 2636 μὲν
697 2568 805 2635 γάρ
834 2566 950 2617 ἐστι
1007 2565 1158 2635 καὶὴ
1191 2564 1329 2636 αὑτὴ
1378 2566 1472 2618 καὶ
1502 2565 1592 2618 τὸν
1639 2564 1801 2618 αὑτὸν

220 2658 559 2729 ψυχόλεθρον
605 2656 813 2726 καρπὸν
862 2660 1036 2723 φέρει.
1100 2655 1294 2707 Ἥνίκα
1337 2655 1395 2708 δὲ
1449 2655 1674 2727 Σέργιος
1706 2654 1801 2707 τοῦ

222 2750 608 2804 διδασκαλικοῦ
645 2749 741 2817 τῆς
791 2747 1127 2808 ἀποστασίας
1157 2747 1326 2816 ἐπέϐη
1375 2746 1595 2815 θρόνου,
1634 2746 1802 2797 θέλων

224 2844 461 2905 πολλοὺς
492 2840 871 2910 άποπλανῆσαι
913 2841 1021 2910 (45.)
1058 2841 1155 2909 τῆς
1199 2840 1491 2909 καθολικῆς
1538 2838 1631 2891 τοῦ
1672 2841 1804 2909 Χρι-

226 2937 361 2987 στοῦ
414 2934 773 3001 Ἐκκλησίας,
830 2933 1073 3001 σχίζεται
1110 2933 1206 3001 μὲν
1254 2931 1601 3001 περιφανῶς,
1640 2932 1803 3000 μέχρι

225 3029 351 3080 τότε
387 3026 580 3096 καιροῦ
612 3024 1132 3092 συναγελαζομένων
1175 3024 1456 3093 ἀλλήλοις,
1488 3023 1584 3075 τοῦ
1619 3026 1801 3094 ῥυπα-

228 3119 331 3191 ροῦ
381 3118 642 3180 Βαάνους.
684 3117 1025 3186 Ἀναὸέχεται
1059 3118 1117 3169 δὲ
1151 3117 1270 3169 κατ’
1300 3114 1530 3169 ἐνώπιον
1555 3116 1664 3166 τῶν
1702 3132 1805 3182 μα·

227 3210 417 3281 θητῶν
460 3209 553 3262 καὶ
583 3210 683 3277 τὴν
732 3207 873 3263 κατὰ
918 3208 1209 3277 πρόσωπον
1246 3206 1413 3259 αὑτοῦ
1447 3204 1802 3275 φιλονεικίαν,

227 3303 324 3356 καὶ
387 3304 587 3372 μάχην,
643 3301 738 3354 καὶ
792 3302 825 3369 ή
877 3301 1063 3362 στάσις
1100 3286 1264 3353 αὑτοῦ
1311 3299 1803 3368 δραματουργεῖται

226 3385 477 3463 δημοσίῳ
521 3392 765 3459 θεάτρῳ,
813 3393 879 3443 δι’
929 3388 995 3461 ἧς
1047 3389 1336 3459 ἐτέχναζεν
1364 3389 1658 3450 δελεάζειν,
1712 3389 1803 3439 καὶ

226 3488 325 3555 τῆς
354 3485 565 3546 οἰκείας
615 3484 823 3552 πλάνης
872 3484 1054 3535 ἐλκειν
1110 3483 1284 3535 ὀπίσω
1321 3482 1512 3544 ἄλλους
1556 3497 1613 3532 τε
1647 3481 1803 3541 ὅσους

228 3578 459 3630 ἐδύνατο
489 3577 582 3628 καὶ
608 3576 803 3636 οἵτινες
830 3574 1173 3644 ἡταιρίζοντο
1206 3574 1295 3625 τὸν
1326 3572 1561 3641 Βαάνην.
1607 3566 1715 3623 Ἦν
1748 3571 1801 3623 δὲ

229 3668 380 3735 αύτῴ
416 3667 508 3717 καὶ
532 3666 704 3734 σκηνὴ
737 3664 943 3733 ἀρετῶν
971 3663 1405 3733 προϐεϐλημένη,
1438 3663 1577 3733 μέγα
1611 3661 1805 3730 δέλεαρ

228 3760 337 3813 τῶν
373 3758 725 3828 προσιόντων,
762 3758 855 3809 καὶ
886 3757 1139 3808 ταπεινὸν
1177 3756 1287 3825 (46)
1319 3750 1450 3824 ἦθος
1493 3755 1587 3807 καὶ
1620 3750 1804 3817 δεξιώ-

231 3870 371 3913 σεως
423 3849 1000 3919 κατεσχηματισμένος
1045 3848 1244 3917 τρόπος
1291 3850 1383 3900 καὶ
1430 3847 1704 3917 ἡμερότης
1743 3846 1803 3897 ού

229 3947 360 4005 τοὺς
406 3943 637 4005 οίκείους
693 3943 1127 3994 ύποσυναίνουσα
1177 3941 1355 4009 μόνον,
1391 3940 1526 3991 ἀλλά
1558 3939 1806 3997 καὶτοὺς

230 4034 568 4103 τραχύτερον
605 4031 979 4100 διακειμένους
1026 4028 1417 4082 ὐπολεαίνουσά
1447 4046 1504 4079 τε
1542 4028 1635 4079 καὶ
1683 4026 1807 4078 συλ-

231 4125 548 4192 αγωγοῦσα.
603 4124 761 4177 Ἀλλὰ.
799 4124 908 4194 γὰρ
958 4124 1019 4174 τὸ
1046 4123 1145 4191 μὲν
1181 4122 1422 4191 ῥυπαρὸν
1452 4118 1560 4171 τῶν
1592 4119 1806 4188 μιαρῶν

231 4218 489 4287 πράξεων
519 4216 610 4267 τοῦ
644 4214 1068 4267 ἁντιστασιώτου
1112 4213 1353 4276 Βαάνους
1384 4212 1718 4281 στηλιτεύειν
1746 4228 1805 4262 τε

232 4311 325 4361 καὶ
353 4306 819 4375 ἀποπέμπεσθαι,
856 4306 1088 4375 μάλιστά
1126 4322 1187 4372 γε
1223 4306 1334 4372 (Π)
1362 4306 1503 4357 κατὰ
1544 4305 1605 4356 τὸ
1632 4308 1805 4373 ἐμφα-

232 4402 318 4463 νὲς
363 4402 596 4469 μέλετην
627 4395 771 4466 εἶχεν
792 4415 805 4428 ’
854 4398 987 4467 πρὸς
1019 4398 1075 4449 δὲ
1108 4400 1175 4450 τά
1206 4397 1433 4465 δυσσεϐῆ
1467 4396 1573 4447 τῶν
1605 4397 1806 4463 δογμά-

230 4512 339 4546 των
369 4493 494 4545 κατ’
541 4492 691 4545 οὐδὲν
724 4492 834 4557 (48)
878 4491 1217 4543 ἀντιπίπτων
1263 4490 1380 4542 οὐδὲ
1416 4490 1806 4558 διαφερόμενος

232 4588 410 4655 ὄγρθη.
448 4586 504 4636 Ὀ
526 4586 622 4653 μὲν
648 4582 739 4636 οὖν
760 4585 972 4649 Βαάνης
988 4585 1390 4652 ἁσυνηγόρητον
1417 4583 1553 4652 ἔχων
1575 4583 1673 4651 τὴν
1698 4582 1805 4633 τῶν

232 4678 522 4743 ἐκθέσμων
552 4677 727 4744 ἔργων
756 4673 1011 4737 ἐπίδειξιν
1048 4676 1139 4727 ἐπὶ
1168 4676 1291 4737 τοὺς
1324 4674 1431 4743 πρὸ
1460 4675 1622 4727 αὐτοῦ
1648 4676 1806 4743 μόνον

234 4768 594 4833 κατέφευγεν,
628 4768 721 4819 καὶ
748 4766 834 4818 διὰ
866 4767 967 4834 τῆς
990 4767 1097 4819 τῶν
1128 4767 1433 4837 προσώπων
1488 4768 1802 4834 ποιότητος,

231 4859 305 4920 ὼς
328 4859 547 4926 ἐνόμιζε
571 4899 584 4922 ,
610 4860 670 4911 τὸ
705 4858 956 4929 κίϐδηλον
990 4857 1153 4911 αὑτοῦ
1181 4858 1277 4909 καὶ⁵
1328 4860 1805 4926 κατεστυγημένον

1905 2385 2180 2438 surculum
2211 2386 2277 2439 ab
2322 2387 2423 2440 alia
2450 2429 2462 2449 ,
2507 2403 2667 2456 quam
2704 2386 2928 2442 Manetis
2950 2430 2963 2454 ,
2994 2389 3174 2444 radice
3222 2392 3469 2460 prodire.

1905 2493 2010 2530 una
2061 2478 2258 2546 quippe
2321 2478 2619 2547 eademque
2666 2479 2815 2531 radix
2861 2488 2978 2543 est,
3028 2496 3147 2549 quae
3221 2484 3470 2537 eumdem

1904 2572 2097 2625 animae
2122 2570 2485 2639 perniciosum
2518 2569 2750 2623 fructum
2777 2570 3001 2639 profert.
3032 2570 3259 2636 Quando
3290 2583 3469 2627 autem

1907 2661 2128 2732 Sergius
2151 2662 2506 2715 doctrinalem
2534 2663 2811 2731 apostasine
2842 2663 3095 2717 thronum
3132 2664 3468 2726 conscendit,

1906 2770 2027 2809 cum
2082 2756 2280 2808 multos
2326 2755 2392 2807 ab
2432 2754 2667 2808 Ecclesia
2700 2754 2966 2807 catholica
3016 2756 3069 2807 in
3104 2770 3343 2809 errorem
3378 2757 3471 2810 ab-

1907 2849 2101 2901 ducere
2134 2847 2324 2909 vellet,
2360 2858 2549 2915 aperte
2588 2846 2852 2899 scinditur
2885 2846 2951 2899 ab
2999 2846 3209 2916 impuro
3258 2847 3470 2914 Baanc,

1904 2939 2028 3007 quia
2080 2938 2343 2991 hactenus
2392 2948 2695 2991 conventus
2736 2938 3106 2991 celebrabat:
3141 2949 3197 2993 et
3234 2940 3290 2992 in
3340 2954 3473 2993 con-

1905 3040 2091 3100 spectu
2128 3031 2516 3099 discipulorum
2551 3030 2809 3083 adversus
2846 3029 2993 3082 illum
3026 3041 3297 3085 certamen
3343 3032 3471 3096 init,

1905 3124 2289 3192 contentioque
2316 3122 2432 3189 ejus
2461 3123 2512 3174 in
2542 3122 2759 3191 publico
2788 3123 3003 3175 theatro
3026 3132 3467 3191 repraesentatur.

1905 3232 2009 3285 qua
2053 3232 2109 3269 re
2159 3216 2210 3269 id
2242 3215 2584 3275 moliebatur,
2625 3224 2684 3266 ut
2717 3214 2915 3267 multos
2964 3212 3265 3277 inescaret,
3315 3222 3369 3267 et
3405 3218 3469 3268 ad

1905 3323 2141 3361 errorem
2191 3321 2347 3359 suum
2383 3306 2739 3374 pertraheret,
2780 3314 3047 3374 quotquot
3090 3305 3345 3359 videlicet
3373 3320 3471 3375 po-

1908 3400 2098 3455 tuisset
2125 3414 2190 3451 ex
2220 3398 2305 3461 iis,
2333 3398 2424 3466 qui
2459 3397 2651 3449 Baanis
2698 3396 2910 3449 sodales
2941 3406 3115 3449 erant.
3144 3396 3247 3464 Ipsi
3287 3406 3470 3450 autem

1905 3493 2162 3544 virtutum
2209 3490 2417 3559 species
2460 3498 2514 3541 et
2560 3504 2720 3542 scena
2770 3489 3043 3558 proposita
3098 3498 3247 3551 erat,
3280 3504 3473 3559 magna

1906 3585 2151 3653 decipula
2185 3584 2270 3641 iis,
2302 3581 2391 3650 qui
2428 3582 2781 3645 accederent;
2819 3591 2929 3634 tum
2961 3580 3226 3634 modestia
3263 3583 3469 3645 inerat,

1909 3687 2069 3743 atque
2100 3674 2355 3727 ementita
2401 3673 2748 3743 benignitatis
2781 3683 2835 3725 et
2876 3673 3305 3726 mansuetudinis
3344 3688 3471 3741 spe-

1909 3770 2022 3821 cies
2043 3807 2056 3827 ,
2094 3780 2211 3835 quae
2241 3782 2344 3817 non
2381 3780 2508 3818 suos
2538 3765 2696 3817 modo
2727 3763 3055 3817 domesticos
3082 3774 3470 3826 commoveret,

1908 3860 1999 3913 sed
2028 3859 2187 3911 etiam
2221 3873 2333 3919 eos,
2360 3856 2450 3924 qui
2477 3855 2738 3923 asperiori
2771 3864 2951 3908 essent
2980 3854 3196 3913 atl‘ectu.
3220 3854 3471 3908 deliniret

1907 3963 1961 4003 et
1990 3961 2219 4019 raperet.
2262 3948 2462 4001 Contra
2493 3960 2621 3998 vero
2647 3944 2944 3999 fwditatem
2978 3953 3251 4013 gestorum
3275 3944 3465 3997 adver»

1908 4041 2032 4095 sarii
2054 4040 2221 4109 ipsius
2246 4038 2435 4091 Baanis
2453 4039 2627 4106 palam
2646 4035 2823 4089 facere
2841 4044 2896 4088 et
2919 4036 3221 4098 traducere,
3241 4036 3474 4088 maxime

1908 4148 2036 4187 vero
2085 4131 2317 4201 publicis
2366 4130 2419 4183 in
2474 4128 2637 4188 locis,
2684 4137 2796 4179 toto
2842 4127 3019 4179 studio
3047 4126 3288 4180 curabat.
3320 4126 3473 4190 Quod

1908 4227 1973 4278 ad
2005 4225 2165 4291 impia
2197 4238 2323 4275 vero
2364 4222 2614 4289 dogmata
2652 4218 2948 4287 spectabat,
2979 4218 3113 4270 nihil
3157 4218 3224 4269 ab
3257 4233 3322 4270 eo
3366 4217 3469 4270 dif-

1909 4319 2047 4371 ferre
2098 4315 2394 4368 videbatur.
2445 4311 2650 4363 Baanes
2680 4326 2840 4378 porro
2868 4325 2989 4363 cum
3028 4308 3329 4362 facinorum
3377 4310 3469 4361 de-

1908 4410 2257 4463 clarationem
2295 4405 2439 4457 nulla
2473 4410 2653 4472 posset
2683 4402 2891 4454 ratione
2918 4415 3201 4464 excusare,
3234 4401 3298 4454 ad
3333 4417 3469 4469 prce-

1908 4499 2221 4551 decessores
2256 4504 2462 4547 tantum
2495 4508 2621 4546 suos
2672 4490 3052 4560 confugiebat,
3098 4500 3153 4544 ct
3179 4506 3242 4544 ex
3287 4492 3464 4543 condi-

1910 4592 2052 4644 tione
2097 4601 2451 4657 personarum
2501 4584 2891 4653 turpitudinem
2937 4598 3108 4645 suam,
3136 4592 3193 4634 ut
3227 4582 3468 4650 putabat,

1908 4698 2007 4735 nec
2040 4695 2175 4741 non,
2220 4678 2361 4747 quod
2404 4678 2457 4729 in
2490 4676 2753 4729 sententia
2788 4691 2883 4727 sua
2925 4675 3170 4727 odiosum
3211 4683 3344 4736 erat,
3375 4674 3471 4725 ili--

1910 4771 2162 4824 fendebat
2196 4780 2250 4822 et
2282 4766 2695 4821 cohonestabat.
2727 4764 2795 4817 Se
2825 4779 2945 4817 esse
2975 4764 3299 4830 discipulum
3333 4764 3471 4831 Εριι

1908 4862 2144 4933 phroditi
2200 4859 2549 4930 gloriabatur,
2592 4866 2775 4924 utpote
2824 4857 2914 4924 qui
2962 4857 3078 4924 ejus
3127 4856 3471 4909 traditionem

232 4952 323 5003 τοῦ
378 4952 725 5019 φρονήματος
780 4952 1091 5021 συνεκρότει
1155 4967 1212 5003 τε
1268 4950 1361 5003 καὶ
1420 4950 1800 5017 ἀπεσέμνυνε,
1836 4976 1879 5029 D

1836 4976 1879 5029 ι)
1909 4961 2278 5012 veneraretur,
2307 4949 2446 5001 circa
2479 4949 2568 5000 illa
2595 4946 2953 4999 abominanda
2980 4955 3122 5016 gesta
3152 4945 3279 4997 nihil
3312 4945 3471 4997 dubi-

235 5042 485 5111 μαθητὴν
525 5040 713 5093 ἐαυτὸν
756 5040 848 5091 τοῦ
893 5040 1283 5109 Ἐπαφροδίτου
1336 5033 1476 5091 είναι
1529 5037 1803 5105 μεγαλαυ-

234 5138 364 5204 χῶν,
414 5136 509 5187 καὶ
537 5135 633 5205 τὴν
676 5134 885 5187 ἐκείνου
916 5134 1158 5203 τιμῶντα
1190 5133 1511 5203 παράδοσιν,
1544 5130 1680 5201 πρὸς
1708 5133 1808 5194 τὰς

1907 5044 2123 5101 talionis
2162 5042 2239 5094 vel
2289 5040 2509 5109 pudoris
2561 5038 2759 5091 habere
2798 5037 3039 5097 dicebat,
3072 5052 3132 5089 ac
3176 5036 3218 5088 si
3254 5050 3360 5087 non
3392 5034 3474 5086 fa-

1908 5136 2100 5192 cienda
2138 5143 2341 5187 essent.
2387 5130 2633 5200 Sergium
2676 5143 2805 5181 vero
2852 5128 3001 5195 quasi
3040 5127 3300 5179 novitium
3339 5140 3471 5181 con—

1354 5267 1584 5322 VARI/8
1624 5266 2001 5325 LECTIONES
2047 5271 2133 5324 ET
2168 5267 2391 5323 NOTAJ

307 5393 418 5449 (42)
474 5392 533 5443 Ἡ
564 5389 784 5455 πρώτη.
812 5387 1012 5441 Recte:
1048 5395 1228 5440 noster
1262 5383 1627 5452 corrupte'ﬁjw
1652 5382 1793 5448 quod

236 5466 372 5516 forte
410 5480 474 5515 ex
509 5462 747 5528 proxime
773 5459 1017 5526 sequenti
1049 5458 1335 5528 formatum
1362 5468 1465 5507 est.

305 5534 416 5601 (45)
458 5521 786 5595 Πορνεύων.
825 5521 898 5581 lia
931 5530 1121 5596 legitur
1199 5526 1319 5579 Cor.
1355 5525 1548 5601 \'l,‘18,
1579 5533 1631 5575 el
1655 5521 1799 5589 apud

241 5595 457 5657 Petrum
490 5601 730 5652 Siculum
754 5618 766 5659 ;
794 5609 846 5650 at
874 5595 1057 5650 noster
1078 5600 1237 5649 habet
1261 5595 1582 5664 πορνεύσας.

308 5675 420 5738 (Η)
476 5670 746 5723 Ἐνιδεῖν.
790 5669 982 5720 Noster
1014 5668 1327 5738 simpliciter
1369 5666 1513 5738 ἰδεῖν.

308 5736 419 5809 (45)
475 5738 936 5802 ἰὶποπλαι-ἦσαι.
990 5738 1062 5790 Itu
1109 5737 1297 5809 scripsi
1340 5750 1405 5809 cit
1450 5736 1795 5809 Colbertino;

241 5804 335 5880 pro
368 5812 860 5881 «protloislininnus
900 5810 1053 5860 habet
1089 5804 1505 5869 ἀπολανεῖσθαι,
1540 5808 1799 5861 inconve-

243 5879 452 5939 nicnter
481 5882 687 5944 legibus
720 5882 1103 5949 grammaticis.
1136 5887 1319 5931 noster
1340 5886 1517 5930 autem
1551 5879 1793 5931 ἀποπλα-

480 5980 739 6037 PATRUL.
785 5978 893 6033 (in.
945 5974 1069 6033 Cll.

1896 5386 2122 5445 νᾶσθαι,
2179 5385 2371 5437 melius
2419 5383 2634 5449 quidem
2681 5394 2767 5449 eo,
2828 5380 2920 5431 sed
2966 5385 3235 5449 nonsatis
3282 5386 3465 5433 recte;

1898 5474 2073 5509 St'rllltl
2102 5457 2244 5507 enim
2281 5447 2466 5505 noster
2509 5461 2588 5501 est
2614 5450 2679 5501 de
2715 5448 2931 5518 Tychiei
2976 5447 3154 5499 studio
3189 5449 3468 5518 avertendi

1900 5529 2029 5580 alios
2054 5544 2079 5577 a
2108 5526 2353 5578 \crilate.
2391 5524 2601 5574 Siculus
2632 5516 2901 5588 expressit
2938 5535 3031 5583 per
3050 5516 3389 5588 αποσπάσαι.

1972 5598 2083 5658 (46)
2130 5596 2433 5647 Τιιπεινό›·.
2491 5584 2996 5643 Νικίαι-’ταπεινῶν
3047 5584 3213 5657 ἦθος,
3278 5590 3469 5644 ‘30de

1903 5684 2085 5721 $0113“.

1980 5739 2087 5804 (Η)
2130 5734 2407 5788 Μάλιστά
2440 5731 2745 5804 γεηΝοςιρῐ
2780 5730 3011 5799 μάλιστα
3036 5731 3205 5804 δέγε.

1982 5802 2089 5878 (48)
2131 5806 2264 5861 Κατ’
2297 5804 2493 5857 οὐδέν.
2526 5802 2715 5856 Noster
2740 5804 2996 5855 mendose
3026 5802 3159 5869 apt;
3192 5802 3364 5857 οὐδέν.

3076 5961 3112 6016 3
