4222 6432
194 445 257 505 ’Π
1279 436 1581 497 CONTRA
1623 433 2082 496 MANICH/EOS
2116 434 2344 494 LIBER
2387 434 2429 493 Ι.

3384 431 3455 490 78

265 554 393 606 Μ’.
424 550 643 619 Μιχαὴλ
676 549 925 619 μέντοιγε
956 546 1067 618 (58)
1089 546 1183 601 τοῦ
1216 547 1503 618 βασιλέως,
1526 547 1596 600 τὰ
1638 547 1771 599 Ῥω·
1804 552 1848 605 Α

1804 552 1848 605 Α
1951 546 2139 601 XXIV.
2178 545 2408 600 Michael
2444 559 2594 609 vero,
2650 542 2741 611 qui
2802 541 3207 611 imperatoriam
3243 549 3456 595 vestem

197 647 373 716 μαῖκά
406 644 661 713 σκῆπτρα
696 642 995 705 διέποντος,
1028 642 1086 704 ὃς
1109 641 1173 692 ἐκ
1202 640 1303 707 τῆς
1343 639 1615 708 βασιλείου
1649 655 1771 691 στο-

195 735 292 803 λῆς
323 736 403 796 εἰς
444 734 505 785 τὸ
551 733 662 785 τῶν
699 733 951 802 μοναχῶν
993 731 1235 801 ἠμείφθη
1287 732 1504 801 σχῆμα,
1538 731 1633 782 καὶ
1677 728 1772 782 τοῦ

200 828 318 894 μετ’
342 826 503 878 αὑτὸν
533 824 953 892 βασιλεύσαντος
976 826 1200 886 Λέοντος
1223 825 1322 877 οὐκ
1362 827 1419 876 ὲν
1442 824 1521 895 τῷ
1545 824 1773 895 ρᾳθύμῳ

196 916 295 982 τὴν
324 915 656 982 ἀναζήτησιν
682 914 775 965 κα)¹
806 912 1035 982 ἔρευναν
1060 914 1159 982 τῆς
1188 914 1523 973 ἀποστασίας
1552 913 1774 980 τιθεμέ-

198 1023 327 1065 νων,
351 1004 486 1056 ἀλλά
508 1006 601 1056 καὶ
626 1004 863 1072 σπουδὴν
885 1005 979 1073 τὴν
1006 1006 1321 1073 πρέπουσαν
1337 1004 1769 1073 ἀναδεξαμένων,

199 1096 510 1148 στέλλονταί
560 1113 704 1159 τινες
745 1096 853 1149 τῶν
900 1098 999 1149 οὐκ
1041 1099 1272 1167 ἀσήμων
1307 1097 1410 1149 ἁνά
1458 1100 1635 1150 πᾶσαν
1677 1098 1775 1166 τὴν

212 1187 526 1255 Ῥωμαϊκὴν
569 1188 744 1257 ἀρχὴν
764 1231 778 1251 ,
807 1191 931 1251 τοὺς
950 1230 963 1252 ,
999 1191 1049 1241 εἴ
1079 1206 1223 1250 τινες
1243 1188 1308 1242 ἂν
1343 1189 1647 1259 φωραθεῖεν
1676 1190 1775 1257 τῆς

198 1278 459 1348 τοιαύτης
489 1279 710 1348 κάτοχοι
735 1279 1064 1349 θεομαχίας,
1109 1280 1341 1352 ἐπείπερ
1386 1281 1646 1343 πολλάκις
1674 1282 1773 1332 αὑ-

203 1372 327 1432 τοὺς
343 1373 399 1422 αἱ
420 1370 526 1422 τῶν
544 1371 845 1441 ἀρχιερέων
863 1373 957 1424 κα).
972 1372 1159 1441 ἱερέων
1176 1372 1447 1426 νουθεσίαι
1465 1373 1557 1425 καὶ
1580 1390 1778 1440 παραι-

202 1462 382 1521 νέσεις
404 1460 553 1511 οὐδὲν
574 1457 697 1510 οὔτε
718 1458 952 1528 ὤνησαν,
979 1459 1101 1512 οὗτε
1124 1460 1476 1529 μεταϐάλλειν
1498 1460 1609 1531 (59)
1631 1461 1778 1513 ἐπει-

201 1566 303 1602 σαν
322 1550 423 1620 τὴν
448 1548 727 1612 ἀσέϐειαν,
749 1549 971 1612 τούτους
990 1550 1532 1619 οὖτωςάμεταθέτως
1554 1550 1777 1620 ἔχοντας

202 1642 278 1704 ὡς
310 1641 499 1709 κοινὴν
520 1639 700 1711 λύμην
729 1641 823 1695 καὶ
840 1642 1045 1710 φθορὰν
1076 1641 1171 1695 τοῦ
1192 1641 1380 1707 γένους
1400 1642 1535 1711 πρὸς
1564 1643 1654 1695 τὸν
1690 1641 1779 1693 διὰ

203 1734 392 1797 ξίφους
416 1731 644 1784 θάνατον
674 1734 925 1800 ὑπάγειν.
956 1729 1133 1785 Ἧκεν
1162 1729 1254 1785 οὖν
1284 1733 1353 1785 τά
1382 1734 1779 1802 προστάγματα

204 1827 297 1877 καὶ
331 1826 411 1886 είς
453 1826 549 1893 την
597 1824 936 1893 καλουμένην
984 1823 1165 1893 χώραν
1206 1824 1316 1877 τῶν
1380 1823 1773 1895 Ἀρμενιακῶν.

1873 638 1926 692 in
1956 640 2330 692 monachalem
2354 637 2726 699 commutavit.
2774 645 2829 691 et
2852 635 2970 703 ejus
2999 650 3281 689 successor
3325 633 3456 697 Leo,

1873 729 1940 782 de
1970 728 2559 797 hujusmodiapostasia
2594 728 3043 797 perquisitionem
3091 727 3204 779 ﬁeri
3232 744 3340 781 non
3374 727 3457 779 in-

1876 820 2170 891 diligenter
2200 831 2480 882 curarunt,
2533 820 2625 874 sed
2656 837 2759 889 qua
2810 838 2906 889 par
2939 830 3056 877 erat
3097 822 3457 875 sollicitudine

1872 928 1970 982 per
1996 926 2186 964 omnes
2240 912 2453 980 imperii
2506 911 2734 964 Romani
2803 912 2938 966 lines
2990 914 3136 965 viros
3196 914 3459 982 dignitate

1873 1010 2193 1071 praestantes
2224 1002 2515 1065 miserunt,
2545 1012 2624 1063 ut,
2655 1002 3460 1072 quandoquidemabepiscopis

1874 1104 1928 1147 et
1994 1094 2372 1147 sacerdotibus
2420 1092 2736 1162 frequenter
2786 1094 2973 1146 moniti
3030 1094 3173 1163 impii
3231 1095 3307 1149 illi
3360 1111 3461 1149 nec

1873 1187 2413 1254 obtemperaverant,
2478 1202 2578 1240 nec
2623 1188 2988 1257 resipuerant,
3021 1187 3063 1240 si
3096 1204 3231 1256 quos
3264 1190 3461 1257 depre-

1874 1278 2178 1331 henderent
2200 1278 2291 1330 tali
2324 1276 2589 1345 impietati
2627 1277 2914 1341 obnoxios,
2950 1281 3041 1346 qui
3076 1278 3141 1331 ad
3182 1280 3463 1333 meliorem

1874 1383 1935 1423 se
1962 1367 2169 1439 frugem
2216 1369 2461 1438 recipere
2502 1370 2746 1433 nollent,
2788 1370 2940 1437 quasi
2982 1384 3327 1424 communem
3369 1386 3465 1440 pe-

1881 1471 2019 1515 stem
2046 1472 2101 1516 et
2126 1462 2343 1533 generis
2370 1462 2594 1515 humani
2625 1461 2924 1530 perniciem
2946 1460 3121 1530 gladio
3144 1462 3464 1528 plecterent.

1879 1552 2007 1607 Haec
2050 1554 2233 1622 itaque
2282 1553 2435 1623 jussa
2467 1561 2741 1607 venerunt
2783 1552 2835 1606 in
2874 1552 3151 1621 regionem
3174 1552 3469 1605 ‘Armenia-

1879 1660 2065 1698 corum
2094 1646 2316 1698 dictam.
2359 1644 2598 1698 Thomas
2637 1659 2766 1697 vero
2802 1654 2931 1696 tunc
2956 1643 3319 1696 Neoczesareaa
3348 1646 3467 1711 epi-

1878 1749 2075 1803 scopus
2102 1744 2240 1799 erat,
2265 1734 2451 1788 aderat
2474 1742 2527 1787 et
2544 1734 2682 1786 alius
2705 1733 2921 1802 quidam
2956 1732 3176 1785 nomine
3196 1731 3469 1786 Paracon-

1880 1826 2061 1892 daces,
2093 1827 2182 1896 qui
2247 1835 2376 1880 tunc
2432 1826 2700 1894 temporis
2740 1825 3016 1879 eminebat
3054 1825 3193 1877 inter
3222 1840 3335 1889 eos,
3373 1825 3467 1893 qui

202 1916 408 1983 Θωμᾶς
455 1916 511 1967 δὲ
552 1911 620 1984 ἦν
666 1915 965 1984 τηνικαῦτα
1009 1916 1441 1985 Νεοκαισαρείας
1483 1916 1781 1977 ἐπίσκοπος
1813 1908 1858 1969 Β

1813 1908 1858 1969 Β
1890 1922 2174 1976 honestate
2211 1934 2425 1974 morum
2457 1918 2689 1989 praediti,
2737 1918 3108 1971 sublimiorem
3150 1917 3274 1970 vita:
3298 1918 3466 1970 ratio-

205 2008 298 2059 καί
321 2026 404 2071 τις
430 2008 516 2061 ’έτε
527 2025 616 2077 ρος
636 2008 1059 2076 Παρακονδάκης
1086 2009 1372 2077 ἐπώνυμος
1392 2008 1634 2077 ἐξάρχων
1662 2007 1780 2060 κατ’

204 2102 388 2152 ἐκεῖνο
422 2098 614 2169 καιροῦ
640 2100 747 2151 τῶν
774 2100 888 2151 ὅσοι
917 2100 1014 2169 τῆς
1038 2100 1178 2153 κατά
1198 2101 1289 2153 τὸν
1314 2100 1426 2168 βίον
1457 2101 1783 2169 σεμνότητος

204 2192 451 2259 εἴχοντο,
500 2191 595 2243 καὶ
646 2193 747 2260 τῆς
794 2190 1131 2262 ὑψηλοτέρας
1182 2191 1457 2252 πολιτείας
1506 2190 1785 2243 ἐποιοῦντο

207 2281 541 2351 ἐπάγγελμα
570 2286 855 2351 συντηρεῖν
880 2284 947 2334 τὰ
975 2282 1190 2351 δέσμια.
1221 2284 1439 2336 Τούτων
1464 2284 1643 2336 τοίνυν
1675 2283 1786 2335 τῶν

208 2376 422 2447 ἀνδρῶν
461 2376 710 2443 ἑκάτεροι
746 2376 862 2444 ἅμα
895 2376 1261 2445 συνεδριάζειν
1291 2376 1428 2442 μετά
1459 2377 1554 2429 καὶ
1586 2377 1788 2445 ἐτέρων

206 2466 375 2517 τινῶν
400 2465 594 2530 λογίων
630 2463 902 2531 βασιλικὸν
930 2463 1211 2532 δεξάμενοι
1239 2462 1519 2532 θέσπισμα
1537 2506 1549 2526 ,
1582 2461 1676 2525 οὓς
1716 2463 1781 2515 ἂν

209 2558 323 2609 τῶν
384 2557 703 2608 ἀποστατῶν
753 2557 787 2625 ἡ
842 2556 1089 2625 πολιτικὴ
1140 2558 1262 2626 χεὶρ
1295 2555 1551 2626 εὖρισκέν
1595 2571 1654 2608 τε
1694 2555 1788 2608 καὶ

213 2645 645 2715 συνελάμϐανεν,
668 2649 763 2699 καὶ
786 2648 919 2717 πρὶς
942 2648 1137 2709 αὐτοὺς
1158 2646 1510 2716 διεπέμπετο,
1533 2646 1790 2715 ὲξὴταζόν

211 2756 275 2791 τε
308 2740 404 2791 καὶ
437 2739 785 2805 ἐλογοθέτουν
807 2738 1304 2808 λεπτομερέστερον
1326 2779 1339 2802 ,
1362 2741 1457 2790 καὶ
1482 2740 1608 2801 τοὺς
1632 2740 1792 2790 ὑπαι-

213 2828 370 2891 τίους
385 2827 494 2881 τῶν
521 2828 774 2880 ἀναιτίων
798 2827 1245 2897 φυλοκρινούντες
1268 2829 1393 2892 τοὺς
1417 2828 1515 2897 μὲν
1537 2828 1792 2891 ἀπέλυον,

218 2922 340 2974 ἐστι
386 2919 432 2971 δ’
485 2919 577 2981 οὓς
618 2920 712 2972 καὶ
757 2921 1052 2989 ἐπιτιμίοις
1083 2922 1553 2989 ὲκκλησιαστικοῖς
1586 2920 1797 2972 καθυπ-

218 3013 450 3079 έϐαλλον
469 3052 484 3075 ,
511 3013 635 3073 τοὺς
662 3012 717 3063 δὲ
753 3012 1031 3075 παντελῶς
1066 3014 1318 3075 ἀνιάτους
1345 3015 1393 3065 οἱ
1416 3013 1679 3065 πολιτικοὶ
1710 3013 1795 3064 νό-

222 3123 339 3173 μοι,
383 3106 611 3158 καὶτῶν
647 3107 705 3156 ἐν
738 3106 919 3167 αὐτοῖς
964 3108 1239 3175 ἀρχόντων
1268 3108 1689 3175 παρελάμϐανεν
1738 3106 1799 3157 τὸ

218 3198 611 3266 δίκαιωτήριον
639 3195 772 3266 (60).
806 3198 960 3249 Οὕτω
988 3198 1052 3267 δὴ
1073 3198 1173 3266 τῆς
1201 3201 1428 3268 ἐρεύνης
1461 3217 1519 3252 τε
1550 3202 1644 3251 καὶ
1675 3200 1797 3267 κρί-

223 3307 364 3351 σεως
415 3290 507 3341 καὶ
560 3288 653 3341 τοῦ
710 3289 1017 3355 λογοθεσίου
1075 3294 1207 3360 (61),
1264 3294 1355 3345 καὶ
1407 3292 1503 3360 τῆς
1544 3292 1794 3361 πράξεως

220 3380 525 3450 προϊούσης
573 3380 886 3449 μερίζονται
932 3382 1040 3435 τῶν
1089 3384 1393 3451 εἰρημένων
1446 3384 1649 3453 κριτῶν
1697 3385 1794 3450 τὴν

224 3473 445 3540 σιραγὴν
472 3473 602 3523 οἵτε
646 3472 926 3540 λεγόμενοι
970 3474 1342 3543 Κυνοχωρῖται
1388 3474 1523 3544 (69.),
1569 3477 1661 3527 καὶ
1701 3475 1794 3537 οὒς

224 3564 581 3631 ἐπωνόμαζον
642 3563 951 3625 Ἀστάτους.
1012 3558 1189 3616 τΗσαν
1242 3564 1297 3615 δὲ
1354 3558 1498 3617 οὗτοι
1545 3566 1651 3618 τῶν
1699 3566 1793 3618 τοῦ

225 3656 457 3723 Σεργίου
507 3654 764 3723 μαθητῶν
806 3656 854 3706 οι
885 3655 1124 3722 λογάδες.
1172 3656 1234 3708 Οἱ
1276 3657 1372 3724 μὲν
1414 3652 1505 3709 οὖν
1542 3659 1796 3709 Ἀστατοι

229 3747 460 3816 μηδενὸς
492 3747 682 3815 ἑτέρου
725 3747 1007 3815 δεηθέντες
1053 3748 1207 3799 αὐτοὶ
1248 3748 1368 3801 καθ’
1400 3751 1627 3811 ἑαυτοὺς
1660 3749 1797 3818 δόλῳ

228 3838 323 3889 καὶ
356 3838 618 3907 προδοσία
647 3837 1087 3904 κατασφάξουσιν
1117 3838 1207 3889 τὸν
1231 3840 1519 3909 εἰρημένον
1547 3840 1793 3908 ἔξαρχον.

229 3929 354 3990 Τοῖς
377 3928 434 3979 δὲ
467 3929 875 3999 Κυνοχωρίταις
903 3928 1135 3999 ἐπείπερ
1165 3930 1336 3982 ἐνέδει
1371 3931 1675 3999 στρατηγὸς
1704 3930 1796 3982 τοῦ

232 4022 565 4090 μιάσματος,
601 4016 680 4083 εἷς
713 4021 821 4072 τῶν
847 4023 1151 4091 εἰρημένων
1187 4022 1462 4074 Ἀστάτων
1487 4023 1796 4091 ἐφίσταται,

229 4113 326 4166 καὶ
362 4112 771 4181 κατασφάζουσι
807 4114 902 4165 καὶ
938 4115 1092 4166 αὐτοὶ
1127 4115 1217 4167 τὸν
1252 4115 1512 4186 ἀρχιερέα
1542 4116 1637 4167 τοῦ
1667 4115 1798 4167 θεοῦ

229 4206 455 4272 Θωμᾶν.
503 4204 747 4272 Ἀναίδην
776 4204 831 4256 δὲ
860 4204 1063 4257 τούτων
1092 4206 1234 4259 οὓτω
1262 4206 1760 4277 παρανομηθέντων
1784 4248 1799 4271 ,

229 4296 305 4359 ὡς
340 4296 511 4366 ἔφην,
550 4297 813 4365 ἑκατέρας
850 4299 1165 4366 μιαιφονίας
1212 4301 1629 4369 ἀρχιτέκτονες,
1674 4302 1804 4369 φεύ-

231 4404 391 4456 γουσι
428 4390 525 4457 μὲν
548 4388 643 4441 σὺν
664 4392 777 4451 τοῖς
805 4390 1089 4458 ἑπομένοις
1128 4392 1329 4461 σπουδῇ
1356 4392 1465 4460 (65)
1491 4393 1599 4445 ἀπὸ
1624 4393 1803 4461 πάσης

231 4482 357 4550 γῆς,
395 4482 461 4548 ἣν
491 4480 519 4531 ὁ
542 4481 883 4549 Χριστιανῶν
902 4482 1125 4549 ἐκόσμει
1150 4482 1346 4552 θεσμὸς
1369 4524 1383 4546 ,
1410 4485 1801 4554 παραγίνονται

1886 2028 2009 2066 nem
2042 2012 2455 2082 profitebantur.
2516 2009 2691 2062 Ambo
2742 2009 2907 2079 igitur
2962 2007 3314 2077 imperatorio
3371 2007 3470 2061 de-

1884 2113 2044 2159 creto
2081 2119 2207 2157 cum
2244 2103 2363 2155 aliis
2389 2100 2713 2170 quibusdam
2754 2100 2983 2153 eruditis
3005 2101 3133 2153 viris
3160 2100 3470 2153 consultare

1880 2194 2049 2264 jussi,
2099 2201 2371 2262 apostatas
2402 2209 2431 2245 a
2469 2191 2686 2260 politica
2744 2206 2906 2243 manu
2954 2189 3020 2243 ad
3062 2189 3162 2242 hoc
3211 2192 3469 2258 deputata

1887 2286 2257 2356 deprehensos
2294 2296 2348 2338 et
2377 2284 2584 2338 oblatos
2615 2283 3019 2346 examinabant,
3079 2292 3135 2337 et
3158 2282 3470 2336 minutatim

1889 2379 2316 2448 interrogabant,
2348 2387 2644 2445 sontesque
2674 2378 2740 2429 ab
2763 2375 3069 2429 insontibus
3121 2385 3470 2443 sequestran-

1888 2479 1991 2534 tes,
2015 2470 2145 2523 alios
2159 2470 2376 2539 quidem
2408 2468 2787 2528 absolvebant,
2811 2467 3101 2520 nonnullos
3142 2466 3471 2519 ecclesiasti-

1890 2563 1970 2617 cis
1989 2561 2166 2631 poenis
2198 2561 2599 2629 subjiciebant;
2629 2558 2846 2628 penitus
2880 2558 3205 2611 insanabiles
3235 2557 3471 2627 politicis

1892 2656 2103 2725 legibus
2129 2665 2179 2708 et
2218 2655 2632 2724 magistratuum
2681 2651 2935 2705 tribunali
2994 2652 3296 2706 tradebant.
3334 2649 3471 2703 Dum

1898 2761 2152 2809 examen,
2176 2746 2465 2816 judicium,
2501 2743 2857 2813 interrogatio
2895 2754 2951 2797 et
3015 2754 3132 2796 acta
3162 2744 3243 2797 sic
3276 2758 3471 2812 proce-

1895 2838 2091 2892 derent
2122 2878 2135 2898 ,
2177 2836 2585 2909 Cynochoritae,
2618 2845 2677 2889 ut
2707 2835 2995 2897 vocabant,
3028 2845 3082 2888 et
3124 2819 3162 2887 ii
3208 2835 3299 2902 qui
3326 2834 3473 2888 dice-

1895 2928 2097 2983 bautur
2139 2926 2310 2980 Astati
2332 2943 2346 2991 ;
2372 2934 2527 2978 erant
2572 2933 2755 2977 autem
2786 2924 2989 2977 selecta
3020 2939 3149 2992 pars
3173 2923 3472 2992 discipulo-

1899 3039 2018 3076 rum
2056 3021 2263 3090 Sergii;
2297 3020 2676 3090 praedictorum
2716 3019 2965 3087 judicum
2992 3018 3214 3071 .czedem
3253 3030 3478 3087 patran-

1899 3115 2024 3168 dam
2075 3114 2220 3166 inter
2252 3128 2312 3165 se
2359 3112 2629 3165 dividunt.
2671 3111 2845 3165 Astati
2876 3111 3056 3180 igitur,
3120 3111 3266 3163 nulla
3305 3111 3479 3180 petita

1903 3224 2027 3277 ope.
2067 3215 2426 3260 memoratum
2460 3204 2775 3273 praefectum
2806 3202 2929 3256 dolo
2946 3212 3000 3255 et
3027 3201 3331 3270 proditione
3350 3215 3478 3255 cet.-

1902 3301 2136 3365 fodiunt,
2182 3299 2561 3370 Cynochoritae
2605 3314 2734 3352 vero
2765 3312 2887 3350 cum
2917 3296 3058 3349 duce
3090 3295 3157 3349 ad
3184 3310 3480 3349 exsecran-

1901 3393 2028 3447 dum
2058 3393 2269 3447 facinus
2298 3400 2540 3460 egerent,
2572 3398 2850 3457 assumpto
2882 3404 2944 3441 ex
2976 3388 3181 3440 Astatis
3200 3402 3329 3449 uno,
3367 3388 3482 3456 epi-

1902 3499 2123 3552 scopum
2144 3481 2407 3535 Thomam
2440 3497 2469 3534 a
2502 3482 2607 3533 [leo
2625 3479 3349 3545 constitutumlobtruncant.
3386 3475 3485 3530 His

1902 3573 2158 3625 audacter
2188 3572 2373 3640 gestis,
2410 3570 2603 3632 Astati,
2635 3570 2746 3638 qui,
2786 3579 2845 3623 ut
2892 3584 3053 3638 supra
3094 3568 3225 3627 dixi.
3277 3568 3481 3621 utrius-

1904 3678 2009 3731 que
2041 3661 2311 3731 parricidii
2340 3670 2590 3713 auctores
2604 3669 2779 3722 erant,
2814 3675 2937 3713 cum
2957 3660 3270 3728 sequacium
3302 3669 3480 3713 turnia

1907 3754 2224 3807 festinantes
2252 3755 2467 3823 fugiunt
2521 3754 2588 3807 ab
2646 3754 2913 3808 universis
2963 3753 3293 3823 regionibus,
3362 3769 3484 3821 quae

1908 3846 2215 3899 Christiana
2249 3846 2366 3914 lege
2413 3845 2727 3906 utebantur.
2787 3855 2843 3898 et
2893 3844 3183 3898 Melitinam
3230 3845 3484 3897 secunda:

1906 3934 2176 3989 Armeniae
2202 3936 2413 3997 urbem,
2469 3950 2526 3987 se
2552 3934 2862 3996 conferunt,
2927 3948 3087 4003 quam
3119 3942 3250 3986 tunc
3280 3933 3482 3986 Christi

1907 4042 2094 4082 osores
2121 4026 2377 4081 Saraceni
2404 4025 2730 4089 incolebant,
2761 4024 2960 4094 quibus
2990 4025 3233 4085 Ameras,
3258 4024 3483 4079 nomine

1910 4118 2326 4173 Monocherares
2376 4118 2693 4186 imperabat,
2748 4117 2860 4185 qui,
2924 4115 3125 4170 Christi
3200 4115 3475 4178 inimicus,

1911 4210 2113 4265 Christi
2143 4210 2378 4263 inimicis
2413 4210 2654 4279 profugis
2689 4210 2919 4278 benigne
2944 4208 3204 4277 exceptis,
3247 4218 3303 4262 et
3328 4209 3478 4261 omni

1910 4311 2056 4357 metu
2086 4302 2348 4364 liberatis,
2384 4302 2617 4371 Argaum
2655 4302 2733 4354 sic
2776 4302 2982 4355 dictum
3017 4301 3334 4370 oppidulum
3386 4302 3481 4354 dat

1911 4395 2276 4449 incolendum.
2322 4392 2643 4447 Confluente
2702 4402 2884 4447 autem
2946 4394 3135 4447 eodem
3188 4394 3477 4462 impiorum

1910 4485 2275 4548 multitudine,
2316 4484 2388 4537 ita
2426 4494 2486 4537 ut
2514 4485 2622 4549 jam
2654 4484 2996 4553 praidatoriis
3043 4484 3352 4537 incursibus
3383 4498 3479 4551 pa-

230 4574 287 4626 δὲ
312 4577 370 4626 ὲν
394 4574 649 4643 Μελιτινῇ
686 4574 839 4626 πόλει
871 4575 969 4642 τῆς
998 4574 1253 4644 δευτέρας
1303 4576 1613 4645 Ἀρμενίας,
1650 4575 1802 4627 πολι-
1840 4601 1882 4656 D

1840 4601 1882 4656 υ
1912 4592 1999 4631 res
2022 4584 2225 4641 essent,
2257 4575 2419 4629 vicini
2442 4574 2738 4628 Christiani
2774 4574 2925 4628 multi
2954 4575 3021 4628 ab
3062 4574 3125 4627 iis
3160 4574 3480 4642 frequenter

230 4668 385 4719 τείαν
412 4661 574 4718 οὖσαν
612 4666 733 4717 τότε
774 4666 885 4717 τῶν
926 4666 1290 4735 μισοχρίστων
1326 4666 1692 4736 Σαρακηνῶν,
1738 4661 1806 4737 ἦς

231 4762 331 4813 καὶ
372 4761 619 4829 Ἀμηράς
663 4758 773 4828 (64)
805 4755 974 4830 ἦρχεν
998 4798 1013 4821 ,
1048 4760 1107 4811 ὃν
1156 4762 1456 4815 ἐπεκάλουν
1493 4761 1806 4831 Μονοχερά-

235 4870 339 4922 ρην
364 4851 478 4920 (65)
500 4866 513 4879 ⁶
538 4852 632 4903 καὶ
665 4846 819 4913 οὗτος
845 4854 872 4904 ὁ
895 4852 1243 4921 μισόχριστος
1269 4854 1396 4915 τοὺς
1425 4855 1806 4921 μισοχρίστους

1918 4670 1971 4723 in
2003 4668 2374 4737 captivitatem
2404 4667 2625 4720 abducti
2667 4676 2791 4718 sunt
2822 4684 2834 4717 :
2863 4675 2917 4718 et
2944 4666 3085 4718 malo
3107 4665 3159 4717 in
3188 4666 3305 4719 dies
3329 4666 3478 4717 inva-

1910 4763 2147 4818 lescente
2177 4776 2282 4813 non
2318 4760 2480 4814 modo
2501 4768 2708 4813 veteres
2732 4759 3024 4828 impietatis
3050 4758 3288 4812 cultores
3310 4759 3479 4812 libere

1913 4860 2207 4925 potuerunt
2239 4853 2297 4907 in
2333 4866 2397 4905 ea
2430 4866 2800 4920 perseverare,
2874 4852 2969 4904 sed
3026 4851 3183 4903 etiam
3216 4852 3476 4918 quosdam

1330 5034 1561 5087 VARIAZ
1605 5034 1985 5091 LECTIONES
2030 5035 2116 5089 ET
2146 5032 2379 5090 ΝΟΤᾹΞ.

313 5172 428 5242 (58)
480 5170 757 5240 Μιχαὴλ,
801 5172 1155 5241 Curopalates
1191 5171 1437 5242 scilicet,
1486 5170 1809 5242 cognomine

240 5243 555 5305 lihancahe,
588 5245 653 5295 de
677 5258 782 5310 quo
812 5244 1037 5312 ejusque
1062 5258 1377 5296 successore
1404 5241 1577 5294 Leone
1608 5241 1811 5309 legatur

238 5316 544 5374 Cedrenus,
573 5329 627 5378 p.
655 5312 757 5365 596
780 5328 895 5381 seq.

315 5384 427 5451 (59)
460 5382 887 5435 Μεταεάλλειν.
924 5382 1117 5436 Noster
1144 5382 1487 5452 μεταϐαλεῖν.

316 5457 428 5525 (till)
456 5452 887 5521 Δικαιωτήριον.
923 5452 1138 5523 Optime
1172 5471 1183 5505 :
1219 5463 1401 5507 noster
1440 5452 1771 5521 δικαιότερον
1794 5492 1807 5515 ,

245 5542 354 5579 non
389 5527 506 5577 sine
540 5525 757 5579 mendo.

319 5596 429 5661 (6|)
457 5595 841 5661 Λογοθεσίου.
870 5594 1023 5648 Medii
1055 5594 1154 5647 aevi
1186 5611 1308 5657 vox,
1336 5595 1475 5648 sicut
1496 5602 1549 5646 et
1574 5593 1813 5660 proxime

248 5666 578 5718 antecedens
624 5666 917 5732 λογοθετέω
968 5666 1090 5719 vide
1136 5664 1388 5719 Dufresn.
1449 5666 1503 5717 in
1551 5664 1816 5719 Glossurio

248 5736 417 5786 Gra‘c.
453 5753 502 5786 υ.
547 5733 671 5786 821.

248 5736 417 5793 (ἐνίιλε.
453 5753 502 5802 p.
547 5736 641 5787 8‘21
660 5775 671 5785 .

321 5808 431 5869 (UE!)
460 5806 879 5871 Κυνοχωρῖται.
911 5806 981 5857 De
1000 5805 1083 5858 his
1113 5805 1233 5857 vide
1258 5804 1586 5861 Ccdrennm.
1612 5820 1664 5872 p.
1695 5804 1817 5856 4.35.

321 5877 433 5944 ((55)
478 5874 739 5943 Σπουδῇ.
772 5877 843 5929 lla
878 5886 1061 5930 noster
1089 5877 1309 5936 diserte,
1356 5888 1404 5929 et
1440 5879 1625 5944 procul
1657 5874 1819 5928 dubio

1911 5180 2055 5226 recte
2086 5191 2097 5225 :
2126 5187 2321 5225 sensus
2350 5172 2494 5225 enim
2528 5173 2732 5241 optime
2762 5172 3072 5239 respondet.
3106 5171 3186 5225 Cl.
3211 5171 3481 5224 Montfan-

1909 5245 2101 5295 minius
2121 5257 2183 5295 ex
2206 5242 2538 5295 Coisliniano
2558 5243 2715 5296 habet
2738 5242 2971 5309 σπουδῆς
2991 5243 3172 5295 addito
3194 5244 3476 5301 asterisco,

1909 5314 2058 5380 quasi
2088 5312 2292 5379 aliquid
2331 5314 2349 5383 (
2375 5314 2427 5366 ni
2457 5312 2768 5380 conjectura
2796 5312 3076 5383 niefallit)
3104 5315 3340 5364 deesset.
3369 5310 3479 5364 Sed

1910 5385 2089 5436 ninnia
2122 5384 2224 5436 sibi
2259 5382 2531 5444 constant,
2568 5391 2621 5435 et
2648 5382 2900 5452 gignendi
2934 5398 3090 5435 casus
3117 5392 3276 5435 natus
3304 5393 3387 5435 est
3408 5398 3477 5435 ex

1911 5454 2263 5523 sequentibus
2293 5455 2517 5523 vocibus
2550 5454 2729 5521 πάσης
2760 5456 2878 5521 γῆς.

1983 5521 2091 5591 (64)
2138 5522 2406 5591 Ἀμηρᾶς.
2437 5524 2548 5575 Non
2588 5524 2825 5593 ignotum
2876 5522 3147 5575 historicis
3188 5521 3349 5588 hujus
3377 5521 3479 5575 ξετί

1912 5609 2108 5647 nomen
2142 5610 2154 5644 :
2192 5595 2310 5646 vide
2344 5594 2681 5655 Cedrenuni,
2715 5610 2769 5662 p.
2799 5593 2921 5645 550.
2971 5593 3118 5646 Idem
3148 5607 3277 5647 vero
3320 5593 3386 5646 de
3419 5608 3479 5645 re

1912 5676 2095 5717 nostra
2124 5665 2365 5730 exponit,
2391 5680 2441 5732 p.
2475 5664 2561 5716 44.

1984 5736 2095 5795 (ϋὸ)
2145 5730 2591 5800 Μονοχεράρην,
2654 5730 2729 5784 Ita
2779 5731 3123 5786 Colhertinns
3167 5743 3221 5785 et
3273 5743 3477 5796 noster,

1916 5820 2036 5856 cum
2080 5805 2281 5871 quibus
2334 5805 2522 5856 Petrus
2571 5803 2818 5862 Siculus,
2870 5820 2922 5870 ν.
2982 5804 3066 5856 70.
3120 5804 3485 5858 Coislinianus

1916 5876 2097 5947 itaque
2130 5875 2507 5943 Μονοχεράνης
2548 5876 2811 5937 scribens,
2848 5874 2899 5928 in
2935 5876 3128 5927 incude
3160 5878 3337 5929 cubat.
