4222 6432
794 447 863 507 '19
1949 438 2211 500 PHOTII
2249 438 2756 499 PATRIARCH/E
2796 441 2906 502 [ΣΡ.
3950 450 4021 511 80

796 573 858 608 ex
883 554 1112 623 captivis
1163 554 1226 606 ad
1264 568 1380 606 eam
1409 550 1840 622 amplectendam
1868 564 2081 619 cogere.
2111 548 2351 618 Contigit
2378 557 2421 611 Α
2454 568 2463 601 ι

2378 557 2421 611 Α
2454 550 2697 619 φυγάδας
2748 553 2817 604 τά
2858 569 2915 604 τε
2952 551 3084 605 ἄλλα
3135 550 3668 624 φιλοφρονησάμενος
3695 554 3882 619 δεξιῶς
3926 558 4019 607 καὶ

790 652 987 704 autem,
1012 652 1069 695 ut
1096 641 1336 711 Sergius,
1365 642 1518 710 cujus
1552 640 1806 708 frequens
1839 638 2044 691 mentio
2073 636 2210 691 facta
2244 646 2349 701 est,

790 743 1073 802 postquam
1105 733 1282 801 aliquo
1324 742 1565 800 tempore
1612 747 1733 783 cum
1791 728 2085 798 transfugis
2110 740 2353 781 versatus

790 822 985 885 fuerat,
1052 820 1243 872 iisdem
1296 818 1350 870 in
1407 818 1681 883 impietate
1708 817 2093 871 conﬁrmandis
2134 817 2352 870 intentis

788 913 997 965 debitas
1032 911 1243 965 cmlitus
1281 924 1474 979 ptenas
1505 909 1697 962 lueret.
1755 907 1919 977 Ligna
1940 907 2175 962 cmdcndi
2214 917 2352 961 tem-

791 1021 890 1073 pus
924 1014 1058 1063 erat,
1092 1018 1193 1056 nec
1243 1002 1481 1071 lignarian
1503 1002 1631 1053 artis
1656 1001 1939 1068 imperitus
1970 1009 2086 1053 erat
2111 1000 2349 1068 Sergius,

791 1093 1103 1160 solebatque
1128 1091 1270 1143 illam
1294 1105 1569 1152 exercere,
1598 1099 1923 1157 truncasque
1947 1089 2000 1141 in
2034 1105 2241 1144 asseres
2268 1104 2354 1142 se-

790 1201 935 1238 care.
968 1184 1100 1237 Cum
1140 1194 1318 1235 autem
1352 1182 1403 1234 iu
1433 1190 1668 1234 montem
1720 1182 1880 1251 Argai
1926 1182 2173 1249 proximo
2226 1181 2352 1234 huic

793 1276 942 1345 operi
1036 1284 1275 1338 vacaret,
1361 1274 1562 1327 Tzanio
1631 1272 1847 1341 quidam
1921 1272 2352 1341 Nicopolitanus,

793 1369 1047 1437 religione
1135 1367 1294 1435 pius.
1391 1366 1574 1417 animo
1650 1363 2004 1431 manibusque
2077 1373 2351 1424 strenuus,

792 1473 850 1513 ut
900 1460 1031 1511 vidit
1078 1458 1225 1511 illum
1281 1457 1372 1510 Dei
1433 1457 1645 1510 hostem
1711 1455 1997 1523 prmstigiis
2030 1454 2143 1507 suis
2185 1455 2355 1509 ﬁden-

794 1562 921 1610 tem,
978 1559 1031 1603 et
1086 1548 1361 1602 veneﬁciis
1423 1547 1585 1599 vitam
1646 1547 2088 1608 concredeutem,
2168 1548 2238 1600 ita
2302 1558 2360 1600 ut

792 1645 937 1694 snlus
1019 1643 1161 1710 ligna
1248 1639 1457 1693 aedere
1522 1638 1778 1696 auderet.
1866 1654 2056 1709 magna
2134 1648 2187 1692 ct
2272 1639 2357 1691 in-

792 1733 935 1801 genti
970 1741 1156 1784 contra
1204 1729 1546 1783 seductorem
1589 1729 1786 1781 emissa
1817 1743 1965 1792 voce,
2006 1744 2126 1797 quze
2154 1740 2359 1783 terrore

792 1832 1117 1890 stuporeque
1158 1820 1430 1872 hominem
1477 1819 1721 1887 replevit,
1763 1818 1984 1871 inermis
2021 1836 2143 1873 eum
2190 1832 2355 1885 esset,

2455 644 2654 706 παντὸς
2691 644 3061 714 ἐλευθερώσας
3106 646 3446 716 ἀνθρωπίνου
3511 649 3703 711 δέους,
3749 648 3809 701 τὸ
3893 650 4019 717 Ἀρ-

2454 736 2778 805 γαοῦν(6ϋ),
2844 736 3115 805 πολίχνιον
3175 738 3316 790 οὕτω
3377 738 3709 806 καλούμενον
3738 741 4020 808 ἐπιχωρίῳ

2454 828 2701 899 γλώττῃ,
2756 830 2922 880 οἰκεῖν
2973 829 3282 898 ἐπιτρέπει·
3336 828 3700 898 ἀθροίσματος
3752 831 3808 883 δὲ
3842 832 3901 882 ἐν
3956 833 4018 882 οὑ

2455 920 2632 989 πολλῴ
2659 920 2831 989 χρόνῳ
2852 920 2958 972 τῶν
2981 920 3080 989 τὴν
3112 921 3447 973 ἀποστασίαν
3469 922 3804 989 φρονούντων
3829 926 3993 992 συνεῤ
4010 952 4023 961 ο

2457 1011 2745 1080 ρυηκότος,
2785 1010 2860 1071 ὡς
2903 1012 2995 1062 καὶ
3032 1013 3109 1071 εἰς
3164 1011 3461 1080 λῃστρικὴν
3502 1010 3753 1077 ἐξαρκεῖν
3800 1013 4018 1081 ἐπιδρο-

2459 1098 2566 1165 μήν
2603 1112 2661 1147 τε
2685 1098 2777 1147 καὶ
2803 1099 2979 1165 χεῖρα,
3011 1096 3175 1165 πολλὴ
3211 1096 3303 1149 καὶ
3331 1098 3589 1160 πολλάκις
3635 1099 3742 1150 τῶν
3794 1100 4020 1168 πλησιο-

2457 1189 2645 1256 χώρων
2694 1187 3032 1255 Χριστιανῶν
3065 1188 3409 1255 αίχμαλωσία
3450 1190 3562 1249 τοῖς
3592 1189 3773 1252 ἀθέοις
3822 1192 4021 1259 ἐπετη-

2453 1276 2657 1329 δεύετο.
2700 1277 2963 1329 Κὰκεῑθεν
2993 1277 3421 1348 κραταιούμενον
3448 1278 3510 1330 τὸ
3552 1281 3720 1331 κακὸν
3749 1282 3810 1333 οὐ
3856 1283 4017 1349 μόνον

2456 1369 2579 1430 τοὺς
2619 1369 2711 1418 ἀπ’
2738 1368 2910 1438 ἀρχῆς
2954 1368 3293 1438 θεραπευτὰς
3335 1370 3505 1432 ἀδεῶς
3538 1371 3704 1423 ἐδίδου
3747 1372 3843 1441 τὴν
3882 1374 4014 1424 ἀσέ-

2457 1458 2609 1510 ϐειαν
2639 1459 2983 1528 θρησκεύειν,
3014 1461 3149 1513 ἀλλὰ
3176 1461 3270 1513 καί
3304 1478 3453 1522 τινας
3480 1462 3588 1514 τῶν
3618 1463 4017 1531 αἰχμαλωτίζο-

2462 1550 2637 1619 μένων
2662 1550 2860 1619 πολλὴν
2898 1555 3156 1620 παρεῖχεν
3176 1553 3272 1622 τὴν
3297 1553 3543 1616 ἐξουσίαν
3564 1554 4017 1622 συναναγκάζειν,

2460 1644 2537 1703 εἰς
2569 1641 2664 1710 τὴν
2695 1643 2860 1711 αὐτὴν
2889 1644 3069 1704 αὐτοῖς
3100 1645 3463 1697 καταπίπτειν
3494 1646 3777 1714 ἀθεότητα.
3806 1648 4022 1700 Γίνεται

2461 1733 2527 1803 δὴ
2556 1734 2649 1785 καὶ
2682 1733 2926 1803 Σέργιος,
2957 1728 3019 1787 οὗ
3050 1734 3305 1798 πολλάκις
3341 1736 3465 1803 ἔσχε
3508 1740 3727 1807 μνήμην
3760 1741 3788 1792 6
3831 1740 4020 1807 λόγος,

2462 1826 2639 1878 ἐκεῖσε
2660 1869 2673 1890 ,
2707 1827 2801 1879 καὶ
2832 1827 3021 1895 χρόνον
3050 1829 3169 1879 τινὰ
3193 1832 3303 1890 τοῖς
3329 1831 3530 1897 φυγάσι
3575 1831 3861 1901 διατρίψας
3882 1872 3897 1893 ,
3930 1835 4023 1885 καὶ

794 1928 1036 1965 securem
1075 1928 1105 1965 e
1145 1910 1392 1963 manibus
1418 1911 1537 1979 ejus
1566 1911 1818 1974 abstulit,
1854 1912 2252 1981 scelestnmque
2282 1914 2351 1965 ita
2388 1895 2430 1949 Β
2460 1934 2461 1943 ι

2388 1895 2430 1949 Β
2460 1920 2691 1990 βαθύνας
2719 1922 2897 1982 αὐτοῖς
2922 1921 3014 1973 ἐπὶ
3040 1921 3201 1973 πλέον
3230 1895 3606 1991 τῆςὰσεσείας
3639 1895 3709 1976 τά
3732 1895 3977 1992 δογματα
4005 1968 4020 1987 ,

796 2005 1079 2071 percussit,
1111 2012 1167 2055 ut
1192 2018 1336 2055 mors
1365 2002 1484 2070 ejus
1515 2011 1853 2069 sequeretur.
1889 2002 1979 2055 Sic
2016 2002 2238 2057 fallaciae
2266 2004 2353 2059 illc

795 2111 918 2147 vere
966 2095 1221 2162 spiritus,
1275 2093 1543 2162 pernicies
1597 2093 1952 2146 humanarum
2005 2096 2350 2160 animarum,

794 2188 984 2239 acerba
1034 2186 1122 2238 illa
1149 2196 1203 2238 et
1229 2184 1495 2253 profunda
1525 2184 1805 2253 apostasia:
1850 2184 2020 2249 radix,
2049 2195 2350 2241 extremum

794 2288 844 2329 et
876 2278 1165 2346 pessimum
1216 2276 1478 2329 malorum
1510 2275 1773 2339 omnium,
1816 2292 1933 2345 quae
1961 2288 2086 2331 ante
2113 2277 2351 2345 fuerunt,

796 2387 987 2425 manus
1011 2380 1064 2424 et
1092 2371 1224 2423 artis
1252 2385 1362 2423 suae
1394 2370 1755 2423 instrumento
1781 2369 2135 2424 obtruncatus
2167 2372 2356 2441 impio-

797 2480 936 2524 rum,
969 2464 1435 2531 superborumque
1469 2476 1803 2523 sermonum,
1832 2477 2091 2516 vanarum
2123 2465 2354 2533 promis-

2458 2013 2555 2079 τὴν
2596 2012 2801 2065 ἄνωθεν
2826 2012 2973 2081 ὅμως
3010 2011 3161 2081 δίκην
3200 2014 3260 2065 οὐ
3296 2013 3569 2085 διδρὰσκει
3604 2015 3735 2083 (67).
3779 2016 4021 2086 Ξυλουρ-

2458 2105 2583 2170 γίας
2630 2099 2698 2171 ἦν
2746 2104 2774 2153 6
2826 2103 3035 2173 καιρὸς,
3071 2105 3162 2155 καὶ
3219 2107 3537 2173 τεκτονικῆς
3588 2109 3615 2159 6
3664 2107 3885 2175 Σέργιος
3924 2110 4024 2159 οὐκ

2460 2189 2907 2262 ἀμελέτητοςτῆν,
2950 2195 3043 2245 καὶ
3074 2194 3137 2260 δὴ
3178 2194 3271 2246 καὶ
3321 2195 3557 2266 συνήθης
3608 2191 3674 2267 ἦν
3722 2197 4025 2265 κεχρῆσθαι

2451 2285 2517 2353 τῇ
2550 2284 2731 2353 τέχνη,
2754 2284 2845 2335 καὶ
2870 2284 2949 2344 εἰς
2975 2284 3187 2345 σανίδες
3218 2283 3466 2348 ἀποξέειν
3512 2286 3616 2338 τῶν
3652 2288 3913 2357 πρέμνων
3947 2289 4019 2340 τὰ

2454 2378 2753 2445 ἐπιτήδεια.
2828 2370 2995 2438 Οὗτος
3054 2378 3195 2429 κατὰ
3244 2378 3306 2430 τὸ
3359 2378 3586 2448 σύνηθες
3617 2383 3693 2441 είς
3726 2380 3787 2431 τὸ
3839 2396 4024 2448 παρα-

2455 2472 2701 2539 κείμενον
2753 2468 2877 2534 ὅρος
2923 2467 3015 2520 τοῦ
3068 2470 3302 2537 Ἀργαοῦ
3354 2472 3749 2539 παραγεγονὼς
3780 2470 4020 2541 ἔπραττε

798 2558 1011 2609 sionum
1042 2566 1097 2609 et
1124 2554 1607 2623 exspectationum,
1633 2554 1907 2623 ipsiusque
1928 2555 2051 2610 vitae
2076 2557 2238 2612 ﬁnem
2266 2573 2357 2613 ac-
2453 2579 2465 2609 ι

2351 2588 2357 2598 -
2453 2562 2521 2614 τὰ
2579 2560 2781 2623 αὑτοῦ,
2844 2563 2939 2613 καὶ
2996 2562 3074 2623 είς
3141 2560 3359 2624 σανίδας
3428 2562 3496 2614 τὰ
3556 2561 3687 2626 ξύλα
3753 2563 4018 2627 ἁπὲξεεν·

796 2650 961 2719 cepit,
1003 2658 1059 2705 et
1118 2649 1169 2702 in
1229 2650 1403 2718 ignem
1441 2647 1939 2717 inexstinguibilem
1977 2658 2352 2721 aeternumque

798 2756 919 2793 cum
967 2740 1127 2810 impia
1166 2755 1261 2794 sua
1290 2739 1557 2792 sententia
1581 2738 1901 2791 amandatus
1932 2749 2032 2792 cst.

2457 2652 2591 2722 προς
2622 2652 2791 2723 ταύτῃ
2838 2653 2893 2704 δὲ
2936 2651 3061 2704 ὄντα
3100 2654 3165 2721 τῇ
3201 2652 3431 2723 ἐργασίᾳ
3476 2652 3721 2715 Τζανίων
3751 2654 3859 2722 (GR)
3896 2654 4018 2705 δνο-

2476 2760 2570 2814 μα,
2617 2743 2771 2809 γένος
2819 2742 2880 2793 ὲκ
2909 2731 3275 2805 Νικοπόλεως,
3311 2741 3537 2810 εὐσεϐὴς
3570 2742 3667 2812 τὴν
3701 2742 4021 2811 θρησκείαν,

797 2837 893 2906 τὴν
925 2835 1148 2904 γνώμην
1185 2835 1449 2905 ἀνδρεῖος,
1476 2835 1572 2885 καὶ
1592 2835 1691 2896 τὰς
1718 2837 1905 2904 χεῖρας
1944 2836 2347 2907 παραπλήσιος,
2388 2840 2463 2903 ὡς
2489 2836 2629 2892 εἶδεν
2681 2836 2825 2890 οὓτω
2862 2837 2953 2890 τὸν
2992 2836 3261 2905 θεομάχον
3322 2838 3441 2898 ταῖς
3514 2836 3873 2906 μαγγανείαις
3910 2834 4024 2901 (69)

800 2927 964 2980 αὐτοῦ
1011 2926 1411 2997 τεθαρῤηκότα,
1456 2926 1551 2977 καὶ
1591 2927 1710 2987 ταῖς
1756 2926 2035 2994 γοητείαις
2059 2929 2157 2994 τὴν
2210 2928 2354 2998 ζωὴν
2393 2930 2818 2989 πεπιστευκότα.
2895 2929 2989 2980 καὶ
3036 2928 3351 2996 καταμόνας
3396 2927 3707 2997 ξυλουργεῖν
3772 2928 4027 2995 ἐπηρμέ-

801 3038 909 3074 νον.
964 3019 1102 3087 μέγα
1174 3035 1227 3069 τι
1276 3018 1368 3069 καὶ
1422 3017 1666 3086 διάτορον
1732 3017 1875 3069 κατὰ
1921 3015 2017 3069 τοῦ
2086 3019 2402 3083 ἀπατεῶνας
2442 3024 2716 3093 ὲμὸοήσας
2760 3023 2852 3073 καὶ
2905 3021 2968 3088 τῇ
3019 3020 3169 3088 φωνῇ
3220 3018 3385 3086 ιιιέὸου
3436 3035 3495 3069 τε
3568 3019 3659 3070 καὶ
3712 3018 4026 3086 ἐκπλήξεως

803 3112 1119 3181 πληρώσας,
1154 3111 1470 3178 ἀφαιρεῖται
1510 3108 1609 3177 μὲν
1642 3108 1822 3172 αὐτὸς,
1853 3108 1964 3178 (70)
1997 3108 2230 3174 ἄνοπλος
2259 3112 2357 3177 ὢν,
2398 3115 2495 3183 τὴν
2512 3115 2700 3181 ἀξίνην
2729 3112 2836 3165 τῶν
2865 3112 3085 3181 χειρῶν,
3113 3111 3261 3162 παίει
3288 3109 3344 3163 δὲ
3402 3111 3491 3162 τὸν
3519 3111 3716 3163 πλάνον
3776 3111 4019 3179 καιρίαν,

804 3207 894 3257 καὶ
919 3204 1107 3263 αὐταῖς
1144 3204 1264 3262 ταῖς
1294 3199 1527 3268 πληγαῖς
1551 3201 1579 3251 6
1607 3198 1801 3267 πικρὸς
1834 3198 2243 3269 ἐπηκολούθησε
2266 3202 2359 3255 τοῦ
2400 3204 2687 3272 ἀλιτηρίου
2713 3202 2960 3261 θάνατος.
2998 3200 3154 3253 Οὕτω
3197 3201 3295 3268 μὲν
3329 3199 3415 3267 δὴ,
3452 3198 3596 3251 οὕτω
3624 3201 3682 3251 τι
3721 3201 3818 3269 τῆς
3878 3203 4028 3254 ἁπα-

805 3315 902 3366 της
933 3297 1007 3358 ὡς
1040 3294 1255 3364 ἀληθῶς
1287 3292 1535 3363 πνεῦμα,
1575 3295 1603 3346 ὁ
1634 3292 1742 3343 τῶν
1788 3291 2143 3363 ἀνθρωπίνων
2172 3295 2360 3365 ψυχῶν
2400 3298 2621 3367 ὀλετὴρ,
2657 3298 2689 3364 ἡ
2740 3293 2915 3363 πικρὰ
2975 3294 3069 3344 κα)⁵
3142 3290 3329 3360 βαθεῖα
3367 3291 3464 3359 τῆς
3531 3290 3859 3353 ἀποστασίας
3901 3294 4032 3359 ῥίζα

806 3392 866 3442 τὸ
889 3390 1114 3459 ἔσχατον
1146 3389 1238 3440 καὶ
1264 3390 1446 3455 χεῖρον
1473 3386 1579 3439 τῶν
1610 3386 1919 3455 ἔμπροσθεν
1946 3386 2113 3438 αὑτοῦ
2141 3388 2359 3440 πάντων
2399 3390 2581 3442 κακῶν
2608 3390 2705 3455 τῆς
2736 3387 2943 3447 οίκείας
2974 3384 3141 3437 αὑτοῦ
3172 3384 3351 3453 χειρὸς
3371 3384 3462 3435 καὶ
3522 3382 3717 3451 τέχνης
3780 3382 3855 3450 τῷ
3879 3384 4033 3453 ὅπλῳ

808 3481 1158 3541 κατακοπεὶς.
1194 3478 1301 3529 τῶν
1369 3494 1426 3529 τε
1494 3477 1777 3545 Θεομάχων
1822 3479 1915 3528 καὶ
1962 3476 2326 3547 ὑπερηφάνων
2352 3480 2545 3547 λόγων,
2608 3481 2703 3531 κα)⁵
2752 3476 3054 3547 βδελυκτῶν
3112 3478 3206 3527 καὶ
3250 3476 3481 3526 ἀνοσίων
3546 3476 3725 3543 ἔργων
3769 3476 3860 3527 καὶ
3922 3478 4033 3527 τῶν

809 3574 1102 3643 ἀμηχάνων
1138 3571 1483 3639 ὑποσχέσεων
1522 3570 1618 3622 καὶ
1671 3570 1925 3632 ἐλπίδων,
1950 3572 2045 3623 καὶ
2076 3573 2245 3642 αὐτῆς
2270 3574 2368 3643 τῆς
2406 3576 2549 3645 ζωῆς
2582 3574 2836 3641 ἐξεκόπη,
2882 3575 2974 3624 καὶ
3020 3572 3100 3633 εἰς
3172 3569 3232 3621 τὸ
3274 3570 3538 3623 ἄσϐεστον
3585 3571 3695 3641 πῦρ
3760 3572 3853 3625 καὶ
3917 3572 4032 3654 (71)

811 3665 1026 3715 αἰώνιον
1056 3661 1201 3735 αὑτῷ
1238 3661 1317 3731 τῷ
1352 3660 1603 3729 θεομὰχῳ
1631 3662 1939 3729 φρονήματι
1967 3664 2355 3733 παρεπέμφθη.

877 3752 1042 3806 XXV.
1086 3750 1301 3804 Tertius
1348 3760 1397 3802 et
1456 3750 1906 3818 quadragesimus
1948 3760 2004 3803 et
2050 3754 2369 3807 trecentesi-
2398 3756 2439 3812 C
2542 3753 2544 3758 “

2364 3782 2369 3791 -
2398 3756 2439 3812 C
2542 3751 2670 3802 κε’.
2715 3749 2908 3818 Τρίτον
2929 3747 3019 3800 καὶ
3046 3746 3478 3816 τεσσαρακοστὸν
3506 3747 3599 3800 καὶ
3621 3752 4031 3818 τριακοσιοστὸν

810 3861 930 3899 mus
982 3852 1103 3911 post
1149 3840 1325 3895 sexies
1380 3840 1729 3894 millesimum
1773 3856 1802 3893 a
1839 3844 2112 3897 creatione
2183 3846 2368 3899 mundi
2475 3866 2477 3877 ι

2361 3846 2368 3897 i
2475 3842 2609 3910 πρὸς
2654 3844 2763 3901 τοῖς
2819 3845 2870 3903 ς’
2914 3840 3007 3892 ἀπ’
3039 3840 3213 3909 ἀρχῆς
3245 3840 3342 3906 τῆς
3388 3841 3777 3909 κοσμογενείας
3834 3843 4028 3910 ὴνύεττ

810 3950 985 3989 annus
1028 3931 1419 4000 complebatur,
1454 3946 1577 3983 cum
1621 3931 1818 3999 impius
1848 3933 1935 3986 ille
1966 3942 2139 3988 morte
2165 3936 2366 3987 scelera
2471 3932 2477 3980 Ι

2354 3952 2366 3987 ι
2471 3930 2588 3991 ἔτος
2622 3930 2753 3999 (72).
2789 3930 2875 3982 ὅτε
2901 3931 2991 3979 τὸν
3025 3929 3197 3997 βίαιον
3227 3930 3340 3997 (75)
3365 3932 3392 3981 6
3419 3929 3685 3998 θεομάχος
3740 3926 3893 3992 οὗτος
3926 3936 4021 3985 ἁπ-

812 4027 929 4081 luit.
969 4023 1271 4091 Discipulos
1316 4031 1496 4075 autem
1542 4021 1761 4090 reliquit
1789 4023 2073 4091 apostasia:
2104 4024 2369 4092 improbi-
2470 4042 2479 4073 ι

2358 4052 2369 4062 -
2470 4024 2612 4075 έτισε
2643 4023 2892 4074 θάνατον.
2940 4021 3127 4073 Λείπει
3159 4022 3215 4073 δὲ
3259 4020 3505 4091 μαθητὰς
3536 4023 3636 4091 τῆς
3658 4023 3821 4075 αὐτοῦ
3854 4041 4025 4091 μυσα-

813 4120 1042 4185 latisque
1087 4131 1216 4177 sum,
1250 4116 1340 4184 qui
1382 4116 1437 4167 in
1468 4114 1704 4183 mysticis
1744 4114 2019 4169 maleﬁciis
2054 4116 2168 4169 suis
2206 4126 2366 4185 atque
2472 4136 2480 4183 ι

2361 4136 2366 4168 :
2472 4115 2691 4183 ρότητος
2736 4115 2829 4165 καὶ
2875 4114 3237 4177 ἁποστασίας,
3294 4115 3343 4166 οἵ
3382 4114 3441 4167 τὸ
3497 4118 3762 4184 πρωτεῖον
3796 4116 3853 4167 ἐν
3907 4119 4028 4179 ταῖς

811 4206 1094 4277 praestigiis
1114 4206 1314 4274 primas
1336 4204 1613 4267 tenebant,
1628 4212 1737 4257 tres
1758 4219 2004 4269 numero,
2024 4205 2358 4268 Michaelem,

811 4299 1141 4351 Kanacarem
1168 4305 1223 4349 et
1243 4295 1525 4357 Joannem,
1556 4294 1878 4363 quibuscum
1904 4296 2361 4350 annumerabatur

813 4396 1141 4442 memoratus
1172 4402 1333 4456 supra
1368 4384 1711 4443 Theodotus;
1748 4395 1871 4454 post
1898 4385 2018 4439 illos
2050 4395 2228 4439 autem
2261 4385 2360 4438 Ba-

812 4483 961 4537 silius
991 4493 1044 4536 et
1090 4479 1354 4539 Zosimus,
1388 4485 1442 4529 et
1481 4476 1571 4529 alii
1607 4477 1934 4546 complures.
1979 4475 2084 4531 Sed
2119 4476 2173 4531 bi
2217 4476 2360 4530 illius

813 4572 1177 4629 seelestissimi
1224 4568 1455 4623 hominis
1481 4575 1564 4620 ter
1613 4566 1882 4621 maledicti
1925 4567 2195 4638 discipuli,
2226 4583 2361 4637 quos

813 4668 1034 4732 decepta
1070 4663 1218 4731 plebs
1252 4660 1688 4728 compcregrinos
1725 4659 1979 4727 appellat,
2030 4659 2282 4728 populum
2310 4660 2362 4712 in

814 4756 969 4825 Argai
1000 4756 1173 4807 locum
1202 4759 1605 4819 congregatum,
1636 4751 1845 4803 tametsi
1880 4752 2129 4806 acerbam
2151 4759 2205 4804 et
2225 4751 2364 4804 divi-

2472 4208 2757 4274 μυστικαῖς
2819 4206 3174 4273 μαγγανείαις
3219 4223 3274 4256 τε
3321 4207 3413 4258 καὶ
3472 4207 3749 4274 γοητείαις
3806 4206 4027 4275 ἔφερον,

2467 4298 2633 4365 τρεῖς.
2667 4288 2745 4347 ὧν
2771 4297 2799 4347 ὁ
2828 4295 2926 4365 μὲν
2956 4297 3192 4363 Μιχαὴλ,
3224 4299 3253 4347 6
3280 4297 3337 4349 δὲ
3373 4298 3703 4369 Κανακάρης
3736 4298 3870 4364 (74),
3900 4300 3927 4349 6
3970 4298 4027 4350 δὲ

2466 4370 2645 4455 τρίτος
2684 4374 2936 4453 Ἰωάννης
2966 4387 3299 4454 ὠνομάζετο,
3335 4382 3415 4450 οἷς
3448 4389 3543 4440 καὶ
3569 4390 3596 4441 6
3632 4388 4028 4456 μνημονευοεὶς

2466 4476 2668 4529 ἄνωθεν
2699 4477 2950 4539 Θεόδοτος
2999 4479 3348 4548 συνητάζετο.
3403 4480 3465 4531 Oi
3516 4479 3572 4531 δὲ
3620 4481 3737 4546 μετ’
3781 4481 4027 4535 ἐκείνους

2468 4568 2745 4628 Βασίλειός
2774 4585 2832 4620 τε
2854 4570 2948 4620 καὶ
2972 4568 3240 4638 Ζώσιμος,
3278 4572 3367 4622 καὶ
3392 4570 3567 4639 ἕτεροι
3607 4570 3821 4632 πλείους
3858 4566 4023 4639 ἦσαν·

2470 4660 2585 4713 ἀλλ’
2616 4654 2763 4712 οὗτοί
2787 4677 2849 4727 γε
2872 4662 2919 4711 οί
2948 4661 3039 4712 τοῦ
3069 4661 3472 4731 τρισαλιτηρίου
3496 4663 3703 4715 ἐκείνου
3728 4668 4025 4731 τρισκατάο

2476 4766 2625 4819 ρατοι
2664 4749 2922 4818 μαθηταὶ,
2955 4749 3048 4812 οὓς
3072 4751 3165 4801 καὶ
3198 4750 3563 4819 συνεκδήμους
3590 4751 3649 4803 τὸ
3671 4753 4025 4821 ἠπατημένον

1880 4859 2113 4915 νΑιιιΑε
2152 4860 2537 4916 LECTIONES
2585 4860 2671 4913 ET
2701 4859 2929 4915 NOTAE.

888 4978 994 5046 (66)
1035 4976 1327 5046 ‘Apraoﬁr.
1364 4974 1435 5027 Ita
1468 4973 1832 5046 Coislinianus
1855 5014 1881 5046 ,_
1906 4981 1960 5027 et
1992 4973 2197 5046 Petrus
2215 4972 2369 5027 Sicu-

818 5043 916 5107 lus.
951 5065 1002 5117 ι».
1032 5048 1117 5105 70,
1161 5056 1215 5099 et
1242 5044 1538 5117 Cetlrenus,
1590 5059 1643 5111 p.
1684 5043 1805 5096 ιιι.
1856 5044 2144 5097 Deserendi
2188 5045 2367 5117 itaque

816 5113 1169 5172 sunt’nnster
1196 5123 1249 5167 et
1292 5113 1649 5176 Colbertinus,
1702 5127 1930 5181 quorum
1970 5122 2197 5182 uterque
2242 5113 2370 5183 legit

828 5186 1074 5244 ’Λργοῦν.

887 5204 1354 5323 ῗϐγίῖδῖοιδράσκει.
1386 5252 1579 5323 Noster
1607 5250 1988 5318 διαδιδράσκει,
2015 5250 2157 5323 (μιοά
2184 5252 2371 5323 mare.

814 5321 1039 5379 rendum
1066 5321 1214 5393 puto.
1241 5323 1465 5377 Photius
1486 5321 1630 5376 enim
1657 5332 1802 5375 amat
1831 5321 2147 5390 compositis
2172 5322 2248 5375 uti
2273 5338 2369 5392 pro

816 5398 913 5451 sim
924 5397 1172 5451 nlicibus.

888 5413 1311 5533 ῗὲἑξωῖἓιῗριων.
1348 5462 1543 5516 Confer
1572 5464 1791 5518 Petrum
1823 5459 2086 5533 Siculum,
2128 5460 2296 5533 p._70.

887 5529 994 5600 (ὃν)
1018 5536 1431 5601 Μαγτανείαις.
1468 5533 1695 5604 Magicas
1714 5539 1861 5604 artes
1885 5529 2156 5604 iamalias
2184 5529 2371 5604 Noster

818 5599 1131 5659 Mauicbieis
1160 5599 1527 5669 exprobravit.
1554 5599 1781 5656 'Eadem
1814 5599 1931 5652 dica
1969 5601 2211 5669 pluribus
2252 5601 2370 5653 aliis

820 5674 1082 5727 haereticis
1130 5674 1330 5739 scripta
1360 5681 1442 5725 est
1490 5687 1517 5725 a
1562 5670 1838 5725 veteribus
1887 5686 1899 5720 :
1940 5670 2059 5723 vide
2108 5669 2367 5739 Spenceri

819 5745 976 5795 Notas
1006 5743 1069 5795 ad
1094 5741 1396 5809 Origemm,
1436 5740 1626 5795 Contra
1657 5740 1886 5799 Celsum,
1926 5756 1975 5807 p.
2013 5739 2045 5792 (ἶ
2074 5754 2221 5808 seqq.

886 5816 995 5877 (τυ)
1037 5815 1345 5873 "Ai-0310c.
1409 5811 1599 5864 Noster
1646 5811 1871 5869 ἄοπλο;’
1920 5820 2144 5877 utraque
2196 5809 2365 5862 forma

2464 4974 2604 5043 apud
2658 4972 2871 5027 Graecos
2891 4973 3209 5043 adhibetur.

2535 5043 2645 5111 (Ἡ)
2689 5044 2795 5094 Καὶ
2827 5041 3018 5096 Addidi
3050 5058 3115 5095 ex
3148 5052 3355 5107 nostro,
3390 5042 3534 5112 quod
3562 5044 3824 5097 orationis
3852 5049 4025 5101 series

2467 5113 2879 5249 Ροῗζὲῗιέετος.
2926 5179 3119 5235 Addidi
3151 5196 3217 5235 ex
3246 5189 3453 5245 nostro,
3508 5182 3574 5236 ad
3623 5198 3841 5237 sensum
3870 5203 4022 5243 com-

2830 5318 3347 5401 ’βξαιονζθάγατονς
3384 5316 3576 5399 Νίὲ³ιθτ
3604 5320 3850 5401 κείιθτδν
3910 5325 4023 5393 βίον

2436 5422 2440 5426 ι
2468 5390 2853 5462 θανάτουηδειὶ
2886 5389 3092 5462 insueta
3140 5392 3252 5462 llaec
3284 5389 3497 5462 pbrasis
3521 5398 3623 5462 est
3655 5389 3678 5444 ε’
3699 5394 3878 5462 itaque
3907 5389 4024 5450 ina—

2467 5460 2557 5513 lim
2590 5458 2934 5527 acquiescere
2968 5460 3018 5510 in
3052 5460 3281 5512 lectione
3310 5458 3625 5512 Coisliniani
3656 5458 3877 5518 codicis.

2540 5530 2648 5604 (74_)
2681 5530 2760 5604 _'(_)_
2786 5529 2852 5604 δὲ
2875 5529 3246 5604 Κανακᾴρης.
3277 5528 3354 5581 lla
3383 5529 3571 5604 scripsi
3600 5541 3900 5604 ex_nos_tro,
3922 5551 4023 5604 pro

2465 5614 2572 5666 quo
2599 5598 2960 5673 Coislinianus
2994 5614 3005 5648 :
3052 5598 3141 5673 τὸν
3172 5599 3227 5649 δὲ
3283 5599 3800 5673 κανακάρηντμιιίυό
3854 5598 4025 5673 magis

2466 5669 2755 5737 respondet
2786 5668 2885 5735 τῷ,
2916 5666 3243 5737 ὠνομάζετο·
3268 5681 3388 5737 eum
3418 5666 3584 5722 altera
3609 5669 3695 5723 illa
3717 5671 3878 5726 lectio
3904 5666 4025 5728 sine

2473 5736 2642 5807 ellipsi
2678 5738 2849 5791 locum
2881 5736 3077 5791 habere
3102 5751 3204 5790 non
3236 5736 3423 5807 possit.
