4222 6432
229 441 292 504 81
1299 437 1597 497 CONTRA
1633 430 2089 493 MANICII/EOS
2125 429 2352 488 LIBEII
2414 431 2453 486 Ι.
3405 423 3480 490 32

229 552 434 622 πλῆθος
468 551 923 620 ἐπονομάζουσιν,
953 550 1047 601 τὸν
1081 546 1439 617 ἀθροισθέντα
1467 546 1596 598 λαὸν
1629 546 1686 595 ἐν
1723 541 1800 610 τῷ
1828 547 1878 605 Α

1828 547 1878 605 Α
1902 537 2052 590 nitus
2083 537 2377 591 immissam
2409 537 2648 606 magistri
2697 547 2928 590 mortem
2962 537 3226 600 viderant,
3260 549 3313 590 et
3343 539 3474 589 IllIllI

243 643 501 714 ‘Apyaoi,
535 644 714 694 καίτοι
761 644 848 695 τὸν
900 643 1098 710 πικρὸν
1127 642 1220 692 καὶ
1271 639 1531 705 θεήλατον
1583 636 1678 688 τοῦ
1729 634 1804 686 δι-

227 738 505 790 δασκάλου
564 736 794 788 θάνατον
845 734 964 802 ὄψει
1017 733 1310 796 λαϐόντες,
1363 733 1458 783 καὶ
1516 730 1697 791 οὐδὲν,
1730 721 1806 779 ὧν

228 830 526 897 ἐθεομάχει
584 829 676 879 καὶ
728 824 1104 895 ἐτερατεύετο,
1162 823 1445 894 προελθὸν,
1495 823 1642 891 ὅμως
1696 824 1807 881 τοίς

226 923 436 988 ὁμοίοις
468 923 656 980 κακοῖς
676 919 1047 989 διεφθείροντό
1074 935 1130 969 τε
1171 918 1264 969 καὶ
1324 916 1802 983 κατελυμαίνοντο,

225 1014 327 1064 οὐκ
369 1013 448 1063 ἔτι
489 1012 584 1080 μὲν
624 1013 705 1072 εἰς
745 1011 840 1062 ’ἐνα
872 1011 1054 1078 τινάἣ
1091 1012 1168 1071 εἰς
1196 1009 1288 1061 δύο
1329 1008 1390 1060 τὸ
1422 1006 1806 1058 διδασκαλικὸν

225 1104 326 1170 τῆς
383 1102 684 1170 θεομαχίας
737 1102 1104 1169 ἀναφέροντες
1162 1103 1402 1170 ἀξίωμα,
1441 1099 1722 1171 ὁμοτίμως
1749 1100 1806 1151 δὲ

225 1192 486 1260 ἀλλήλοις
528 1195 681 1244 αὐτοὶ
719 1195 860 1243 κατὰ
891 1193 1094 1259 πλῆθος
1120 1193 1220 1259 τῆς
1257 1193 1467 1261 πλάνης
1504 1191 1581 1260 τῷ
1606 1190 1804 1258 πλήθει

228 1284 662 1354 καθηγούμενοι.
706 1285 896 1354 Ὅμως
947 1285 1004 1337 δέ
1040 1286 1136 1337 καὶ
1171 1285 1584 1353 ὑποϐεϐηκότας
1627 1285 1807 1337 αὐτῶν

228 1392 386 1436 τινας
421 1375 645 1442 ἐτέρους
678 1377 919 1438 ἔταττον,
951 1374 1042 1436 οὒς
1076 1375 1170 1426 καὶ
1191 1375 1472 1444 νοταρίους
1499 1373 1802 1442 ὠνόμαζον,

229 1467 322 1519 καί
353 1484 474 1517 τινα
501 1467 609 1517 τῶν
650 1468 977 1537 ἀπορρήτων
1014 1469 1108 1518 καὶ
1141 1467 1445 1535 βδελυκτῶν
1493 1467 1694 1535 ὀργίων
1730 1469 1808 1526 είς

231 1558 469 1626 ἐποψίαν
499 1564 591 1609 καὶ
624 1559 944 1626 τελεστικὴν
979 1557 1255 1628 ἀφώριζον
1285 1559 1624 1627 ἐπιμέλειαν.

302 1648 449 1714 KQ".
505 1650 640 1700 Ὑπὸ
692 1649 746 1700 δέ
802 1649 931 1710 τοὺς
999 1652 1198 1712 αὐτοὺς
1259 1653 1612 1714 ἀναφαίνεται
1686 1669 1809 1702 και-

230 1742 361 1810 ροὺς
403 1741 516 1810 (75)
551 1743 643 1793 καὶ
678 1742 705 1791 ὁ
734 1741 1142 1810 τρισαλιτήριος
1184 1740 1438 1807 Καρὸέας
1486 1740 1620 1810 (76),
1669 1738 1808 1806 ἀνὴρ

228 1835 402 1894 δεινος
444 1833 544 1900 μὲν
581 1833 835 1884 ὑπελθεῖν
863 1833 1037 1901 ὄχλον,
1073 1833 1333 1894 στεγανός
1366 1832 1420 1883 δὲ
1451 1831 1714 1898 κρύπτειν
1747 1830 1808 1880 τὸ

505 1650 640 1700 Ὑπὸ
692 1649 746 1700 δέ
802 1649 931 1710 τοὺς
999 1652 1198 1712 αὐτοὺς
1259 1653 1612 1716 ἀναφαίνεται

227 1927 561 1993 ἁνέκςρορον,
598 1930 693 1975 καὶ
729 1928 841 1985 τοῖς
888 1923 1121 1993 χείλεσιν
1160 1924 1295 1976 ἄλλα
1326 1925 1623 1993 προφέρειν
1656 1922 1808 1991 παρὰ

227 2019 325 2086 τὴν
359 2021 416 2069 ἐν
448 2021 514 2085 τῇ
548 2017 744 2086 καῷία
789 2017 1018 2086 μελέτην
1049 2015 1445 2079 πιθανώτατος,
1495 2019 1590 2067 καὶ
1627 2016 1805 2067 πίστιν

230 2110 331 2174 μὲν
384 2107 494 2158 οὐδ’
535 2109 728 2176 ἥντινα
765 2107 1032 2177 στέργων,
1077 2108 1200 2158 ἐπεὶ
1247 2108 1342 2160 καὶ
1387 2108 1455 2158 τά
1487 2107 1597 2159 τῶν
1640 2105 1805 2175 ’Ᾱρά-

228 2200 341 2251 ὕων
372 2200 485 2266 (7'7)
523 2199 764 2261 θειάζειν
789 2200 1196 2269 ἐσχηματίσατο
1222 2217 1234 2229 ·
1278 2199 1416 2270 πλὴν
1443 2202 1543 2269 τῆς
1574 2199 1809 2251 ἀποστα-

228 2293 353 2353 σίας
401 2293 642 2362 ἐραστὴς
697 2294 791 2344 καὶ
840 2292 1096 2358 λέγεσθαι
1141 2294 1235 2344 καὶ
1286 2291 1604 2361 νομίζεσθαι
1654 2291 1809 2352 κλέος

233 2383 583 2450 ποιούμενος,
620 2383 742 2434 οὺδέ
771 2384 868 2452 τῆς
912 2385 1052 2436 κατά
1087 2385 1323 2451 πόλεμον
1354 2384 1651 2452 ἐμπειρίας
1695 2381 1807 2450 (ῖθ)

227 2473 605 2542 ἀγύμναστος.
639 2474 729 2525 Διὸ
755 2477 848 2527 καὶ
877 2474 975 2542 τῆς
1011 2476 1385 2542 ἀποστατικῆς
1421 2476 1635 2543 ἐκείνης
1665 2473 1808 2542 πλη-

227 2564 360 2624 θύος
420 2566 521 2634 ἤδη
571 2567 709 2635 πρὸς
750 2569 907 2635 χεῖρα
962 2566 1270 2636 πολεμικήν
1323 2584 1382 2618 τε
1433 2567 1525 2618 καὶ
1582 2567 1807 2636 βαρεῖαν

229 2657 631 2726 ἅδρυνομὲνης,
670 2658 858 2727 ἄρχειν
918 2659 1022 2710 ὑπὸ
1059 2660 1152 2711 τοῦ
1233 2659 1474 2727 πλήθους
1520 2659 1713 2728 ᾑρέθη,
1753 2659 1811 2721 ὃς

228 2750 325 2798 ἐπὶ
380 2749 582 2816 μᾶλλον
633 2748 810 2813 αὔξων
857 2767 915 2800 τε
966 2751 1058 2801 καὶ
1107 2751 1392 2818 κρατύνων
1432 2752 1493 2801 τὸ
1546 2752 1811 2819 θεομάχον

229 2841 532 2908 ἄθροισμα,
567 2843 690 2891 ἐπεὶ
712 2844 776 2910 τῇ
808 2841 1071 2910 βαρύτητι
1095 2842 1191 2894 τοῦ
1224 2842 1517 2910 πολυχνίου
1548 2859 1814 2909 στενοχω⁹

231 2935 502 3002 ροῦμενος
533 2930 639 2984 εἶδε
668 2936 794 2995 τοὺς
824 2935 928 2985 ὑπο
962 2938 1141 3004 χεῖρα,
1174 2936 1329 2986 πόλιν
1370 2935 1538 3004 ἄλλην
1569 2937 1812 3003 εὐρυχω-

232 3025 472 3093 ρντέραν
496 3025 719 3093 ἐγείρει,
757 3027 822 3095 ἢν
874 3027 1197 3094 ἐπωνόμαζε
1234 3027 1512 3096 Ἰἐφρικὴν
1546 3027 1678 3094 (79),
1719 3031 1814 3079 καί

229 3116 438 3184 ταύτην
493 3121 602 3178 τοῖς
653 3118 940 3185 ἑπομένοις
977 3119 1226 3181 πολίζει,
1259 3118 1392 3185 ὁμοῦ
1433 3119 1534 3185 μὲν
1588 3121 1683 3169 καὶ
1711 3121 1810 3186 τὴν

1906 642 2117 691 eorum,
2152 644 2272 696 quae
2307 629 2396 680 ille
2427 639 2740 696 portentose
2776 630 3134 691 couliuaeral,
3168 629 3474 689 accidisset,

1907 721 2186 788 populum,
2216 723 2454 788 inquam.
2483 720 2629 773 illum
2650 736 3024 789 corrumpere,
3050 731 3105 772 ct
3129 725 3478 788 pessumdare

1907 809 2253 878 pergebant:
2289 826 2390 864 nec
2453 810 2588 862 ultra
2650 811 2943 879 impietatis
2999 812 3364 881 magisterium
3413 817 3476 865 aii

1911 918 2078 954 unum
2109 903 2190 955 vel
2219 904 2355 956 duos
2383 903 2712 956 referebant.
2742 903 2848 957 Sed
2879 905 2993 972 pari
3023 905 3162 957 inter
3187 921 3244 958 se
3274 905 3478 956 honore

1908 997 2237 1048 multitudini
2271 996 2706 1065 prieficiebautur
2737 1015 2749 1048 :
2779 1008 3013 1051 attamen
3046 999 3304 1066 quosdam
3340 998 3476 1049 infe-

1910 1090 2068 1141 rioris
2102 1092 2297 1158 gradus
2325 1091 2747 1154 constituerunt,
2772 1106 2920 1159 -quos
2954 1092 3296 1159 appellabant
3326 1101 3477 1142 uota—

1912 1181 2053 1243 rios,
2134 1182 2331 1248 quibus
2400 1198 2587 1236 curam
2660 1185 2950 1252 quamdam
3007 1196 3060 1236 et
3111 1185 3344 1236 ollicium
3427 1184 3479 1234 in

1909 1272 2290 1327 abominandis
2332 1275 2446 1327 suis
2488 1274 2655 1344 orgiis
2702 1289 2756 1328 et
2795 1276 3190 1330 initiationibus
3234 1275 3481 1343 assigna-

1913 1364 2063 1417 bant.

1982 1649 2170 1703 XXVI.
2211 1650 2325 1703 Sub
2352 1652 2453 1703 liuc
2484 1661 2693 1719 tempus
2722 1653 2996 1705 eminebat
3029 1653 3481 1707 sceleratissimus

1911 1741 2169 1804 Carbeas,
2217 1742 2298 1794 vir
2323 1743 2388 1795 ad
2416 1743 2821 1795 subornandam
2855 1742 3062 1810 plebem
3100 1753 3309 1804 acutus,
3338 1745 3483 1794 calli-

1911 1835 2013 1888 dus
2045 1834 2109 1885 ad
2136 1849 2198 1885 ea
2225 1834 2569 1898 occultanda,
2612 1851 2732 1902 qua:
2769 1835 2966 1888 eﬂ'erre
3002 1850 3099 1903 par
3129 1850 3236 1886 non
3267 1847 3401 1894 erat,
3429 1846 3483 1887 et

1909 1928 1978 1980 ad
2008 1928 2111 1978 alia
2145 1927 2541 1996 persuadenda,
2580 1943 2740 1995 quam
2772 1944 2894 1996 qua:
2930 1930 2982 1979 in
3017 1927 3180 1980 corde
3217 1927 3477 1988 latebant,

1911 2019 2109 2071 nullam
2147 2034 2333 2072 revera
2369 2029 2561 2072 tenens
2612 2020 2809 2081 Iidem,
2859 2020 3060 2088 quippe
3105 2022 3196 2088 qui
3246 2021 3480 2072 Arabum

1910 2113 2227 2182 religionem
2257 2127 2315 2165 se
2351 2111 2604 2165 admirari
2667 2113 2946 2164 simularet
2983 2133 2994 2166 :
3038 2121 3293 2165 caateruni
3350 2127 3480 2177 apo-

1910 2204 2088 2257 stasia:
2147 2213 2442 2256 amatori-in
2493 2213 2547 2257 et
2587 2203 2693 2257 diei
2743 2215 2796 2256 et
2836 2204 3138 2257 existimari
3188 2204 3381 2256 honori
3429 2215 3483 2256 ct

1910 2295 2093 2364 gloriae
2122 2295 2223 2348 sibi
2255 2312 2374 2349 esse
2409 2296 2662 2358 ducebat,
2697 2310 2874 2363 neque
2905 2295 3109 2348 bellicae
3146 2295 3221 2346 rei
3255 2294 3480 2360 imperi-

1914 2398 1998 2439 Ius
2030 2396 2168 2440 erat.
2200 2386 2561 2450 Quamobrem
2598 2401 2720 2439 cum
2752 2385 3050 2454 apostatica
3079 2384 3165 2437 illa
3194 2383 3483 2436 multitudo

1906 2477 2016 2545 jam
2045 2493 2111 2530 eo
2163 2478 2486 2530 incrementi
2537 2478 2793 2536 venisset.
2830 2487 2888 2531 ut
2922 2477 3212 2529 militarem
3259 2491 3480 2528 manum

1912 2571 2256 2638 suppeditare
2289 2580 2489 2637 posset,
2524 2569 2589 2622 ad
2621 2569 2900 2637 imperium
2933 2569 2998 2622 ab
3023 2569 3107 2621 illa
3133 2576 3353 2621 evectus
3377 2576 3481 2628 est,

1915 2670 2101 2728 utpote
2127 2661 2219 2728 qui
2252 2661 2634 2728 impiissimum
2667 2671 2866 2714 emtum
2896 2669 2949 2712 et
2974 2675 3172 2730 augere
3200 2670 3254 2712 et
3286 2661 3484 2711 contir—

1923 2768 2074 2804 mare
2097 2768 2253 2821 posse
2277 2754 2610 2806 crederetur.
2626 2754 2760 2807 Cum
2778 2764 2958 2805 autem
2982 2753 3222 2820 oppiduli
3239 2751 3484 2820 angustia

1916 2861 2129 2912 pressos
2159 2853 2406 2897 cerneret
2437 2845 2703 2908 subditos,
2738 2845 2897 2897 aliam
2945 2845 3261 2912 ampliorem
3295 2843 3483 2895 urbem

1914 2937 2187 2997 excitavit,
2234 2953 2394 3004 quam
2443 2937 2765 3004 Tepliricam
2815 2936 3152 2997 nominavit,
3205 2935 3485 3004 ipsamque

1916 3029 2241 3096 sequacibus
2272 3030 2387 3081 suis
2422 3030 2763 3082 iueoleudam
2811 3030 2979 3090 dedit,
3017 3042 3075 3081 ut
3111 3029 3483 3080 imminentem

1917 3119 2280 3172 Melitinorum
2337 3122 2676 3188 tyrannidem
2722 3121 3036 3174 declinaret.
3085 3121 3219 3173 Nam
3275 3119 3485 3172 etiamsi

229 3208 643 3276 ἐπιφερομένην
676 3209 785 3260 τῶν
814 3209 1172 3261 Μελιτινιτῶν
1221 3210 1332 3278 (80)
1380 3209 1686 3261 ἀποκλίνων
1719 3228 1808 3262 τυ-
1841 3241 1882 3296 C

1841 3241 1882 3296 ε
1920 3216 2073 3268 initio
2141 3217 2551 3284 perhumaniter
2599 3219 2665 3270 ab
2715 3219 2818 3270 illis
2876 3218 3083 3284 excepti
3128 3216 3380 3277 fuissent,
3435 3224 3485 3267 rt

233 3300 483 3370 ραννίᾶα.
528 3302 631 3352 Καὶ
663 3303 773 3371 γὰρ
814 3304 860 3353 εἰ
891 3303 1008 3354 κατ’
1037 3304 1212 3370 ἀρχὰς
1249 3302 1588 3372 φιλοφρόνως
1620 3303 1812 3354 ὑπεδέ-

231 3395 418 3459 ξιντο,
470 3394 585 3446 ἀλλ’
624 3391 717 3446 οὖν
773 3393 1142 3456 πλουτοῦντας
1186 3395 1445 3463 ὁρῶντες,
1502 3397 1599 3448 καὶ
1651 3396 1814 3448 πλέον

231 3480 305 3537 ὧν
347 3488 599 3556 ἤλπιζον,
635 3489 754 3548 ταῖς
800 3487 920 3539 καθ’
961 3487 1180 3555 ἡμέραν
1229 3487 1557 3556 λῃστρικαῖς
1607 3487 1813 3553 ἐφόδοις

231 3583 310 3640 είς
339 3579 608 3646 εὐπορίαν
636 3579 970 3642 ἐπιδιδὸντας
995 3580 1094 3630 οὐκ
1117 3579 1303 3630 ἔτιτὸν
1331 3578 1607 3647 ὀφθαλμὸν
1628 3579 1814 3642 αὐτοῖς

231 3671 554 3723 ἐπιϐάλλειν
597 3671 792 3736 φθόνου
837 3674 1006 3742 χωρὶς
1050 3672 1144 3724 καὶ
1181 3671 1494 3734 πλεονεξίας
1527 3670 1808 3739 ἠδύναντο.

232 3765 324 3814 Διὺ
361 3763 897 3832 >.αφυραγωγοῦντες
946 3764 1142 3825 αὐτοὺς
1192 3762 1412 3831 τέχναις
1446 3762 1668 3824 πολλαῖς
1718 3763 1814 3814 καὶ

235 3854 488 3920 μεθόδοις
520 3856 619 3905 οὐκ
662 3854 930 3906 ἐνέλιπον.
969 3854 1083 3906 Μία
1118 3854 1297 3904 τοίνυν
1330 3854 1423 3904 καὶ
1463 3854 1598 3922 αὑτὴ
1643 3853 1811 3915 αἰτία,

228 3947 294 3996 δι’
326 3947 401 4016 ἦν
429 3947 502 4006 ὡς
537 3947 807 4015 ἀπωτέρω
838 3948 936 4015 τῆς
968 3948 1242 4015 προτέρας
1267 3949 1535 4015 οἰκήσεως
1573 3946 1813 4008 πολίζειν

230 4039 380 4103 Ξγνω
422 4038 482 4089 τὸ
519 4039 779 4105 ὑπήκοον.
819 4038 939 4089 Ἔτι
972 4038 1026 4088 δὲ
1079 4038 1175 4089 καὶ
1221 4036 1299 4105 τῷ
1334 4037 1676 4105 ἀνεπιμίκτῳ
1704 4037 1812 4088 τῶν

231 4132 420 4184 ἄλλων
451 4131 760 4201 ἀνθρώπων
789 4131 870 4194 ε’ίς
900 4134 998 4194 τὰς
1019 4132 1395 4202 δαιμονιώδεις
1423 4137 1515 4184 καὶ
1547 4135 1809 4195 ἐκτύπους

228 4223 338 4274 τῶν
391 4223 667 4291 πράξεων,
722 4222 815 4274 az:
865 4223 928 4291 δὴ
967 4222 1086 4274 καθ’
1138 4224 1365 4283 ἑαυτοὺς
1420 4225 1599 4283 ὄντας,
1640 4223 1812 4284 ἀδεῶς

229 4317 434 4382 χωρεῖν
483 4315 573 4364 καὶ
620 4315 717 4365 σὺν
754 4314 1039 4385 παρρησία
1102 4314 1526 4382 προνοούμενος.
1576 4315 1669 4365 Ἐκ
1700 4331 1812 4380 γει-

1916 3315 2044 3361 tunc
2073 3324 2194 3360 cum
2228 3308 2347 3361 illos
2376 3309 2572 3362 divites
2607 3325 2727 3363 esse
2755 3321 3044 3363 cernerent
3075 3325 3135 3361 ac
3159 3309 3487 3378 quotidiauis

1911 3399 2406 3466 depraedationibus
2431 3416 2614 3452 rerum
2646 3402 2797 3468 copia
2831 3411 3158 3456 crescentes.
3197 3415 3303 3452 non
3339 3408 3488 3467 pote-

1913 3500 2036 3542 raut
2071 3506 2165 3543 eos
2191 3491 2310 3544 sine
2347 3492 2548 3545 invidia
2573 3503 2628 3545 et
2662 3494 2957 3561 cupiditate
2984 3493 3274 3561 respicere.
3310 3492 3487 3555 Quare

1913 3594 2019 3630 non
2075 3581 2362 3633 cessabant
2410 3581 2490 3634 eis
2533 3582 2812 3641 insidiari.
2860 3591 2916 3634 ut
2966 3583 3140 3650 spolia
3191 3580 3485 3648 eriperent.

1913 3675 2043 3737 ρωε
2066 3675 2284 3743 quidem
2318 3692 2423 3728 una
2453 3676 2551 3744 ipsi
2579 3691 2741 3728 causa
2773 3674 2893 3737 fuit,
2921 3691 3018 3729 cur
3049 3677 3235 3742 procul
3261 3691 3288 3726 a
3313 3675 3486 3742 prima

1911 3766 2241 3820 habitatione
2266 3768 2511 3821 subditos
2542 3784 2691 3822 suam
2718 3769 2902 3822 sedem
2935 3783 3136 3836 ponere
3160 3765 3482 3820 decreveril.

1909 3859 1988 3910 Ad
2025 3859 2140 3912 haec
2167 3868 2348 3913 autem
2381 3861 2626 3920 curabat,
2659 3871 2718 3913 ut
2745 3861 2978 3928 separati
3015 3876 3040 3912 a
3068 3860 3279 3912 czcteris
3307 3859 3480 3911 homi-

1910 3951 2095 4010 nibus,
2130 3952 2481 4006 daamoniacis
2511 3962 2562 4005 ct
2585 3953 2837 4006 absurdis
2872 3955 3032 4005 rebus
3067 3952 3294 4005 seorsim
3322 3950 3481 4019 positi

1915 4042 2143 4095 liberius
2182 4057 2234 4097 et
2267 4060 2389 4097 cum
2433 4046 2624 4097 liducia
2665 4054 2939 4098 vacarent.
2973 4045 3107 4099 Cum
3153 4044 3294 4096 enim
3327 4051 3481 4094 antea

1919 4134 2128 4187 vicinos
2177 4137 2441 4189 haberent
2470 4138 2789 4198 Saracenos,
2825 4151 3013 4189 eorum
3061 4135 3219 4188 simul
3271 4134 3403 4186 ritus
3432 4143 3483 4185 et

1918 4239 2046 4277 suos
2069 4226 2467 4288 observabant;
2502 4229 2597 4279 sed
2628 4242 2815 4280 eorum
2853 4229 2991 4279 rilus
3027 4214 3288 4278 tlicatrico
3311 4241 3482 4283 more,

1921 4331 2048 4369 suos
2079 4332 2208 4370 vero
2237 4320 2464 4388 mystico
2493 4319 2660 4371 cultu.

229 4409 403 4459 τόνων
441 4409 549 4475 γὰρ
583 4407 796 4475 ἔχοντες
828 4410 1090 4478 πρότερον
1129 4411 1256 4470 τοὺς
1312 4408 1685 4477 Σαρακηνοὺς,
1726 4409 1980 4462 ἐσέϐοντο
2022 4414 2120 4481 μὲν
2163 4413 2276 4480 (δι)
2319 4413 2388 4465 τὰ
2451 4414 2650 4477 αὐτῶν,
2692 4411 2942 4464 ἐσέϐοντο
3014 4409 3069 4461 δέ
3107 4410 3198 4463 καὶ
3239 4409 3306 4462 τὰ
3341 4408 3482 4460 ἐκεί-

233 4521 343 4556 νων
367 4521 380 4532 ’
415 4503 551 4554 ἀλλά
584 4503 652 4554 τὰ
678 4504 774 4571 μὲν
804 4503 914 4572 (8‘2)
949 4503 1174 4555 ἐκείνων
1196 4502 1594 4569 θεατρίζοντες,
1627 4507 1692 4554 vi
1723 4501 1778 4554 δὲ
1814 4506 1988 4558 οἰκεῖα
2017 4509 2534 4578 μυστηριαζόμενοι.

304 4605 441 4656 KZ'.
493 4603 614 4653 Ἐπὶ
651 4601 863 4661 τούτοις
918 4599 974 4650 δὲ
1017 4601 1111 4650 καὶ
1139 4599 1424 4667 ἐπίκαιρος
1470 4599 1645 4650 ἐδόκει
1677 4599 1812 4668 πρὸς
1842 4605 1889 4661 D

1842 4605 1889 4661 D
1992 4604 2202 4659 XXVII.
2245 4606 2514 4661 Praiterea
2562 4608 2691 4660 urbs
2737 4607 2821 4660 illa
2856 4625 2884 4661 a
2915 4623 2974 4663 se
3022 4618 3224 4663 structa
3280 4621 3481 4674 oppor-

232 4696 332 4756 τὰς
368 4693 725 4762 καταδρομὰς
775 4695 873 4758 τῆς
919 4691 1232 4758 ἰ’ωμαῑκῆς
1286 4692 1458 4759 ἀρχῆς
1500 4692 1565 4758 ἣν
1611 4691 1810 4760 ἀνέστη

231 4787 416 4838 πόλιν.
450 4785 666 4838 Μᾶλλον
706 4801 763 4835 τε
798 4786 905 4852 γὰρ
930 4781 1228 4850 ἐπλησίαζε
1267 4785 1376 4843 τοῖς
1414 4783 1582 4850 αὐτῆς
1617 4783 1805 4850 ὁρίοις.

243 4881 410 4932 Ἀλλὰ
433 4880 528 4931 καὶ
558 4878 711 4939 εἴτις
733 4876 1052 4943 αὐτομολεῖν
1083 4875 1290 4928 ἐκεῖθεν
1309 4875 1560 4926 ἐϐούλετο
1581 4877 1686 4929 τῶν
1711 4877 1808 4946 τὴν

231 4973 410 5042 αὐτὴν
466 4970 722 5023 ἀσέϐειαν
775 4969 1065 5037 ἐγκόλπιον
1121 4969 1417 5036 φερόντων,
1455 4969 1809 5036 ἑτοιμοτέραν

1919 4706 2048 4750 tuna
2084 4698 2364 4750 videbatur
2391 4713 2510 4751 esse
2540 4699 2608 4752 ad
2642 4698 2944 4753 Romanum
2976 4700 3265 4768 imperium
3296 4700 3480 4750 incur-

1918 4790 2167 4849 saudum,
2205 4798 2391 4858 utpote
2439 4790 2578 4844 illius
2625 4790 2826 4844 ﬁnibus
2852 4792 3102 4844 vicinior.
3138 4791 3278 4853 Quin
3319 4788 3481 4841 etiam

1919 4876 1962 4928 si
1991 4877 2112 4942 quis
2164 4876 2289 4928 inde
2335 4877 2674 4946 transfugere
2720 4879 2884 4942 vellet
2917 4895 2981 4932 ex
3027 4879 3115 4939 iis,
3168 4878 3260 4946 qui
3307 4877 3482 4930 cidem

1920 4967 2180 5035 impietati
2229 4969 2688 5032 assentiebantur,
2748 4971 3068 5040 paratiorem
3103 4971 3170 5024 ad
3221 4970 3400 5040 fugam
3430 4979 3484 5023 et

1328 5101 1561 5156 VARle
1602 5101 1986 5157 LECTIONES
2028 5103 2115 5156 ΕΤ
2154 5103 2378 5159 NOTAE.

310 5225 428 5294 (75)
465 5223 737 5288 Καιρούς.
768 5222 964 5294 Noster
1001 5221 1244 5294 καιριάς,
1278 5219 1561 5271 mendose.

306 5292 425 5360 (τις)
462 5294 743 5354 Κιιρὸἐσς.
809 5292 883 5344 lla
926 5292 1177 5356 rescripsi
1227 5306 1290 5343 ex
1323 5301 1511 5360 nostro
1534 5305 1640 5360 pro
1673 5306 1810 5355 καρ-

233 5358 413 5424 ϐαίας
447 5363 767 5416 Coisliuiaui
805 5363 1045 5415 (Indicis.
1101 5362 1393 5414 Nobiscum
1443 5359 1569 5410 facit
1618 5358 1811 5412 Petrus

239 5437 485 5490 Siculus.
516 5449 568 5499 p.
601 5433 688 5492 7'2,
723 5443 778 5484 ct
808 5432 1110 5493 Cedrenus,
1139 5448 1191 5498 p.
1228 5430 1353 5494 444,
1379 5429 1468 5497 qui
1508 5444 1620 5480 rem
1647 5430 1809 5492 hanc,

239 5515 404 5576 prout
434 5514 584 5576 gesta
606 5513 723 5576 est,
758 5501 882 5576 data
907 5518 1068 5569 opera
1104 5501 1315 5554 recitat.

309 5569 458 5632 (77-)77
481 5573 756 5637 Ἀράϐων.
798 5570 981 5628 ltecte.
1021 5588 1117 5637 pro
1140 5586 1247 5638 quo
1284 5581 1466 5638 noster
1503 5569 1810 5638 Ἀρῤἀδων,

308 5646 427 5710 (73)
484 5636 840 5708 Ἐμπειρίας.
896 5636 1271 5695 Additnostcr
1310 5636 1415 5707 ἦν,
1471 5636 1808 5707 ηυόιδιιιεη

238 5731 379 5781 Opus
423 5730 531 5765 nnn
557 5723 660 5766 est.

309 5786 424 5845 (7!!)
477 5784 784 5848 'l'e‘gaplxqr.
823 5779 895 5834 Ita
922 5791 1069 5834 recte
1098 5790 1302 5836 noster.
1340 5795 1438 5847 pro
1471 5795 1579 5843 quo
1609 5775 1806 5830 Coisli-

243 5872 443 5909 manus
482 5854 617 5906 male
653 5851 906 5919 Τεφικόν,
937 5853 1092 5921 pejus
1132 5850 1322 5906 l'clrus
1364 5850 1576 5906 Siculus
1619 5848 1806 5918 Τιδρι-

1911 5221 2037 5286 κήν.
2068 5221 2170 5273 Pro
2205 5230 2388 5272 nostra
2425 5222 2722 5289 scriptione
2757 5222 2885 5274 facit
2922 5231 2977 5275 et
3002 5221 3173 5274 codex
3202 5219 3478 5274 Colberti-

1911 5307 2036 5347 nus,
2069 5301 2122 5340 ot
2152 5290 2454 5346 Cedrcuus.
2493 5309 2544 5358 p.
2576 5293 2697 5344 444.

1984 5361 2094 5427 (80)
2117 5361 2528 5414 Μελιτινιτῶν.
2551 5362 2736 5426 Recte,
2763 5378 2860 5428 pro
2885 5378 2993 5430 quo
3013 5370 3198 5414 noster
3221 5361 3481 5415 mendose

1911 5431 2276 5482 Μελιπνιτὼν.

1986 5501 2096 5569 (81)
2137 5502 2406 5554 Ἐσεϐων.
2443 5501 2681 5568 Bis..pro
2719 5517 2828 5569 quo
2857 5504 3112 5567 utrinque
3146 5511 3330 5555 noster
3361 5503 3479 5553 ἐσέ-

1912 5572 2089 5622 ϐοντο.
2124 5570 2229 5623 Sed
2269 5572 2410 5624 bene
2442 5573 2602 5623 habet
2634 5580 2865 5639 utraque
2898 5573 3043 5624 verbi
3074 5574 3268 5625 forma.

1983 5641 2092 5706 (8‘2)
2141 5641 2326 5694 Ἀλλὰ
2368 5641 2438 5691 τὰ
2492 5641 2623 5707 μέν.
2661 5643 2866 5694 Sensus
2912 5652 2992 5694 est
3018 5686 3029 5699 ,
3057 5643 3479 5695 .Saracenoruiu

1912 5710 2156 5763 instituta
2186 5725 2281 5762 eos
2311 5711 2526 5778 publice
2574 5720 2630 5764 et
2681 5713 2732 5763 in
2764 5723 3061 5779 conspectu
3098 5713 3346 5774 aliorum,
3383 5713 3474 5766 do-

1909 5782 2130 5835 mestica
2171 5796 2300 5834 vero
2328 5781 2466 5834 clam
2506 5790 2562 5835 et
2590 5782 2800 5836 occulte
2830 5791 3068 5836 sectatus
3109 5798 3246 5837 esse.
