4222 6432
767 424 838 487 83
1905 421 2162 482 ΡΗΟΤΠ
2206 421 2434 481 PATRI

2336 421 2713 483 'RIARCHE
2747 424 2855 484 CP.
3928 416 4003 482 διδ

768 550 1040 591 secessum
1111 534 1180 588 ob
1228 533 1561 586 vicinitatem
1608 532 1786 586 locum
1833 533 2127 586 habebant.
2187 533 2327 584 Bella
2362 534 2404 589 Α

2362 534 2404 589 Α
2437 532 2660 601 εὕρισκε
2698 533 2789 586 διὰ
2812 534 2874 585 τὸ
2913 533 3219 603 γειτόνημα
3252 532 3349 602 τὴν
3381 530 3521 603 πρδς
3555 529 3718 585 αὐτὸν
3754 546 4001 597 καταφυς

767 644 896 683 vero
924 626 1123 681 deinde
1172 641 1278 679 non
1329 624 1747 694 praedationibus
1791 625 1975 693 gessit,
2030 626 2123 679 sed
2166 626 2325 694 iustis

766 720 967 788 prmliis
1010 728 1063 771 et
1102 718 1353 778 aciebus,
1388 718 1501 770 sive
1528 718 1675 770 solus
1716 732 1838 770 eum
1885 718 1997 770 suis
2040 716 2151 771 sive
2201 732 2323 769 cum

770 812 1056 865 Saracenis
1083 811 1362 863 dimicaret
1396 830 1408 864 :
1440 811 1787 878 quandonam
1815 819 1997 863 autem
2033 810 2242 867 vicerit.
2272 818 2327 862 et

767 904 1110 972 quandonam
1162 911 1450 970 superatus
1497 902 1680 963 fuerit,
1712 902 1935 955 alterius
1979 910 2061 955 est
2093 902 2325 955 instituti

770 992 1135 1059 temporisque
1167 990 1392 1045 referre.
1434 990 1585 1055 Quod
1622 1006 1749 1044 vero
1780 992 1985 1045 vicinas
2023 992 2125 1045 sibi
2156 992 2327 1060 impe-

767 1084 831 1135 rii
865 1082 1092 1135 Romani
1121 1083 1368 1151 regiones
1402 1084 1704 1137 innumeris
1730 1082 1977 1138 aﬂecerit
2004 1084 2326 1137 calamitati-

767 1174 888 1233 bus,
937 1175 1049 1242 ipsa
1102 1175 1227 1227 mali
1291 1175 1659 1245 magnitudine
1730 1176 1853 1244 plus
1914 1191 2075 1245 quam
2122 1175 2324 1237 verbis,

765 1266 971 1334 posteri
1001 1267 1171 1320 nostri
1199 1267 1466 1337 cognituri
1496 1274 1645 1320 sunt.

844 1433 1054 1487 XXVII.
1089 1434 1379 1504 Postquam
1400 1446 1578 1490 autem
1604 1439 1983 1509 sanguinarius
2006 1441 2095 1496 ille
2109 1452 2163 1497 et
2180 1458 2329 1499 exse-

765 1526 988 1578 crabilis
1012 1526 1173 1578 homo
1197 1526 1369 1596 longis
1386 1529 1722 1595 temporibus
1750 1530 2107 1587 intolerabilia
2130 1548 2328 1603 perpe-

765 1624 983 1679 trassct,
1011 1633 1133 1671 sero
1160 1619 1374 1672 tandem
1413 1629 1468 1673 et
1501 1621 1584 1673 vix
1613 1622 1934 1692 aegritudine
1959 1631 2330 1695 lconsumptus

765 1708 944 1776 periit.
971 1706 1204 1777 Ejusque
1232 1711 1525 1779 tyrannidis
1550 1720 1600 1764 et
1628 1712 1915 1780 impietatis
1939 1731 2219 1770 successor
2233 1719 2329 1772 de-

764 1800 1129 1869 claraturejus
1146 1817 1309 1872 gener
1330 1818 1393 1856 ex
1418 1803 1542 1866 filia,
1563 1814 1616 1858 et
1632 1807 1993 1861 consobrinus
2008 1824 2224 1877 genere,
2241 1812 2325 1865 cui

766 1908 964 1946 nomen
1000 1892 1399 1965 Chrysocheres
1428 1915 1439 1947 :
1464 1914 1570 1966 quo
1598 1906 1842 1967 tempore
1877 1900 2016 1954 hanc
2048 1901 2325 1957 historiam
2361 1889 2401 1944 Β

766 1984 1157 2046 describentes,
1188 1987 1329 2055 quod
1353 1987 1649 2042 futurorum
1684 1990 1928 2044 notitiam
1982 2008 2080 2047 nec
2131 1994 2331 2047 habea-

767 2092 907 2139 mus,
940 2092 1041 2130 nec
1062 2078 1430 2147 polliceamur,
1451 2081 1585 2133 ultra
1616 2082 1863 2152 progredi
1888 2098 1995 2136 non
2024 2100 2328 2151 possumus.

766 2167 921 2232 Quod
954 2168 995 2222 si
1031 2170 1152 2237 quis
1172 2185 1287 2222 eam
1318 2186 1463 2238 spem
1497 2172 1723 2233 dederit,
1747 2189 1866 2242 quas
1897 2189 1961 2228 ex
2002 2175 2331 2246 benignitate

766 2259 987 2326 pendet,
1017 2275 1243 2329 queque
1279 2260 1497 2315 humani
1527 2264 1740 2331 generis
1773 2273 2019 2319 amantes
2050 2282 2156 2320 non
2200 2267 2333 2323 fallit

767 2364 1025 2417 unquam.
1054 2366 1153 2404 nec
1185 2350 1236 2403 in
1264 2366 1500 2405 errorem
1529 2353 1749 2417 inducit,
1783 2354 2011 2410 fortasse
2038 2372 2145 2410 non
2172 2359 2333 2414 nimis

768 2442 1023 2494 audacter
1046 2441 1330 2507 scribatur,
1351 2458 1458 2495 non
1490 2444 1658 2498 multo
1679 2446 1875 2500 abhinc
1906 2457 2146 2516 tempore
2185 2450 2333 2505 futu-

770 2546 888 2585 rum
910 2547 1048 2593 esse,
1083 2542 1142 2586 ut
1169 2535 1449 2601 apostatici
1486 2536 1644 2605 hujus
1682 2546 1735 2591 et
1760 2537 1910 2609 impii
1939 2550 2113 2596 coetus
2164 2545 2334 2598 auda-

768 2625 873 2685 cia.
904 2624 1151 2695 dogmata
1203 2636 1258 2679 et
1280 2628 1443 2681 robur
1474 2628 1837 2685 dissolvantur
1874 2642 1928 2687 et
1964 2634 2331 2692 destruantur.

769 2716 1036 2769 Caeterum
1068 2717 1155 2772 hic
1184 2717 1341 2781 liber,
1384 2720 1526 2775 unde
1558 2722 1770 2777 initium
1802 2725 2017 2779 duxerit
2044 2743 2216 2789 error,
2248 2744 2335 2783 re-

768 2809 1135 2876 praesentavit.
1161 2825 1259 2863 nec
1281 2827 1385 2863 non
1404 2814 1673 2881 quomodo
1688 2817 1925 2871 secundo
1955 2818 2101 2886 jacto
2128 2821 2336 2875 semine

771 2899 887 2952 hate
949 2899 1063 2968 ipsa
1117 2902 1489 2957 amaritudinis
1548 2906 1696 2959 radix
1756 2910 2001 2963 surculos
2047 2910 2338 2980 impietatis

772 2991 1034 3057 emiserit,
1079 3007 1142 3045 ac
1177 2994 1359 3054 etiam,
1393 2996 1664 3063 quomodo
1688 3013 1864 3066 usque
1915 3000 1981 3054 ad
2017 3001 2227 3055 tertiam
2260 3003 2340 3057 vi.

771 3092 887 3129 cem
912 3077 1114 3130 zizania
1150 3081 1591 3149 repullulaverint
1624 3101 1636 3136 :
1685 3085 1811 3139 item
1849 3103 2096 3157 quamam
2126 3101 2180 3144 et
2209 3101 2341 3161 quot

2435 628 2537 693 Υήν
2587 642 2645 677 τε
2693 627 2787 677 καὶ
2830 624 3197 694 ἀναχώρησιν.
3247 624 3356 687 Οὓς
3384 624 3483 694 μὲν
3528 619 3621 676 οὖν
3685 624 3890 683 ἐκεῖνος
3918 619 4000 674 δι-

2437 720 2666 786 ήνεγκεν
2689 717 2789 769 οὐκ
2822 717 2903 769 ἔτι
2927 716 3276 787 λῃστρικοὺς,
3309 713 3426 768 ἀλλ’
3447 715 3510 765 ἐκ
3539 709 3900 781 παρατάξεώς
3940 728 4002 763 τε

2436 811 2529 861 καὶ
2558 810 2669 870 τοῖς
2717 809 3055 877 Σαρακηνοῐς
3105 806 3550 873 συνταττόμενος.
3605 803 3693 854 Ἑν
3721 796 3801 864 οἷς
3847 817 3907 852 τε
3942 800 4004 853 τὸ

2435 900 2599 953 πλέον
2627 899 2777 968 ἔσχε,
2813 901 2908 953 καὶ
2932 902 2990 951 ἐν
3014 893 3094 961 οἷς
3131 898 3485 967 ἀπηνέγκατο
3517 896 3576 949 τὸ
3613 890 3797 966 ἦττον,
3832 892 4003 959 ἄλλης

2433 991 2494 1043 τέ
2529 993 2677 1043 ἐστιν
2713 990 3047 1053 ὑποθέσεως.
3078 989 3172 1042 καὶ
3208 989 3505 1051 ίδιάζοντος
3534 988 3752 1057 χρόνου.
3784 985 3907 1036 Ὀτι
3946 983 4006 1036 δὲ

2435 1081 2796 1134 παντοδαπῶν
2841 1081 3128 1151 ἐπλήρωσε
3163 1078 3466 1148 συμφορῶν
3501 1080 3599 1141 τὰς
3629 1078 3729 1144 τῆς
3761 1075 4007 1143 Ῥωμαῖ-

2436 1176 2535 1241 κῆς
2568 1173 2742 1244 ἀρχῆς
2788 1170 3199 1241 πλησιαζούσας
3240 1170 3393 1240 αὺτῷ
3421 1169 3626 1239 χώρας,
3676 1168 3737 1220 τὸ
3773 1164 4006 1236 μέγεθος

2436 1264 2659 1335 ἐξαρκεῖ
2693 1264 2786 1316 τοῦ
2819 1264 3027 1326 πάθους
3052 1262 3175 1316 ἀντὶ
3201 1262 3383 1329 λόγου,
3417 1262 3527 1321 τοίς
3572 1258 3689 1329 μεθ’
3721 1259 3867 1326 ἡμᾶς
3902 1272 4006 1307 πα-

2437 1358 2661 1426 ρασχεῖν
2692 1354 3050 1423 ἀνεπίληστον
3074 1353 3184 1423 (83)
3221 1353 3319 1423 τὴν
3343 1352 3567 1420 γνῶσιν.

2506 1450 2639 1502 κη’.
2679 1448 2824 1518 Πλὴν
2871 1446 2988 1500 ἀλλ’
3023 1447 3119 1514 ὅγε
3161 1446 3502 1515 παλαμναῖος
3543 1445 3748 1503 ἐκεῖνος
3793 1440 4008 1510 χρόνοις

2439 1544 2671 1611 μακροῖς
2709 1540 2779 1593 τὰ
2822 1542 3098 1611 ἀνήκεστα
3138 1538 3366 1609 δράσας,
3392 1537 3491 1606 ὀψὲ
3539 1536 3635 1589 καὶ
3684 1535 3837 1605 μόλις
3867 1533 4009 1602 νόσῳ

2435 1634 2527 1683 τὸν
2562 1632 2675 1701 βίον
2722 1629 3088 1700 κατέστρεψε,
3130 1629 3228 1681 καὶ
3273 1628 3377 1695 τῆς
3433 1628 3643 1680 ἐκείνου
3693 1624 4010 1693 τυραννίδος

2437 1724 2529 1775 καὶ
2573 1722 2672 1788 τῆς
2712 1722 2966 1784 ἀσεϋείας
2997 1721 3242 1790 διάδοχος
3286 1719 3668 1772 ἀναδείκνυται
3718 1716 3811 1767 ἐπὶ
3860 1715 4011 1767 παιδὶ

2440 1816 2539 1885 μὲν
2567 1814 2835 1884 γαμϐρὸς,
2890 1817 2954 1866 ἐκ
2993 1814 3087 1865 τοῦ
3122 1814 3314 1879 γένους
3344 1811 3401 1864 δέ
3450 1810 3510 1861 τὸ
3552 1808 3771 1876 ἀνεψιὸν
3808 1808 4009 1866 ἕλκων,

2431 1910 2525 1963 καὶ
2568 1909 2628 1962 τὸ
2678 1907 2966 1977 ἐπώνυμον
3015 1905 3367 1977 Χρυσοχέρης
3401 1904 3536 1973 (88).
3573 1902 3710 1957 Καθ’
3740 1901 3838 1964 οὒς
3884 1919 4011 1954 και-

2435 2006 2561 2075 ροὺς
2613 2003 2770 2072 τήνδε
2822 2002 2922 2067 τὴν
2968 2001 3290 2069 συγγραφὴν
3324 2000 3352 2051 ὁ
3386 1998 3542 2064 λόγος
3597 1995 4011 2062 ἀναταξάμενος

2431 2097 2528 2149 τοῦ
2564 2098 2749 2167 πρόσω
2784 2095 2896 2164 (85)
2925 2095 3145 2163 χωρεῖν,
3179 2093 3273 2146 ἆτε
3303 2090 3368 2159 δὴ
3396 2089 3505 2142 τῶν
3556 2089 3857 2158 μελλόντων
3907 2088 4012 2158 τὴν

2432 2190 2634 2255 γνῶσιν
2671 2187 2794 2241 οὔτε
2833 2187 3011 2256 ἔχων,
3058 2184 3183 2237 οὔτε
3240 2182 3711 2250 ἐπαγγειλάμενος
3760 2180 4004 2249 ἀπέστη.

2432 2284 2494 2337 El
2528 2282 2585 2334 δὲ
2644 2282 2738 2333 καὶ
2779 2279 2876 2343 τὰς
2936 2277 3157 2339 ἐλπίδας
3194 2274 3308 2344 δοίη
3337 2293 3452 2338 τις,
3493 2274 3615 2327 ὅσαι
3658 2289 3720 2339 γε
3772 2271 4012 2340 μάλιστα

2433 2374 2512 2433 εἰς
2556 2368 2653 2440 τὴν
2706 2368 2857 2422 θείαν
2911 2367 3048 2420 είσὶν
3107 2366 3395 2435 εὐμένειαν
3420 2363 3729 2435 ὴρτημέναι
3785 2362 4011 2428 καὶτῆς

2432 2461 2525 2515 τοῦ
2563 2462 2755 2530 γένους
2790 2459 2903 2528 (86)
2934 2458 3099 2527 ἐρῶσι
3137 2458 3413 2525 σωτηρίας
3446 2455 3519 2525 μὴ
3563 2454 3834 2525 σφαλεράς
3869 2452 4008 2522 μηδὲ

2431 2553 2668 2616 πλάνους
2699 2547 2873 2614 εἶναι,
2907 2551 3051 2619 τάχα
3104 2547 3170 2601 ἀν
3202 2548 3261 2600 οὐ
3307 2547 3676 2600 νεανιεύσαιτο
3732 2546 3765 2615 ή
3819 2543 4009 2613 γραφὴ

2434 2649 2534 2700 οὐκ
2608 2647 2690 2708 είς
2758 2645 3002 2716 μακροὺς
3064 2640 3511 2712 προαγορεύουσα
3564 2639 3673 2708 (87)
3737 2636 3964 2706 χρόνους
3991 2673 4008 2692 .

2438 2737 2629 2809 ῥυῆναί
2661 2754 2721 2789 τε
2786 2739 2879 2788 καὶ
2909 2734 3272 2803 διαφθαρῆναι
3319 2730 3412 2783 τοῦ
3461 2727 3827 2783 ἀποστατικοῦ
3881 2729 4011 2778 τού-

2435 2848 2530 2883 του
2590 2830 2687 2883 xui.
2750 2828 2912 2882 ἀθέου
2998 2824 3398 2895 πληρώματος,
3468 2823 3562 2875 καὶ
3618 2821 3677 2874 τὸ
3743 2818 4015 2890 φρύαγμα

2437 2925 2531 2978 καὶ
2580 2923 2650 2975 τὰ
2693 2922 2934 2990 δόγματα
2973 2921 3066 2972 καὶ
3096 2919 3194 2986 τὴν
3242 2916 3417 2986 ἰσχύν.
3472 2914 3633 2967 Ἀλλά
3678 2913 3788 2982 γὰρ
3834 2913 3863 2962 ὁ
3912 2912 4017 2979 μὲν

2439 3015 2631 3087 παρὼν
2675 3014 2832 3081 λόγος
2879 3012 3001 3065 ὅθεν
3054 3028 3113 3063 τε
3147 3011 3245 3073 τάς
3299 3006 3523 3079 πρώτας
3574 3005 3749 3076 ἀρχάς
3793 2998 3936 3071 εἶχεν
3980 3003 4013 3070 ἡ

2440 3109 2645 3177 πλάνη,
2677 3107 2772 3157 καὶ
2809 3107 2955 3167 ὅπως
2991 3104 3251 3173 δευτέρας
3288 3100 3593 3166 ἐπισπορᾶς
3620 3097 3757 3167 αὐτὴ
3789 3097 3889 3165 τῆς
3920 3112 4014 3146 πι-

771 3166 976 3220 fuerint
1004 3167 1321 3223 defectionis
1359 3171 1639 3235 licclcsite.
1674 3184 1732 3229 ut
1763 3180 2047 3242 vocabant,
2074 3181 2163 3249 qui
2224 3200 2339 3236 ma-
2368 3220 2410 3277 ο

2368 3220 2410 3277 C
2443 3166 2779 3271 κρίαςνρίζα
2821 3197 3082 3265 βλαστοὺς
3128 3166 3364 3248 ἀνέδωκε
3394 3192 3493 3260 τῆς
3534 3188 3866 3277 θεομαχίας,
3918 3188 4016 3238 καὶ

773 3258 948 3326 gistri,
982 3262 1323 3328 etquomodo
1356 3263 1426 3315 illi
1476 3279 1654 3318 sacras
1684 3283 1843 3322 voces
1894 3271 2338 3339 adulteraverint,

774 3360 1099 3429 qnibusnam
1158 3361 1351 3416 iterum
1410 3367 1588 3418 verbis
1649 3381 1801 3423 suam
1860 3370 1961 3441 ipsi
2017 3376 2343 3430 sententiam

776 3452 1124 3515 obumbrent,
1154 3464 1210 3507 et
1249 3455 1350 3508 alia
1408 3458 1596 3523 multa,
1636 3475 1755 3528 qua:
1801 3472 2084 3531 postquam
2142 3469 2341 3522 cursim

777 3542 1002 3596 historia
1063 3547 1371 3610 enarravit;
1418 3549 1483 3600 ad
1539 3552 1837 3604 secundum
1895 3553 2087 3607 librum
2115 3558 2341 3612 remittit

777 3644 891 3686 tum
921 3635 1208 3703 impiorum
1240 3638 1549 3707 dogmatum
1587 3641 1986 3709 refutationem,
2019 3661 2206 3700 eorum
2232 3665 2343 3701 ma-

777 3726 941 3788 xime,
972 3743 1090 3796 qua:
1131 3730 1392 3783 hactenus
1423 3732 1641 3800 depulsa
1673 3750 1780 3787 non
1815 3735 1985 3799 fuere,
2016 3746 2150 3803 tum,
2175 3741 2217 3794 si
2240 3756 2343 3809 qua

778 3817 903 3879 alia,
938 3834 1058 3887 quae
1084 3819 1189 3873 dici
1209 3823 1465 3889 oportuit.
1488 3826 1893 3892 praetermiserit
1922 3846 1934 3881 :
1984 3828 2028 3882 si
2068 3840 2244 3885 tamen
2265 3834 2348 3887 di-

779 3907 903 3959 vina
936 3907 1104 3976 gratia
1151 3910 1380 3979 negotiis
1421 3911 1616 3967 obruto
1674 3913 1937 3985 Scriptori
1993 3920 2234 3988 requiem
2289 3931 2345 3975 et

779 4000 1113 4053 vacationem
1144 4004 1492 4057 concesserit.

2443 3259 2518 3351 ei";
2557 3259 2841 3359 κάὶιμέχρι
2886 3288 3073 3356 τρίτης
3109 3284 3359 3353 ’προῆλθε
3412 3259 3680 3353 προϐολῆς
3733 3259 4013 3343 ζιζὶνίων⁸

2443 3383 2586 3443 τίνες
2630 3381 2687 3431 δέ
2735 3382 2831 3441 τῆς
2862 3377 3198 3438 ἀποστασίας
3237 3376 3293 3428 αἱ
3334 3373 3664 3443 καλούμεναι
3692 3368 4018 3437 Ἐκκλησίαι

2445 3475 2538 3527 καὶ
2564 3474 2748 3532 πόσαι.
2777 3472 2869 3523 καὶ
2897 3471 3048 3531 τίνας
3082 3470 3205 3537 ἔσχε
3235 3466 3617 3529 διδασκάλους,
3653 3465 3799 3525 ὅπως
3821 3478 3878 3513 τε
3914 3461 4019 3523 τὰς

2447 3566 2595 3633 ἱερὰς
2649 3560 3166 3629 κατακιϐδηλεύουσι
3217 3558 3434 3626 φωνὰς,
3481 3558 3573 3610 καὶ
3614 3548 3694 3616 οἷς
3736 3552 3915 3605 αὐτῶν
3954 3550 4021 3603 τὸ

2445 3654 2703 3716 δυσσεϐὲς
2735 3652 3111 3716 ἐπισκιάζουσι
3142 3650 3425 3719 φρόνημα,
3466 3649 3561 3701 καὶ
3592 3648 3692 3700 ὅσα
3723 3645 3860 3698 ἀλλα
3892 3642 4019 3695 κατ’

2450 3745 2747 3817 ἐπιδρομὴν
2772 3749 2805 3815 ἡ
2834 3743 3043 3813 ἱστορία
3070 3742 3442 3809 διεπεράνατο.
3492 3739 3663 3794 ταῦτα
3685 3734 3907 3789 διελθὼν
3936 3734 4017 3795 είς

2452 3837 2543 3890 τὸν
2568 3836 2818 3904 δεύτερον
2859 3834 3165 3887 ἀνατίθεται
3197 3832 3354 3899 λόγον
3381 3832 3477 3893 τάς
3506 3846 3565 3883 τε
3606 3828 3724 3880 κατ’
3750 3825 3878 3885 ἔπος
3901 3822 4016 3887 (88)

2450 3928 2557 3981 τῶν
2582 3927 2858 3981 δυσσεϐὦν
2888 3925 3237 3991 δοξασμάτων
3278 3921 3584 3977 ἀνασκευὼε
3605 3960 3620 3982 ,
3656 3919 3755 3971 ὅσα
3782 3914 4019 3985 μάλιστα

2460 4019 2535 4088 μὴ
2583 4018 2743 4088 μέχρι
2791 4015 2883 4069 νῦν
2911 4016 3002 4069 τὸν
3043 4015 3261 4084 ἔλεγχον
3312 4014 3533 4081 ὑπέσχε,
3561 4010 3674 4072 καὶ,
3709 4023 3755 4059 ει
3790 4022 3844 4057 τι
3890 4002 4020 4056 ἄλλο

784 4093 1015 4165 ρηθῆν²ι
1056 4096 1192 4159 δέον,
1237 4098 1506 4169 παρῆκενν
1546 4100 1613 4153 ἂν
1655 4102 1761 4171 ἄρα
1798 4103 1887 4156 τδν
1932 4106 2210 4175 γράφοντα
2250 4111 2349 4176 τῆς
2386 4113 2589 4183 πολλῆς
2618 4112 2846 4183 συνοχῆς
2876 4110 3077 4182 ἀνοχὴν
3118 4110 3153 4180 ἠ
3192 4106 3569 4177 φιλάνθρωπος
3640 4102 3768 4155 ίδεῖν
3832 4113 4020 4167 παρα·-

784 4187 1040 4240 σκευάσει
1072 4189 1165 4241 καὶ
1195 4190 1312 4242 θεία
1337 4190 1610 4258 εὐμένεια.

1832 4336 2069 4394 VARUE
2114 4339 2500 4397 LECTIONES
2544 4338 2632 4394 E-T
2672 4335 2900 4393 NOTAE.

859 4506 968 4584 (35)
995 4577 1008 4584 ,
1032 4509 1481 4584 Ἀνεπί-Ξησζοκ.
1523 4507 1598 4584 ita
1627 4512 1840 4584 scripsi
1891 4528 1958 4568 ex
2002 4524 2191 4569 nostro
2240 4530 2338 4583 pro
2371 4521 2414 4575 D
2439 4530 2544 4584 que
2583 4515 2723 4569 hanc
2758 4522 2890 4583 puto
2934 4526 3057 4567 esse
3096 4518 3330 4584 mentem
3365 4505 3541 4584 Photii
3598 4520 3677 4584 e_x_
3707 4512 3899 4584 nostra
3941 4504 4022 4559 Ie-

783 4577 1189 4651 ἀνεπέπληστον
1234 4578 1577 4633 Coisliniani.
1626 4577 1853 4637 Phot'ius
1882 4585 2090 4639 scilicet
2138 4577 2338 4651 innuit,

788 4646 983 4699 horum
1034 4647 1315 4702 hominum
1356 4650 1572 4704 fraudes
1608 4659 1711 4703 tant
1752 4653 1911 4724 longe
1941 4655 2155 4722 lateque
2190 4646 2344 4724 gras;

787 4725 932 4793 satas
979 4732 1133 4793 esse,
1176 4728 1253 4793 ut_
1287 4733 1473 4793 eorum
1540 4722 1865 4793 memoriam
1909 4724 2049 4790 apud
2100 4722 2346 4793 posteros

788 4786 935 4862 nulla
972 4786 1173 4862 oblivio
1223 4788 1467 4843 deletura
1511 4791 1615 4862 sit;
1641 4794 1767 4843 'nec
1797 4786 1981 4847 verbis
2028 4786 2166 4862 opus
2203 4808 2345 4857 esse,

790 4855 883 4929 sed
916 4871 1044 4929 rem
1076 4858 1267 4929 ipsam.
1301 4867 1374 4919 et.
1406 4875 1525 4927 qua:
1568 4860 1694 4913 hinc
1722 4871 2013 4917 consecuta
2040 4855 2179 4929 sint,
2209 4855 2346 4918 mala

790 4924 981 4992 inspici
1016 4925 1234 4982 debere.

1007 4996 1408 5072 Χρυσρχέρης.
1445 4999 1636 5057 Noster
1666 5002 2044 5072 Χρυσοχάρης,
2092 5001 2351 5058 Cedrenus

862 5017 971 5058 tm)
1007 5017 1408 5067 Λρυσοχερης.
1446 5017 1636 5057 noster
1666 5017 1707 5055 λ
1752 5018 2044 5072 υσοχαρης,
2092 5017 2351 5058 ωανεηιιε

789 5082 845 5135 p.
875 5064 1333 5188 Παίχρυσόχειρ,
1365 5070 1555 5126 Petrus
1585 5017 1797 5125 Sicuqu
1825 5072 2061 5141 denique
2089 5072 2352 5152 χρυσοχέ-

794 5152 898 5188 mc.
936 5149 1004 5188 tm
1110 5140 1252 5188 ltlem
1285 5147 1368 5188 est
1392 5156 1513 5188 cum
1543 5143 1911 5188 vouaovéan:-
1950 5157 2047 5188 line
2093 5157 2190 5188 nisi
2226 5157 2352 5188 nro-

794 5152 898 5204 ρις,
935 5136 1079 5211 quod
1110 5136 1513 5211 itlem_estcnm
1543 5143 1911 5211 χρυσοχέρης,
1949 5136 2047 5196 nec
2090 5136 2191 5194 nisi
2226 5136 2353 5210 pro-

790 5205 1133 5259 nuntiatione
1180 5208 1339 5260 unius
1381 5205 1809 5266 litterai'diife'rt'.
1837 5205 1938 5265 'De
1988 5212 2127 5265 bello
2168 5205 2355 5265 contra

790 5275 935 5328 hunc
969 5284 1119 5345 gesto
1149 5276 1352 5345 legatur
1371 5277 1646 5334 Cedrenus
1671 5281 1884 5335 ibidem.

862 5342 989 5417 (85f
1022 5342 1137 5417 Τοῦ
1174 5342 1397 5412 θὶρόσω.
1434 5349 1623 5404 Noster
1654 5351 1745 5401 τὸν
1790 5352 2011 5417 πρόσω,
2058 5351 2315 5405 mendose
2339 5365 2375 5413 ς,

792 5415 1135 5489 referendum
1160 5419 1303 5489 enim
1330 5426 1411 5489 est
1440 5420 1504 5489 ad
1541 5435 1772 5489 sequens
1791 5415 2019 5489 ἀπέστη.

866 5485 973 5552 (86)
1016 5484 1274 5559 Καὶ-τῆς
1302 5487 1411 5559 τοῦ
1439 5484 1669 5555 τένουξ.
1708 5489 1784 5544 Ita
1823 5484 2013 5559 scripsi
2040 5505 2104 5543 ex
2122 5498 2355 5559 nostro,

792 5571 892 5626 pro
916 5570 979 5606 eo
1006 5553 1152 5623 quod
1188 5556 1342 5626 habet
1373 5553 1736 5613 Co'islinia’nus
1760 5578 1771 5612 :
1799 5561 1907 5611 Kal.
1932 5553 2028 5626 τῆς
2050 5558 2143 5610 τοῦ
2170 5560 2357 5625 γένους

794 5624 961 5697 ξρῷσι
1008 5625 1281 5697 σωτηρίας
1324 5628 1395 5694 μὴ
1450 5630 1723 5697 σφαλερᾶς
1760 5630 1891 5697 μηδέ
1936 5624 2144 5695 πλάνης
2184 5624 2353 5681 εἶναι.

797 5696 873 5748 lbi
925 5709 1082 5766 voces
1138 5695 1411 5766 σφαλεράς
1452 5708 1508 5751 et
1554 5695 1771 5766 πλάνης
1806 5698 1991 5752 referri
2043 5699 2240 5752 debent
2292 5698 2356 5751 ad

801 5764 1072 5836 σωτηρίας
1093 5803 1106 5823 ,
1134 5765 1275 5833 quod
1310 5764 1485 5821 tamen
1514 5767 1625 5821 fieri
1655 5764 1756 5821 non
1786 5778 1983 5836 potest.
2014 5770 2128 5821 sine
2165 5782 2358 5821 sensus

802 5834 1113 5905 prerlltlltJltl
1175 5850 1272 5889 nec
1302 5836 1351 5889 in
1382 5839 1626 5892 versione
1661 5834 1847 5892 Latina
1888 5839 2085 5892 factum
2118 5848 2218 5893 cst.
2254 5837 2356 5891 Ita-

2443 4576 2645 4644 etione.
2674 4576 2978 4655 secundum
3002 4578 3464 4655 quam‘agoahpd;
3491 4587 3546 4631 et
3580 4576 3813 4655 πλάνους
3834 4576 3903 4655 ad
3926 4589 4024 4628 vo—

2447 4670 2564 4709 cem
2595 4653 2808 4726 ἐλπίδες
2844 4648 3082 4726 pertinet
3104 4650 3323 4726 :_Spem,
3348 4648 3524 4702 divina
3552 4648 3726 4726 gratia
3755 4648 4019 4726 inuisam,

2447 4741 2547 4777 non
2579 4725 2744 4777 solere
2775 4716 2958 4792 fallere
2989 4730 3081 4772 aut
3116 4716 3442 4792 in_'_errorer§_
3476 4716 3715 4792 seducere
3748 4716 3981 4792 homines
4002 4752 4019 4774 ,

2448 4795 2512 4846 de
2532 4795 2702 4847 salute
2740 4785 2835 4845 sita
2861 4793 3059 4845 sincere
3085 4789 3355 4843 sollicitos.
3391 4787 3479 4841 Sic
3518 4786 3697 4840 omnia
3722 4785 4019 4837 cohaerent.

2450 4865 2715 4917 Caeterum
2757 4863 2901 4933 quod
2942 4876 3045 4913 vox
3081 4862 3241 4933 vivo;
3275 4857 3597 4933 simpliciter
3646 4856 3823 4933 pos_ita_
3854 4868 4025 4933 genus

2452 4934 2739 4985 humanum
2766 4923 3021 4992 denotet,
3067 4923 3533 4983 tralatitium'est.
3572 4932 3627 4978 et
3670 4924 3753 4977 vel
3806 4923 4025 4977 Libanii

2452 5002 2698 5070 exemplo
2727 5010 2871 5054 tomo
2901 5000 2921 5053 ι
2952 4997 3090 5068 Opp.
3121 5014 3176 5067 p.
3212 4996 3310 5070 l_8‘2
3331 5036 3343 5057 ,
3371 5003 3599 5070 constat.

2528 5063 2640 5139 (87')
2680 5063 3192 5139 Upoaropsdovda.
3238 5066 3310 5118 Ita
3360 5068 3502 5119 malo
3534 5079 3669 5139 cum_
3709 5073 3909 5139 nostro
3943 5063 4025 5117 le-

2456 5131 2601 5209 gere,
2624 5131 2789 5208 quam
2818 5131 2955 5209 cum
2971 5137 3307 5209 Coisliniano
3334 5133 3834 5209 προσαγορεύουσα.
3865 5131 4023 5187 Prc-

2456 5204 2626 5263 Etirere
2644 5204 2789 5263 enim
2813 5210 2899 5263 hic
2931 5207 3155 5262 Photius
3188 5206 3364 5259 futura
3396 5204 3737 5258 instituebat.

2529 5280 2639 5345 (88)
2682 5280 2888 5343 "Barac.
2930 5278 3003 5331 Ita
3030 5286 3194 5338 recte,
3227 5290 3325 5344 pro
3350 5289 3457 5343 quo
3486 5283 3667 5345 noster
3690 5271 3856 5326 habet
3878 5271 4021 5345 ξτοςς

2458 5349 2511 5402 id
2540 5342 2645 5408 est,
2678 5342 2853 5401 annus
2878 5348 3154 5406 mendose.
3179 5342 3299 5397 cum
3326 5342 3414 5397 hic
3450 5358 3556 5396 non
3601 5342 3668 5396 de
3698 5342 4025 5395 recensione

2459 5434 2637 5472 sermo
2658 5419 2745 5483 sit,
2769 5417 3055 5491 Annalium
3084 5432 3231 5491 more
3252 5417 3413 5491 facta.
3440 5413 3534 5466 sed
3560 5413 3627 5491 de
3650 5411 4027 5491 confutatione

2459 5504 2705 5542 errorum
2733 5480 2939 5556 'scripto
2983 5486 3248 5540 instituta.
3278 5483 3545 5537 Caeterum
3586 5480 3777 5556 Petrus
3793 5480 4026 5556 _S_iculus

2460 5557 2748 5627 Historiam
2778 5549 3184 5610 Mduichcorum
3212 5568 3366 5627 aeque
3393 5568 3456 5607 ac
3486 5560 3670 5627 noster
3695 5552 3763 5605 ad
3786 5549 4026 5627 Chryso-

2460 5626 2647 5680 cherin
2684 5627 2956 5695 perduxit.
2989 5634 3063 5689 et,
3107 5642 3225 5695 quae
3261 5622 3369 5695 huc
3416 5622 3707 5695 pertinent_.
3752 5637 3783 5674 a
3819 5622 4025 5689 seipse,

2461 5697 2621 5767 regiis
2648 5692 3069 5771 auspic_iis___illuc
3106 5692 3293 5753 misso.
3326 5694 3437 5745 visa
3464 5707 3586 5746 esse
3613 5692 3895 5771 refer-hac
3920 5704 4028 5745 ca:-

2464 5760 2573 5820 tefa
2606 5760 2871 5822 secuturis
2898 5766 3049 5821 libris
3074 5773 3486 5835 persecuturum
3515 5778 3573 5817 se
3606 5760 3917 5831 pollicetur.
