4222 6432
222 410 292 476 85
1333 422 1626 482 CONTRA
1659 419 2117 481 MANICHIEOS
2158 417 2387 479 LIBER
2426 420 2473 478 ι.
3394 420 3460 484 se

844 527 1061 581 ΛΟΓΟΣ
1102 529 1176 582 B’.
1822 533 1869 587 Α

1822 533 1869 587 Α
2524 526 2752 581 SERMO
2790 528 2852 580 ll.

430 617 693 683 Ἀπτρίαι
720 618 816 670 καὶ
844 620 1056 682 λύσεις
1089 618 1209 672 τῶν
1240 623 1599 689 Μανιχαίωγ.

1514 640 1599 674 ογ.
2178 623 2345 675 Dubia
2381 632 2429 674 et
2458 622 2739 673 solutiones
2758 622 3181 673 Manicha’ornm.

293 709 370 758 A'.
415 708 477 759 ΕΞ
507 708 536 758 6
577 709 804 774 Ἀγαθὸς
838 710 935 778 μὲν
971 711 1069 779 τὴν
1091 711 1267 782 ψυχὴν
1302 712 1655 784 δημιουργεῖ,
1684 716 1711 767 6
1738 714 1793 767 δὲ

1970 715 2007 766 Ι.
2034 712 2087 766 Si
2126 714 2307 767 Bonus
2337 712 2521 782 (Deus)
2547 715 2777 765 animam
2820 712 3035 781 quidem
3078 712 3294 778 format,
3351 714 3462 767 Ma-

223 799 460 867 πονηρὸς
487 800 549 851 τὸ
588 801 745 869 σῶμα
767 842 780 861 ,
816 801 932 863 πῶς
963 802 1224 872 ἠνέσχετο
1263 804 1291 855 6
1338 805 1564 871 Ἀγαθὸς
1589 807 1795 876 ἑνωθῆ-

1897 806 1980 858 lus
1997 822 2123 858 vero
2141 821 2360 873 corpus,
2383 805 2653 872 quomodo
2679 804 2784 856 Bon
2796 820 2855 857 us
2882 804 2968 857 ille
2991 814 3289 858 creaturam
3312 822 3463 860 suam

220 908 307 941 ναι
330 892 392 941 τὸ
418 892 642 958 πλάσμα
671 891 836 943 αὑτοῦ
860 893 935 961 τῷ
959 893 1235 961 πλάσματι
1263 895 1372 961 (89)
1392 896 1485 948 τοῦ
1517 897 1792 967 Πονηροῦς

1897 914 2017 950 eum
2047 907 2294 950 creatura
2350 896 2466 948 Mali
2510 896 2665 949 istius
2699 896 2951 966 conjungi
2988 911 3176 965 passus
3204 897 3322 951 est?
3358 900 3464 951 imo

221 982 339 1043 πῶς
374 983 430 1034 δὲ
466 985 558 1034 καὶ
594 984 852 1051 ὑπέμεινε
875 987 972 1054 τὴν
996 987 1189 1038 ἕνωσιν
1213 988 1240 1037 6
1273 988 1543 1057 Πονηρόςς
1591 990 1654 1041 Ἠ
1687 990 1794 1059 γὰρ

1896 987 1988 1053 qui
2043 986 2484 1053 conjunctionem
2538 983 2781 1036 eamdem
2848 983 3017 1036 Malus
3069 985 3316 1038 admisit?
3372 997 3465 1039 aut

222 1071 416 1132 ’ἐνωςις
459 1073 490 1143 ἢ
540 1074 932 1142 ἀγαθοποιήσει
976 1076 1037 1128 τὸ
1077 1076 1235 1144 σῶμα
1260 1117 1273 1139 ,
1308 1078 1443 1145 ὅπερ
1486 1079 1543 1129 οὐ
1572 1080 1677 1149 χρὴ
1706 1079 1796 1131 τὸν

1899 1078 2040 1130 enim
2082 1076 2404 1144 compositio
2440 1075 2526 1126 illa
2562 1074 2759 1125 honum
2810 1072 3005 1125 cflicict
3058 1089 3274 1141 corpus,
3323 1076 3463 1141 quod

234 1165 465 1230 Ἀγαθὸν
492 1166 582 1216 τοῦ
605 1166 789 1218 Κακοῦ
812 1169 872 1219 τὸ
888 1168 1432 1236 ἔργονξὰγαθοποιεῖν·
1453 1171 1484 1237 ἢ
1502 1174 1796 1241 κακοποιή-
1897 1196 1901 1213 ε

1897 1179 2044 1223 certe
2070 1185 2172 1220 non
2192 1168 2460 1225 convenit.
2481 1166 2602 1233 quia
2634 1166 2709 1217 sic
2735 1164 2940 1217 Bonum
2972 1164 3090 1217 Mali
3121 1165 3270 1232 operi
3302 1166 3467 1231 prod-

225 1271 308 1304 σει
334 1256 432 1323 τὴν
457 1257 653 1325 ψυχὴν,
680 1259 816 1326 ὅπερ
858 1260 991 1311 πολὺ
1038 1260 1399 1329 ἀτοπώτερον,
1434 1264 1697 1331 ἡττᾶσθαι
1737 1265 1797 1316 τὸ

1897 1270 2039 1313 essat
2074 1279 2084 1311 :
2119 1270 2211 1312 aut
2267 1259 2457 1311 malam
2484 1258 2676 1309 ellicict
2714 1258 2969 1320 animam,
3026 1256 3080 1309 id
3138 1258 3279 1325 quod
3310 1258 3468 1327 longe

222 1346 612 1416 δημιούργημα
639 1350 733 1400 τοῦ
769 1350 905 1402 Θεοῦ
939 1352 1043 1403 ὑπὸ
1070 1350 1167 1401 τοῦ
1202 1353 1524 1422 πλάσματος
1563 1355 1657 1406 τοῦ
1694 1356 1797 1407 Πο-

1898 1351 2037 1404 foret
2065 1351 2374 1408 absurdius.
2418 1349 2539 1416 quia
2583 1350 2683 1401 hoc
2738 1348 2899 1400 modo
2930 1348 3206 1416 opificium
3255 1350 3348 1402 Dei
3400 1352 3468 1401 ah

223 1455 286 1506 νη
298 1438 414 1507 poi.
437 1441 586 1491 Διατί
614 1441 672 1492 δὲ
708 1443 801 1492 καὶ
834 1442 1095 1512 ἠνέσχετο
1113 1446 1141 1496 6
1167 1445 1369 1511 ἀγαθὸς
1396 1445 1526 1507 Θεὸς
1549 1448 1610 1499 τὸ
1638 1447 1797 1518 ἔργον

1898 1456 2062 1510 opere
2095 1440 2217 1493 mali
2254 1449 2622 1508 superaretur.
2657 1437 2789 1501 Qua:
2821 1454 2949 1491 vero
2998 1454 3162 1491 causa
3220 1438 3341 1499 fuit,
3371 1455 3468 1492 cur

223 1530 391 1582 αὐτοῦ
429 1532 692 1601 ὲνωθῆναι
723 1533 799 1600 τῷ
834 1533 981 1603 ἔργῳ
1023 1535 1118 1587 τοῦ
1155 1536 1430 1604 Πονηροῦ,
1474 1538 1569 1590 καὶ
1614 1556 1795 1591 κακω-

1900 1532 2042 1587 Deus
2071 1533 2245 1585 bonus
2272 1548 2409 1600 opus
2452 1547 2607 1583 suum
2658 1531 2804 1599 jungi
2838 1540 3113 1599 pateretur
3145 1532 3293 1599 operi
3324 1531 3466 1589 Mali.

225 1622 385 1688 θῆναι
416 1622 506 1673 ὑπ’
537 1624 699 1675 αὑτοῦ
726 1642 740 1688 ;
768 1627 795 1675 6
855 1627 1094 1696 Πονηρὸς
1138 1628 1195 1679 δὲ
1235 1629 1397 1682 πάλιν
1428 1630 1546 1691 πῶς
1587 1631 1793 1700 ὑπέστη

1898 1640 1927 1677 a
1947 1639 2053 1692 quo
2088 1624 2227 1675 malo
2258 1623 2590 1683 inficcretur,
2620 1631 2673 1675 et
2706 1624 2794 1689 qui
2818 1623 3051 1675 vicissim
3075 1624 3340 1676 sustinuit
3368 1624 3470 1674 Ma-

223 1712 592 1777 αγαθύνεσθαι
636 1714 694 1764 τὸ
735 1714 895 1781 ἔργον
929 1717 1092 1768 αὑτοῦ
1122 1716 1256 1786 (90);
1294 1720 1461 1788 χωρὶς
1496 1720 1553 1769 δὲ
1583 1720 1691 1771 τῶν
1719 1722 1795 1771 εε-

1899 1718 2000 1778 lus,
2065 1725 2123 1766 ut
2156 1730 2291 1782 opus
2348 1730 2501 1767 suum
2554 1715 2869 1767 redderetur
2914 1714 3153 1766 bonum?
3202 1713 3465 1767 Praeterea

228 1805 483 1871 ρημὲνων
526 1804 609 1865 τίς
641 1807 924 1874 ἁπήρξατο
952 1807 1053 1876 τῆς
1083 1808 1327 1871 ἑνώσεως
1354 1827 1368 1874 ;
1414 1811 1474 1862 Εἰ
1510 1810 1607 1877 μὲν
1636 1812 1744 1880 γὰρ
1767 1811 1795 1861 6
1828 1867 1868 1880 _‘

1828 1867 1868 1880 _
1901 1823 2029 1861 vero
2056 1807 2176 1874 quis
2205 1807 2416 1858 unionis
2456 1806 2595 1858 illius
2640 1815 2827 1858 auctor
2848 1806 2964 1859 est?
2994 1805 3051 1858 Si
3092 1806 3291 1870 Bonus,
3332 1821 3466 1875 quo-

237 1896 490 1961 Ἀγαθὸς,
518 1898 634 1959 πῶς
674 1898 771 1949 οὐχ
810 1867 1064 1968 ἐκακώθη
1108 1899 1251 1951 κατὰ
1288 1900 1445 1952 τοῦτο
1473 1867 1534 1953 τὸ
1561 1867 1793 1973 πονηρὸν
1828 1867 1870 1923 Β
1900 1917 1904 1952 1

1828 1867 1870 1923 Β
1900 1899 2060 1953 modo
2098 1900 2141 1951 is
2171 1913 2277 1949 non
2310 1899 2480 1951 malus
2496 1898 2722 1951 effectus
2752 1907 2853 1957 est,
2885 1897 3024 1951 malo
3071 1898 3276 1951 scilicet
3303 1914 3468 1967 opere

224 1986 387 2055 ἔργον
436 1987 913 2056 προσλαϐόμενος;
959 1990 1007 2040 εἰ
1052 1988 1108 2040 δὲ
1159 1991 1187 2041 6
1235 1990 1494 2059 Πονηρὸς,
1529 1990 1688 2058 δῆλον
1720 1992 1794 2054 ὡς

1899 2000 2116 2060 recepto
2146 2009 2160 2054 ;
2190 1993 2272 2044 sin
2302 1992 2492 2051 Maius,
2521 1990 2863 2043 manifestum
2899 1999 2982 2043 est
3008 2006 3130 2043 eum
3174 1990 3227 2043 in
3258 2000 3466 2045 tantum

226 2080 321 2129 καὶ
352 2078 514 2139 αὐτὸς
539 2079 818 2149 ἡγαθύνθη
846 2082 984 2131 κατὰ
1009 2081 1181 2143 τοῦτο,
1221 2081 1396 2149 ἔρωτα
1421 2081 1598 2134 λαϐὼν
1638 2082 1796 2151 Ἀγα-

1899 2086 2104 2139 Bonum
2149 2085 2405 2146 evasisse,
2440 2098 2560 2136 cum
2593 2098 2773 2135 amore
2812 2084 2865 2134 in
2901 2083 3101 2136 bonum
3143 2099 3278 2152 opus
3301 2084 3467 2136 ferre-

226 2169 321 2220 θοῦ
349 2171 853 2239 δημιουργήματος,
871 2172 930 2222 τό
946 2189 1004 2223 τε
1040 2172 1267 2238 Ἀγαθὸν
1292 2175 1512 2239 γέγονεν
1544 2175 1660 2242 ἅμα
1689 2176 1795 2227 Πο-

1900 2187 2007 2239 tur,
2037 2178 2177 2230 sicut
2204 2175 2438 2229 vicissim
2479 2174 2685 2226 Bonum
2721 2173 2882 2226 simul
2927 2184 2981 2226 ct
3023 2175 3224 2226 bonum
3266 2184 3321 2227 et
3362 2189 3469 2227 ma-

226 2260 392 2329 νηρόν
421 2277 481 2311 τε
508 2264 600 2311 καὶ
639 2261 884 2327 Ἀγαθὸν.
926 2261 989 2313 Ἠ
1020 2264 1129 2331 γὰρ
1170 2262 1361 2325 ἕνωσις
1389 2264 1488 2333 τὴν
1533 2264 1793 2336 ἐκατέρου

1898 2271 2008 2323 lum
2042 2269 2240 2322 factum
2267 2267 2521 2335 oportuit.
2553 2266 2876 2333 Conjunctio
2903 2266 3044 2317 enim
3078 2266 3165 2318 illa
3190 2268 3469 2334 utriusque

228 2354 391 2420 φύσιν
413 2356 477 2422 τῇ
506 2354 757 2423 κοινωνίᾳ
784 2356 1174 2424 συγχέουσα,τὸ
1191 2374 1250 2409 τε
1273 2358 1468 2410 οἰκεῖον
1490 2358 1798 2429 ἐλωϐήσατο

1899 2371 2147 2416 naturam
2173 2362 2407 2415 miscens
2434 2358 2833 2412 etconfundcns
2863 2357 2935 2420 id,
2976 2359 3121 2426 quod
3172 2359 3337 2412 altera
3371 2359 3469 2411 ha-

227 2448 322 2497 καὶ
351 2447 411 2497 τὸ
436 2448 714 2514 ἀλλότριον
746 2447 1060 2516 ᾠκειώσατο
1083 2465 1097 2479 ’
1129 2449 1272 2502 ὥστε
1297 2453 1390 2503 καὶ
1417 2454 1445 2504 6
1470 2452 1671 2519 ἀγαθὸς
1701 2469 1799 2505 πο-

1900 2456 2061 2509 bcbat
2092 2455 2390 2523 proprium,
2438 2450 2632 2517 injuria
2686 2449 2881 2509 aﬂecit.
2943 2452 3180 2504 alienum
3212 2466 3341 2505 vero
3368 2452 3468 2505 sibi

227 2541 393 2608 νηρόν
416 2557 473 2591 τε
497 2540 610 2609 ἆμα
640 2541 734 2593 καὶ
764 2543 964 2608 ἀγαθὸν
997 2544 1165 2596 ἐποίει
1206 2546 1265 2597 τὸ
1292 2544 1451 2613 ἔργον
1484 2546 1669 2611 αὑτοῦ,
1702 2548 1797 2599 καὶ

1900 2549 2213 2607 vindicavit,
2271 2548 2405 2599 adeo
2463 2556 2521 2599 ut
2585 2545 2836 2600 etBonus
2886 2559 3024 2613 opus
3076 2560 3233 2607 suum
3280 2546 3466 2599 eadem

228 2636 257 2684 ὁ
286 2634 525 2701 Πονηρὸς
560 2636 794 2703 πονηρόν
819 2652 876 2686 τε
899 2636 1015 2704 ἃμα
1047 2638 1138 2688 καὶ
1168 2637 1390 2703 ἀγαθόν.
1424 2632 1498 2691 OB
1530 2638 1580 2690 τί
1614 2638 1679 2691 ἂν
1711 2641 1797 2709 εἴη

1901 2657 2063 2710 opera
2090 2641 2292 2693 bonum
2320 2656 2380 2693 ac
2426 2642 2649 2703 malum,
2682 2640 2850 2692 Malus
2884 2653 3013 2690 vero
3048 2638 3246 2691 malum
3272 2647 3327 2691 ct
3372 2638 3472 2691 bo-

230 2725 647 2794 ἀνοητότερονῆ
687 2726 1064 2795 ἀτοπώτερον;
1095 2727 1252 2781 Οὖτω
1294 2730 1391 2798 μὲν
1415 2724 1525 2789 οὖν,
1566 2731 1614 2781 εἰ
1657 2746 1796 2799 συμ-

1900 2749 2028 2786 num
2056 2732 2309 2795 elliceret,
2347 2749 2453 2801 quo
2504 2734 2635 2786 nihil
2684 2741 2860 2802 potest
2906 2746 3024 2783 esse
3062 2730 3144 2783 vel
3182 2730 3470 2783 absurdius

231 2816 472 2885 προῆλθε
502 2821 567 2887 τῇ
606 2816 713 2868 τῶν
753 2820 929 2886 ἔργων
954 2820 1282 2890 δημιουργίᾳ
1326 2821 1420 2872 καὶ
1451 2823 1483 2889 ἡ
1507 2821 1717 2883 ἓνωσις·
1752 2822 1799 2874 εἰ

1901 2824 1983 2875 vel
2018 2823 2358 2875 insolentius.
2389 2823 2563 2891 Atque
2598 2823 2667 2875 ita
2700 2838 2785 2876 res
2820 2837 2875 2875 se
2913 2822 3136 2875 omnino
3172 2820 3466 2885 habuit,si—

234 2908 278 2959 δ’
305 2904 373 2977 ἦν
407 2908 651 2976 ἀλλήλων
682 2910 810 2961 ποτὲ
835 2912 1214 2981 κεχωρισμένα
1242 2911 1414 2963 ταῦτα
1439 2913 1530 2965 καὶ
1560 2912 1649 2979 ὑφ’
1673 2914 1801 2964 ἑκα-

1901 2914 2282 2983 quidemjnxta
2308 2929 2429 2965 cum
2452 2913 2768 2966 formatione
2793 2928 3013 2982 operum
3048 2913 3259 2965 illorum
3288 2922 3339 2966 et
3357 2913 3468 2981 ipsa

233 2999 394 3067 τέρου
426 3000 665 3052 πλάστου
694 3003 944 3072 προνοίας
971 3020 1028 3053 τε
1053 3005 1146 3055 καὶ
1172 3003 1488 3071 ἐπιμελείας
1520 3004 1580 3055 τὸ
1602 3005 1799 3056 οἰκεῖον

1901 3004 2212 3071 conjunctio
2241 3004 2417 3055 locum
2480 3004 2666 3059 habuit
2699 3023 2710 3056 ε
2744 3004 2886 3072 quod
2921 3004 2964 3056 si
3001 3018 3126 3057 vero
3183 3003 3470 3071 aliquando

233 3092 460 3160 πλάσμα
486 3094 720 3160 ἠξιοῦτο,
762 3094 957 3161 ἀμιγὲς
985 3094 1414 3163 συντηρούμενον
1439 3094 1531 3147 τοῦ
1564 3096 1800 3147 ἀντικει-

1901 3109 1929 3146 a
1966 3110 2023 3147 se
2053 3094 2281 3148 invicem
2309 3096 2549 3162 sejuncta
2585 3096 2671 3148 illa
2692 3095 2863 3157 fuere,
2895 3096 3211 3149 alterutrum
3250 3096 3470 3148 alterius

236 3186 422 3254 μένου,
454 3188 536 3248 τίς
563 3183 629 3257 ἦν
655 3188 813 3249 αὐτὸς
839 3190 867 3238 6
892 3188 1011 3239 τότε
1032 3189 1128 3256 τῆς
1151 3188 1476 3257 διακρίσεως
1506 3188 1795 3258 ).ογισμός;
1825 3212 1866 3269 C
1901 3209 1903 3224 ε

1825 3212 1866 3269 C
1901 3182 2196 3237 conditoris
2222 3199 2404 3236 curam
2433 3200 2494 3238 ac
2518 3184 2912 3252 providentiam
2941 3183 3040 3237 sibi
3071 3184 3342 3252 propriam
3376 3184 3470 3237 ba-

232 3280 328 3331 καὶ
374 3278 541 3330 πόθεν
571 3278 793 3348 ὕστερον
833 3281 911 3341 εἰς
951 3281 1047 3350 τὴν
1087 3281 1187 3349 τῆς
1230 3281 1475 3343 ὲνώσεως
1504 3281 1801 3351 ἠλλοιώθη-

1900 3271 2035 3336 buit,
2063 3282 2117 3326 et
2147 3273 2214 3326 ab
2246 3275 2480 3342 oppositi
2528 3277 2645 3328 lahe
2694 3275 2934 3329 immune
2986 3275 3304 3344 permansit,
3336 3290 3471 3345 quo-

234 3388 334 3423 σαν
358 3388 371 3434 ;
404 3372 473 3422 "H
500 3370 606 3439 γὰρ
631 3372 893 3442 πρότερον
918 3374 1049 3441 πρὸς
1076 3374 1137 3424 τὸ
1165 3374 1362 3424 οἰκεῖον
1400 3374 1675 3441 συμφέρον
1705 3374 1800 3426 καὶ
1900 3381 1901 3417 ἲ

1900 3366 2059 3418 modo
2094 3366 2147 3417 in
2183 3366 2561 3433 cogitationem
2586 3366 2913 3420 discriminis~
2940 3376 3221 3428 venerunt,
3257 3376 3310 3421 et
3335 3382 3472 3436 quo-

233 3462 433 3515 ἑαυτοῦ
468 3466 560 3514 καὶ
587 3464 680 3515 τοῦ
722 3464 1039 3533 πλάσματος
1090 3466 1373 3533 συνετήρει
1404 3466 1664 3535 ἑκάτερος
1703 3466 1800 3517 ἀν·
1899 3504 1900 3508 η

1899 3458 2060 3510 modo
2084 3466 2269 3523 postea
2295 3457 2452 3509 aliam
2486 3459 2552 3510 de
2578 3458 2959 3526 conjunctione
3010 3458 3253 3511 facienda
3285 3474 3474 3512 susce-

234 3557 559 3624 επίμικτον,
598 3557 628 3625 ἢ
680 3556 998 3627 ἀσύμφορον
1026 3557 1299 3627 εὑρόντες,
1334 3558 1802 3627 ἐκεῖθενὲσωφρο-
1900 3568 1901 3574 ‘

1900 3550 2135 3620 perunt?
2162 3550 2267 3602 Aut
2294 3550 2438 3603 enim
2474 3549 2624 3618 prius
2660 3558 2885 3617 uterque
2934 3550 3173 3619 seipsum
3216 3559 3272 3603 et
3334 3566 3472 3619 opus

234 3648 497 3716 νίσθησαν
537 3650 671 3717 πρὸς
703 3650 798 3718 τὴν
833 3650 1043 3701 ἕνωσιν.
1088 3652 1196 3701 Καὶ
1224 3654 1392 3712 πόσας
1418 3651 1579 3705 ἄλλας
1610 3651 1801 3702 δυσσε-

1901 3656 2056 3693 suum
2086 3640 2137 3692 in
2166 3641 2443 3709 proprium
2474 3641 2815 3693 commodum
2850 3641 3225 3694 intaminatum
3252 3657 3471 3695 conser-

236 3740 388 3800 ϐείας
435 3756 495 3790 τε
558 3740 652 3791 καὶ
700 3742 883 3801 ἀνοίας
933 3740 1085 3810 βρύει
1126 3743 1159 3809 ἡ
1208 3742 1396 3810 πρώτη
1455 3741 1551 3810 τῆς
1594 3742 1801 3812 πλάνης
1900 3747 1903 3755 “

1900 3729 2064 3792 vavit,
2097 3739 2209 3793 aut,
2243 3744 2364 3783 cum
2407 3730 2456 3782 id
2516 3729 2617 3782 sibi
2659 3730 2876 3782 noxium
2923 3745 3043 3783 esse
3092 3730 3469 3801 intelligerent.

237 3832 493 3892 ὑπόθεσις
515 3831 657 3883 οὕτω
676 3832 937 3901 θεομάχον
957 3850 1013 3884 τε
1046 3833 1138 3885 καὶ
1167 3833 1406 3902 ἐμμανὲς
1434 3833 1526 3884 καὶ
1552 3833 1800 3901 ἀνόητον,
1902 3837 1904 3874 ἒ

1799 3880 1800 3887 γ
1902 3820 2027 3874 facti
2060 3822 2435 3888 prudentiores
2480 3821 2533 3873 in
2564 3820 2998 3885 conjunctionem
3054 3831 3466 3876 consenserunt.

237 3926 296 3977 τὸ
346 3925 507 3977 ἄλλον
562 3926 657 3995 μὲν
699 3928 794 3994 τῆς
847 3927 1045 3996 ψυχῆς,
1090 3926 1275 3997 ἕτερον
1312 3928 1368 3979 δὲ
1411 3926 1503 3979 τοῦ
1553 3926 1802 3996 σώματος
1903 3916 1904 3929 “

1903 3911 2077 3965 Taceo
2108 3913 2267 3981 impia
2306 3923 2357 3965 et
2380 3913 2609 3966 absurda
2648 3912 2770 3973 alia.
2794 3913 2990 3981 quibus
3011 3914 3243 3981 primum
3272 3915 3473 3967 erroris

236 4018 572 4089 δημιουργὸν
598 4019 980 4090 τερατεύεσθαι
1010 4021 1023 4073 !

1904 4007 2065 4075 hujus
2090 4006 2497 4060 fundamentum
2523 4008 2781 4060 abundat.
2832 4006 2981 4061 Adeo
3014 4007 3123 4061 Deo
3166 4009 3470 4077 oppositum

1905 4099 2191 4166 furoreque
2231 4114 2293 4151 ac
2350 4098 2553 4151 insania
2606 4098 2824 4167 plenum
2882 4106 2983 4158 est,
3041 4099 3204 4152 alium
3255 4100 3470 4168 quidem

1906 4191 2121 4250 anim-.e,
2164 4189 2329 4241 alium
2360 4205 2487 4242 vero
2513 4190 2751 4256 corporis
2792 4188 2992 4258 ﬁngere
3042 4190 3398 4244 conditorem.

309 4284 385 4334 B'.
429 4283 504 4334 Τὸ
535 4282 589 4333 δὲ
620 4282 849 4350 φάσκειν
895 4285 1021 4344 τους
1058 4283 1114 4333 ἐν
1158 4284 1221 4351 τῇ
1279 4280 1455 4353 πλάνῃ
1498 4280 1803 4351 κατεχομὲ-
1975 4329 1976 4332 η

1802 4314 1803 4317 η
1975 4280 2039 4335 ll.
2074 4280 2227 4345 Quod
2253 4296 2381 4333 vero
2420 4280 2515 4343 illi,
2547 4280 2636 4347 qui
2681 4280 2749 4332 ita
2782 4262 2986 4343 errant,
3015 4279 3237 4343 dicunt,
3270 4281 3469 4333 malum

238 4393 360 4436 νους
391 4375 465 4432 ὡς
508 4375 709 4443 ἐνοχλεῖ
743 4375 887 4442 ἡμᾶς
923 4374 1055 4443 πρὸς
1102 4374 1297 4427 κακίαν
1335 4376 1362 4427 6
1396 4373 1669 4443 Πονηρὸς,
1706 4374 1805 4441 τῆς
1904 4388 1905 4391 ‘

1803 4392 1805 4398 λ
1904 4386 2003 4424 nos
2031 4372 2097 4424 ad
2116 4372 2369 4424 malitiam
2405 4371 2752 4439 compellere,
2778 4372 2825 4423 id
2852 4374 3073 4427 omnino
3095 4373 3326 4437 veritati,
3361 4388 3470 4427 non

237 4468 500 4538 ἀληθείας
529 4468 695 4530 ἐστὶν,
749 4466 861 4518 ἀλλ’
902 4466 962 4517 οὐ
1006 4468 1103 4536 τῆς
1144 4465 1348 4535 πλάνης
1387 4466 1521 4529 ὁδός.
1554 4467 1666 4520 Καὶ
1694 4467 1802 4537 γὰρ

1800 4490 1802 4505 ι
1906 4470 2086 4516 autem
2124 4462 2313 4523 errori,
2361 4462 2747 4530 patrocinatur.
2781 4462 2934 4526 Quod
2967 4463 3110 4515 enim
3160 4463 3467 4526 incitamur,

239 4562 333 4614 καὶ
356 4559 491 4612 αὐτὸ
523 4558 678 4611 τοῦτο
705 4558 766 4609 τὸ
800 4562 1222 4628 παρατραπῆναι
1255 4559 1497 4628 μερίζειν
1524 4561 1673 4629 ἡμᾶς
1712 4560 1803 4611 τὸν
1836 4543 1879 4597 Ῑ)

1836 4543 1879 4597 Ῑ)
1911 4563 1968 4607 ιιι
2002 4554 2379 4608 indivisibilem
2414 4563 2469 4607 et
2498 4554 2909 4621 inseparabilem
2938 4552 3031 4607 Dei
3058 4562 3375 4623 potestatem
3410 4569 3473 4607 ac

236 4654 483 4719 ἄτμητον
513 4650 607 4701 καὶ
631 4648 933 4717 ἀδιαίρετον
962 4648 1053 4701 τοῦ
1082 4648 1215 4700 Θεοῦ
1246 4650 1420 4717 ἀρχὴν
1446 4648 1541 4701 καὶ
1561 4648 1809 4712 ἐξουσίαν

1804 4667 1809 4691 ν
1909 4648 2194 4716 imperium
2251 4646 2304 4698 in
2350 4647 2458 4699 duo
2507 4646 2832 4709 dividamus,
2875 4646 2925 4699 id
2959 4646 3174 4713 quidem
3225 4661 3254 4698 a
3285 4646 3471 4699 doloso

237 4748 321 4807 εἰς
352 4745 485 4804 δύο,
535 4744 629 4813 τῆς
669 4742 1053 4812 πολυμηχάνου
1103 4742 1197 4795 καὶ
1249 4744 1484 4812 σφοδρᾶς
1535 4741 1809 4813 ὀχλήσεώς
1895 4800 1903 4806 _

1803 4760 1809 4801 τ
1895 4749 1962 4806 et
1988 4740 2307 4793 vehemente
2364 4739 2596 4808 impulsu
2640 4738 2759 4791 Mali
2815 4738 3197 4807 proficiscitur.
3252 4741 3321 4791 At
3380 4738 3470 4791 ille

238 4840 358 4891 ἐστι
402 4836 495 4889 τοῦ
529 4835 793 4905 Πονηροῦ.
839 4836 984 4904 Πλὴν
1022 4837 1227 4896 ἐκεῖνος
1262 4836 1360 4903 μὲν
1396 4835 1617 4896 δυνατός
1661 4837 1807 4886 ἐστιν

1805 4853 1807 4866 ι
1905 4830 2119 4898 quidem
2147 4838 2355 4881 tentare
2400 4844 2501 4880 nos
2528 4836 2583 4880 et
2614 4828 2872 4896 impetere
2911 4834 3107 4894 potest,
3156 4825 3312 4880 nobis
3341 4842 3472 4881 vero

238 4931 440 4998 ὁχλείν,
475 4930 595 4979 οὐδὲ
651 4930 810 4997 ἡμεῖς
874 4927 931 4980 δὲ
976 4926 1342 4995 ἀδυνατοῦμεν
1387 4926 1805 4996 διακρούσασθαι

1804 4970 1805 4975 η
1908 4922 2241 4975 irritamenta
2270 4921 2386 4988 ejus
2413 4919 2713 4988 propellere
2740 4920 2963 4973 omnino
2996 4920 3137 4972 licct.
3187 4919 3471 4987 Propulsa-

238 5020 338 5087 τὴν
360 5018 581 5087 ὄχλησιν
619 5016 801 5070 αὑτοῦ.
836 5018 1242 5087 Διακρουόμεθα
1270 5017 1324 5069 δὲ
1353 5017 1439 5070 διά
1466 5034 1523 5068 τε
1558 5017 1806 5087 σώματος

1803 5036 1806 5045 ι
1906 5030 2024 5068 mus
2062 5028 2191 5066 vero
2223 5022 2335 5065 tum
2374 5025 2618 5079 corpore,
2649 5020 2761 5063 tum
2810 5012 3009 5063 anima.
3044 5010 3199 5075 Quod
3245 5010 3290 5064 si
3342 5026 3470 5063 vero

240 5111 339 5163 καὶ
386 5110 586 5179 ψυχῆς.
630 5111 787 5161 Ὥστε
832 5114 881 5162 ει
921 5110 981 5162 τὸ
1025 5110 1182 5178 σῶμα
1222 5110 1380 5179 ἡμῶν
1418 5109 1639 5163 δύναται
1693 5112 1809 5165 δια·
1904 5138 1907 5154 ‹

1800 5140 1809 5151 -
1904 5124 2102 5178 corpus
2128 5116 2367 5161 nostrum
2398 5106 2661 5175 impulsus
2687 5106 2803 5174 ejus
2828 5105 3142 5176 propulsare
3166 5106 3306 5159 valet
3323 5143 3337 5169 ,
3362 5104 3467 5161 imo

242 5202 578 5273 κρούσασθαι
627 5203 723 5269 τὴν
773 5201 993 5271 ὄχλησιν
1040 5202 1132 5254 τοῦ
1168 5201 1410 5271 Πονηροῦ
1454 5203 1547 5253 καὶ
1594 5203 1652 5254 οὐ
1692 5204 1809 5255 δια·
1906 5218 1909 5253 :

1801 5232 1809 5243 ι
1906 5216 2011 5254 non
2046 5199 2359 5268 propulsare
2383 5198 2577 5261 solum,
2604 5197 2694 5251 sed
2718 5213 2908 5251 omnes
2936 5213 3150 5267 quoque
3182 5205 3327 5251 artes
3351 5197 3468 5265 ejus

242 5294 580 5365 κρουσασθαι
612 5294 791 5362 μόνον,
813 5293 947 5346 ἀλλὰ
970 5294 1064 5346 καὶ
1086 5293 1410 5347 καταϐαλεῖν
1430 5294 1595 5347 αὐτοῦ
1629 5295 1808 5349 πᾶσαν
1907 5340 1909 5346 λ

1799 5314 1808 5344 ρ
1907 5292 2152 5361 frangere
2181 5290 2450 5353 quomodo
2480 5290 2596 5358 ejus
2618 5290 2867 5345 conditor
2912 5290 3109 5344 fuerit?
3131 5289 3285 5355 Quod
3320 5291 3466 5345 enim

1336 5418 1565 5471 V’AIllZE
1604 5417 1982 5480 LECTIONES
2021 5421 2107 5475 ET
2142 5418 2371 5474 NOTAS.

314 5559 428 5625 (89)
470 5558 740 5625 Πλάσμα.
781 5559 916 5611 Cum
958 5558 1231 5629 hacdvoce
1270 5558 1579 5629 frequenter
1624 5567 1807 5615 utatur
1977 5576 1981 5607 l

1798 5578 1807 5591 '
1977 5560 2087 5629 (90)
2132 5557 2370 5629 Τὰὲργα
2396 5556 2600 5629 αὑτοῦ.
2641 5556 3065 5629 δὶωίίιίἓ-Ιιὶεεμει
3118 5555 3465 5629 forti_ora__a|i_a

244 5624 462 5689 Noster,
488 5624 651 5700 semel
681 5629 954 5681 monuisse
979 5627 1278 5685 suffecerit.
1307 5624 1424 5679 eam
1456 5628 1553 5700 ipsi
1576 5642 1807 5700 semper
1902 5624 2220 5700 argumenta
2236 5626 2551 5700 Manichzeis
2568 5628 2792 5700 opponit
2813 5624 2963 5700 Titus
2979 5625 3298 5700 bostrensis,
3318 5625 3463 5700 Iibzl,

246 5702 323 5753 rei
356 5699 587 5752 conditae
625 5714 718 5751 seu
746 5708 998 5750 creatura:
1031 5700 1248 5768 notione
1272 5697 1540 5768 usurpari.
1575 5699 1647 5768 De
1686 5696 1806 5753 aliis
1902 5696 2042 5767 apud
2078 5701 2158 5753 CI.
2194 5698 2511 5768 Basnagium
2542 5698 2594 5750 in
2630 5696 2948 5749 Lectionibus
2969 5696 3289 5761 Canisianis,
3320 5710 3372 5764 p.
3398 5696 3467 5749 92

246 5771 396 5824 vocis
442 5768 832 5837 significatibus
889 5770 1003 5837 lege
1051 5767 1243 5822 Ezech.
1291 5765 1803 5837 Spanhemium,ad
1903 5765 2014 5839 scq.

243 5840 443 5896 Jaliani
470 5840 777 5901 Orationes,
810 5854 862 5907 p.
897 5840 958 5894 18
990 5848 1040 5893 et
1073 5839 1153 5893 l9.
