4222 6432
787 424 857 484 87
1931 423 2187 482 ΡΗΟΤΙῘ
2232 419 2733 479 ΡΑΤΠΙΛΠΟΠΕ
2774 425 2883 480 (ῙΡ.
3935 422 4004 488 88

786 547 1032 589 creatura
1080 532 1169 586 Dei
1206 540 1530 601 praeceptum
1587 529 1794 585 Domini
1838 533 1920 585 sui
1967 535 2258 604 negligere,
2288 541 2342 584 et
2370 537 2414 592 Α
2448 550 2453 598 Α

2338 572 2342 583 ,
2370 537 2414 592 Λ
2448 534 2714 600 μηχανὴν,
2748 532 2864 593 πῶς
2891 534 3036 586 ἐστιν
3061 535 3262 596 ἐκεῖνος
3297 533 3539 599 πλάστης
3566 534 3768 594 αὐτοῦς
3802 535 3875 587 Τὸ
3907 540 4005 608 μὲν

785 627 853 679 ab
898 625 1118 678 inimico
1169 624 1417 692 opposito
1469 623 1644 691 decipi
1689 623 1888 692 possit,
1944 626 1996 679 id
2040 641 2330 695 argumen-

786 727 900 769 tum
943 724 1026 768 est
1064 714 1270 768 arbitrii
1309 714 1361 766 in
1393 721 1676 782 utramque
1706 725 1909 784 partem
1945 716 2134 779 liberi,
2183 716 2338 784 cujus

783 807 938 860 nobis
993 806 1147 874 c0pia
1189 805 1244 857 in
1275 805 1548 858 creatione
1572 804 1708 858 facta
1738 815 1840 859 est.
1870 806 2065 859 Anima
2103 808 2248 860 enim
2281 807 2340 858 li-

782 897 907 949 bera
940 905 1038 948 est.
1085 894 1151 946 Et
1179 910 1292 946 ecce
1330 896 1575 962 proposui
1621 897 1712 947 tibi
1769 905 1891 949 ante
1917 897 2088 948 oculos
2125 909 2334 950 mortem

779 997 827 1036 et
882 987 1039 1038 vitam
1061 985 1102 1036 ⁸.
1149 982 1265 1036 Jam
1317 999 1446 1036 vero
1488 986 1628 1050 quod
1671 993 1864 1047 totum,
1920 995 2180 1053 quantum
2231 994 2333 1046 est.

782 1077 976 1127 malum
1025 1085 1128 1139 est,
1153 1075 1423 1142 quomodo
1475 1090 1774 1144 repugnare
1809 1076 2072 1144 principio
2116 1091 2214 1129 suo
2245 1091 2337 1143 po—

778 1168 918 1218 test?
949 1166 1227 1229 Quomodo
1265 1167 1430 1228 enim,
1480 1167 1684 1234 judicio
1723 1167 2062 1228 destitutum,
2118 1186 2147 1222 a
2198 1169 2337 1221 malo

777 1258 1044 1310 descivit?
1076 1259 1157 1309 vel
1186 1258 1455 1326 quomodo
1484 1258 1539 1309 in
1574 1258 1775 1311 bonum
1802 1258 2037 1320 deﬂexit,
2067 1272 2119 1313 et
2152 1259 2331 1326 pristi-

779 1362 905 1398 num
941 1347 1227 1415 imperium
1256 1347 1416 1400 vicit?
1464 1346 1646 1415 Itaque
1669 1347 1783 1400 ﬁeri
1815 1364 1922 1401 non
1953 1357 2150 1416 potest,
2190 1358 2245 1402 ut
2271 1349 2336 1402 ad

776 1439 883 1491 duo
931 1440 1174 1507 opposita
1210 1441 1468 1508 principia
1520 1441 1763 1509 corporis
1796 1451 1846 1493 et
1891 1443 2084 1496 anima:
2136 1442 2338 1496 creatio

777 1529 1064 1582 referatur.

849 1701 933 1755 ΙΙΙ.
977 1704 1237 1756 Ρτωιοτρει
1269 1720 1414 1764 vero,
1447 1705 1608 1771 idque
1641 1715 1804 1768 recte,
1834 1715 2085 1769 monent;
2127 1705 2333 1757 hostem

776 1797 830 1845 in
869 1795 1101 1846 animam
1124 1812 1333 1856 eorum,
1389 1799 1477 1863 qui
1510 1812 1568 1847 se
1610 1807 1800 1864 sponte
1831 1797 1928 1863 ipsi
1957 1797 2236 1858 dederent,
2265 1797 2333 1848 ita

2444 621 2552 689 γὰρ
2584 621 2792 690 ποίημα
2817 620 2910 673 τοῦ
2950 621 3085 674 Θεοῦ
3121 622 3338 689 ἐντολῆς
3385 622 3714 690 όλιγωρῆσαι
3745 627 4002 679 Δεσποτιο

2442 714 2565 780 κῆς,
2598 715 2689 765 καὶ
2719 715 2817 781 τῆς
2846 715 3060 783 ἀπάτης
3105 714 3354 781 γενέσθαι
3385 714 3480 765 τοῦ
3519 714 3710 784 ἐχθροῦ
3732 753 3748 778 ,
3781 713 4005 785 γνώμης

2444 807 2560 856 ἐστὶ
2589 805 2688 873 τῆς
2717 805 2803 856 ἐπ’
2841 804 3008 874 ἄμφω
3048 806 3254 874 ῥέπειν,
3295 808 3351 857 ἐν
3389 808 3454 875 τῇ
3490 806 3683 858 πλάσει
3717 806 4006 874 δεδομένης

2444 896 2591 962 ἡμῖν·
2624 894 3085 964 αὑτεξούσιονγὰρ
3112 894 3308 964 ἡψυχὴ
3334 893 3465 964 (9l)'
3495 894 3602 947 Καὶ
3624 895 3752 946 ίδοὺ
3774 896 4006 947 τέθεικα

2443 986 2554 1052 πρὸ
2591 987 2906 1050 προσώπου
2933 1002 3048 1038 σου
3079 987 3186 1039 τὸν
3220 987 3476 1040 θάνατον
3527 985 3624 1037 καί
3675 985 3790 1051 τὴν
3827 983 3999 1051 («cur

2441 1077 2501 1128 16
2532 1077 2587 1128 δὲ
2615 1076 2712 1146 ἤδη
2743 1079 2839 1145 τὴν
2868 1077 3184 1146 ὁλοκληρίαν
3213 1077 3334 1145 ἔχον
3383 1075 3478 1126 τοῦ
3508 1075 3706 1137 κακοῦ,
3740 1076 3854 1137 πῶς
3893 1071 4006 1127 οἷόν

2441 1167 2500 1220 τέ
2532 1169 2678 1219 ἐστιν
2728 1168 3243 1238 καταστρατηγῆσαι
3287 1167 3386 1236 τῆς
3419 1170 3626 1238 ἀρχῆςς
3669 1168 3836 1219 Πόθεν
3892 1169 4003 1234 γὰρ

2443 1258 2622 1325 κρίσιν
2655 1259 2753 1310 οὐκ
2779 1257 2899 1327 ἔχον
2937 1259 3128 1330 ἐξέστη
3162 1259 3253 1312 τοῦ
3299 1261 3574 1329 χείρονος;
3611 1259 3726 1320 πῶς
3759 1259 3814 1310 δὲ
3861 1259 4000 1327 πρὸς

2440 1346 2504 1397 τὸ
2545 1350 2786 1417 κρεῖττον
2849 1348 3060 1409 ἔκλινε,
3116 1349 3212 1401 καὶ
3263 1350 3362 1418 τῆς
3418 1348 3764 1419 προαγούσης
3820 1348 4005 1418 ἰσχύος

2447 1439 2782 1508 ὲκράτησεν;
2808 1440 2967 1491 Ὠστε
2993 1439 3254 1492 ἀδύνατον
3280 1442 3358 1503 εἰς
3387 1439 3768 1507 ἀντικειμένας
3797 1440 4004 1505 ἀναφέ-

2444 1529 2629 1596 ρεσθαι
2683 1531 2858 1599 ἀρχὰς
2904 1529 2999 1582 τοῦ
3054 1529 3303 1599 σώματος
3352 1531 3450 1600 τὴν
3500 1529 3858 1600 δημιουργίαν
3886 1528 3998 1596 (9‘2)

2443 1621 2535 1674 καὶ
2563 1621 2658 1688 τῆς
2687 1621 2887 1689 ψυχῆς.

2513 1712 2584 1765 Γ⁹.
2625 1713 2784 1765 Ἀλλὰ
2803 1713 2910 1783 γὰρ
2941 1712 3021 1765 ἔτι
3049 1714 3181 1782 φασὶ
3219 1712 3397 1774 καλῶς
3430 1729 3493 1779 γε
3522 1713 3817 1779 φάσκοντες
3845 1727 3856 1738 ·
3879 1710 4001 1761 οὐδὲ

2443 1804 2692 1871 γὰρ,οὑδ’
2719 1804 2858 1855 οὕτω
2886 1804 3289 1872 κατεκράτησεν
3314 1803 3435 1856 οὐδὲ
3461 1803 3569 1854 τῶν
3600 1802 3830 1854 ἑκόντων
3864 1818 4000 1866 προ-

773 1897 880 1934 non
922 1897 1039 1935 esse
1069 1883 1419 1945 dominatum,
1482 1893 1538 1935 ut
1576 1884 1811 1937 tenebris
1863 1884 2078 1937 obducti
2131 1884 2336 1937 nullum
2371 1883 2440 1937 Β.

2330 1904 2336 1937 ι
2371 1883 2411 1936 Β
2437 1894 2742 1946 δεδωκότων
2778 1895 3002 1956 ἑαυτοὺς
3027 1895 3122 1963 τῆς
3163 1896 3340 1964 ψυχῆς
3371 1896 3398 1945 6
3424 1893 3632 1961 ἐχθρὸς,
3665 1893 3738 1953 ὡς
3771 1891 3997 1960 μηδαμῆ

772 1986 995 2037 prorsus
1027 1974 1263 2025 veritatis
1302 1974 1506 2025 radium
1528 1975 1633 2026 ullo
1651 1975 1808 2026 modo
1839 1975 2121 2028 admittere
2149 1984 2336 2042 potue-

774 2063 899 2114 rint.
948 2062 1112 2115 Aiunt
1156 2064 1335 2132 itaque
1385 2065 1551 2116 Deum
1596 2065 1795 2116 bomnn
1828 2064 1991 2116 fuisse
2020 2065 2086 2117 ab
2113 2074 2333 2128 :eterno,

771 2165 825 2206 et
859 2169 978 2206 esse
1016 2164 1070 2208 et
1096 2154 1230 2218 fore,
1290 2156 1645 2222 eamdemque
1692 2171 1792 2208 nec
1847 2155 2011 2207 videri
2040 2171 2139 2208 nec
2184 2170 2335 2208 com-

773 2245 1034 2312 prehendi
1068 2259 1244 2312 posse.
1277 2246 1449 2312 Atque
1480 2246 1523 2297 is
1556 2245 1769 2312 quidem
1813 2246 2068 2313 splendor
2095 2257 2178 2300 est
2204 2247 2334 2300 radii

771 2335 1052 2398 Veritatis;
1111 2338 1347 2388 tenebrae
1383 2352 1509 2387 vero
1541 2354 1660 2388 cum
1707 2346 1950 2404 tempore
1981 2352 2198 2407 magnas
2247 2353 2335 2391 ac-

770 2423 1043 2476 cessiones
1097 2433 1266 2476 nacta:
1312 2424 1656 2492 ipsorumque
1689 2425 1980 2478 intellectui
2031 2423 2214 2478 offusa:
2254 2442 2337 2477 ra-

773 2517 972 2570 tionem
1014 2516 1086 2569 ita
1131 2519 1424 2580 obcmcant,
1453 2526 1509 2570 ut
1546 2518 1876 2572 insanientes
1905 2518 2087 2572 dicant
2138 2519 2334 2572 malum

769 2606 1036 2672 prodiisse
1065 2623 1128 2660 ex
1162 2609 1395 2661 tenebris
1437 2622 1491 2661 et
1524 2612 1663 2678 igne,
1716 2610 1769 2662 id
1828 2609 1970 2677 quud
2003 2610 2168 2663 multo
2224 2611 2335 2664 risu

773 2700 855 2752 vel
885 2701 1063 2768 potius
1101 2701 1347 2770 lacrymis
1373 2718 1476 2755 non
1511 2702 1763 2755 sistendis
1788 2703 2005 2772 dignum
2035 2715 2134 2764 est,
2159 2715 2213 2757 et
2239 2721 2336 2774 pro

772 2794 1072 2846 incredibili
1104 2794 1294 2846 animae
1335 2804 1575 2848 monstro
1622 2797 1945 2849 habendum.
2008 2795 2061 2848 Si
2103 2800 2244 2851 enim
2271 2800 2337 2852 ile

773 2883 1009 2934 tenebris
1051 2893 1106 2935 et
1137 2884 1257 2952 igne
1287 2884 1528 2937 sensibili
1577 2885 1708 2953 ipsis
1739 2900 1915 2938 sermo
1949 2895 2050 2947 est,
2095 2896 2148 2940 et
2185 2887 2336 2950 illud,

766 2973 910 3040 quod
935 2974 1056 3026 inde
1081 2985 1264 3027 natum
1290 2983 1391 3038 est,
1427 2990 1523 3043 pro
1555 2975 1796 3028 sensibili
1821 2976 2125 3029 habendum
2155 2977 2335 3030 fuerit.

771 3064 955 3132 Itaque
987 3065 1179 3118 Malum
1200 3066 1524 3134 principium
1565 3067 1818 3119 sensibile
1839 3075 1938 3120 est.
1969 3065 2121 3131 Quod
2147 3067 2188 3121 si
2211 3084 2337 3122 vero

769 3155 1006 3207 tenebraz
1037 3156 1141 3208 illa:
1172 3165 1226 3208 et
1255 3157 1390 3224 ignis
1421 3165 1603 3210 mente
1632 3164 1836 3209 tantum
1865 3157 2065 3226 percipi
2088 3169 2333 3226 possunt.

767 3247 936 3298 multo
963 3246 1130 3315 magis
1153 3246 1416 3314 ejusmodi
1454 3246 1579 3313 quid
1627 3246 1792 3300 fuerit
1832 3247 2046 3311 Malum,
2079 3259 2328 3316 tanquam
2358 3239 2399 3295 Ο

767 3337 910 3404 quod
943 3337 1069 3390 hinc
1109 3338 1407 3406 profectum
1455 3345 1554 3391 est.
1611 3337 1797 3407 Itaque
1848 3338 2080 3393 tenebrat
2137 3339 2241 3394 illa:
2272 3356 2335 3395 ac

768 3428 909 3498 ignis
940 3439 1034 3483 aut
1067 3440 1268 3484 aeterna
1306 3439 1459 3482 erant
1515 3445 1666 3498 mque
1699 3445 1760 3484 ac
1804 3429 1966 3494 Deus,
2011 3440 2104 3484 aut
2150 3442 2334 3501 postea

766 3520 985 3574 demum
1035 3521 1187 3575 orta?
1222 3519 1320 3575 Ubi
1366 3537 1495 3576 vero
1524 3532 1639 3577 erat
1673 3531 1800 3576 tunc
1833 3521 2051 3587 Malum,
2087 3523 2192 3577 illis
2225 3523 2336 3592 jam

767 3613 1195 3667 exsistentibus?
1239 3612 1293 3666 Si
1326 3629 1453 3668 vero
1500 3622 1684 3683 postea
1727 3614 1946 3668 demum
1999 3615 2332 3683 prodierunt,

765 3703 889 3768 quis
918 3702 1004 3756 illa
1032 3703 1086 3754 in
1119 3704 1292 3756 lucem
1341 3703 1634 3768 produxit?
1685 3702 1946 3760 Tenebra:
1989 3705 2156 3769 enim,
2215 3721 2334 3774 qua:

767 3795 975 3848 ratione
998 3803 1205 3850 tantum
1235 3795 1627 3864 intelliguntur,
1646 3795 1712 3850 ab
1741 3796 1894 3850 initio
1924 3797 2054 3850 tales
2089 3797 2330 3861 fuerunt,

767 3899 940 3952 neque
977 3887 1319 3954 permittunt,
1390 3896 1450 3939 ut
1511 3886 1723 3940 illarum
1782 3888 2119 3942 conditorem
2177 3890 2332 3958 culpa

767 3996 958 4033 vacare
979 3981 1287 4035 credamus.
1316 3982 1576 4035 Similiter
1623 3997 1723 4035 nec
1771 3982 1926 4051 ignis,
1981 3982 2074 4050 qui
2129 3982 2334 4036 scilicet

764 4073 945 4125 animo
1001 4081 1208 4127 tantum
1262 4074 1410 4126 cerni
1463 4081 1660 4141 potest,
1715 4081 1903 4125 auctor
1954 4071 2123 4125 fuisse
2159 4073 2332 4139 potuit

2441 1985 2574 2052 πρὸς
2639 1985 2905 2054 μηδεμίαν
2955 1985 3089 2047 ὅλως
3142 1989 3238 2054 τῆς
3303 1984 3557 2055 ἀληθείας
3608 1982 3803 2052 αἴγλην
3875 1986 4000 2044 τοὺς

2438 2076 2856 2145 ὲσκοτισμένους
2916 2076 3356 2146 ἐπιστρέφεσθαι.
3430 2077 3519 2128 Διό
3580 2093 3742 2144 φασιν
3784 2117 3797 2137 ,
3844 2076 3925 2126 ὅτι
3972 2075 4000 2125 6

2438 2167 2637 2233 ἀγαθὸς
2668 2167 2796 2227 Θεὸς
2833 2163 2898 2236 ἦν
2945 2167 3051 2230 ἀεὶ,
3085 2169 3184 2219 καὶ
3222 2166 3360 2230 ἔστι,
3412 2167 3505 2218 καὶ
3547 2165 3695 2217 ἔσται
3737 2165 3869 2231 (93).
3905 2165 4002 2214 καὶ

2436 2259 2518 2310 ὃτι
2547 2259 2772 2328 ἀόρατος
2806 2260 2897 2311 καὶ
2941 2259 3340 2327 ἀκατάληπτος.
3383 2257 3542 2310 Ἀλλὰ
3571 2256 3727 2308 τοῦτο
3787 2257 3882 2324 μὲν
3932 2257 3998 2325 δὴ

2434 2349 2531 2417 τῆς
2557 2349 2768 2411 ἁκτίνός
2803 2349 2916 2401 ἐστι
2957 2349 3056 2418 τῆς
3098 2349 3354 2417 ἀληθείας
3379 2363 3393 2378 ⁶
3466 2347 3543 2416 τῷ
3597 2347 3769 2415 χρόνῳ
3819 2347 3874 2398 δὲ
3939 2348 3998 2396 τὸ

2439 2441 2630 2501 σκότος
2658 2439 2888 2509 δύναμιν
2920 2439 3118 2509 πολλὴν
3171 2440 3334 2493 λαϐὸν
3372 2440 3571 2492 αὐτίκα
3602 2438 3998 2506 καταχεόμενον

2437 2531 2615 2584 αὐτῶν
2671 2535 2768 2598 τῆς
2823 2532 3081 2594 διανοίας,
3146 2533 3332 2599 τυφλοί
3390 2532 3517 2591 τοὺς
3565 2530 3853 2598 λογισμοὺς
3905 2530 4000 2580 καὶ

2450 2624 2737 2689 παρανοεῖν
2762 2623 2854 2673 καὶ
2878 2623 3075 2688 λέγειν,
3103 2622 3175 2684 ὡς
3207 2624 3233 2674 6
3263 2621 3499 2690 Πονηρὸς
3525 2619 3744 2686 γέγονεν
3804 2618 3868 2669 ὲκ
3902 2615 3997 2668 τοῦ

2440 2714 2659 2775 σκότους
2683 2731 2740 2765 τε
2773 2717 2864 2767 καὶ
2908 2714 2999 2766 τοῦ
3056 2715 3248 2782 πυρὸς,
3296 2713 3323 2766 ὃ
3358 2711 3551 2765 πολλοῦ
3584 2710 3815 2778 γέλωτός
3850 2711 4000 2760 ἐστιν

2438 2805 2603 2870 ἄξιον,
2627 2806 2822 2875 μᾶλλον
2840 2809 2893 2858 δὲ
2914 2807 3160 2875 δακρύων
3183 2807 3418 2858 ἀεννάων
3446 2804 3551 2873 (94)
3577 2804 3665 2855 καὶ
3686 2802 4001 2869 ἀδιανόητον

2439 2898 2678 2965 γέννημα
2706 2897 2902 2964 ψυχῆς.
2928 2898 2998 2948 Τὸ
3016 2899 3116 2966 γὰρ
3133 2897 3314 2956 σκότος
3334 2895 3427 2946 καὶ
3449 2893 3508 2946 τὸ
3537 2893 3646 2961 πῦρ
3672 2895 3717 2944 εἰ
3750 2891 3845 2960 μὲν
3880 2893 4002 2942 αἰσ-

2439 2986 2595 3052 θητὸν
2627 2985 2895 3052 λέγουσιν,
2925 2987 3142 3045 πάντως
3182 2987 3274 3036 καὶ
3315 2983 3374 3036 τὸ
3425 2983 3484 3046 ἐξ
3516 2983 3693 3034 αὐτῶν
3737 2981 4001 3050 προελθὸν

2438 3077 2689 3140 αἰσθητόν
2718 3093 2731 3106 ⁶
2767 3077 2905 3128 ὥστε
2955 3078 2982 3128 6
3032 3077 3267 3145 πονηρὸς
3311 3074 3562 3144 αἰσθητός
3601 3075 3766 3125 ἐστιν.
3832 3074 3891 3125 1·Σί
3943 3071 4001 3122 δὲ

2438 3165 2623 3232 νοητόν
2653 3167 2767 3216 ἐστι
2806 3164 2865 3216 τὸ
2911 3164 3095 3225 σκότος
3132 3164 3222 3215 καὶ
3260 3163 3319 3214 τὸ
3374 3163 3482 3230 πῦρ
3536 3163 3708 3213 ἐκεῖνο
3737 3202 3748 3224 ,
3800 3159 3999 3228 μᾶλλόν

2432 3259 2575 3308 ἐστιν
2610 3259 2636 3307 6
2673 3256 2910 3325 Πονηρὸς
2955 3256 3047 3308 καὶ
3102 3255 3159 3306 τὸ
3210 3254 3266 3319 ἐξ
3310 3253 3488 3305 αὐτῶν
3555 3250 3835 3319 προελθὸν.
3888 3251 3999 3302 Καὶ

2434 3348 2591 3400 τοῦτο
2615 3348 2670 3399 δὲ
2695 3348 2753 3399 τὸ
2785 3347 2970 3408 σκότος
2995 3345 3088 3398 καὶ
3113 3345 3173 3397 τὸ
3207 3345 3316 3414 πῦρ
3344 3343 3451 3412 ἄρα
3502 3342 3748 3395 συναϊόιά
3779 3344 3894 3392 ἐστι
3917 3339 3997 3407 τῷ

2434 3439 2551 3507 Θεῷ
2585 3439 2615 3507 ἢ
2652 3439 2872 3505 ὕστερον
2899 3439 3124 3505 γέγονες
3159 3435 3266 3487 Καὶ
3295 3434 3392 3487 ποῦ
3431 3429 3496 3503 ἦν
3517 3433 3635 3485 τότε
3679 3434 3705 3483 6
3760 3429 3998 3498 Πονηρὸς

2433 3531 2518 3582 ὅτε
2545 3529 2713 3582 ταῦτα
2741 3526 2844 3598 ἦν;
2894 3531 2940 3580 εί
2967 3528 3022 3581 δὲ
3051 3528 3273 3596 ὕστερον
3327 3525 3533 3592 γέγονε,
3557 3524 3638 3585 τίς
3671 3526 3698 3575 6
3745 3538 3994 3591 προαγα-

2435 3619 2546 3686 γὼν
2578 3618 2742 3684 αὺτά;
2780 3617 2851 3669 Τὸ
2894 3617 2998 3686 γὰρ
3033 3617 3216 3687 νοητὸν
3263 3615 3449 3677 σκότος
3477 3613 3570 3666 ἀπ’
3604 3613 3774 3682 ἀρχῆς
3818 3612 3996 3679 ὑπάρ-

2435 3728 2525 3779 χον
2548 3713 2754 3774 σκότος,
2790 3709 2909 3760 οὐδὲ
2932 3709 3021 3759 τὸν
3051 3708 3428 3777 προαγαγόντα
3450 3705 3612 3758 αὐτὸν
3638 3704 3810 3756 ἀθῶον
3833 3703 3998 3772 ἀφίη-

2438 3819 2520 3856 σιν
2553 3824 2562 3833 ·
2598 3803 2795 3872 ὁμοίως
2827 3801 2882 3852 δὲ
2929 3799 3048 3853 οὐδὲ
3100 3800 3160 3852 τὸ
3203 3800 3334 3868 πῦρ,
3367 3798 3522 3867 εἴπερ
3566 3797 3753 3868 νοητὸν
3797 3795 3855 3849 ’ὁν
3898 3794 3995 3846 τοῦ

2432 3895 2678 3964 ἀρχηγοῦ
2723 3897 2820 3964 τῆς
2877 3891 3071 3956 κακίας
3119 3895 3308 3960 γέγονε
3351 3889 3664 3961 προϐολεῦς.
3719 3890 3829 3941 Καὶ
3877 3887 3998 3949 πῶς

2433 3987 2672 4054 ἀρχηγὸς
2697 3989 2724 4038 6
2754 3987 2809 4051 ἐξ
2838 3987 3039 4054 ἐτέρων
3071 3983 3165 4052 τὴν
3204 3981 3436 4052 ὓπαρξιν
3479 3980 3656 4032 λαϐών
3687 3997 3699 4041 ;
3732 3980 3824 4031 καὶ
3849 3979 3996 4028 πόσα

2436 4075 2498 4126 ἄν
2520 4093 2600 4137 τις
2633 4076 2776 4127 εἴποι
2805 4075 2899 4143 τὴν
2923 4075 3112 4141 ἄλογον
3140 4071 3342 4140 ταύτην
3373 4070 3630 4139 συζυγίαν
3663 4067 3992 4136 ).ογοθετῶν;

763 4165 1090 4232 principium
1121 4163 1266 4218 mali.
1294 4163 1360 4218 Et
1382 4163 1652 4232 quomodo
1682 4161 2004 4232 principium
2021 4177 2139 4216 esse
2167 4171 2363 4231 potest,
2402 4166 2545 4232 quod
2568 4167 2684 4220 aliis
2709 4167 2970 4236 originem
3002 4180 3151 4219 suam
3177 4163 3378 4218 debet?
3410 4162 3620 4232 thuot
3669 4163 3771 4214 alia
3797 4161 3993 4218 aﬂerre

765 4263 937 4328 possit
970 4259 1033 4321 is,
1061 4259 1151 4327 qui
1179 4257 1396 4311 stultam
1448 4257 1587 4311 hanc
1635 4256 2070 4326 conjunctionem
2100 4258 2200 4309 sub
2232 4257 2454 4312 rationis
2478 4275 2704 4314 examen
2735 4276 2926 4314 vocare
2966 4259 3229 4314 voluerit?

838 4352 926 4407 IV.
961 4352 1070 4406 Cur
1097 4366 1291 4419 nempe
1332 4351 1566 4404 tenebrae
1597 4350 1724 4404 solae
1743 4349 2076 4406 sull'ecerunt
2104 4352 2178 4404 illi
2207 4367 2330 4420 pro.

766 4444 1048 4499 ducendo?
1083 4459 1178 4495 cur
1229 4458 1328 4494 nec
1375 4443 1510 4511 ignis
1542 4441 1786 4495 suffecit?
1809 4443 1930 4512 quis
1964 4451 2188 4512 utraque
2241 4444 2328 4496 illa

2507 4357 2579 4409 A'.
2623 4355 2745 4418 Πῶς
2766 4356 2862 4406 οὐκ
2892 4357 3090 4425 ἣρκεσε
3118 4355 3178 4406 τὸ
3209 4356 3398 4416 σκότος
3425 4353 3584 4421 μόνον
3617 4357 3989 4424 προαγαγεῐνς

2438 4447 2551 4510 πῶς
2577 4447 2697 4516 οὐχὶ
2726 4447 2786 4498 τὸ
2817 4448 2925 4515 πῦρ
2947 4464 2961 4512 ;
2986 4449 3067 4508 τίς
3108 4448 3135 4498 6
3181 4444 3502 4512 συναγαγὼν
3533 4446 3705 4498 ταῦτα
3750 4447 3988 4514 μᾶλλονς

765 4539 830 4590 ad
849 4537 1260 4606 productionem
1285 4534 1533 4603 principii
1574 4535 1700 4587 mali
1721 4537 2002 4605 conjunxit
2019 4537 2041 4588 ?
2061 4538 2330 4606 quomodo
2362 4557 2406 4612 ι)

2323 4557 2406 4612 ιο
2437 4537 2528 4589 καὶ
2555 4538 2606 4589 τί
2645 4537 2863 4604 γέγονε;
2889 4536 2940 4588 τί
2980 4536 3036 4589 δὲ
3082 4537 3245 4598 ποιεῖ,
3297 4532 3388 4586 τοῦ
3446 4533 3505 4597 ἐξ
3555 4536 3718 4588 αὑτοῦ
3760 4537 3990 4608 προελη-

765 4642 873 4680 ιιοιι
902 4627 1081 4696 potius
1131 4625 1217 4679 illa
1270 4641 1366 4694 pro
1411 4626 1672 4693 principio
1727 4628 2130 4695 agnoscuntur?
2189 4627 2324 4693 Quid

767 4731 896 4769 vero
933 4716 998 4767 de
1041 4715 1144 4768 illis
1175 4714 1372 4766 factum
1410 4715 1525 4767 est?
1560 4715 1755 4782 etquid
1785 4731 1930 4769 nunc
1959 4727 2142 4786 agunt,
2178 4730 2326 4786 post-

837 4832 858 4861 ⁸
891 4831 1044 4882 Deut.
1079 4845 1203 4890 xxx,
1240 4829 1323 4881 Η).

2433 4626 2650 4688 λυθότος
2695 4627 3034 4695 ἁρπάσαντος
3100 4625 3198 4694 τὴν
3239 4624 3431 4694 ἀρχήν;
3469 4624 3680 4688 Ἀλλως
3716 4643 3773 4678 τε
3818 4626 3895 4690 δὲ,
3940 4631 3990 4683 εἰ

2436 4717 2650 4784 ἐγένετο
2674 4717 2702 4765 6
2733 4717 2973 4786 Πονηρὸς
3014 4717 3076 4767 ὲκ
3111 4713 3205 4766 τοῦ
3251 4713 3472 4776 σκότους
3506 4715 3599 4767 καὶ
3640 4715 3732 4766 τοῦ
3790 4717 3985 4784 πυρὸς,

1846 4943 2072 4997 VARI/IS
2113 4945 2492 5003 LECTIONES
2532 4945 2615 4998 ΕΤ
2657 4943 2879 5000 NOTAE.

837 5065 946 5130 (9|)
983 5065 1403 5126 Αὺτεξούσιον.
1447 5065 1504 5116 In
1538 5065 1675 5117 Lect.
1707 5064 1975 5117 Canisian.
2015 5065 2151 5118 hanc
2183 5067 2325 5120 arbi-

765 5137 853 5188 trii
894 5136 1194 5187 libertatem
1242 5144 1426 5187 contra
1467 5135 1789 5186 Maniclizeos
1821 5133 2103 5202 diligenter
2132 5139 2327 5188 astruit

764 5206 919 5258 Titus
951 5203 1272 5266 Bostrensis,
1307 5204 1400 5257 lib.
1454 5220 1514 5266 ιι,
1552 5204 1663 5255 fere
1697 5213 1831 5263 toto.
1883 5204 2022 5270 apud
2071 5204 2149 5257 Cl.
2200 5205 2327 5259 Bus-

763 5290 886 5342 nag.
921 5290 972 5342 p.
994 5274 1060 5328 94
1085 5289 1234 5340 seqq.
1267 5273 1494 5339 gentiles
1512 5287 1726 5342 quoque
1756 5287 1871 5342 eam
1893 5273 2174 5341 agnovisse
2197 5276 2325 5329 etin

764 5341 994 5398 abusum
1041 5345 1157 5409 ejus
1184 5343 1436 5397 vitiorum
1479 5358 1696 5397 causam
1741 5341 1987 5395 retulisse
2034 5343 2324 5398 luculentis

765 5430 950 5467 eorum
981 5413 1110 5466 locis
1131 5421 1362 5482 constat,
1388 5428 1616 5479 quorum
1638 5411 1879 5482 amplam
1902 5412 2068 5466 babes
2089 5425 2324 5482 segetem
2358 5433 2363 5439 η

766 5486 904 5562 apud
951 5483 1230 5562 Titinium“
1262 5481 1622 5562 Gatabernni,
1678 5481 1731 5562 in
1765 5479 1912 5560 Notis
1947 5484 2012 5562 ad
2044 5479 2322 5562 Antoniri,

765 5553 862 5632 lib.
897 5570 959 5632 Ii,
987 5552 1088 5632 ἐξῇ
1119 5551 1337 5632 etfetr.
1376 5551 1644 5632 Danielent
1679 5549 1933 5632 liuet’ium
1971 5551 2025 5604 in
2053 5552 2322 5632 Alnetanis

767 5620 1145 5702 (legationibus
1171 5623 1261 5702 lib.
1295 5637 1355 5683 ιι,
1401 5621 1649 5702 capi-10.,
1679 5620 1887 5702 p._~l6(.3.
1915 5636 2061 5702 seqq.
2097 5621 2321 5691 Elegans

765 5693 901 5771 milii
921 5707 1144 5771 semper
1178 5692 1350 5771 visum
1395 5688 1482 5771 est
1507 5689 1718 5771 matrimi
1745 5688 1888 5769 Tyrii
1911 5688 2000 5771 “in
2029 5688 2130 5771 hac
2159 5688 2319 5771 causa

762 5758 1218 5829 judicium—quod
1249 5762 1440 5828 legitur
1472 5762 1524 5813 in
1555 5758 2028 5813 Dissertationibus
2055 5760 2173 5828 ejus
2204 5761 2316 5814 dis-

767 5841 897 5887 seri.
920 5831 990 5886 ‘25
1015 5849 1026 5884 :
1050 5831 1178 5894 Θεὸς
1207 5829 1439 5898 ἐπέθηκε
1466 5829 1560 5898 τὴν
1589 5829 1766 5898 ψυχὴν
1790 5830 1959 5899 γηΐνῳ
1988 5829 2217 5899 σώματι,
2243 5831 2316 5893 ὠς

2422 5064 2861 5140 ᾐνίρχονᾼᾶρμσξτι
2883 5105 2896 5124 ,
2929 5065 3020 5115 καὶ
3051 5063 3319 5140 παραδοὺς
3349 5061 3445 5140 τᾲς
3475 5063 3631 5140 ηνίας
3673 5063 3749 5134 τῷ
3785 5065 3987 5140 ἡνιόχῳ

2424 5131 2600 5202 ἆφῆκε
2629 5131 2759 5196 θεῖν,
2795 5134 3018 5201 ἔχουσαν
3060 5131 3161 5252 re»
3193 5134 3316 5201 παρ’
3350 5131 3513 5182 αὐτοῦ
3556 5131 3744 5202 ῥώμην
3766 5131 3985 5203 τέχνής,

2424 5205 2644 5252 ἔνουσαν
2674 5204 2728 5252 δὲ
2769 5208 2860 5252 καὶ
2892 5206 3051 5252 ἀτενν
3079 5219 3141 5252 αε
3175 5199 3438 5252 ἐξουσίαν.

2423 5199 2644 5273 ἔχουσαν
2674 5204 2728 5255 δὲ
2769 5199 2860 5255 καὶ
2892 5199 3141 5270 ἀτεχνίας
3175 5199 3438 5273 ἐξουσίαν.

2494 5274 2601 5339 (9‘2)
2647 5274 2764 5338 Τὴν
2791 5268 3196 5340 δημιουργίαν.
3219 5271 3465 5339 Disputat
3490 5268 3628 5323 hanc
3662 5271 3716 5324 in
3751 5286 3863 5326 rem
3892 5273 3982 5326 fu-

2422 5344 2532 5398 sius
2555 5343 2706 5396 'l‘itus
2741 5343 2829 5395 lib.
2869 5359 2924 5400 ιι,
2960 5358 3010 5410 p.
3041 5341 3126 5395 76.

2497 5413 2606 5480 (93)
2625 5413 2730 5464 Καὶ
2765 5409 3104 5465 Eatan'l‘res
3127 5410 3241 5480 illas
3270 5411 3522 5478 temporis
3546 5409 3879 5480 diﬂ‘erentias
3913 5415 3980 5466 ad

2429 5479 2837 5536 deScribendum
2880 5482 3045 5534 Deum
3077 5479 3301 5546 gentiles
3330 5495 3542 5546 quoque
3591 5479 3975 5535 adhibuerunt.

2425 5550 2706 5616 LegeJnlii
2729 5550 2862 5621 Caes.
2883 5549 3161 5621 Bulengeri
3196 5547 3417 5621 Eclogas
3439 5547 3784 5621 Arnobiauas,
3809 5567 3862 5621 p.
3884 5551 3974 5605 28.

2426 5631 2481 5676 et
2508 5621 2710 5689 Tbeod.
2748 5620 3018 5673 Janssonii
3059 5617 3420 5689 'Almelovenii
3451 5619 3739 5686 Upuscuta,
3770 5617 3826 5689 [ιζ
3878 5621 3976 5675 I07

2427 5705 2540 5758 seq.
2571 5687 2770 5742 Confer
2790 5689 3088 5758 l’liilologos
3107 5687 3173 5742 ad
3198 5686 3519 5757 Apocalyps.
3555 5705 3594 5753 ι,
3625 5689 3678 5758 4.

2435 5817 2446 5842 ὁ
2496 5758 2933 5882 (malev-ratur.
2977 5757 3052 5814 Ita
3085 5758 3224 5828 lego,
3255 5771 3352 5825 pro
3376 5770 3444 5812 eo
3495 5757 3637 5829 quod
3664 5758 3720 5814 in
3752 5775 3856 5815 ms,
3891 5768 3978 5816 εει

2435 5845 2578 5882 ινενν
2616 5845 2708 5882 ων.

2423 5845 2708 5883 ανενναων.
