4222 6432
181 430 247 489 89
1231 438 1525 498 CONTRA
1570 438 2029 499 MANICHEOS
2066 439 2298 499 LIBER
2336 440 2390 502 II
3352 440 3422 502 90

180 542 290 602 πῶς
333 541 495 593 πάλιν
532 540 623 594 τοῦ
663 542 885 605 σκότους
922 545 1014 595 καὶ
1049 544 1140 597 τοῦ
1182 550 1345 614 πυρὸς
1380 547 1609 616 ποιητὴν
1651 546 1735 597 λέ·
1765 549 1815 607 Α
1841 561 1972 614 quar

1781 549 2001 614 Aquam
2040 546 2171 599 illud
2222 545 2364 614 quod
2416 552 2841 614 progenueruut,
2906 544 3264 614 principatum
3320 547 3419 600 sibi

178 650 364 699 γουσιν
405 632 496 684 τὸν
558 633 834 702 Πονηρόν;
873 635 933 685 Et
965 635 1020 686 δὲ
1050 636 1150 686 οὐκ
1202 637 1316 688 ἔστι
1349 637 1443 689 τοῦ
1496 638 1664 705 πυρὸς
1711 638 1739 687 ὁ

178 724 417 791 Πονηρὸς
472 726 722 793 ποιητὴς,
783 727 896 776 ἐστι
951 727 1005 778 δὲ
1059 727 1118 778 τὸ
1148 727 1259 797 πῦρ
1312 729 1587 795 αἰσθητὸν,
1625 728 1740 788 πῶς

177 814 423 880 λέγουσιν
448 854 462 877 ,
486 816 565 866 ὃτι
600 817 627 866 ὀ
656 816 860 881 ἀγαθὸς
889 816 1021 879 Θεὸς
1059 818 1209 869 οὐδὲν
1245 818 1500 888 ἐποίησεν
1542 818 1738 886 αἰσθη-

175 907 296 966 adv;
330 906 391 956 Ei
430 906 538 975 γὰρ
577 907 892 975 αἰσχυνθείη
929 909 988 958 τὸ
1037 909 1388 975 ἀναίσχυντον
1426 908 1603 960 αὐτῶν
1638 908 1739 975 τῆς

182 997 413 1064 πλάνης,
445 997 624 1049 δοῦναι
651 998 727 1066 τῷ
766 999 991 1069 ΙΙονηρῷ
1018 1001 1115 1069 τὴν
1155 1000 1370 1064 γένεσιν
1404 1001 1498 1052 τοῦ
1546 1000 1738 1068 πυρξς,

178 1091 260 1140 ἵνα
296 1092 395 1157 μὲν
419 1090 512 1143 νῦν
545 1092 641 1159 μὲν
672 1092 939 1161 πλάστην,
976 1093 1071 1143 νῦν
1113 1093 1169 1144 δὲ
1223 1092 1448 1160 πλάσμα
1492 1091 1553 1143 τὸ
1608 1091 1741 1143 αὐτὸ

174 1181 503 1250 διελέγχοιτο
529 1183 789 1251 ληροῦσα,
822 1188 901 1245 εἰς
932 1184 1080 1235 οὐδὲν
1121 1184 1376 1235 ἐλάττονα
1422 1182 1735 1251 γινωσκέτω

174 1275 630 1342 καταστρέφουσα
707 1274 970 1342 αἰσχύνην
1008 1290 1021 1301 ⁸
1078 1274 1400 1343 ὁμολογήσει
1452 1272 1559 1341 γὰρ
1644 1272 1739 1322 καὶ

173 1366 379 1417 ἄκουσα
410 1366 504 1417 καὶ
545 1365 752 1433 σιγῶσα
774 1365 865 1417 τοῦ
896 1365 1101 1430 ἀγαθοῦ
1137 1362 1272 1416 εἶναι
1296 1364 1433 1416 Θεοῦ
1474 1362 1739 1431 δημιούρ-

174 1473 330 1524 γημα
361 1473 376 1487 ο
412 1458 549 1525 ὅπερ
575 1457 741 1509 αὑτοῦ
784 1457 933 1527 πάσῃ
962 1457 1162 1525 σπουδῇ
1195 1457 1288 1507 καὶ
1317 1456 1585 1525 μηχαναῖς
1640 1455 1737 1519 ἀφ-

172 1551 358 1617 ῃρεῖτο
405 1550 625 1609 πάσαις.
664 1549 884 1609 Πάντως
924 1550 1039 1616 γὰρ
1082 1548 1142 1599 τὸ
1174 1547 1427 1615 αἰσθητὸν
1452 1545 1581 1614 πῦρ,
1616 1544 1738 1595 ὅσον

172 1640 236 1689 ἀν
266 1639 684 1707 ἑσκοτίσθησαν,
718 1638 839 1690 οὔτε
870 1640 1124 1708 ἄναρχον,
1156 1636 1281 1689 οὔτε
1300 1637 1469 1689 ἀΐδιον
1500 1634 1734 1703 ἐροῦσιν.

1846 634 2183 687 vindicavit?
2216 634 2503 695 Prmterea,
2539 634 2580 685 si
2617 634 2810 686 Malum
2855 649 2919 686 ex
2945 634 3187 687 tenebris
3217 644 3271 688 et
3299 635 3421 705 igne

1846 726 2365 793 prodiit,quomodo
2435 725 2669 777 vicissim
2719 724 2913 776 Malum
2974 725 3316 779 tenebrarum
3366 736 3423 780 ct

1847 818 1985 885 ignis
2046 820 2265 870 tradunt
2317 817 2645 869 auctorem?
2693 817 2749 869 Si
2768 832 2898 870 vero
2943 816 3138 870 Malum
3191 834 3298 871 non
3338 830 3423 873 est

1846 906 2172 975 principium
2226 906 2387 972 ignis,
2430 906 2565 975 ignis
2624 922 2751 959 vero
2818 908 3067 960 sensibus
3146 908 3421 976 subjectus

1844 1009 1945 1061 est,
1988 998 2257 1065 quomodo
2286 998 2494 1060 dicunt,
2550 998 2709 1051 deum
2741 998 2939 1051 bonum
2989 999 3144 1056 nihil.
3181 1000 3323 1068 quod
3354 1017 3422 1068 ap

1848 1106 2039 1143 sensus
2084 1092 2339 1159 pertinet,
2377 1090 2727 1144 condidisse?
2780 1091 2835 1143 Si
2889 1092 3033 1144 enim
3065 1092 3422 1160 impudentis-

1846 1182 2013 1234 simus
2041 1182 2287 1236 homines
2336 1184 2540 1251 pudere
2599 1196 2782 1251 posset
2834 1184 2996 1251 lmjus
3044 1184 3267 1246 erroris,
3313 1200 3422 1253 quo

1847 1274 1984 1343 ignis
2014 1275 2274 1340 originem
2298 1274 2349 1326 in
2384 1274 2576 1327 Malum
2605 1275 2866 1331 referunt.
2893 1285 3252 1343 caverentquc
3286 1275 3421 1327 adeo

1846 1362 1968 1426 sibi,
2004 1378 2069 1413 ne
2090 1378 2235 1417 nunc
2265 1364 2482 1431 quidem
2520 1365 2874 1426 conditorem,
2920 1381 3065 1417 nunc
3114 1381 3241 1417 vero
3287 1381 3423 1433 opus

1844 1452 2020 1521 ipsum
2054 1454 2243 1507 iisdem
2273 1456 2743 1507 criminationibus
2792 1456 3145 1523 impeterent;
3207 1456 3292 1509 vel
3342 1456 3423 1509 sic

1848 1552 2023 1597 tamen
2050 1561 2159 1597 rem
2185 1561 2291 1597 non
2328 1547 2507 1598 minus
2532 1546 2830 1615 pudemlam
2866 1548 3195 1600 admissuros
3221 1563 3277 1601 se
3305 1562 3423 1600 esse

1848 1636 2039 1688 sciant.
2074 1636 2418 1691 Proﬁtehitur
2438 1638 2581 1691 enim
2625 1638 2783 1691 factio
2816 1640 2929 1691 luvc
2968 1640 3128 1692 etiam
3156 1626 3345 1692 'iuvita
3369 1650 3424 1693 et

173 1732 356 1793 tacita,
392 1732 516 1783 boni
554 1731 640 1784 dei
684 1747 802 1785 esse
841 1748 997 1801 opus,
1034 1731 1177 1800 quod
1211 1740 1369 1783 antea
1422 1730 1568 1783 omni
1601 1727 1778 1781 studio
1817 1737 1870 1781 et
1900 1744 2066 1797 opere
2095 1732 2240 1783 omni
2289 1731 2387 1799 ipsi
2420 1732 2766 1801 surripiebat.
2798 1731 3030 1786 Omnino
3071 1732 3213 1785 enim
3243 1733 3421 1802 ignem

171 1827 424 1878 sensibus
446 1825 873 1895 perceptibiiem,
920 1836 1401 1897 quantumcunque
1457 1826 1621 1879 etiam
1674 1823 2014 1877 obtencbrati
2049 1826 2177 1889 sint,
2206 1842 2307 1880 nec
2364 1828 2517 1880 initio
2585 1843 2788 1889 carere,
2845 1844 2945 1882 nec
3004 1837 3265 1881 :etcrnutn
3302 1845 3425 1883 esse

170 1918 372 1971 dicent.

240 2013 313 2063 E'.
365 2007 495 2063 Εἶτα
534 2011 628 2064 τοῦ
668 2012 893 2074 σκότους
954 2012 1208 2077 πάλιν,εί
1258 2014 1352 2065 καὶ
1408 2013 1482 2082 μὴ
1537 2012 1736 2073 πάντες
1769 2014 1814 2072 Β
1917 2011 1972 2064 ν.

1781 2014 1814 2072 Β
1917 2011 1974 2064 ν.
2019 2010 2153 2065 Τυηι
2184 2030 2330 2076 vero,
2363 2014 2403 2067 si
2437 2030 2541 2067 non
2579 2030 2787 2078 omnes,
2837 2014 2999 2083 aliqui
3033 2024 3179 2067 certe
3207 2030 3424 2081 eorum,

170 2104 371 2169 αὐτῶν,
402 2104 530 2156 ἔνιοι
561 2105 617 2158 δὲ
652 2107 796 2173 ὅμως
820 2105 1108 2167 ἀναδύντες
1137 2106 1372 2172 λέγουσι,
1410 2105 1501 2156 τὸν
1539 2102 1740 2169 ἀγαθὸν

176 2198 315 2250 Θεὸν
345 2198 492 2267 ἔχειν
515 2198 611 2267 μὲν
639 2199 706 2250 τά
734 2200 1050 2267 ἐπουράνια,
1089 2199 1183 2251 καὶ
1219 2197 1551 2266 δημιουργὸν
1602 2191 1741 2246 εἷναι

171 2289 264 2339 τοῦ
293 2289 525 2358 οὐρανοῦ
568 2290 659 2340 καὶ
690 2291 925 2359 χορηγὸν
965 2286 1103 2341 εἶναι
1140 2292 1250 2350 τοῖς
1274 2288 1580 2358 ἀνθρώποις
1602 2287 1743 2354 πρά-

173 2382 329 2445 ξεων,
368 2384 426 2433 εὖ
478 2382 636 2451 μέχρι
664 2381 858 2434 πολλοῦ
888 2383 941 2434 δὲ
968 2386 1067 2452 τὴν
1107 2383 1272 2451 ἀχλὺν
1298 2382 1745 2447 ἀποσκευασάμε-

172 2494 252 2527 νοι
311 2477 469 2529 πάλιν
511 2475 904 2544 δυσφημοῦσιν,
934 2475 1055 2528 οῦτε
1097 2476 1195 2544 τῆς
1226 2476 1325 2543 γῆς
1359 2475 1742 2544 δημιουργίαν,

174 2567 299 2621 οῦτε
363 2569 471 2620 τῶν
522 2571 577 2621 ὲν
634 2570 781 2638 μέσῳ
827 2569 974 2636 αὐτῷ
1038 2568 1519 2637 συναρμόττοντες,
1559 2566 1745 2635 ἕτερον

173 2660 227 2712 δὲ
284 2661 614 2729 δημιουργὸν
659 2661 1041 2726 ἐπεισάγοντες
1070 2676 1082 2688 ⁸
1116 2661 1257 2721 τινες
1305 2660 1361 2711 δὲ
1394 2658 1573 2710 αὐτῶν
1619 2659 1743 2726 (πο-

174 2754 429 2823 λυσχιδὴς
458 2755 565 2824 γὰρ
617 2756 648 2822 ἠ
686 2754 879 2823 πλάνη)
911 2756 1000 2806 καὶ
1039 2753 1129 2804 τὸν
1179 2752 1409 2822 οὐρανὸν
1456 2752 1616 2805 αὑτὸν
1656 2751 1747 2802 καὶ

177 2849 245 2897 τὰ
300 2849 355 2897 ἐν
409 2847 556 2915 μέσῳ
614 2846 790 2897 πάντα
833 2846 1197 2913 τετολμήκασι
1245 2844 1421 2910 λέγειν
1470 2844 1749 2909 ποιήματα

175 2938 271 2989 τοῦ
311 2937 559 3006 Ἐχθροῦ.
607 2936 745 2989 Ἀλλ’
779 2938 933 3005 εἴπερ
966 2939 1111 2988 ἐστὶν
1139 2939 1165 2987 ὁ
1207 2936 1432 3003 οὐρανὸς
1476 2934 1615 2984 κατά
1649 2934 1748 2999 τὴν

176 3028 404 3080 ἐκείνων
446 3028 841 3097 ἐμϐροντησίαν
873 3029 1031 3097 ἔργον
1090 3026 1182 3079 τοῦ
1234 3026 1501 3093 Πονηροῦ,
1546 3024 1661 3086 πῶς
1721 3025 1748 3074 ὁ

175 3120 524 3187 ἁγαθὺςΘεος
552 3123 605 3171 ὲν
631 3122 739 3180 τοῖς
759 3120 1100 3189 ἐπουρανίοις
1123 3119 1497 3182 ἀναπαύεται;
1527 3116 1621 3168 καὶ
1654 3119 1699 3167 εί
1723 3118 1749 3167 ὁ

176 3214 405 3282 οὐρανὸς
435 3213 677 3283 περιέχει
699 3215 788 3265 τὸν
806 3214 941 3282 ἀέρα
982 3213 1075 3265 καὶ
1100 3211 1197 3282 τὴν
1231 3214 1332 3278 γῆν
1357 3212 1450 3262 καὶ
1502 3209 1576 3277 τὸλ
1608 3208 1748 3278 ὕδωρ

180 3309 298 3369 (καὶ
355 3304 465 3373 γὰρ
506 3306 599 3356 καὶ
644 3305 710 3356 τὰ
760 3304 1085 3373 καταχθόνια
1126 3304 1438 3372 περιέχεται
1469 3304 1524 3353 ὲν
1553 3299 1744 3369 αὐτῷ),

179 3396 295 3458 πῶς
337 3398 365 3447 ὁ
411 3395 637 3465 οὑρανδς
679 3394 770 3447 τοῦ
829 3393 1154 3462 ἐπουρανίου
1197 3392 1331 3445 Θεοῦ
1373 3390 1520 3454 οἶκος
1556 3392 1631 3443 ῶν
1680 3391 1749 3441 τὰ

179 3488 272 3540 τοῦ
305 3485 547 3556 Πονηροῦ
582 3486 735 3555 ἔργα,
782 3485 1027 3536 τουτέστι
1052 3483 1156 3551 γῆν
1200 3482 1427 3553 καὶπῦρ
1468 3485 1561 3534 καὶ
1614 3482 1751 3549 ἀέρα

181 3580 446 3647 περιέχει,
490 3578 583 3629 καὶ
634 3578 691 3629 οὐ
738 3576 976 3645 περιέχει
1024 3576 1205 3645 μόνον,
1236 3574 1370 3626 ἀλλὰ
1418 3575 1509 3624 καὶ
1555 3573 1747 3625 διακυ-

182 3673 390 3739 6ερνᾷ;
424 3670 520 3721 Ἐκ
576 3669 682 3737 γὰρ
734 3671 831 3735 τῆς
856 3667 1116 3735 ἀνατολῆς
1166 3666 1258 3717 τοῦ
1321 3666 1471 3734 ἡλίου
1516 3666 1609 3716 καὶ
1653 3666 1751 3732 τῆς

178 3764 407 3824 δόσεως,
442 3760 663 3812 καὶτῶν
692 3760 927 3830 ἄστρων,
952 3760 984 3812 ἆ
1014 3761 1118 3810 εἰσι
1145 3758 1239 3809 τοῦ
1273 3758 1522 3827 οὐρανοῦ,
1549 3758 1642 3809 καὶ
1680 3757 1749 3827 γῆ

181 3855 277 3905 καὶ
308 3852 477 3918 ὕδωρ,
512 3851 606 3901 καὶ
642 3850 770 3919 αὴρ,
808 3850 901 3901 καὶ
936 3848 1067 3919 πῦρ,
1102 3852 1167 3918 τῇ
1197 3846 1290 3899 τοῦ
1327 3847 1461 3898 Θεοῦ
1502 3845 1747 3915 προνοίᾳ,

180 3945 277 3997 καὶ
321 3943 421 4008 τῆς
452 3942 742 4011 εὐκρασίας
774 3940 1125 3999 ἀπολαύουσι,
1156 3940 1253 3991 καὶ
1286 3940 1384 4007 τὴν
1420 3940 1499 4000 εἰς
1547 3938 1751 4006 ἄλληλα

183 4034 488 4105 μεταϐολὴν
527 4033 617 4083 ἐπὶ
682 4030 845 4101 κοινῷ
894 4030 1233 4100 καρποῦνται
1284 4030 1609 4099 συμφέροντι
1658 4028 1751 4079 γα).

179 4127 262 4196 τῷ
312 4125 639 4194 ἀνθρωπίνῳ
677 4125 847 4191 γένει,
876 4124 967 4175 xui.
1016 4124 1128 4184 τοῖς
1172 4121 1358 4183 ἄλλοις
1406 4119 1565 4184 ζώοις
1614 4121 1750 4189 πρὸς

178 4221 279 4289 τὴν
313 4218 595 4289 παροῦσαν
642 4217 830 4285 χρείαν
866 4216 1219 4285 ἁρμόζονται.
1261 4214 1401 4266 Ἀλλ’
1441 4214 1488 4265 εί
1528 4215 1625 4281 τῆς
1655 4231 1753 4265 πο-

180 4313 353 4382 νηρᾶς
379 4310 551 4378 ἀρχῆς
577 4312 603 4361 ὁ
629 4309 878 4374 οὐρανὸς,
896 4308 1011 4369 πῶς
1035 4307 1063 4357 ὁ
1088 4306 1275 4375 Σωτὴρ
1309 4306 1468 4375 ἡμῶν
1496 4305 1750 4374 εὔχεσθαι

179 4403 278 4473 τὴν
306 4401 616 4471 Θαυμασίαν
650 4400 863 4468 ἐκείνην
900 4400 989 4452 καὶ
1020 4398 1250 4467 φρικτὴν
1282 4397 1611 4449 ἐκδιδάσκων
1658 4399 1751 4449 καὶ

180 4494 531 4568 παραδιδούς·
550 4493 739 4560 Πάτερ
760 4492 948 4561 ἡμῶν,
970 4493 1147 4561 φησὶν,
1169 4495 1199 4544 ό
1214 4491 1282 4543 ἐν
1298 4491 1421 4555 τοῖς
1440 4491 1715 4558 οὐρανοῖς
1732 4508 1750 4550 ,-

179 4590 293 4641 καί·
352 4586 709 4654 Ἁγιασθήτω
760 4585 826 4637 τὸ
865 4584 1051 4652 ὄνομά
1101 4599 1237 4643 σου,
1273 4583 1353 4648 ὠς
1406 4584 1474 4635 ἐν
1516 4582 1749 4651 οὐρανῷ

180 4681 280 4733 καί
316 4680 413 4731 ἐπὶ
449 4677 558 4745 τῆς
582 4676 730 4745 γῆς;
766 4676 887 4738 Πῶς
919 4672 1010 4728 οὖν
1037 4678 1093 4726 ὲν
1134 4675 1397 4745 ἀλλοτρίῳ
1428 4676 1686 4743 κτίσματι
1722 4676 1749 4727 ὁ

179 4774 363 4840 πάσης
414 4770 742 4839 δημιουργὸς
771 4769 999 4831 κτίσεως
1040 4770 1238 4820 ἐνοικεῖ
1262 4810 1276 4831 ,
1314 4769 1405 4820 καὶ
1436 4768 1512 4835 τῷ
1548 4785 1605 4819 τε
1642 4768 1749 4819 Ho-

179 4864 453 4933 νηρῷ(93)
483 4863 576 4915 καὶ
606 4863 763 4930 ἔργον
792 4863 1089 4930 ὑπάρχοντι
1118 4862 1379 4931 Πονηροῦ.
1408 4860 1669 4928 Ἀλλαχοῦ
1692 4861 1749 4912 δὲ

181 4955 492 5024 συμπαθεῖς
526 4949 663 5005 εἶναι
698 4955 833 5022 πρὸς
865 4953 1128 5020 ἀλλήλους
1150 4952 1453 5021 νομοθετῶν
1474 4954 1500 5003 ὁ
1534 4952 1745 5020 Σωτὴρ,

192 5050 339 5101 Ἐὰν
359 5046 571 5114 ἀφῆτε,
608 5047 760 5114 φησι,
794 5044 917 5110 τοῖς
949 5044 1280 5111 ἀνθρώποις
1326 5047 1397 5097 τὰ
1438 5045 1749 5110 παραπτώ-

174 5156 338 5208 ματα
365 5137 581 5198 αὑτὼν,
624 5136 847 5204 ἀφήσει
875 5136 970 5188 καὶ
998 5137 1138 5203 ὑμῖν
1190 5140 1221 5188 ό
1279 5136 1480 5203 Πατὴρ
1516 5136 1682 5203 ὑμῶν
1714 5138 1747 5189 ό

179 5230 483 5298 οὐράνιος.
523 5230 630 5282 Καὶ
679 5229 839 5281 πάλιν
870 5228 947 5296 τῷ
978 5228 1240 5297 θελήματι
1287 5227 1377 5279 τοῦ
1404 5228 1537 5278 Θεοῦ
1577 5245 1743 5278 κατα.

178 5324 459 5378 κολουθείν
507 5323 807 5393 παραινῶν,
851 5322 973 5373 ἐπεὶ
1001 5322 1162 5382 αὐτὸς
1204 5320 1417 5390 πρῶτον
1450 5320 1744 5390 ὑπερφυῶς

178 5416 467 5469 ἐτελείωσε
496 5416 555 5468 τὸ
578 5416 787 5484 θέλημα
805 5413 991 5477 αὑτοῦ,
1017 5414 1226 5477 ’Ὅστις
1258 5413 1353 5473 ἂν,
1380 5414 1534 5481 φησὶ,
1563 5414 1739 5479 ποιή-

178 5524 263 5575 σῃ
295 5508 361 5560 τὸ
394 5507 622 5574 θέλημα
677 5507 783 5560 τοῦ
815 5505 1042 5571 Πατρός
1069 5521 1187 5571 μου
1216 5504 1320 5557 τοῦ
1353 5505 1421 5556 ἐν
1444 5507 1741 5573 οὐρανοῖς,

247 5626 273 5660 ⁹
317 5624 505 5679 Matth.
530 5625 677 5687 νι,9.
758 5624 799 5656 ⁸⁵
832 5622 1208 5687 ibid.v,9,10.
1286 5622 1326 5652 “
1364 5620 1597 5677 ibidei.

1841 2120 1908 2158 ex
1944 2107 2180 2159 tenebris
2229 2107 2428 2161 emersi
2472 2108 2678 2171 dicunt,
2747 2107 2949 2160 bonum
3006 2107 3222 2174 quidem
3258 2106 3420 2159 deum

1842 2198 2077 2251 cuilestia
2121 2208 2324 2261 tenere,
2379 2209 2430 2252 et
2493 2200 2737 2267 opiﬁcem
2772 2214 2891 2251 esse
2930 2198 3071 2261 cmli,
3137 2215 3199 2253 ac
3248 2199 3422 2251 homi-

1844 2290 2002 2341 nibus
2038 2290 2301 2342 bonarum
2355 2292 2627 2343 actionum
2673 2301 2949 2343 auctorem
3009 2290 3301 2354 exsistere;
3369 2298 3423 2344 at

1847 2381 2006 2433 iidem
2048 2382 2329 2450 caliginem
2381 2398 2532 2435 suam
2567 2398 2675 2435 non
2713 2398 2903 2451 magna
2940 2398 3006 2435 ex
3036 2391 3186 2451 parte
3218 2382 3421 2435 amoliti

1848 2473 2358 2542 iterinnnugantur,
2427 2475 2643 2542 quando
2690 2489 2790 2526 nec
2844 2484 3016 2533 terra.
3081 2489 3181 2527 nec
3234 2488 3422 2526 eorum

1846 2580 1964 2633 quze
1997 2566 2049 2617 in
2081 2567 2190 2634 ipsa
2228 2576 2371 2628 sunt,
2426 2567 2752 2619 creationem
2788 2568 3085 2629 ascribunt,
3125 2565 3216 2619 sed
3258 2566 3425 2618 alium

1849 2656 2026 2724 potius
2068 2656 2802 2708 conditoremintroducunt.
2864 2654 3091 2720 Quidam
3144 2668 3275 2706 vero
3326 2668 3421 2705 eo-

1850 2764 1965 2801 rum
2016 2748 2088 2817 (in
2126 2748 2320 2801 multas
2347 2748 2490 2799 enim
2522 2757 2700 2815 partes
2730 2762 2884 2800 error
2922 2747 3074 2813 abit),
3119 2754 3173 2799 et
3226 2747 3423 2799 cmlum

1850 2839 2047 2907 ipsum,
2077 2845 2131 2890 et
2160 2853 2277 2905 qua:
2305 2838 2353 2889 iu
2386 2853 2452 2890 eo
2476 2846 2602 2890 sunt
2625 2837 2826 2899 omnia,
2869 2835 3040 2890 hostis
3058 2835 3260 2888 audent
3282 2835 3425 2887 fetus

1849 2931 2219 2999 pronuntiare.
2258 2929 2545 2982 Enimvero
2577 2930 2619 2982 si
2677 2944 2772 2997 pro
2804 2938 3024 2997 stupore
3063 2943 3272 2990 eorum,
3307 2943 3421 2981 cce-

1850 3023 1960 3076 lum
1986 3022 2104 3075 Mali
2142 3038 2277 3091 opus
2300 3032 2403 3079 est.
2432 3022 2705 3090 quomodo
2738 3021 2912 3074 bonus
2942 3021 3076 3075 deus
3101 3020 3153 3072 in
3185 3020 3426 3073 coalesti-

1850 3114 1950 3167 bus
1980 3114 2202 3175 habitat,
2250 3124 2304 3167 et
2333 3114 2376 3166 si
2405 3114 2598 3167 malum
2646 3112 3058 3181 comprehendit
3088 3126 3211 3163 aera
3237 3118 3291 3163 ct
3320 3120 3428 3162 ter-

1853 3222 1985 3270 ram,
2008 3215 2061 3259 et
2095 3222 2287 3275 aquam
2318 3208 2461 3274 (nam
2488 3216 2542 3259 ct
2574 3206 2924 3258 subterranea
2951 3219 3016 3257 eo
3034 3202 3424 3268 continentur),

1850 3298 2117 3365 quomodo
2138 3298 2354 3361 malum,
2385 3297 2475 3351 Dci
2506 3297 2739 3351 cmlestis
2762 3293 3426 3355 habitaculumexsistens,

1775 3354 1817 3412 ϐ
1850 3390 1970 3442 Mali
1992 3405 2176 3459 opera,
2211 3390 2312 3443 hoc
2340 3398 2443 3454 est,
2479 3399 2696 3451 terram,
2728 3389 2908 3458 ignem
2939 3396 2991 3440 et
3030 3402 3208 3439 acrem
3259 3386 3429 3437 couti-

1850 3495 1963 3547 net,
1992 3499 2092 3537 nec
2116 3485 2357 3537 continet
2380 3484 2573 3548 solum,
2623 3482 2715 3536 sed
2750 3493 2804 3535 et
2836 3480 3132 3551 gubernat?
3182 3478 3257 3531 Ex
3304 3488 3428 3532 ortu

1851 3577 1994 3629 enim
2024 3584 2077 3629 ct
2114 3590 2307 3628 occasu
2364 3575 2510 3638 solis,
2544 3584 2940 3641 astrorumque,
2990 3588 3108 3642 quze
3135 3571 3254 3625 cceli
3280 3580 3425 3633 sunt,

1852 3679 1905 3722 et
1930 3680 2091 3733 terra,
2126 3678 2179 3721 et
2212 3684 2371 3736 aqua,
2400 3679 2453 3720 et
2477 3682 2588 3727 aer,
2624 3676 2677 3719 et
2724 3666 2879 3736 ignis,
2913 3665 3115 3719 divinis
3142 3663 3423 3731 auSpiciis,

1855 3772 1963 3813 tum
2017 3760 2159 3813 bona
2217 3776 2311 3813 sua
2349 3768 2711 3829 temperatura
2761 3758 3017 3827 gaudent,
3074 3767 3183 3811 tum
3239 3765 3426 3809 mutua

1852 3854 1990 3906 inter
2028 3868 2086 3906 se
2117 3852 2517 3921 permutatione
2560 3852 2613 3904 in
2649 3866 2936 3905 conuuunc
2981 3852 3180 3903 bonum
3214 3849 3426 3919 perfru-

1852 3952 2037 4005 untur,
2069 3947 2408 4011 humanoque
2448 3943 2629 4013 generi
2685 3944 2915 4011 aliisque
2945 3941 3315 3995 animantibus
3356 3941 3423 3993 ad

1851 4045 2147 4105 prmseutes
2196 4037 2549 4091 necessitates
2603 4037 2961 4104 opitulantur.
3029 4033 3182 4099 Quod
3227 4033 3270 4087 si
3296 4048 3428 4087 vero

1852 4128 2098 4196 principii
2128 4128 2252 4181 mali
2295 4143 2431 4196 Opus
2469 4128 2664 4182 ccelum
2702 4139 2803 4191 est,
2862 4129 3133 4197 quomodo
3170 4128 3427 4181 Servatur

1852 4229 2036 4272 noster
2055 4220 2417 4272 venerandam
2448 4220 2590 4272 illam
2611 4220 2982 4273 ctmirandam
3025 4218 3277 4289 precandi
3312 4217 3427 4272 for-

1854 4311 2051 4365 mulam
2084 4311 2285 4365 docens
2305 4322 2359 4365 et
2392 4312 2748 4381 prmscribcns
2786 4310 2946 4365 Pater
2976 4322 3166 4377 uoster,
3230 4311 3425 4380 inquit,

1852 4404 1938 4472 qui
1971 4404 2025 4455 in
2054 4404 2190 4457 uelis
2219 4421 2270 4457 es
2301 4406 2341 4457 ’.
2405 4404 2714 4472 ltcrumquc
2751 4423 2762 4457 :
2823 4406 3180 4473 sanctiﬁcetur
3238 4421 3426 4457 nomen

1853 4505 2018 4559 tuum,
2039 4495 2169 4547 sicut
2196 4496 2247 4547 in
2270 4499 2393 4547 cwto
2417 4506 2461 4547 et
2482 4497 2532 4547 iu
2564 4507 2704 4548 terra
2744 4496 2806 4547 ".
2848 4496 3131 4561 Quomodo
3170 4496 3348 4564 itaque
3370 4495 3425 4547 in

1851 4588 2021 4639 aliena
2049 4598 2292 4641 creatura
2317 4587 2494 4640 omnis
2515 4597 2779 4641 creatura:
2803 4586 2984 4657 Opifex
3020 4586 3245 4650 habitat,
3277 4569 3425 4654 qua:-

1787 4707 1826 4761 υ
1855 4694 1958 4747 que
1989 4689 2043 4732 et
2074 4681 2207 4732 mala
2230 4680 2299 4733 sit
2329 4690 2379 4732 et
2412 4680 2531 4733 mali
2573 4680 2824 4748 principii
2856 4693 3012 4748 Opus.
3040 4678 3177 4731 Alibi
3209 4693 3423 4747 quoque

1858 4772 2115 4825 Servatur
2151 4771 2397 4823 homines
2438 4772 2489 4822 in
2535 4786 2592 4824 sc
2644 4771 2873 4823 invicem
2931 4769 3268 4837 indulgentes
3303 4783 3425 4822 esse

1854 4865 2122 4931 cupiens:
2168 4860 2226 4915 Si
2268 4863 2595 4920 remiserilis.
2650 4862 2846 4929 inquit,
2892 4863 3189 4913 hominibus
3246 4860 3425 4925 lapsus

1853 4972 2052 5018 eorum,
2102 4964 2147 5006 et
2180 4955 2314 5006 vobis
2359 4954 2519 5007 Pater
2557 4966 2719 5007 vester
2758 4954 2974 5007 caelestis
3008 4966 3198 5006 vestros
3244 4952 3425 5003 remit-

1852 5050 2010 5101 tet“.
2074 5049 2210 5101 Alibi
2269 5048 2407 5101 idem
2466 5049 2727 5099 voluntati
2781 5046 2871 5099 Dei
2936 5044 3422 5099 obsecundandum

1852 5140 2193 5210 prrecipiens,
2230 5139 2369 5192 sicut
2410 5148 2466 5192 et
2507 5139 2620 5207 ipse
2656 5139 2887 5207 primum
2924 5138 3254 5191 voluntatem
3305 5136 3425 5204 ejus

1858 5234 2164 5285 eminenter
2196 5231 2435 5299 implevit
2476 5247 2489 5285 :
2521 5228 2837 5297 Quicunque,
2880 5228 3073 5296 inquit,
3106 5227 3424 5280 voluntatem

1852 5326 2028 5377 Patris
2066 5326 2184 5385 mei,
2244 5324 2330 5391 qui
2361 5324 2415 5375 in
2470 5322 2605 5374 caelis
2638 5330 2733 5382 est,
2764 5321 3062 5389 perfecerit,
3106 5319 3149 5371 is
3178 5329 3223 5371 et
3258 5318 3425 5385 frater

1849 5433 2010 5474 meus.
2058 5425 2105 5468 et
2132 5432 2276 5467 soror
2303 5424 2351 5467 et
2378 5425 2548 5467 mater
2601 5414 2800 5466 exsistit
2830 5414 2894 5465 ”.
2944 5414 3021 5466 Ex
3054 5409 3422 5465 misericordia

1850 5508 2061 5561 scilicet
2086 5507 2365 5560 hominum
2388 5504 2761 5559 amantissima
2784 5504 2835 5559 id
2853 5503 3059 5558 donans
3084 5502 3223 5566 aliis,
3276 5498 3423 5570 quod

1674 5627 1715 5657 "
1750 5627 1935 5681 Matth.
1966 5642 2064 5691 xu,
2099 5624 2185 5679 50.

1301 5753 1531 5809 νΑῘίΙΛΕ
1580 5756 1961 5815 LECTIONES
1994 5758 2079 5815 ET
2110 5756 2336 5814 NOTAE.

256 5876 371 5949 (95)
406 5875 489 5944 Τῷ
539 5893 621 5933 τε.
670 5875 745 5931 lta
778 5874 971 5946 scripsi
1023 5889 1121 5944 pro
1148 5872 1287 5940 τότε,
1340 5872 1483 5942 quod
1531 5872 1585 5927 in
1638 5888 1739 5929 ms.
1780 5882 1972 5931 exstat.
