4222 6432
780 402 847 468 91
1838 441 1840 444 ν
1906 402 2162 462 ΡΠΟΤΗ
2205 399 2708 461 PATRIARCHd-I
2759 404 2870 462 CP.
3925 397 3999 461 92

780 517 895 584 ipse
917 520 1104 565 natura
1136 511 1441 580 possidebat
1470 529 1481 564 :
1519 511 1634 581 ipse
1665 511 1810 565 enim
1835 510 2000 565 Filius
2030 511 2199 564 Patris
2219 524 2324 561 non
2358 509 2400 563 Α
2427 525 2447 558 ι

2321 530 2324 559 ι
2358 509 2400 563 Α
2427 509 2607 574 αὐτός
2638 527 2756 577 μου
2782 511 3044 579 ἀδελφὸς
3076 511 3168 564 καὶ
3195 510 3428 577 ἀδελφὴ
3467 511 3565 564 καὶ
3587 510 3784 578 μήτηρ
3806 509 3942 565 ἐστι
3969 527 3988 545 ο

782 603 1078 657 secundum
1144 603 1390 670 gratiam,
1445 603 1537 655 sed
1589 603 1883 655 secundum
1937 612 2182 654 naturam
2229 611 2330 654 est.

777 694 912 747 Cum
937 709 1064 747 vero
1086 704 1143 746 ut
1165 695 1324 746 homo
1354 694 1678 746 voluntatem
1711 694 1827 761 ejus
1858 693 2190 762 perfecisset,
2218 707 2332 754 eos,

778 785 869 853 qui
890 785 1183 838 imitatione
1239 785 1377 837 idem
1427 785 1760 852 exprimunt,
1827 785 1880 836 iu
1937 785 2071 837 filios
2121 784 2332 852 recipit,

778 877 1110 945 fratrumque
1171 877 1390 929 nomine
1441 877 1778 928 cohonestat.
1813 874 1877 928 Et
1935 877 2062 942 quid
2089 892 2331 942 ,qu:eso,

779 965 1060 1031 quisquam
1105 965 1399 1016 obverterit
1444 965 1545 1022 eis.
1577 980 1669 1030 per
1689 980 1808 1032 qum
1836 964 2090 1017 Senator
2121 965 2332 1018 Patrem

780 1071 934 1107 suum
967 1055 1240 1108 caelestem
1273 1065 1327 1107 et
1376 1055 1427 1106 in
1470 1055 1618 1107 cmlis
1667 1056 2012 1108 exsistentcm
2046 1057 2336 1124 prmdieat?

779 1146 844 1200 Et
882 1147 1005 1213 quid
1029 1156 1217 1198 caetera
1248 1147 1703 1198 commemorem?
1730 1149 1999 1214 quomodo
2023 1148 2337 1201 saccrrimo-

779 1253 895 1288 rum
940 1237 1217 1289 hominum
1269 1235 1600 1303 impudentia
1659 1252 1764 1289 non
1813 1238 2095 1308 frangitur,
2155 1241 2334 1293 audita

778 1323 986 1376 Domini
1040 1340 1170 1378 voce
1200 1341 1212 1375 :
1243 1324 1499 1391 Confiteor
1532 1327 1645 1386 tibi,
1685 1326 1863 1388 Pater,
1895 1328 2113 1381 Domine
2153 1331 2263 1382 cozli
2289 1339 2335 1382 et

780 1424 930 1467 terra:
963 1417 1022 1469 ".
1051 1417 1149 1471 Ubi
1181 1434 1302 1471 cum
1332 1434 1438 1472 non
1468 1422 1638 1472 solum
1666 1420 1810 1484 εαξη,
1842 1421 1936 1472 sed
1950 1430 2004 1474 et
2037 1429 2193 1474 terra:
2233 1422 2336 1473 llo-

781 1507 987 1558 minum
1018 1519 1200 1574 aperte
1232 1513 1581 1578 pronuntiat?
1643 1522 1698 1566 et
1727 1511 1855 1581 quid
1890 1513 1992 1564 hoc
2026 1512 2336 1564 testimonio

779 1596 975 1648 clarius
997 1608 1097 1658 cst.
1121 1601 1356 1668 quidque
1391 1605 1558 1672 magis
1589 1604 1765 1657 valere
1801 1613 1979 1672 potest
2001 1605 2065 1656 ad
2100 1604 2336 1657 efficien-

779 1687 927 1746 dum,
957 1697 1012 1740 ut
1043 1689 1250 1743 Patrem
1284 1693 1488 1746 Domini
1517 1696 1682 1748 nostri
1700 1693 1827 1748 Jesu
1852 1695 2053 1749 Christi
2085 1697 2332 1763 opificem

779 1787 833 1829 et
881 1778 1162 1833 Dominum
1209 1785 1374 1835 totius
1427 1785 1660 1837 universi
1708 1787 2118 1849 constituamus,
2176 1787 2334 1838 etde

779 1865 1096 1921 defectionis
1124 1870 1240 1937 ejus
1266 1872 1542 1938 impietate
1582 1874 2018 1942 triumphemus?

849 2043 933 2097 Vl.
961 2044 1202 2114 Cumque
1225 2048 1349 2100 alibi
1377 2049 1585 2112 Petrus,
1604 2053 1968 2120 apostolorum
1989 2055 2330 2123 coryphmus,

775 2150 1123 2189 comnmuem
1158 2151 1400 2193 nostrum
1432 2142 1739 2212 Magistrum
1774 2154 1828 2197 et
1853 2145 2016 2198 Deum
2057 2147 2333 2214 professus

777 2236 944 2292 esset,
990 2228 1036 2281 is
1083 2229 1245 2298 hujus
1300 2233 1652 2300 professionis
1689 2237 1969 2302 pratuliqu
2023 2237 2121 2304 ipsi
2177 2239 2328 2306 quasi

780 2319 1048 2372 relaturus
1078 2321 1291 2375 beatum
1339 2325 1555 2392 quidem
1585 2340 1706 2376 eum
1729 2327 2006 2393 przedicat,
2045 2330 2331 2382 revelatio-

779 2425 900 2461 nem
934 2427 1059 2462 vero
1082 2412 1219 2465 hanc
1242 2415 1451 2466 Patrem
1486 2415 1537 2467 in
1568 2417 1719 2469 caelis
1752 2417 1852 2486 ipsi
1889 2420 2200 2473 exhibuisse
2233 2423 2331 2474 do-

777 2517 943 2554 cens:
978 2501 1170 2582 Beatus
1192 2521 1260 2563 es.
1297 2505 1488 2573 inquit,
1519 2507 1595 2574 [ili
1625 2507 1791 2568 Jome,
1824 2513 1946 2578 quia
1980 2527 2100 2563 caro
2135 2522 2181 2564 et
2205 2529 2331 2564 san-

777 2595 892 2660 guis
921 2610 1021 2646 non
1053 2597 1296 2649 revelavit
1328 2599 1437 2660 tibi,
1468 2601 1555 2650 sed
1584 2599 1742 2652 Pater
1766 2619 1907 2654 meus
1937 2605 1989 2655 in
2024 2607 2181 2658 cazlis.
2223 2606 2330 2674 Ego

779 2699 896 2734 vero
924 2685 1036 2735 dico
1070 2685 1162 2736 tibi
1192 2701 1210 2736 :
1231 2687 1302 2738 Tu
1325 2704 1376 2738 es
1407 2687 1612 2748 Petrus,
1645 2701 1692 2742 et
1715 2691 1767 2743 in
1795 2694 1891 2744 hac
1917 2705 2070 2756 petra
2103 2697 2333 2762 (adiﬁca-

779 2777 840 2826 bo
875 2775 1157 2829 Ecclesium
1187 2796 1378 2842 meam,
1413 2791 1458 2831 et
1485 2791 1646 2847 portat
1672 2783 1955 2852 inferorum
1992 2788 2036 2838 ei
2067 2805 2167 2840 non
2193 2807 2332 2856 pm:-

779 2868 1038 2920 valebunt.
1084 2868 1147 2921 Et
1204 2871 1337 2923 dabo
1399 2871 1506 2923 Tibi
1536 2873 1704 2926 claves
1756 2879 1899 2946 regni
1943 2879 2228 2945 crelurum;
2285 2892 2334 2934 et

781 2960 1032 3029 quidquid
1060 2961 1301 3030 ligaveris
1329 2964 1380 3014 in
1407 2977 1546 3017 terra
1575 3007 1588 3030 ,
1631 2968 1845 3035 ligatum
1873 2971 1971 3022 erit
2000 2973 2054 3022 in
2081 2973 2244 3037 ca'lis,
2285 2984 2334 3026 et

782 3052 1033 3120 quidquid
1061 3051 1269 3105 solveris
1308 3055 1361 3105 in
1416 3066 1576 3119 terra,
1620 3058 1844 3112 solutum
1873 3063 1970 3113 erit
2012 3064 2065 3114 in
2091 3065 2228 3118 cmlis
2267 3067 2330 3120 ".

2438 599 2838 670 φιλανθρώποις
2874 603 3214 672 δωρούμενος
3273 603 3617 670 σπλάγχνοις,
3667 603 3802 670 ὅπερ
3834 602 3999 664 αὐτὸς

2436 687 2548 759 εἶχε
2579 691 2716 742 κατά
2744 691 2924 760 φύσιν.
2960 693 3129 755 Αὐτὸς
3158 693 3256 761 μὲν
3278 694 3386 760 γὰρ
3423 691 3548 752 Υἱὸς
3570 690 3664 742 τοῦ
3696 692 3907 754 Πατοος
3933 693 3996 743 οὐ

2436 787 2574 837 κατά
2621 787 2797 855 χάριν,
2830 787 2966 839 ἀλλά
2993 788 3133 840 κατά
3175 787 3366 855 φύσιν·
3401 785 3622 855 πληρῶν
3665 786 3722 838 δὲ
3755 788 3896 838 κατά
3935 788 4000 838 τὸ

2437 876 2774 943 ἀνθρώπινον
2814 878 2874 929 τὸ
2928 879 3137 945 θέλημα
3179 879 3362 930 αὐτῶν
3407 879 3534 939 τους
3584 878 3722 929 κατὰ
3765 877 3998 946 μίμησιν

2438 963 2729 1032 πληρωτὰς
2770 968 2850 1026 εἰς
2880 966 3150 1018 υἱοθεσίαν
3196 967 3339 1032 ἄγει,
3377 967 3470 1018 καὶ
3501 967 3559 1019 τὸ
3591 967 3698 1017 τῶν
3747 965 3998 1034 ἀδελφῶν

2439 1054 2713 1120 χαρίζεται
2743 1054 2929 1122 ὄνομα.
2958 1057 3064 1107 Καὶ
3088 1057 3139 1106 τί
3175 1056 3238 1107 ἄν
3267 1073 3347 1117 τις
3369 1056 3644 1122 ἀναλέγοι.
3683 1055 3749 1107 δι’
3783 1049 3857 1107 ὧν
3906 1056 4000 1107 οῦ-

2449 1144 2626 1210 ράνιον
2647 1143 2740 1194 καὶ
2762 1145 2816 1193 ἐν
2839 1145 3084 1213 οὐρανοῖς
3110 1148 3137 1196 ὀ
3167 1145 3353 1214 Σωτὴρ
3369 1146 3458 1195 τὸν
3489 1144 3707 1213 Πατέρα
3735 1145 3989 1213 ἀκιυμνεῖς

2437 1236 2502 1286 Τί
2533 1236 2590 1286 δὲ
2638 1236 2801 1288 τᾶλλα
2832 1237 3010 1303 λέγως
3047 1236 3163 1298 πῶς
3190 1237 3299 1288 τῶν
3329 1236 3684 1304 παλαμναίων
3729 1235 3789 1288 οὐ
3824 1252 3998 1288 κατα-

2436 1326 2617 1378 δύεται
2645 1327 2705 1378 τὸ
2733 1329 3082 1396 ἀναίσχυντον
3131 1329 3227 1396 τῆς
3266 1328 3600 1393 Δεσποτικῆς
3627 1327 3856 1394 ἐχούσης
3883 1325 3998 1389 (96)

2437 1417 2640 1484 φωνῆς’
2673 1437 2690 1466 ι
2714 1418 3174 1486 Ἐξομολογοῦμαί
3197 1436 3277 1480 σε,
3297 1418 3498 1489 Πάτερ,
3523 1418 3691 1486 Κύριε
3721 1417 3815 1470 τοῦ
3832 1419 4002 1487 οὐρα-

2437 1504 2528 1555 νοῦ
2558 1507 2656 1556 καὶ
2685 1507 2782 1573 τῆς
2807 1507 2938 1573 γῆ;;
2963 1525 2981 1555 ι
3002 1506 3062 1556 οὐ
3087 1506 3193 1574 γὰρ
3213 1507 3371 1574 μόνον
3393 1504 3623 1558 ἐνταῦθα
3647 1505 3739 1558 τοῦ
3761 1504 3994 1575 οὐρανοῦ

2437 1595 2659 1663 Κύριον,
2695 1596 2827 1647 ἀλλά
2857 1598 2947 1648 καὶ
2973 1600 3070 1662 τῆς
3091 1598 3191 1664 γῆς
3210 1596 3523 1665 τρανολογεῖ
3541 1613 3552 1624 ·
3589 1597 3682 1648 καὶ
3708 1597 3758 1648 τί
3790 1596 3998 1664 ταύτης

2435 1687 2531 1754 τῆς
2561 1687 2860 1756 μαρτυρίας
2906 1691 3275 1756 σαφέστερονς
3309 1689 3360 1738 τί
3413 1688 3468 1739 δὲ
3499 1687 3862 1757 δυνατώτερον
3901 1688 3998 1738 καὶ

2435 1777 2523 1827 τὸν
2561 1778 2773 1845 Πατέρα
2795 1777 2886 1828 τοῦ
2921 1779 3120 1848 Κυρίου
3175 1778 3330 1846 ἡμῶν
3371 1776 3545 1846 Ἰησοῦ
3595 1775 3855 1847 Χριστοῦ,
3893 1777 3991 1844 δη-

2438 1871 2697 1940 μιουργὸν
2728 1871 2820 1923 καὶ
2857 1871 3056 1939 Κύριον
3100 1871 3448 1940 παραστῆσαι
3494 1868 3587 1920 τοῦ
3639 1868 3858 1933 παντὸς,
3894 1869 3992 1921 καὶ

2434 1963 2491 2013 τὸ
2515 1963 2778 2031 θεομάχον
2811 1964 2908 2031 τῆς
2953 1963 3287 2023 ἀποστασίας
3316 1961 3710 2029 θριαμϐεῦσαις

2505 2049 2592 2117 ς’.
2623 2053 3017 2120 Θεολογήσαντι
3046 2052 3157 2120 (97)
3183 2051 3237 2102 δὲ
3265 2051 3425 2103 πάλιν
3446 2051 3522 2119 τῷ
3557 2048 3840 2116 κορυφαίῳ
3879 2047 3989 2099 τῶν

2432 2143 2742 2194 ἀποστόλων
2788 2144 2977 2211 Πέτρῳ
3003 2143 3092 2192 τὸν
3133 2141 3310 2193 κοινὸν
3339 2141 3494 2208 ἡμῶν
3536 2137 3868 2192 Διδάσκαλον
3895 2137 3996 2189 καὶ

2436 2236 2588 2296 Θεὸν,
2623 2236 2810 2304 ὥσπερ
2847 2236 2943 2304 τῆς
2975 2234 3255 2300 θεολογίας
3288 2234 3448 2296 αὐτὸς
3483 2230 3867 2292 ἀνταποδιδοὺς
3903 2248 3997 2298 μι-

2434 2330 2576 2390 σθὸν,
2623 2327 2915 2396 μακαρίζει
2954 2327 3051 2394 μὲν
3096 2327 3186 2378 τὸν
3219 2325 3465 2392 θεολόγον
3491 2322 3840 2393 θεοπρεπῶς·
3892 2323 3994 2393 τὴν

2432 2419 2774 2487 ἀποκάλυψιν
2798 2419 2852 2470 δὲ
2875 2419 3073 2487 ταύτην
3107 2420 3196 2469 τὸν
3231 2420 3287 2469 ἐν
3313 2417 3555 2486 οὐρανοῖς
3591 2416 3808 2482 Πατέρα
3842 2415 3991 2466 ἐκδι-

2430 2513 2616 2565 δάσκει
2654 2513 2954 2580 παρασχεῖν
3002 2510 3146 2579 αὑτῴ
3174 2527 3186 2540 ·
3236 2508 3536 2576 Μακάριος
3559 2504 3632 2568 εἴ,
3666 2507 3820 2577 φησὶ.
3867 2507 3992 2574 ,ϐαρ

2444 2604 2630 2666 Ἰωνᾶ,
2673 2603 2761 2656 ὅτι
2795 2602 2949 2671 σὰρξ
2984 2603 3080 2656 καὶ
3131 2597 3271 2671 αᾷια
3307 2603 3416 2655 οὐκ
3469 2598 3825 2668 ἀπεκάλυψέ
3869 2617 3991 2661 σοι,

2432 2695 2566 2748 ἀλλ’
2589 2698 2620 2748 ό
2658 2694 2856 2761 Πατήρ
2883 2713 3001 2762 μου
3030 2697 3062 2747 ό
3090 2695 3158 2746 ἑν
3206 2693 3328 2758 τοῖς
3366 2692 3666 2760 οὐρανοῖς.
3716 2691 3889 2760 Κάγὼ
3927 2690 3995 2744 δέ

2433 2803 2531 2838 σοι
2557 2787 2710 2855 λέγω
2729 2804 2742 2816 ·
2778 2787 2860 2838 Σὺ
2883 2783 2940 2839 εἷ
2965 2787 3201 2852 Πέτρος.
3234 2786 3331 2838 καὶ
3358 2785 3454 2836 ἐπὶ
3497 2786 3677 2849 ταύτῃ
3705 2782 3777 2849 τῇ
3807 2786 3995 2848 πέτρᾳ

2434 2874 2808 2943 οἰκοδομήσω
2826 2893 2942 2944 μου
2965 2874 3077 2941 τὴν
3097 2876 3478 2940 Ἐκκλησίαν,
3504 2875 3599 2927 καὶ
3629 2874 3815 2926 πύλαι
3842 2872 3993 2938 ᾷδου

2433 2967 2504 3017 οὐ
2559 2967 3040 3032 κατισχύσουσιν
3081 2963 3272 3030 αὐτῆς
3315 2981 3328 2994 ο
3379 2963 3476 3015 καὶ
3520 2962 3692 3014 δώσω
3737 2978 3834 3014 σοι
3887 2961 3994 3023 τὰς

2434 3056 2597 3120 κλεῖς
2624 3055 2731 3122 τῆς
2754 3056 3071 3120 βασιλείας
3098 3054 3214 3106 τῶν
3239 3053 3508 3120 οὐρανῶν
3527 3071 3537 3082 ·
3566 3052 3664 3104 καὶ
3692 3051 3722 3104 ὃ
3748 3051 3856 3103 ἐὰν
3886 3051 3994 3116 δή·

781 3140 943 3194 Millia
974 3143 1234 3210 ejusmodi
1275 3146 1325 3197 iu
1358 3147 1784 3202 confutationem
1818 3151 1995 3220 impia:
2021 3155 2180 3223 hujus
2209 3172 2332 3210 sen-
2358 3164 2400 3220 C
2434 3164 2448 3199 ί

2325 3188 2332 3198 .
2358 3164 2400 3220 (ς
2434 3161 2552 3213 σῃς
2580 3145 2677 3197 ἐπὶ
2706 3144 2813 3212 τῆς
2846 3142 2975 3213 γῆς,
3009 3145 3177 3196 ἔσται
3205 3142 3522 3209 δεδεμένον
3545 3142 3612 3192 ἐν
3649 3143 3772 3204 τοῖς
3819 3142 3992 3203 οὐρα-

783 3233 963 3285 ιοιιιίερ
979 3249 1042 3286 ex
1069 3236 1234 3288 sacris
1257 3234 1428 3289 Libris
1452 3237 1644 3291 aﬂ‘erre
1675 3239 1877 3295 liceret.
1900 3243 2179 3312 Perpende
2209 3263 2336 3302 vero

781 3332 835 3376 ct
863 3323 984 3377 hoc:
1009 3323 1156 3377 Iesus
1173 3326 1466 3394 baptizatus
1483 3331 1751 3398 confestim
1771 3349 1836 3384 ex
1860 3349 1997 3401 aqua
2019 3340 2252 3390 ascendit
2272 3341 2333 3393 ".

699 3451 702 3454 .
785 3414 862 3468 En
897 3415 1129 3486 linguam
1165 3417 1326 3486 impia
1351 3419 1777 3475 declamauteml
1809 3423 1939 3478 Boni
1975 3425 2146 3482 Patris
2173 3430 2338 3486 Filius

783 3508 1021 3573 optimus
1069 3509 1122 3560 in
1170 3519 1414 3562 creatura
1453 3509 1544 3563 Dei
1577 3511 1876 3578 baptizatus
1910 3520 2217 3584 exsceudit;
2245 3532 2334 3576 et:

786 3595 918 3650 Ecce
947 3599 1058 3650 ειειί
1091 3615 1243 3665 super
1272 3601 1440 3669 ipsum
1490 3603 1804 3671 aperiuntur
1831 3607 1909 3658 “l
1946 3608 2021 3660 Eu
2056 3610 2148 3663 tibi
2178 3613 2337 3666 aliam

786 3692 939 3745 malae
969 3709 1158 3746 manus
1189 3697 1522 3748 creaturam!
1554 3711 1650 3749 cur
1683 3713 1810 3749 vero
1859 3702 2028 3769 aperti
2082 3716 2210 3759 sunt
2238 3747 2252 3768 ,
2285 3716 2337 3760 et

786 3785 940 3851 cujus
974 3786 1176 3838 causa?
1208 3786 1362 3846 Vidit,
1397 3786 1590 3856 inquit,
1619 3787 1874 3854 Spiritum
1905 3792 2000 3845 Dei
2029 3795 2339 3850 descenden-

784 3884 888 3926 tem
927 3876 1095 3927 instar
1130 3876 1378 3929 columba:
1407 3878 1467 3930 ”.
1501 3876 1741 3932 Tertium
1790 3882 1903 3938 haec
1952 3900 2118 3952 pauca
2176 3891 2336 3946 verba

782 3962 849 4014 de
873 3963 1145 4030 impietate
1181 3964 1547 4032 triumphandi
1567 3977 1948 4035 argumentum
1968 3974 2333 4041 suppeditant.

783 4047 1061 4111 Quomodo
1091 4052 1234 4104 enim
1263 4067 1360 4121 per
1383 4068 1493 4105 rem
1515 4092 1528 4112 .
1564 4069 1592 4105 a
1624 4057 1764 4108 malo
1791 4058 2086 4126 profectam
2135 4064 2337 4131 princi-

785 4140 894 4206 pio,
922 4141 1155 4209 Spiritus
1182 4141 1273 4196 Dei
1305 4145 1689 4202 adumbratur?
1723 4149 1904 4204 Prodit
1939 4152 2022 4204 illa
2063 4169 2129 4207 ex
2158 4157 2337 4223 Operi-

783 4230 886 4284 bus
917 4233 1106 4294 hostis,
1136 4245 1296 4302 atque
1321 4237 1444 4291 inde
1473 4255 1751 4311 progressa
1777 4242 2060 4297 descendit
2088 4245 2140 4298 in
2171 4245 2336 4300 Chri-

784 4328 948 4373 stum.
1001 4321 1221 4376 Accedit
1277 4334 1525 4391 quartum
1585 4327 1875 4397 impietatis
1934 4341 2335 4400 argumentum.

784 4408 895 4462 Vox
913 4411 1057 4464 enim
1088 4427 1117 4465 e
1147 4414 1285 4468 cmlo
1307 4427 1489 4470 sonat:
1520 4418 1616 4471 Hic
1646 4429 1718 4472 est
1741 4419 1907 4473 Filius
1931 4438 2073 4475 meus
2095 4424 2332 4488 dilectus,

2433 3237 2582 3302 νοῖς·
2615 3239 2711 3290 καὶ
2739 3236 2770 3288 ὃ
2810 3236 2918 3289 ἐὰν
2943 3237 3141 3301 λύσῃς
3182 3233 3278 3286 ἐπὶ
3312 3234 3420 3300 τῆς
3447 3231 3577 3302 γῆς,
3609 3232 3780 3284 ἔσται
3809 3235 3993 3283 latv-

2430 3329 2618 3396 μένον
2666 3329 2734 3380 ὲν
2780 3329 2901 3392 τοῖς
2945 3326 3220 3394 οὐρανοῖς
3247 3340 3260 3354 ⁶
3321 3327 3414 3376 καὶ
3469 3324 3634 3393 μυρία
3681 3323 3745 3375 ἄν
3793 3340 3874 3385 τις
3913 3325 3993 3384 εἰς

2437 3421 2657 3490 ἔλεγχον
2684 3422 2782 3490 τῆς
2819 3419 3049 3480 ἀσεϐοῦς
3115 3418 3350 3480 διανοίας
3390 3418 3452 3468 ὲκ
3488 3417 3597 3468 τῶν
3658 3415 3816 3485 ἱερῶν
3868 3431 3996 3467 συν-

2437 3515 2632 3579 αγάγοι
2661 3513 2886 3578 Λογίων.
2930 3513 3068 3579 Ὅρα
3097 3510 3152 3562 δὲ
3183 3511 3275 3561 καὶ
3334 3507 3519 3560 τοῦτο’
3550 3505 3916 3569 Βαπτισθεὶς
3961 3508 3994 3555 ὁ

2449 3603 2676 3667 Ἰησοῦς
2699 3602 2930 3654 ἄνεισιν
2953 3599 3130 3663 εὐθὺς
3158 3598 3273 3653 ἀπὸ
3302 3598 3405 3651 τοῦ
3435 3597 3670 3661 ὕδατος.
3729 3599 3789 3648 Ὢ
3813 3595 3993 3662 γλώσ-

2438 3712 2535 3762 σης
2575 3692 2884 3762 μελετώσης
2917 3690 3269 3744 δυσσέϐειανί
3317 3691 3405 3743 Ἐν
3452 3690 3530 3758 τῷ
3578 3689 3854 3758 πλάσματι
3895 3688 3991 3739 τοῦ

2439 3786 2683 3855 Πονηροῦ
2720 3787 2747 3835 ὀ
2775 3783 2867 3835 τοῦ
2900 3781 3104 3849 ἀγαθοῦ
3140 3781 3349 3851 Πατρδς
3387 3780 3588 3847 ἀγαθὸς
3642 3781 3763 3842 Υἱὸς
3796 3780 3994 3848 βαπτι-

2439 3877 2586 3938 σθεὶς
2619 3875 2822 3927 ἐκεῖθεν
2863 3874 3054 3935 ἄνεισι,
3080 3874 3173 3924 καὶ
3219 3871 3363 3925 Ἰδοὺ
3415 3871 3803 3938 ἀνεῴχθησαν
3831 3868 3993 3932 αὐτῷ

2435 3971 2489 4020 ol
2523 3964 2799 4033 οὐρανοί]
2833 3965 2993 4015 Ἀλλο
3019 3963 3240 4033 πλάσμα
3281 3964 3439 4016 πάλιν
3479 3964 3718 4030 πονηρᾶς
3766 3962 3947 4029 χειρός
3969 3977 3984 3990 ³

2435 4059 2574 4112 amt
2622 4058 2678 4110 δὲ
2721 4055 3096 4125 ἀνεῴχθησαν,
3159 4056 3252 4107 καὶ
3300 4057 3443 4115 τίνος
3486 4056 3677 4124 χάριν;
3729 4049 3866 4106 Εἶδε
3925 4051 3992 4104 τὸ

2437 4152 2674 4218 Πνεῦμα
2713 4149 2818 4201 τοῦ
2856 4149 3022 4208 Θεοῦ,
3059 4149 3211 4216 φησὶ,
3259 4147 3610 4200 καταϐαῖνον
3645 4145 3786 4198 ὡσεί
3827 4162 3991 4211 περι-

2435 4241 2655 4308 στεράν
2674 4281 2688 4295 .
2717 4240 2908 4308 Τρίτος
2939 4232 3090 4300 οὗτος
3110 4241 3206 4308 τῆς
3232 4239 3484 4301 ἀσεὸεἰας
3506 4240 3560 4290 ἐν
3587 4238 3784 4305 ὀλίγοις
3803 4239 3989 4308 ῥήμα-

2438 4352 2518 4387 σιν
2546 4330 2829 4402 θρίαμϐος.
2871 4330 2992 4390 Πῶς
3012 4331 3119 4397 γὰρ
3147 4331 3204 4380 ὲν
3239 4329 3314 4398 τῷ
3349 4330 3582 4398 σχήματι
3611 4327 3703 4380 τοῦ
3731 4329 3985 4398 πλάσμα-

2437 4441 2523 4484 τος
2555 4421 2648 4473 τοῦ
2681 4416 2924 4488 Πονηροῦ
2955 4417 3017 4469 τὸ
3042 4417 3135 4469 τοῦ
3162 4417 3294 4469 Θεοῦ
3329 4417 3548 4485 Πνεῦμα
3572 4416 3854 4478 τυποῦται,
3893 4418 3990 4469 καὶ

782 4499 838 4550 in
860 4515 959 4564 quo
981 4500 1266 4554 delectatus
1289 4520 1403 4555 sum
1436 4504 1496 4558 ¹⁸.
1534 4504 1848 4570 Considera,
1895 4523 2075 4577 quasso
2105 4554 2118 4575 ,
2158 4513 2337 4584 singu—
2367 4493 2409 4547 θ
2441 4535 2449 4568 :

2324 4545 2337 4555 -
2367 4493 2409 4547 θ
2441 4515 2680 4570 κάτεισιν
2709 4509 2892 4562 ἐκτῶν
2920 4507 3094 4578 ἔργων
3120 4506 3212 4559 τοῦ
3232 4505 3483 4576 Ἑχθροῦ,
3503 4505 3756 4558 κάκεῖθεν
3786 4504 3991 4558 κατιὼν

785 4589 864 4641 las
895 4605 1074 4654 voces,
1105 4601 1161 4644 ut
1189 4608 1311 4645 cum
1338 4593 1416 4648 eis
1463 4595 1660 4650 invicta
1704 4597 1998 4666 impietatis
2036 4602 2336 4660 confutatio

788 4723 899 4845 Π¹³
936 4723 1122 4778 Matth.
1165 4742 1240 4794 It,
1275 4729 1365 4784 25.
1445 4731 1488 4762 "
1520 4732 1650 4788 ibid.

1725 4732 1767 4764 “
1790 4733 1976 4789 Matth.
2034 4753 2120 4791 xvr
2154 4780 2169 4803 ,
2205 4741 2290 4805 l7,
2320 4741 2406 4795 18.

2442 4607 2658 4676 ἔρχεται
2681 4602 2773 4654 ἐπὶ
2801 4600 2890 4652 τὸν
2920 4599 3153 4668 Ἰησοῦν;
3177 4599 3284 4649 Καὶ
3317 4598 3548 4667 τετάρτη
3573 4597 3738 4666 στήλη
3758 4597 3868 4666 (93)
3895 4599 3993 4660 τῆς

2484 4741 2528 4771 ⁸⁸
2558 4735 2748 4791 Matth.
2777 4747 2854 4796 Ill,
2888 4732 2972 4785 16.
3049 4731 3092 4761 ¹⁶
3122 4729 3252 4784 ibid.
3291 4728 3375 4783 16.
3453 4730 3494 4759 ¹⁷
3541 4729 3672 4783 ibid.
3751 4730 3794 4761 ⁸⁸
3854 4729 3987 4783 ibid.

1869 4924 2097 4980 VARIAS
2129 4927 2509 4984 LECTIONES
2538 4927 2623 4981 ET
2661 4925 2889 4980 NOTAE.

853 5035 964 5121 (θὸ)
1030 5036 1338 5105 Ἐχούσης.
1378 5034 1634 5108 Legerem
1683 5036 1917 5092 libenter
1965 5039 2224 5109 ἡκούσης,
2269 5058 2334 5096 ex

783 5107 954 5175 ἠχεῖν.
1465 5107 1470 5108 ⁷
2006 5107 2035 5109 η
2160 5107 2166 5109 ⁷

858 5178 968 5244 (97)
1007 5174 1466 5244 Θεολογῆσαντι.
1521 5175 1801 5242 Θεολογεῖν
1865 5177 2002 5231 idem
2062 5179 2147 5233 hic
2195 5195 2335 5244 esse,

784 5246 924 5312 quod
981 5245 1142 5298 Deum
1191 5248 1416 5315 aliquem
1465 5247 1715 5315 proﬁteri,
1763 5261 1859 5314 pro
1897 5247 1999 5299 Deo
2029 5250 2233 5311 habere,
2269 5266 2334 5303 ex

788 5315 1018 5370 Matthxi
1069 5317 1186 5367 loco
1223 5315 1466 5384 allegato,
1521 5325 1574 5368 et
1620 5317 1831 5368 Petrina
1884 5317 2220 5372 confessione
2261 5321 2335 5373 ibi

787 5394 1101 5445 memorata,
1136 5400 1231 5452 per
1264 5401 1321 5438 se
1352 5393 1515 5453 patet.
1547 5387 1718 5453 Atque
1754 5387 1851 5438 ista
1880 5388 2024 5442 vocis
2056 5392 2202 5441 notio
2231 5405 2332 5442 an-
2366 5413 2369 5418 ·

787 5455 931 5523 tiqua
955 5455 1237 5509 admodum
1283 5463 1357 5524 et,
1382 5455 1697 5508 Doctoribus
1731 5455 2049 5524 Christianis
2082 5458 2333 5524 perfami-

786 5524 931 5577 liaris
989 5533 1088 5576 est.
1150 5525 1278 5578 Vide
1335 5523 1420 5577 Jo.
1473 5524 1693 5592 Gaspar.
1751 5523 1953 5578 Sviceri
2015 5523 2331 5580 Thesaurum

786 5595 1088 5664 ecclesiast..
1122 5608 1175 5664 p.
1203 5594 1372 5658 1555ς
1396 5593 1702 5662 Dionysium
1723 5593 2019 5658 Petavium,
2041 5598 2092 5648 in
2120 5598 2328 5664 prrefat.

787 5663 852 5715 ad
888 5673 1087 5715 tomum
1124 5663 1159 5734 ΔΙ
1189 5664 1496 5732 Dagmatum
1532 5663 1831 5734 theologia,
1865 5675 1922 5734 et
1975 5681 2088 5724 eos.
2121 5663 2228 5734 θιιυὶ
2261 5668 2328 5720 ad

789 5748 1084 5800 cognomen
1115 5731 1335 5785 Joannis
1364 5733 1722 5803 evangelista,
1746 5733 1833 5798 qui
1862 5731 2330 5802 Theologus'voca-

791 5812 896 5866 tur,
928 5803 1272 5857 conuncntati
1334 5817 1476 5858 sunt.
1511 5802 1775 5857 ’Similem
1824 5803 2179 5871 signiﬁcatum
2213 5807 2328 5860 voci

2445 5040 2710 5105 θεολογεα,
2743 5039 2834 5107 qui
2869 5045 2923 5091 et
2960 5036 3046 5091 hic
3075 5037 3232 5104 paulo
3274 5044 3396 5106 post
3447 5035 3702 5107 occurrit.
3740 5048 3988 5104 respectu

2445 5109 2632 5164 Christi
2665 5111 2714 5161 in
2739 5105 2928 5177 primis
2960 5108 3248 5177 vindicavit
3275 5105 3560 5177 luculentis
3583 5115 3825 5177 veterum
3855 5109 3990 5161 locis

2442 5180 2526 5234 Jo.
2580 5173 2812 5233 Pearsbn
2862 5178 2914 5230 in
2946 5176 3096 5231 Notis
3147 5179 3210 5230 ad
3260 5175 3444 5242 lgnatii
3497 5173 3778 5241 Epistolas,
3825 5191 3877 5244 p.
3933 5178 3988 5232 7.

2443 5251 2587 5302 Alias
2624 5249 2889 5313 θεολογεῖν
2934 5256 2987 5300 et
3035 5247 3280 5314 θεολογία
3320 5247 3387 5298 de
3436 5244 3741 5314 laudatione
3767 5255 3820 5298 et
3850 5246 3992 5299 cele-

2441 5320 2683 5371 bratione
2732 5317 2822 5370 Dei
2877 5317 3116 5369 adhiberi
3148 5316 3386 5370 ostendit
3436 5314 3602 5366 Henr.
3641 5313 3882 5367 Valesius
3921 5318 3990 5369 ad

2437 5387 2649 5441 Eusebii
2682 5388 2878 5439 llistor.
2909 5388 3082 5439 eccles.
3114 5403 3166 5448 x,
3196 5387 3248 5444 5.
3278 5401 3394 5454 pag.
3423 5384 3540 5437 190.

2509 5461 2619 5527 (98)
2649 5457 2867 5521 Στήλη.
2902 5457 3118 5524 l'roprie
3155 5457 3479 5527 columnam,
3514 5465 3630 5527 tum
3680 5468 3810 5527 vero
3860 5454 3990 5507 titu-

2435 5524 2545 5581 lum
2581 5524 2642 5581 ac
2667 5527 3096 5594 inscriptionem,
3126 5526 3388 5578 columnis
3420 5525 3634 5578 inscribi
3675 5524 3908 5594 solitam.
3937 5534 3992 5577 et

2434 5600 2590 5650 aliam
2624 5593 3023 5664 quamcunque,
3054 5611 3115 5648 ac
3146 5597 3268 5648 hinc
3321 5602 3500 5646 notam
3555 5609 3678 5647 cum
3725 5593 3992 5664 dedecore

2429 5663 2772 5734 conjunctam
2803 5667 3061 5717 denotare
3089 5664 3241 5722 solet.
3266 5664 3355 5731 qui
3386 5674 3690 5732 postremus
3713 5663 3992 5734 signiﬁca-

2434 5732 2638 5790 tus’hic
2662 5750 2874 5803 quoque
2907 5735 3079 5786 locum
3115 5734 3358 5786 obtinere
3378 5734 3622 5803 Avidetur,
3663 5747 3823 5803 quem
3857 5732 3992 5785 alias

2435 5809 2487 5860 in
2539 5801 2759 5859 vocibus
2792 5801 2937 5858 hinc
2984 5804 3239 5856 derixatis
3275 5801 3568 5869 στηλιτεύω
3601 5815 3653 5857 ct
3710 5801 3991 5869 στηλιτευο
