4222 6432
193 439 263 502 93
1243 439 1539 500 CONTRA
1579 434 2037 497 MANICILEOS
2070 434 2302 497 LIBER
2326 436 2376 495 ll.
3358 432 3426 495 94

194 544 483 608 ἀσεϐείας·
529 547 681 616 φωνὴ
738 546 938 599 δίδοται
976 547 1038 598 ὲκ
1085 547 1192 598 τῶν
1236 548 1484 617 οὐρανῶν
1510 563 1523 575 ·
1576 542 1765 609 οὗτός
1794 548 1838 603 Α

1759 565 1765 579 -
1794 548 1838 603 Α
1868 542 2160 597 oll'eratur:
2198 541 2300 595 llic
2322 550 2420 603 est,
2454 541 2658 610 inquit,
2692 541 2861 595 Filius
2892 556 3033 593 mens
3058 540 3276 594 dilectus
3311 579 3325 603 .
3371 542 3426 595 in

194 640 369 691 ἐστιν
409 641 441 690 ό
482 640 610 703 Υἱὸς
654 656 775 706 μου
815 639 1197 705 όάγαπητὸς.
1246 640 1316 691 ἐν
1344 633 1392 705 ᾧ
1434 638 1761 704 εὐδόκησα.

208 728 526 780 Ἐπισκόπει
558 745 670 796 μοι,
718 730 989 795 άγαπητὲ,
1025 728 1373 796 καοεκάστην
1418 729 1583 791 λέξιν,
1616 729 1765 789 ὅπως

196 821 389 881 αὑταῖς
442 820 798 887 σομπρόεισιν
843 823 871 873 6
913 822 1054 873 κατὰ
1087 822 1187 890 τῆς
1226 822 1480 883 ἀσεϐείας
1529 821 1766 888 ἄφυκτος

196 910 419 977 ἐλεγχος
448 926 463 939 ·
507 907 695 975 Οὗτός
728 913 880 973 ἐστι,
932 914 1116 982 φησὶν,
1162 916 1193 967 d
1249 914 1374 977 Υἱός
1412 930 1532 982 μου
1562 916 1593 965 ό
1625 914 1766 980 ἀγα-

197 1005 389 1067 πητὸς
418 1003 488 1055 ὲν
516 996 565 1068 ᾧ
586 1004 908 1070 εὐδόκησα.
958 1006 1053 1067 Τίς
1078 1002 1233 1067 οὗτος
1254 1007 1282 1057 ὁ
1312 1007 1371 1057 έν
1399 1005 1549 1057 ὕδατι
1573 1004 1769 1073 βαπτι-

198 1092 447 1159 ζόμενος.
473 1086 516 1159 ᾧ
547 1094 896 1162 ἀνείρχθησαν
916 1096 965 1147 οἱ
989 1095 1229 1163 οὐρανοὶ,
1248 1096 1335 1161 ἐφ’
1367 1094 1425 1145 ὃν
1460 1094 1519 1145 τὸ
1548 1093 1768 1163 Πνεῦμα

197 1188 259 1235 τὸ
308 1184 441 1252 έμδν
488 1188 545 1237 ὲν
587 1189 766 1255 μορφῇ
803 1188 1132 1255 περιστερᾶς
1166 1186 1500 1239 καταϐαῖνον
1554 1187 1618 1237 ἐκ
1660 1185 1769 1236 τῶν

198 1276 450 1345 οὐρανῶν
517 1279 1052 1347 συνεπιμαρτυρεῖ-αι
1092 1279 1185 1330 τοῦ
1229 1278 1625 1347 βαπτιζομένου
1674 1278 1770 1347 τὴν

199 1366 422 1433 υἰότητα
444 1384 459 1425 :
488 1366 668 1419 Πάντα
698 1369 803 1435 ἐμά
824 1367 911 1419 διὰ
945 1367 1051 1418 τῶν
1071 1368 1217 1436 ἐμῶν
1235 1367 1568 1437 κτισμάτων,
1590 1367 1618 1417 6
1642 1366 1770 1434 ἐμὸς

200 1457 354 1520 Υἱὸς.
388 1458 449 1510 τὸ
475 1457 682 1526 Θέλημα
714 1459 939 1528 πληρῶν
967 1459 1027 1510 τὸ
1049 1460 1201 1527 ἐμὸν,
1240 1459 1338 1528 τὴν
1370 1458 1645 1527 σωτηρίαν
1675 1474 1773 1509 κα-

199 1550 500 1624 ταπράττει
524 1550 618 1601 τοῦ
640 1551 842 1617 κόσμου
864 1566 876 1577 ·
898 1551 1064 1618 μόνης
1085 1550 1142 1602 δὲ
1170 1549 1264 1601 τοῦ
1292 1549 1431 1601 Πνεύ
1441 1565 1607 1618 ματος
1626 1547 1775 1611 ἐξου-

201 1630 347 1706 σίας.
369 1644 448 1713 τῷ
478 1646 707 1713 ὁμοφυεί
736 1646 1132 1714 συμπαρούσης
1166 1646 1261 1697 καὶ
1285 1643 1774 1712 άνακηρυττούσης

200 1735 279 1803 τῷ
310 1736 599 1804 πράγματι
638 1738 699 1787 τὸ
743 1738 963 1804 γνήσιον
1000 1736 1101 1805 τῆς
1150 1737 1419 1805 υίότητος.
1466 1733 1770 1802 Ἐτέρωοεν

200 1827 255 1878 δὲ
288 1828 453 1877 πάλιν
485 1831 594 1889 τοῖς
652 1828 828 1879 πάντα
866 1828 1187 1895 πράττουσι,
1232 1827 1371 1896 πρὸς
1418 1824 1477 1877 τὸ
1516 1828 1773 1893 ἀρέσκειν

1864 652 1966 704 quo
1994 636 2279 687 delectatus
2306 651 2441 687 sum.
2475 634 2608 699 Quis
2637 643 2755 697 est,
2800 634 2893 702 qui
2927 636 2981 687 in
3014 650 3149 704 aqua
3181 636 3425 705 baptiza-

1867 734 1973 786 tur,
2008 740 2171 793 super
2193 740 2300 793 quo
2331 725 2500 792 aperti
2535 734 2663 776 sunt
2717 725 2863 787 caeli,
2895 726 2947 778 in
2978 740 3137 793 quem
3192 726 3429 794 Spiritus

1868 833 2041 877 meus.
2070 818 2253 871 habitu
2288 817 2553 871 columbae
2582 817 2920 871 descendens
2946 832 3010 871 ex
3036 818 3207 880 cmlis,
3264 827 3429 872 testa-

1870 921 1953 964 tur
1976 911 2307 978 baptizatum
2338 911 2484 962 hunc
2505 924 2626 962 esse
2657 909 2893 962 Filium?
2922 908 3114 963 Omnia
3143 926 3261 963 mea
3280 920 3428 974 sunt,

1868 1002 1993 1070 quia
2025 1002 2205 1054 omnia
2235 1001 2450 1055 condidi
2480 1018 2491 1051 :
2524 999 2687 1053 Filius
2720 1016 2934 1069 quoque
2970 1016 3122 1054 meus
3146 1009 3229 1055 est
3252 1040 3267 1063 ,
3311 1002 3426 1070 qui,

1872 1095 2196 1147 voluntatem
2232 1109 2405 1146 meam
2426 1093 2733 1161 perticiens.
2762 1093 2966 1144 mundo
2992 1092 3221 1145 salutem
3252 1091 3433 1146 conci-

1871 1188 1985 1247 liat,
2024 1188 2149 1239 dum
2185 1188 2397 1240 interim
2453 1188 2622 1239 virtus
2657 1186 2889 1255 Spiritus
2922 1186 3025 1238 mei
3059 1226 3073 1249 ,
3135 1202 3255 1255 qua:
3303 1186 3429 1254 ipsi,

1872 1280 2034 1332 unius
2072 1290 2125 1332 et
2157 1280 2396 1347 ejusdem
2428 1289 2631 1332 natum
2655 1295 2866 1333 mecum
2894 1278 3168 1348 participi,
3189 1294 3431 1346 praesens

1871 1381 1973 1431 est,
2002 1386 2162 1439 opere
2194 1371 2308 1438 ipso
2340 1372 2511 1439 palam
2540 1370 2681 1433 facit,
2716 1387 2837 1424 eum
2872 1385 3054 1423 verum
3080 1384 3197 1423 esse
3217 1369 3431 1423 Filium.

1873 1464 2013 1516 Alibi
2049 1463 2244 1515 iterum
2281 1478 2392 1525 eos,
2420 1464 2509 1532 qui
2547 1463 2727 1516 omnia
2757 1462 2878 1515 ideo
2904 1462 3171 1515 faciebant
3210 1470 3269 1515 ut
3313 1462 3434 1532 pla—

1872 1564 2059 1609 cerent
2087 1554 2433 1619 hominibus,
2497 1554 2807 1615 Mercedem,
2842 1554 3056 1622 inquit,
3095 1570 3196 1605 non
3233 1553 3433 1606 habetis

1874 1647 2013 1712 apud
2058 1643 2271 1696 Patrem
2327 1653 2555 1696 vestrum
2611 1644 2662 1695 in
2699 1644 2837 1695 cretis
2870 1644 2929 1695 ".
2992 1642 3123 1695 Item
3166 1659 3180 1695 :
3225 1642 3435 1705 Quanto

1874 1738 2043 1804 magis
2077 1736 2237 1789 Pater
2268 1749 2431 1789 tester
2460 1737 2512 1787 in
2544 1736 2682 1787 cwlis
2728 1736 2873 1786 dabit
2904 1734 3091 1786 bonum
3143 1733 3434 1801 petentibus

1876 1831 1939 1881 ab
1970 1831 2080 1893 ipso
2114 1830 2178 1880 ’°.
2218 1829 2381 1882 Item:
2421 1829 2559 1882 Unus
2601 1838 2672 1879 est
2710 1828 2864 1879 Pater
2920 1838 3083 1880 vester
3110 1828 3162 1878 in
3194 1826 3332 1878 ca'lis
3364 1826 3433 1876 “.

202 1920 535 1988 ἀνθρώποις,
598 1919 886 1989 ἐπιτιμῶν,
917 1920 1168 1983 Μισθὸν,
1214 1919 1403 1986 φησὶν,
1448 1918 1558 1970 οὐκ
1608 1917 1774 1985 ἔχετε
1808 1898 1848 1953 Β

1767 1931 1774 1964 ῖ
1808 1898 1848 1953 Β
1881 1920 1945 1973 Et
1967 1920 2092 1989 quid
2122 1920 2309 1988 optimi
2341 1920 2518 1972 Patris
2547 1919 2782 1987 optimus
2816 1917 2981 1971 Filius
3011 1917 3205 1971 caelum
3240 1957 3255 1979 ,
3303 1916 3434 1969 alie-

204 2012 367 2076 ,παρὰ
400 2010 477 2073 τῷ
510 2012 689 2076 Harp!
736 2009 901 2077 ὑμῶν
935 2010 1014 2073 τῷ
1044 2010 1111 2061 ὲν
1151 2008 1274 2073 τοῖς
1319 2008 1595 2075 οὐρανοῖς
1622 2024 1634 2035 ·
1667 2008 1775 2060 Καὶ

204 2102 379 2163 πόσῳ
409 2100 643 2164 μᾶλλον
671 2104 702 2153 ό
745 2100 943 2166 Πατὴρ
972 2097 1135 2167 ὑμῶν
1162 2102 1193 2151 ό
1234 2099 1303 2150 ἐν
1341 2099 1465 2164 τοῖς
1502 2098 1778 2166 οὐρανοῖς

204 2192 383 2244 δώσει
411 2194 597 2259 ἀγαθὰ
618 2192 740 2257 τοῖς
764 2191 1038 2244 αἰτοῦσιν
1068 2192 1285 2251 αὑτόν;
1311 2191 1418 2243 Καί
1438 2206 1449 2219 ⁸
1477 2186 1577 2254 Εἷς
1608 2191 1780 2242 ἐστιν

204 2285 238 2335 ὸ
275 2283 479 2349 Πατὴρ
506 2281 669 2351 ὑμῶν
700 2286 730 2335 ό
767 2284 836 2334 ἐν
895 2281 1019 2344 τοῖς
1058 2281 1356 2348 οὐρανοῖς.
1389 2282 1452 2333 Τί
1487 2280 1543 2332 δὲ
1578 2281 1668 2332 καὶ
1690 2280 1781 2332 άν-

206 2374 441 2424 έϐλεπεν
474 2376 501 2425 6
525 2374 725 2439 ἀγαθὸς
752 2372 876 2435 Υἱὸς
910 2375 1003 2425 τοῦ
1032 2374 1237 2441 ἀγαθοῦ
1270 2374 1479 2446 Πατρδς
1506 2373 1780 2438 ἀλλότριον

206 2468 423 2535 ποίημα
454 2466 543 2517 τὸν
566 2466 813 2535 οὐρανὸν,
846 2466 939 2518 καὶ
968 2467 1091 2528 τοὺς
1125 2465 1419 2527 δακτύλους
1453 2467 1531 2527 είς
1574 2464 1643 2516 τά
1666 2458 1781 2515 ῶτα

204 2555 463 2625 ἐμϐαλὼν
510 2555 601 2609 τοῦ
640 2556 824 2626 κωφοῦ
868 2558 1072 2627 ἥπτετο
1115 2558 1209 2625 τῆς
1253 2556 1524 2625 γλώσσης,
1562 2554 1779 2616 πτύσας

205 2651 301 2699 καὶ
328 2650 425 2717 τῆς
453 2647 760 2715 κωφώσεως
792 2649 994 2700 ἀπέλυε
1028 2648 1120 2700 τὸν
1167 2648 1383 2716 κωφόν;
1420 2648 1581 2701 ’Δλλο
1619 2646 1782 2698 πάλιν

205 2739 437 2806 πλάσμα
464 2738 716 2807 πονηρὸν,
750 2738 823 2798 ὡς
858 2740 907 2791 οἱ
944 2738 1340 2808 Θεομαχοῦντές
1370 2756 1553 2807 φασιν.
1599 2738 1664 2790 Τί
1700 2738 1777 2801 δὲ,

205 2830 463 2895 λέγοντος
500 2829 662 2882 αὐτοῦ
687 2844 701 2858 ⁸
757 2828 968 2896 Πάτερ,
1018 2830 1287 2893 δόξασόν
1338 2845 1454 2882 σου
1487 2830 1594 2881 τὸν
1625 2829 1779 2891 ﬂor,

207 2924 272 2973 ὲκ
296 2922 389 2973 τοῦ
420 2922 649 2989 οὐρανοῦ
677 2916 809 2991 ἧκεν
835 2924 867 2991 ὴ
898 2922 1049 2992 φωνὴ
1065 2924 1317 2989 λέγουσα,
1353 2922 1457 2974 Καὶ
1495 2922 1778 2984 ἐδόξασα,

207 3014 307 3065 καὶ
345 3013 531 3065 πάλιν
565 3012 830 3075 δοξάσω;
878 3013 1030 3082 ’ῌδει
1079 3013 1177 3081 μὲν
1214 3013 1322 3080 γὰρ
1369 3010 1529 3071 αὐτὸς
1573 3011 1656 3062 ὅτι
1690 3012 1784 3063 καὶ

208 3105 433 3168 gazam
460 3104 551 3155 καὶ
598 3102 827 3165 δοξάσει.
855 3104 964 3155 Καὶ
997 3104 1056 3154 οὑ
1084 3103 1173 3155 διά
1205 3102 1363 3154 τοῦτο
1386 3102 1502 3170 ᾔτει
1540 3102 1632 3152 τὸν
1661 3101 1780 3151 Πα-

206 3196 344 3263 τέρα
364 3212 376 3223 ·
408 3194 569 3255 αὐτὸς
593 3195 699 3263 γὰρ
732 3194 871 3262 ἔχων
905 3195 1078 3246 πάντα
1113 3194 1205 3245 τοῦ
1238 3193 1472 3261 Πατρὸς,
1496 3192 1590 3244 καὶ
1622 3192 1780 3257 μόνος

207 3286 367 3347 εἰδὼς
388 3286 479 3337 τὸν
504 3285 741 3354 Πατέρα,
773 3285 892 3336 οὐδὲ
916 3283 1072 3335 τοῦτο
1093 3285 1276 3351 ἠγνόει
1294 3301 1308 3315 ο
1348 3283 1461 3335 ἀλλ’
1495 3285 1578 3335 ἵνα
1608 3284 1701 3335 καὶ
1729 3282 1785 3334 τὺ

210 3378 389 3446 παρὸν
421 3376 524 3427 τῶν
552 3376 916 3446 ἀκροωμένων
949 3376 1152 3444 πλῆθος
1198 3374 1383 3442 σαφῶς
1414 3373 1645 3443 ἐπιγνῷ,
1687 3375 1783 3425 καὶ¹

214 3471 388 3541 μάθῃ,
421 3471 504 3521 ὅτι
530 3471 624 3521 καὶ
652 3472 999 3539 παραιτεῖται
1043 3468 1104 3519 τὸ
1154 3467 1323 3531 πάθος
1355 3466 1429 3528 ῶς
1478 3466 1783 3535 ἄνθρωπος.

211 3566 309 3616 καὶ
354 3561 607 3630 ἐπιζητεῖ
633 3562 811 3623 τοῦτο,
860 3562 1065 3623 πάντας
1094 3559 1359 3612 διδάσκων
1388 3558 1461 3620 ὡς
1496 3559 1638 3610 ἑκὼν
1659 3558 1790 3610 αὐτὸ

212 3656 540 3725 ὑπέρχεται.
596 3654 685 3706 Διὸ
728 3654 821 3705 καὶ
869 3653 1086 3718 ἔλεγεν·
1125 3656 1206 3704 Οὺ
1245 3650 1319 3703 δι’
1344 3650 1447 3719 ἐμὲ
1477 3648 1719 3719 γέγονεν
1745 3651 1782 3717 ἡ

212 3748 408 3815 φωνὴ.
437 3748 598 3799 ἀλλὰ
620 3746 692 3798 δι’
724 3745 901 3812 ὑμᾶς.
946 3745 1087 3811 Ἐγὼ
1124 3744 1222 3812 μὲν
1256 3744 1364 3811 γὰρ
1410 3743 1557 3812 ⁴ίξδειν
1586 3742 1652 3794 τὰ
1686 3740 1779 3793 τοῦ

214 3839 432 3907 Πατρὸς
458 3839 652 3899 πάντα,
686 3837 779 3888 καὶ
816 3836 965 3889 οὐδὲν
1002 3836 1262 3905 ὴγνόουν·
1298 3834 1415 3886 οὐδὲ
1464 3832 1529 3884 δι’
1560 3832 1658 3898 ἐμὲ
1687 3831 1785 3899 τὴν

214 3930 402 3998 φωνὴν
431 3929 564 3999 πρὸς
588 3929 749 3979 αὑτὸν
772 3928 979 3995 ἀφῆκα.
1017 3927 1137 3978 οὐδὲ
1171 3925 1235 3978 δι’
1263 3926 1361 3994 ἐμὲ
1391 3923 1597 3989 ταύτην
1624 3924 1785 3985 αὐτὸς

215 4026 568 4087 ἐϐεϐαίωσεν,
604 4025 741 4077 ἀλλὰ
761 4027 826 4076 δι’
858 4026 1001 4093 ὑμᾶς
1020 4039 1034 4054 ’
1071 4024 1161 4075 ἵνα
1186 4021 1358 4088 γνῶτε
1384 4024 1462 4073 ὅτι
1504 4022 1785 4089 συντρέχει

214 4119 280 4170 τὺ
306 4116 517 4184 Θέλημα
561 4118 620 4167 τὸ
647 4116 775 4184 ἐμὸν
797 4115 872 4182 τῷ
902 4114 1167 4183 θελήματι
1195 4112 1288 4165 τοῦ
1327 4113 1555 4181 Πατρδς.
1587 4111 1681 4163 xui.
1710 4112 1771 4163 τὸ

1878 2029 2001 2067 nam
2058 2022 2385 2073 creaturam,
2428 2012 2683 2080 respexit.
2718 2012 3004 2081 digitisque
3038 2011 3090 2063 in
3141 2024 3300 2062 aures
3332 2010 3436 2062 im-

1877 2105 2077 2167 missis,
2110 2104 2241 2156 muti
2274 2104 2447 2172 tetigit
2475 2104 2731 2170 linguam.
2784 2111 3050 2169 sputoque
3082 2102 3283 2154 emisso
3315 2116 3435 2154 mu-

1877 2209 1988 2252 tum
2016 2197 2155 2249 malo
2186 2212 2287 2249 suo
2308 2195 2589 2248 liberavit?
2616 2195 2759 2246 Nova
2794 2194 2878 2245 hic
2902 2203 2986 2246 est
3006 2203 3250 2246 creatura
3275 2193 3434 2253 mala,

1878 2300 1938 2343 ut
1974 2288 2082 2341 Deo
2114 2289 2464 2341 adversantes
2485 2287 2799 2354 loquuntur.
2826 2284 2928 2350 Qui
2959 2300 3087 2337 vero
3117 2285 3231 2351 ipso
3252 2285 3438 2339 dicen-

1877 2380 1953 2433 ti:
1987 2379 2165 2440 Pater,
2200 2378 2431 2449 gloriﬁca
2464 2377 2654 2430 Filium
2680 2387 2849 2436 tuum.
2873 2391 2937 2428 ex
2977 2376 3110 2429 caelo
3136 2374 3284 2428 venit
3334 2389 3438 2429 vox

1879 2472 2064 2526 dicens
2092 2489 2103 2523 :
2139 2469 2200 2523 Et
2224 2469 2530 2538 gloriﬁcavi,
2560 2478 2606 2519 et
2636 2469 2824 2521 iterum
2846 2466 3145 2536 gloriﬁcabo
3169 2467 3233 2520 ".
3259 2463 3438 2520 Nove-

1880 2572 1960 2615 rat
1997 2561 2139 2614 enim
2173 2571 2226 2613 et
2267 2559 2401 2627 ipse,
2436 2559 2577 2627 quod
2605 2566 2659 2611 et
2687 2557 3103 2628 glorillcaverit,
3157 2565 3212 2610 et
3243 2555 3441 2626 gloriﬁ-

1880 2662 2101 2705 caturus
2124 2650 2211 2703 sit.
2237 2648 2419 2718 Neque
2452 2658 2734 2717 propterea
2768 2648 3029 2702 exorabat
3056 2647 3291 2701 Patrem.
3320 2647 3442 2717 Ipse

1881 2743 2027 2796 enim
2052 2742 2253 2801 omnia,
2297 2755 2418 2809 qua:
2453 2738 2623 2793 Patris
2676 2747 2834 2801 sunt,
2893 2738 3140 2800 habens,
3193 2745 3249 2791 et
3295 2737 3443 2791 solus

1883 2835 2060 2889 sciens
2101 2834 2332 2895 Patrem,
2371 2846 2547 2901 neque
2578 2831 2681 2884 hoe
2712 2830 3012 2900 ignorabat.
3040 2828 3109 2883 Ut
3130 2844 3261 2883 vero
3301 2844 3442 2897 prte-

1882 2942 2009 2980 sens
2038 2925 2370 2979 audientium
2394 2925 2549 2977 turba
2591 2930 2935 2991 perspectum
2971 2922 3226 2980 haberet,
3259 2920 3437 2974 disce—

1881 3027 2069 3087 retque
2118 3033 2174 3071 se
2217 3026 2271 3069 et
2310 3015 2619 3084 passionem
2654 3014 2824 3067 instar
2874 3012 3107 3066 hominis
3149 3010 3443 3076 declinare,

1884 3119 1938 3164 et
1976 3120 2153 3162 tamen
2203 3117 2496 3176 expetere,
2549 3120 2739 3159 omnes
2788 3104 2946 3157 docet
2998 3118 3057 3157 se
3100 3112 3292 3171 sponte
3348 3116 3444 3154 sua

1887 3201 2031 3253 illam
2063 3200 2264 3251 subire.
2318 3195 2451 3249 llinc
2504 3205 2558 3249 et
2612 3196 2720 3248 ait:
2778 3193 2896 3247 Non
2932 3200 3143 3261 propter
3184 3207 3307 3251 me,
3356 3190 3447 3242 sed

1885 3300 2094 3361 propter
2133 3307 2219 3342 vos
2242 3304 2338 3340 vos:
2376 3289 2478 3339 ista
2540 3289 2681 3356 facta
2707 3297 2780 3338 est
2808 3286 2873 3337 “.
2904 3283 3014 3354 Ego
3070 3283 3213 3337 enim
3270 3280 3447 3335 Patris

1884 3380 2105 3434 consilia
2137 3378 2316 3430 omnia
2372 3390 2650 3435 noveram.
2685 3389 2863 3443 neque
2910 3372 3202 3443 quidquam
3255 3385 3443 3426 eorum

1886 3472 2221 3542 ignorabam.
2280 3467 2465 3536 Neque
2500 3476 2722 3535 propter
2775 3480 2861 3519 me
2912 3479 3097 3518 vocem
3139 3464 3204 3517 ad
3271 3463 3446 3533 ipsum

1885 3563 2061 3623 emisi,
2092 3576 2266 3630 neque
2297 3568 2517 3629 propter
2547 3573 2633 3611 me
2664 3558 2749 3611 ille
2803 3572 2920 3610 eam
2953 3555 3256 3625 obsignavit
3288 3594 3303 3619 ,
3353 3554 3449 3608 sed

1886 3666 2107 3723 propter
2140 3666 2259 3709 vos.
2295 3660 2353 3704 ut
2382 3650 2569 3704 sciatis
2608 3649 2938 3702 voluntatem
2972 3663 3144 3701 meam
3176 3662 3297 3701 cum
3351 3662 3451 3700 vo-

1889 3747 2095 3799 luntate
2130 3742 2303 3796 Patris
2322 3740 2655 3809 conspirare,
2689 3754 2881 3806 meque
2910 3737 3314 3807 perpessionem
3339 3737 3454 3807 glo-

1890 3836 2021 3889 riam
2048 3834 2338 3904 appellare.
2368 3833 2471 3885 Pro
2510 3831 2660 3884 vobis
2689 3830 2832 3883 enim
2866 3830 3120 3882 omnibus
3155 3829 3258 3883 hoc
3289 3828 3344 3881 in
3363 3844 3449 3883 me

1890 3928 2111 3993 recipio.
2139 3925 2252 3978 Hoc
2288 3924 2393 3977 ﬂne
2428 3932 2483 3977 et
2511 3922 2751 3991 precatio
2783 3922 2918 3984 hrec,
2948 3930 3002 3974 et
3029 3920 3202 3973 Patris
3224 3935 3286 3974 ex
3313 3920 3453 3974 emlo

1890 4036 1993 4073 vox
2026 4020 2190 4086 petita
2234 4015 2595 4071 conﬁrmavit.
2635 4013 2811 4082 Atque
2854 4013 2969 4067 haec
2998 4009 3216 4082 quidem
3260 4009 3327 4064 de
3369 4010 3454 4064 his

1886 4107 2174 4161 sulﬁciant.

217 4212 395 4271 πάθος
422 4210 577 4273 δόξαν
621 4191 891 4276 ὀνομάζω.
940 4208 1112 4277 ’Υπὲρ
1168 4208 1274 4278 γάρ
1322 4206 1476 4275 ὑμῶν
1528 4206 1784 4259 ἁπάντων
1858 4200 2333 4268 άνακαταδέχομαι
2390 4195 2586 4248 τοῦτο·
2644 4194 2732 4247 διά
2792 4191 2951 4245 τοῦτο
3024 4193 3114 4245 καὶ
3156 4194 3188 4261 ὴ
3233 4191 3450 4260 σίτησις

218 4301 528 4373 προσήχθη,
555 4300 649 4352 καὶ
672 4302 703 4369 ἡ
724 4303 779 4365 ἐξ
796 4299 1037 4370 οὐρανῶν
1063 4300 1301 4368 πατρική
1316 4298 1465 4367 φωνὴ
1488 4296 1783 4350 ἐϐεϐαίωσε
1820 4297 1887 4349 τὰ
1918 4292 2229 4360 αίτηοέντα.
2282 4288 2444 4341 Ἀλλὰ
2458 4286 2595 4349 τέως
2622 4286 2719 4354 μέν
2740 4282 2975 4336 τοσαῦτα
3004 4282 3133 4353 περὶ
3155 4280 3380 4335 τούτων.

293 4395 367 4446 Z'.
405 4394 465 4445 Ei
492 4392 547 4443 δέ
577 4408 640 4459 γε
665 4393 722 4443 τὸ
761 4390 867 4460 πῦρ
910 4390 1119 4459 ποίημα
1166 4389 1261 4441 τοῦ
1308 4388 1576 4457 Πονηροιλ
1614 4389 1728 4450 πῶς
1759 4390 1787 4440 6
1821 4392 1863 4447 D

1821 4392 1863 4447 υ
1962 4384 2073 4439 VII.
2104 4381 2256 4448 Quod
2303 4380 2346 4433 si
2377 4393 2506 4432 vero
2541 4377 2681 4448 ignis
2728 4375 2848 4429 Mali
2877 4389 3019 4443 Opus
3047 4384 3149 4437 est,
3180 4372 3458 4443 quomodo

221 4484 426 4551 ἀγαθὸς
454 4483 605 4545 Θεὸς,
635 4483 663 4534 6
695 4480 788 4533 τοῦ
818 4480 1023 4547 άγαοοῦ
1054 4480 1201 4543 Υἱδς,
1234 4481 1358 4542 τοὺς
1386 4496 1784 4548 μυσταγωγου-

225 4576 425 4644 μένους
460 4574 607 4642 αὐτῷ
636 4573 693 4625 έν
726 4572 999 4641 Πνεύματι
1026 4573 1164 4642 άγίῳ
1191 4571 1442 4641 βαπτίζει
1484 4575 1577 4625 καὶ
1630 4574 1785 4643 πυρὶ.

223 4666 285 4717 τὸ
318 4664 545 4733 πλάσμα
576 4664 859 4717 συνάπτων
880 4663 973 4715 τοῦ
1006 4663 1231 4732 Ἐχθροῦ
1254 4664 1331 4733 τῷ
1354 4664 1492 4734 άγίῳ
1517 4665 1793 4731 Πνεύματι

226 4759 323 4811 καὶ
367 4756 435 4809 δι’
474 4757 863 4825 ἀντικειμένων
918 4757 1163 4822 ἁγιάζων
1215 4758 1315 4808 τὸν
1366 4757 1792 4827 βαπτιζόμενονς

226 4851 389 4909 Ποίος
446 4848 554 4916 γάρ
587 4848 651 4901 άν
679 4865 762 4909 τις
804 4847 961 4899 τοῦτο
1010 4847 1376 4915 παραδέξηται
1424 4847 1582 4911 νοῦςς
1643 4850 1796 4907 ποῖος

227 4940 365 4991 οίσει
401 4938 461 4989 τὸ
490 4938 768 5005 δύσφημον
804 4936 1095 5004 λογισμός;
1153 4934 1235 4997 τίς
1279 4936 1335 4988 δὲ
1389 4937 1449 4988 οὐ
1495 4937 1791 5005 καταγνοίη

229 5028 328 5097 τῆς
352 5029 667 5090 δυσσεϐείας
702 5028 760 5079 τὸ
790 5028 1057 5096 μέγεθος;
1089 5027 1212 5088 Πῶς
1246 5028 1301 5080 δὲ
1333 5029 1494 5081 πάλιν
1525 5031 1554 5082 6
1592 5028 1794 5095 ἀγαθὸς

231 5120 366 5181 Θεὸς
399 5122 548 5172 ποιεί
576 5122 701 5181 τοὺς
733 5118 998 5185 ἀγγέλους
1038 5118 1203 5171 αὑτοῦ
1235 5121 1519 5188 πνεύματα
1544 5118 1639 5171 καὶ
1668 5117 1795 5179 τοὺς

233 5211 582 5280 λειτουργοὺς
626 5208 791 5262 αὑτοῦ
844 5208 1015 5277 πυρὸς
1062 5210 1265 5276 φλόγα,
1332 5211 1445 5271 τοῖς
1495 5208 1797 5277 ἀλλοτρίοις

233 5301 416 5371 ἔργοις
441 5300 671 5371 ποιητὴν
720 5301 1039 5369 ἐπιγράφων
1097 5300 1317 5353 ἑαυτόνο
1361 5299 1469 5370 Τὴν
1501 5298 1609 5369 γάρ
1662 5314 1799 5371 προ-

306 5457 352 5489 ¹⁹
380 5454 569 5508 Matth.
588 5469 663 5519 νι,
693 5452 778 5508 I9.

241 5529 287 5562 ⁸⁸
321 5526 487 5580 Hebr.
512 5539 549 5587 Ι,
581 5522 633 5577 7.

875 5453 921 5485 "
942 5451 1132 5508 Matth.
1156 5469 1250 5517 vn,
1292 5452 1373 5507 il.

1894 4479 2074 4533 bonus
2108 4476 2266 4535 Deus.
2290 4472 2417 4527 boni
2451 4470 2636 4533 Filius,
2666 4484 2780 4531 eos,
2814 4469 2903 4537 qui
2936 4468 3003 4522 ad
3054 4466 3230 4536 ipsum
3287 4465 3461 4520 addu-

1899 4579 2097 4625 cuntur
2116 4566 2354 4634 baptizat
2378 4565 2429 4616 in
2462 4562 2665 4632 Spiritu
2694 4570 2881 4615 sancto
2912 4567 2967 4613 et
2988 4558 3111 4628 igne
3140 4557 3206 4623 “,
3240 4565 3461 4612 creatu-

1897 4676 2009 4713 ram
2044 4658 2159 4711 Mali
2192 4653 2417 4723 Spiritui
2448 4658 2635 4705 sancto
2661 4649 2917 4718 iungens.
2965 4656 3127 4716 atque
3174 4644 3310 4699 adeo
3361 4660 3461 4713 per

1896 4747 2165 4805 contraria
2194 4744 2519 4811 baptizatum
2559 4736 2940 4793 sanetiiicans?
2975 4736 3103 4802 Quae
3129 4736 3273 4790 enim
3306 4750 3460 4789 mens

1898 4842 2012 4895 hac
2048 4837 2411 4905 capiat?qu:e
2443 4831 2579 4884 ratio
2608 4830 2789 4898 inepta
2825 4828 2939 4883 haec
2965 4827 3143 4880 ierat?
3182 4826 3303 4893 quis
3330 4840 3463 4879 vero

1898 4927 2189 4998 impietatis
2210 4922 2634 4994 magnitudinem
2653 4935 2760 4973 non
2779 4918 3121 4972 abominetur
3142 4916 3463 4985 Iquomodo

1898 5023 2077 5089 itaque
2117 5019 2257 5071 Deus
2290 5017 2460 5069 bonus
2488 5012 2719 5083 Angelos
2740 5025 2866 5064 suos
2895 5009 3024 5062 facit
3079 5007 3322 5078 spiritus,
3352 5006 3460 5060 mi-

1900 5114 2101 5167 nistros
2135 5125 2261 5164 suos
2287 5108 2426 5178 ignis
2460 5106 2728 5159 ﬂainmam
2757 5103 2805 5133 "
2829 5142 2843 5165 .
2900 5100 3199 5155 alienorum
3231 5114 3461 5168 operum

1903 5220 1961 5259 se
1986 5205 2160 5273 ipsum
2192 5201 2481 5254 venditans
2512 5196 2871 5251 conditorem.
2911 5191 3289 5263 PrOpheticam
3314 5190 3462 5245 enim

1905 5298 2047 5351 illam
2079 5310 2265 5349 vocent
2321 5301 2575 5361 tanquam
2621 5288 2859 5343 divinam
2891 5295 2946 5339 et
2974 5283 3216 5339 veritatis
3262 5298 3467 5355 praeco-

1485 5453 1527 5484 “
1558 5450 1747 5517 Matth.
1778 5465 1927 5514 mn,
1953 5449 2005 5503 9.
2090 5451 2134 5480 "
2156 5446 2313 5502 Joan.
2347 5461 2444 5510 xu,
2467 5443 2554 5498 28.
2629 5445 2673 5475 ³³
2705 5443 2834 5499 ibid.
2864 5444 2952 5499 50.
3028 5447 3074 5477 “
3105 5443 3234 5500 Luc.
3266 5442 3463 5508 111,16.

1334 5612 1565 5668 νΑιιιιΕ
1598 5610 1984 5668 LECTIONES
2033 5610 2119 5666 ET
2149 5609 2379 5667 NOTAE.

242 5798 392 5860 τικδς
431 5798 741 5866 frequenter
761 5791 1330 5866 observes._§or_npara
1358 5786 1643 5866 (Itamirum
1681 5784 1799 5866 Sal-I

244 5855 500 5935 masi'um,
532 5855 606 5922 Dc
658 5881 826 5929 cruce,
885 5879 938 5932 p.
995 5861 1118 5915 268.
1160 5855 1373 5913 llenric.
1408 5856 1695 5923 Valesium,
1737 5855 1802 5910 ad

1892 5785 2205 5843 Eusebium.

2238 5801 2291 5855 p.
2324 5784 2425 5847 εἰς
2455 5793 2511 5839 et
2560 5784 2759 5841 Anton.
2793 5782 3167 5849 Muratorium,
3199 5779 3266 5836 ad
3304 5779 3465 5835 Ausc-

1895 5861 2017 5909 dota
2049 5857 2253 5920 erca,
2276 5871 2330 5927 p.
2358 5855 2423 5909 Η
2441 5866 2494 5911 et
2528 5856 2613 5909 15.
