4222 6432
761 396 833 459 95
1880 391 2074 450 ΡΙΙΟΤ
2087 392 2134 448 Η
2175 388 2314 450 ΡΑΤ
2325 386 2428 446 RU

2325 386 2677 446 RIARCIIJ‘J
2732 386 2836 446 CP.
3904 379 3985 445 95

760 506 934 567 nium,
963 501 1162 556 Paulus
1188 502 1452 572 obsignat.
1481 500 1758 566 Quomodo
1781 515 1910 554 vero
1938 483 2167 567 paleam,
2197 513 2315 565 qua:
2344 499 2391 554 Α
2418 515 2427 544 ε

2344 497 2650 564 Αφητικὴν
2686 494 2891 564 ταύτην
2945 493 3130 562 φωνὴν
3189 492 3264 555 ὡς
3313 494 3376 547 ὲκ
3429 493 3564 546 Θεοῦ
3633 494 3723 544 καὶ
3777 493 3983 545 θείανὸ

762 606 1108 667 peccatorum
1163 597 1436 648 levitatem
1486 593 1747 662 designat,
1797 602 2056 645 creaturae
2114 591 2233 643 Mali
2270 591 2320 641 in

762 688 1086 756 supplicium
1120 687 1300 746 tradit,
1351 685 1783 753 quandoquidem
1839 697 1956 735 cam
2003 683 2123 749 igne
2173 682 2323 732 inex-

763 775 1059 844 stinguibili
1102 772 1518 828 comburendam
1561 786 1678 823 esse
1721 770 1933 821 nuntiat
1963 768 2044 818 "1'
2085 768 2146 817 Et
2189 780 2323 832 quo-

764 867 925 918 modo
963 865 1192 917 domitor
1247 862 1416 914 hostis
1455 861 1621 921 venit,
1679 869 1736 911 ut
1783 859 1957 926 ignem
2015 857 2217 924 jacerct
2269 857 2322 905 in

766 968 962 1009 terram
987 957 1050 1018 ",
1084 955 1249 1007 hostis
1311 969 1446 1020 Opus
1501 955 1576 1004 sic
1613 951 1946 1016 anipliticans
1975 958 2029 999 et
2073 947 2324 1015 augens?

767 1045 1036 1113 quomodo
1110 1044 1234 1095 item
1293 1043 1509 1095 diabolo
1563 1050 1782 1109 paratus
1861 1047 1944 1090 est
2009 1038 2146 1105 ignis
2174 1037 2241 1097 ⁸⁷,
2279 1035 2322 1087 si

769 1137 883 1204 ipse
939 1146 1021 1188 est
1074 1136 1192 1202 ejus
1251 1132 1528 1188 conditor?
1560 1147 1736 1200 neque
1765 1130 1906 1182 enim
1941 1129 2053 1196 ipse
2099 1128 2195 1182 sibi
2229 1143 2321 1195 pa-

771 1229 912 1280 rabit
935 1228 1276 1295 supplicium.
1321 1224 1564 1276 Vicissim
1593 1239 1741 1282 vero,
1773 1224 1817 1274 si
1844 1220 2010 1272 hostis
2039 1221 2236 1288 ignem,
2269 1229 2325 1271 ut

770 1322 1004 1381 videtur,
1041 1336 1146 1371 non
1181 1317 1408 1386 paravit,
1440 1332 1547 1368 non
1592 1312 1978 1382 paravitetiam
2011 1311 2326 1377 quidquam,

771 1425 870 1477 per
893 1411 1031 1474 quod
1058 1409 1302 1460 homines
1343 1406 1458 1458 sine
1485 1402 1860 1457 emendatione
1901 1409 2189 1467 peccantes
2225 1413 2330 1465 pu-

774 1499 892 1550 nire
927 1499 1112 1566 possit,
1145 1514 1316 1564 neque
1353 1498 1526 1563 ipsum
1559 1493 1729 1553 illum,
1757 1491 1846 1557 qui
1880 1490 2083 1541 zizania
2111 1489 2329 1555 sparsit,

777 1603 875 1656 per
905 1604 1064 1655 quem
1095 1589 1295 1653 justam
1327 1595 1504 1638 sumat
1541 1583 1823 1638 ultionem.
1862 1580 1926 1634 Et
1977 1581 2098 1649 quis
2147 1580 2329 1632 omnia

777 1679 1040 1748 ejusmodi
1068 1677 1443 1730 enumerarit?

851 1880 985 1933 \‘lll.
1023 1879 1286 1944 Quoniam
1336 1893 1466 1932 vero
1518 1875 1778 1930 maledica
1827 1885 1882 1929 et
1939 1873 2104 1941 impia
2151 1872 2332 1940 lingua

783 1973 1062 2027 terrestria
1093 1973 1156 2024 ad
1185 1971 1381 2022 malum
1416 1969 1744 2038 principium
1769 1967 1928 2020 audet
1953 1969 2153 2018 referre
2206 1978 2338 2030 quo--

786 2065 941 2117 modo
983 2081 1043 2116 ea
1078 2079 1172 2115 sua
1205 2063 1337 2114 dicit
1395 2059 1704 2113 communis
1735 2068 1921 2110 noster
1975 2055 2233 2108 Dominus
2284 2061 2338 2106 et

788 2155 1078 2209 Sel-valor?
1099 2154 1158 2206 In
1185 2157 1395 2221 propria
1425 2153 1560 2202 enim
1596 2151 1754 2212 venit,
1791 2149 1987 2216 inquit,
2019 2148 2107 2199 sed
2132 2146 2212 2198 sui
2238 2163 2339 2197 non

782 2256 1077 2314 receperunt
1102 2264 1217 2298 eum
1241 2246 1307 2295 ’⁸.
1344 2242 1498 2308 Quod
1533 2244 1576 2296 si
1598 2244 1834 2296 dixerint
1862 2250 2146 2311 apostataz,
2208 2254 2336 2308 pro-

783 2337 898 2406 prie
937 2337 1025 2389 hic
1057 2335 1160 2389 dici
1197 2351 1477 2388 sermones
1510 2334 1856 2402 prophetieos
1886 2375 1900 2396 ,
1952 2333 2005 2384 in
2057 2333 2156 2385 hos
2209 2348 2338 2386 vero

783 2430 998 2481 venisse
1031 2429 1327 2488 Christum,
1369 2427 1512 2494 ipsos
1562 2441 1690 2479 vero
1735 2440 1859 2477 eum
1891 2440 1997 2476 non
2043 2425 2335 2492 recepisse,

783 2518 924 2581 vide,
954 2533 1156 2585 qureso.
1189 2515 1448 2582 insignem
1475 2530 1659 2567 eorum
1683 2513 1944 2566 insaniam
1975 2524 2028 2566 et
2051 2513 2338 2581 impuden-

784 2607 931 2657 tiam.
969 2605 1204 2657 Primum
1233 2604 1398 2667 enim,
1441 2604 1715 2671 quomodo
1751 2605 2095 2671 propheticos
2127 2619 2338 2657 sermo-

783 2714 880 2750 nes
903 2699 1147 2766 proprios
1162 2697 1357 2750 Christi
1380 2711 1498 2748 esse
1521 2696 1699 2756 aiunt,
1726 2711 1848 2748 cum
1876 2697 2020 2764 ipsos
2047 2697 2339 2764 prophetas

783 2795 838 2838 et
876 2786 1283 2854 inspirationem
1317 2801 1503 2838 eorum
1545 2785 1609 2836 ad
1645 2785 1844 2836 malum
1879 2784 2340 2836 referant?l)ein-

783 2881 872 2937 de,
900 2879 1169 2946 quomodo
1217 2878 1269 2929 in
1301 2877 1647 2946 pr0pheticos
1675 2891 1956 2928 sermones
1986 2876 2135 2928 venit
2185 2875 2342 2928 Chri-

784 2971 941 3024 stus?
973 2970 1150 3022 Primo
1179 2971 1320 3022 enim
1351 3009 1364 3030 ,
1397 2970 1539 3037 quod
1568 2980 1624 3023 et
1666 2970 1767 3038 ipsi
1815 2969 1990 3029 aiunt,
2032 2968 2100 3020 ad
2132 2968 2340 3021 alienos

799 3061 969 3122 venit,
1001 3061 1300 3130 prophetici
1331 3060 1474 3112 enim
1512 3074 1790 3113 sermones
1834 3059 1994 3110 alieni
2026 3059 2158 3124 quid
2190 3069 2337 3119 sunt,

2428 587 2632 648 Παῦλος
2660 586 2878 653 καὶτῆς
2914 585 3170 653 ἀληθείας
3213 585 3663 652 ἐπισφραγίζεται
3700 587 3980 653 κήρυγμα.

2427 679 2534 728 Καὶ
2573 679 2634 728 τὸ
2675 677 2875 745 ἄχυρον
2929 677 2984 728 δὲ
3035 676 3062 727 6
3109 675 3218 728 τῶν
3284 675 3624 745 ἁμαρτωλῶν
3678 677 3871 744 μηνύει
3923 677 3985 725 τὸ

2426 769 2715 837 ἄχρηστον,
2773 768 2888 830 πῶς
2951 769 3112 820 πάλιν
3167 767 3246 836 τῷ
3295 769 3572 837 πλάσματι
3615 768 3986 837 παραδίδωσιν

2426 864 2502 920 εἰς
2550 861 2769 911 κόλασιν
2817 860 2910 910 τοῦ
2937 859 3160 928 Ἐχθροῦ
3190 878 3203 924 ;
3233 862 3365 929 πυρὶ
3397 864 3504 930 γὰρ
3549 859 3796 926 ἀσϐέστῳ
3852 861 3986 926 φησι

2429 951 2834 1003 κατακαίεσθαι.
2876 953 2982 1002 Καὶ
3037 951 3149 1012 πῶς
3197 946 3330 1018 ἦλθε
3371 951 3480 1018 πῦρ
3531 950 3710 1019 βαλεῖν
3756 952 3848 1002 ἐπὶ
3888 952 3987 1018 τὴν

2428 1043 2529 1109 γῆν
2561 1044 2586 1092 6
2615 1041 2942 1108 καθαιρὲτης
2983 1040 3078 1091 τοῦ
3120 1040 3370 1108 Ἐχθροῦ,
3405 1042 3466 1092 τὸ
3499 1043 3654 1110 ἔργον
3704 1040 3991 1092 πλατύνων

2432 1133 2526 1181 καὶ
2545 1130 2720 1196 αῦξων
2752 1129 2847 1182 τοῦ
2871 1131 3097 1199 Ἐχθροῦ
3125 1149 3138 1194 ;
3180 1133 3295 1193 πῶς
3327 1132 3382 1183 δὲ
3416 1134 3508 1184 καὶ
3555 1132 3880 1200 ἡτοίμασται
3913 1132 3992 1200 τῷ

2428 1222 2656 1289 διαϐόλῳ
2684 1223 2743 1273 τὸ
2782 1221 2912 1290 πῦρ,
2944 1224 2991 1272 εἰ
3024 1224 3228 1284 ἐκεῖνός
3267 1227 3414 1274 ἐστιν
3445 1224 3474 1274 6
3500 1223 3690 1273 τούτου
3723 1223 3989 1290 δημιουρ-

2431 1312 2564 1377 γός;
2601 1314 2674 1363 Οὐ
2725 1314 2832 1379 γὰρ
2857 1311 3017 1373 αὐτὸς
3045 1313 3225 1380 ἑαυτῷ
3266 1313 3363 1380 τὴν
3415 1313 3655 1382 τιμωρὸν
3703 1315 3994 1380 ὑφίστησιν

2430 1402 2585 1469 δίκην
2621 1403 2752 1470 (99).
2794 1403 3000 1464 Ἀλλως
3051 1403 3128 1462 δὲ,
3187 1405 3233 1453 εί
3277 1405 3350 1472 μὴ
3403 1405 3462 1455 τὸ
3489 1406 3621 1474 πῦρ,
3671 1405 3745 1466 ὼς
3795 1405 3993 1466 ἔοικεν,

2433 1496 2731 1560 ὑπέστησεν
2756 1495 2783 1544 6
2809 1495 3052 1563 Ἐχθρὸς,
3085 1495 3209 1546 οῦτε
3241 1497 3308 1547 δι’
3337 1492 3395 1548 οῦ
3424 1497 3550 1558 τοῦς
3583 1499 3995 1566 ἀνεπιστρόφως

2435 1587 2843 1652 ἁμαρτάνοντας
2885 1587 3124 1648 κολάσει,
3161 1586 3284 1637 οῦτε
3336 1589 3498 1638 αὑτὸν
3531 1591 3734 1657 σπορέα
3767 1589 3876 1640 τῶν
3911 1591 3995 1650 ξι-

2435 1676 2652 1739 ςανίων,
2693 1677 2757 1727 δι’
2787 1671 2848 1728 οῦ
2875 1677 2972 1744 τὴν
3026 1677 3237 1730 δικαίαν
3280 1680 3631 1745 εἰσπράξεται
3667 1680 3842 1749 δίκην.
3883 1679 3998 1731 Καὶ

2437 1768 2577 1818 πόσα
2601 1766 2665 1818 ἄν
2687 1784 2769 1828 τις
2792 1767 3238 1835 ἀπαριθμήσαιτο
3279 1771 3502 1821 τοιαῦτα
3523 1788 3536 1832 ς

2513 1874 2593 1928 H'.
2643 1875 2780 1927 Ἀλλ’
2814 1877 2968 1945 εἴπερ
3011 1875 3149 1946 ὠςή
3204 1879 3518 1947 βλάσφημος
3575 1880 3668 1931 καὶ
3729 1880 3998 1950 δυσσεϐὴς

2441 1966 2762 2035 θρασύνεται
2807 1968 3043 2033 γλῶσσα,
3079 1970 3146 2018 τα
3182 1969 3396 2033 ἐπίγεια
3456 1971 3549 2020 τοῦ
3587 1970 3852 2038 Πονηροῦ,
3883 1973 3999 2024 πῶς

2448 2062 2586 2121 λέγει
2619 2059 2756 2108 αῦτᾶ
2785 2058 2886 2108 [δια
2913 2061 2940 2108 6
2963 2059 3140 2119 κοινὸς
3166 2059 3320 2126 ἡμῶν
3337 2061 3614 2127 Δεσπότης
3644 2063 3735 2112 καὶ
3764 2063 3996 2132 Σωτήρς

2439 2156 2540 2215 Εἰς
2574 2152 2646 2203 τὰ
2687 2152 2806 2204 ἴδια
2832 2153 2941 2219 γὰρ
2970 2149 3135 2220 ἦλθε,
3164 2156 3314 2221 φησὶ,
3346 2154 3440 2206 καὶ
3471 2157 3525 2207 οἱ
3550 2155 3684 2207 ἴδιοι
3709 2157 3897 2208 αῠτίν
3925 2159 3998 2208 οὑ

2440 2243 2804 2309 παρέλαϐον.
2858 2244 2914 2294 El
2940 2244 2994 2294 δὲ
3014 2243 3218 2310 λέγοιεν
3244 2246 3291 2296 οἱ
3315 2247 3633 2307 ἀποστάται,
3656 2245 3761 2298 ἴδια
3795 2248 3893 2315 μὲν
3918 2245 3999 2299 εἷ-

2438 2352 2525 2386 ναι
2550 2337 2672 2394 τοὺς
2704 2337 3069 2404 προφητικοὺς
3091 2336 3274 2401 λόγους
3299 2338 3393 2402 (l),
3425 2340 3594 2389 ἐλθεῖν
3621 2339 3675 2389 δὲ
3695 2342 3768 2400 εἰς
3803 2342 3998 2401 αὐτοῦς

2439 2424 2527 2474 τὸν
2556 2425 2804 2490 Χριστὸν,
2837 2426 3074 2486 ἐκείνους
3120 2426 3173 2476 δὲ
3214 2427 3399 2477 τ’,ῦτον
3436 2428 3509 2496 μὴ
3551 2429 3998 2496 παραδέξασθαι·

2439 2516 2538 2582 ὅρα
2582 2515 2678 2583 τὴν
2713 2515 3152 2584 ῦπερὸάλλουσαν
3203 2517 3388 2568 αὐτῶν
3445 2520 3628 2572 ἄνοιαν
3694 2524 3787 2571 καὶ
3841 2525 4000 2572 άναι⁶

2441 2606 2712 2674 σχυντίαν.
2744 2606 2964 2675 Πρῶτον
2998 2606 3095 2673 μὲν
3131 2606 3243 2667 πῶς
3282 2606 3497 2671 λέγουσι
3541 2609 3665 2668 τοῦς
3734 2626 4000 2677 προφητιο

2441 2694 2567 2754 κοῦς
2590 2692 2776 2756 λόγους
2830 2693 2992 2754 ἰδίους
3028 2689 3164 2744 εἶναι
3211 2692 3304 2744 τοῦ
3341 2693 3600 2762 Χριστοῦ,
3641 2694 3838 2755 αὐτοὺς
3875 2695 3998 2755 τοῦς

2442 2783 2724 2850 προφήτας
2751 2781 2998 2848 λέγοντες
3050 2783 3273 2851 πλάσμα
3300 2800 3358 2834 τε
3399 2779 3536 2835 εἶναι
3574 2783 3664 2835 καὶ
3714 2785 4001 2836 ἐπίπνοιαν

2440 2873 2686 2941 δέχεσθαι
2716 2875 2810 2925 τοῦ
2842 2874 3119 2944 [Ιονηροῦς
3182 2876 3442 2944 Δεύτερον
3472 2877 3551 2938 δὲ,
3598 2877 3711 2937 πῶς
3762 2881 3838 2938 εἰς
3879 2879 4002 2939 τοὺς

2447 2968 2812 3033 προφητικοὺς
2842 2966 3032 3032 λόγους
3065 2962 3229 3036 ἦλθεν
3269 2969 3296 3019 6
3341 2968 3570 3036 Χριστός
3597 2985 3610 3031 ;
3643 2969 3864 3038 Πρῶτον
3906 2971 4002 3037 μὲν

2442 3056 2551 3121 γὰρ
2589 3055 2666 3116 εἱς
2698 3055 3010 3125 ἀλλοτρίους
3053 3051 3210 3124 ἦλθε,
3246 3057 3386 3108 κατά
3428 3057 3518 3108 τὸν
3563 3058 3784 3109 ἐκείνων
3812 3057 4000 3124 λόγον·

787 3163 1038 3218 tanquam
1066 3151 1134 3202 ab
1157 3150 1334 3202 alieno
1363 3150 1610 3217 inspirati
1633 3189 1646 3212 ,
1679 3166 1780 3202 nec
1810 3149 1874 3201 ad
1911 3150 2111 3201 bonum
2169 3151 2334 3202 Deum
2361 3170 2405 3230 ρ
2443 3162 2454 3195 ι

2361 3170 2405 3230 C
2443 3145 2720 3214 ἀλλότριον
2794 3147 2901 3214 γὰρ
2942 3147 2991 3197 οἱ
3037 3150 3364 3216 προφητικοὶ
3411 3147 3579 3214 λόγοι,
3611 3148 3685 3208 ὡς
3733 3148 3791 3211 ἐξ
3845 3149 4003 3200 ἀλλο-

787 3243 1080 3312 pertinent.
1130 3241 1352 3304 Deinde,
1383 3241 1653 3308 quomodo
1705 3240 1929 3292 omnino
1981 3240 2185 3308 pr0prii
2217 3255 2341 3294 esse

786 3344 1016 3403 possunt
1043 3333 1240 3388 Christi
1271 3349 1548 3387 sermones
1576 3333 1898 3402 prophetici.
1923 3333 2012 3400 qui
2045 3348 2150 3384 non
2185 3347 2338 3384 rece-

786 3432 988 3492 perunt
1031 3425 1198 3476 eum?
1251 3423 1453 3478 Dicitur
1483 3425 1664 3478 enim:
1717 3425 1777 3477 In
1822 3441 1918 3476 sua
1953 3425 2110 3484 venit,
2141 3424 2230 3475 sed
2263 3425 2342 3474 sui

787 3531 905 3565 eu-m
937 3531 1037 3565 non
1066 3525 1385 3582 receperunt.
1413 3513 1599 3575 Porro,
1640 3515 1838 3582 quibus
1870 3521 2189 3581 potestatem
2215 3513 2345 3566 fecit

787 3605 1057 3669 Christus,
1089 3616 1146 3658 ut
1175 3606 1265 3658 tilii
1300 3606 1392 3660 Dei
1422 3606 1658 3659 tierent?
1684 3621 1811 3657 num
1842 3604 2190 3656 sermonibus
2215 3619 2344 3672 pro-

786 3695 1060 3764 pheticis?
1090 3695 1325 3749 lloccinc
1349 3711 1458 3748 non
1491 3706 1572 3748 est
1614 3693 1842 3762 nugari?
1880 3693 2170 3746 Sermones
2200 3693 2344 3744 enim

789 3788 831 3838 si
867 3803 932 3840 ex
963 3787 1070 3840 Deo
1112 3797 1260 3850 sunt,
1297 3803 1360 3841 eo
1403 3788 1518 3856 ipso
1551 3787 1751 3855 proprii
1800 3795 1925 3839 sunt
1959 3795 2013 3839 et
2064 3785 2345 3838 domestici

789 3875 913 3942 Dei;
957 3877 1002 3931 si
1038 3893 1166 3931 vero
1211 3879 1354 3939 mali,
1386 3877 1658 3945 quomodo
1732 3875 1823 3928 ﬁlii
1875 3876 1967 3929 Dei
2003 3874 2348 3928 eﬂicientur?

791 3966 951 4031 Tum,
975 3970 1149 4037 qualis
1180 3986 1359 4023 sermo
1403 3968 1749 4038 propheticus
1780 3983 1844 4022 ex
1901 3967 2256 4036 sanguinibus
2293 3973 2349 4018 et

788 4061 1064 4113 voluntate
1095 4061 1193 4113 viri
1219 4070 1272 4113 et
1301 4077 1363 4113 ex
1404 4062 1682 4113 voluntate
1714 4061 1890 4112 carnis
1933 4068 2193 4128 pronatus
2223 4067 2306 4110 est
2328 4059 2350 4109 ‘?

788 4151 951 4206 Addit
980 4153 1123 4205 enim
1155 4171 1168 4205 :
1207 4152 1306 4215 Qui
1347 4169 1447 4204 non
1480 4169 1541 4204 ea:
1569 4152 1929 4220 sanguinibus,
1964 4169 2056 4203 nec
2085 4168 2147 4203 ex
2169 4151 2352 4203 volun-

793 4252 902 4293 tate
934 4244 1054 4305 viri,
1084 4259 1174 4293 nec
1199 4257 1261 4293 ea:
1296 4241 1557 4294 voluntate
1604 4242 1798 4303 carnis,
1828 4240 1918 4292 sed
1979 4256 2040 4291 e1:
2090 4238 2198 4290 Deo
2239 4239 2349 4290 nati

790 4344 909 4385 sunt
938 4335 1004 4385 ”.
1036 4333 1135 4397 Qui
1169 4333 1329 4402 igitur
1365 4343 1494 4385 sunt
1518 4333 1590 4384 illi
1623 4346 1902 4385 sermones
1927 4371 1941 4390 ,
1974 4345 2037 4382 ex
2070 4328 2350 4397 sanguini-

793 4425 893 4478 bus
926 4425 1195 4493 prognati,
1233 4433 1286 4477 et
1309 4425 1398 4493 qui
1429 4423 1577 4475 non?
1614 4421 1802 4476 Nullus
1829 4421 1971 4474 enim
2002 4436 2200 4483 sermo,
2236 4419 2351 4473 sive

2439 3236 2590 3304 τρίου
2622 3238 3009 3306 ὲμπνεόμενοι,
3059 3238 3154 3290 καὶ
3184 3239 3284 3290 οὐκ
3339 3240 3402 3290 ὲκ
3443 3240 3536 3291 τοῦ
3570 3239 3778 3302 ἀγαθοῦ
3846 3241 4002 3294 Θεοῦ.

2444 3329 2671 3380 Ἔπειτα
2698 3330 2754 3380 δὲ
2787 3329 2904 3391 πῶς
2933 3329 3182 3382 δύνανται
3213 3332 3348 3392 ὅλως
3381 3331 3500 3382 ἴδιοι
3523 3326 3662 3382 εἶναι
3703 3334 3750 3383 οἱ
3789 3350 4009 3402 προφη-

2441 3422 2581 3471 τικοὶ
2596 3420 2741 3486 λόγοι
2775 3420 2867 3472 τοῦ
2893 3421 3144 3489 Χριστοῦ,
3177 3422 3371 3484 οἵτινες
3390 3423 3485 3474 οῦκ
3515 3422 3761 3487 ἐδέξαντο
3791 3424 3955 3475 αὐτόν
3982 3440 3996 3487 ;

2443 3512 2602 3577 Λέγει
2630 3513 2756 3579 γὰρ,
2802 3513 2905 3574 Εἱς
2931 3512 3001 3564 τὰ
3029 3510 3150 3566 ἴδια
3199 3509 3366 3580 ἦλθε,
3414 3514 3510 3563 καὶ
3548 3516 3598 3564 οἱ
3640 3514 3774 3564 ἴδιοι
3822 3515 4010 3565 αὑτὸν

2443 3605 2513 3654 οὺ
2543 3602 2897 3670 παρέλαϐον.
2961 3603 3081 3654 Ἔτι,
3137 3603 3192 3653 δὲ
3244 3605 3391 3665 τίνας
3448 3605 3646 3655 ἔδωκεν
3695 3607 3721 3654 6
3771 3606 4006 3674 Χριστὸς

2443 3695 2690 3758 ἐξουσίαν
2720 3696 2884 3746 τέκνα
2911 3694 3047 3746 Θεοῦ
3083 3696 3331 3761 γενέσθαι
3356 3713 3368 3758 ;
3421 3692 3528 3766 ἄρα
3579 3699 3702 3758 τοὺς
3732 3714 4001 3764 προφητι-

2445 3788 2572 3846 κοὺς
2597 3786 2953 3851 λόγους;Καὶ
2993 3786 3108 3848 πῶς
3156 3787 3217 3838 οὐ
3257 3787 3462 3856 μακρὸς
3511 3787 3672 3853 λῆρος
3703 3788 3897 3850 τοῦτο;
3941 3790 4005 3839 υἱ

2446 3878 2592 3943 λόγοι
2623 3879 2750 3945 γὰρ,
2790 3879 2838 3929 εἰ
2885 3877 2981 3946 μὲν
3023 3880 3085 3929 ἐκ
3116 3878 3249 3930 Θεοῦ
3277 3881 3436 3940 εἰσιν,
3467 3880 3688 3932 αὐτόθεν
3736 3879 3916 3947 ἔχουσι
3949 3881 4011 3931 τὸ

2449 3967 2586 4019 εἶναι
2624 3970 2815 4020 οἰκεῖοι
2857 3968 3026 4020 Θεοῦ·
3054 3970 3101 4020 εἱ
3152 3969 3208 4020 δὲ
3251 3972 3496 4040 πονηροὶ.
3545 3971 3659 4032 πῶς
3707 3970 3770 4022 ἂν
3803 3988 4008 4023 τεκνω-

2451 4060 2592 4110 Οεῖεν
2622 4059 2779 4128 Ηεῷς
2814 4061 2932 4111 Ἔτι
2976 4059 3054 4122 δὲ,
3104 4064 3254 4121 ποῖος
3305 4063 3403 4129 μὲν
3456 4061 3609 4127 λόγος
3666 4063 4008 4132 προφητικὸς

2450 4150 2509 4213 ἐξ
2547 4151 2792 4219 αἱμάτων
2828 4152 2922 4203 καὶ
2946 4153 3006 4203 ὲκ
3030 4151 3331 4220 θελήματος
3365 4155 3574 4224 ἀνδρὸς,
3611 4156 3704 4205 καὶ
3749 4156 3809 4204 ὲκ
3852 4153 4010 4220 θελή-

2455 4260 2620 4310 ματος
2656 4243 2854 4311 σαρκὸς
2886 4243 3182 4313 ἐγεννήθης
3229 4246 3451 4312 Ἐπάγει
3486 4247 3592 4313 γάρ
3619 4263 3631 4275 ·
3669 4247 3735 4296 Οἳ
3770 4249 3879 4298 οὐκ
3941 4245 4009 4308 ἐξ

2450 4332 2729 4399 αἱμάτων,
2762 4334 2903 4385 οὐδὲ
2938 4335 3010 4386 ἐκ
3053 4337 3384 4402 θελήματος
3441 4337 3678 4403 ἀνδρὸς,
3754 4337 3894 4389 οὐδὲ
3942 4339 4009 4388 ἐκ

2453 4423 2784 4491 θελήματος
2800 4423 3046 4490 σαρκὸς,
3072 4424 3208 4477 ἀλλ’
3265 4426 3331 4478 ἐκ
3385 4425 3531 4478 Θεοῦ
3567 4426 4008 4493 ἐγεννήθησαν.

793 4515 988 4579 bonus,
1015 4515 1129 4568 sive
1156 4516 1350 4578 malus,
1379 4516 1490 4567 sive
1523 4529 1706 4577 verus,
1741 4513 1856 4566 sive
1876 4512 2039 4565 falsus
2060 4512 2149 4576 sit,
2181 4512 2293 4563 sive
2322 4525 2352 4563 a
2388 4508 2430 4562 D
2459 4515 2460 4529 ‘

2340 4526 2352 4563 ι
2388 4508 2430 4562 D
2459 4514 2611 4573 Τίνες
2640 4509 2730 4564 οῦν
2758 4515 2806 4566 οἱ
2842 4515 2898 4579 ἐξ
2953 4516 3200 4584 αἱμάτων
3254 4519 3638 4584 γεγεννημένοι
3693 4517 3878 4581 λόγοις
3918 4515 4007 4567 καλ

794 4607 957 4664 bono.
998 4607 1108 4659 sive
1138 4623 1166 4658 a
1199 4606 1337 4659 malo
1365 4605 1472 4659 Deo
1503 4605 1901 4673 proﬁciscatur,
1951 4615 2098 4656 certe
2129 4619 2194 4655 ex
2226 4617 2352 4656 san-

791 4698 1064 4765 guinibus,
1087 4697 1332 4764 quamvis
1360 4697 1725 4762 maximopere
1775 4695 2053 4748 insaniant
2077 4693 2344 4761 ejusmodi

791 4804 878 4842 res
905 4786 1262 4856 proferentes,
1287 4797 1445 4842 natus
1468 4789 1698 4842 dicetur.
1732 4786 1917 4854 Itaque
1943 4785 1996 4838 in
2032 4785 2117 4837 his
2138 4784 2349 4838 Domini

790 4880 970 4932 verbis
989 4880 1293 4948 prophetici
1312 4895 1592 4933 sermones
1617 4879 1824 4932 nullum
1841 4878 2016 4931 locum
2042 4877 2348 4930 inveniunt.

795 4970 899 5024 Sed
926 4971 1140 5038 propria
1170 4971 1239 5024 ibi
1273 4971 1504 5038 appellat
1535 4970 1795 5023 mundum
1818 5007 1833 5031 ,
1863 4968 2004 5022 sicut
2033 4977 2088 5021 et
2127 4967 2251 5020 alibi
2283 4968 2350 5020 ad

793 5058 1085 5127 discipulos
1119 5075 1244 5113 suos
1265 5061 1376 5112 ait:
1411 5060 1542 5112 Ecce
1574 5061 1710 5112 venit
1739 5061 1888 5122 hora,
1921 5068 1968 5110 et
1982 5058 2100 5126 jam
2121 5058 2258 5110 venit
2279 5065 2334 5108 ut

793 5150 1157 5217 disperguntur
1185 5150 1376 5220 singuli
1403 5151 1458 5202 in
1501 5167 1597 5203 sua
1638 5150 1709 5203 ”.
1741 5150 1872 5214 Quae
1922 5149 2086 5217 igitur
2138 5148 2210 5201 ibi
2258 5162 2352 5200 sua

889 5277 934 5305 ’δ
963 5275 1092 5329 Luc.
1163 5291 1220 5329 ιιι
1249 5316 1262 5339 ,
1297 5277 1378 5329 17.

794 5361 903 5408 xvt,
937 5346 1024 5399 52.

1487 5277 1531 5308 “
1552 5277 1683 5330 Luc.
1739 5292 1830 5339 xu,
1886 5277 1972 5331 49.

2086 5277 2128 5308 "
2165 5276 2353 5329 Matth.
2413 5294 2535 5342 xxv,
2588 5279 2675 5331 Η.

2448 4604 2588 4665 τίνες
2634 4604 2683 4654 οἱ
2733 4605 2804 4672 μή
2831 4621 2845 4667 ;
2877 4605 3062 4666 Οὐδεὶς
3095 4607 3200 4675 γὰρ
3234 4606 3408 4672 λόγος,
3445 4605 3566 4657 οὔτε
3605 4606 3832 4672 ἀγαθὸς,
3887 4606 4009 4656 οὗτε

2450 4693 2704 4761 πονηρὸς,
2735 4693 2847 4744 ἀλλ’
2871 4692 2992 4744 οὔτε
3018 4693 3243 4761 ἀληθὴς,
3283 4693 3404 4745 οὔτε
3447 4693 3664 4762 ψευδὴς,
3696 4694 3798 4745 κᾶν
3825 4696 3887 4744 ἐκ
3917 4695 4012 4744 τοῦ

2448 4783 2652 4849 ἀγαθοῦ
2684 4785 2816 4835 Θεοῦ
2850 4785 3116 4855 πρόεισιν,
3141 4785 3243 4836 κᾶν
3289 4787 3352 4837 ἐκ
3387 4785 3479 4835 τοῦ
3508 4785 3765 4854 πονηροῦ,
3819 4787 3879 4836 οὐ
3917 4803 4009 4852 με·

2449 4873 2570 4925 νοῦν
2601 4875 2659 4938 ἐξ
2686 4877 2953 4943 αἱμάτων,
3017 4879 3065 4927 εί
3119 4879 3211 4928 καὶ
3262 4877 3422 4928 πλέον
3482 4878 3718 4944 μανῶσιν
3752 4879 3801 4928 οἱ
3839 4879 4010 4930 ταῦτα

2449 4967 2718 5034 λέγοντες,
2750 4969 2829 5029 tofi
2876 4969 3221 5038 γεγέννηται.
3272 4970 3434 5021 Ὥστε
3465 4970 3648 5040 χώραν
3706 4974 3762 5022 ἐν
3806 4973 4011 5030 τούτοις

2448 5061 2561 5120 τοῖς
2596 5061 2942 5122 Δεσποτικοῖς
2987 5063 3225 5128 ῥήμασιν
3277 5061 3528 5129 οὐδεμίαν
3581 5064 3628 5112 οἱ
3674 5062 4010 5130 προφητικοὶ

2448 5149 2594 5217 λόγοι
2623 5150 3011 5219 λαμϐάνουσιν.
3071 5151 3208 5204 Ἀλλ’
3262 5152 3366 5204 ἴδια
3411 5153 3511 5221 μὲν
3557 5154 3709 5204 καλεῖ
3762 5153 3850 5204 τὸν
3910 5153 4003 5204 κό-

2789 5279 2831 5309 ’θ
2881 5278 3036 5333 Joan.
3091 5297 3128 5345 ι,
3165 5282 3250 5334 ll.
3366 5281 3411 5312 ”
3441 5281 3568 5334 ibid.
3612 5282 3697 5334 50.
3776 5281 3818 5311 "‘
3850 5278 4008 5333 Juan.

1857 5459 2085 5514 VARI/ﬁ
2139 5456 2517 5512 LECTIONES
2554 5457 2640 5511 ET
2672 5459 2904 5514 NOTAE.

867 5591 977 5662 (99)
1005 5593 1201 5662 Δίκην..
1223 5591 1298 5644 lta
1322 5608 1536 5662 quoque
1557 5603 1963 5662 argumentatur
1987 5593 2161 5651 Titus,
2197 5593 2286 5644 lib.
2310 5607 2348 5653 ι,

798 5661 937 5728 apud
976 5662 1044 5713 cl.
1105 5661 1327 5730 ltasnag.
1385 5661 1458 5729 p.’
1483 5664 1552 5714 85
1582 5680 1594 5713 :
1626 5661 1635 5662 ί
1663 5662 1791 5713 Ἰδοὺ
1831 5665 1891 5712 τὸ
1937 5663 2046 5729 πῦρ
2102 5662 2261 5714 ἑαυτὸ
2290 5663 2349 5713 οὐ

802 5731 963 5782 καίει·
1001 5730 1183 5798 ἕτερον
1209 5733 1316 5800 γάρ
1343 5732 1436 5783 καὶ
1471 5733 1567 5800 οῦκ
1605 5734 1763 5784 ὲαυτθο
1785 5733 2067 5785 ἀναλώσει.

877 5801 950 5858 (Il
983 5801 1384 5868 [lpog‘qtmoi'g‘
1443 5803 1685 5870 λόγους.
1741 5800 1879 5856 llinc
1933 5812 2077 5856 recte
2135 5802 2354 5873 colligas

2451 5591 2698 5648 homines
2721 5595 3015 5648 infrunitos
3043 5595 3110 5646 τὰ
3142 5596 3248 5648 tam
3292 5597 3346 5648 in
3369 5605 3475 5648 tam
3519 5595 3753 5648 alienum
3787 5610 4009 5650 sensum

2448 5662 2779 5784 geturqucre
2812 5667 3022 5730 solitos,
3051 5681 3212 5734 quem
3242 5666 3331 5719 vix
3354 5666 3672 5719 somniando
3700 5666 3822 5733 quis
3878 5681 4008 5734 pro—

2485 5743 2609 5784 ant.

2485 5743 2609 5786 ant.
