4222 6432
194 442 264 503 97
1253 430 1550 491 CONTRA
1590 423 2046 487 MANICH/EOS
2079 422 2308 484 LIBER
2347 419 2395 483 tt
3352 430 3428 493 93

198 559 342 613 σμον
362 542 460 610 (9.),
492 540 567 602 ὥς
594 554 695 590 που
729 538 823 590 καὶ
855 535 1087 605 ἀλλαχοῦ
1122 552 1253 604 φησι
1280 536 1417 606 πρὸς
1443 536 1567 597 τοὺς
1594 534 1769 605 μαθη-
1796 536 1842 592 Α

1758 536 1842 592 -Α
1870 530 2065 585 vocat?
2114 546 2241 583 num
2277 542 2555 584 sermones
2592 529 2979 600 propheticus?
3010 547 3077 586 an
3127 537 3425 604 possessio-

192 637 323 696 τάς’
377 633 523 689 Ἰδοὺ
549 632 784 698 ἔρχεται
815 628 954 697 ὥρα,
1014 629 1111 681 καὶ
1155 628 1271 681 νῦν
1319 628 1641 692 ἐλήλυθεν,
1667 628 1767 679 ἵνα

194 720 626 789 σκορπισθῆτε,
654 721 911 784 ἕκαστος
936 722 1021 784 είς
1049 718 1122 771 τὰ
1157 718 1295 769 Idea.
1329 719 1460 769 Ποῖα
1512 713 1605 769 οὖν
1661 717 1764 769 [δια

194 815 345 880 λέγει
376 812 642 875 ἑνταῦθας
695 808 804 880 ἄρα
853 812 980 873 τοὺς
1036 811 1407 880 προφητικοῦς
1448 809 1676 875 λόγους;
1730 808 1761 876 ἢ

192 903 445 971 δηλονότι
499 901 559 952 τὸ
614 902 795 969 κτῆμα
832 900 926 951 καὶ
974 899 1073 967 τὴν
1144 897 1425 950 κατοικίαν
1501 897 1759 959 ἑκάστους

197 996 413 1062 Ὠσπερ
444 990 537 1047 οὖν
568 992 802 1045 ἐνταῦθα
844 994 951 1045 ἴδια
1005 992 1124 1060 οὐχὶ
1180 992 1321 1043 κατὰ
1352 990 1441 1042 τὸν
1485 988 1763 1058 μεμηνότα

192 1086 363 1154 λῆρον
406 1089 529 1146 τοὺς
602 1084 971 1154 προφητικοὺς
1025 1082 1215 1148 λόγους
1274 1081 1443 1148 λέγει,
1508 1079 1643 1131 ἀλλὰ
1704 1079 1763 1131 τὸ

194 1178 429 1228 ἑκάστου
494 1176 679 1245 κτῆμα
735 1177 827 1227 καὶ
882 1175 982 1243 τὴν
1039 1174 1175 1226 ίδίαν
1221 1175 1397 1227 οἰκίαν
1454 1172 1617 1224 οὕτω·
1667 1172 1762 1225 καὶ

193 1270 421 1321 ἐπειδᾶν
443 1270 595 1339 λέγῃ’
633 1272 735 1334 Είς
757 1270 828 1321 τὰ
863 1268 984 1320 loca
1006 1264 1170 1337 ἦλθε,
1203 1268 1298 1321 καί
1334 1271 1385 1320 οὶ
1409 1266 1547 1319 ιδιοι
1575 1266 1763 1318 αὑτὸν

190 1363 263 1413 οὐ
301 1362 667 1427 παρέλαϐον,
697 1361 803 1413 ῐδια
829 1362 929 1428 μὲν
954 1340 1042 1412 τὸν
1065 1360 1321 1431 αἰσθητὸν
1363 1364 1567 1429 κόσμον
1591 1360 1756 1426 λέγει·

191 1453 380 1521 κτῆμα
415 1453 521 1521 γὰρ
560 1451 726 1505 αὑτοῦ
778 1452 869 1504 καὶ
903 1452 1113 1521 ποίημα
1170 1446 1321 1513 οὗτος
1344 1467 1357 1481 ο
1394 1449 1655 1513 ὡσαύτως
1705 1449 1761 1502 δὲ

192 1542 289 1593 καὶ
318 1544 367 1593 οί
396 1545 453 1593 ὲν
483 1542 650 1610 αὐτῷ,
700 1534 774 1594 ὧν
824 1544 872 1595 οἱ
904 1544 1031 1611 έμὲν
1079 1542 1387 1613 παρέλαϐον
1445 1540 1610 1595 αύτοῦ
1662 1540 1761 1610 τὴν

192 1635 610 1701 μυσταγωγίαν,
658 1636 706 1686 οί
739 1635 795 1686 δὲ
827 1634 908 1690 οὗ.
940 1636 1047 1689 Καὶ
1096 1635 1329 1705 ἀλλαχοῦ
1387 1634 1546 1689 πάλιν
1600 1634 1763 1695 αὐτὸς

188 1726 218 1776 ὀ
276 1726 485 1793 Ἰησοῦς
534 1730 562 1779 ό
623 1728 812 1796 Σωτὴρ
868 1728 1025 1798 ἡμῶν
1081 1727 1181 1796 τὴν
1242 1728 1379 1782 ίδίαν
1421 1727 1759 1797 περιτρέχων

191 1814 452 1882 πατρίδα,
486 1816 579 1866 καὶ
634 1816 731 1883 τὴν
777 1816 958 1869 αἰτίαν
982 1815 1081 1882 τῆς
1113 1816 1445 1886 περιδρομῖκ
1478 1814 1760 1876 ἀποδιδούς

184 1906 540 1974 ἐμαρτύρησε
571 1906 766 1973 λέγων,
822 1908 904 1959 ὃτι
960 1908 1273 1975 Προφήτης
1301 1907 1370 1959 ἐν
1396 1905 1470 1973 τῇ
1504 1906 1620 1972 ίὸίᾳ
1650 1918 1760 1957 πα-

188 1995 345 2062 τρίδι
410 1996 588 2063 τιμὴν
640 1999 750 2049 οὐκ
798 1998 944 2064 ἔχει.
1010 1999 1252 2067 Φανερᾶς
1305 1998 1484 2050 τοίνυν
1528 2012 1757 2066 γεγενη-

193 2086 362 2153 μένης
440 2087 537 2155 τῆς
624 2088 805 2155 φωνῆς
878 2087 936 2151 ὲξ
1003 2088 1179 2141 αὐτῶν
1232 2088 1341 2140 τῶν
1397 2088 1758 2157 εύαγγελικῶν

192 2177 459 2244 ῥημάτων
491 2178 589 2243 τῆς
616 2180 989 2247 σημαινούσης
1020 2180 1090 2231 τὰ
1114 2180 1255 2245 ἴδια,
1300 2180 1379 2232 ὅτι
1420 2179 1510 2231 τὸν
1557 2180 1758 2249 κόσμον

191 2273 287 2321 καὶ
314 2270 413 2338 τὴν
443 2271 503 2321 ὲν
558 2272 635 2337 τῷ
674 2272 862 2342 κόσμῳ
913 2273 1144 2342 πατρίδα
1183 2274 1215 2342 ἦ
1269 2274 1331 2328 ςὸ
1361 2274 1543 2341 κτῆμα
1574 2273 1754 2342 δηλοῖ·

190 2364 313 2426 πῶς
351 2366 414 2417 οὐ
451 2368 725 2435 μεμήνασι
762 2369 1139 2438 φανερώτερον
1162 2371 1209 2421 οί
1233 2368 1370 2437 πρὸς
1423 2368 1622 2438 μύθους
1664 2368 1759 2420 καὶ

191 2454 394 2524 λήρους
445 2460 511 2508 τὰ
557 2455 697 2509 οὕτω
733 2462 1005 2528 περιφανῆ
1064 2461 1567 2530 καταστρέφοντεςς
1638 2460 1758 2511 Τῶν

193 2546 325 2613 γοῦν
354 2547 698 2599 Δεσποτικῶν
750 2548 944 2617 λογίων
987 2550 1091 2602 ίδια
1146 2550 1243 2619 μὲν
1293 2550 1386 2603 τοῦ
1437 2549 1637 2620 Κυρίου
1669 2550 1758 2602 τὸν

194 2640 398 2707 κόσμον
428 2640 714 2707 λεγόντων,
764 2640 926 2704 ἰδίους
982 2640 1039 2693 δὲ
1090 2644 1217 2704 τοὺς
1273 2643 1331 2694 ὲν
1361 2640 1528 2709 αὐτῷ,
1571 2640 1669 2693 κάν
1698 2656 1757 2692 τε

189 2728 390 2781 ἔλαϐον
429 2732 611 2794 αὑτὸν,
643 2730 746 2783 κάν
770 2747 829 2783 τε
865 2731 939 2802 μὴ
963 2731 1032 2802 (oi
1072 2732 1167 2801 μὲν
1196 2733 1302 2801 γὰρ
1323 2730 1575 2795 λασόντες
1623 2732 1759 2799 μετὰ

191 2827 289 2878 τοῦ
327 2822 470 2879 εἶναι
528 2828 648 2879 ῐόιοι
699 2827 773 2889 ὡς
840 2829 1122 2898 ποιήματα
1150 2823 1336 2891 αὑτοῦ,
1389 2829 1481 2879 καλ⁵
1526 2826 1758 2880 ἐτεκνώ-

195 2918 371 2987 θησαν
433 2918 599 2986 αύτῷ,
653 2918 935 2987 δεξάμενοι
985 2918 1075 2970 τὸν
1126 2919 1221 2970 ἐπὶ
1268 2921 1334 2988 τῇ
1390 2916 1538 2985 cr;ti
1580 2918 1758 2969 αὐτῶν

197 3009 445 3079 σωτηρίᾳ
497 3009 941 3077 παραγεγονότα·
995 3010 1044 3061 οί
1100 3008 1157 3061 δὲ
1189 3008 1289 3078 ,μὴ
1350 3007 1758 3077 παραλαϐόντες

194 3099 378 3159 αὐτὸν,
416 3098 518 3150 κᾶν
551 3098 671 3150 ἴδιοι
695 3094 849 3161 ὦσιν,
906 3100 980 3161 ὡς
1024 3099 1248 3166 πλάσμα
1296 3099 1481 3159 αὑτοῦ,
1512 3098 1626 3150 ἀλλ’
1665 3094 1758 3150 οὖν

1866 636 1989 675 nem
2021 629 2075 675 et
2101 622 2321 676 domum
2361 621 2656 690 cujusque?
2696 621 2849 677 Sicut
2887 623 3053 693 igitur
3090 625 3159 679 ibi
3190 645 3285 681 sua
3337 631 3427 699 (τὰ

1867 712 1989 781 tam)
2019 722 2179 781 prout
2202 714 2273 765 illi
2300 713 2514 781 quidem
2544 723 2818 783 nugantur
2837 754 2852 777 ,
2898 730 3005 769 non
3038 718 3273 785 appellat
3306 736 3423 774 ser-

1864 819 2054 858 mones
2077 806 2444 875 propheticos,
2474 805 2569 859 sed
2596 807 2869 875 propriam
2898 810 3164 879 cujusque
3202 812 3420 867 domum

1864 904 1916 949 et
1940 894 2246 959 facultates,
2277 897 2349 949 ita
2378 906 2431 950 et
2455 938 2468 960 ,
2501 898 2720 966 quando
2744 899 2877 953 dixit
2902 918 2915 954 :
2965 900 3031 953 In
3060 918 3156 955 tua
3190 908 3346 969 venit,
3374 916 3425 959 et

1862 992 1943 1043 sui
1971 1006 2072 1041 non
2095 1000 2392 1057 receperunt
2423 1007 2539 1042 eum
2562 1031 2576 1055 ,
2629 1006 2725 1044 sua
2753 992 2969 1059 quidem
2995 996 3257 1048 mundum
3294 1012 3423 1051 sen-

1862 1079 2073 1133 sibilem
2108 1089 2297 1143 vocat;
2339 1080 2609 1149 possessio
2638 1080 2781 1134 enim
2823 1083 2940 1150 ejus
2970 1093 3024 1137 et
3051 1097 3295 1141 creatura
3335 1088 3424 1144 ille

1862 1178 1978 1223 est:
2007 1170 2224 1223 sicutet
2250 1170 2371 1233 isti,
2420 1171 2509 1239 qui
2558 1170 2611 1225 in
2646 1185 2712 1224 eo
2747 1181 2892 1238 sunt,
2952 1182 3007 1227 et
3058 1190 3285 1243 quorum
3334 1178 3421 1232 alii

1862 1262 2158 1315 doctrinam
2180 1262 2299 1331 ejus
2326 1271 2667 1331 receperunt,
2703 1264 2790 1316 alii
2821 1266 3023 1319 minus.
3048 1266 3182 1320 Alibi
3206 1284 3423 1339 quoque

1862 1353 1977 1423 ipse
2007 1352 2163 1407 Jesus
2210 1353 2464 1408 Servator
2520 1363 2703 1407 noster
2742 1370 2891 1410 suam
2942 1358 3269 1414 circumiens
3324 1376 3422 1431 pa-

1862 1446 2041 1508 triam,
2071 1456 2230 1513 atque
2260 1446 2422 1513 hujus
2467 1446 2549 1499 sui
2582 1446 2813 1500 instituti
2864 1450 3126 1504 rationem
3176 1453 3422 1508 redditu-

1861 1553 1971 1601 rus,
2005 1548 2232 1591 testatus
2265 1547 2350 1591 est
2408 1537 2633 1592 dicens:
2700 1537 2965 1605 Propheta
2998 1543 3051 1592 in
3098 1544 3275 1610 patria
3323 1561 3420 1598 sua

1860 1628 2109 1681 honorem
2144 1645 2247 1680 non
2274 1629 2422 1681 habet
2470 1629 2535 1682 ³¹.
2582 1630 2715 1684 Cum
2765 1631 2947 1701 itaque
2995 1633 3159 1687 dictio
3212 1635 3328 1689 hac
3356 1651 3423 1689 ex

1862 1719 1997 1788 ipsis
2020 1718 2291 1789 Evangelii
2318 1720 2501 1774 verbis
2532 1721 2602 1774 ita
2637 1723 2903 1777 illustrata
2946 1725 3034 1787 sit,
3063 1732 3123 1777 ut
3155 1741 3251 1794 per
3297 1743 3420 1795 pro-

1862 1809 1980 1877 pria
2009 1810 2271 1862 mundum
2294 1848 2308 1869 ,
2341 1818 2393 1861 et
2430 1825 2549 1877 quae
2590 1812 2643 1863 in
2679 1826 2745 1865 eo
2772 1820 2892 1876 est,
2928 1815 3153 1881 patriam
3192 1817 3419 1871 indicari

1860 1909 2150 1968 appareat;
2178 1914 2358 1953 nonne
2391 1900 2675 1955 manifeste
2698 1901 2995 1969 insaniunt,
3028 1906 3116 1974 qui
3146 1915 3251 1960 tam
3275 1908 3418 1962 clara

1858 1992 2074 2045 oracula
2108 1993 2174 2046 ad
2207 1992 2436 2061 ineptias
2464 2002 2519 2046 et
2545 2008 2714 2063 nugas
2748 1994 3125 2051 transferunt?
3149 1998 3418 2063 Quoniam

1859 2083 2025 2152 igitur
2052 2084 2260 2136 Domini
2287 2084 2448 2137 verba
2502 2085 2719 2153 propria
2750 2086 2960 2140 Domini
3018 2091 3279 2143 mundum
3322 2107 3418 2145 vo-

1857 2186 2006 2240 cant,
2034 2178 2281 2246 proprios
2305 2192 2433 2230 vero
2458 2178 2598 2246 ejus,
2629 2179 2719 2247 qui
2761 2179 2815 2231 in
2850 2196 2914 2233 eo
2944 2190 3089 2247 sunt,
3119 2183 3231 2236 sive
3263 2199 3415 2238 rece-

1858 2266 2039 2335 perint
2060 2282 2205 2331 eum,
2239 2268 2351 2321 sive
2380 2268 2561 2322 minus
2587 2276 2734 2334 (nam
2764 2274 2853 2339 qui
2886 2281 3226 2342 receperunt,
3264 2284 3417 2343 post-

1858 2374 2040 2426 quam,
2067 2367 2125 2411 ut
2145 2368 2426 2423 creaturae,
2456 2360 2573 2428 ejus
2591 2360 2702 2428 jam
2729 2361 2963 2425 fuerant,
2989 2362 3150 2415 etiam
3176 2362 3267 2415 lilii
3297 2364 3415 2431 ejus

1858 2452 2032 2506 effecti
2064 2461 2211 2515 sunt,
2237 2468 2397 2521 quam
2429 2453 2665 2522 primum
2698 2468 2821 2505 eum
2844 2489 2859 2514 ,
2903 2454 2993 2522 qui
3046 2454 3235 2508 salutis
3267 2455 3416 2524 ipso-

1858 2560 1976 2598 rum
2002 2560 2161 2599 causa
2187 2554 2427 2609 venerat,
2467 2544 2701 2612 amplexi
2725 2553 2887 2599 sunt:
2920 2545 3008 2614 qui
3038 2561 3165 2599 vero
3188 2562 3297 2602 non
3331 2562 3417 2603 re-

1858 2643 2140 2703 ceperunt,
2171 2635 2416 2703 quamvis
2454 2635 2657 2704 proprii
2696 2636 2826 2696 sint.
2860 2642 3117 2704 tanquam
3164 2644 3413 2691 creatura

1858 2727 1998 2793 ejus,
2034 2726 2132 2788 illi,
2164 2740 2271 2778 non
2331 2726 2675 2795 recipientes,
2738 2726 2946 2795 seipsos
2972 2727 3231 2797 dignitate
3280 2728 3419 2783 ﬁlio-

1859 2832 1977 2870 rum
2030 2816 2389 2887 spiritualium
2436 2817 2761 2885 privarunt),
2795 2819 3049 2885 quoniam
3083 2859 3098 2882 ,
3158 2821 3375 2889 inquam
3400 2862 3417 2888 ,

1858 2910 2165 2977 evangelica
2213 2909 2375 2961 verba
2418 2910 2632 2975 propria
2665 2917 2715 2960 et
2756 2910 2993 2976 proprios
3041 2910 3111 2963 ita
3156 2910 3420 2982 interpre-

1860 3006 2060 3061 tantur,
2091 3000 2363 3066 quomodo
2390 3014 2497 3050 non
2520 2999 2913 3054 aliominandns
2929 3010 3009 3055 est
3030 3015 3217 3055 eorum
3242 3020 3415 3069 crror,

1859 3090 1948 3157 qui
1983 3090 2141 3142 aliam
2172 3092 2449 3143 notionem
2482 3091 2660 3145 verbis
2706 3092 3045 3159 subjiciunt?
3074 3094 3229 3158 Quod
3289 3112 3418 3149 vero

194 3191 252 3241 οὐ
284 3188 720 3258 παραδεξάμενοι
748 3189 929 3251 αὐτὸν,
960 3190 1056 3259 τῆς
1086 3189 1344 3257 δευτέρας
1392 3189 1483 3241 καὶ
1517 3206 1758 3258 πνευμα-
1786 3214 1827 3271 C

1752 3219 1758 3229 .
1786 3214 1827 3271 Ο
1861 3188 2071 3251 propria
2105 3185 2361 3238 mundum
2406 3196 2579 3251 vocet,
2617 3188 2740 3241 inde
2772 3188 2934 3243 etiam
2966 3189 3261 3246 clarissime
3298 3208 3419 3262 per-

195 3281 355 3348 τικῆς
397 3280 667 3340 υἱοθεσίας
720 3280 1065 3343 άπεξένωσαν
1120 3280 1398 3349 ἑαυτούς)·
1438 3279 1578 3332 οὕτω
1628 3280 1759 3347 γοῦν

194 3370 301 3421 τῶν
335 3371 536 3436 λογίων
562 3371 626 3422 τά
658 3370 777 3422 ἴδια
810 3371 903 3422 καὶ⁸
930 3373 1054 3433 τοὺς
1090 3371 1279 3436 ἰδίους
1324 3371 1757 3440 ὲρμηνευόντων,

196 3460 313 3521 πῶς
353 3462 413 3512 οὐ
441 3460 723 3528 βδελυκτὸν
749 3461 848 3527 τῆς
881 3461 1091 3529 πλάνης
1123 3462 1305 3530 ἕτερόν
1338 3478 1388 3513 τι
1423 3464 1534 3522 τοῖς
1576 3462 1757 3531 ῥήμα-

199 3569 277 3602 σιν
305 3551 768 3619 ύποὸαλλόμενοις
806 3552 926 3603 Ὅτι
971 3551 1025 3602 δὲ
1056 3551 1177 3604 lota
1222 3552 1313 3603 τὸν
1367 3552 1568 3620 κόσμον
1600 3552 1753 3620 φησὶ,

197 3644 290 3694 aut
323 3645 389 3693 ἐκ
449 3642 655 3694 τούτων
716 3642 829 3695 ἐστι
890 3643 1073 3707 σαφῶς
1141 3646 1386 3710 συνορᾷν.
1447 3639 1563 3698 Ἦν
1624 3644 1754 3712 γὰρ,

197 3734 349 3800 φησὶ,
384 3734 449 3785 τὸ
482 3732 605 3800 φῶς
636 3733 701 3785 τὸ
735 3735 1045 3799 ἀληθινὸν,
1094 3733 1123 3786 ὃ
1164 3733 1391 3800 φωτίζει
1427 3732 1620 3785 πάντα
1651 3732 1756 3785 ἀν-

196 3827 433 3890 θρωπον
458 3824 783 3891 ἐρχόμενον
813 3828 893 3888 εις
922 3826 1030 3876 τὸν
1055 3826 1300 3891 κόσμον.
1337 3825 1494 3877 Ποῖον
1518 3826 1753 3893 κόσμον;

195 3914 441 3982 δηλονότι
505 3914 593 3966 τὸν
648 3914 923 3981 αἰσθητόν.
983 3915 1089 3965 Καὶ
1146 3914 1273 3964 πότε
1331 3914 1622 3980 ἐφώτισεν,
1670 3915 1757 3965 ὅτε

196 4006 575 4075 παραγέγονεν
626 4007 684 4057 ὲν
746 4004 911 4073 αύτῷ.
973 4006 1107 4056 Πότε
1170 4005 1225 4057 δὲ
1271 4005 1650 4073 παραγέγονε;
1686 4006 1757 4057 Τὸ

195 4096 530 4163 Εὑαγγέλιον
577 4096 704 4164 βοᾷ·
767 4098 867 4149 Ἐν
919 4095 997 4160 τῷ
1048 4098 1250 4165 κόσμῳ
1289 4097 1395 4165 γὰρ
1434 4095 1528 4164 ἦν,
1580 4100 1753 4166 φησί·

194 4190 415 4250 πάντως
443 4188 553 4256 γάρ
576 4190 633 4240 ἐν
654 4187 729 4256 τῷ
759 4186 1002 4256 αίσθητῴ
1021 4189 1208 4257 κόσμῳ
1242 4188 1317 4241 ὢν
1348 4191 1439 4242 τὸν
1465 4191 1757 4259 ἐρχόμενον

192 4282 270 4340 εἰς
299 4280 393 4331 τὸν
424 4278 681 4346 αἰσθητὸν
706 4280 908 4346 κόσμον
957 4280 1238 4347 ἐφώτιζεν.
1272 4278 1405 4334 Εἶτα
1448 4280 1591 4342 τίνος
1636 4277 1702 4350 ἧν
1729 4284 1757 4333 ό

193 4370 397 4437 κόσμος
434 4370 660 4437 ποίημα,
706 4372 762 4422 ἐν
789 4363 831 4433 ᾧ
852 4387 910 4421 τε
942 4371 1103 4432 αὐτὸς
1127 4367 1213 4439 ἦν,
1246 4373 1337 4423 καὶ
1359 4372 1449 4423 τὸν
1470 4373 1755 4439 ἐρχόμενον

191 4462 269 4522 εἰς
295 4460 457 4511 αὑτὸν
510 4461 587 4528 (3)
636 4461 918 4527 ἐφώτιζεν,
986 4462 1084 4511 οὐκ
1140 4460 1359 4513 ἄλλοθεν
1405 4460 1515 4512 ἔστι
1567 4460 1756 4529 μαθεῖν

1861 3275 1991 3343 spici
2040 3285 2238 3343 potest.
2296 3275 2429 3329 Erat
2480 3280 2656 3342 enim,
2712 3280 2934 3348 inquit,
2990 3282 3081 3336 lux
3127 3300 3268 3349 vero,
3304 3302 3419 3356 qua

1860 3367 2123 3419 illuminat
2173 3370 2429 3422 hominem
2483 3387 2687 3424 omnem
2768 3374 2821 3424 in
2890 3376 3144 3427 mundum
3209 3380 3419 3431 venien-

1860 3466 1959 3509 tem
2019 3459 2084 3511 ".
2145 3459 2315 3523 Quem
2389 3462 2567 3515 innuit
2630 3464 2938 3516 mundum?
3013 3467 3236 3519 omnino
3284 3483 3411 3521 sen-

1859 3548 2092 3602 sibilem.
2153 3548 2381 3614 Quando
2439 3566 2564 3605 vero
2615 3552 2975 3607 illuminavit?
3018 3570 3141 3609 cum
3188 3557 3240 3611 in
3292 3573 3415 3613 eum

1859 3639 2027 3691 venit.
2103 3638 2328 3703 Quando
2408 3656 2537 3693 vero
2602 3644 2805 3695 venit?
2878 3644 3227 3714 Evangelium
3305 3648 3415 3700 cla-

1856 3739 2005 3782 mat:
2070 3730 2131 3783 In
2202 3734 2393 3783 mundo
2446 3734 2582 3784 enim
2650 3744 2785 3799 erat,
2860 3736 3143 3805 inquiens;
3195 3740 3416 3795 omnino

1858 3820 2066 3873 enimin
2094 3822 2330 3874 sensibili
2356 3824 2555 3877 numdo
2575 3825 2848 3880 exsistens
2878 3827 3149 3881 hominem
3182 3829 3232 3882 in
3260 3848 3417 3885 mun-

1858 3910 1983 3963 dum
2016 3912 2321 3965 sensibiletn
2363 3914 2668 3967 venientem
2700 3915 3039 3972 illuminavit.
3074 3917 3240 3972 Porro
3262 3922 3416 3989 cujus

1859 4002 2021 4056 fuerit
2078 4016 2323 4058 creatura
2375 4006 2630 4069 mundus,
2683 4006 2735 4060 in
2787 4023 2893 4077 quo
2949 4018 3004 4063 et
3044 4010 3157 4079 ipse
3196 4024 3328 4075 erat,
3361 4025 3416 4069 et

1856 4096 2160 4150 venientem
2194 4097 2245 4149 in
2279 4097 2424 4151 illum
2461 4099 2814 4162 illuminabat,
2845 4116 2949 4153 non
2978 4102 3193 4156 aliunde
3215 4106 3413 4159 rectius

1857 4187 2104 4247 discitur,
2140 4203 2299 4255 quam
2333 4204 2395 4241 ex
2426 4190 2556 4257 ipsis
2585 4191 2763 4244 verbis
2796 4192 3155 4260 evangelicis:
3188 4198 3413 4250 Mundus

1858 4279 2015 4336 enim.
2045 4279 2237 4346 inquit,
2267 4296 2355 4346 per
2382 4281 2547 4346 ipsum
2583 4284 2749 4347 factus
2781 4284 2855 4335 est
2894 4292 2941 4335 et
2974 4287 3196 4337 mundus
3243 4287 3415 4354 ipsum

1859 4385 1956 4419 non
1991 4371 2222 4437 cognovit
2246 4369 2373 4422 ".Id
2392 4371 2533 4437 quod
2551 4371 2724 4423 simile
2758 4381 2842 4425 est
2880 4372 3033 4425 alteri
3069 4373 3175 4427 illi:
3226 4374 3288 4427 In
3316 4392 3414 4429 tua

1857 4458 2013 4521 venit,
2048 4467 2097 4509 et
2134 4458 2216 4509 sui
2256 4474 2358 4509 non
2402 4469 2705 4525 receperunt
2756 4476 2893 4513 eum.
2931 4459 3107 4524 Vides,
3148 4466 3416 4532 quomodo

190 4552 363 4621 ἀλλ’ἢ
392 4551 451 4614 ἐξ
481 4553 657 4604 αὐτῶν
680 4554 787 4605 τῶν
810 4553 1183 4619 εὐαγγελικῶν
1244 4555 1525 4621 ῥημάτων.
1568 4554 1621 4605 Ὀ
1652 4556 1749 4605 κό-
1787 4537 1831 4593 θ

1748 4586 1749 4589 η
1787 4537 1831 4593 D
1863 4547 2059 4600 veritas
2100 4548 2441 4617 undiquaqne
2483 4548 2584 4603 sibi
2637 4551 3001 4604 testimonium
3034 4553 3200 4613 ferat.
3236 4566 3290 4608 et
3325 4556 3415 4610 lux

191 4659 348 4710 σμος
383 4646 513 4711 γὰρ,
546 4645 698 4712 φησὶ,
734 4643 807 4696 δι’
842 4644 1027 4697 αὐτοῦ
1059 4645 1314 4710 ἐγένετο,
1347 4646 1441 4696 καὶ
1465 4648 1496 4696 ό
1528 4648 1753 4711 κόσμος

190 4734 381 4785 αὑτὸν
437 4737 547 4785 οὐκ
597 4734 763 4801 ἔγνω.
808 4737 871 4787 '0
924 4735 1034 4786 ἴσον
1069 4737 1184 4786 ἐστὶ
1240 4735 1346 4803 τῷ,
1394 4738 1494 4798 Εἰς
1543 4736 1611 4787 τὰ
1638 4735 1756 4788 ἴδια

192 4821 363 4892 ἦλθε,
390 4825 484 4875 καὶ
510 4827 562 4876 oi
590 4823 726 4875 ἴδιοι
751 4825 939 4876 αὑτὸν
964 4827 1034 4877 οὐ
1060 4824 1415 4890 παρέλαϐον.
1461 4824 1618 4895 Ὁρᾷς
1644 4827 1757 4889 πῶς

193 4914 533 4983 πανταχόθεν
579 4914 714 4983 αὑτὴ
761 4916 923 4981 ἑαυτῇ
975 4918 1239 4984 μαρτυρεί
1284 4916 1315 4983 ἡ
1373 4915 1625 4983 ἀλήθεια,
1669 4920 1758 4968 καὶ

264 5048 309 5078 ³¹
339 5045 530 5101 Matth.
587 5064 706 5111 χιιι,
737 5048 824 5101 57.
942 5047 985 5078 "
1009 5047 1163 5100 Joan.
1190 5063 1226 5112 l,
1259 5046 1313 5102 9.

1860 4641 1975 4705 ejus
2008 4639 2173 4707 magis
2203 4642 2370 4709 magis
2395 4656 2497 4709 que
2524 4641 2771 4708 aﬂulgeat
2801 4642 2969 4711 ipsam
3017 4646 3416 4713 quaerentibus?

1863 4728 2306 4797 Quandoquidem
2327 4732 2488 4801 igitur
2507 4735 2841 4787 sanctissima
2861 4736 3074 4788 oracula
3092 4746 3143 4789 ct
3159 4738 3413 4791 mundum

1867 4825 2009 4877 hunc
2054 4822 2312 4875 visibilem
2375 4824 2589 4890 propria
2650 4822 2956 4877 Servatoris
3010 4836 3184 4890 vocat;
3222 4836 3278 4879 ct
3322 4842 3415 4895 per

1865 4929 1987 4970 eum
2017 4913 2212 4965 factum
2241 4926 2358 4965 esse
2377 4914 2709 4980 pronuntiat,
2742 4922 2797 4967 et
2825 4928 2938 4977 eos,
2968 4914 3057 4983 qui
3081 4915 3133 4967 in
3157 4917 3416 4971 mundum

1428 5048 1472 5079 ³⁸
1508 5048 1663 5103 Joan.
1700 5064 1736 5115 t,
1776 5049 1861 5103 i9.

1283 5199 1519 5254 VARIA';
1551 5199 1934 5254 LECTIONES
1960 5200 2045 5254 ΕΤ
2085 5199 2315 5257 NOTAE.

266 5335 344 5401 (ἢ
371 5335 632 5399 Κόσμον.
661 5334 735 5389 Ex
776 5334 1175 5389 recentioribus
1206 5340 1329 5402 post
1361 5332 1603 5387 Grotium
1637 5334 1755 5403 ple-

196 5406 355 5473 rique
380 5405 447 5455 τὰ
475 5404 580 5456 [δια
624 5404 691 5457 de
732 5406 912 5466 domo,
973 5420 1134 5472 quam
1172 5406 1414 5455 nonnulli
1452 5406 1516 5457 de
1558 5406 1756 5471 templo

196 5474 539 5544 interpretati
574 5484 720 5535 sunt,
750 5475 1066 5544 accipienda
1098 5483 1378 5544 putarunt.
1407 5473 1539 5527 Vide
1561 5473 1754 5526 Fulleri

198 5542 540 5597 Hiscellanea
572 5559 744 5609 sacra,
782 5541 885 5603 ιν,⁷
915 5545 1013 5603 Πς
1067 5541 1119 5595 et
1178 5543 1257 5593 Jo.
1300 5541 1495 5595 Vorslii
1560 5544 1759 5595 Disser-

198 5623 319 5665 tatt.
358 5612 414 5665 S.
449 5613 538 5681 lib.
567 5627 649 5671 ιιι.
684 5628 733 5665 c.
765 5613 865 5668 ης
896 5612 1216 5665 Latnbcrtus
1243 5611 1364 5673 Bos,
1405 5612 1477 5664 lle
1516 5614 1758 5681 mysterio

198 5684 435 5753 ellipxeos
468 5680 658 5735 Grazca:
681 5684 963 5753 tinguentin
998 5682 1243 5734 eamdem
1264 5680 1589 5753 sententiam
1620 5682 1753 5753 sub-

200 5751 454 5820 intelligit
520 5750 815 5820 οἰκήματα.
872 5750 1005 5806 Cum
1064 5763 1251 5804 nostro
1310 5750 1431 5805 facit
1470 5751 1747 5819 Thenphy-

199 5819 467 5877 laetus’ad
494 5822 669 5874 locum
700 5820 945 5885 Joannis,
977 5820 1059 5875 vel
1092 5820 1352 5874 mundum
1384 5820 1465 5874 vcl
1514 5821 1749 5876 Judteam

1856 5335 2135 5409 speciatim
2173 5337 2261 5409 hic
2292 5339 2584 5409 signiﬁcari
2626 5340 2891 5395 scribens.
2952 5339 3083 5393 Ἴδια
3118 5338 3301 5402 αὐτοῦ.
3335 5342 3417 5395 in-

1857 5406 2066 5480 quitis1
2095 5406 2125 5473 ἦ
2156 5408 2245 5480 ¹τὸν
2279 5406 2397 5461 ὅλον
2422 5412 2623 5477 κόσμον
2654 5410 2951 5480 νοήσεις-γῆ
2996 5410 3093 5480 τὴν
3139 5409 3411 5465 Ἰουδαίαν.

1929 5475 2003 5546 (5)
2042 5478 2149 5546 TM-
2168 5478 2491 5545 ἐρχόμενον
2510 5475 2597 5544 εἰς
2631 5475 2836 5533 αὐτόν.
2869 5475 3059 5532 γε’τΜ
3089 5480 3264 5546 itaque
3302 5483 3415 5534 hanc

1860 5544 1923 5595 ad
1972 5544 2263 5611 ἄνθρωπον
2308 5544 2485 5602 refert
2554 5549 2799 5607 Photius.
2868 5544 3271 5603 consentientes
3313 5550 3415 5603 sibi

1862 5613 2071 5687 habens
2108 5615 2392 5687 plerosque
2423 5634 2632 5673 omnes.
2669 5618 2884 5671 Interim
2918 5627 3063 5681 sunt,
3091 5620 3181 5686 qui
3224 5628 3417 5687 putant

1862 5683 1978 5757 hac
2008 5683 2074 5757 ad
2108 5684 2220 5757 ςζῶς
2247 5683 2358 5741 sive
2410 5687 2688 5757 Christum
2732 5688 2911 5757 ipsum
2960 5683 3249 5756 respicere.
3279 5689 3414 5754 Lege

1861 5749 1920 5831 B_.
2128 5754 2356 5823 Fechtii,
2403 5749 2769 5812 Philocaliam'
2804 5774 2939 5811 tacr.
3004 5749 3227 5811 tliesibm
3262 5749 3411 5810 bibli-

1862 5837 1986 5875 αδ..
2100 5863 2110 5875 .

1891 5838 1953 5884 is,
1978 5838 2002 5887 ς
2026 5838 2110 5875 zu.
