4222 6432
778 401 849 467 99
1913 397 2176 460 PHOTII
2214 394 2719 458 PATRIAllCII/E
2758 398 2866 459 ΟΡ.

3932 388 4034 456 100

788 518 1034 583 veniunt,
1073 533 1180 572 non
1215 517 1403 581 alium,
1443 531 1606 585 quam
1642 516 1818 585 ipsum
1853 513 2175 577 illuminare,
2212 527 2347 567 con-
2375 513 2455 571 Αε

2375 509 2510 571 Arb
2543 511 2658 578 φῶς
2706 512 2878 580 αὐτῆς
2925 509 3127 581 μᾶλλον
3161 508 3471 578 ἀναλάμπει
3522 509 3634 570 τοῖς
3683 502 4033 574 ἐπιζητοῦσιν

781 615 979 675 lirmat,
1011 611 1284 678 quomodo
1329 625 1434 663 non
1472 609 1898 662 contremiscunt
1934 606 2204 668 homines,
2251 605 2349 656 ile-

785 703 1039 756 fectionis
1089 719 1216 757 vera
1279 701 1582 771 progenies,
1638 709 1693 752 et
1748 699 1873 753 ntali
1926 698 2176 767 principii
2234 696 2350 760 lilii,

778 797 999 864 quando
1031 797 1192 849 alium
1244 795 1461 864 quidem
1506 793 1692 847 mundi
1740 792 1966 846 visibilis
2019 791 2354 844 conditorem

780 891 985 952 lerunt,
1022 891 1185 943 alium
1217 903 1346 940 vero
1369 903 1515 945 eum,
1548 885 1637 954 qui
1671 884 1977 936 venientem
2011 882 2062 934 in
2095 881 2355 934 mundum

779 983 1063 1044 illuminet,
1096 996 1369 1050 quemque
1401 977 1718 1032 substantiae
1747 974 2101 1044 intelligibilis
2137 983 2346 1027 tantum

777 1074 1024 1142 opiﬁcem
1064 1072 1432 1141 proﬁtentur?

2450 602 2643 664 αὐτόν;
2669 603 2790 655 Τῶν
2815 599 2909 656 οὖν
2940 601 3103 673 ἱερῶν
3137 603 3396 674 ῥημάτων
3429 601 3524 652 καὶ
3551 599 3673 652 ἴδια
3707 597 3802 651 τοῦ
3847 597 4033 666 Σωτῆ-

2456 711 2546 763 ρος
2587 696 2800 747 τουτονὶ
2850 696 2942 747 τὸν
2998 695 3276 764 ὁρώμενον
3320 695 3527 763 κόσμον
3565 692 3899 757 καλούντων,
3939 690 4035 742 καὶ

2453 788 2518 840 δι’
2573 787 2736 840 αὑτοῦ
2788 789 3166 858 κηρυττόντων
3217 786 3383 840 αὐτὸν
3431 784 3719 853 γενέσθαι,
3770 784 3865 836 καὶ
3907 782 4035 844 τοὺς

2455 881 2782 951 ἐρχομένους
2832 883 2913 943 εἰς
2953 879 3044 932 τὸν
3090 880 3294 948 κόσμον
3343 879 3443 932 οὐκ
3492 878 3670 940 ἄλλον,
3721 876 3836 929 ἀλλ’
3871 876 4036 928 αδτδν

2457 968 2593 1025 εἶναι
2626 975 2714 1025 τὸν
2741 972 3067 1040 φωτίζοντον
3103 972 3220 1034 πῶς
3249 971 3310 1024 οὐ
3344 971 3645 1041 πεφρίκασι
3669 969 3737 1021 τά
3764 969 3863 1036 τῆς
3895 970 4036 1021 ἀπο-

2464 1067 2687 1128 στασίας
2729 1066 2803 1128 ὡς
2865 1066 3079 1134 ἀληθῶς
3131 1065 3455 1133 πλάσματα,
3515 1063 3608 1116 καὶ
3653 1061 3745 1114 τοῦ
3787 1059 4036 1130 Πονηροῦ

777 1165 976 1228 τέκνα,
1011 1167 1168 1220 ἄλλον
1202 1172 1298 1239 μὲν
1328 1170 1634 1235 εἰσάγοντες
1656 1168 1983 1239 δημιουργὸν
2030 1166 2124 1218 τοῦ
2165 1163 2440 1234 ὁρωμένου
2473 1165 2701 1233 κόσμου,
2740 1165 2928 1234 ’ἑτέρον
2961 1165 3017 1216 δὲ
3080 1163 3171 1215 τὸν
3239 1161 3545 1231 φωτίζοντα
3605 1160 3698 1212 τὸν
3740 1159 4041 1230 ἐρχόμενον

778 1262 860 1322 είς
887 1261 980 1312 τὸν
1012 1261 1233 1330 κόσμον.
1289 1263 1513 1331 κόσμον,
1557 1263 1616 1314 ὃν
1666 1264 1763 1330 τῆς
1817 1262 2011 1329 νοητῆς
2063 1260 2222 1329 μόνον
2281 1258 2611 1327 δημιουργὸν
2638 1258 3060 1311 καταλείπουσιν
3089 1256 3480 1317 ὑποστάσεωςς

850 1350 941 1405 IX.
967 1353 1427 1407 Etabsurditatem
1448 1355 1524 1408 rei
1543 1356 1986 1423 aliundequoque
2008 1355 2352 1407 manifestam

783 1441 963 1494 facere
989 1442 1135 1495 licet.
1165 1442 1220 1496 Si
1252 1444 1396 1496 enim
1430 1445 1702 1498 terrestria
1741 1443 1861 1496 Mali
1902 1453 2047 1506 sunt,
2085 1444 2355 1512 quomodo

780 1534 1058 1594 sustinuit,
1093 1535 1340 1604 frugibus
1386 1537 1484 1600 uti,
1517 1552 1652 1605 quas
1678 1546 1924 1590 creatura
1950 1536 2069 1590 Mali
2107 1537 2350 1605 protulit,

784 1625 858 1678 ita
889 1635 948 1678 ut
974 1641 1120 1678 nunc
1171 1643 1236 1680 ex
1278 1629 1518 1696 quinque
1569 1629 1818 1696 panibus,
1845 1645 1990 1682 nunc
2037 1645 2100 1682 ex
2123 1639 2352 1698 septem,

2526 1351 2602 1406 Θ’.
2625 1352 2734 1404 Καὶ
2754 1350 3047 1421 ἀλλαχόθεν
3063 1351 3128 1403 ἀν
3144 1367 3229 1412 τις
3257 1350 3318 1400 τὸ
3342 1349 3540 1402 ἄτοπον
3559 1345 3812 1411 ὲπιδείξοι
3834 1345 4042 1397 άνακα¹⁵

2453 1443 2808 1512 λυπτόμενον.
2836 1444 2898 1497 Εἰ
2919 1443 3026 1512 γάρ
3058 1443 3127 1494 τὰ
3148 1438 3611 1510 ὲπίγειάὲστιτοῦ
3627 1435 3892 1507 Ποδθηροῦ,
3921 1434 4041 1497 πῶς

2457 1533 2718 1601 ἠνέσχετο
2745 1533 2833 1585 διὰ
2861 1533 2968 1584 τῶν
2997 1531 3246 1601 καρπῶν,
3277 1530 3370 1591 οὓς
3413 1531 3580 1599 ἔφυσε
3611 1530 3671 1582 τὸ
3706 1529 3915 1596 ποίημα
3943 1524 4039 1578 τοῦ

2460 1624 2731 1694 Πονηροῦ,
2760 1623 2922 1676 τοῦτο
2948 1624 3046 1694 μὲν
3074 1624 3170 1676 καὶ
3199 1625 3262 1675 ἐκ
3288 1622 3450 1674 πέντε
3483 1624 3681 1689 ἄρτων,
3707 1620 3864 1672 τοῦτο
3885 1619 3944 1670 δὲ
3981 1617 4042 1680 ἐξ
4088 1666 4091 1667 ,

784 1716 982 1768 multas
1004 1717 1270 1786 myriadas
1284 1719 1920 1773 saturaret?Multoenim
1946 1721 2114 1773 satius
2141 1719 2354 1788 Deoque
2384 1749 2430 1807 Β

2384 1749 2430 1807 Β
2459 1717 2634 1781 ἑπτά,
2691 1714 2890 1776 πολλάς
2939 1715 3206 1784 μυριάδας
3257 1714 3520 1784 χορτάσαι
3550 1729 3564 1776 ;
3600 1714 3754 1782 Πόσῳ
3813 1711 3924 1780 γάρ
3973 1705 4040 1779 ἦν

783 1809 1201 1862 couvenientius
1245 1820 1360 1863 erat
1391 1811 1689 1878 disciplin-2e
1733 1826 1844 1863 sua:
1877 1811 2125 1863 alumnos
2146 1827 2253 1863 non
2287 1827 2351 1864 ex

781 1899 1049 1954 fructibus
1070 1902 1281 1964 alienis,
1306 1902 1398 1955 sed
1430 1903 1496 1955 de
1519 1903 1631 1956 suis
1651 1902 1811 1956 rebus
1830 1918 2072 1971 pascere.
2095 1903 2353 1968 lmoquo—

785 1993 947 2045 modo
973 1992 1023 2044 in
1061 1993 1368 2046 universum
1389 1994 1508 2046 cibo
1535 2004 1629 2047 aut
1660 2005 1786 2062 potu
1818 1993 1930 2062 ipse
1965 2009 2092 2046 usus
2107 2003 2209 2055 est,
2238 2003 2355 2045 tan-

783 2099 944 2152 quam
987 2083 1253 2137 fructibus
1291 2101 1514 2152 operum
1568 2086 1813 2153 principii
1858 2085 1981 2137 mali
2013 2084 2035 2137 τ
2073 2085 2353 2150 Quomodo

784 2176 982 2230 iterum
1018 2192 1164 2230 creeo
1189 2178 1374 2231 oculos
1410 2178 1679 2232 fabricatis
1717 2194 1824 2232 non
1867 2196 1929 2232 ex
1963 2180 2064 2232 alia
2106 2155 2351 2241 materia,

783 2282 943 2335 quam
976 2282 1038 2320 ex
1078 2279 1216 2320 terra
1250 2277 1304 2322 et
1341 2285 1497 2336 aqua,
1526 2286 1644 2337 quae
1677 2270 1992 2332 erantMali,
2045 2271 2216 2323 visum
2267 2285 2352 2322 re-

785 2359 987 2425 stituit,
1017 2375 1208 2428 operas
1224 2377 1343 2414 cum
1367 2362 1519 2414 hoste
1556 2364 1801 2431 partitus,
1828 2375 1988 2432 atque
2030 2364 2102 2416 illi
2136 2362 2354 2432 quidem

787 2452 997 2520 potiora
1028 2454 1368 2520 permittens,
1396 2454 1508 2521 ipse
1535 2469 1661 2507 vero
1686 2465 1891 2524 partem
1918 2471 2070 2508 suam
2103 2472 2165 2508 ex
2182 2456 2356 2508 aliena

786 2541 1034 2603 materia,
1056 2551 1306 2610 tanquam
1325 2542 1413 2610 qui
1447 2543 1659 2610 pr0pria
1685 2543 1754 2595 sit
1775 2543 2087 2603 destitutus,
2105 2552 2161 2595 et
2184 2542 2354 2595 aliena

785 2634 1101 2686 accessione
1120 2632 1362 2700 explens.
1380 2633 1552 2701 Hujus
1574 2643 1741 2693 certe,
1765 2633 1806 2685 si
1840 2632 2039 2686 nullius
2065 2642 2350 2701 praeterea,

788 2727 993 2796 pudere
1013 2726 1508 2780 debebathomines
1532 2726 1943 2795 perditissimus,
1975 2738 2032 2778 ut
2049 2724 2361 2780 considera-

790 2825 913 2870 rent
936 2815 1208 2885 quod,qui
1239 2817 1424 2869 oeulos
1449 2815 1699 2869 formavit
1731 2832 1793 2869 ex
1833 2815 1967 2879 luto,
2001 2815 2253 2882 ipsevere
2276 2822 2361 2867 est

793 2909 863 2971 is,
907 2911 998 2977 qui
1031 2910 1098 2961 ab
1140 2909 1296 2962 initio
1345 2909 1620 2961 hominem
1651 2923 1716 2961 ex
1761 2910 1873 2962 luto
1903 2907 2165 2961 condidit.
2193 2907 2361 2975 Cujus

793 3000 939 3053 enim
972 3000 1209 3052 materia:
1248 3015 1373 3067 pars
1398 3008 1498 3060 est,
1534 3000 1777 3067 ejusdem
1806 3014 2022 3067 quoque
2052 3006 2357 3051 esttotum:

794 3099 848 3142 et
879 3105 1036 3157 quem
1067 3090 1404 3143 conditorem
1433 3090 1619 3142 habuit
1642 3090 1976 3150 universum,
2004 3104 2128 3141 eum
2149 3095 2205 3140 et
2239 3100 2362 3154 pars

795 3182 1001 3234 habuit.
1034 3181 1180 3234 Adde
1224 3182 1339 3235 his:
1369 3183 1413 3234 si
1445 3198 1642 3251 corpus
1670 3199 1698 3234 a
1736 3181 1873 3234 Malo
1905 3179 2210 3249 profectum
2255 3187 2361 3238 est,

795 3273 1068 3342 quomodo
1107 3275 1252 3327 llevit
1302 3275 1436 3343 ipse,
1479 3291 1602 3327 eum
1661 3275 1710 3327 id
1745 3275 1797 3326 in
1825 3273 2026 3327 Lazaro
2055 3272 2280 3340 periret,
2311 3279 2367 3322 et

795 3365 1069 3434 quomodo
1129 3380 1266 3432 opus
1316 3364 1435 3416 Mali
1495 3364 1761 3416 abolitum
1811 3363 1924 3432 ipse
1974 3363 2261 3416 restituere
2313 3371 2366 3413 et

796 3458 851 3509 in
907 3457 1072 3509 vitam
1106 3455 1406 3517 vindicare,
1439 3471 1500 3508 ac
1541 3455 1804 3508 Lazarum
1838 3457 2164 3509 resuscitare
2199 3458 2366 3509 susti-

797 3549 957 3602 nuit?
997 3549 1171 3616 ipsum
1202 3561 1418 3615 quoque
1443 3547 1659 3599 Patrem
1684 3561 1748 3598 eo
1769 3555 2012 3613 tempore
2044 3546 2364 3615 implorans,

797 3651 860 3694 ut
889 3651 1190 3692 creaturam
1221 3637 1342 3691 Mali
1370 3639 1572 3707 optime
1617 3639 1878 3706 perditam
1913 3639 2027 3705 ipse
2057 3638 2248 3690 iterum
2286 3655 2362 3691 re-

805 3731 993 3786 liceret
1022 3741 1076 3784 et
1116 3731 1167 3783 in
1214 3733 1378 3783 vitam
1428 3732 1744 3783 revocaret?
1777 3731 1887 3782 lmo
1939 3731 1981 3782 si
2014 3746 2213 3798 corpus
2243 3731 2366 3782 mali

798 3832 884 3878 est
915 3822 1190 3891 principii,
1232 3822 1504 3890 quomodo
1555 3821 1719 3873 lilium
1753 3821 1928 3874 vidum
1969 3831 2240 3872 mortuum
2281 3837 2368 3873 re-

798 3915 1126 3969 suscitavit?
1153 3913 1424 3981 quomodo
1465 3922 1542 3964 tot
1571 3912 1715 3963 mille
1745 3911 1846 3963 alia
1870 3910 2146 3972 miracula,
2173 3911 2370 3978 quibus

802 4006 1086 4059 hominum
1127 4004 1331 4073 prol'uit
1376 4004 1714 4070 corporibus,
1774 4001 2154 4070 perpetravit?
2191 4016 2370 4052 nonne

800 4097 1035 4164 denique
1083 4095 1421 4148 centurionis
1470 4111 1624 4162 puer,
1652 4093 1797 4145 Petri
1835 4109 2045 4155 socrus,
2081 4093 2273 4145 mulier
2304 4109 2370 4144 ex

801 4187 992 4240 morbo
1010 4186 1267 4254 depressa
1287 4187 1330 4214 "
1359 4185 1556 4237 femina
1583 4185 1861 4250 sanguinis
1887 4185 2029 4235 lluxu
2059 4184 2371 4251 permultos

801 4294 975 4331 annos
1011 4278 1312 4339 debilitata,
1343 4276 1601 4344 omnique
1653 4275 1843 4327 salutis
1890 4290 1984 4342 spe
2028 4276 2255 4343 privata,
2295 4274 2372 4327 le-

803 4370 969 4439 prosi.
1025 4369 1318 4437 paralytiei,
1370 4367 1568 4430 claudi,
1622 4367 1792 4427 surdi,
1858 4374 2017 4435 atque
2072 4367 2216 4419 mille
2270 4366 2371 4418 alia

2460 1809 2681 1876 ἄμεινον
2719 1809 2813 1861 καὶ
2844 1808 3308 1876 θεοπρεπέστερον
3353 1806 3426 1875 μὴ
3464 1807 3521 1870 ἐξ
3555 1803 3851 1872 ἀλλοτρίων
3897 1821 4042 1870 καρ-

2459 1898 2597 1959 πῶν,
2631 1899 2746 1950 ἀλλ’
2788 1897 2844 1962 ἐξ
2872 1899 3088 1950 οἰκείων
3121 1898 3622 1968 δημιουργημάτων
3667 1897 3885 1966 τρέφειν
3910 1895 4040 1954 τοὺς

2465 1993 3021 2063 μυσταγωγουμένους
3051 1992 3200 2061 αὐτῷ
3235 1995 3246 2046 !
3285 1993 3500 2046 Μᾶλλον
3525 1992 3580 2044 δὲ
3609 1991 3724 2052 πῶς
3747 1990 3880 2052 ὅλως
3912 2006 4040 2057 τρο-

2462 2088 2623 2157 φὴνῆ
2659 2090 2819 2139 ποτὸν
2848 2087 3008 2147 αὐτὸς
3040 2084 3476 2154 προσηνέγκατο.
3512 2083 3548 2136 ἃ.
3594 2083 3804 2152 καρπὸς
3835 2077 3903 2150 ἦν
3940 2081 4042 2131 τῶν

2462 2180 2638 2249 ἔργων
2676 2179 2769 2230 τοῦ
2806 2177 3085 2248 ιιονηροῦ;
3143 2177 3265 2238 Πῶς
3296 2177 3351 2229 δὲ
3400 2177 3562 2229 πάλιν
3592 2175 3905 2243 ὀφθαλμοὺς
3947 2175 4043 2241 δη-

2466 2272 2740 2342 μιουργῶν
2774 2270 2851 2339 τῷ
2905 2270 3089 2340 τυφλῷ
3111 2271 3210 2322 οὐκ
3245 2269 3300 2334 ὲΞ
3331 2267 3495 2337 ἄλλης
3529 2266 3660 2337 ὕλης
3687 2264 3800 2318 ἀλλ’
3838 2266 3903 2318 ὲκ
3936 2264 4044 2334 γῆς

2463 2363 2559 2416 καὶ
2592 2363 2781 2424 ὓδατος
2801 2403 2814 2426 ,
2846 2363 2989 2432 άπερ
3013 2358 3080 2430 ἦν
3105 2360 3196 2414 τοῦ
3237 2358 3506 2431 Πονηροῢ,
3549 2363 3647 2427 τὴν
3673 2358 3793 2426 ὄψιν
3824 2357 4042 2409 ἐκαινο-

2467 2454 2628 2518 ποίει,
2660 2455 2944 2522 μονονουχὶ
2981 2454 3448 2524 συμμεριζόμενος
3479 2453 3554 2521 τῷ
3576 2451 3807 2521 Ἐχηρῴ,
3841 2451 3938 2502 καὶ
3967 2450 4042 2517 τῷ

2468 2546 2566 2615 μὲν
2603 2546 2756 2613 ἀφεὶς
2788 2545 2848 2597 τὸ
2880 2546 3040 2597 πλέον
3064 2549 3236 2597 ποιεῖν
3258 2561 3271 2572 ·
3306 2544 3465 2605 αὐτὸς
3497 2545 3552 2597 δὲ
3579 2545 3638 2595 τὸ
3671 2543 3833 2612 μέρος
3865 2542 3926 2605 ἐξ
3954 2543 4045 2594 ἀλ-

2466 2637 2681 2707 λοτρίας
2722 2636 2854 2706 ὕλης
2900 2635 3087 2707 ὥσπερ
3132 2636 3355 2706 ἀπορῶν
3413 2637 3578 2698 ἰδίας,
3633 2635 3726 2687 τοῦ
3755 2635 4043 2703 ἀλλοτρίου

2468 2728 2782 2797 πλάσματος
2810 2729 3140 2800 ἀναπληρῶν
3166 2745 3180 2793 ;
3244 2729 3434 2781 Καίτοι
3468 2729 3516 2780 εἰ
3549 2728 3623 2796 μή
3648 2743 3702 2778 τι
3734 2726 3896 2789 ἄλλο,
3930 2725 4046 2779 ἀλλ’

2469 2821 2601 2873 αὑτό
2633 2838 2696 2888 γε
2725 2821 2884 2874 τοῦτο
2928 2823 3052 2883 τοὺς
3097 2821 3316 2882 ἀθλίους
3368 2821 3474 2872 ἔδει
3527 2819 3916 2887 δυσωπηοῆναι
3953 2820 4047 2871 καὶ

2472 2914 2824 2983 κατανοῆσαι,
2882 2915 2964 2966 ὅτι
3003 2915 3172 2976 ὅντως
3213 2915 3241 2965 ὁ
3271 2913 3481 2971 πλάσας
3519 2913 3608 2964 τὸν
3653 2912 3935 2979 ὁφῢαλμὸν
3980 2912 4050 2963 ὲκ

2473 3004 2674 3073 πηλοῦ,
2724 3006 2884 3068 αὑτός
2913 3007 3114 3058 έστινὸ
3147 3005 3242 3057 καὶ
3290 3005 3409 3056 κατ’
3462 3005 3634 3074 ἀρχάς
3689 3003 3900 3067 πλάσας
3957 3004 4049 3056 'th:

2393 3114 2435 3170 ο
2471 3096 2755 3166 ἄνθρωπον
2782 3098 2845 3149 ἐκ
2888 3096 3082 3164 πηλοῦ.
3122 3097 3254 3158 Οἴας
3283 3098 3388 3166 γάρ
3437 3096 3567 3164 ὕλης
3596 3096 3714 3147 ἐστὶ
3757 3097 3814 3146 τὸ
3847 3097 4046 3164 μέρος,

2468 3186 2565 3250 τῆς
2596 3187 2764 3256 αὐτῆς
2796 3188 2890 3239 καὶ
2919 3188 2978 3238 τὸ
3009 3187 3126 3240 ὅλον
3147 3203 3160 3216 ⁸
3192 3189 3284 3238 καὶ
3307 3187 3366 3238 ὃν
3398 3188 3520 3254 ἔσχε
3551 3187 3611 3237 τὸ
3640 3187 3759 3238 ὅλον
3788 3187 4048 3254 οημιουρ-

2468 3279 2584 3344 γὸν,
2621 3279 2712 3329 τὸν
2758 3279 2920 3331 αὑτὸν
2959 3279 3053 3330 καὶ
3096 3281 3157 3330 τὸ
3196 3279 3378 3347 μέρος.
3420 3278 3628 3341 Ἀλλως
3676 3295 3734 3329 τε
3780 3279 3871 3342 δὲ,
3913 3281 3959 3329 εί
3997 3278 4050 3328 τὸ

2472 3372 2633 3438 σῶμά
2674 3374 2820 3423 ἐστιν
2859 3374 2920 3423 ἐκ
2951 3371 3043 3424 τοῦ
3077 3371 3341 3442 ῐΙονηροῦ,
3388 3373 3504 3434 πῶς
3531 3371 3759 3422 ἔκλαυσε
3801 3371 4048 3437 81:15:02:-

2473 3464 2702 3531 ρομένου
2731 3462 2897 3515 αἱ,τοῦ
2936 3464 3028 3515 ἐπὶ
3054 3463 3147 3515 τοῦ
3179 3463 3469 3531 Λαζάρους
3507 3465 3598 3513 καὶ
3639 3463 3755 3523 πῶς
3789 3462 4046 3532 ὑπέμεινε

2468 3555 2822 3622 διαλυόμενον
2859 3553 2919 3604 τὸ
2954 3553 3112 3622 ἔργον
3141 3552 3235 3604 τοῦ
3276 3550 3519 3620 Πονηροῦ
3561 3552 3719 3612 αὐτὸς
3756 3553 3919 3603 πάλιν
3957 3569 4050 3602 συ-

2473 3646 2694 3715 σφίγξαι
2726 3647 2819 3697 καὶ
2865 3646 3227 3713 ζωοποιῆσαι,
3264 3646 3354 3695 καὶ
3390 3645 3482 3696 τὸν
3524 3644 3774 3713 Λάζαρον
3811 3647 4047 3711 ἀναστῆ-

2474 3752 2600 3800 σαι,
2654 3736 2749 3786 καὶ
2775 3736 2894 3786 τότε
2934 3739 3025 3787 τὸν
3063 3737 3191 3787 ἴδιον
3231 3735 3656 3804 ἐπικαλούμενος
3687 3736 3932 3802 Πατέρα,
3959 3740 4051 3787 ἵνα

2471 3831 2532 3878 τὸ
2553 3828 2778 3895 πλάσμα
2805 3826 2897 3879 τοῦ
2933 3825 3174 3895 Πονηροῦ
3203 3827 3379 3889 καλῶς
3409 3827 3855 3895 διαφθειρόμενον
3888 3828 4051 3889 αὐτὸς

2475 3919 2636 3970 πάλιν
2665 3917 2918 3989 ἀνασώσῃ
2945 3920 3036 3971 καὶ
3067 3917 3296 3988 ζωὼσῃς
3327 3921 3435 3970 Καὶ
3460 3920 3507 3969 εἰ
3534 3919 3594 3970 τὸ
3622 3919 3781 3986 σῶμά
3809 3921 3923 3970 ἐστι
3956 3919 4051 3969 τοῦ

2474 4011 2738 4080 Πονηροῦ,
2764 4011 2880 4070 πῶς
2903 4013 2993 4062 τὸν
3020 4010 3118 4076 τῆς
3137 4011 3306 4080 χήρας
3330 4011 3444 4062 υἱὸν
3465 4009 3732 4062 τεθνεῶτα
3753 4011 4050 4078 άνέστησες

2474 4102 2590 4164 πῶς
2630 4102 2726 4164 τάς
2776 4101 2940 4162 ἄλλας
2993 4101 3191 4170 μυρίας
3256 4101 3613 4170 Θεοσημείας,
3644 4102 3794 4161 ὅσαις
3835 4101 3902 4151 τά
3941 4101 4055 4152 τῶν

2473 4194 2773 4263 ἀνθρώπων
2803 4193 3126 4262 εὐεργέτησε
3181 4192 3441 4261 σώματα,
3491 4192 3848 4259 διεπράξατος
3895 4191 3957 4245 '0
3995 4193 4053 4244 δὲ

2471 4286 2564 4337 τοῦ
2603 4286 3004 4355 ἑκατοντάρχου
3055 4287 3218 4346 παῖς,
3252 4286 3286 4352 ἡ
3318 4283 3372 4335 δὲ
3408 4283 3503 4335 τοῦ
3539 4285 3743 4354 Πέτρου
3776 4284 4015 4354 πενθερὰ
4037 4326 4052 4347 ,

2476 4380 2508 4446 ὴ
2551 4377 2936 4444 συγκύπτουσα
2977 4377 3052 4445 τῷ
3096 4375 3256 4429 πάθει
3295 4379 3452 4444 γυνὴ,
3503 4379 3535 4447 ἡ
3583 4377 3661 4446 τῷ
3713 4379 4054 4447 πολυχρονίῳ

804 4462 1167 4515 calamitatum
1202 4471 1256 4513 et
1299 4461 1611 4513 morborum
1645 4460 1914 4528 exempla,
1955 4477 1983 4511 a
2022 4461 2220 4527 quibus
2249 4474 2369 4512 cor-
2403 4462 2446 4515 D

2403 4462 2446 4515 Ι)
2479 4469 2707 4538 ῥεύματι
2739 4470 3157 4536 κατασυρομένη
3187 4469 3281 4520 τοῦ
3308 4470 3540 4536 αἵματος
3574 4470 3666 4519 καὶ
3726 4471 3910 4520 πᾶσαν
3945 4472 4053 4536 ἀεξ-

805 4571 934 4623 pora
968 4553 1226 4606 immunia
1258 4553 1524 4606 reddidit:
1559 4568 1761 4616 nonne,
1798 4552 2038 4619 inquam.
2062 4554 2163 4603 ista
2187 4552 2367 4604 omnia

807 4647 1002 4700 idonea
1061 4656 1188 4697 sunt
1251 4645 1314 4697 ad
1363 4643 1768 4713 perfundendos
1821 4646 2017 4696 rubore
2077 4644 2217 4706 illos,
2278 4644 2369 4712 qui

805 4755 1034 4804 corpora
1084 4740 1362 4792 hominum
1425 4738 1546 4791 Mali
1600 4750 1905 4792 creaturam
1963 4738 2191 4791 dicunt?
2225 4738 2370 4803 Quo-

807 4834 967 4887 modo
997 4832 1141 4884 enim
1170 4847 1308 4900 opus
1335 4832 1504 4884 hostis
1529 4832 1802 4900 perditum
1832 4832 2006 4884 bonus
2033 4829 2172 4883 Deus
2210 4846 2370 4883 reno-

811 4936 978 4989 vtht,
1027 4940 1201 4991 neque
1251 4924 1421 4976 solum
1471 4939 1680 4987 eorum,
1712 4923 1801 4992 qui
1835 4923 1897 4975 ad
1926 4924 2099 4990 ipsmn
2133 4938 2191 4975 se
2235 4923 2372 4975 reri-

811 5017 1053 5087 piebant,
1101 5017 1240 5068 mala
1294 5016 1692 5077 averruncavit,
1739 5016 1833 5068 sed
1896 5023 1949 5066 et
2005 5015 2117 5083 ipse
2172 5015 2236 5067 ad
2279 5031 2375 5067 eos

813 5109 1062 5161 aeCess‘it.
1111 5106 1256 5160 Jesus
1297 5108 1430 5159 enim
1461 5107 1609 5158 urbes
1639 5123 1814 5158 omnes
1847 5118 1894 5158 et
1943 5108 2075 5158 vicos
2112 5106 2254 5165 obiit,
2287 5110 2377 5156 (Io-

819 5217 932 5251 ccus
971 5200 1024 5249 in
1048 5199 1323 5267 synagogis
1361 5200 1612 5264 ipsorum,
1657 5207 1704 5249 et
1754 5198 1956 5248 morbos
1996 5198 2160 5248 omnis
2179 5196 2378 5264 generis

821 5308 882 5343 ac
919 5284 1256 5358 inﬁrniitates
1316 5293 1594 5343 sanans“.
1670 5288 1855 5358 Neque
1887 5292 2058 5342 solum
2116 5289 2376 5342 medelam

822 5385 926 5436 illis
979 5383 1177 5443 attulit,
1231 5383 1531 5450 laetamque
1577 5383 1741 5435 tacuit
1784 5383 2128 5442 medicinam,
2174 5382 2266 5434 sed
2303 5392 2395 5444 et,“

825 5484 882 5527 ut
916 5481 1205 5526 narrarent
1243 5473 1386 5535 aliis,
1425 5474 1707 5541 prmcepit:
1753 5472 1947 5525 Euntes
1980 5473 2139 5535 enim,
2177 5471 2377 5539 inquit,

823 5568 1112 5617 renuntiate
1167 5563 1393 5617 Jommi:
1429 5563 1562 5618 Cruci
1613 5565 1807 5625 vident,
1855 5564 2030 5616 claudi
2081 5563 2376 5624 ambulant,

828 5657 996 5723 (prosi
1039 5666 1356 5724 purgantur,
1409 5657 1540 5709 muti
1575 5657 1818 5718 audiunt,
1864 5665 1911 5709 et
1965 5657 2157 5709 mortui
2203 5672 2378 5708 resur-

885 5838 931 5871 “
957 5837 1088 5895 Luc.
1132 5854 1243 5904 xm,
1279 5836 1362 5893 11.
1441 5835 1694 5892 "Matth.
1729 5849 1802 5901 JK,
1839 5831 1925 5888 55.

2476 4563 2727 4631 ῃρημένη
2757 4563 3028 4629 σωτηρίας
3065 4561 3273 4623 ἐλπίδα,
3303 4563 3350 4613 οί
3375 4560 3600 4631 λεπροὶ,
3631 4560 3681 4611 oi.
3714 4561 4057 4628 παράλυτοι,

2477 4653 2526 4703 οἱ
2557 4653 2749 4720 κωφοὶ,
2782 4654 2848 4703 τά
2883 4654 3054 4719 μυρία
3082 4653 3188 4703 τῶν
3235 4651 3421 4704 παθῶν
3463 4653 3556 4703 καὶ
3598 4652 3706 4702 τῶν
3731 4654 4057 4720 νοσημάτων

2476 4746 2629 4814 γένη,
2663 4739 2735 4795 ὧν
2762 4744 3014 4796 ἁπάντων
3051 4733 3290 4813 καθαρὸν
3318 4744 3516 4796 ἀπέλυε
3560 4744 3621 4795 τὸ
3650 4744 3825 4813 σῶμα.
3872 4745 4058 4798 Ταῦτα

2480 4837 2658 4889 πάντα
2687 4838 2785 4904 οὐχ
2816 4837 2974 4888 ἱκανά
3011 4837 3368 4903 καταισχῦναι
3397 4836 3520 4891 τοὺς
3561 4837 3815 4901 λέγοντας
3853 4837 3921 4887 τά
3948 4839 4061 4889 τῶν

2479 4925 2782 4994 ἀνθρώπων
2841 4926 3068 4993 σώματα
3111 4925 3402 4993 πλάσματα
3452 4924 3544 4976 τοῦ
3592 4925 3876 4993 Ποπιηροῦς
3933 4928 4059 4988 Πῶς

2476 5019 2588 5088 γάρ
2618 5019 2677 5070 τὸ
2700 5017 2923 5086 πλάσμα
2947 5017 3038 5069 τοῦ
3063 5017 3288 5085 Ἐχοροῦ
3318 5020 3344 5068 ὁ
3365 5017 3566 5083 ἀγαθὸς
3591 5018 3722 5079 Θεὸς
3749 5018 4061 5088 διαφθειρό-

2486 5124 2644 5175 μενον
2678 5108 2984 5168 ἀνεκαίνιζε
3013 5149 3026 5169 ,
3065 5110 3155 5159 καὶ
3181 5108 3241 5159 οὑ
3273 5109 3600 5176 προσιόντων
3634 5109 3792 5176 μόνον
3819 5113 3888 5160 τά
3908 5111 4061 5178 πάθη

2485 5199 2812 5266 ἀπήλαυνεν,
2860 5199 2994 5249 ἀλλὰ
3034 5205 3130 5250 καὶ
3177 5200 3336 5261 αὐτὸς
3372 5201 3597 5261 ἐκείνοις
3631 5202 3926 5266 ἐπιφοιτῶν
3965 5204 4059 5253 καὶ

2481 5290 2946 5357 παραγινόμενοςς
2980 5289 3224 5358 nepti-(Te
3253 5293 3356 5358 γὰρ
3383 5296 3412 5345 o'
3451 5295 3685 5358 Ἰησοῦς
3716 5295 3819 5358 τὰς
3850 5297 4060 5360 πόλεις

2479 5381 2679 5444 πάσας
2703 5381 2797 5432 καὶ
2832 5383 2929 5444 τὰς
2971 5383 3508 5450 κώμαςβιὸάσκων
3533 5387 3600 5437 ἐν
3627 5387 3752 5451 ταῖς
3781 5404 4058 5456 συναγω-

2481 5474 2609 5542 γαῖς
2630 5472 2846 5537 αὐτῶν,
2880 5475 2974 5525 καὶ
3008 5479 3345 5544 θεραπεύων
3370 5477 3575 5532 πᾶσαν
3607 5481 3794 5532 νόσον
3818 5482 3918 5533 καὶ
3950 5482 4062 5537 .τὰ-

2482 5583 2602 5618 oar
2630 5567 2954 5632 μαλακίαν.
3013 5568 3120 5618 Καὶ
3162 5570 3260 5620 οὐκ
3296 5571 3622 5636 ἐυεράπευσε
3661 5573 3757 5638 μὲν
3796 5575 4054 5636 τούτους,

2491 5656 2646 5722 ἐσίγα
2671 5655 2726 5707 δὲ
2769 5656 2864 5724 τὴν
2900 5657 3216 5725 ὓεραπείαν,
3261 5659 3399 5712 ἀλλὰ
3428 5663 3517 5712 καὶ
3548 5664 3880 5730 προσέτασσε
3909 5664 4062 5732 διαγ-
