4222 6432
184 408 276 474 101

1236 405 1530 467 CONTRA
1570 402 2025 465 MANICHAZOS
2055 402 2285 463 LIBER
2328 402 2377 470 ll

3293 401 3393 467 102

180 520 487 589 τίλλεσθαι.
528 516 929 585 Πορευθέντες
966 513 1097 584 γὰρ,
1127 515 1310 587 φησὶν,
1336 516 1734 584 ἀπαγγείλατε
1769 520 1847 585 Δρ

1711 530 1734 567 s
1769 520 1812 576 Δ
1838 524 1962 585 gunt
2001 516 2068 567 ".
2116 514 2404 584 Discipulis
2443 528 2571 569 vero
2609 522 2819 585 signum
2850 518 3105 585 patentia
3135 530 3247 574 suae
3279 534 3378 572 νην.

191 611 459 679 Ἰωάννῃ·
512 610 732 678 Τυφλοὶ
766 606 1209 671 ἀναϐλέπουσι,
1258 607 1441 675 χωλοὶ
1489 622 1735 675 περιπα-

180 702 351 755 τοῦσι
375 741 389 764 ,
441 702 650 767 λεπροὶ
692 698 1127 767 καθαρίζονται,
1181 700 1365 766 κωφοὶ
1416 699 1735 761 ἀκούουσι,

180 794 277 846 καὶ
320 793 521 860 νεκροί
558 792 921 861 ἐγείρονται.ί
951 792 1059 844 Καὶ
1100 794 1209 853 τοῖς
1247 791 1515 861 μαθηταῖς
1542 790 1597 842 δὲ
1643 807 1739 859 ση-

182 887 331 955 μεῖον
373 884 474 952 τῆς
504 883 667 936 αὑτοῦ
708 884 987 952 δυνάμεως
1018 884 1110 935 καὶ
1143 882 1325 952 ἰσχύος
1360 884 1456 936 καὶ
1488 884 1735 953 χάριτος,

175 977 236 1028 τὸ
266 977 362 1029 ἐπὶ
394 976 706 1045 ἀρρώστους
755 976 942 1044 χεῖρας
989 974 1255 1026 ἐπιθεῖναι
1289 975 1383 1025 καὶ
1431 973 1610 1027 ἰᾶσθαι
1656 975 1737 1026 δί-

180 1068 365 1121 δωσιν.
406 1065 589 1129 Οὕτως
626 1064 701 1127 ὡς
744 1066 944 1118 οἰκείου
994 1065 1307 1134 πλάσματος
1364 1066 1600 1117 ἐποιεῖτο
1643 1066 1741 1135 τὴν

179 1158 457 1226 πρόνοιαν,
502 1157 531 1208 ὃ
562 1157 655 1209 καὶ
688 1158 785 1226 τὴν
820 1156 995 1225 ψυχὴν
1032 1157 1125 1209 καὶ
1150 1156 1212 1207 τὸ
1242 1155 1399 1226 σῶμα
1430 1173 1739 1226 παραγεγο-

179 1250 281 1313 νὼς
304 1250 477 1303 σῶσαι
501 1251 732 1319 Χριστὸς
758 1252 787 1303 ὁ
813 1250 943 1312 Θεὸς
965 1252 1143 1320 ἡμῶν,
1166 1252 1259 1302 καὶ
1279 1251 1338 1302 οὐ
1367 1250 1557 1319 μέχρις
1580 1249 1740 1301 αὐτοῦ

176 1341 274 1411 τὴν
313 1342 633 1411 εὐεργεσίαν
670 1341 833 1398 αὐτοῦ
885 1344 1265 1411 περιγράφων.
1311 1340 1448 1393 ἀλλὰ
1496 1342 1586 1393 καὶ⁵
1631 1342 1741 1402 τοῖς

181 1432 448 1503 μαθηταῖς
472 1434 541 1485 τά
571 1435 658 1485 ῑσα
685 1436 857 1485 ποιεῖν
878 1433 1051 1496 διδοὺς
1075 1432 1173 1503 τὴν
1196 1432 1460 1497 ἐξουσίαν.
1488 1432 1549 1485 Εἰ
1581 1431 1637 1484 δὲ
1667 1432 1742 1494 ὡς

178 1527 243 1579 τὰ.
270 1527 367 1579 τοῦ
401 1525 644 1595 Πονηροῦ
713 1526 954 1595 στόματα
1000 1526 1291 1595 θεομαχεῖ,
1334 1526 1395 1577 τὸ
1444 1526 1600 1594 σῶμά
1629 1526 1742 1577 ἑστι

178 1617 269 1670 τοῦ
298 1618 544 1688 Πονηροῦ
564 1658 578 1680 ,
606 1616 718 1677 πῶς
743 1617 809 1669 δι’
845 1616 1008 1670 αὑτοῦ
1035 1619 1101 1668 τὰ
1143 1617 1375 1685 μέγιστα
1402 1614 1512 1667 τῶν
1546 1631 1743 1683 κατορ-

180 1708 450 1777 Θωμάτων
534 1710 875 1777 πράττομεν,
943 1705 1331 1777 σωφροσύνην,
1382 1705 1741 1775 ἐγκράτειαν,

180 1797 511 1867 ἀγρυπνίαν,
544 1797 748 1859 στάσιν,
796 1796 929 1865 πρὸς
965 1796 1033 1848 τὰ
1062 1795 1212 1848 δεινὰ
1257 1797 1570 1864 καρτερίαν,
1602 1812 1741 1863 μαρ-

178 1889 364 1955 τυρίου
399 1888 627 1950 πόνους,
660 1889 695 1941 ἃ
744 1888 919 1940 πάντα
960 1886 1205 1956 σώματος
1256 1887 1453 1955 μᾶλλον
1497 1886 1529 1955 ἢ
1568 1885 1741 1954 ψυχῆς

179 1980 325 2041 ὅντα,
366 1982 446 2040 εἰς
502 1979 661 2044 δόξαν
715 1980 1042 2047 ἀναφέρεται
1094 1978 1188 2031 τοῦ
1241 1977 1477 2029 πλάστου
1526 1977 1620 2029 καὶ
1647 1976 1742 2045 δη-

183 2068 447 2139 μιουργοῦ
472 2087 486 2133 ;
522 2072 628 2123 Καὶ
657 2071 763 2138 γὰρ
785 2072 816 2138 η
836 2069 982 2138 ψυχὴ
1012 2069 1131 2122 καθ’
1163 2068 1359 2139 ἑαυτὴν
1388 2066 1510 2119 οὗτε
1542 2068 1741 2135 πρᾶξαι

179 2163 349 2214 ταῦτα
406 2166 538 2233 πρὸς
589 2164 802 2230 ἀγῶνας
851 2164 992 2216 ἔλθοι
1027 2164 1125 2233 (4),
1158 2163 1282 2216 οὔτε
1321 2164 1496 2229 λόγον,
1538 2164 1618 2215 ὅτι
1669 2164 1740 2233 μὴ

180 2256 438 2325 ἔπραξεν,
464 2256 919 2327 εἰσπραχοησεται
950 2256 1346 2326 πλημμελείας.
1389 2256 1509 2319 Πῶς
1558 2253 1651 2308 οὖν
1682 2257 1741 2308 τὸ

182 2348 395 2415 ποίημα
413 2347 506 2399 τοῦ
543 2346 781 2415 Πονηρώ
814 2351 1039 2416 πράττει
1069 2346 1135 2397 τὰ
1168 2346 1345 2412 ἀγαθά
1367 2384 1381 2406 ,
1424 2347 1516 2398 καὶ
1548 2362 1735 2414 συνερ-

181 2440 269 2505 γεῖ
293 2441 360 2507 τῇ
388 2436 531 2507 ψυχῇ
567 2438 934 2505 κατορθῶσαι,
965 2437 1020 2501 ἃ,
1056 2438 1128 2505 μὴ
1158 2438 1441 2507 παρόντος,
1473 2436 1737 2506 οὐμενοῦν

180 2531 241 2582 οὐ
273 2531 519 2601 κρίνεται
550 2528 978 2599 κατορθώματα;
1008 2528 1079 2580 Συ
1112 2527 1169 2581 δὲ
1202 2528 1415 2597 λογίζου
1448 2530 1539 2581 καὶ
1565 2528 1741 2581 τοῦτο’

182 2623 229 2673 εί
264 2621 326 2672 τὸ
354 2620 511 2689 σῶμα
536 2617 601 2690 ἦν
632 2620 722 2672 τοῦ
746 2619 1009 2691 Πονηροῦ,
1044 2618 1158 2682 πῶς
1185 2622 1213 2672 ὁ
1241 2620 1447 2682 Παῦλος
1478 2620 1740 2683 ἐλυπεῖτο,

181 2712 462 2775 νοσοῦντος
519 2712 611 2764 τοῦ
699 2712 1121 2782 Ἐπαφροδίτου,
1217 2712 1308 2764 καὶ
1403 2711 1614 2778 ἔλεγεν,
1664 2711 1744 2763 ὅτι

181 2804 475 2871 Ἐλέησον
518 2804 701 2857 αὑτὸν
729 2809 759 2863 ό
808 2806 974 2869 Θεὸς,
1026 2808 1137 2859 οὐκ
1185 2803 1416 2857 ἐκεῖνον
1443 2803 1509 2855 δὲ
1536 2805 1742 2871 μόνον.

182 2894 346 2947 ἀλλὰ
396 2896 491 2945 καὶ
527 2893 648 2960 ἐμὲ,
683 2895 780 2945 ἵνα
819 2894 903 2961 μὴ
930 2897 1133 2963 λύπην
1161 2895 1259 2948 ἐπὶ
1288 2896 1451 2960 λύπῃ
1477 2892 1647 2960 σχῶ;
1684 2893 1747 2945 Τί

184 2984 292 3053 γὰρ
328 2984 435 3036 ἔδει
468 2983 749 3037 λυπεῖσθαι
780 2985 869 3038 τὸν
900 2984 1130 3047 Παῦλον,
1162 2984 1373 3056 ὁρῶντα
1403 2984 1659 3053 λυόμενον
1688 2984 1748 3037 τὸ

186 3075 413 3141 πλάσμα
439 3073 532 3125 τοῦ
560 3072 833 3142 Πονηροῦ;
861 3074 953 3125 καὶ
991 3075 1037 3124 εί
1068 3074 1127 3125 τὸ
1162 3075 1385 3142 πλάσμα
1409 3070 1477 3144 ἦν
1510 3073 1602 3126 τοῦ
1637 3075 1746 3126 Πο-

1840 604 1970 657 tutis
1998 620 2062 658 ac
2095 606 2277 675 gratia:
2292 605 2532 673 largitur;
2563 613 2620 659 ut
2644 606 2860 677 aegrotis
2887 622 3079 661 manus
3109 608 3390 678 imponant

1837 701 2022 765 eisque
2048 698 2385 751 medeantur.
2408 698 2555 751 Adeo
2601 698 2872 763 Christus,
2900 698 3042 753 Deus
3072 709 3274 763 noster,
3296 704 3388 770 qui

1838 787 1905 840 ad
1949 787 2269 842 servandam
2328 788 2563 841 animam
2595 800 2649 843 et
2680 804 2879 858 corpus
2915 791 3083 855 venit,
3121 792 3387 859 corporis,

1840 886 2092 947 tanquam
2159 878 2358 947 proprii
2408 878 2607 947 operis,
2664 896 2847 933 curam
2900 882 3159 950 suscepit,
3217 897 3394 952 neque

1842 969 2258 1029 beneﬁcentiam
2293 985 2443 1024 suam
2496 972 2549 1024 in
2591 986 2657 1025 eo
2696 972 2858 1039 jussit
2894 975 3256 1041 acquiescere,
3296 975 3393 1029 sed

1838 1070 1912 1124 et,
1954 1069 2011 1113 ut
2052 1062 2238 1115 eadem
2296 1064 2559 1126 facerent,
2599 1064 2875 1133 discipulis
2918 1066 3030 1119 suis
3072 1075 3393 1134 potestatein

1840 1152 1988 1206 fecit.
2024 1152 2079 1205 Si
2110 1169 2263 1218 vero,
2299 1155 2441 1223 quod
2467 1156 2588 1208 mali
2617 1157 2865 1225 principii
2890 1173 2981 1209 ora
3003 1168 3188 1211 contra
3221 1157 3390 1212 Deum

1842 1245 2183 1313 proﬁtentur,
2238 1262 2433 1314 corpus
2484 1264 2513 1300 a
2559 1249 2701 1301 malo
2752 1259 2928 1302 ortum
2978 1260 3080 1310 est,
3123 1252 3395 1319 quomodo

1842 1352 1939 1405 per
1978 1336 2106 1391 illud
2154 1340 2562 1408 praeclarissima
2590 1356 2815 1409 quaeque
2857 1341 3140 1406 eﬁicimus,
3189 1351 3395 1413 tempe-

1842 1428 2090 1494 rantiam,
2121 1446 2174 1484 v.
2205 1447 2283 1500 gr.
2321 1432 2729 1493 continentiam,
2757 1433 3106 1502 vigilantiam,
3134 1436 3395 1489 resisten-

1846 1518 1995 1585 tiani,
2024 1522 2337 1590 patientiam
2375 1523 2428 1575 in
2457 1524 2715 1587 adversis,
2743 1526 2985 1595 ma’rlyrii
3018 1526 3251 1592 labores.
3276 1543 3395 1597 qua:

1843 1611 2057 1678 quidem
2113 1612 2295 1664 omnia
2345 1614 2410 1666 ad
2476 1628 2673 1681 corpus
2728 1616 2897 1684 magis
2944 1631 3104 1683 quam
3152 1618 3393 1670 animum

1844 1703 2173 1771 pertinentia
2242 1704 2294 1756 in
2361 1704 2673 1759 Conditoris
2729 1706 3107 1775 Creatorisque
3170 1710 3392 1778 gloriam

1847 1795 2093 1848 tendunt.
2121 1796 2309 1848 Anima
2335 1798 2502 1856 enim.
2540 1798 2638 1849 sibi
2663 1796 2863 1858 relicta,
2888 1814 2995 1851 non
3023 1801 3393 1869 ingrederetur

1850 1896 2081 1951 unquam
2114 1887 2346 1939 studium
2383 1889 2446 1939 ad
2480 1888 2740 1954 ejusmodi
2774 1891 3098 1956 praestanda,
3136 1907 3310 1960 neque
3349 1909 3393 1946 δι

1842 1979 2136 2039 omitteret,
2175 1978 2242 2031 ad
2305 1978 2635 2032 reddendam
2680 1981 2943 2034 rationem
2973 1984 3148 2035 vocari
3192 1996 3389 2053 posset.

1842 2066 2123 2132 Quomodo
2144 2069 2326 2138 itaque
2360 2080 2603 2123 creatura
2636 2072 2753 2124 Mali
2777 2074 2985 2141 perﬁcit
3008 2076 3167 2139 bona,
3194 2086 3247 2129 et
3268 2093 3391 2132 suc-

1841 2160 2011 2211 currit
2048 2160 2241 2213 animae
2275 2161 2338 2213 ad
2367 2162 2621 2230 praeclara
2654 2163 2741 2215 illa
2773 2166 3118 2232 perﬁcienda,
3153 2184 3291 2235 quae,
3326 2184 3395 2222 eo

1842 2250 2085 2310 absente,
2140 2248 2399 2317 perﬁcere
2451 2266 2557 2303 non
2604 2252 2899 2320 judicatur.
2934 2254 3014 2308 Tu
3059 2272 3184 2310 vero
3223 2259 3387 2312 etiam

1844 2340 1945 2393 hoc
1971 2340 2128 2393 velim
2165 2342 2505 2397 consideres:
2544 2345 2585 2397 si
2618 2360 2813 2414 corpus
2844 2346 2960 2400 Mali
3001 2349 3101 2403 fuit
3125 2350 3392 2419 principii,

1843 2432 2112 2499 quomodo
2144 2432 2357 2494 Paulus,
2399 2446 2692 2506 aegrotante
2724 2438 3109 2507 Epaphrodito,
3153 2443 3398 2496 tristatus

1846 2521 1968 2585 fuit,
2002 2533 2054 2577 et
2078 2525 2211 2578 dixit
2243 2545 2254 2579 :
2290 2526 2425 2579 Deus
2476 2519 2717 2582 misertus
2748 2540 2819 2584 est
2846 2532 3008 2596 illius,
3042 2550 3131 2586 nec
3152 2535 3292 2589 illius
3320 2552 3397 2589 so-

1847 2615 1973 2677 lum,
2006 2618 2093 2669 sed
2138 2627 2183 2669 et
2244 2622 2363 2682 mei,
2405 2636 2466 2673 ne
2506 2623 2771 2677 tristitiam
2807 2641 2961 2693 super
2996 2628 3211 2681 tristitia
3244 2630 3399 2684 habe-

1849 2724 1955 2759 rem
2006 2710 2070 2762 υ.
2117 2709 2257 2775 Quid
2308 2712 2449 2765 enim
2499 2726 2850 2770 necesseerat
2902 2703 3124 2789 Paulum
3172 2722 3394 2784 tristari,

1849 2798 2142 2865 videntem,
2181 2802 2321 2868 quod
2355 2814 2597 2856 creatura
2641 2805 2763 2859 Mali
2821 2809 3028 2877 perdita
3084 2812 3149 2864 sit
3182 2828 3196 2866 :
3238 2822 3311 2873 et.
3351 2814 3399 2868 si

1849 2898 2094 2944 creatura
2144 2891 2335 2947 fuisset
2374 2894 2516 2956 Mali,
2557 2898 2826 2963 quomodo
2874 2900 3015 2953 idem
3054 2902 3135 2954 vir
3183 2903 3401 2957 divinus

1849 2980 2065 3049 seripsit
2084 2981 2371 3037 Timotheo
2400 3001 2411 3035 :
2449 2986 2558 3038 Vini
2578 3004 2765 3054 parum
2784 2992 2968 3043 adhibe
2996 3000 3053 3044 ob
3081 2996 3401 3047 stomachum

1851 3081 2017 3133 tuum,
2069 3083 2115 3125 et
2175 3076 2375 3127 morbos
2419 3078 2787 3146 frequentiores
2833 3081 2897 3134 ³⁸.
2958 3083 3203 3143 Divinum
3255 3089 3400 3139 enim

186 3163 375 3234 νηροῦ,
428 3163 541 3225 πῶς
585 3163 869 3215 ἐπέστελλε
922 3163 1168 3231 Τιμοθέῳ
1200 3166 1226 3215 ὁ
1277 3164 1435 3226 αὐτὸς
1464 3165 1751 3233 μετάρσιος
1778 3182 1820 3239 C

1728 3179 1751 3223 ς
1778 3182 1820 3239 C
1855 3163 2005 3215 illum
2055 3166 2356 3229 doctorem,
2393 3170 2657 3236 siquidem
2688 3187 2813 3226 vere
2853 3174 2918 3227 de
2947 3175 3230 3230 'l‘iniotheo
3254 3179 3395 3233 solli-

186 3256 474 3324 ᾰνθρωπος
497 3272 508 3285 ·
542 3256 692 3320 Οἵνῳ
716 3255 893 3321 ὀλίγῳ
917 3253 1036 3322 χρῶ
1058 3255 1151 3306 διὰ
1174 3255 1279 3307 τὸν
1304 3256 1492 3323 στόμα
1499 3256 1608 3321 χόν
1634 3268 1748 3306 σου

192 3346 289 3398 καὶ
334 3348 444 3410 τὰς
491 3344 724 3409 πυκνάς
781 3360 895 3397 σου
930 3345 1283 3409 ἀσθενείας;
1319 3345 1461 3397 Ἔδει
1514 3345 1619 3413 γὰρ
1660 3344 1751 3396 τὸν

188 3440 442 3508 οὐράνιον
478 3440 680 3489 ἐκεῖνον
703 3438 1035 3497 διδάσκαλον,
1072 3438 1227 3508 εἴπερ
1273 3435 1549 3507 ἐφρόντιζε
1582 3437 1750 3505 Τιμο-

198 3532 348 3593 θέου,
379 3532 501 3583 ἐπεὶ
528 3530 647 3582 καθ’
676 3531 817 3598 ὑμᾶς
842 3530 1061 3598 πλάσμα
1090 3526 1154 3599 ἦν
1183 3531 1241 3581 τὸ
1267 3530 1421 3597 σῶμα
1448 3528 1542 3581 τοῦ
1580 3530 1751 3598 Πονη-

194 3624 310 3693 ροῦ,
333 3628 569 3691 γράφειν
598 3621 763 3690 αὐτῷ’
807 3621 1047 3690 μηδόλως
1074 3622 1309 3690 κέχρησο
1332 3621 1475 3689 οἴνῳ,
1508 3620 1593 3671 ἴνα
1624 3621 1752 3671 θᾶτ-

189 3731 280 3767 τον
307 3716 451 3783 ραγῇ
496 3714 555 3764 τὸ
591 3713 810 3779 πλάσμα
857 3712 947 3763 τοῦ
976 3712 1237 3781 Πονηροῦ,
1270 3714 1360 3763 καὶ
1391 3710 1755 3781 ὲλευθερωθῇς

190 3804 282 3855 τοῦ
322 3802 521 3870 βάρους
572 3799 756 3853 αὐτοῦ,
795 3801 901 3852 Καὶ
941 3802 987 3851 εί
1021 3802 1087 3852 τά
1124 3799 1349 3869 σώματά
1374 3802 1475 3851 είσι
1522 3799 1611 3852 τοῦ
1650 3801 1753 3851 Πο-

191 3894 383 3963 νηροῦ,
428 3892 544 3952 πῶς
580 3892 725 3957 λέγει
754 3893 781 3943 ὁ
819 3891 1017 3960 Κύριος
1052 3891 1204 3959 ἡμῶν
1243 3891 1448 3958 Ἰησοῦς
1485 3892 1751 3959 Χριστὸς,

195 3986 343 4051 Οὐχὶ
376 3984 485 4035 δύο
509 3982 791 4047 στρουθία
820 3982 1115 4048 ἀσσαρίου
1147 3981 1443 4043 πωλεῖται,
1471 3983 1565 4033 καὶ
1590 3981 1656 4033 ἐν
1686 3981 1753 4043 ἐξ

190 4074 393 4127 αὐτῶν
432 4078 501 4126 οὐ
532 4072 797 4126 πεσεῖται
827 4073 969 4124 ἄνευ
1008 4072 1111 4125 τοῦ
1139 4074 1364 4138 Πατρός
1393 4090 1507 4139 μου
1552 4070 1655 4122 τοῦ
1686 4072 1753 4122 ἐν

200 4168 494 4233 νὺρανοῖς.
531 4166 594 4216 Τί
648 4166 753 4233 γὰρ
788 4164 935 4232 μέλει
983 4163 1059 4231 τῷ
1100 4163 1284 4231 ἀγαίὶῴ
1324 4164 1438 4231 θεῴ
1473 4164 1608 4229 ὑπὲρ
1648 4163 1753 4213 τῶν

203 4258 537 4322 πλασμάτων
568 4253 658 4304 τοῦ
701 4255 962 4322 Πονηρυῦ,
1000 4251 1077 4315 οἷς
1108 4253 1225 4303 οὔτε
1263 4256 1565 4322 περίκειται
1597 4249 1751 4317 ἆθλα,

192 4351 279 4399 ί>ὖ;
350 4347 464 4415 ζωὴ
501 4347 747 4407 αἰώνιος,
788 4345 901 4396 οὔτε
955 4347 979 4413 ἡ
1035 4345 1275 4412 βασιλεία
1328 4344 1429 4395 τῶν
1480 4346 1719 4413 οὐρανῶν

203 4440 345 4490 “Α>.λ’
370 4439 454 4490 ὅτι
472 4436 693 4505 κτίστης
720 4436 895 4488 αὐτῶν
921 4438 1009 4485 καὶ
1034 4436 1253 4504 Κύριος,
1275 4441 1361 4486 καὶ
1384 4435 1749 4502 ὲξουσιαστὴς,

1857 3251 1995 3303 citus
2042 3252 2163 3314 fuit,
2216 3256 2513 3308 secundum
2564 3274 2675 3317 vos,
2723 3262 2845 3328 quia
2890 3278 3087 3333 corpus
3130 3266 3247 3319 Mali
3288 3279 3406 3322 erat

1855 3354 2123 3405 creatura,
2178 3347 2414 3400 scribere
2476 3350 2748 3406 decebat:
2799 3358 3020 3409 omnino
3070 3375 3177 3413 non
3255 3372 3404 3416 utere

1855 3436 2001 3496 vino,
2057 3449 2114 3491 ut
2170 3453 2233 3491 eo
2288 3440 2450 3494 citius
2500 3443 2571 3505 id,
2622 3446 2764 3510 quod
2800 3445 2920 3500 Mali
2961 3461 3060 3514 est,
3109 3453 3400 3524 frangatur,

1855 3534 2021 3593 tuque
2072 3542 2237 3583 onere
2299 3530 2419 3597 ejus
2476 3533 2689 3587 leveris.
2744 3538 2896 3600 Quod
2957 3542 3001 3594 si
3050 3558 3276 3613 corpora
3340 3551 3403 3601 ad

1854 3617 2049 3671 Malum
2092 3622 2350 3691 originem
2391 3641 2540 3679 suam
2598 3630 2875 3693 referunt,
2932 3640 3201 3701 quomodo
3248 3640 3405 3695 Jesus

1854 3704 2120 3767 Christus,
2159 3707 2414 3765 Dominus
2444 3725 2645 3779 noster,
2683 3719 2758 3771 ait
2784 3737 2795 3771 :
2824 3720 3007 3775 Nonne
3045 3727 3148 3779 duo
3172 3744 3404 3796 passeres

1858 3810 1958 3845 uno
1984 3797 2186 3848 assario
2208 3800 2516 3861 vendantur,
2546 3820 2706 3871 neque
2737 3817 2910 3859 tamen
2942 3826 3072 3864 unus
3097 3829 3273 3867 eorum
3295 3835 3397 3869 sim

1856 3882 2019 3937 Patre
2044 3899 2229 3949 vestro,
2283 3891 2369 3955 qui
2399 3892 2452 3941 in
2487 3893 2624 3945 cwlis
2654 3906 2747 3956 est,
2799 3900 2937 3950 cadit
2962 3902 3024 3954 ³⁸.
3074 3902 3212 3966 Quid
3261 3910 3401 3960 enini

1856 3976 1996 4029 bono
2038 3977 2143 4030 Deo
2178 3995 2317 4033 Cum:
2343 3990 2422 4033 est
2472 3985 2537 4037 de
2570 3990 2827 4041 creaturis
2878 3990 3019 4055 Mali,
3070 3996 3265 4062 quibus
3308 4015 3409 4057 nec

1856 4070 2094 4137 praemia,
2148 4087 2248 4126 llt'C
2294 4074 2398 4125 vita
2450 4087 2669 4141 aeterna,
2725 4097 2824 4135 nec
2873 4100 3093 4153 regnum
3150 4091 3406 4146 etrlorum

1861 4160 2133 4225 proposita
2152 4163 2319 4213 sunt?
2349 4167 2414 4214 At
2438 4167 2687 4228 quoniam
2716 4167 2972 4223 Dominus
2991 4189 3175 4227 eorum
3200 4188 3253 4229 et
3274 4195 3408 4231 con-

1858 4248 1997 4299 ditor
2029 4260 2080 4302 et
2110 4254 2353 4317 superior
2387 4266 2487 4315 est,
2534 4256 2651 4310 ideo
2682 4273 2856 4327 neque
2895 4262 2983 4314 illa
3014 4265 3127 4317 sine
3155 4268 3269 4335 ipso
3302 4270 3408 4322 vita

1860 4343 2154 4405 privamur.
2234 4340 2513 4405 Quomodo
2579 4361 2708 4398 vero
2782 4348 3027 4405 Christus
3080 4355 3129 4406 in
3184 4372 3411 4426 corpore

1860 4432 2007 4483 Pauli
2058 4432 2465 4500 gloriﬁcabitur,
2517 4438 2780 4504 siquidem
2834 4456 3030 4511 corpus
3084 4462 3112 4498 a
3146 4447 3280 4501 Malo
3328 4466 3404 4503 es.

188 4530 275 4581 διὰ
300 4528 464 4581 τοῦτο
492 4526 610 4578 οὐδὲ
659 4525 828 4577 ταῦτα
856 4542 1020 4595 χωρις
1042 4525 1201 4577 αὑτοῦ
1227 4526 1562 4593 στερίσκεται
1588 4525 1747 4593 ζωῆς.
1785 4510 1826 4563 D

1737 4566 1747 4577 ,
1785 4510 1826 4563 Ι)
1857 4518 2142 4573 formatum
2173 4523 2194 4573 ?
2239 4522 2349 4575 lmo
2396 4529 2665 4592 quomodo
2693 4526 3069 4599 mysteriorum
3102 4538 3404 4593 divinorum

191 4620 315 4682 Πῶς
366 4619 427 4671 δὲ
476 4619 568 4670 καὶ
614 4615 1084 4685 ⁴ι.ι.εγαλυνθιί;σεται
1140 4618 1370 4685 Χριστὸς
1415 4619 1471 4670 ὲν
1526 4616 1601 4684 τῷ
1661 4615 1751 4666 τοῦ

190 4710 412 4765 Παύλου
456 4706 686 4775 σώματι,
720 4706 875 4775 εἴπερ
906 4706 965 4756 τὸ
1006 4706 1161 4773 σῶμα
1200 4706 1425 4773 πλάσμα
1449 4705 1539 4758 τοῦ
1580 4708 1750 4773 ﬂown-

189 4802 322 4871 p05;
358 4800 472 4852 Καὶ
512 4796 673 4851 πάλιν
704 4797 863 4858 αὐτὸς
894 4798 920 4849 ὁ
958 4795 1052 4847 τοῦ
1083 4796 1216 4847 Θεοῦ
1268 4796 1578 4866 μυστηρίων
1622 4797 1754 4848 ὑπο-

190 4893 396 4961 φήτης,
432 4891 591 4959 εἴπερ
617 4889 715 4939 οὐκ
734 4884 803 4959 ἦν
844 4887 904 4938 τὸ
941 4886 1096 4957 σῶμα
1130 4887 1355 4955 πλάσμα
1380 4888 1473 4939 τοῦ
1504 4890 1594 4938 ἐπὶ
1620 4890 1755 4940 πάν-

265 5006 310 5035 ³θ
347 5003 540 5057 Matth.
574 5019 646 5068 χι,
689 5003 740 5056 5.
818 5004 860 5035 ³⁷
892 5002 1127 5070 Philipp.
1154 5002 1322 5062 11.9.7.
1390 5000 1432 5031 ³⁸
1456 5000 1475 5053 l
1500 4998 1641 5053 Tim.
1668 5018 1719 5061 v,
1749 5000 1835 5054 ‘25.

1860 4629 2057 4682 praeco,
2109 4615 2150 4668 si
2206 4630 2401 4685 corpus
2452 4634 2555 4672 non
2603 4621 2704 4673 fuit
2750 4634 2994 4679 creatura
3042 4628 3156 4691 Dei,
3207 4632 3294 4698 qui
3330 4650 3407 4684 es.

1859 4718 2021 4771 super
2050 4705 2249 4768 omnia,
2307 4721 2503 4771 corpus
2557 4718 2609 4762 et
2638 4711 2887 4777 spiritum
2938 4727 2992 4766 et
3026 4720 3260 4771 animam
3291 4735 3379 4788 pre

1861 4805 2015 4850 catur
2052 4806 2213 4851 totam
2250 4800 2576 4860 conservari,
2638 4801 2797 4870 idque
2836 4806 2901 4858 ad
2952 4806 3160 4861 Domini
3208 4813 3403 4865 adven-

1863 4890 2010 4941 tum?
2039 4889 2125 4941 Ait
2145 4890 2288 4941 enim
2321 4909 2331 4943 :
2374 4890 2507 4943 Deus
2534 4909 2648 4945 vero
2680 4897 2825 4962 pacis
2854 4900 3139 4967 sanctiﬁcat
3167 4918 3251 4955 vos
3279 4904 3411 4955 inte-

1917 5002 1958 5032 "'
1993 5000 2179 5055 Matth.
2210 5018 2262 5065 χ,
2289 5002 2373 5055 29.

1293 5131 1522 5185 VARUE
1580 5131 1958 5186 LECTIUNES
1996 5132 2079 5184 ET
2110 5132 2337 5186 ΝΟΤᾸΞ.

263 5256 341 5323 (ι)
406 5254 562 5321 Πρὸς
602 5253 832 5322 ἀγῶνας
888 5254 1068 5306 ἔλθοι.
1124 5251 1341 5323 Plirasis
1406 5251 1748 5321 gymnastico,

191 5322 349 5392 cujus
394 5342 499 5377 vox
545 5327 714 5377 media
760 5324 921 5375 variis
954 5322 1337 5392 signiﬁcantius
1372 5324 1607 5386 subjecta
1644 5332 1750 5392 est.

190 5391 328 5464 quas
364 5395 679 5447 Eustathius
718 5395 1043 5469 summatim.
1070 5393 1145 5469 ad
1180 5391 1373 5469 Iliados
1424 5392 1475 5441 Σ.
1514 5406 1564 5457 p.
1592 5391 1751 5469 .l'ld8,

191 5460 264 5521 ita
292 5466 614 5532 complexus
636 5475 718 5517 est
748 5481 759 5514 :
812 5464 869 5513 ὐ
902 5463 959 5541 δὲ*
985 5463 1129 5526 αγὼν
1162 5460 1571 5541 πολυσήμαντος
1592 5460 1751 5541 λέξις,

191 5540 335 5588 κατὰ
360 5538 489 5594 τ;·;›ς
527 5534 805 5595 παλαιούς.
843 5531 1010 5597 Ἀγὼν
1044 5536 1168 5599 γὰρ,
1206 5534 1386 5610 φησὶν,
1421 5531 1623 5610 epulas,
1658 5531 1751 5610 ξύ-

192 5607 351 5666 γ,λος,
395 5608 563 5671 μάχη,
615 5605 745 5670 ἔρις,
778 5608 977 5669 αγορα,
1023 5602 1438 5678 συναγωγὴχῷ
1478 5601 1752 5678 ἐπίδειξιςῖ

196 5676 308 5745 Ego
342 5669 432 5726 lii'c
466 5669 661 5732 locum,
697 5675 747 5724 iu
770 5687 875 5740 quo
900 5680 1169 5746 certamen
1199 5669 1507 5746 suscipitur,
1536 5669 1754 5746 indicari

197 5739 383 5813 putem
414 5760 505 5811 per
545 5739 792 5817 ἀγῶνας,
820 5757 1001 5817 quam
1030 5739 1177 5817 vocis
1214 5741 1496 5817 ιιοιιοιιεεηι¹
1530 5739 1753 5817 demoti:

196 5807 505 5871 stravit’Jo
584 5812 755 5882 Georg
836 5810 1094 5871 Graevius,
1147 5810 1199 5863 in
1244 5811 1382 5863 notis
1435 5810 1498 5863 ad
1536 5807 1751 5863 Hesiodi

1870 5253 2109 5331 :Aa‘itt'oz.
2137 5270 2187 5331 τ.
2205 5253 2323 5306 519..
2346 5254 2565 5331 Πθέηὶἰε
2586 5256 3061 5331 signiﬁcationibus
3085 5263 3195 5331 lege
3216 5262 3408 5319 Ezech.

1862 5322 2381 5397 Sglianhemiuni‘.“ad
2418 5322 2695 5397 orationes
2724 5326 2951 5390 Juliani,
2986 5346 3035 5397 p.
3066 5322 3161 5392 ll:
3188 5332 3273 5391 l2;
3303 5333 3411 5387 Lu-

1860 5394 2031 5445 dovir.
2079 5394 2395 5468 t;_ijesolliuni
2420 5434 2432 5454 ,
2467 5396 2526 5468 in
2566 5396 2787 5468 Theatra
2832 5394 3094 5468 rhetorum
3147 5412 3192 5453 et
3234 5406 3411 5468 sophi-

1860 5476 2081 5516 starum.
2116 5462 2204 5514 lit».
2253 5505 2266 5527 ,
2295 5482 2349 5516 ιιι
2375 5481 2402 5517 c
2457 5466 2553 5528 l7;
2585 5466 2851 5521 Gottfred.
2888 5467 3155 5521 Olearium
3199 5474 3262 5524 ad
3292 5462 3412 5527 l’bi-

1862 5532 2064 5606 l_<.strati
2102 5533 2234 5606 litus
2270 5537 2638 5601 sophistarmn,
2671 5537 2702 5587 Ι.
2738 5554 2864 5597 xxn,
2898 5536 2923 5606 §
2960 5542 3000 5601 I,
3032 5555 3086 5590 n.
3120 5541 3185 5599 4;
3221 5551 3272 5594 et
3295 5542 3410 5595 Jac.

1864 5602 2090 5676 Tolliu_m
2118 5604 2178 5676 ad
2216 5602 2512 5676 Longinum
2561 5606 2690 5671 περὶ
2738 5602 2951 5673 ὒψουξπ,
2999 5618 3128 5661 sect.
3165 5612 3195 5663 9
3241 5620 3292 5663 ct
3328 5616 3409 5676 ll,

1864 5687 1914 5721 η.
1945 5674 1992 5724 1.
2033 5672 2271 5749 Pertinet
2317 5674 2419 5725 huc
2452 5676 2659 5749 phrasis
2690 5672 2835 5749 ἀγίῦπέ
2867 5678 3146 5749 πρόκειται
3169 5719 3181 5736 .
3215 5682 3279 5733 de
3307 5672 3409 5749 qua

1861 5742 2080 5809 exponit
2103 5742 2281 5796 Lamb.
2315 5744 2490 5799 Bosin
2518 5744 2665 5799 Notis
2695 5746 2756 5799 ad
2793 5745 2854 5799 Ν.
2893 5746 2977 5809 Ἰ“.,
3010 5765 3061 5815 p.
3089 5750 3189 5802 254
