4222 6432
820 385 919 449 103

1962 385 2224 446 ΡΗΟΤΙΙ
2263 385 2772 447 ΡΑΤΒΙΑΒΕΗᾸΞ
2812 388 2918 449 CP.

3960 389 4062 453 ιοι

815 518 956 572 gres,
988 513 1035 554 et
1064 509 1200 552 totus
1229 498 1457 568 Spiritus
1488 509 1675 559 vester.
1723 506 1772 553 et
1799 499 1980 551 anima
2006 508 2054 550 et
2087 514 2274 566 corpus
2301 499 2388 550 in-
2414 503 2434 560 Α

2457 514 2595 559 ,των
2627 498 2788 562 Θεοῦ,
2821 499 2939 562 πῶς
2968 499 3030 552 τὸ
3053 499 3212 570 σῶμα
3246 501 3340 555 καὶ
3369 501 3427 555 τὸ
3456 500 3676 572 πνεῦμα
3698 505 3793 558 καὶ
3826 503 3926 574 τὴν
3953 512 4058 573 ψυ-

815 592 1032 659 culpata
1089 601 1454 644 conserventur
1514 592 1569 643 in
1621 592 1906 643 adventum
1955 589 2169 642 Domini
2221 590 2384 642 nostri

810 679 936 734 Jesu
962 679 1153 734 Christi
1175 680 1244 732 “.
1278 677 1482 732 Praeter
1507 694 1636 733 vero
1665 679 1787 741 ista,
1849 677 1892 732 si
1942 679 2122 731 anima
2161 679 2385 731 alterius

815 772 1072 841 principii
1124 787 1262 840 opus
1313 771 1636 834 exsisteret,
1692 768 1916 822 alterius
1961 783 2092 822 vero
2148 783 2381 837 corpus,

812 865 1082 933 quomodo
1129 878 1288 916 verus
1335 864 1503 916 nostri
1556 863 1803 916 conditor
1850 869 1905 915 et
1981 861 2143 927 Deus,
2199 876 2384 916 servos

813 973 941 1010 suos
966 958 1111 1008 curis
1150 970 1256 1007 non
1287 955 1576 1008 distractos
1605 967 1724 1006 esse
1750 954 1999 1021 cupiens.
2049 954 2115 1006 de
2150 962 2379 1022 utroque

815 1046 1062 1115 pracipit
1098 1045 1288 1098 dicens
1318 1063 1330 1099 :
1382 1044 1460 1097 Ne
1501 1055 1681 1096 curate
1709 1045 1773 1095 de
1809 1045 1985 1094 anima
2016 1052 2208 1105 vestra,
2262 1045 2387 1112 quid

815 1139 980 1190 edatis
1014 1147 1106 1188 aut
1140 1137 1348 1198 bibatis,
1376 1152 1538 1201 neque
1573 1135 1778 1203 corpori
1817 1145 2005 1199 vestro,
2040 1137 2165 1201 quid
2195 1137 2388 1188 indua—

814 1229 878 1280 tis
904 1229 970 1278 “.
1003 1225 1192 1280 Postea
1251 1226 1428 1277 adhuc
1490 1225 1658 1295 magis
1717 1225 1965 1293 exemplo
2034 1225 2264 1292 quodam
2322 1225 2388 1278 ad

815 1315 1188 1384 percipiendas
1218 1315 1614 1369 admonitiones
1644 1315 2006 1384 perducturus
2053 1332 2066 1366 :
2116 1314 2384 1382 Inspicite,

814 1408 1008 1476 inquit,
1044 1409 1097 1460 in
1147 1408 1380 1460 volucres
1429 1408 1587 1471 caeli,
1633 1408 1754 1475 quia
1780 1423 1881 1459 non
1909 1415 2106 1469 serunt,
2161 1422 2250 1458 nec
2279 1423 2387 1459 me-

815 1513 954 1565 tunt,
990 1520 1151 1570 neque
1194 1505 1250 1554 in
1287 1503 1543 1570 granaria
1594 1502 1938 1571 congerunt."
1968 1517 1980 1564 ;
2023 1509 2078 1552 et
2113 1501 2254 1552 unde
2283 1499 2388 1552 illis

816 1596 988 1647 victus
1021 1593 1296 1661 suppetit?
1343 1591 1508 1645 Pater
1537 1603 1705 1644 vester
1741 1592 1962 1644 caelestis
2008 1592 2168 1643 nutrit
2203 1607 2290 1643 eas
2321 1591 2384 1643 ⁵³.

817 1687 870 1738 Si
903 1687 1079 1753 itaque
1119 1685 1330 1737 Patrem
1384 1692 1628 1737 nostrum
1659 1684 1936 1738 caelestem
1973 1699 2116 1745 eum,
2172 1684 2263 1751 qui
2294 1697 2388 1735 vo-

812 1779 989 1831 lucres
1023 1778 1145 1832 cceli
1174 1778 1363 1841 nutrit,
1397 1787 1449 1830 et
1492 1777 1757 1845 agnoscit,
1795 1784 1849 1829 et
1886 1776 2120 1844 appellat
2147 1775 2388 1827 veritatis

2488 588 2588 660 χὴν
2607 589 2798 656 ὀλόκλη
2806 607 2898 658 ρον
2914 589 3204 660 ἐπεύχεται
3221 593 3377 662 διατη
3386 594 3614 665 ρηθῆναι
3640 597 3733 648 καὶ
3779 596 3896 649 τότε
3919 597 3978 648 ἒν
3991 601 4057 666 τῇ

2487 681 2582 733 τοῦ
2611 680 2814 751 Κυρίου
2841 682 3138 753 παρουσίᾳ;
3165 685 3328 750 Λέγει
3355 685 3464 754 γάρ
3482 702 3496 716 ·
3544 687 3736 752 Αὐτὸς
3758 686 3828 740 δὲ
3852 691 3886 740 o'
3915 688 4060 751 Θεὸς

2487 770 2592 838 τῆς
2618 770 2866 836 εἰρήνης
2884 773 3125 840 ἁγιάσαι
3145 773 3303 842 ὑμᾶς
3320 777 3643 841 ὁλοτελεῖς,
3665 779 3763 830 καὶ
3795 781 4058 843 ὀλόκλη-

2480 878 2593 929 ρον
2613 861 2774 929 ὑμῶν
2790 865 2856 913 τὸ
2873 864 3104 931 πνεῦμα
3122 866 3214 917 καὶ
3231 868 3269 932 ἡ
3286 867 3456 935 ψυχὴ
3472 868 3569 920 καὶ
3594 869 3660 920 τὸ
3687 869 3857 935 σῶμα
3876 870 4060 938 ἀμέμ-

2489 969 2647 1018 πτως
2677 955 2746 1005 ἐν
2783 954 2856 1021 τῇ
2900 958 3202 1023 παρουσίᾳ
3246 958 3351 1011 τοῦ
3387 962 3607 1026 Κυρίου
3648 959 3819 1028 ἡμῶν
3852 962 4058 1026 Ἰησοῦ

2489 1044 2746 1113 Χριστοῦ
2764 1045 3164 1115 διατηρηθείη.
3183 1050 3365 1116 Χωρὶς
3385 1050 3441 1102 δὲ
3463 1051 3668 1103 τούτων
3689 1053 3736 1103 εἰ
3758 1050 3923 1119 ἄλλης
3958 1051 4058 1119 μὲν

2487 1132 2555 1206 ἦν
2587 1139 2759 1205 ἀρχῆς
2800 1138 2965 1206 ἔργον
3000 1143 3031 1210 ἡ
3060 1140 3228 1210 ψυχὴ,
3261 1141 3454 1210 ἑτέρας
3491 1143 3633 1194 δὲτὸ
3665 1143 3842 1212 σῶμα,
3881 1145 3996 1204 πῶς
4029 1143 4056 1194 6

2488 1227 2691 1295 ἀληθὴς
2745 1228 2899 1296 ἡμῶν
2973 1231 3215 1301 πλάστης
3265 1232 3360 1284 καὶ
3419 1231 3552 1294 Θεὸς
3607 1233 4056 1303 ἀπερισπάστους

2490 1313 2628 1372 εἶναι
2679 1319 3024 1390 βουλόμενος,
3077 1323 3204 1383 τοὺς
3256 1322 3420 1375 αὑτοῦ
3453 1323 3718 1376 νουθετῶν
3752 1323 4055 1390 λατρευτάς

2489 1415 2745 1480 παραινεί
2782 1417 2916 1482 περὶ·
2940 1414 3202 1481 ἑκατέρου
3241 1415 3445 1480 λέγων’
3496 1415 3590 1480 Μὴ
3631 1413 3949 1482 μεριμνᾶτε
3981 1415 4053 1482 τῇ

2488 1503 2658 1571 ψυχῇ
2685 1504 2869 1573 ὑμῶν,
2899 1507 2956 1558 τι
2994 1505 3240 1574 φάγητε,
3267 1506 3305 1573 ἢ
3337 1507 3393 1559 τί
3417 1509 3611 1572 πίητε,
3635 1507 3789 1575 μηδὲ
3821 1506 3897 1571 τῷ
3934 1509 4054 1559 σώ-

2484 1611 2624 1661 ματι
2650 1594 2832 1662 ὑμῶν,
2864 1598 2919 1647 τί
2940 1597 3314 1662 ἐνδύσησθε;
3341 1595 3471 1650 Εἶτα
3499 1601 3590 1651 καί
3620 1599 3778 1651 πλέον
3805 1601 3952 1667 ἡμᾶς
3982 1597 4056 1666 τῷ

2491 1685 2893 1754 παραδείγματι
2933 1688 3069 1755 πρὸς
3117 1687 3214 1756 τὴν
3253 1689 3532 1740 νουθεσίαν
3563 1689 3763 1749 ἕλκων,
3823 1690 4057 1756 Ἰἰμὸλέ-

2489 1778 2664 1840 ψατε,
2696 1778 2879 1843 φησὶν,
2908 1778 2994 1840 εἰς
3026 1777 3095 1828 τὰ
3141 1778 3378 1830 πετεινὰ
3410 1779 3514 1831 τοῦ
3551 1781 3831 1846 οίιρανοῦ,
3863 1779 3950 1830 ἔτι
3983 1781 4054 1831 εὑ

812 1870 954 1932 fons,
1007 1869 1115 1922 imo
1148 1885 1274 1922 vero
1315 1883 1537 1938 gramen
1586 1868 1719 1936 agri,
1780 1867 1833 1919 in
1867 1865 2142 1919 fornacem
2187 1851 2434 1933 conjici]

2457 1868 2867 1933 ’σπειροισσιια
2908 1867 3052 1919 οὐδὲ
3099 1869 3446 1936 θερίζουσιν,
3482 1869 3622 1923 οὐδὲ
3673 1870 4056 1938 συνάγουσιν

814 1961 1053 2020 solitum.
1103 1962 1170 2013 ab
1219 1961 1406 2013 eodem
1458 1960 1588 2023 Deo,
1641 1975 1702 2012 ea
1740 1959 1914 2012 forma
1964 1958 2113 2010 indui
2146 1957 2242 2018 ait,
2280 1973 2384 2025 qua

815 2069 916 2107 nec
953 2053 1206 2106 Salomon
1251 2054 1305 2105 in
1337 2052 1484 2105 omni
1516 2067 1610 2105 sua
1640 2051 1806 2122 gloria
1839 2051 2167 2119 eormpicuus
2197 2049 2381 2115 fuerit,

813 2146 1082 2213 quomodo
1129 2145 1386 2197 ell'rcnata
1443 2143 1738 2211 impietatis
1793 2157 1884 2194 ora
1932 2142 2098 2194 alium
2147 2141 2372 2208 quidem

814 2240 1090 2308 graminis,
1119 2248 1173 2292 et
1193 2239 1372 2291 avium
1405 2247 1458 2290 et
1478 2236 1721 2304 corporis
1754 2244 1808 2288 et
1841 2250 2019 2288 rerum
2045 2233 2380 2288 sensibilium

812 2331 1055 2382 omnium
1107 2329 1444 2383 conditorem
1476 2329 1812 2391 renuntiant,
1873 2326 2026 2380 alteri
2060 2339 2190 2379 vero
2218 2323 2377 2378 dimi-

814 2421 962 2475 dium
994 2423 1340 2491 principitum
1373 2437 1437 2476 ex
1471 2431 1635 2492 gratia
1672 2420 1822 2489 quasi
1861 2417 2200 2489 largiuntur?

2489 1959 2575 2021 εἰς
2607 1957 2941 2022 ἀποθήκας·
2970 1961 3065 2012 καὶ
3098 1961 3261 2012 πόθεν
3288 1961 3469 2023 αὐτοῖς
3499 1962 3530 2031 ή
3567 1961 3712 2029 Cari];
3763 1961 3815 2014 '0
3850 1962 4053 2028 Πατὴρ

2491 2048 2656 2117 ὑμῶν
2714 2053 2746 2102 ό
2795 2052 3074 2118 οὐράνιος
3113 2053 3310 2121 τρέφει
3370 2054 3541 2107 αὑτά.
3581 2055 3644 2106 Et
3691 2051 3782 2106 οὖν
3831 2055 4054 2122 Πατέρα.

2492 2139 2646 2207 ἡμῶν
2673 2141 2922 2209 οὐράνιον
2959 2144 3047 2195 τὸν
3077 2146 3345 2210 τρέφοντα
3388 2144 3457 2196 τὰ
3490 2145 3712 2196 πετεινά
3747 2145 3840 2196 τοῦ
3887 2145 4052 2212 οὐρα-

2491 2227 2602 2292 νοῦ,
2647 2232 2738 2281 καὶ
2769 2226 2874 2282 οἶδε
2907 2234 3001 2283 καὶ
3033 2231 3182 2298 λέγει
3215 2232 3314 2299 τῆς
3351 2231 3606 2301 ἀληθείας
3638 2233 3671 2302 ἠ
3709 2231 3878 2300 πηγὴ,
3905 2231 4054 2298 λέγει

2488 2319 2545 2373 δὲ
2586 2325 2679 2372 καὶ
2730 2324 2819 2374 τὸν
2858 2323 3046 2393 χόρτον
3079 2324 3173 2376 τοῦ
3221 2325 3391 2394 ἀγροῦ
3442 2326 3534 2379 τὸν
3570 2326 3648 2388 εἰς
3674 2324 3764 2377 τὸν
3798 2323 4053 2376 κλίϐανον

2493 2414 2817 2483 βαλλόμενον
2847 2417 2949 2468 ὑπὸ
2977 2417 3071 2469 τοῦ
3103 2418 3267 2469 αὑτοῦ
3302 2417 3462 2481 Θεοῦ,
3516 2417 3708 2479 κάλλος
3755 2418 4054 2484 ἀμφιέννυ-

819 2515 959 2568 σθα,
1002 2516 1110 2568 οἷον
1145 2517 1265 2567 οὐδὲ
1323 2515 1569 2581 Σολομὼν
1622 2514 1681 2566 ἐν
1707 2514 1802 2584 ὅλῃ
1831 2512 1994 2565 αὐτοῦ
2036 2509 2386 2582 περιεϐάλετο
2424 2509 2487 2576 τῇ
2539 2507 2688 2576 δόξῃ·
2723 2508 2840 2572 πῶς
2911 2510 2980 2562 τὰ
3024 2510 3284 2562 ἀπύλωτα
3342 2510 3440 2578 τῆς
3483 2510 3735 2571 ἀσεϐείας
3783 2509 4052 2577 στόματα.

814 2610 969 2662 ἄλλον
997 2610 1094 2678 μὲν
1120 2609 1210 2661 τοῦ
1241 2609 1433 2679 χόρτου
1486 2611 1578 2661 καὶ
1609 2609 1714 2661 τῶν
1748 2609 2008 2660 πετεινῶν
2086 2607 2179 2659 καὶ
2242 2603 2336 2658 τοῦ
2401 2601 2669 2673 σώματος,
2730 2607 2823 2657 καὶ
2866 2605 2974 2657 τῶν
3026 2604 3305 2676 αἰσθητῶν
3360 2605 3614 2658 ἁπάντων
3681 2604 4052 2675 χειροτονοῦσι

812 2704 1164 2772 δημιουργὸν,
1186 2703 1356 2773 ἑτέρῳ
1385 2703 1441 2755 δὲ
1460 2708 1559 2772 τὴν
1576 2701 1840 2771 ἡμίτομον
1863 2701 2174 2770 χαρίζονται
2194 2703 2401 2771 ἀρχήνς

889 2795 953 2848 Χ.
983 2795 1136 2859 Quod
1177 2810 1307 2848 vero
1339 2795 1480 2848 idem
1519 2796 1609 2858 sit,
1641 2795 1732 2863 qui
1778 2803 1832 2847 et
1875 2793 2155 2847 szecularia
2190 2795 2304 2848 haec
2333 2804 2390 2849 et

816 2889 1078 2943 cmlorum
1111 2903 1335 2956 regnum
1367 2887 1612 2957 largitur,
1648 2887 1832 2955 paucis
1855 2895 2382 2940 commonstraturus

817 2983 1074 3035 Servator
1108 2995 1121 3031 :
1153 2977 1307 3031 Novit
1333 2979 1493 3040 enim,
1519 2978 1714 3046 inquit,
1750 2977 1913 3030 Pater
1958 2987 2120 3031 vester
2150 2977 2388 3040 cwlestis,

816 3073 952 3141 quod
994 3072 1072 3123 his
1124 3072 1361 3122 omnibus
1404 3071 1668 3138 indigetis.
1723 3068 1954 3139 Quaerite
2001 3086 2120 3122 vero
2157 3071 2386 3138 primum

2558 2795 2616 2848 l'.
2654 2795 2776 2847 ’Ότι
2806 2793 2861 2845 δὲ
2887 2795 2914 2846 6
2932 2793 3090 2854 αὑτός
3122 2793 3267 2845 ἐστιν
3287 2793 3315 2845 6
3334 2789 3622 2844 καὶταῦτα
3648 2789 3716 2842 τὰ
3736 2790 4052 2862 πρόσκαιρα

2488 2886 2684 2948 διδοὺς,
2714 2884 2806 2936 καὶ¹
2836 2883 2933 2952 τὴν
2973 2882 3252 2951 βασιλείαν
3304 2882 3410 2933 τῶν
3436 2882 3678 2952 οὐρανῶν
3717 2881 4054 2952 λεπτομερέ-

2490 2992 2679 3044 στερον
2711 2973 2944 3042 βεὸαιῶν
2974 2973 3034 3024 τὸ
3063 2972 3239 3040 δόγμα
3264 2985 3278 3000 '
3309 2967 3445 3023 Οἵδε
3478 2971 3607 3039 γὰρ,
3644 2971 3828 3036 φησὶν,
3873 2975 3906 3024 ὁ
3942 2975 4055 3024 Πα-

2488 3068 2598 3135 τὴρ
2641 3066 2804 3134 ὑμῶν
2839 3070 2870 3118 ό
2900 3064 3198 3132 οὐράνιος,
3229 3063 3317 3116 ὅτι
3342 3061 3580 3131 χρῄζετε
3606 3063 3831 3116 τούτων
3860 3063 4056 3116 ἁπάν-

820 3179 1034 3233 regnum
1069 3162 1184 3224 Dei,
1239 3169 1286 3213 et
1319 3161 1589 3228 justitiam
1631 3161 1744 3228 ejus
1765 3199 1780 3224 ,
1830 3170 1879 3212 et
1912 3161 2012 3213 ista
2039 3162 2216 3213 omnia
2243 3162 2386 3229 adji-
2416 3196 2434 3251 (

2494 3178 2629 3214 των.
2658 3158 2891 3225 Ζητεῖτε
2915 3157 2981 3210 δὲ
3009 3155 3245 3224 πρῶτον
3266 3156 3379 3222 τὴν
3397 3156 3725 3218 ,ϐασιλείαν
3751 3155 3856 3208 τοῦ
3881 3156 4052 3218 Θεοῦ,

819 3257 1022 3307 cientur
1052 3254 1188 3306 vobis
1221 3252 1285 3303 “.
1318 3250 1484 3320 Cujus
1518 3260 1624 3314 est,
1676 3253 1840 3305 homo
1870 3252 2253 3320 perditissimo,
2298 3268 2389 3307 re-

821 3361 988 3414 gnum
1041 3343 1325 3402 cmlorum.
1375 3352 1429 3395 et
1458 3342 1612 3410 cujus
1639 3350 1721 3395 est
1745 3342 1951 3410 justitia
1978 3342 2140 3410 ejus?
2186 3351 2242 3396 et
2271 3345 2392 3412 quis

824 3434 1130 3504 suppeditat
1191 3432 1611 3485 necessitatibus
1688 3432 1936 3499 corporis
2005 3433 2392 3486 consultura?

823 3541 1004 3579 nonne
1032 3526 1171 3579 idem
1205 3525 1367 3587 Deus,
1423 3524 1511 3591 qui
1567 3539 1708 3576 unus
1764 3531 1845 3576 est
1898 3531 1953 3576 et
1984 3525 2130 3578 solus
2158 3526 2180 3576 ἲ
2209 3540 2391 3578 nonne

823 3617 1128 3671 communis
1160 3615 1464 3668 formator?
1506 3630 1684 3668 nonne
1717 3620 1957 3668 omnium
2001 3616 2303 3670 Dominus?
2335 3618 2388 3671 Si

825 3722 953 3760 vero
993 3707 1083 3774 qui
1115 3706 1282 3759 solem
1333 3720 1488 3759 suum
1534 3704 1661 3757 oriri
1711 3704 1840 3758 facit
1897 3720 2060 3774 super
2121 3708 2288 3760 malos
2337 3717 2391 3760 ct

822 3798 1016 3860 bonos,
1051 3806 1104 3850 et
1139 3797 1374 3865 pluviam
1406 3797 1763 3864 superjustos
1792 3807 1846 3849 et
1871 3797 2100 3865 injustos
2131 3798 2386 3863 demittit,

823 3889 966 3942 idem
996 3897 1100 3953 est,
1163 3887 1254 3957 qui
1300 3888 1365 3941 ad
1393 3888 1751 3954 perﬁciendas
1778 3889 2009 3943 virtutes
2041 3903 2141 3942 nos
2173 3890 2226 3942 in
2255 3891 2391 3944 ﬁlios

820 3978 1138 4047 adoptavit;
1189 3978 1277 4030 hic
1307 3992 1435 4031 vero
1469 3987 1549 4031 est
1584 3977 1740 4031 Pater
1780 3987 1982 4043 noster,
2030 3979 2118 4046 qui
2157 3980 2209 4031 in
2240 3981 2390 4034 etelis

820 4080 922 4125 est.
957 4071 1146 4124 Nonne
1196 4071 1543 4125 vehementer
1590 4072 1948 4125 abominanda
1997 4083 2079 4126 est
2119 4083 2391 4142 apostata-

823 4177 940 4215 rum
984 4162 1279 4227 impietas?
1325 4162 1434 4231 Ego
1465 4164 1624 4224 enim,
1689 4163 1865 4230 inquit
1917 4162 2206 4226 Servatur,
2250 4165 2391 4216 vobis

822 4255 938 4306 dico
970 4269 986 4304 :
1013 4253 1224 4322 Ditigite
1256 4254 1493 4305 inimicos
1539 4264 1753 4314 vestros,
1790 4254 2076 4321 benefacite
2127 4256 2242 4306 odio
2271 4271 2393 4320 pro-

822 4340 1144 4407 sequentibus
1170 4356 1252 4390 vos
1283 4340 1345 4390 ⁵³.
1385 4337 1585 4408 Pergit,
1640 4340 1684 4392 si
1718 4349 1990 4406 qrmratur
2033 4356 2279 4408 quaenam
2323 4343 2390 4393 sit

824 4430 1145 4482 obedientiaa
1180 4429 1433 4482 merces?
1477 4430 1538 4484 Ut
1576 4431 1715 4493 ﬁatis
1759 4430 1854 4497 ﬁlii
1905 4430 2082 4482 Patris
2113 4435 2266 4483 vestri
2291 4444 2387 4483 Cte-

826 4523 983 4574 testis.
1037 4521 1169 4585 Quis
1216 4536 1342 4573 vero
1395 4530 1477 4574 est
1522 4521 1682 4575 Pater
1731 4522 2012 4576 caelestis?
2073 4522 2173 4586 Qui
2223 4527 2385 4576 solem
2418 4517 2467 4575 ιι

824 4630 977 4666 suum
1020 4614 1148 4664 oriri
1182 4614 1308 4681 facit
1349 4630 1501 4680 super
1538 4614 1704 4665 malos
1747 4624 1791 4665 et
1841 4617 2029 4676 bonos,
2089 4626 2132 4666 et
2157 4616 2385 4679 pluviam

826 4701 983 4752 mittit
1021 4717 1175 4766 super
1209 4701 1380 4768 justas
1416 4712 1463 4753 et
1513 4702 1754 4765 injustos.
1802 4702 1928 4756 Sitis
1970 4705 2132 4773 igitur
2181 4705 2389 4772 perfecti

825 4809 930 4852 vos,
964 4794 1094 4844 sicut
1126 4792 1282 4844 Pater
1310 4803 1474 4845 vester
1499 4795 1715 4846 cretestis
1743 4796 1999 4862 perfectus
2023 4804 2097 4848 est
2117 4797 2180 4846 "‘.
2209 4795 2391 4848 Perfe-

830 4894 948 4936 ctus
980 4885 1137 4949 igitur
1187 4884 1362 4949 Pater,
1388 4899 1546 4951 quem
1600 4886 1798 4938 imitari
1849 4902 1946 4938 nos
1971 4887 2144 4953 jubet,
2177 4887 2266 4954 qui
2299 4901 2395 4938 na-

834 4982 954 5026 tura
992 4984 1045 5026 et
1070 4972 1256 5038 Filius,
1309 4975 1451 5028 idem
1489 4976 1576 5029 ille
1612 4986 1712 5040 est,
1751 4993 1856 5031 non
1911 4978 2046 5030 alius
2093 4977 2184 5044 qui
2232 4977 2399 5030 solem

829 5068 1094 5121 visibilem
1117 5067 1246 5120 oriri
1273 5068 1422 5127 facit,
1449 5069 1648 5136 quique
1672 5070 1844 5122 lucem
1876 5070 2189 5123 sensibilem
2220 5071 2398 5132 nobis,

832 5162 919 5226 qui
966 5161 1217 5213 sensibus
1256 5161 1484 5227 subjecti
1540 5177 1743 5221 sumus.
1794 5163 2120 5229 suppeditat,
2181 5171 2232 5214 et
2267 5161 2402 5230 pluit

831 5252 1188 5319 superjustos
1227 5262 1282 5304 et
1313 5252 1564 5321 injustos,
1620 5263 1679 5307 ut
1733 5254 1941 5307 fructus
1987 5255 2129 5308 ferre
2182 5265 2236 5307 et
2285 5256 2385 5308 coli

836 5355 974 5393 tcrra
1007 5344 1193 5410 possit,
1233 5353 1416 5411 utque,
1479 5347 1522 5399 si
1572 5346 1698 5414 quid
1757 5348 1824 5398 oh
1864 5348 2170 5399 ariditatem
2219 5347 2282 5399 ad
2313 5347 2398 5398 in-

819 5433 1147 5501 temperiem
1180 5444 1384 5503 vergat,
1437 5450 1550 5500 aer,
1609 5452 1716 5505 quo
1746 5438 1810 5491 ad
1844 5440 2251 5507 respirationem
2292 5440 2400 5490 uti-

838 5539 977 5585 mur,
1008 5539 1106 5592 per
1136 5525 1417 5579 humorem
1458 5527 1654 5595 pluviae
1683 5537 2036 5598 temperetur.
2100 5531 2197 5584 libi
2241 5533 2400 5601 igitur

839 5627 965 5668 sinit
995 5616 1211 5670 nefandi
1247 5618 1318 5670 illi
1358 5617 1568 5686 imperii
1606 5619 1696 5673 Dei
1732 5623 2040 5688 partitores,
2087 5625 2176 5690 qui
2221 5633 2396 5686 terrae,

909 5727 993 5780 “l
1041 5727 1230 5781 Thess.
1281 5746 1330 5792 ν,
1378 5729 1469 5784 25.
1585 5732 1623 5764 ⁸¹
1671 5734 1857 5789 Matth.
1900 5751 1974 5798 γι,
2003 5734 2048 5788 9..

867 5799 885 5820 ⁸
923 5797 1047 5851 ibid.
1101 5798 1187 5860 45,
1223 5799 1292 5852 68

2167 5740 2210 5767 "
2253 5737 2378 5789 ibid.
2425 5737 2493 5789 9‘3

2493 3253 2588 3308 καὶ
2647 3251 2762 3317 τὴν
2807 3249 3199 3313 δικαιοσύνην
3236 3245 3441 3309 αὑτοῦ,
3486 3247 3583 3299 καί
3626 3246 3810 3299 ταῦτα
3858 3246 4057 3299 πάντα

2493 3343 2964 3412 προστεθήσεται
2995 3339 3156 3408 ὑμῖν.
3200 3339 3354 3402 Τίνος
3388 3339 3559 3403 ἐστὶν,
3596 3339 3777 3402 ἄθλιε,
3820 3340 3854 3409 ἡ
3902 3339 4057 3408 βασι-

2492 3425 2740 3489 λείατοῦ
2779 3432 2934 3495 Θεοῦ,
2979 3434 3071 3484 καὶ
3105 3431 3248 3493 τίνος
3292 3432 3324 3498 ἡ
3353 3429 3668 3499 δικαιοσύνη
3721 3430 3922 3494 αὐτοῦ;
3959 3432 4055 3484 καὶ

2492 3532 2575 3592 τίς
2611 3530 2638 3580 6
2671 3525 2982 3594 προστιθεὶς
3010 3524 3194 3575 καὶτὰ
3225 3525 3303 3584 εις
3330 3522 3428 3590 τὴν
3454 3522 3644 3591 χρείαν
3677 3520 3772 3574 τοῦ
3804 3522 4057 3591 σώματος

2493 3619 2844 3689 διαρκῆ;οὐχ
2893 3620 2920 3668 6
2953 3616 3113 3675 αὐτὸς
3148 3614 3278 3676 Θεὸς
3322 3615 3350 3665 6
3393 3608 3471 3675 εἷς
3526 3615 3617 3665 καὶ
3659 3614 3850 3682 μόνοςς
3889 3616 3990 3682 οὐχ
4029 3615 4056 3664 6

2494 3712 2666 3772 κοινὸς
2703 3710 2978 3776 πλάστηςς
3012 3708 3124 3774 Οὐχ
3151 3709 3178 3759 ὁ
3210 3708 3424 3758 πάντων
3451 3706 3781 3776 δημιουργός
3807 3722 3822 3769 ;
3856 3706 3918 3758 Εἰ
3947 3707 4002 3759 δὲ
4031 3709 4058 3758 6

2494 3801 2584 3852 τὸν
2617 3801 2769 3868 ἥλιον
2801 3796 2961 3850 αὑτοῦ
2990 3795 3295 3848 ἀνατέλλων
3333 3796 3424 3845 ἐπὶ
3473 3795 3741 3862 πονηροὺς
3772 3795 3864 3846 καὶ
3915 3797 4055 3862 ἀγα-

2495 3892 2642 3954 θοὺς,
2674 3893 2768 3943 καὶ
2804 3890 3012 3960 βρέχων
3043 3889 3132 3938 ἐπὶ
3158 3888 3398 3949 δικαίους
3438 3887 3530 3937 καὶ
3561 3886 3796 3947 ἀδίκους,
3825 3889 3853 3937 6
3892 3887 4056 3948 αὐτὸς

2492 3989 2639 4039 ἐστιν
2669 3985 2696 4035 6
2724 3986 2818 4036 καὶ
2847 3983 2932 4034 διὰ
2956 3981 3053 4050 τὴν
3087 3981 3364 4032 τελείωσιν
3401 3979 3508 4031 τῶν
3550 3979 3761 4048 ἀρετῶν
3788 3979 4056 4033 υίοθετού-

2496 4096 2654 4146 μενος
2689 4080 2854 4147 ἡμᾶς,
2895 4068 3051 4134 οὗτος
3080 4073 3135 4124 δέ
3169 4074 3314 4124 ἐστιν
3338 4075 3365 4126 6
3389 4072 3575 4140 Πατὴρ
3608 4072 3763 4141 ἡμῶν
3798 4075 3826 4124 6
3855 4075 3911 4124 ἐν
3943 4075 4053 4134 τοῖς

2491 4164 2760 4231 οὐρανοῖς·
2803 4159 2918 4220 πῶς
2967 4159 3086 4227 οὐχὶ
3140 4159 3340 4228 σφόδρα
3407 4158 3695 4227 βδελυκτὸν
3744 4161 3775 4229 ὴ
3830 4161 4054 4212 ἀσέϐεια

2492 4253 2604 4303 τῶν
2634 4249 2985 4312 ἀποστατῶν;
3043 4248 3186 4316 Ἐγὼ
3237 4249 3371 4315 γὰρ,
3416 4250 3579 4318 φησὶν
3609 4251 3635 4299 6
3665 4249 3873 4319 Σωτὴρ,
3915 4251 4058 4318 ὑμῖν

2491 4345 2668 4412 λέγω·
2686 4341 2964 4411 Ἀγαπᾶτε
2980 4342 3120 4406 τοὺς
3138 4341 3388 4408 ἐχθροὺς
3410 4340 3594 4408 ὑμῶν,
3623 4341 3816 4406 καλῶς
3835 4344 4057 4395 ποιεῖτε

2496 4437 2617 4501 τοῖς
2645 4435 2935 4504 μισοῦσιν
2965 4432 3138 4501 ὑμᾶς.
3199 4427 3326 4484 Εἶτα
3382 4433 3473 4483 καὶ
3507 4431 3588 4495 τίς
3616 4433 3644 4484 6
3669 4434 3778 4494 τοῖς
3801 4434 4057 4501 πειθομέ-

2496 4545 2607 4589 νοις
2661 4527 2883 4595 μισθός;
2946 4525 3144 4588 ’Ὅπως
3196 4524 3452 4590 γένησθε
3509 4523 3626 4575 υἱοὶ
3665 4523 3772 4574 τοῦ
3824 4525 4056 4590 Πατρὸις

2496 4617 2660 4685 ὑμῶν
2691 4617 2799 4669 τοῦ
2829 4617 2898 4666 ἑν
2928 4615 3049 4679 τοῖς
3087 4615 3380 4681 οὐρανοῖς.
3440 4613 3598 4666 ’Λλλά
3632 4616 3712 4675 τίς
3743 4616 3770 4665 6
3803 4614 3859 4664 ἐν
3889 4614 4056 4683 οὐρα-

2497 4713 2605 4771 νοῖς
2639 4710 2861 4776 Ιῐατήρς
2906 4708 2968 4758 Ὀ
3009 4707 3115 4757 τὸν
3163 4705 3338 4771 ἣλιον
3366 4705 3551 4758 αὐτοῦ
3584 4705 3930 4758 ἀνατέλλων
3958 4706 4058 4757 ἐπὶ

2497 4800 2790 4865 πονηροὺς
2827 4799 2921 4851 καὶ
2949 4798 3226 4865 ἀγαθοὺς,
3269 4799 3362 4849 καὶ
3394 4797 3634 4863 ,βρέχων
3663 4798 3758 4849 ἐπὶ
3789 4799 4060 4862 δικαίους

2499 4894 2593 4944 καὶ
2645 4892 2911 4956 ἀδίκους.
2962 4892 3221 4941 Ἐσεσθε
3252 4885 3364 4942 οὖν
3409 4889 3576 4956 ὑμεῖς
3621 4889 3855 4950 τέλειοι,
3904 4889 3982 4953 ὡς
4028 4893 4061 4941 o'

2500 4984 2699 5048 Πατὴρ
2743 4981 2910 5050 ὑμῶν
2956 4984 2987 5033 ό
3023 4980 3091 5032 ἐν
3153 4979 3428 5045 οὐρανοῖς
3472 4979 3698 5043 τέλειός
3750 4981 3938 5032 ἐστιν.
4001 4980 4060 5029 ’0

2499 5074 2627 5141 γοῦν
2659 5072 2863 5132 τέλειος
2917 5070 3123 5140 Πατὴρ,
3172 5068 3228 5120 ὃν
3277 5069 3421 5137 ἡμᾶς
3473 5068 3758 5136 μιμεῖσθαι
3821 5069 3849 5118 6
3897 5067 4060 5134 φύσει

2501 5164 2758 5233 παραινεί
2789 5162 2933 5223 Υἱὸς,
2968 5161 3128 5221 αὐτὸς
3158 5152 3307 5221 οὗτος
3341 5161 3510 5218 ἐστιν,
3553 5159 3652 5210 οὐκ
3683 5158 3856 5220 ἄλλος,
3899 5160 3926 5210 6
3965 5161 4060 5208 τὸν

2497 5256 2770 5324 ὁρώμενον
2817 5251 3119 5303 ἀνατέλλων
3153 5251 3330 5319 ἤλιοψ
3384 5251 3478 5301 καὶ
3511 5249 3570 5300 τὸ
3607 5249 3720 5316 φῶς
3773 5251 3901 5316 ἡμῖν
3946 5252 4062 5308 τοῖς

2457 5348 2771 5414 .αίσθητοῖς
2806 5344 2865 5394 τὸ
2919 5342 3174 5411 αἰσθητὴν
3232 5341 3505 5410 χορηγῶν,
3561 5344 3654 5393 καὶ
3703 5341 3907 5410 βρέχων
3965 5341 4060 5390 ἐπὶ

2495 5439 2736 5496 δικαίους
2770 5438 2861 5487 καὶ
2904 5435 3118 5492 ἀδίκους
3141 5472 3154 5492 ,
3189 5433 3277 5482 ἐπὶ
3312 5432 3658 5500 καρπο·ρορίᾳ
3699 5432 3786 5482 καὶ
3814 5431 4058 5498 γεωργίᾳ

2499 5533 2592 5599 τῆς
2629 5530 2730 5596 γῆς
2757 5545 2767 5556 ·
2803 5529 2893 5578 καὶ
2923 5525 2996 5587 ὡς
3035 5524 3121 5586 ἂν,
3155 5526 3204 5575 εί
3243 5541 3293 5574 τι
3333 5525 3467 5592 πρὸς
3503 5523 3768 5590 ἀκρασίαν
3803 5522 4055 5571 ἐπέκλινε

2501 5623 2587 5673 διὰ
2641 5620 2930 5688 ξηρότητα,
2959 5610 3002 5682 ᾧ
3050 5613 3308 5682 χρώμεθα
3359 5614 3493 5682 πρὸς
3523 5613 3814 5680 ἀναπνοὴν,
3858 5613 3886 5662 6
3927 5612 4056 5680 ἀὴρ,

2630 5742 2668 5759 ’λ’
2729 5733 2855 5784 dull.
2939 5741 2976 5761 "
3022 5729 3208 5782 Matth.
3248 5745 3316 5781 \‘L.
3376 5728 3443 5780 3'3
3545 5729 3585 5759 ”
3618 5727 3781 5780 Multi!
3858 5744 3880 5772 ·.·
3977 5729 4058 5779 ιι.
