4222 6432
207 413 306 477 105

1225 411 1517 470 CONTRA
1559 405 2010 467 MANICILEOS
2050 410 2273 469 LIBER
2321 413 2396 472 [Ι.

3310 417 3409 482 106

199 533 286 581 ξιὰ
315 531 410 597 τῆς
441 529 546 582 ἀπὸ
566 528 671 580 τῶν
707 525 877 579 ύετῶν
916 523 1112 586 νοτίδος
1141 524 1276 594 προς
1318 523 1617 592 εὐκρασίαν
1669 523 1759 572 ἐπ·
1790 519 1866 577 Λ;

1740 549 1759 558 -
1790 519 1838 577 Λ
1863 522 2022 586 aeris,
2051 523 2375 591 pluviarum,
2405 524 2551 587 solis,
2589 526 2924 596 aliorumque
2954 528 3217 596 ejusmodi
3244 530 3407 584 alium

201 621 432 689 αναχοῇ.
462 619 568 672 Ποῦ
597 618 777 669 τοίνυν
819 616 956 667 εἰσὶν
982 616 1028 666 οἱ
1062 614 1156 682 τῆς
1187 614 1480 682 ἀμερίστου
1507 611 1597 663 τοῦ
1622 610 1756 662 Θεοῦ

203 711 479 779 βασιλείας
504 710 759 777 ἔκϐεσμοι
793 707 1064 775 μερισταὶ,
1099 707 1144 757 οἱ
1171 704 1270 771 τῆς
1300 709 1397 772 γῆς
1428 703 1526 771 μὲν
1548 704 1637 755 καὶ
1665 702 1755 753 τοῦ

1860 612 2067 682 ﬁngunt
2119 615 2469 678 conditorem,
2530 617 2690 669 alium
2743 633 2871 672 vero
2922 632 3127 684 eorum,
3183 637 3302 691 quae
3355 623 3408 675 in

1859 705 2027 756 classe
2052 715 2105 757 et
2134 706 2322 759 ordine
2351 723 2529 759 rerum
2561 708 2971 778 intelligibilium
2998 709 3173 764 locum
3201 723 3404 767 tenent.

202 805 384 871 ἀέρος,
413 802 642 853 καὶτῶν
682 800 870 859 ὑετῶν,
903 798 992 849 καὶ
1039 796 1128 848 τοῦ
1185 796 1358 865 ἡλίου,
1405 796 1500 846 καὶ
1568 794 1674 846 τῶν
1719 796 2045 864 δμοστοίχων
2100 797 2284 867 ἓτερον
2346 799 2778 862 ἀναπλάττοντες
2839 803 3201 871 δημιουργὸν,
3253 806 3406 857 ἄλλον

198 895 252 944 δὲ
287 893 394 944 τῶν
425 893 502 944 ἔτι
534 892 680 960 παρὰ
715 891 885 942 ταῦτα
934 888 1028 959 τὴν
1070 888 1178 940 τῶν
1219 887 1423 954 νοητῶν
1458 887 1640 956 ἐπέχει
1675 887 1749 955 (5)
1792 888 1979 953 τάξιν;

274 991 380 1038 lA'.
432 989 502 1039 Σὺ
535 987 587 1037 δέ
623 1003 710 1055 μοι
740 987 930 1036 σκόπει
975 981 1250 1034 καὶτοῦτο
1275 999 1288 1012 ο
1343 984 1402 1034 Εἰ
1450 983 1637 1052 θρόνον
1666 983 1758 1033 τοῦ

200 1077 338 1130 θεοῦ
367 1078 456 1128 τὸν
479 1075 704 1144 οὐρανὸν
738 1073 888 1126 καλεί
919 1072 946 1123 ό
976 1072 1173 1141 μᾶλλον
1204 1071 1310 1123 τῶν
1334 1071 1505 1124 ἄλλων
1533 1073 1622 1123 τὸν
1655 1072 1760 1123 Πα-

200 1170 338 1236 τέρα
384 1168 477 1218 καὶ
518 1167 584 1216 τὰ
627 1165 721 1216 τοῦ
760 1164 972 1232 Πατρὸς
1029 1160 1202 1225 εἰδὼς,
1233 1163 1518 1215 ὑποπόδιον
1559 1162 1615 1215 δὲ
1665 1162 1759 1230 τὴν

202 1259 327 1324 γῆν,
378 1257 472 1308 καὶ
534 1255 685 1306 πόλιν
737 1253 898 1306 αὑτοῦ
951 1254 1017 1303 τὰ
1063 1253 1438 1323 Ἱεροσόλυμα,
1503 1253 1619 1315 πῶς
1663 1255 1760 1305 οὐκ

207 1347 449 1415 ἐσχάτης
481 1346 756 1409 ἀσεϐείας,
801 1339 875 1396 ὧν
909 1345 1115 1413 μάρτυς
1161 1347 1189 1396 ὁ
1219 1345 1362 1408 Υἱὸς,
1406 1344 1580 1397 ταῦτά
1609 1361 1760 1406 τινας

200 1438 559 1507 περικόπτειν
604 1436 790 1500 αὑτοῦ,
835 1437 926 1487 καὶ
983 1437 1167 1505 ἕτερον
1209 1437 1313 1487 τῶν
1359 1436 1757 1504 περικοπέντων

203 1531 382 1580 ποιεῖν
411 1527 675 1594 ποιητήν;
719 1527 777 1577 Ὀ
806 1527 911 1594 γὰρ
943 1528 1118 1578 πάντα
1151 1526 1282 1595 πρὸς
1316 1527 1757 1597 σωτηρίανὴμῶν

202 1623 296 1671 καὶ
335 1621 585 1688 πράττων
626 1620 718 1670 καί⁸
769 1618 1051 1687 παραινῶν
1112 1618 1342 1685 Χριστὸς
1395 1618 1421 1668 ὁ
1460 1617 1612 1680 Θεὸς,
1665 1618 1756 1669 τὸν

1927 983 2011 1036 ΧΙ.
2056 982 2133 1036 Tu
2166 999 2294 1038 vero
2327 994 2382 1037 et
2421 986 2523 1039 hoc
2562 988 2690 1040 mihi
2725 990 3006 1054 expende:
3058 989 3112 1046 Si
3149 992 3402 1046 thronmn

1860 1073 1949 1126 Dei
1983 1075 2174 1128 cmlum
2204 1076 2436 1144 appellat
2462 1077 2525 1142 is,
2549 1079 2638 1146 qui
2673 1095 2781 1147 prae
2806 1080 2922 1134 aliis
2949 1081 3180 1147 Patrem,
3212 1095 3404 1154 etqua:

1856 1165 2030 1218 Patris
2065 1176 2211 1230 sunt,
2244 1167 2411 1229 novit,
2458 1178 2653 1222 terram
2686 1172 2998 1232 scabellum,
3051 1182 3106 1226 et
3152 1175 3404 1230 llieroso-

1857 1257 1994 1325 lyma
2069 1258 2340 1312 civitatem
2393 1261 2544 1326 ejus,
2597 1277 2775 1314 nonne
2819 1266 3060 1318 maximae
3119 1265 3406 1336 impietatis

1858 1359 2233 1417 argumentum
2294 1360 2413 1412 est,
2473 1370 2554 1417 ca,
2614 1371 2838 1422 quorum
2893 1356 3032 1409 lilius
3088 1361 3237 1412 testis
3296 1371 3401 1422 est.

1856 1438 2116 1504 quosdam
2164 1439 2260 1507 ipsi
2315 1443 2704 1508 praescindere,
2747 1455 2800 1498 et
2832 1461 3038 1512 eorum,
3092 1465 3208 1516 qua:
3273 1467 3405 1519 pra:-

1858 1537 2002 1594 repta
2051 1540 2210 1590 sunt,
2264 1529 2424 1583 alium
2476 1534 2754 1586 venditare
2788 1546 3058 1588 auctorem
3083 1539 3116 1588 ?-
3156 1539 3405 1595 Christus

1859 1619 2000 1670 enim
2035 1619 2192 1681 Deus,
2227 1621 2316 1688 qui
2345 1622 2521 1673 omnia
2555 1623 2620 1675 ad
2652 1625 2874 1676 salutem
2904 1636 3141 1680 nostram
3175 1639 3227 1681 et
3254 1629 3400 1693 facit,

201 1714 364 1779 ορκον
393 1709 468 1770 ὡς
495 1710 621 1760 ὂντα
651 1708 748 1775 τῆς
779 1709 1064 1777 ἐπιορκίας
1087 1707 1260 1775 πύλην
1293 1710 1389 1775 τῆς
1412 1707 1756 1775 ἀνθρωπίνης
1790 1748 1828 1804 Β
1861 1726 1868 1755 t

1737 1725 1756 1767 ;
1790 1748 1828 1804 Β
1861 1715 1914 1757 et
1956 1717 2139 1760 mouet
2168 1749 2180 1768 ,
2223 1709 2639 1775 jusjurandum,
2697 1721 2945 1780 tauquam
2998 1717 3217 1783 perjurii
3263 1718 3404 1773 inter

197 1801 505 1852 ἀποκλείων
553 1800 844 1860 πολιτείας,
892 1799 1082 1867 φησίν·
1123 1799 1268 1866 Ἐγὼ
1309 1798 1374 1850 δὲ
1415 1799 1566 1867 λέγω
1594 1798 1752 1865 ὑμῖν,

196 1892 281 1956 μὴ
329 1891 541 1958 ὀμόσαι
583 1889 754 1952 ὅλως,
782 1888 931 1956 μήτε
959 1890 1025 1938 ἐν
1054 1887 1130 1950 τῷ
1155 1886 1405 1954 οὐρανῷ,
1436 1888 1522 1938 ὅτι
1550 1888 1757 1953 θρόνος

197 1982 336 2034 ἐστὶ
368 1980 475 2032 τοῦ
527 1979 693 2040 Θεοῦ,
725 1978 873 2047 μήτε
931 1979 998 2030 ἐν
1032 1977 1102 2044 τῇ
1145 1977 1238 2046 τῇ,
1286 1977 1374 2029 ὅτι
1430 1977 1758 2030 ὑποπόδιον

201 2070 322 2122 τῶν
361 2067 562 2122 ποδῶν
605 2068 789 2121 αὑτοῦ
817 2069 981 2120 ἐστι’
1017 2067 1167 2135 μήτε
1215 2071 1300 2133 εἰς
1351 2067 1752 2136 Ἱεροσόλυμα,

201 2161 290 2212 ὅτι
321 2163 496 2224 πόλις
525 2159 657 2210 ἐστὶ
683 2159 785 2211 τοῦ
802 2159 1109 2224 ,ϐασιλέως
1134 2157 1238 2211 τοῦ
1267 2159 1550 2226 μεγάλου.
1600 2159 1756 2211 Ἀλλὰ

204 2252 344 2320 μηδὲ
379 2254 436 2301 ἐν
459 2253 521 2318 τῇ
554 2249 762 2319 κειραλῇ
802 2267 917 2314 σου,
948 2251 1132 2318 φησὶν,
1167 2253 1246 2302 ὅτι
1275 2251 1334 2302 οὐ
1362 2249 1581 2303 δύνασαι
1606 2251 1756 2318 ποιῆ-

205 2359 296 2394 σαι
331 2341 390 2405 ἐξ
432 2342 596 2408 αὐτῆς
641 2340 840 2409 λευκὴν
884 2342 1106 2411 τρίχαῆ
1152 2342 1443 2410 μέλαιναν·
1497 2342 1754 2409 κεφαλὴν,

203 2433 299 2482 καὶ
338 2431 706 2499 Ἱεροσόλυμα,
740 2433 833 2483 καὶ
854 2434 977 2500 γῆν,
1011 2432 1100 2482 καὶ
1131 2431 1378 2499 οὐρανὸν,
1409 2430 1477 2482 τὰ
1506 2430 1753 2499 αἰσθητὰ,

204 2529 270 2577 τὰ
301 2523 423 2592 ὄψει
449 2523 757 2592 κρινόμενα,
781 2523 973 2590 λέγων,
1001 2523 1034 2576 ἂ
1065 2525 1174 2585 τοῖς
1221 2523 1489 2584 Ἰουδαίοις
1538 2523 1654 2585 ἔθος
1691 2519 1756 2591 ἦν

203 2616 368 2681 ὅρκον
419 2611 684 2662 ποιεῖσθαι
737 2611 832 2679 (6).
878 2613 1025 2681 Μηδὲ
1079 2612 1237 2664 πάλιν
1281 2613 1358 2672 είς
1415 2612 1616 2681 μύθους
1666 2614 1757 2664 καὶ

205 2705 404 2773 λήρους
449 2702 545 2771 τὴν
597 2702 854 2770 κεφαλὴν,
888 2705 979 2753 καὶ
1022 2701 1088 2754 τὰ
1123 2701 1484 2771 Ἱεροσόλυμα,
1533 2704 1622 2754 καὶ
1662 2703 1758 2770 τὴν

208 2795 331 2862 γῆν,
368 2794 463 2842 καὶ
489 2793 576 2842 τὸν
612 2792 840 2860 οὐρανὸν
869 2793 900 2858 ἡ
939 2793 1100 2859 μανία
1136 2793 1491 2861 παρατρέποι.
1527 2793 1629 2858 Τὸν
1653 2794 1759 2859 γὰρ

205 2884 484 2953 ὁρώμενον
539 2883 786 2949 οὐρανὸν,
821 2883 914 2933 καὶ
949 2882 1046 2952 τὴν
1091 2881 1352 2950 αἰσθητὴν
1399 2883 1522 2950 γῆν,
1564 2885 1658 2936 καὶ
1694 2886 1758 2936 τὰ

217 2973 582 3041 4εροσόλυμα,
618 2972 652 3024 ἃ
696 2971 862 3022 πάλαι
921 2972 1016 3040 μὲν
1057 2971 1401 3040 ᾠκοδόμητο,
1446 2975 1656 3040 γενεαῖς
1703 2975 1757 3025 δὲ

1860 1796 2105 1849 homines
2139 1808 2362 1865 portam,
2413 1801 2464 1852 in
2515 1801 2654 1852 civili
2706 1803 2956 1855 societate
2983 1807 3259 1871 claudens,
3289 1811 3400 1864 ait:

1859 1886 1967 1955 Ego
2001 1905 2116 1940 vero
2150 1891 2263 1941 dico
2287 1891 2425 1942 vobis
2456 1909 2472 1944 :
2516 1889 2597 1944 Ne
2623 1893 2813 1959 juretis
2856 1898 3082 1959 omnino,
3125 1915 3286 1962 neque
3313 1919 3403 1968 per

1857 1977 2057 2042 malum,
2103 1981 2222 2049 quia
2289 1982 2498 2033 thronus
2543 1993 2616 2034 est
2669 1983 2806 2046 Dei;
2856 2001 3015 2053 neque
3052 2004 3142 2052 per
3185 1999 3400 2054 terram,

1856 2070 1978 2136 quia
2018 2070 2295 2122 scabellum
2333 2081 2403 2122 cst
2438 2073 2625 2135 pedum
2684 2073 2828 2140 ejus;
2880 2091 3037 2143 neque
3090 2094 3179 2143 per
3214 2077 3402 2131 Hiero-

1853 2158 2071 2226 solyma,
2127 2161 2248 2227 quia
2286 2161 2469 2213 civitas
2503 2171 2578 2213 est
2619 2166 2749 2231 regis
2781 2167 2956 2232 magni
2983 2167 3044 2218 ‘7.
3091 2167 3193 2220 Sed
3227 2184 3402 2238 neque

1855 2265 1951 2317 per
1979 2260 2139 2317 caput
2171 2261 2341 2315 tuum,
2411 2253 2577 2314 addit,
2633 2255 2758 2321 quia
2790 2272 2894 2307 non
2920 2266 3072 2324 potes
3101 2261 3402 2327 producere

1854 2356 1919 2394 ex
1951 2356 2011 2394 ea
2042 2343 2289 2410 capillum
2325 2344 2501 2397 album
2526 2354 2616 2398 aut
2647 2348 2875 2416 nigrum.
2904 2347 3097 2418 Caput,
3130 2361 3182 2405 et
3209 2352 3403 2408 lliero-

1854 2433 2078 2502 solyma,
2146 2443 2196 2487 ct
2253 2445 2472 2500 terram,
2539 2445 2592 2490 et
2650 2439 2843 2491 coelum
2887 2441 3134 2495 sensibus
3185 2445 3402 2498 et-visu

1855 2517 2209 2588 dignoscenda
2238 2523 2322 2574 hic
2351 2533 2630 2587 memorat,
2692 2541 2788 2594 per
2839 2543 2957 2595 quat
3007 2527 3172 2584 Judaei
3221 2533 3405 2600 jurare

1855 2623 2268 2668 consueverant.
2315 2615 2510 2670 Caveat
2544 2634 2671 2670 vero
2716 2619 2815 2673 sibi
2865 2620 3051 2675 insana
3083 2625 3295 2687 cohors.
3337 2642 3406 2681 ne

1858 2701 2035 2754 denuo
2077 2704 2131 2755 in
2163 2703 2365 2758 fabulas
2418 2717 2469 2760 et
2507 2724 2671 2778 nugas
2704 2723 2881 2779 caput,
2933 2723 2983 2766 et
3017 2715 3404 2786 Hierosolyma,

1860 2801 1910 2844 et
1946 2802 2140 2846 terram
2177 2805 2230 2847 et
2257 2798 2449 2850 coelum
2486 2813 2782 2855 convertat.
2813 2803 3018 2857 Caelum
3059 2809 3224 2870 enim,
3264 2813 3405 2878 quod

1859 2884 2277 2951 conspicitur,et
2314 2896 2506 2942 terram
2539 2907 2656 2958 quae
2684 2895 2934 2961 sentitur,
2958 2904 3011 2947 et
3042 2895 3406 2970 Hierosolyma

1862 2975 2045 3026 urbem
2099 2976 2225 3028 olim
2288 2980 2500 3046 quidem
2562 2993 2917 3049 exstructam,
2976 2988 3177 3058 aliquot
3226 3004 3405 3046 autem

210 3064 437 3133 ὕστερον
463 3066 490 3114 ὀ
522 3063 686 3114 Δαϐὶδ
715 3063 1052 3129 ἀνοικοδομεῖ
1087 3063 1180 3114 καὶ
1208 3063 1411 3126 πολίζει
1436 3080 1450 3094 '
1480 3065 1649 3116 ταῦτα
1671 3065 1760 3115 τὸν
1784 3075 1827 3136 C
1862 3079 1877 3116 ε

1736 3075 1827 3136 vc
1862 3066 2070 3119 saeculis
2124 3079 2238 3135 post
2298 3086 2324 3122 a
2373 3070 2570 3127 Dat-ide
2623 3077 3016 3143 rerediﬁcatam,
3069 3096 3128 3134 ea
3165 3082 3403 3151 inquam,

211 3149 308 3216 μὲν
341 3151 529 3216 (θρόνον
560 3150 734 3209 καλεῖ,
771 3150 868 3216 τὴν
916 3149 972 3200 δὲ
1017 3151 1337 3215 ὑποπόδιον,
1381 3151 1448 3202 τὰ
1497 3152 1551 3204 δὲ
1608 3153 1759 3205 πόλιν

206 3239 296 3290 τοῦ
335 3239 574 3308 μεγάλου
609 3238 887 3308 βασιλέως.
917 3241 1076 3293 Ποίου
1111 3240 1406 3310 βασιλέωςζ
1449 3244 1608 3305 αὑτδς
1645 3246 1759 3297 ἑτέ-

210 3329 342 3395 ρωθι
376 3330 706 3397 σαφέστερον
752 3329 1092 3392 ἐκδιδάσκει,
1139 3331 1235 3397 Μὴ
1279 3331 1514 3396 ποιεῖτε,
1563 3335 1754 3401 λέγων,

205 3421 311 3472 τὸν
338 3415 510 3472 οἶκον
542 3420 645 3472 τοῦ
698 3422 925 3486 Πατρός
973 3438 1090 3487 μου
1137 3418 1302 3473 οἷκον
1341 3423 1642 3490 ἐμπορίου,
1670 3425 1758 3476 τὸν

204 3515 261 3561 ἐν
305 3511 698 3578 Ἰεροσολύμοις
739 3513 860 3561 ναὸν
890 3512 982 3562 τοῦ
1021 3513 1229 3580 Πατρός
1275 3509 1421 3564 οἷκον
1452 3517 1759 3583 ἀποσεμνύ-

203 3619 309 3652 νων
333 3617 345 3628 ·
377 3600 442 3651 δι’
463 3600 522 3651 ὃν
577 3603 669 3652 καὶ
711 3604 777 3652 τὰ
810 3601 1159 3671 Ἰεροσόλυμα
1185 3603 1274 3654 τοῦ
1313 3604 1571 3672 βασιλέως
1609 3607 1758 3657 πόλιν

202 3692 382 3743 καλεῖ.
417 3693 512 3742 Ὃν
560 3691 666 3759 γὰρ
710 3695 766 3743 ὲν
793 3695 858 3761 τῇ
909 3693 1014 3745 τῶν
1043 3694 1219 3765 ὅρκων
1249 3696 1611 3765 ἀπαγορεύσει
1661 3697 1758 3766 μέ-

202 3799 308 3847 γαν
340 3783 530 3832 ἀνεῖπε
581 3781 832 3849 βασιλέα,
885 3783 1115 3834 ἐνταῦθα
1159 3785 1378 3854 Πατ⁶έρα
1431 3787 1562 3838 ῐδιον
1611 3788 1757 3848 ἐθεα-

199 3869 375 3934 λόγει.
439 3869 530 3919 Διὸ
586 3870 678 3920 καὶ
728 3871 854 3932 τοὺς
910 3870 1219 3934 πωλοῦντας
1250 3875 1347 3936 τὰς
1387 3875 1512 3943 βόας
1550 3877 1642 3928 καὶ
1690 3877 1758 3929 τὰ

204 3958 488 4026 πρόϐατα.
551 3959 643 4010 καὶ
713 3959 810 4022 τὰς
889 3963 1248 4030 περιστερὰς,
1319 3968 1417 4032 τὴν
1488 3970 1757 4038 πατρικὴν

203 4050 385 4100 οἰκίαν
430 4049 530 4116 τῆς
604 4051 907 4120 ἑμπορικῆς
967 4053 1240 4124 καθαίρων
1312 4059 1591 4125 παροινίας
1654 4061 1757 4110 ἀπ-

204 4142 421 4192 ελαύνει
442 4159 453 4169 ·
490 4143 582 4192 καὶ
620 4143 716 4210 τὴν
749 4143 960 4195 δικαίαν
991 4146 1173 4207 αὺτοῖς
1201 4148 1368 4217 ὀργὴν
1404 4152 1642 4203 ἀπειλεῖ·
1672 4147 1756 4205 οἷα

204 4233 271 4300 δὴ
298 4237 714 4301 καταφρονητᾶς
749 4235 920 4303 εὑρὼν
951 4238 1158 4289 καὶτοῦ
1200 4243 1461 4309 πατρικοῦ
1492 4244 1636 4295 οἴκου
1666 4246 1756 4296 καὶ

205 4328 303 4392 τῆς
364 4325 632 4392 πατρικῆς
666 4325 900 4392 ἐντολῆς.
939 4328 1119 4396 Χωρ“ις
1162 4329 1217 4379 δὲ
1265 4331 1374 4382 τῶν
1416 4334 1751 4401 εἰρημένων,

1861 3156 2134 3223 thronum,
2167 3161 2454 3214 scabellum
2487 3174 2541 3217 et
2573 3166 2757 3218 urbem
2790 3170 2965 3239 magni
2994 3174 3132 3241 regis
3154 3175 3404 3243 appellat.

1858 3245 2025 3314 Cujus
2055 3257 2231 3301 autem
2261 3252 2432 3320 regis?
2481 3255 2558 3306 sic
2603 3255 2718 3322 ipse
2765 3258 2886 3311 alibi
2921 3261 3118 3316 clarius
3165 3265 3354 3319 edocet
3389 3284 3403 3320 :

1858 3337 1935 3390 Ne
1976 3341 2203 3408 faciatis.
2238 3341 2428 3409 inquit,
2461 3345 2666 3396 domum
2703 3346 2877 3400 Patris
2907 3353 3003 3401 mei
3029 3353 3236 3406 domum
3273 3373 3408 3408 mm-

1857 3431 2161 3495 dinationis,
2202 3433 2246 3463 ⁸⁸
2301 3435 2555 3502 templum
2612 3438 2815 3491 scilicet
2865 3439 3405 3515 llierosolymitanum

1855 3520 2071 3573 domum
2107 3522 2276 3575 Patris
2312 3525 2605 3591 appellans.
2649 3540 2866 3596 propter
2890 3534 3031 3599 quod
3067 3547 3121 3587 et
3155 3535 3408 3593 Hieroso-

1857 3611 1997 3680 lyma
2048 3614 2189 3680 regis
2239 3615 2426 3668 urbem
2478 3631 2650 3671 vocat.
2699 3618 2866 3684 Quem
2895 3624 3039 3676 enim
3070 3626 3119 3678 iu
3161 3629 3405 3696 prohibi-

1856 3703 2000 3756 tione
2048 3705 2400 3772 jurisjurandi
2457 3723 2711 3778 magnum
2783 3718 3151 3781 pronuntiavit
3201 3737 3399 3789 regem,

1856 3809 1979 3859 eum
2027 3793 2113 3850 hic
2164 3797 2372 3851 Patrem
2430 3816 2585 3853 suum
2632 3809 2686 3856 et
2734 3804 2892 3859 simul
2939 3809 3105 3863 Deum
3151 3815 3399 3881 appellat.

1855 3883 1978 3937 Ideo
2016 3894 2070 3939 et
2130 3889 2423 3942 vendentes
2468 3891 2632 3945 boves
2673 3903 2726 3947 et
2781 3911 2908 3950 oves
2948 3908 3002 3951 et
3051 3902 3324 3957 columbas
3372 3921 3404 3958 a

1856 3986 2074 4043 paterna
2097 3978 2274 4044 domo,
2309 3983 2562 4050 castigata
2595 3989 2865 4039 mercandi
2896 3989 3199 4056 insolentia,
3234 4006 3398 4059 arcet,

1850 4065 2154 4133 justamque
2199 4068 2299 4122 illis
2339 4071 2469 4122 iram
2515 4075 2892 4140 comminatur,
2935 4095 3066 4146 quos
3102 4085 3306 4138 scilicet
3351 4099 3401 4139 tt

1856 4167 2087 4225 paterna:
2109 4159 2298 4212 domus
2322 4170 2374 4213 et
2409 4167 2614 4230 paterni
2641 4170 2889 4236 praecepti
2915 4183 3309 4242 contemptores
3324 4179 3396 4229 vi-

1855 4247 2032 4300 debat.
2095 4250 2229 4312 Quid
2283 4264 2538 4319 prazterea
2583 4256 2779 4320 dicent,
2829 4260 2870 4312 si
2905 4262 3132 4328 primum
3188 4268 3398 4333 quidem

1855 4335 2039 4402 David,
2069 4357 2095 4391 a
2131 4340 2329 4408 Spiritu
2359 4354 2544 4396 sancto
2573 4355 2740 4407 actus,
2768 4348 2958 4402 deinde
2983 4366 3107 4404 vero
3129 4354 3286 4406 etiam
3315 4358 3398 4409 di-

203 4418 252 4467 εί
301 4415 568 4484 πρότερον
628 4415 725 4482 μὲν
759 4417 863 4468 ὑπὸ
899 4418 992 4468 τοῦ
1025 4421 1288 4486 παναγίου
1318 4424 1631 4490 Πνεύματος
1653 4427 1749 4495 ὲμ-
1778 4417 1830 4474 D
1857 4446 1870 4479 γ

1729 4457 1749 4468 -
1778 4417 1830 4474 D
1857 4429 2011 4482 vinus
2035 4429 2231 4484 Paulus
2249 4432 2389 4484 clara
2409 4449 2538 4487 voce
2555 4436 2820 4500 clamavit,
2851 4443 2991 4508 quod
3024 4443 3162 4498 Deus
3193 4460 3220 4497 a
3254 4445 3396 4501 Mose

203 4506 497 4573 πνεόμενος
543 4509 568 4557 ὸ
605 4506 798 4571 Δαὸὶδ,
839 4506 1059 4579 ὕστερον
1101 4511 1152 4562 δὲ
1190 4514 1281 4563 καὶ
1313 4514 1340 4564 ὁ
1374 4513 1510 4576 θεῖος
1549 4514 1755 4578 Παῦλος

202 4597 434 4663 λαμπρᾷ
469 4597 794 4665 διακέκραγε
827 4602 890 4666 τῇ
933 4604 1117 4669 φωνῇ·
1165 4603 1239 4664 ὡς
1283 4605 1311 4654 ὁ
1360 4608 1754 4674 κηρυττόμενος

205 4687 311 4738 ὑπὸ
359 4689 596 4747 Μωσέως
623 4688 775 4751 Θεὸς,
814 4691 948 4759 πρὸς
989 4692 1078 4743 τὸν
1113 4693 1314 4762 Κύριον
1354 4697 1510 4764 ἡμῶν
1551 4699 1753 4768 Ἰησοῦν

1852 4521 2168 4588 praedicatus
2220 4523 2284 4576 ad
2317 4523 2597 4579 Dominum
2631 4538 2868 4584 nostrum
2920 4531 3099 4588 Jesum
3126 4537 3394 4594 Christum

1851 4614 2024 4682 inquit
2061 4632 2072 4668 :
2126 4616 2190 4668 ad
2227 4615 2566 4671 Servatorem
2611 4622 2752 4674 enim
2803 4633 3042 4677 nostrum
3089 4627 3302 4688 Paulus.
3329 4631 3394 4683 ad

1850 4703 2103 4773 Hebrmos
2137 4708 2398 4769 scribens,
2439 4708 2611 4763 Patris
2656 4716 3024 4769 accommodat
3066 4733 3249 4772 vocem
3302 4737 3398 4788 per

211 4777 451 4846 Χριστὸν
477 4778 641 4845 λέγει.
670 4779 756 4847 Τῷ
782 4781 987 4850 Σωτῆρι
1013 4783 1119 4852 γὰρ
1147 4784 1301 4852 ἡμῶν
1327 4789 1354 4838 ὀ
1389 4787 1595 4851 Παῦλος
1617 4792 1750 4859 πρὸς
1815 4788 1878 4846 Ἴ

1733 4810 1750 4854 ;
1815 4788 2105 4849 "Davidem
2127 4799 2533 4864 praenuntiatum
2565 4818 2575 4851 :
2616 4801 2933 4857 Filiasmeus
2953 4823 3003 4858 es
3027 4817 3101 4869 tu,
3134 4825 3222 4876 ego
3253 4811 3400 4863 laodie

216 4867 500 4927 Ἰουδαίους
534 4870 783 4934 γράφων,
833 4871 932 4938 τὴν
976 4875 1243 4942 πατρικὴν
1273 4875 1497 4943 ἁρμόζει
1539 4882 1748 4947 φωνὴν,

201 4956 300 5026 τὴν
326 4957 411 5009 διὰ
441 4957 532 5008 τοῦ
557 4959 715 5010 Δαὸιδ
742 4961 1226 5029 προφητευοεῖσαν.
1269 4967 1397 5028 Υἱός
1421 4985 1537 5033 μου
1567 4966 1624 5022 εἷ
1649 4971 1750 5034 σὺ,

274 5092 320 5124 ⁵⁷
401 5093 588 5150 Matth.
639 5113 689 5159 v,
731 5097 819 5151 54.
899 5099 941 5128 ⁸⁸
979 5097 1133 5153 Joan.
1166 5118 1222 5166 ιι,
1259 5102 1342 5155 16.

1420 5106 1463 5135 ⁶⁹
1497 5106 1659 5164 Hebr.
1701 5112 1740 5175 Ι,
1773 5113 1823 5166 5.

1857 4887 2009 4953 genui
2029 4898 2092 4938 te.
2130 4887 2432 4958 lterumque
2472 4892 2599 4944 alibi
2635 4894 2783 4961 :Ego
2822 4911 2908 4947 ero
2942 4898 3033 4949 tibi
3062 4900 3114 4950 iu
3152 4898 3393 4962 Patrem,

1858 4986 1904 5028 et
1960 4979 2065 5044 ipse
2112 4980 2347 5032 eritmihi
2389 4982 2442 5033 in
2492 4983 2661 5050 ﬁlium
2698 4986 2759 5038 “.
2793 4986 2964 5039 Item:
3008 4989 3071 5041 Et
3109 4991 3396 5044 adorabunt

1255 5275 1488 5330 VARUE
1521 5279 1895 5338 LECTIONES
1939 5286 2024 5338 ET
2053 5287 2276 5340 NOTIE.

274 5424 366 5496 (5),
406 5423 992 5496 Ἐπέκειηίιοεεηᾶιιπι
1019 5424 1198 5485 fuerit,
1226 5428 1278 5481 vi
1309 5433 1746 5496 constructionis,

202 5494 542 5561 ἐπεχόντων,
577 5493 676 5546 nisi
709 5495 790 5570 τὸ,
830 5495 908 5570 ξτι
949 5495 1196 5570 proxime
1223 5501 1576 5570 anteet-dens,
1609 5493 1750 5570 quod

205 5563 293 5615 hic
320 5565 495 5614 locum
527 5578 634 5614 non
658 5563 945 5616 admodum
977 5564 1113 5617 tueri
1149 5566 1381 5632 videtur,
1417 5585 1538 5623 cum
1562 5563 1749 5641 dper-

199 5633 521 5684 mutandum
553 5647 790 5684 censeas.

271 5702 348 5769 (6)
383 5703 626 5778 ὀἶορκον-
657 5701 969 5778 φοβεῖσθαι.
1026 5701 1099 5755 De
1149 5704 1236 5778 his
1265 5705 1489 5778 aliisque
1526 5709 1746 5778 jurandi

199 5769 468 5835 fortitulis,
490 5773 627 5838 apud
651 5771 861 5823 Jutlmos
885 5781 1010 5824 tunc
1042 5774 1292 5855 receptis,
1314 5769 1427 5844 lege
1451 5769 1590 5847 post,
1618 5781 1740 5837 Joh.

516 5863 780 5920 Parnm.
827 5862 939 5922 Gn.
987 5865 1112 5924 L‘ll.

1846 5578 1971 5631 driis
2011 5579 2166 5631 Ilebr.
2211 5597 2268 5638 ιι,
2324 5583 2405 5640 ti,

1851 5437 2180 5511 Lightfotum
2210 5441 2272 5493 ad
2321 5442 2481 5496 istum
2513 5442 2741 5498 Matthxi
2790 5447 2985 5507 locum.
3036 5447 3390 5511 Buxtorfuun,

1850 5509 2125 5587 ipieqico
2154 5510 2454 5587 Rabbiuico,
2486 5513 2578 5587 [οι.
2611 5516 2777 5587 2514;
2811 5517 3118 5587 Seldenum,
3153 5520 3220 5570 De
3242 5509 3393 5587 syria?

2432 5580 2512 5649 §7
2543 5600 2557 5647 ;
2612 5595 2665 5637 et
2698 5586 2940 5651 inprimis
2978 5587 3062 5640 Jo.
3099 5580 3389 5642 Friederic.

1847 5644 2119 5724 Miegium,
2158 5649 2394 5724 inﬁmis
2423 5644 2486 5703 ad
2533 5644 2870 5712 Maimonidis
2919 5666 3072 5712 tract.
3124 5657 3201 5710 De
3234 5659 3391 5724 jura—

1846 5718 2055 5783 mcntis,
2099 5734 2152 5787 p.
2180 5719 2300 5784 1'22,
2333 5735 2483 5789 seqq.
