4222 6432
750 379 846 442 107

1861 371 2119 445 ΡΠΟἹἸΙ
2159 368 2660 430 ΡΑΤΒῘΑΠΟΠΑΞ
2697 367 2804 425 CP.

3865 365 3965 426 108

745 495 914 560 ipsum
973 501 1146 540 omnes
1187 485 1368 554 Angeli
1419 481 1517 536 Dei
1563 481 1630 535 '°.
1663 481 1728 534 Et
1767 497 1778 533 :
1835 479 2065 534 Tltronus
2113 491 2306 543 tuus,o
2335 481 2412 537 Α.

2298 497 2306 527 ι
2335 481 2382 537 Α
2406 477 2521 547 ἐγὼ
2543 476 2805 545 σήμερον
2831 475 3154 545 γεγέννηκά
3179 492 3271 530 σε.
3304 477 3413 530 Καὶ
3442 477 3622 532 πάλιν·
3655 477 3801 547 ἐγὼ
3828 477 3965 531 ἔσο-

743 581 901 642 Dcus,
929 587 1001 630 est
1050 579 1104 629 in
1141 575 1388 629 saeculum
1423 573 1636 626 surculi:
1668 579 1925 638 sceptrum
1951 571 2094 640 regni
2125 571 2200 622 tui
2233 569 2274 601 ⁸³

744 671 911 722 Porro
965 667 1267 735 (attendite,
1328 665 1495 726 surdi,
1543 675 1598 717 et
1659 663 1854 723 videte,
1895 662 2119 728 Caecil),
2155 659 2305 713 addit

742 759 884 812 enim
923 772 935 807 :
971 755 1041 808 Tu
1059 770 1176 807 vero
1205 771 1236 805 ιι
1261 753 1535 820 principio,
1570 751 1811 812 Domine,
1838 749 2303 818 terramfundasti,

741 863 788 901 et
819 865 972 915 opera
997 861 1246 900 manuum
1287 855 1498 896 tuarum
1526 853 1642 896 sunt
1678 843 1815 895 caeli.
1853 841 1938 894 Illi
1964 843 2222 908 peribunt,
2250 851 2306 892 tu

742 958 860 994 vero
886 937 1231 1008 permanebis.
1259 935 1322 988 Et
1344 951 1518 988 omnes
1567 933 2006 987 instarinvolucri
2045 931 2305 985 convolves

744 1049 848 1094 eos,
913 1039 959 1082 et
1017 1030 1453 1080 immutabuntur.
1512 1025 1584 1078 Tu
1631 1042 1751 1079 vero
1781 1026 1916 1077 idem
1967 1040 2038 1084 es,
2102 1033 2150 1076 ct
2181 1027 2307 1077 anni

745 1126 822 1176 tui
863 1139 964 1175 non
992 1120 1228 1188 deﬁcient
1259 1121 1324 1172 ".
1353 1118 1502 1183 Quod
1528 1117 1570 1172 si
1590 1117 1688 1170 ista
1725 1118 1778 1170 in
1806 1115 2010 1186 Spiritu
2041 1115 2308 1185 praedixit,

747 1217 837 1285 qui
874 1217 961 1268 Dei
990 1215 1145 1268 Pater
1177 1224 1276 1276 est,
1311 1211 1498 1275 David,
1528 1211 1834 1281 obsignavit
1871 1218 2054 1263 autem
2095 1208 2310 1262 arcanis

745 1309 912 1362 sacris
943 1308 1182 1361 initiatus
1212 1318 1265 1358 ct
1305 1305 1521 1358 initians
1549 1303 1684 1356 alios
1712 1302 1928 1364 Paulus,
1963 1302 2108 1370 quod
2163 1300 2307 1354 scili-

745 1408 830 1452 cet
863 1397 1072 1450 Veteris
1113 1394 1439 1448 Testamenti
1489 1394 1628 1447 Deus
1688 1391 1830 1444 idem
1869 1398 1952 1444 est
2002 1400 2056 1444 et
2104 1388 2310 1442 Domini

748 1491 916 1544 nostri
946 1489 1070 1542 Jesu
1089 1486 1288 1540 Christi
1339 1485 1498 1547 ﬁlius,
1531 1483 1779 1550 idemque
1808 1481 2062 1534 thronum
2103 1481 2180 1533 sui
2219 1495 2314 1532 na-

751 1586 867 1630 tura
895 1575 986 1627 ﬁlii
1015 1575 1068 1626 in
1099 1573 1353 1627 saeculum
1389 1572 1568 1626 saeculi
1590 1571 1840 1637 lirmavit,
1873 1578 1927 1623 et
1956 1570 2196 1623 omnium
2214 1585 2313 1622 an-

751 1667 990 1736 gelorum
1014 1664 1233 1717 ordines
1261 1663 1534 1732 progeniei
1559 1677 1670 1714 sua:
1693 1661 2006 1714 adoratores
2031 1671 2086 1714 et
2137 1661 2312 1713 fantu-

747 1757 829 1809 los
863 1754 1166 1817 constituit,
1215 1753 1322 1806 imo
1349 1754 1438 1820 qui
1478 1752 1642 1813 idem,
1673 1759 1728 1804 et
1778 1767 1886 1804 non
1923 1751 2079 1812 alius,
2119 1760 2312 1804 terram

2407 585 2510 636 μαι
2550 565 2708 632 αὐτῷ
2743 569 2829 632 εἰς
2858 565 3116 633 Πατέρα,
3157 567 3255 619 καὶ
3295 569 3476 633 αὐτὸς
3520 568 3690 622 ἔσται
3730 587 3832 636 μοι
3883 571 3971 633 εἰς

2423 658 2574 709 Υέόν.
2628 657 2733 710 Καὶ
2782 655 2960 708 πάλιν·
3010 655 3116 708 Καὶ
3165 658 3762 725 προσκυνησάτωσαν
3812 657 3974 722 αὑτῷ

2412 749 2630 812 πάντες
2681 749 2920 816 ἄγγελοι
2968 746 3133 801 Θεοῦ.
3195 749 3343 801 Καί·
3384 749 3444 802 '0
3497 751 3705 816 θρόνος
3745 766 3890 815 σου,
3940 752 3976 803 ἐ

2416 841 2578 904 Θεὸς,
2608 842 2694 902 εἰς
2730 840 2833 891 τὸν
2864 837 3049 892 αὶὼνιι
3079 837 3184 890 τοῦ
3216 838 3457 906 αὶὼνος’
3481 841 3701 908 ῥάϐδος
3726 840 3833 908 τῆς
3858 842 3976 904 ,Βα-

2415 933 2647 995 σιλείας
2664 947 2798 984 σου.
2817 926 2946 983 Εἶτα
2964 929 3255 994 ἀκούσατε,
3281 933 3330 982 οἱ
3360 937 3553 999 κωφοὶ,
3580 934 3732 985 καὶοί
3761 933 3976 999 τυφλοὶ,

2415 1025 2784 1092 ὰναόλέψατεῑ
2825 1025 3017 1090 ἐπάγει
3038 1025 3145 1093 γάρ
3171 1039 3182 1051 ·
3217 1025 3325 1077 Καὶ
3357 1025 3437 1076 σὺ
3469 1023 3593 1077 κατ’
3625 1025 3829 1094 ἀρχὰς,
3862 1026 3980 1077 Κύ-

2409 1133 2520 1185 ριε,
2553 1115 2663 1182 τὴν
2691 1113 2806 1184 γῆν
2835 1115 3260 1183 ἐθεμελίωσας.
3292 1115 3389 1169 καὶ
3425 1116 3568 1183 ἔργα
3613 1116 3730 1168 τῶν
3769 1114 3983 1184 χειρῶν

2417 1209 2531 1261 σού
2562 1211 2718 1261 εἰσιν
2758 1210 2812 1259 οὶ
2848 1208 3110 1274 οὐρανοί.
3146 1207 3322 1260 Αὐτοὶ
3354 1207 3754 1272 ἀπολοῦνται,
3792 1207 3873 1259 σὺ
3915 1206 3986 1258 δὲ

2418 1298 2734 1366 διαμένεις.
2767 1295 2874 1349 Καὶ
2904 1296 3126 1360 πάντες
3149 1295 3228 1361 ὠς
3260 1296 3488 1364 Ιμάτιον
3523 1295 3984 1361 παλαιωθήσον-
4010 1306 4012 1308 ⁷

2418 1406 2510 1443 ται
2535 1429 2549 1452 ,
2587 1389 2684 1441 καὶ
2717 1388 2857 1441 ὡσεὶ
2907 1389 3285 1453 περιϐόλαιον
3330 1387 3549 1451 ἑλίξεις
3591 1386 3832 1452 αὐτοὺς,
3885 1385 3987 1438 καὶ

2420 1480 2889 1547 ἀλλαγήσονται.
2933 1478 3014 1530 Σὺ
3044 1476 3111 1529 δὲ
3144 1480 3174 1530 ό
3199 1478 3378 1542 αὐτὸς
3403 1473 3474 1539 εἷ,
3507 1478 3599 1529 καὶ
3628 1478 3697 1531 τὰ
3725 1477 3828 1543 ἔτη
3869 1491 3988 1529 σου

2421 1574 2530 1625 οὐκ
2563 1572 2980 1638 ἐκλείψουσιν.
3015 1570 3072 1622 Et
3120 1569 3291 1622 ταῦτα
3332 1572 3561 1638 προεῖπε
3598 1569 3693 1636 μὲν
3723 1572 3778 1621 ὲν
3819 1565 3989 1620 πνεύ-

2424 1682 2554 1733 ματι
2601 1665 2629 1715 6
2683 1663 2967 1732 θεοπάτωρ
3023 1661 3218 1723 Δαϐὶδ,
3273 1661 3643 1729 ὲπεσφρὰγισε
3690 1660 3745 1712 δὲ
3798 1662 3826 1712 6
3878 1660 3990 1711 τῶν

2422 1758 2673 1827 ἀρρήτων
2707 1754 2912 1823 μύστης
2940 1756 3032 1805 καὶ
3065 1753 3440 1822 μυσταγωγὸς,
3469 1752 3542 1813 ὠς
3570 1755 3596 1805 6
3627 1753 3721 1822 τῆς
3753 1752 3989 1810 παλαιᾶς

748 1846 1019 1908 fundavit,
1041 1845 1267 1912 etcujus
1298 1858 1556 1897 manuum
1588 1859 1752 1912 opera
1782 1843 1900 1897 (εωΙί
1950 1853 2114 1907 sunt;
2137 1858 2318 1896 nonne
2351 1843 2392 1900 Β

2351 1843 2392 1900 Β
2422 1841 2745 1911 νομοθεσίας
2775 1840 2906 1902 Θεὸς
2935 1839 3092 1899 αὐτὸς
3123 1840 3220 1908 μέν
3249 1841 3395 1891 ἐστιν
3428 1839 3455 1889 6
3477 1837 3569 1890 τοῦ
3603 1839 3806 1908 Κυρίου
3831 1839 3991 1907 ἡμῶν

750 1952 966 1989 omnem
993 1937 1322 2004 impietatem
1353 1935 1405 1988 in
1443 1936 1562 1987 sinu
1603 1934 1936 1988 reconditam
1972 1935 2193 1998 habent,
2225 1937 2315 2003 qui

749 2027 911 2079 alium
946 2027 1163 2095 quidem
1206 2026 1418 2079 Patrem
1469 2024 1679 2078 Domini
1710 2027 1882 2079 nostri
1917 2024 2043 2079 Jesu
2096 2025 2316 2089 Christi,

750 2119 914 2172 alium
933 2133 1062 2171 vero
1095 2118 1214 2171 caeli
1244 2127 1470 2171 etterra:
1490 2116 1824 2171 conditorem
1858 2118 2084 2187 lingunt,
2121 2117 2321 2171 condi-

751 2207 854 2261 tori
885 2215 1160 2261 creaturas
1189 2222 1314 2259 suas
1345 2204 1674 2268 auferentes,
1718 2205 2045 2274 easdemque
2095 2205 2324 2260 zizanio-

753 2315 868 2353 rnm
901 2301 1064 2353 satori
1107 2297 1482 2352 vindicantes?
1525 2296 1630 2351 Pro
1682 2312 1790 2366 quo
1842 2308 1989 2351 certe
2041 2298 2321 2351 interitum

753 2393 885 2464 ipsis
915 2393 1200 2454 retribuet,
1234 2399 1288 2444 ut
1335 2390 1386 2443 in
1427 2405 1665 2460 ptenam,
1698 2405 1818 2458 quae
1867 2390 1942 2443 illi
1987 2400 2171 2460 parata
2217 2401 2320 2454 est,

751 2499 875 2538 cum
908 2484 1024 2551 ipso
1054 2483 1340 2535 ducantur.
1368 2478 1571 2532 Similia
1601 2479 1760 2532 dictis
1790 2479 1844 2531 in
1890 2480 2039 2532 Actis
2093 2479 2324 2533 alferens

756 2576 977 2630 divinus
1011 2573 1204 2634 Lucas,
1240 2571 1508 2640 (quamvis
1559 2571 1791 2622 maxima
1829 2570 2021 2622 horum
2057 2579 2326 2639 apostata-

754 2681 873 2720 rum
902 2679 1024 2734 pars
1054 2663 1196 2717 dicta
1226 2662 1344 2730 ejus
1371 2676 1478 2714 non
1510 2659 1781 2729 recipiat),
1815 2661 1963 2717 Isaia:
1987 2661 2196 2716 scilicet
2239 2661 2325 2716 vel

756 2758 934 2828 potius
970 2755 1230 2825 Stephani
1288 2753 1468 2824 lingua
1523 2768 1674 2817 usus,
1734 2753 1946 2824 egregie
1983 2769 2082 2824 per
2109 2752 2326 2808 Iudaeos

756 2864 849 2903 ora
876 2848 980 2901 illis
1001 2848 1233 2900 obturat.
1267 2845 1316 2899 ls
1337 2844 1506 2909 enim,
1537 2857 1660 2896 cum
1705 2843 1912 2912 primus
1938 2859 2192 2897 coronam
2244 2842 2326 2897 vi-

757 2939 977 2993 ctricem
1005 2945 1355 3006 reportasset,
1386 2937 1441 2989 in
1471 2951 1566 2990 sua
1599 2935 1906 2989 Judaeorum
1934 2934 2322 2998 confutatione,

757 3033 901 3086 inter
923 3039 1116 3085 cmtera
1138 3037 1479 3099 argumenta,
1497 3027 1695 3097 quibus
1718 3025 2107 3096 impudentiam
2140 3040 2326 3079 eorum

757 3123 1060 3188 confundit,
1084 3122 1293 3176 Patrem
1329 3121 1538 3174 Domini
1568 3119 1734 3174 nostri
1763 3119 1893 3174 Jcsu
1931 3119 2132 3174 Christi
2159 3119 2329 3172 intro-

2433 1933 2606 2005 Ἰησοῦ
2659 1931 2898 2003 Χριστοῦ
2949 1932 3137 2000 Πατήρ
3164 1947 3176 1960 ⁸
3210 1930 3368 1993 αὐτὸς
3411 1929 3467 1982 δέ
3516 1931 3662 1982 ἔστιν
3693 1932 3718 1982 ὁ
3765 1931 3860 1982 καὶ
3899 1930 3993 1981 τὸν

2422 2025 2610 2095 θρόνον
2638 2024 2730 2076 τοῦ
2767 2024 2924 2093 φύσει
2957 2023 3143 2085 παιδὸς
3173 2023 3249 2090 (7)
3284 2025 3360 2085 εἰς
3392 2022 3481 2075 τὸν
3515 2021 3684 2076 αἰῶνα
3711 2023 3802 2075 τοῦ
3842 2021 3995 2074 αῐῶ-

2421 2134 2548 2183 νος,
2604 2116 3007 2187 ὲδρασὰμενος·
3065 2115 3160 2168 καὶ
3208 2115 3315 2166 τῶν
3364 2114 3609 2182 ἀγγέλων
3657 2115 3870 2167 πάντων
3923 2115 3994 2166 τὰ

2421 2209 2675 2278 τάγματα
2734 2207 3086 2278 προσκυνητὰ
3145 2208 3238 2260 καὶ
3293 2205 3455 2260 δοῦλα
3524 2205 3838 2276 πεποιηκὼς
3895 2207 3991 2260 τοῦ

2422 2303 2794 2370 γεννήματος·
2829 2301 2858 2352 6
2911 2301 3072 2363 αὐτὸς
3104 2300 3162 2352 δὲ
3200 2301 3292 2351 καὶ
3337 2299 3435 2352 οὐκ
3462 2299 3617 2362 ἄλλος
3662 2302 3761 2370 τήν
3788 2316 3849 2351 τε
3887 2300 3994 2368 γῆν

2425 2391 2786 2463 ἐθεμελίωσε,
2839 2393 2934 2445 καὶ
2983 2391 3120 2462 ἔργα
3165 2391 3273 2443 τῶν
3327 2390 3521 2461 χειρῶν
3569 2391 3731 2444 αὑτοῦ
3775 2394 3914 2444 εἰσιν
3945 2394 3994 2444 οἱ

2423 2485 2642 2554 οὐρανοί
2668 2502 2680 2514 ·
2714 2484 2830 2547 πῶς
2877 2484 2938 2537 ού
2980 2485 3158 2537 πᾶσαν
3201 2481 3456 2535 ἁσέὸειαν
3509 2481 3994 2552 ἀποκρύπτουσιν,

2424 2579 2474 2631 οἱ
2507 2577 2662 2631 ἄλλον
2689 2577 2789 2646 μὲν
2822 2577 2913 2630 τὸν
2946 2577 3164 2646 Πατέρα
3201 2576 3447 2643 λέγοντες
3480 2574 3572 2627 τοῦ
3605 2576 3806 2644 Κυρίου
3838 2576 3998 2644 ἡμῶν

2440 2670 2614 2741 Ἰησοῦ
2655 2669 2914 2741 Χριστοῦ,
2967 2669 3124 2722 ἄλλον
3166 2668 3221 2721 δὲ
3253 2669 3343 2721 τὸν
3389 2667 3868 2738 δημιουργήσαντα
3904 2666 4000 2718 τὸν

2426 2761 2652 2832 οὐρανὸν
2685 2763 2778 2814 καὶ
2805 2759 2903 2828 τὴν
2937 2763 3060 2829 γῆν,
3099 2758 3456 2829 ἀφαιροῦντες
3491 2757 3589 2828 μὲν
3619 2757 3710 2810 τοῦ
3758 2758 3998 2812 Κτίστου

2426 2849 2495 2904 τὰ
2538 2850 2856 2919 κτίσματα,
2901 2848 3157 2919 νέμοντες
3200 2847 3256 2900 δὲ
3302 2846 3474 2900 ταῦτα
3531 2846 3607 2917 τῷ
3655 2850 3846 2916 σπορεῖ
3886 2847 4002 2899 τῶν

2429 2940 2705 3006 ζιζανίων,
2740 2939 2825 3008 ἐφ’
2851 2933 2896 3007 ᾧ
2927 2939 3025 3010 τὴν
3057 2938 3332 2992 ἀπώλειαν
3361 2936 3544 3001 αὐτοῖς
3576 2939 3995 3007 ἁνταμείψεται,

2429 3034 2524 3087 καὶ
2555 3032 2652 3103 τὴν
2680 3033 3088 3102 ἡτοιμασμένην
3131 3029 3276 3100 αὐτῷ
3312 3029 3580 3100 τιμωρίαν
3615 3029 3998 3099 συμμετάγον-

2429 3140 2538 3176 ται.
2579 3124 2661 3177 Τὰ
2715 3121 2804 3175 ica.
2833 3123 2889 3174 δὲ
2920 3123 3033 3184 τοῖς
3073 3121 3383 3191 εἰρημένοις
3427 3122 3529 3174 κάν
3561 3123 3680 3182 ταῖς
3723 3120 4000 3191 Πράξεσιν

759 3216 907 3270 ducit
928 3215 1250 3269 clamantem
1274 3223 1326 3267 et
1354 3212 1627 3266 dicentem
1661 3229 1675 3264 :
1704 3210 1899 3266 Caelum
1943 3211 2068 3263 mihi
2111 3210 2322 3263 thronus
2349 3193 2392 3254 (ἶ
2425 3244 2426 3253 η

2349 3193 2392 3254 C
2425 3218 2454 3269 6
2486 3217 2626 3278 θεῖος
2658 3215 2893 3277 Λουκᾶς,
2930 3215 2978 3264 ει
3004 3213 3095 3265 καὶ
3128 3212 3189 3263 τὸ
3224 3210 3472 3262 πλεῖστον
3511 3209 3609 3278 τῆς
3656 3210 3997 3272 ἁποστασίας

760 3317 854 3372 est,
877 3320 922 3360 et
954 3317 1094 3360 terra
1115 3304 1394 3359 scabellum
1419 3305 1607 3372 pedum
1637 3319 1888 3357 meorum.
1920 3300 2091 3366 Quam
2115 3302 2323 3354 domum

2427 3305 2606 3360 αὐτῶν
2645 3305 2742 3365 τὰς
2783 3305 2993 3358 ἐκείνου
3019 3304 3199 3371 φωνὰς
3222 3303 3280 3355 ού
3314 3301 3628 3372 προσίεται·
3660 3302 3809 3371 ὅμως
3852 3302 4002 3354 ἐκεῖ·

762 3396 1086 3464 ωάίβεαὸὶιίι
1121 3395 1357 3460 mihi,ait
1395 3393 1649 3447 Dominus
1681 3394 1745 3448 ³³.
1788 3391 1854 3447 Et
1885 3408 2003 3462 qua:
2041 3393 2094 3446 in
2144 3393 2322 3446 Evan-

762 3489 915 3559 geliis
946 3487 1200 3542 Servator
1225 3486 1360 3540 dixit
1388 3485 1454 3540 de
1475 3485 1650 3550 Patre,
1679 3484 1934 3538 thronum
1964 3484 2180 3553 quidem
2207 3484 2325 3552 ejus

763 3579 976 3639 coelum,
1014 3579 1309 3633 scabellum
1346 3593 1474 3631 vero
1505 3588 1728 3641 terram,
1764 3586 1818 3631 et
1842 3577 2028 3631 urbem
2051 3577 2168 3646 ejus
2198 3576 2324 3631 Hie-

764 3668 1025 3737 rosolyma
1076 3667 1523 3726 vocans,cadem
1586 3675 1815 3722 testatus
1869 3668 2076 3736 primus
2127 3677 2325 3737 martyr

766 3759 914 3811 Isaia:
944 3757 1120 3811 verbis
1171 3757 1386 3810 Patrem
1441 3757 1734 3812 introducit
1783 3757 1973 3811 eadem
2035 3757 2322 3811 dicentem.

764 3850 901 3903 Alibi
932 3849 1364 3917 quoqueiterum
1414 3849 1688 3911 Servator,
1721 3848 2180 3918 vaniloquentiam
2234 3849 2323 3917 jn-

765 3940 997 3992 rantium
1033 3940 1333 4008 reprimens
1374 3947 1428 3992 et
1452 3940 1711 3993 cohibens
1744 3939 1988 3992 eamdem
2028 3937 2325 3992 doctrinam

765 4030 972 4082 astruit.
1002 4027 1162 4082 Stulti
1193 4030 1352 4091 enim,
1378 4029 1470 4091 ait,
1502 4038 1549 4082 et
1579 4029 1720 4092 caeci,
1750 4029 1863 4098 quis
1896 4029 2067 4097 major
2096 4036 2167 4080 est
2189 4027 2325 4079 ?au-

765 4138 967 4184 rumne,
1002 4137 1072 4172 an
1103 4121 1830 4189 templum,quodsanctiﬁcat
1863 4135 2053 4173 aurum
2093 4119 2139 4150 “
2169 4119 2191 4172 ?
2217 4119 2323 4172 lta-

766 4212 1150 4279 quetcmplum
1196 4211 1394 4266 veteris
1439 4211 1783 4266 instrumenti
1819 4227 1928 4265 non
1978 4211 2151 4265 solum
2203 4225 2329 4264 san-

767 4311 911 4355 ctum
934 4311 1066 4363 erat,
1098 4301 1191 4355 sed
1213 4311 1266 4354 et
1294 4301 1669 4356 sanctiﬁcandi
1699 4303 1752 4355 vi
1783 4302 2037 4371 pollebat.
2083 4299 2283 4354 lterum
2311 4317 2325 4354 :

2428 3414 2516 3460 νος
2563 3400 2630 3466 τῇ
2675 3396 2901 3449 Ἦσαϊου
2942 3397 3122 3464 φωνῇ,
3157 3393 3354 3465 μᾶλλον
3387 3393 3443 3445 δὲ
3478 3396 3544 3463 τῇ
3577 3392 3670 3445 τοῦ
3723 3393 3998 3460 Στεφάνου

2429 3489 2764 3557 κεχρημένος
2802 3486 3042 3558 γλώσσῃ,
3070 3485 3338 3555 λαμπρῶς
3368 3484 3547 3538 αὐτῶν
3575 3484 3662 3537 διὰ
3692 3483 3855 3553 μέσου
3885 3483 4000 3535 τῶν

2442 3579 2712 3632 Ἰουδαίων
2743 3578 3044 3648 ἐμφράττει
3090 3577 3159 3629 τὰ
3193 3576 3435 3644 στόματα
3461 3592 3473 3604 ’
3519 3569 3670 3632 οὗτος
3699 3573 3808 3646 γὰρ
3847 3575 3877 3626 6
3904 3573 4000 3626 τὸν

2429 3668 2782 3738 ἀθλοφορικδν
2827 3667 3038 3737 πρῶτος
3070 3665 3477 3734 ἀναδησάμενος
3515 3664 3794 3732 στέφανον,
3832 3667 3892 3716 ὲν
3919 3664 4000 3733 τῷ

2430 3763 2565 3833 πρὸς
2614 3761 2739 3822 τοὺς
2783 3758 3068 3822 Ἰουδαίους
3107 3739 3334 3826 ἐλέγχω,
3381 3756 3561 3819 ἄλλοις
3611 3773 3669 3808 τε
3711 3756 4003 3825 ἐπιχειρή-

2435 3869 2566 3923 μασι
2601 3852 2659 3903 τὺ
2709 3848 3065 3918 ἀναίσχυντον
3123 3847 3304 3900 αὐτῶν
3358 3846 3731 3915 καταισχύνων
3787 3847 4002 3912 εἰσάγει

2431 3944 2525 3998 καὶ
2562 3942 2652 3994 τὸν
2684 3941 2906 4010 Πατέρα
2943 3938 3037 3991 τοῦ
3087 3939 3287 4009 Κυρίου
3340 3939 3493 4007 ὴμῶν
3535 3936 3710 4008 Ἰησοῦ
3755 3935 4002 4006 Χριστοῦ

2430 4033 2827 4103 διακεκραγότα
2855 4032 2946 4085 καὶ
2975 4031 3218 4100 λέγονταο
3264 4031 3328 4083 '0
3352 4031 3604 4098 οὐρανός
3627 4046 3728 4097 μοι
3756 4032 3999 4097 θρόνος,

2431 4128 2470 4195 ἠ
2491 4125 2558 4178 δὲ
2582 4124 2657 4193 γῆ
2688 4123 3020 4179 ὑποπόδιον
3045 4121 3162 4175 τῶν
3191 4119 3391 4175 ποδῶν
3423 4139 3540 4190 μου
3564 4135 3577 4149 ⁶
3619 4120 3793 4173 ,ποῖον
3827 4116 4004 4174 οἶκον

2433 4214 2857 4284 οἰκοδομήσετέ
2880 4231 3002 4282 μοι,
3032 4214 3196 4282 λέγει
3224 4214 3438 4280 Κύριος
3460 4229 3478 4276 ;
3505 4214 3614 4267 Καὶ
3640 4212 3780 4282 ἅπερ
3812 4213 3872 4264 ὲν
3889 4216 4005 4274 τοῖς

2434 4307 2784 4377 Εὐαγγελίοις
2813 4309 2841 4359 6
2877 4306 3064 4376 Σωτὴρ
3104 4304 3208 4373 ἔφη
3242 4305 3369 4372 περὶ
3402 4302 3495 4357 τοῦ
3532 4304 3778 4373 Πατρὸς,
3807 4303 4002 4374 θρόνον

771 4394 950 4447 Utrum
975 4393 1146 4461 majus
1199 4395 1310 4446 est?
1340 4395 1624 4459 donumne,
1651 4411 1722 4447 an
1765 4395 1954 4460 altare,
1995 4398 2330 4466 sancti/imus

2438 4399 2535 4468 μὶν
2585 4397 2765 4452 καλῶν
2811 4396 2901 4449 τὸν
2930 4394 3179 4464 οὐρανὸν,
3211 4393 3495 4446 ὑποπόδιον
3524 4393 3581 4445 δὲ
3609 4395 3707 4462 τὴν
3732 4394 3854 4463 γῆν,
3905 4395 4004 4445 καὶ

766 4484 1001 4535 donum?
1039 4483 1142 4538 Ubi
1189 4483 1392 4538 diserte
1436 4484 1692 4550 ostendit,
1751 4494 1808 4540 et
1863 4487 2032 4541 altare
2082 4497 2329 4544 sanctum
2366 4540 2405 4556 λ

2366 4540 2405 4556 λ
2437 4489 2588 4541 πόλιν
2641 4486 2805 4541 αὑτοῦ
2844 4487 2911 4540 τὰ
2966 4485 3339 4556 Ἰεροσόλυμα·
3375 4485 3544 4536 ταῦτα
3592 4484 4003 4554 συμμαρτυρῶν

766 4571 956 4634 fuisse.
991 4583 1045 4628 et
1071 4590 1189 4644 qua:
1215 4576 1268 4628 in
1308 4590 1371 4629 eo
1404 4574 1793 4641 otierehantur,
1843 4586 2026 4633 sancta
2069 4579 2329 4635 eﬁecisse.
2365 4571 2408 4596 ¹¹

2365 4571 2408 4596 ν
2435 4580 2464 4633 6
2485 4578 2883 4650 πρωτομάρτυς
2916 4575 2991 4647 τῷ
3024 4576 3267 4648 Δεσπότῃ
3293 4576 3379 4627 διὰ
3410 4578 3507 4646 τῆς
3559 4573 3779 4628 Ἡσαΐου
3816 4575 4002 4642 φωνῆς

768 4665 832 4717 lit
861 4674 981 4734 post
1037 4681 1207 4734 pauca
1254 4665 1370 4719 :Et
1418 4668 1505 4736 qui
1554 4667 1739 4735 jurat,
1788 4667 1982 4737 inquit,
2023 4685 2115 4738 per
2157 4670 2344 4723 caelum

2335 4690 2344 4721 ι
2435 4669 2524 4722 τὸν
2556 4669 2774 4740 Πατέρα
2805 4669 3041 4738 παράγει
3072 4666 3303 4734 λέγοντα
3334 4666 3403 4718 τὰ
3430 4665 3587 4719 αὑτά.
3628 4665 3716 4719 Ἐν
3742 4665 3920 4728 ἄλλοις
3944 4665 4002 4717 δὲ

770 4757 958 4824 (aperi,
1002 4755 1184 4820 homo,
1209 4772 1395 4810 aurem
1424 4773 1583 4826 quam
1614 4759 1680 4811 ad
1725 4759 2050 4813 audiendum
2091 4759 2342 4815 formavit

2336 4777 2342 4814 '.
2437 4760 2598 4814 πάλιν
2641 4761 2668 4811 6
2709 4758 2899 4829 Σωτὴρ
2928 4759 3025 4826 τὴν
3064 4757 3172 4810 τῶν
3212 4757 3518 4825 ὀμνυόντων
3542 4755 3871 4824 στηλιτεύων
3905 4757 4003 4808 καὶ

770 4847 931 4911 Deus,
954 4846 1354 4902 transformavit
1389 4858 1567 4902 autem
1595 4849 1642 4902 is
1676 4849 1768 4918 qui
1789 4865 1915 4904 vere
1945 4851 2117 4905 malus
2141 4862 2246 4916 est,
2284 4861 2342 4906 ut

2337 4868 2342 4905 ι
2437 4851 2801 4920 ἐπιστομίζων
2859 4851 3268 4921 ματαιολογίαν,
3299 4849 3394 4920 τὴν
3437 4850 3605 4919 αὐτὴν
3639 4849 3895 4918 κρατύνει
3926 4847 4004 4900 δι-

770 4939 965 4993 surdus
992 4940 1337 5003 esses;audi,
1371 4939 1608 5009 inquam)
1637 4939 1958 5009 :Quijurat,
1997 4942 2202 5012 inquit,
2244 4960 2336 5010 per
2436 4975 2437 4986 ι

2335 4964 2336 4969 η
2436 4943 2749 4997 δασκαλίαν.
2784 4942 2973 5009 Μωροὶ
3005 4941 3133 5010 γὰρ,
3162 4940 3315 5009 φησὶ,
3357 4940 3456 4992 καὶ
3488 4940 3736 5008 τυφλοὶ,
3761 4941 3851 5003 τίς
3870 4940 4002 5006 μεί-

770 5026 972 5090 cretum,
1004 5025 1154 5093 jurat
1178 5043 1266 5094 per
1286 5029 1526 5081 thronum
1557 5029 1652 5084 Dei
1676 5045 1721 5083 et
1758 5047 1848 5097 per
1887 5047 2002 5084 eum
2069 5033 2158 5101 qui
2191 5033 2330 5087 sedet

2439 5034 2547 5094 ζων
2583 5035 2794 5099 ἐστίν;
2830 5036 2861 5086 ό
2909 5033 3132 5102 χρυσός
3170 5031 3207 5100 ἢ
3245 5035 3275 5084 o'
3334 5033 3508 5096 ναὸς,
3543 5033 3574 5084 d
3603 5028 3850 5098 ἁγιάζων
3897 5029 4002 5081 τὸν

841 5181 886 5211 “
908 5179 1070 5236 Hebr.
1105 5199 1142 5250 ι,
1175 5185 1224 5237 7.
1301 5183 1344 5215 ⁸¹
1382 5185 1512 5240 ibid.
1549 5185 1600 5240 8.
1676 5185 1720 5216 "
1746 5185 1884 5241 Psal.
1927 5201 1998 5251 et,
2023 5187 2112 5253 ‘26,
2141 5187 2246 5251 27;
2281 5186 2445 5242 Hebr.
2482 5204 2519 5254 I,
2557 5187 2656 5253 10,
2697 5188 2782 5240 Η.
2859 5187 2905 5217 ⁸³
2931 5188 3050 5240 Act.
3090 5203 3186 5248 vn,
3217 5186 3304 5241 69.
3381 5186 3427 5216 "
3473 5183 3666 5238 Matth.
3725 5199 3877 5246 um,
3907 5182 4000 5240 27.

1852 5361 2084 5416 VARUE
2117 5361 2504 5418 LECTIONES
2545 5362 2630 5416 ΕΤ
2673 5361 2902 5416 ΆΟΤιΕ.

799 5574 808 5582 _
839 5501 917 5582 (7)
954 5500 1061 5587 Τοῦ
1091 5501 1522 5587 φύσειααιιξός.
1547 5503 1604 5557 Id
1627 5503 1867 5587 est,_veri
1889 5503 2006 5587 ﬁlii,
2027 5521 2133 5560 non
2169 5505 2337 5587 adop-
2440 5503 2466 5557 Ἰ

2333 5536 2337 5545 ι
2440 5503 2703 5587 ΤΙιεοΙοαν
2742 5503 2807 5558 de
2828 5513 3055 5587 peccato
3085 5501 3465 5587 priginalil..p.
3497 5500 3813 5587 §8l,us_eqq.
3854 5508 4000 5587 etc:

775 5569 889 5633 tivi,
939 5586 1044 5624 non
1081 5574 1339 5640 putatitii.
1385 5572 1509 5628 Haec
1558 5575 1702 5628 enim
1728 5569 2135 5630 inter'caeteras
2183 5569 2334 5629 notio
2437 5569 2773 5629 nostraiibus
2825 5569 3139 5640 Christoph.
3180 5569 3454 5633 Franchii,
3492 5569 3796 5623 Exercitatt.
3850 5570 4002 5640 Anti-

773 5643 936 5712 hujus
963 5637 1108 5712 vocis
1143 5651 1225 5694 est
1254 5643 1397 5712 apud
1432 5642 1720 5711 scriptores
1749 5642 2167 5698 ecclesiasticos.
2201 5644 2333 5699 Vide
2437 5643 2726 5697 Limborch.
2783 5659 2835 5712 p7.
2865 5643 2969 5696 246
3016 5637 3128 5712 seq.
3161 5650 3215 5694 et.
3243 5643 3412 5695 celeb.
3445 5640 3622 5712 .Iqan.
3646 5639 3852 5692 Albert.
3905 5637 4004 5712 ξο-

775 5707 1019 5780 inprimis
1044 5712 1257 5782 Dionys.
1283 5707 1484 5766 Petavii
1529 5707 1786 5782 Dogmata
1817 5715 2079 5782 theologi.,
2105 5725 2235 5768 tom.
2265 5716 2327 5775 ll,
2437 5713 2685 5777 bricium,
2716 5707 3019 5766 ad'Sextum
3041 5707 3387 5782 Empiricum,
3409 5726 3462 5781 p.
3487 5710 3538 5765 9.
3572 5709 3661 5765 Sic
3691 5718 3898 5774 noster,
3922 5707 4003 5759 in-

777 5784 866 5836 lib.
899 5797 968 5845 Iv,
1003 5796 1052 5836 c.
1078 5782 1130 5846 2,
1164 5797 1287 5853 pag.
1313 5783 1442 5849 19ος
1480 5781 1659 5839 Mosen
1688 5781 2054 5853 Amyraldunt,
2090 5784 2221 5839 Diu.
2258 5798 2332 5849 vi,
2441 5782 2541 5845 l‘ra,
2571 5785 2790 5853 γνήσιον
2819 5783 2934 5835 υἱὸν
2963 5781 3214 5852 appellat.
