4222 6432
242 383 344 448 109

1279 384 1571 444 CONTRA
1610 383 2061 443 MANICI-UEOS
2105 382 2324 441 LIBER
2374 384 2446 441 li.

3338 382 3443 446 110

240 495 512 564 χρυσόν;
538 489 745 545 Οὐκοῦν
774 492 802 545 6
828 490 927 560 τῆς
954 490 1188 555 παλαιᾶς
1213 492 1338 555 ναὸς
1366 492 1425 545 οὐ
1455 494 1613 561 μόνον
1647 493 1797 559 ἅγιος
1822 493 1872 551 Α
1897 507 2047 559 super

1897 507 2047 559 super
2067 494 2234 559 ipsum
2253 492 2319 544 ⁸⁸.
2344 491 2526 557 Itaque
2553 497 2793 544 sanctum
2811 489 3027 559 quidem
3055 498 3137 544 est
3164 492 3440 557 templum,

236 582 326 656 ἦν,
368 584 503 637 ἀλλά
552 585 645 636 καὶ
703 582 948 650 ἁγιάζειν
977 578 1122 652 εἶχεν
1167 582 1336 651 ἰσχύν.
1370 583 1478 635 Καὶ
1503 583 1662 635 πάλιν
1687 596 1699 610 ·
1732 583 1790 635 Τί

234 674 468 745 μεῖζον;
516 674 584 727 τὸ
607 671 798 740 δῶρον
823 673 860 739 ἢ
890 673 954 724 τὸ
994 671 1420 738 θυσιαστήριον
1449 672 1514 724 τὸ
1557 670 1790 738 ἁγιάζον

238 769 305 818 τὸ
343 765 569 831 δῶρον;
616 763 800 831 σαφῶς
831 760 1108 815 κάνταῦθα
1134 761 1365 823 δεικνὺς,
1406 762 1486 814 ὃτι
1518 762 1575 812 τὸ
1604 763 1790 813 θυσια-

239 859 460 925 στήριον
492 855 645 921 ἅγιόν
691 871 749 905 τε
782 849 868 923 ἦν,
905 854 996 905 καὶ
1023 853 1087 905 τά
1139 854 1196 903 ὲν
1234 852 1383 922 αὐτῷ
1434 852 1792 918 ἀνατιθέμενα

239 950 374 1015 ᾶγια
397 949 590 1000 ἐποίει.
617 947 724 999 Καὶ
747 946 882 1014 μετά
909 944 1129 1013 βραχέα·
1158 945 1263 996 Καὶ
1287 947 1316 996 d
1338 945 1581 1011 ὀμόσας,
1610 943 1788 1009 φησιν,

241 1041 311 1091 ἐν
355 1037 431 1101 τῷ
470 1036 698 1104 οὐρανῷ
752 1035 1065 1105 (διάνοιξον,
1106 1034 1381 1104 ἄνθρωπε,
1416 1036 1474 1086 τὸ
1506 1034 1628 1097 οῦς,
1662 1035 1793 1102 ὅπερ

242 1127 447 1180 ἔπλασε
482 1127 578 1190 μὲν
604 1127 630 1177 6
659 1126 785 1189 Θεὸς
809 1126 1045 1189 ἀκούειν,
1077 1126 1379 1195 μετέπλασε
1408 1125 1463 1177 δὲ
1487 1126 1559 1187 ὡς
1588 1124 1796 1191 άληθῶς

244 1220 271 1267 ὀ
312 1216 551 1284 Πονηρὸς
582 1218 661 1276 εἰς
696 1216 893 1280 κωφόν.
952 1215 1095 1283 Πλὴν
1127 1214 1377 1281 ἄκουσον)
1401 1231 1411 1243 ·
1452 1216 1503 1265 Ὀ
1549 1214 1794 1281 ὀμόσας,

247 1312 409 1378 φησὶν
435 1352 447 1371 ,
481 1312 549 1362 ἐν
603 1308 680 1372 τῷ
717 1306 967 1375 οὐρανῷ,
1008 1308 1208 1375 ὀμνύει
1248 1308 1315 1360 ἐν
1344 1306 1422 1371 τῷ
1463 1309 1649 1372 θρόνῳ
1694 1305 1797 1359 τοῦ

250 1402 419 1462 Θεοῦ,
465 1401 558 1452 καί
604 1400 671 1450 ἐν
708 1399 785 1462 τῷ
819 1401 1129 1465 καθημένῳ
1172 1397 1369 1449 ἐπάνω
1400 1395 1602 1448 αὑτοῦ.
1640 1396 1800 1445 Ὥστε

248 1495 404 1558 ἅγιος
460 1492 555 1558 μὲν
605 1492 632 1541 6
691 1490 832 1552 ναὸς,
868 1488 1019 1556 ἆγιον
1074 1490 1127 1540 δὲ
1155 1493 1213 1540 τὸ
1249 1488 1657 1555 θυσιαστήριον,
1708 1488 1802 1537 καὶ

248 1582 408 1651 χάριν
464 1581 582 1649 ἔχον
621 1579 769 1630 θείαν
829 1579 1146 1645 ἁγιοποιείν,
1204 1577 1296 1628 καί¹
1349 1576 1532 1644 θρόνος
1588 1577 1735 1627 ἐστὶν
1777 1576 1804 1625 6

248 1672 479 1740 οὐρανὸς
520 1669 615 1721 τοῦ
643 1668 895 1736 ἀληθινοῦ
925 1666 1059 1719 Θεοῦ
1108 1667 1201 1719 καὶ
1236 1667 1443 1735 Πατρὸς
1472 1665 1566 1717 τοῦ
1604 1664 1801 1732 Κυρίου

247 1758 409 1827 ἡμῶν
469 1758 641 1826 Ἰησοῦ
693 1754 928 1825 Χριστοῦ
960 1770 971 1783 ·
1021 1747 1082 1806 οὗ
1134 1754 1289 1820 καὶὴ
1335 1752 1512 1813 κτίσις
1546 1752 1805 1818 σύμπασα

1891 591 2135 635 sanctum
2168 596 2293 635 vero
2344 589 2399 634 et
2433 580 2621 643 altare,
2665 580 2911 648 idemque
2941 579 3122 633 divino
3186 580 3445 635 beneﬁcio

1890 675 2232 727 sanctilicans
2275 690 2287 726 :
2333 673 2525 725 malum
2573 687 2697 725 vero
2744 681 2826 725 est
2861 672 3084 725 thronus
3113 674 3219 725 veri
3272 674 3357 726 Dei
3393 685 3447 727 et

1892 758 2064 812 Patris
2091 760 2297 812 Domini
2326 759 2492 811 nostri
2515 758 2639 811 Jesu
2670 758 2886 811 (Ihristi.
2925 760 3089 825 Cujus
3121 770 3172 812 et
3202 772 3444 813 creatura

1894 852 2139 903 universa
2195 866 2327 916 opus
2371 860 2423 902 et
2475 849 2694 902 effer-tus
2737 861 2836 902 est.
2863 851 3012 914 Quod
3037 851 3077 903 si
3106 866 3229 903 vero
3268 853 3373 905 [leo
3395 861 3446 905 et

1850 936 1851 941 “
1896 941 2034 993 l‘atri
2068 941 2273 992 Domini
2329 942 2492 991 nostri
2539 940 2665 992 Jesu
2695 942 2912 1002 (Ilii-isti,
2954 942 3049 993 ista
3085 943 3298 1008 quidem
3326 959 3448 1010 pro-

1895 1033 2164 1095 clamanti,
2193 1034 2573 1100 obloquuntur,
2607 1035 2646 1084 si
2682 1032 2918 1089 Christo.
2960 1032 3065 1085 Deo
3093 1045 3274 1086 nostro
3301 1051 3447 1096 vero,

1862 1156 1867 1163 ι
1897 1122 2079 1175 eadem
2108 1139 2225 1175 eum
2253 1123 2406 1175 Patre
2429 1124 2647 1185 dicenti,
2680 1140 2786 1176 non
2821 1124 3048 1177 credunt
3075 1142 3087 1188 ;
3134 1126 3174 1178 si
3207 1126 3446 1187 Paulum,

1898 1228 1925 1264 a
1956 1229 2061 1279 quo
2093 1212 2223 1265 falso
2240 1215 2701 1283 cognominantur,
2734 1216 2915 1267 eadem
2945 1224 3249 1276 testantem,
3269 1226 3321 1267 et
3351 1216 3454 1268 Da-

1900 1301 2074 1353 vidcm
2113 1304 2517 1371 prOphetautem
2577 1305 2763 1371 supine
2808 1305 3112 1373 negligunt;
3162 1306 3203 1357 si
3235 1307 3297 1358 ad
3353 1305 3457 1358 Lu-

1903 1410 2046 1457 cam,
2102 1394 2421 1460 discipulum
2473 1405 2527 1446 et
2562 1410 2858 1461 priet-oneri)
2910 1396 3159 1448 salutaris
3194 1397 3455 1450 ducti-inte

1904 1501 2009 1537 non
2035 1486 2345 1545 attendunt;
2400 1486 2442 1537 si
2478 1484 2806 1553 Stephanum
2862 1487 3113 1554 denique,
3165 1498 3455 1557 martyrum

1902 1576 2131 1643 primum
2152 1584 2206 1627 et
2229 1575 2563 1643 prophetam,
2598 1577 2886 1629 adductum
2919 1579 3130 1629 adunco
3174 1593 3303 1629 uaso
3334 1593 3458 1629 sus-

1903 1664 2181 1732 pendunt;
2238 1666 2585 1733 consequitur
2628 1682 2739 1726 eos,
2790 1668 2929 1734 quod
2961 1677 3013 1719 et
3046 1668 3248 1721 faciunt
3273 1708 3284 1729 ,
3320 1668 3459 1720 malo

1904 1754 2074 1806 solum
2106 1754 2371 1822 principio
2399 1756 2636 1815 obedire,
2664 1757 2750 1808 cui
2798 1766 2850 1808 et
2879 1758 3085 1809 animas
3114 1773 3237 1809 snas
3262 1767 3315 1810 et
3342 1774 3459 1809 cor-

250 1850 464 1915 ποεημα
496 1850 589 1899 καὶ
642 1846 819 1917 ἔργον,
881 1847 940 1898 Et
974 1845 1029 1897 δὲ
1077 1844 1153 1913 τῷ
1210 1843 1327 1912 Θεῷ
1365 1844 1458 1895 καὶ
1491 1843 1662 1911 Πατρὶ
1708 1840 1800 1892 τοῦ
1834 1831 1872 1885 Β
1910 1859 2035 1913 pora

1910 1859 2035 1913 pora
2059 1845 2410 1905 tradiderunt,
2448 1846 2790 1913 illasquidem
2825 1847 3001 1915 impiis
3026 1849 3457 1916 cogitationibus,

250 1939 459 2005 Κυρίου
495 1936 647 2003 ἡμῶν
713 1934 888 2004 Ἰησοῦ
941 1934 1175 2002 Χριστοῦ
1215 1932 1599 2001 διακεγραγότι
1644 1931 1812 1983 ταῦτα

254 2027 729 2093 ἀντιφθέγγονται,
772 2025 989 2095 Χριστῷ
1018 2024 1073 2076 δὲ
1104 2023 1180 2093 τῷ
1236 2022 1470 2093 ἀληθινῷ
1511 2022 1626 2090 Θεῴ
1661 2023 1812 2090 ἡμῶν

255 2117 715 2185 συνφθεγγομένῳ
744 2116 820 2185 τῷ
851 2115 1198 2183 γεγεννηκότι
1231 2116 1288 2166 οὺ
1340 2115 1630 2166 πείθονται.
1668 2113 1810 2166 Παῦ-

252 2211 345 2262 λον
375 2210 431 2261 δὲ
473 2208 871 2279 μαρτυροῦντα,
902 2201 961 2260 οὗ
988 2206 1396 2275 ψευδεπώνυμοι
1420 2204 1807 2272 παραγράφον-

1922 1934 2033 1987 haec
2074 1949 2201 1985 vero
2228 1934 2456 1986 sordidis
2500 1936 2798 1987 actionibus
2839 1937 3193 2006 indulgentes.
3243 1939 3462 2006 Egregie

1913 2039 2037 2076 vero
2065 2024 2114 2075 in
2144 2023 2261 2077 illos
2290 2024 2512 2092 quadrat
2555 2027 2920 2091 reprehensio,
2953 2043 2981 2079 a
3024 2027 3247 2080 Domino
3281 2030 3331 2080 in
3377 2030 3461 2080 in-

1912 2124 2089 2182 gratos
2138 2115 2349 2169 Judaeos
2388 2117 2648 2183 conjecta,
2699 2133 2761 2169 eo
2816 2120 2954 2185 quod
2997 2119 3461 2182 Patremfamilias,

1911 2205 2175 2258 Beelzean
2206 2217 2543 2260 vocaverant.
2582 2208 2849 2275 Apostataa
2887 2210 3031 2262 enim
3064 2212 3132 2263 illi
3171 2211 3465 2266 Patremfau

255 2318 369 2364 ται,
412 2301 505 2353 καὶ
554 2301 641 2352 τὸν
692 2299 851 2351 Δα6“ιδ
889 2300 984 2365 μὲν
1025 2296 1335 2365 ὑπερορῶσι
1382 2293 1814 2364 προφητεύοντα,
1915 2292 2047 2345 milia

1915 2292 2087 2345 milias
2115 2294 2277 2347 totius
2324 2296 2557 2349 universi
2593 2295 2871 2351 Beelzebul
2905 2310 3113 2361 vocant,
3148 2302 3231 2354 vel
3289 2303 3469 2370 potius

259 2394 449 2461 Λουκᾷ
477 2392 532 2443 δὲ
561 2391 637 2460 τῷ
664 2390 873 2460 μαθητῇ
921 2390 1013 2440 καὶ
1043 2387 1397 2456 εὑαγγελιστῇ
1428 2386 1518 2438 τοῦ
1553 2385 1816 2456 σωτηρίου
1915 2384 2047 2453 injur

1915 2384 2162 2453 injuriam
2194 2386 2349 2439 aliam
2368 2403 2530 2457 super
2574 2389 2729 2441 aliam
2756 2392 3126 2456 accumulant;
3165 2394 3298 2447 adeo
3349 2410 3471 2448 om-

258 2480 419 2548 λόγου
451 2484 513 2533 οὺ
560 2482 910 2550 προσέχουσι.
974 2480 1239 2545 Στέφανον
1284 2477 1337 2529 δὲ
1368 2477 1454 2528 τὸν
1487 2480 1542 2529 ἐν
1586 2478 1818 2545 μάρτυσι
1916 2493 2042 2530 nem

1916 2493 2042 2530 nem
2076 2479 2405 2546 impietatem
2436 2496 2761 2546 omnemque
2796 2482 3132 2536 insolentiam
3164 2486 3323 2538 factio
3356 2487 3471 2539 hzec

261 2574 481 2641 πρῶτον
528 2572 735 2625 καὶτὸν
764 2573 1045 2643 προφήτην
1081 2569 1511 2637 συνεπαγόμενον
1556 2568 1819 2637 μυκτηρὶ-
1919 2569 2046 2621 ῡθυι

1919 2569 2083 2621 Deum
2122 2585 2435 2639 oppugnatis
2464 2570 2717 2626 leviorem
2747 2589 2840 2626 sua
2869 2574 3051 2629 eilicit.

263 2668 469 2730 ζουσιν,
502 2666 785 2719 ἀκόλουθόν
809 2668 953 2716 ἐστιν
979 2666 1178 2726 αὐτοῖς,
1206 2664 1234 2715 ὃ
1267 2664 1358 2715 καὶ
1390 2664 1708 2732 πράττουσι,
1735 2662 1809 2731 τῷ
1848 2662 2071 2734 Πονηρῷ
2116 2666 2260 2736 μόνῳ
2290 2667 2625 2738 πειθαρχεῖν,
2662 2665 2704 2736 ᾧ
2745 2672 2837 2722 καὶ
2870 2672 2967 2733 τὰς
3026 2672 3200 2741 ψυχὰς
3268 2674 3473 2743 ὲνεχεε-

265 2780 451 2832 ρισαν,
506 2764 597 2813 καὶ
644 2762 713 2814 τὰ
756 2762 1000 2830 σώματα,
1038 2761 1135 2821 τὰς
1196 2760 1292 2829 μὲν
1333 2763 1397 2829 τῇ
1448 2759 1670 2830 ἀσεϐείᾳ
1721 2759 1812 2812 τοῦ
1854 2765 2217 2832 φρονήματος,
2246 2764 2312 2817 τὰ
2362 2766 2416 2818 δὲ
2454 2766 2541 2818 διὰ
2582 2765 2673 2817 τοῦ
2721 2766 2981 2837 βορϐόρου
3024 2769 3130 2819 τῶν
3202 2772 3470 2839 πράξεων·

278 2853 567 2924 Ἀρμόσειε
617 2852 660 2905 δ’
711 2852 774 2905 ἂν
804 2852 985 2913 αὐτοῖς
1036 2844 1093 2903 εὖ
1126 2851 1269 2918 μάλα
1342 2849 1435 2901 καὶ
1484 2848 1511 2898 6
1560 2849 1702 2900 κατὰ
1774 2850 1880 2901 τῶν
1919 2852 2225 2919 ἀχαρίστων
2303 2854 2565 2907 Ἰουδαίων
2624 2858 2947 2917 Δεσποτικὸς
3003 2858 3337 2928 ὀνειδισμὸς,
3396 2865 3475 2916 ὃτι

264 2948 357 2998 τὸν
402 2945 783 3013 οἰκοδεσπότην
831 2943 1561 3006 Βεελξεδοὺλ..ἀπεκάλεσανο
1620 2945 1822 3005 Ὄντως
1862 2946 1966 3015 γὰρ
2028 2948 2059 3015 ἡ
2125 2947 2427 2999 ἀποστασία
2453 2950 2541 3000 τὸν
2569 2948 2662 3001 τοῦ
2697 2952 2893 3013 παντὸς
2916 2952 3295 3026 οἰκοδεσπότην
3326 2957 3482 3010 Βεελ-

267 3037 464 3099 ζεϐοἰιλ
534 3036 890 3103 ὀνομάζουσι·
939 3035 1136 3103 μᾶλλον
1186 3034 1239 3085 δὲ
1293 3033 1554 3102 ἑκατέραν
1599 3033 1754 3102 ὓϐριν
1795 3034 1860 3084 δι’
1937 3036 2201 3106 ἑκατέρας
2254 3038 2560 3105 εἰσάγουσιν
2658 3039 2798 3091 οὕτω
2852 3045 3030 3095 πᾶσαν
3087 3045 3338 3099 ἀσέϐειαν
3386 3051 3476 3103 καὶ

268 3134 454 3184 πᾶσαν
479 3130 681 3197 τόλμαν
722 3131 756 3197 ἡ
806 3126 1142 3195 προκειμένη
1184 3127 1443 3195 θεομαχία
1492 3128 1824 3196 κουφοτέραν
1850 3128 2233 3196 ἀπεργάζεται.

342 3225 445 3276 IB‘.
495 3220 742 3281 Ἐντολὰς
767 3220 823 3271 δὲ
857 3220 1015 3272 πάλιν
1054 3221 1081 3271 ό
1107 3219 1295 3287 Σωτὴρ
1327 3220 1393 3270 τὰ
1425 3219 1691 3271 Μωσαῖκὰ
1715 3218 1826 3269 δια-
1852 3241 1894 3301 C
1998 3220 2043 3274 χ

1882 3242 1894 3300 ς
1998 3220 2109 3274 XII.
2144 3223 2280 3276 Alibi
2341 3224 2591 3278 Servatur
2644 3226 2870 3282 Mosaiea
2932 3231 3175 3287 instituta
3217 3251 3481 3309 prmi-cpta

269 3315 527 3381 τάγματα
549 3311 749 3374 καλῶν,
771 3310 860 3360 καὶ
884 3308 1155 3375 πανταχοῦ
1182 3309 1356 3376 τιμῶν
1387 3308 1483 3375 τὴν
1514 3307 1828 3375 νομοθεσίαν

268 3408 370 3474 την
410 3402 701 3471 πατρικὴν,
749 3401 810 3451 '0
848 3398 1009 3463 Θεὸς,
1047 3398 1226 3466 φησὶν,
1264 3399 1619 3451 ἐνετείλατο·
1686 3397 1829 3465 Τίμα

270 3497 380 3548 τὸν
411 3493 631 3559 πατέρα
651 3508 764 3545 σου
796 3491 891 3543 καὶ
918 3491 1030 3557 τὴν
1049 3491 1272 3558 μητέρα
1297 3507 1430 3543 σου.
1467 3492 1592 3543 Καί·
1637 3492 1697 3541 '0
1729 3506 1830 3541 κα-

273 3585 546 3652 κολογῶν
579 3583 798 3651 πατέρα
844 3582 880 3650 ἢ
918 3584 1162 3652 μητέρα,
1205 3581 1435 3645 θανάτῳ
1483 3582 1825 3634 τελευτάτω.

293 3675 489 3744 Ὑμεῖς
519 3675 859 3741 ὴκυρώσατε
878 3674 990 3739 τὴν
1006 3673 1265 3737 ἐντολὴν
1293 3672 1394 3724 τοῦ
1426 3671 1570 3724 Θεοῦ
1601 3671 1694 3723 διὰ
1719 3670 1831 3736 τὴν

275 3768 613 3835 παράδοσιν
663 3766 845 3833 ὑμῶν.
896 3766 1002 3818 Καὶ
1034 3762 1207 3817 ταῦτα
1256 3762 1421 3815 εἰπὼν
1465 3764 1713 3832 μάρτυρα
1741 3760 1829 3811 τὸν

288 3859 516 3911 Ἡσαΐαν
565 3857 851 3920 ἐπάγεται,
900 3854 1106 3919 Καλῶς
1131 3893 1146 3914 ,
1174 3855 1378 3920 λέγων,
1427 3854 1830 3920 προεφήτευσε

278 3947 411 4011 περὶ
444 3944 606 4012 ὐμῶν
635 3944 907 4007 ’Ἡσαΐας,
945 3941 1175 4010 Ἑγγίζει
1199 3958 1299 4008 μοι
1324 3945 1355 3993 ὀ
1382 3940 1529 4003 ,λαὸς
1555 3938 1727 4005 οὗτος
1754 3939 1832 4003 τῷ

278 4037 529 4101 στόματι
559 4033 772 4095 αὐτῶν,
813 4033 909 4087 καὶ
953 4033 1074 4097 τοῖς
1116 4033 1347 4098 χείλεσί
1370 4048 1443 4098 με
1472 4029 1636 4098 τιμᾷ·
1684 4032 1720 4097 ἠ
1765 4030 1832 4081 δὲ

283 4124 495 4193 καρδία
524 4123 720 4177 αὐτῶν
746 4125 936 4191 πόρρω
966 4122 1173 4189 ἀπέχει
1196 4124 1294 4175 ἀπ’
1325 4121 1490 4188 ἐμοῦ.
1526 4123 1633 4173 Καὶ
1668 4122 1831 4189 πρόσ-

282 4233 372 4285 εχε
421 4216 639 4268 λοιπόν·
677 4214 883 4280 Μάτην
921 4214 987 4266 δὲ
1015 4214 1293 4267 σέϐονταί
1329 4230 1421 4281 με.
1464 4212 1644 4273 Διατί;
1680 4214 1832 4264 Διότι

282 4306 639 4360 διδάσκουσι
669 4294 1077 4373 διδασκαλίας,
1104 4303 1437 4369 ἐντάλματα
1474 4300 1794 4368 ἀνθρώπων
1816 4318 1827 4329 ·

281 4396 425 4450 ὣστε
449 4396 591 4465 άπερ
620 4396 715 4464 μὲν
740 4390 806 4465 ἦν
833 4394 1137 4462 ἐντάλματα
1161 4392 1478 4462 ἀνθρώπων,
1514 4392 1611 4443 οὐκ
1634 4393 1833 4460 ἤρεσκε

285 4488 459 4541 ταῦτα
502 4487 575 4556 τῷ
621 4486 880 4556 νομοθέτῃ
929 4485 1078 4555 Θεῷ·
1113 4484 1248 4538 ἀλλά
1280 4486 1371 4536 καὶ
1413 4484 1565 4553 δίκης
1618 4485 1834 4552 ἐνόχους

1934 3311 2227 3379 appellans,
2254 3322 2303 3366 et
2340 3315 2506 3381 legem
2548 3331 2575 3367 a
2620 3315 2774 3370 Patre
2800 3319 2955 3372 latam
2990 3325 3225 3391 undique
3272 3330 3324 3380 in
3361 3305 3484 3398 pre—
3516 3305 3521 3311 ’

1938 3403 2011 3456 tio
2041 3404 2244 3456 habens
2276 3404 2468 3466 εοεαε,
2490 3406 2683 3474 inquit,
2718 3413 2949 3478 prwcipit
2989 3430 3005 3465 :
3040 3414 3245 3469 Honora
3276 3432 3483 3485 patrem

1936 3502 2101 3556 tuum,
2155 3504 2201 3547 et
2259 3506 2476 3547 matrem
2516 3508 2677 3551 tuam.
2728 3500 2792 3551 Et
2827 3504 3178 3558 :Maledicens
3223 3512 3361 3575 putri
3392 3522 3482 3564 au‘

1935 3585 2114 3646 matri,
2153 3596 2314 3638 morte
2338 3589 2610 3640 moriatur.
2639 3589 2731 3642 Vos
2756 3596 3059 3646 mandatum
3082 3596 3176 3648 Dei
3197 3602 3484 3669 abrogastia

1934 3690 2026 3742 per
2049 3677 2379 3729 traditionem
2399 3690 2620 3731 vestram
2644 3681 2709 3732 ³⁸.
2738 3681 2911 3750 Atque
2936 3684 3048 3738 haec
3077 3687 3260 3741 dicens
3295 3690 3482 3745 Isaiam

1938 3774 2124 3817 testem
2189 3766 2362 3827 ail‘ert,
2413 3766 2570 3829 Bene,
2624 3769 2893 3837 inquiens,
2947 3776 3187 3841 prwdiait
3240 3779 3301 3829 de
3347 3780 3485 3833 vobis

1936 3853 2105 3907 Isaias
2131 3872 2146 3907 :
2170 3856 2560 3925 Appropinquat
2608 3859 2677 3911 ad
2713 3876 2794 3912 me
2825 3864 3043 3929 populus
3074 3866 3154 3917 hic
3192 3884 3277 3917 ore
3305 3885 3415 3931 suo,
3439 3878 3486 3921 et

1940 3944 2090 3998 labiis
2113 3948 2218 3997 suis
2240 3948 2457 3998 honorat
2480 3964 2592 4011 me;
2612 3966 2698 4002 cor
2728 3968 2844 4003 vero
2862 3970 3037 4005 eorum
3058 3957 3202 4025 longe
3222 3975 3251 4009 a
3280 3976 3358 4011 me
3404 3978 3487 4013 re-

1939 4046 2129 4087 motum
2153 4046 2226 4088 est
2254 4038 2317 4086 ⁵⁷.
2365 4040 2593 4092 Attende
2622 4054 2832 4109 quoque
2887 4044 2950 4096 ad
2982 4048 3257 4113 sequentia
3296 4067 3307 4101 :
3346 4050 3485 4103 Fru-

1937 4136 2043 4177 stra
2079 4142 2195 4179 vero
2252 4127 2425 4179 colunt
2457 4146 2555 4181 me.
2598 4129 2744 4182 Cur?
2783 4131 2915 4195 Quia
2967 4135 3146 4189 docent
3201 4141 3484 4207 doctrinas,

1937 4226 2191 4283 prtvceptu
2215 4217 2479 4269 hominum
2516 4219 2579 4276 ⁸⁸.
2624 4220 2780 4283 adeo,
2808 4226 2951 4290 'quae
3000 4236 3155 4280 erant
3208 4231 3486 4286 hominum

1944 4316 2229 4374 praecepta,
2270 4321 2331 4359 ea
2356 4306 2643 4376 legislatori
2679 4309 2789 4363 Deo
2832 4325 2937 4365 non
2973 4316 3273 4381 placebant.
3305 4318 3413 4373 lmo
3435 4331 3490 4374 et

1940 4394 2190 4448 doctores
2212 4410 2398 4447 eorum
2432 4412 2603 4464 paenae
2626 4398 2886 4452 obnoxios
2906 4401 3151 4456 faciebat.
3186 4404 3491 4463 Tradebant

1940 4502 2067 4539 vero
2102 4486 2215 4539 haec
2246 4487 2498 4542 Seniores
2532 4486 2838 4543 Scribarum
2867 4500 2920 4543 et
2954 4491 3365 4560 Pharisaeorum,
3412 4499 3488 4552 la-

286 4579 411 4640 τοὺς
457 4578 750 4646 εἰσηγητὰς
787 4576 966 4627 αὐτῶν
999 4578 1189 4627 ἐποίει.
1244 4576 1473 4643 Εἰσῆγον
1500 4573 1751 4626 δὲταῦτα
1787 4574 1834 4625 οἱ
1869 4584 1909 4637 D
1941 4577 2040 4629 hiis

1882 4584 1909 4637 [ι
1941 4577 2040 4629 biis
2071 4578 2287 4643 quidem
2314 4593 2371 4631 se
2394 4577 2557 4631 Deum
2584 4580 2759 4632 colere
2790 4597 2975 4634 verum
3020 4584 3277 4648 dicentes,
3326 4589 3489 4643 corde

291 4667 653 4736 πρεσὸύτεροι
674 4666 779 4717 τῶν
806 4666 1181 4735 Γραμματέων
1204 4667 1295 4717 καί
1309 4665 1637 4735 Φαρισαίων,
1662 4664 1838 4715 σέϐειν

293 4760 391 4827 μὲν
406 4760 515 4818 τοῖς
528 4758 727 4826 χείλεσι
744 4756 991 4823 λέγοντες
1016 4758 1103 4808 τὸν
1118 4755 1366 4824 ἀληθινὸν
1384 4755 1533 4817 Θεὸν,
1553 4757 1614 4821 τῇ
1632 4754 1685 4805 δὲ
1708 4770 1839 4821 καρ-

286 4850 377 4901 δία
408 4849 593 4919 πόρρω
622 4848 957 4915 διεστηκότες
984 4846 1167 4900 αὑτοῦ.
1217 4847 1274 4900 ’0
1300 4842 1389 4898 οὖν
1419 4846 1666 4912 ἀληθινὸς
1706 4846 1839 4907 Παῖς

288 4941 384 4992 καὶ
400 4939 525 5000 Υἱὸς
540 4939 789 5008 ἀληθινοῦ
807 4940 938 4991 Θεοῦ
961 4941 1052 4991 καὶ
1079 4939 1304 5007 Πατρὸς,
1324 4931 1383 4988 οὗ
1408 4937 1503 5005 τῆς
1525 4936 1837 5005 νομοθεσίας

289 5033 389 5093 τάς
402 5032 603 5091 οίκείας
618 5032 691 5099 (8)
712 5032 1025 5101 προέκρινον
1051 5029 1389 5087 διδασκαλίας
1402 5031 1445 5079 οἱ
1458 5027 1764 5096 ἀγνώμονες
1778 5027 1836 5076 ὲν

302 5122 539 5192 Ἰσραὴλ,
572 5119 720 5186 οὗτος
751 5126 777 5174 6
818 5122 1001 5191 Σωτὴρ
1025 5121 1178 5190 ἡμῶν
1206 5123 1301 5188 τήν
1332 5136 1385 5171 τε
1428 5122 1660 5186 ματαίαν
1699 5116 1837 5169 κατά

290 5214 400 5265 τῶν
432 5215 683 5282 μαθητῶν
713 5212 913 5281 μέμψιν
946 5214 1050 5266 τῶν
1083 5212 1383 5281 ἀχαρίστων
1429 5208 1691 5263 Ἰουδαίων
1716 5209 1836 5259 ἐπι-

292 5305 581 5372 στομίζων,
606 5306 697 5357 καὶ
720 5306 786 5356 τά
808 5302 1088 5374 βρώματα,
1109 5306 1180 5364 ὡς
1196 5303 1288 5354 τοῦ
1312 5301 1519 5370 Πατρὸς
1537 5300 1836 5367 ποιήματα,

290 5399 473 5465 πάσης
499 5401 737 5466 πονηρᾶς
762 5396 1077 5465 ὑπολήψεως
1109 5393 1434 5462 καθαρίζων,
1458 5391 1597 5444 καθά
1626 5390 1687 5458 δὴ
1719 5406 1839 5439 συν-

362 5516 404 5547 ⁸⁸
435 5514 621 5568 Matth.
654 5530 784 5579 un,
829 5514 918 5567 Ἦ.

1936 4682 2064 4721 vero
2088 4668 2154 4721 ab
2192 4684 2256 4721 eo
2284 4670 2469 4737 procul
2503 4670 2709 4722 remoti.
2744 4668 2914 4724 Verus
2945 4672 3106 4741 igitur
3142 4676 3277 4729 illius
3316 4687 3369 4731 et
3393 4694 3487 4731 na-

1942 4768 2028 4812 tus
2086 4759 2174 4811 Dei
2213 4775 2275 4813 ac
2324 4760 2515 4823 Patris,
2564 4760 2717 4827 cujus
2766 4761 2867 4831 legi
2918 4778 3041 4817 suas
3099 4769 3487 4836 praeceptiones

1942 4848 2175 4916 imperiti
2260 4848 2509 4900 lsraelitte
2574 4848 2967 4916 praeferebant,
3044 4852 3163 4916 ille,
3230 4856 3485 4925 inquam,

1940 4936 2191 4989 Servatur
2248 4947 2430 4989 noster
2487 4945 2539 4989 et
2595 4953 2784 4990 vanam
2862 4942 3336 5008 ingratissimorum
3390 4947 3486 5000 ,1η-

1937 5029 2173 5080 da:orum
2216 5029 2579 5097 indiseipulos
2634 5044 2761 5081 suos
2810 5032 3324 5088 animadversionem
3395 5038 3489 5090 ob-

1936 5116 2145 5177 tundit,
2206 5125 2258 5170 et
2304 5117 2486 5179 cibos,
2531 5128 2779 5185 tanquam
2831 5117 3002 5172 Patris
3049 5132 3367 5185 creaturam,
3422 5125 3489 5177 ab

1936 5205 2083 5259 omni
2145 5220 2307 5273 prava
2366 5208 2669 5275 suspicione
2712 5210 2919 5274 liberat,
2963 5210 3101 5263 sicut
3152 5222 3207 5263 et
3260 5220 3487 5264 testatur

1939 5295 2275 5358 Evangelista
2312 5313 2324 5347 :
2359 5296 2475 5347 Non
2512 5299 2645 5365 quod
2677 5299 2982 5363 ingreditur,
3016 5299 3281 5367 inquiens,
3308 5300 3363 5351 in
3409 5316 3484 5362 os,

1938 5388 2174 5455 inquinat
2220 5389 2495 5452 hominem,
2550 5390 2637 5441 sed
2663 5391 2797 5457 quod
2846 5390 3102 5459 egreditur
3132 5407 3191 5443 ex
3224 5407 3330 5456 ore,
3354 5391 3484 5443 illud

1008 5515 1053 5545 ⁸⁸
1099 5512 1286 5566 Matth.
1323 5528 1409 5573 xv,
1443 5510 1529 5564 46.
1609 5511 1651 5541 ⁵⁷
1690 5509 1871 5563 Matth.
1906 5525 2031 5571 xxu,

1906 5525 2031 5571 xxu,
2065 5510 2112 5562 7.
2192 5507 2236 5537 ⁵⁸
2265 5506 2394 5560 ibid.
2425 5506 2475 5558 8.
2552 5508 2594 5540 "
2627 5506 2810 5561 Matth.
2840 5523 2926 5574 xv,
2958 5508 3041 5563 Η.

1359 5644 1587 5699 νΑΙὶΙΑΞ
1628 5642 2005 5698 LECTIONES
2040 5641 2125 5694 ET
2160 5640 2385 5697 ΝΟΤᾸΣ.

368 5760 444 5827 (8)
493 5758 741 5821 Οίκείας.
784 5756 863 5813 lta
915 5756 1031 5828 lego
1067 5773 1163 5826 pro
1216 5756 1408 5823 οἰκίας,
1445 5757 1585 5824 quod
1628 5757 1677 5810 in
1716 5772 1815 5812 ms.
1858 5762 2047 5810 exstat.
