4222 6432
732 387 821 453 lli

1832 386 2091 446 ΡΙΙΟΤΙΙ
2132 385 2628 446 ΡΑΤΒΙΑΒΟΗίΕ
2666 389 2771 449 (ΣΡ.

3849 384 3950 453 112

721 502 959 572 inquinat
984 502 1242 554 hominem
1263 500 1328 552 ⁵⁸.
1374 496 1513 553 Alibi
1546 511 1672 551 vero
1709 497 1903 551 iterum
1935 496 2129 567 paucis
2165 509 2282 548 ver-
2310 501 2356 555 Α
2386 517 2388 544 ε

2310 501 2356 555 Α
2386 496 2817 567 επιμαρτύρεται
2847 498 2941 551 καὶ
2973 500 3000 552 6
3022 499 3415 571 εύαγγελιστής
3435 516 3447 530 ·
3470 501 3551 554 Oi)
3581 498 3648 553 τὸ
3684 501 3950 569 εἰσερχό-

723 593 804 645 bis
831 592 1168 645 concordiam
1200 599 1254 643 et
1280 590 1547 659 justitiam
1578 588 1717 641 inter
1766 587 2010 640 homines
2071 585 2279 639 stabili-

725 692 895 743 turns,
918 683 1015 733 ista
1043 681 1281 750 prxcipit
1310 698 1320 732 :
1347 678 1673 747 Quwcunque
1694 676 1959 730 volueritis
1996 686 2050 729 ut
2082 677 2281 746 faciant

722 772 857 825 vobis
899 773 1145 835 homines,
1198 772 1379 823 eadem
1418 779 1465 822 et
1511 785 1595 822 vos
1643 769 1799 839 facite
1836 768 1937 820 illis
1985 768 2051 820 ⁸ο.
2133 767 2283 820 llanc

723 878 872 914 suam
950 861 1371 914 adinonitionem
1419 870 1473 912 et
1519 860 1688 928 legem
1750 870 1806 911 ut
1858 857 2181 925 inculpatam
2228 864 2283 909 et

722 952 907 1004 utilem
935 950 1429 1015 commendaturus,
1460 950 1641 1002 addito
1667 950 1843 1017 elogio
1881 950 2014 1018 legis
2058 957 2111 1002 et
2156 964 2282 1017 pro-

722 1040 1026 1108 phetnrum,
1046 1041 1291 1109 obsignat
1314 1055 1327 1089 :
1353 1040 1433 1093 Ita
1455 1042 1613 1103 enim,
1640 1039 1911 1107 inquiens,
1933 1039 2085 1091 liabet
2126 1038 2209 1092 lea;
2233 1048 2280 1091 et

722 1139 985 1200 propheta:
1024 1132 1087 1184 “.
1122 1131 1211 1184 Sic
1255 1144 1310 1184 et
1364 1129 1616 1199 parabola
1661 1131 1767 1189 illa.
1813 1130 1867 1183 in
1924 1145 2027 1198 qua
2058 1146 2282 1199 regnum

725 1225 981 1279 cmlorum
1014 1223 1265 1277 Servator
1300 1230 1481 1274 noster
1507 1236 1629 1275 cum
1696 1220 1913 1275 homine
1973 1221 2177 1275 bonum
2228 1220 2280 1274 in

724 1333 906 1384 agrum
947 1331 1127 1368 semen
1175 1323 1457 1383 spargente
1485 1322 1780 1382 comparat,
1811 1328 1919 1367 non
1963 1314 2142 1367 minus
2180 1312 2281 1366 im-

726 1410 843 1477 pios
876 1409 1118 1461 homines
1156 1406 1362 1475 pudore
1421 1404 1702 1458 suﬂ‘undit.
1732 1402 1920 1457 Nonne
1958 1404 2101 1456 enim
2147 1418 2281 1471 prae-

724 1516 851 1553 sens
890 1500 1139 1559 mundus,
1164 1508 1217 1551 et
1256 1498 1345 1566 qui
1380 1497 1430 1549 in
1483 1496 1600 1564 ipso
1633 1505 1778 1559 sunt,
1801 1496 1866 1549 ad
1918 1510 2142 1565 regnum
2189 1492 2281 1546 Dei

726 1590 911 1644 referri
951 1590 1170 1643 debent.
1194 1588 1407 1656 quando
1457 1602 1639 1656 agrum
1676 1602 1833 1640 suum
1869 1586 2055 1640 iisdem
2105 1584 2282 1638 verbis

725 1692 877 1733 vocat
918 1695 1022 1730 non
1081 1679 1267 1741 semel,
1300 1677 1393 1730 sed
1451 1677 1572 1730 bis:
1625 1692 1811 1746 agrum
1846 1692 1974 1730 vero
2034 1676 2109 1729 ait
2161 1690 2281 1728 esse

724 1774 1005 1835 mundum,
1037 1772 1296 1825 mundum
1333 1778 1510 1823 autem
1540 1779 1598 1822 ut
1647 1785 1832 1840 agrum
1871 1769 1942 1822 ita
1974 1778 2029 1822 et
2055 1783 2280 1838 regnum

725 1879 901 1916 suum.
940 1861 1251 1915 Parabolam
1295 1860 1436 1913 enim
1486 1858 1805 1927 explicans:
1856 1857 2042 1911 Serene
2097 1857 2285 1910 bonum

725 1972 915 2017 semen,
940 1954 1130 2022 inquit,
1154 1963 1224 2004 est
1249 1950 1417 2003 Filius
1460 1950 1699 2011 hominis,
1726 1966 1840 2017 aget
1878 1965 1995 2002 vero
2027 1957 2101 2001 est
2136 1962 2285 2000 mun-

726 2048 840 2098 tlus.
891 2046 1091 2097 Bonum
1131 2058 1248 2097 vero
1304 2058 1474 2095 semen
1525 2051 1647 2095 sunt
1704 2040 1802 2109 ﬁlii
1846 2041 2036 2109 regni:
2075 2038 2284 2092 zizania

727 2148 903 2189 autem
927 2136 1024 2203 ﬁlii
1061 2134 1223 2196 mali;
1248 2135 1403 2186 [tostis
1427 2133 1662 2201 denique,
1686 2133 1780 2185 illa
1803 2147 1997 2194 serens,
2048 2130 2288 2183 diabolus

729 2237 801 2279 est
825 2228 890 2277 ⁸⁸.
924 2225 1186 2287 Audisne,
1227 2222 1498 2291 quomodo
1554 2223 1815 2276 mundum
1864 2220 2081 2291 quidem
2107 2236 2285 2286 suum,

730 2332 784 2372 et
806 2335 919 2381 eos,
950 2318 1041 2387 qui
1079 2320 1132 2369 in
1180 2331 1245 2369 eo
1268 2323 1415 2378 sunt,
1440 2331 1622 2369 semen
1657 2330 1812 2368 suum
1869 2314 2119 2383 appellet,
2156 2327 2291 2383 quos

730 2423 786 2465 et
816 2411 953 2464 lilios
976 2408 1123 2479 regni
1156 2417 1330 2470 vocat,
1355 2406 1522 2462 solam
1547 2407 1874 2459 zizaniorum
1904 2406 2289 2475 projectionem

733 2508 787 2556 in
841 2504 1053 2557 hostem
1106 2499 1389 2553 referens?
1434 2498 1538 2553 Sed
1572 2498 1782 2567 inquire
1846 2497 2288 2566 argumentando,

736 2610 863 2649 num
890 2593 1033 2662 quod
1066 2607 1321 2646 manuum
1347 2589 1652 2644 Conditoris
1673 2589 1955 2658 vestigium
1986 2596 2159 2642 tecum
2188 2587 2293 2641 cir-

732 2683 1036 2739 cumferas?
1066 2682 1125 2735 ln
1157 2681 1510 2751 sequentibus
1538 2679 1680 2733 enim
1703 2678 1999 2732 clarissime
2032 2676 2293 2730 mundum

734 2792 955 2847 regnum
1026 2789 1180 2828 suum
1232 2770 1565 2840 pronuntiat.
1603 2768 1921 2834 Quomodo?
1958 2769 2013 2820 in
2053 2784 2294 2820 consum-

737 2867 987 2929 matione,
1013 2863 1264 2932 inquiens
1312 2860 1375 2925 ⁸³,
1416 2861 1597 2914 mundi
1645 2860 1820 2928 hujus,
1849 2874 1958 2913 non
2004 2868 2182 2913 autem
2213 2860 2295 2910 l'u-

738 2960 863 3020 turi,
886 2959 1061 3011 mittet
1086 2955 1498 3008 Filiushominis
1528 2954 1745 3023 angelos
1780 2967 1925 3014 suos,
1956 2960 2009 3005 et
2048 2952 2297 3021 colligent

737 3073 804 3111 ex
836 3070 999 3125 regno
1049 3052 1344 3121 ejus,puta
1393 3047 1648 3118 praesenti
1702 3045 1920 3109 mundo,
1956 3042 2293 3098 offendicula.

2380 604 2585 655 μενον,
2612 588 2798 656 φησιν,
2830 591 2915 654 εἰς
2940 589 3007 643 τὸ
3035 591 3227 659 στόμα
3258 590 3455 648 κοινοῖ
3482 592 3586 644 τὸν
3615 592 3951 659 ἄνθρωπον,

2384 679 2543 732 duo
2575 678 2639 730 τὸ
2673 680 3147 749 ἐκπορευόμενον
3177 683 3244 735 ἐκ
3268 682 3373 736 τοῦ
3412 682 3729 749 στόματος,
3756 683 3955 736 ἐκεῖνο

2384 767 2575 820 κοινοῖ
2599 768 2705 821 τὸν
2728 768 3058 837 ἄνθρωπον.
3108 770 3192 823 Ἐν
3227 771 3407 835 ἄλλοις
3438 771 3494 824 δὲ
3530 770 3693 824 πάλιν
3722 770 3949 841 βραχέσι

2387 860 2592 929 ῥήμασι
2631 856 2727 928 τὴν
2761 860 2817 910 ὲν
2846 857 3151 927 ἀνθρώποις
3200 860 3425 927 εἰρήνην
3470 860 3564 912 καὶ
3605 860 3953 927 δικαιοσύνην

2384 952 2663 1020 κρατύνων
2697 952 2790 1003 καὶ
2821 950 3128 1021 νομοθετῶν
3168 951 3234 1005 δι’
3277 946 3352 1004 ῶν
3381 952 3534 1018 ἔλεγε
3555 970 3567 984 ο
3604 951 3804 1005 Πάντα
3835 952 3954 1003 ὅσα

2382 1043 2460 1097 ἂν
2507 1042 2716 1110 θέλητε
2759 1043 2859 1095 ἵνα
2909 1040 3163 1095 ποιῶσιν
3202 1041 3345 1111 ὑμῖν
3385 1046 3438 1096 οι
3487 1042 3803 1111 ἄνθρωποι,
3852 1043 3952 1096 και

2381 1137 2552 1202 ὑμεῖς
2567 1134 2784 1188 ποιεῖτε
2804 1134 3026 1199 αὐτοῖς.
3047 1134 3263 1203 Ταύτης
3278 1133 3442 1187 αὐτοῦ
3460 1135 3557 1202 τῆς
3575 1136 3952 1206 παραινέσεως

2384 1231 2477 1282 καὶ
2507 1229 2827 1300 νομοθεσίας
2851 1231 2911 1281 τὸ
2934 1229 3300 1298 ἀνεπίληπτον
3325 1231 3417 1281 καὶ
3446 1228 3760 1281 λυσιτελοῦν
3804 1246 3918 1301 παρ
3935 1258 3951 1269 -

2386 1320 2579 1386 ιστῶν,
2614 1321 2691 1391 τῷ
2731 1319 3001 1388 ἀξιώματι
3044 1318 3137 1372 τοῦ
3168 1319 3330 1388 νόμου
3364 1320 3458 1371 καὶ
3506 1319 3613 1372 τῶν
3657 1321 3952 1388 προφητῶν

2383 1414 2772 1483 ἐπισφραγίζει
2793 1428 2808 1443 ·
2848 1412 3010 1466 Οὕτω
3033 1408 3143 1479 γάρ
3180 1411 3332 1474 ἐστι,
3367 1412 3552 1479 φησὶν,
3586 1413 3618 1463 ό
3645 1411 3826 1478 νόμος
3854 1409 3953 1462 καὶ

2383 1506 2436 1556 ol
2461 1503 2777 1571 προφῆται.
2807 1504 2914 1555 Ναὶ
2947 1503 3009 1571 δὴ
3040 1504 3133 1555 καὶ
3162 1504 3194 1572 ἠ
3244 1500 3561 1572 παραϐολὴ,
3603 1501 3723 1554 καθ’
3756 1502 3821 1571 ἣν
3848 1500 3953 1571 τὴν

2381 1595 2488 1648 τῶν
2516 1593 2759 1664 οὐρανῶν
2786 1592 3063 1662 βασιλείαν
3090 1590 3380 1654 ἀπεικάζει
3408 1594 3435 1644 ὁ
3460 1591 3649 1662 Σωτὴρ
3677 1590 3954 1661 ἀνθρώπῳ

2385 1686 2663 1753 σπείροντι
2706 1683 2867 1736 καλὸν
2912 1684 3133 1753 σπέρμα
3176 1684 3232 1734 ὲν
3272 1681 3348 1752 τῷ
3396 1682 3551 1751 ἀγρῷ
3593 1681 3758 1734 αὑτοῦ
3786 1719 3802 1745 ,
3848 1681 3952 1734 οῦκ

2386 1777 2604 1831 ἔλαττον
2626 1778 2975 1846 καταισχύνει
2999 1776 3097 1847 τὴν
3116 1776 3388 1829 ἀσέϐειαν.
3410 1775 3533 1836 Πῶς
3553 1777 3661 1845 γὰρ
3682 1777 3780 1827 οὐκ
3804 1774 3954 1826 ἐστιν

2389 1868 2418 1919 6
2452 1865 2642 1935 παρὼν
2675 1867 2877 1937 κόσμος
2908 1869 3004 1936 τῆς
3035 1865 3311 1936 βασιλείας
3348 1863 3440 1917 τοῦ
3480 1864 3615 1917 Θεοῦ
3636 1905 3651 1928 ,
3685 1865 3779 1916 καὶ
3811 1865 3862 1916 ol
3892 1866 3953 1915 ἐν

2390 1959 2557 2029 αὐτῷ,
2587 1960 2747 2011 ὁπότε
2776 1957 2938 2012 αὐτοῦ
2973 1958 3071 2028 μὲν
3096 1956 3187 2009 τὸν
3222 1955 3388 2026 ἀγρὸν
3422 1956 3613 2018 αὑταῖς
3644 1955 3791 2022 λέγει
3832 1972 3945 2023 φωο

2390 2050 2528 2115 ναῖς,
2556 2050 2653 2118 οὐχ
2684 2048 2851 2114 ἀπαξ,
2879 2048 3015 2101 ἀλλὰ
3042 2047 3135 2100 καὶ
3165 2046 3265 2109 δὶς,
3292 2042 3431 2098 εἶναι
3453 2046 3507 2098 δὲ
3534 2046 3624 2098 τὸν
3658 2045 3825 2112 ἀγρὸν
3859 2048 3953 2095 τὸν

2391 2143 2615 2211 κόσμον,
2646 2141 2737 2192 τὸν
2760 2140 2816 2192 δὲ
2840 2139 3042 2209 κόσμον
3064 2137 3251 2205 ὥσπερ
3274 2138 3440 2206 ἀγρὸν
3465 2134 3653 2197 αὐτοῦ,
3680 2134 3821 2187 οὕτω
3848 2136 3945 2185 καὶ

2394 2232 2666 2303 βασιλείαν
2695 2231 2859 2286 αὑτοῦ
2883 2249 2897 2296 ;
2940 2230 3320 2285 Ἀναπτύσσων
3348 2228 3457 2297 γὰρ
3479 2228 3579 2297 τὴν
3612 2223 3953 2295 παραὸολὴν,

2403 2324 2465 2376 '0
2511 2325 2775 2391 σπείρων
2812 2324 2879 2376 τὸ
2923 2324 3114 2377 καλὸν
3151 2324 3408 2390 σπέρμα,
3449 2320 3650 2387 φησιν,
3705 2317 3877 2370 ἐστὶν
3921 2318 3955 2368 ό

2402 2416 2533 2479 mc
2558 2415 2665 2469 τοῦ
2704 2414 3038 2483 ἀνθρώπου,
3070 2417 3102 2469 ό
3139 2413 3207 2466 δὲ
3239 2412 3417 2481 ἀγρός
3443 2412 3613 2465 ἐστιν
3643 2412 3674 2463 ό
3702 2410 3954 2477 κόσμος.

2397 2509 2466 2562 Τὸ
2489 2508 2557 2561 δὲ
2588 2507 2779 2561 καλὸν
2809 2506 3066 2575 σπέρμα,
3094 2501 3261 2561 οὗτοι
3291 2506 3448 2557 τίσιν
3481 2505 3535 2555 ol
3563 2501 3677 2554 υἱοὶ
3711 2501 3821 2567 τῆς
3840 2501 3956 2563 βα-

2393 2601 2647 2666 σιλείαςθ
2679 2600 2749 2653 τὰ
2774 2600 2841 2653 δὲ
2871 2597 3084 2661 ᾆξανιὰ
3103 2601 3259 2653 εἰσιν
3279 2600 3333 2651 οι
3360 2598 3473 2651 vlol
3507 2592 3612 2648 τοῦ
3636 2593 3913 2659 ΠονηρΟῦ
3939 2608 3952 2619 ·

2394 2695 2426 2745 ό
2454 2690 2522 2743 δὲ
2557 2691 2771 2760 ἐχθρὸς
2803 2692 2834 2743 ό
2864 2690 3127 2758 σπείρων
3162 2687 3334 2750 αὐτὰ,
3371 2688 3543 2741 ἐστὶν
3576 2688 3607 2740 ό
3651 2683 3954 2748 διάϐολος.

2407 2780 2650 2845 Ἀκούεις
2686 2781 2800 2843 πῶς
2842 2781 2928 2834 τὸν
2975 2781 3175 2851 κόσμον
3226 2779 3324 2849 μὲν
3362 2777 3525 2833 αὑτοῦ
3556 2778 3735 2844 λέγει,
3770 2776 3863 2828 καὶ
3892 2774 3957 2827 τὸ

2398 2874 2619 2946 σπέρμα
2647 2873 2810 2926 αὐτοῦ
2837 2873 2961 2935 τοὺς
2986 2874 3043 2926 ὲν
3069 2871 3240 2941 αὐτῷ,
3259 2870 3352 2934 οὓς
3379 2872 3474 2924 καὶ
3506 2870 3653 2930 υἱοὺς
3682 2868 3777 2937 τῆς
3795 2867 3955 2936 βασι-

2397 2964 2544 3023 λείας
2566 2962 2736 3030 λέγει,
2769 2962 2937 3032 μόνην
2979 2961 3035 3014 δὲ
3079 2961 3176 3032 τὴν
3207 2961 3315 3016 τῶν
3363 2960 3615 3025 ζιζανίων
3646 2960 3957 3026 ὲπισποράι

2397 3056 2475 3117 εἰς
2498 3053 2830 3125 τὸνἘχθρὺν
2859 3052 3196 3122 ἀποπέμπει;
3238 3052 3379 3106 Ἀλλ’
3399 3050 3688 3118 ἐπίστησον
3720 3049 3828 3111 τοῖς
3861 3049 3953 3100 λο-

738 3148 921 3216 Nequc
950 3145 1094 3199 enim
1136 3146 1185 3195 in
1215 3141 1396 3195 futuro
1427 3149 1479 3193 et
1502 3146 1705 3192 interno
1754 3151 1919 3207 regno
1953 3136 2037 3189 vel
2092 3135 2296 3189 zizania
2321 3160 2365 3221 ρ
2398 3162 2405 3174 ·

2288 3154 2365 3221 lc
2398 3146 2616 3214 γισμοῖς
2659 3145 2711 3196 εἴ
2744 3160 2795 3195 τι
2829 3143 3076 3212 λείψανον
3099 3142 3199 3211 τῆς
3238 3142 3331 3195 τοῦ
3376 3141 3619 3195 Πλάστου
3668 3140 3847 3210 χειρὸς
3899 3143 3955 3190 ἐν

739 3242 1012 3295 crescunt.
1045 3232 1130 3286 vel
1158 3230 1289 3285 serit
1328 3244 1387 3284 ea
1428 3228 1617 3291 Malus,
1645 3227 1727 3281 vel
1756 3225 2079 3280 otl‘endicula
2120 3225 2296 3278 locum

741 3326 956 3389 habent,
989 3332 1046 3377 ut
1089 3338 1151 3377 ex
1174 3337 1238 3376 eo
1259 3319 1434 3388 angeli
1466 3317 1587 3371 Filii
1624 3317 1855 3371 hominis
1909 3316 2011 3370 ista
2050 3314 2299 3386 colligere

740 3420 993 3473 valeant:
1026 3416 1166 3468 sicut
1216 3422 1268 3466 et
1310 3421 1430 3483 post
1478 3411 1672 3464 factam
1726 3409 1882 3462 istam
1924 3406 2298 3461 collectionem

742 3512 947 3564 zizania
973 3509 1024 3559 in
1061 3507 1335 3559 fornacem
1391 3502 1527 3573 ignis
1559 3499 1938 3569 conjicientur.
1980 3497 2130 3550 Tunc
2171 3508 2300 3549 vero

742 3600 944 3671 ctjusti
968 3600 1021 3650 in
1060 3610 1222 3666 regno
1264 3593 1438 3649 Patris
1486 3591 1568 3647 sui
1616 3590 1871 3646 lucebunt
1924 3588 2092 3642 instar
2146 3585 2295 3640 solis.

743 3693 881 3760 Quid
910 3693 992 3746 his
1017 3689 1230 3744 Domini
1255 3687 1475 3741 vocibus
1502 3684 1626 3739 hinc
1655 3684 1721 3737 ad
1754 3680 2161 3752 depritnendam
2206 3678 2301 3732 de-

744 3786 1005 3839 lectorum
1032 3781 1383 3849 impietatem,
1418 3777 1544 3830 hinc
1568 3774 1634 3828 ad
1659 3770 2053 3840 provehendam
2098 3778 2153 3823 et
2190 3782 2302 3821 am-

744 3872 1083 3944 pliﬁcandam
1124 3869 1377 3937 pietatem
1412 3864 1681 3919 illustrius
1715 3872 1806 3915 aut
1863 3860 2131 3915 ellicacius
2180 3873 2299 3913 esse

744 3965 960 4035 potest?
993 3964 1075 4017 Eae
1103 3962 1245 4015 enim
1270 3958 1554 4019 mundum,
1586 3966 1779 4023 etquae
1808 3954 1860 4006 in
1890 3968 1955 4007 eo
1980 3950 2300 4018 sunt,Chri-

745 4060 815 4114 sti
840 4067 894 4112 et
931 4053 1269 4116 ServatOris;
1298 4052 1471 4120 ipsum
1498 4056 1677 4101 autem
1702 4047 1986 4100 Dominum
2015 4054 2069 4099 et
2100 4046 2299 4114 Regem

748 4148 1006 4210 universi,
1040 4156 1099 4199 ut
1128 4144 1179 4196 in
1222 4144 1406 4196 futuro
1458 4140 1531 4193 ita
1553 4138 1605 4191 in
1655 4136 1903 4206 prmsenti
1958 4150 2124 4204 regno
2182 4148 2301 4189 esse

743 4238 1055 4310 praedicant.
1090 4232 1226 4297 Quid
1260 4246 1388 4284 vero
1414 4228 1659 4282 homines
1690 4225 1859 4295 magis
1910 4240 2091 4289 sensu,
2141 4240 2299 4294 quam

744 4332 861 4399 ipsa
913 4326 1225 4383 inanimato,
1283 4320 1523 4375 destituti
1573 4333 1690 4373 esse
1762 4317 2025 4387 cupiunt?
2062 4315 2302 4385 quando-

742 4420 961 4490 quidem
995 4418 1073 4471 sol
1112 4426 1165 4469 et
1196 4424 1333 4467 terra
1367 4420 1420 4466 et
1444 4420 1630 4481 petrae,
1661 4410 1713 4463 in
1742 4418 2001 4478 quantum
2042 4423 2163 4462 cum
2198 4406 2300 4461 Do-

2399 3234 2574 3305 ἑαυτῷ
2618 3235 2956 3304 περιφέρεις.
3013 3234 3099 3286 Ἐν
3132 3234 3240 3303 γὰρ
3266 3235 3376 3295 τοῖς
3403 3232 3687 3301 ἑπομένοις
3718 3247 3955 3301 περιφα-

2399 3323 2501 3385 νῶς
2526 3322 2688 3374 αὐτοῦ
2722 3321 2994 3390 βασιλείαν
3025 3320 3385 3390 ἀνακηρύττει
3414 3320 3502 3373 τὸν
3530 3319 3750 3389 κόσμον.
3796 3319 3916 3379 Πῶς
3941 3336 3954 3378 ;

2413 3420 2514 3473 Ἐν
2538 3417 2612 3486 τῇ
2641 3417 2978 3483 συντελείᾳ,
3013 3415 3164 3486 φησὶ,
3196 3414 3301 3469 τοῦ
3333 3414 3546 3479 αἰῶνος
3578 3414 3813 3475 τούτου,
3839 3411 3957 3464 ἀλλ’

2399 3511 2520 3579 οὐχὶ
2547 3509 2641 3561 τοῦ
2680 3509 2983 3578 μέλλοντος,
3018 3508 3308 3561 ἀποστελεῖ
3334 3508 3362 3557 6
3392 3506 3520 3569 Υἱὸς
3547 3505 3639 3557 τοῦ
3668 3504 3954 3574 ἀνθρώπου

2398 3599 2525 3661 τοὺς
2554 3597 2817 3666 ἀγγέλους
2855 3598 3039 3661 αὑτοῦ,
3070 3597 3163 3650 κα)⁸
3192 3594 3532 3659 συλλέξουσιν
3573 3594 3635 3647 ἑκ
3665 3593 3760 3662 τῆς
3804 3593 3960 3662 βασι-

2399 3687 2548 3751 λείας
2575 3686 2760 3751 αύτοῦ,
2792 3687 3030 3757 δηλονότι
3054 3687 3146 3739 τοῦ
3176 3686 3439 3757 παρόντος
3467 3685 3670 3754 κόσμου
3696 3688 3762 3737 τὰ
3788 3685 3957 3738 σκάν-

2399 3780 2551 3835 δαλα.
2583 3780 2658 3832 Οὐ
2705 3779 2811 3849 γὰρ
2842 3780 2899 3831 ἐν
2927 3781 2991 3849 τῇ
3033 3778 3300 3849 μελλούσῃ
3339 3777 3434 3830 κα)⁸
3461 3776 3798 3845 ἀτελευτήτῳ
3818 3816 3831 3840 ,
3862 3777 3957 3828 ού-

2404 3868 2593 3938 μενοῦν
2637 3868 2758 3921 οὕτε
2798 3868 3011 3932 ζιζάνια
3052 3867 3266 3935 φύεται,
3299 3866 3418 3921 οὔτε
3448 3867 3622 3919 ταῦτα
3671 3867 3883 3934 σπείρει
3931 3870 3960 3917 6

2400 3955 2674 4025 Πονηρὸς,
2703 3953 2824 4007 οὔτε
2868 3954 3178 4006 συνίσταται
3211 3952 3508 4015 σκάνδαλα,
3540 3953 3625 4005 ἵνα
3655 3954 3716 4004 ἐκ
3752 3950 3961 4019 ταύτης

2399 4045 2447 4097 ol
2477 4043 2695 4111 ἄγγελοι
2716 4042 2809 4095 τοῦ
2846 4040 2966 4095 Υἱοῦ
3004 4041 3096 4095 τοῦ
3131 4041 3416 4112 ἀνθρώπου
3443 4040 3763 4104 συλλέξωσιν
3793 4040 3954 4093 αὺτάο

2400 4134 2525 4187 επεὶ
2558 4133 2650 4186 καὶ
2691 4134 2829 4202 μετά
2860 4131 2959 4201 τὴν
2987 4133 3051 4183 ἐκ
3078 4131 3187 4184 τῶν
3222 4129 3453 4184 ἐνταῦθα
3490 4130 3751 4197 συλλογὴν
3788 4129 3961 4181 ταῦτα

2404 4226 2502 4295 μὲν
2530 4227 2608 4287 είς
2636 4224 2736 4295 τὴν
2778 4226 3009 4294 κάμινον
3049 4223 3141 4276 τοῦ
3186 4223 3356 4292 πυρὸς
3388 4222 3690 4292 βάλλονται.
3724 4222 3767 4273 Τ
3771 4221 3856 4273 ότε
3903 4221 3961 4272 δὲ

2402 4317 2495 4369 καὶ
2542 4316 2591 4369 οἱ
2625 4314 2821 4369 δίκαιοι
2870 4318 2927 4368 ὲν
2981 4317 3047 4385 τῇ
3096 4313 3341 4384 βασιλεία
3382 4314 3474 4365 τοῦ
3519 4314 3727 4380 Πατρὸς
3781 4310 3963 4363 αὐτῶν

2402 4404 2775 4475 ἔκλάμπουσιν
2807 4404 2881 4469 ὡς
2919 4406 2947 4457 6
2976 4404 3145 4474 ἥλιος.
3183 4404 3249 4456 Τί
3279 4401 3480 4455 τούτων
3525 4402 3633 4454 τῶν
3666 4400 3963 4464 Κυριακῶν

745 4488 894 4561 mino
943 4504 1239 4574 patiuntur,
1267 4499 1626 4569 principatum
1676 4497 1794 4566 ejus
1816 4496 2029 4565 publice
2058 4496 2294 4551 edicunt.
2325 4488 2376 4547 D
2403 4515 2412 4546 ι

2293 4539 2294 4545 η
2325 4488 2376 4547 D
2403 4496 2594 4567 φωνῶν
2638 4495 3015 4567 λαμπρότερον
3060 4495 3093 4566 ἢ
3142 4495 3508 4565 δυνατώτερον
3530 4534 3543 4557 ,
3579 4493 3824 4547 καθελεῖν
3860 4493 3960 4562 μὲν

742 4600 813 4652 At
870 4598 986 4651 illos
1046 4610 1113 4649 ne
1150 4604 1262 4647 tuin
1309 4591 1524 4659 quidem
1586 4589 1770 4658 pudet,
1809 4604 1930 4642 cum
1990 4588 2302 4657 impruden-
2398 4606 2409 4624 ι

2293 4618 2302 4629 -
2398 4588 2496 4658 τὴν
2520 4589 2874 4651 ἀποστασίαν,
2908 4588 3119 4657 ὑψῶσαι
3157 4587 3213 4641 δὶ
3244 4589 3336 4641 καὶ
3374 4586 3636 4657 κρατῦναι
3674 4584 3771 4654 τὴν
3803 4586 3960 4637 εὐσέ-

746 4691 872 4743 tiam
910 4702 1062 4741 suam
1091 4686 1157 4739 ab
1197 4686 1259 4737 iis
1293 4682 1472 4736 vident
1504 4681 1835 4751 castigatam.
1880 4680 1923 4733 Α
1968 4692 2112 4732 sexta
2146 4680 2300 4743 enim,
2400 4682 2413 4731 t

2291 4720 2300 4743 ,
2400 4681 2588 4743 6etav;
2623 4679 2689 4732 δι’
2723 4674 2797 4732 ὧν
2826 4679 2915 4731 τὸν
2949 4680 3151 4749 κόσμον
3193 4680 3284 4731 καὶ
3314 4678 3380 4731 τὰ
3414 4681 3469 4731 ὲν
3503 4676 3649 4745 αὑτῷ
3685 4674 3778 4727 τοῦ
3818 4675 3958 4745 Χρι-

746 4780 941 4848 inquit,
969 4781 1098 4831 liora
1146 4790 1307 4844 usque
1330 4774 1396 4826 ad
1426 4786 1617 4824 nonam
1663 4770 1883 4823 tenebris
1913 4770 2061 4838 factm
2081 4776 2220 4832 sunt,
2257 4776 2304 4820 et
2402 4786 2413 4820 ι

2295 4776 2304 4819 t
2402 4768 2525 4821 στοῦ
2574 4769 2667 4822 καὶ
2706 4769 2953 4841 Σωτῆρος
2995 4769 3149 4838 ἡμῶν
3188 4767 3647 4837 ἀνακηρύττουσι⁶
3681 4765 3962 4832 Δεσπότην

747 4884 886 4925 terra
906 4879 1158 4924 commota
1186 4878 1279 4932 est,
1300 4878 1345 4920 et
1366 4876 1524 4935 petra:
1541 4868 1716 4921 scissa:
1730 4871 1848 4917 sunt
1882 4862 1945 4916 “.
1969 4861 2098 4927 Quae
2159 4860 2302 4913 enim
2402 4860 2414 4912 ἰ

2296 4878 2302 4911 I
2402 4860 2457 4914 δὲ
2487 4860 2579 4913 καὶ
2615 4860 2849 4912 Βασιλέα
2903 4858 2994 4911 τοῦ
3049 4860 3247 4921 παντὸς
3282 4858 3466 4929 ὥσπερ
3518 4859 3614 4925 τῆς
3662 4854 3963 4924 μελλούσης

747 4965 885 5016 inter
909 4972 1211 5016 creaturam
1242 4962 1436 5016 malam
1465 4970 1517 5013 et
1545 4958 1871 5013 Dominicam
1895 4952 2300 5023 perpessionem
2401 4968 2414 5003 <

2295 4969 2300 5001 l
2401 4950 2540 5004 οὕτω
2569 4950 2788 5019 καὶτῆς
2824 4950 3101 5020 παρούσης
3137 4951 3525 5020 ἀναγορεύουσι
3566 4947 3859 5017 βασιλείας.
3894 4946 3962 4997 Τί

749 5055 1059 5109 communio
1086 5063 1175 5107 aut
1204 5048 1898 5108 commiseratiointercedit
1916 5045 2084 5099 iNam
2111 5056 2303 5099 secun-

748 5148 875 5200 dum
908 5145 1195 5215 impiorum
1230 5144 1440 5198 illorum
1465 5143 1654 5213 placita
1687 5151 1884 5195 terrain
1915 5136 2192 5207 superbire
2212 5135 2304 5189 de-

746 5238 901 5291 cebat
923 5248 977 5290 et
994 5234 1481 5304 splendidohabitu
1509 5233 1677 5295 indui,
1701 5228 2129 5300 quandoquidem
2153 5226 2301 5280 vide-

749 5331 838 5383 bat
861 5328 1111 5396 eum,qui
1138 5327 1404 5381 conditori
1432 5340 1531 5379 suo
1555 5323 1846 5395 perniciem
1869 5322 2125 5376 allaturos
2158 5326 2294 5381 erat,

753 5421 914 5473 tantis
948 5419 1276 5473 cruciatibus
1306 5417 1520 5485 exponi.
1552 5414 1831 5481 Quomodo
1875 5428 2002 5467 vero
2046 5420 2166 5481 post
2211 5427 2299 5465 re-

749 5510 1163 5571 surrectionem,
1204 5523 1325 5559 cum
1356 5506 1596 5559 nondum
1632 5504 1683 5557 in
1714 5504 1887 5557 Patris
1909 5504 2107 5565 sinum,
2139 5516 2301 5571 quem

746 5613 1021 5665 nunquam
1053 5598 1380 5659 deseruerat,
1416 5594 1680 5659 rcdiisset,
1711 5610 1739 5645 ιι
1763 5590 1917 5645 Patre
1951 5591 2153 5660 accepit
2202 5606 2302 5661 po-

818 5796 860 5826 '°
890 5793 1078 5849 Matth.
1111 5791 1295 5856 “1,122
1369 5792 1409 5823 ⁶¹
1468 5791 1604 5846 lbid.
1682 5791 1726 5822 "
1767 5788 1951 5843 Matth.
1987 5786 2214 5853 xm,‘58.
2294 5784 2336 5817 ⁸³
2368 5781 2557 5839 Matth.
2587 5800 2730 5853 xxiv,
2771 5786 2856 5840 5L

2397 5042 2454 5095 δὲ
2505 5041 2866 5109 φιλονεικοῦσι
2896 5042 3004 5094 τῶν
3032 5042 3252 5112 ἀψύχων
3297 5040 3546 5109 γενέσθαι
3578 5037 3965 5106 ἀναισθητότε-

2404 5149 2520 5202 ροι;
2549 5131 2912 5201 ὁπότανῆλιος
2943 5132 3062 5200 μὲν,
3093 5135 3187 5184 καὶ
3217 5132 3310 5200 γῆ,
3343 5132 3434 5183 καὶ
3459 5126 3756 5197 πέτραι,δι’
3784 5121 3859 5180 ὧν
3886 5127 3968 5197 τῷ

2400 5222 2714 5292 Δεσποτικῴ
2747 5222 3081 5292 συνέπασχον
3111 5220 3293 5286 πάθει,
3321 5222 3416 5290 τὴν
3451 5219 3613 5273 αὑτοῦ
3647 5218 3965 5271 δεσποτείαν

2404 5312 2770 5383 κηρύττουσι,
2809 5308 2954 5367 οῦτοι
3004 5312 3059 5366 δὲ
3110 5314 3374 5367 κάκείνων
3426 5312 3523 5383 τὴν
3556 5310 3741 5365 ἄνοιαν
3782 5308 3966 5362 αὐτῶν

2406 5405 2734 5474 ἐλεγχόντων
2763 5406 2862 5458 οὐκ
2895 5406 3256 5475 αἰσχύνονται.
3302 5404 3443 5459 Ἀπὸ
3473 5405 3582 5473 γὰρ
3619 5402 3729 5472 τῆς
3760 5400 3963 5467 ἕκτης,

2408 5500 2589 5568 φησιν,
2629 5498 2784 5566 ὧρας
2806 5497 2917 5561 ἕως
2941 5496 3193 5565 ἐννὰτης
3218 5498 3437 5563 σκότος
3475 5496 3737 5567 ἐγένετο,
3782 5494 3879 5547 καὶ
3924 5494 3965 5559 ἠ

2410 5590 2483 5661 τῆ
2516 5590 2784 5657 ἐσείσθη,
2826 5589 2921 5643 καὶ
2960 5592 3020 5643 al
3063 5590 3266 5657 πέτραι
3291 5589 3691 5659 ἐσχίσθησαν.
3722 5586 3818 5648 Τίς
3856 5587 3968 5655 γὰρ

2936 5786 2977 5817 ιδ
3008 5784 3194 5840 Matth.
3224 5784 3317 5848 27,
3356 5783 3445 5837 45.
