4222 6432
266 366 370 432 113

1315 375 1605 437 CONTRA
1645 374 2097 437 MANICII.‘EOS
2138 378 2357 437 LIBER
2401 378 2480 439 ΙΙ.

3362 377 3463 442 114

263 479 520 535 κοινωνία
549 482 581 552 ἢ
615 482 925 552 συμπάθεια
956 483 1194 555 πονηροῦ
1240 484 1555 557 πλάσματος
1583 485 1678 540 καὶ
1723 488 1818 538 Δε-
1847 487 1894 544 Α
1922 496 1930 539 1

1801 514 1818 525 -
1847 487 1894 544 Α
1922 494 2167 541 testatem
2202 486 2254 540 in
2281 487 2474 541 coelum
2502 493 2555 539 et
2578 491 2795 547 terram,
2828 500 3079 554 quorum,
3110 485 3201 556 qui
3229 485 3468 550 dederat,

266 573 526 625 σποτικοῦ
556 575 788 637 «diioui;
836 576 1031 645 Ἐχρῆν
1070 576 1176 645 γὰρ
1208 576 1407 646 μᾶλλον
1448 578 1591 640 ὅσον,
1633 578 1725 629 ἐπὶ
1748 576 1824 646 τῷ

261 662 377 713 τῶν
407 663 617 716 ἀσεϐῶν
646 663 903 733 δόγματι,
943 665 1353 736 λαμπρύνεσθαί
1392 685 1449 720 τε
1494 669 1587 720 καὶ
1619 668 1825 736 κόσμον

260 754 689 822 περιϐάλλεσθαι
729 755 951 823 μείζονά
980 773 1039 808 τε
1083 758 1175 809 καὶ
1205 757 1700 827 περιφανὼτερον,
1736 756 1821 824 ἐφ’

257 836 304 909 ᾧ
334 844 427 896 τὸν
471 846 714 898 καθελεῖν
752 849 1162 917 παραγεγονότα
1213 849 1304 901 τὸν
1351 849 1595 920 πλάστην
1643 848 1821 901 αὐτῶν

258 935 580 1001 τηλικοῦτον
634 936 802 999 πάθος
862 937 1087 990 ἔϐλεπον
1140 940 1523 1008 ὑφιστάμενον.
1583 940 1705 1000 Πῶς
1762 939 1819 992 δὲ

262 1026 403 1094 μετᾶ
438 1026 535 1096 τὴν
564 1027 858 1080 ἀνάστασιν
888 1029 1009 1097 μὲν,
1040 1028 1192 1083 οῦπω
1224 1030 1278 1083 δὲ
1309 1032 1443 1100 πρὸς
1478 1033 1601 1095 τοὺς
1627 1050 1821 1103 πατρι-

259 1120 394 1181 κοὺς
441 1118 469 1169 6
507 1119 772 1188 μηδέποτε
810 1120 1029 1183 τούτους
1074 1121 1244 1175 λιπὼν
1281 1124 1517 1177 ἀνελθὼν
1546 1126 1777 1188 κόλπους
1801 1166 1816 1190 ,

259 1212 415 1278 παρὰ
449 1208 543 1261 τοῦ
577 1212 782 1280 Πατρὸς
809 1211 907 1280 τὴν
948 1211 1193 1276 ἐξουσίαν
1224 1214 1487 1284 λαμῢάνει
1508 1215 1617 1269 ,τοῦ
1649 1233 1704 1268 τε
1732 1218 1819 1269 ού-

260 1298 425 1367 ρανοῦ
448 1302 540 1352 καὶ
569 1301 667 1369 τῆς
688 1301 812 1369 γῆς,
840 1295 915 1354 ὧν
938 1302 1036 1355 οὐκ
1058 1298 1124 1372 ἦν
1150 1304 1351 1373 Κύριος
1376 1307 1403 1358 6
1432 1305 1634 1373 διδούς;
1662 1306 1819 1361 Οὕτω

258 1390 370 1457 γὰρ
420 1391 453 1457 ἡ
504 1390 767 1459 θεομάχος
826 1392 1046 1459 γλῶσσα
1093 1394 1381 1463 δυσφημεῖ.
1449 1397 1571 1447 Ἐπὶ
1607 1397 1817 1461 τούτοις

254 1478 313 1529 δὲ
348 1480 396 1530 εί
421 1480 577 1548 ἀγροὶ
611 1483 705 1533 καὶ
742 1483 910 1535 οἰκίαι
939 1486 1036 1553 τῆς
1065 1485 1244 1554 χειρός
1278 1489 1383 1538 εἰσι
1407 1486 1500 1538 τοῦ
1534 1488 1773 1556 Πονηροῦ
1800 1527 1814 1551 ,

258 1568 380 1631 πῶς
411 1572 439 1622 6
481 1572 682 1637 ἀγαθὸς
726 1572 854 1635 Θεὸς
894 1576 920 1627 6
958 1575 1146 1643 Σωτὴρ
1191 1576 1345 1645 ἡμῶν
1383 1581 1493 1639 τοῖς
1523 1579 1815 1647 προθύμως

254 1661 679 1731 ἡκολουθηκόσιν
726 1665 872 1734 αὐτῷ
909 1666 1047 1733 μετὰ
1084 1666 1191 1718 τῶν
1223 1669 1459 1721 αἰωνίων
1488 1671 1689 1738 ἀγροὺς
1725 1673 1814 1722 καὶ

251 1754 427 1814 οἰκίας
451 1755 843 1821 ἐπαγγέλλεται
876 1762 1193 1827 παρασχεῖν,
1223 1759 1257 1813 ἃ
1282 1761 1460 1829 φαῦλά
1485 1764 1541 1814 τέ
1574 1765 1688 1813 ἐστι
1722 1764 1811 1814 καὶ

254 1842 461 1907 φαύλου
498 1845 740 1913 ποιητοῦ,
782 1850 872 1900 καὶ
900 1842 972 1900 ὧν
1020 1848 1141 1902 οὔτε
1190 1850 1390 1920 Κύριος
1438 1853 1595 1914 αὐτὸς
1645 1853 1805 1920 ἔχειν,

249 1934 375 1986 οὔτε
412 1936 589 1997 ἄλλοις
618 1943 951 2007 παρασχεῖνς
980 1940 1043 1992 Τί
1066 1940 1121 1992 δὲ
1152 1943 1241 1993 καὶ
1266 1945 1342 2004 είς
1370 1944 1557 2011 μισθὸν
1578 1944 1682 1996 ἔδει
1715 1946 1809 2011 φέ-

252 2041 369 2093 ρειν
400 2026 469 2077 τὰ
494 2025 586 2077 τοῦ
619 2026 841 2095 Ἐχθροῦ
866 2030 977 2090 τοῖς
1000 2029 1174 2082 πάντα
1201 2030 1444 2083 λιποῦσιν
1464 2033 1557 2083 καὶ
1586 2032 1809 2085 ἀκολου-

251 2117 481 2184 θήσασιν
518 2118 695 2188 αὐτῷ,
727 2122 817 2173 καὶ
851 2121 1388 2191 συμπεριλαμόάνειν
1425 2126 1603 2186 αὐτοῖς
1643 2127 1699 2176 ἐν
1732 2123 1808 2194 τῷ

246 2208 436 2277 δώρῳ,
489 2212 580 2262 καὶ
629 2210 727 2279 τὴν
780 2212 996 2264 αἰώνιον
1048 2212 1189 2284 ζωὴν
1244 2215 1468 2282 ἀγαθοῖς
1516 2217 1807 2271 συνάπτειν

248 2299 432 2363 φαῦλα
452 2338 465 2363 ,
491 2300 582 2351 καὶ
612 2299 697 2352 διὰ
725 2301 818 2368 τῆς
846 2302 1159 2373 προσθήκης
1187 2304 1280 2357 τοῦ
1322 2306 1560 2374 χείρονος
1596 2307 1807 2378 ἐνυϐρί-

245 2390 364 2451 ζειν
393 2391 486 2442 καὶ
517 2390 543 2442 ὃ
571 2390 635 2457 ἂν
657 2386 723 2459 ἦν
748 2393 916 2461 χωρὶς
935 2393 1033 2461 τῆς
1062 2394 1372 2466 προσθήκης
1394 2398 1676 2450 κάλλιστον
1698 2399 1805 2453 τῶν

242 2479 469 2551 δὼρωνς
502 2481 621 2543 Πῶς
653 2482 709 2535 δὲ
736 2482 895 2535 πάλιν
936 2484 1349 2553 ὲρωτησάμενος
1390 2488 1419 2539 6
1455 2488 1644 2558 Σωτὴρ
1678 2492 1805 2560 περὶ

243 2574 353 2626 τῶν
409 2572 650 2641 νομικῶν
711 2572 936 2627 ἐντολῶν
991 2574 1212 2645 πρώτην
1269 2577 1365 2646 μὲν
1422 2573 1561 2631 εἷναί
1605 2596 1800 2649 φησιν·

248 2668 491 2726 Ἀκουε,
538 2662 784 2730 Ἰσραήλ
811 2680 823 2693 ⁸
854 2666 1063 2732 Κύριος
1094 2670 1125 2719 ό
1154 2669 1296 2733 Θεός
1329 2686 1445 2723 σου
1476 2671 1690 2737 Κύριος
1718 2668 1805 2738 εἷς

242 2754 397 2806 ἐστι.
440 2753 549 2808 Kal
609 2753 941 2821 ἀγαπήσεις
989 2757 1205 2823 Κύριον
1243 2757 1349 2809 τὸν
1390 2761 1537 2812 Θεόν
1575 2776 1691 2813 σου
1735 2763 1803 2826 ἐξ

243 2845 396 2909 ὅλης
443 2842 551 2910 τῆς
585 2843 828 2910 καρδίας
865 2860 1001 2906 σου,
1047 2844 1144 2897 καὶ
1186 2845 1253 2909 ἐξ
1282 2845 1429 2912 ὅλης
1462 2848 1569 2914 τῆς
1597 2850 1804 2918 ψυχῆς

242 2950 384 2996 σου,
430 2935 525 2987 καί
562 2934 629 2998 ἐξ
660 2934 808 3000 ὅλης
846 2933 952 2999 τῆς
997 2936 1206 3003 Ισχύθς
1240 2952 1387 2999 σου,
1423 2940 1517 2990 καὶ
1555 2939 1622 3003 ἐξ
1658 2939 1804 3005 ὅλης

243 3025 349 3093 τῆς
372 3026 637 3091 διανοίας
657 3042 806 3086 σου;
836 3029 1102 3095 Δευτέραν
1131 3027 1205 3090 δὲ,
1238 3031 1302 3097 ἣν
1329 3029 1447 3081 οὐδὲ
1477 3033 1509 3098 ή
1540 3031 1803 3099 ἐρώτησις

1924 594 2031 630 non
2054 577 2351 630 exsistebat
2398 576 2787 631 Dominus?lla
2817 577 2961 629 enim
3013 576 3185 646 lingua
3225 577 3331 631 Deo
3382 578 3477 631 ad-

1925 685 2077 723 versa
2135 668 2424 723 maledicit.
2463 668 2689 736 Insuper
2742 684 2871 723 vero
2920 668 2964 721 si
2994 670 3104 737 agri
3132 680 3186 721 et
3226 670 3417 722 domus
3445 688 3474 722 ιι

1924 775 2084 813 manu
2132 759 2251 813 Mali
2278 759 2712 829 proficiscuntur,
2774 759 3043 827 quomodo
3089 759 3264 813 bonus
3311 761 3472 820 Deus,

1925 852 2177 903 Servator
2201 858 2403 910 noster,
2432 849 2649 903 asseelis
2692 849 2805 903 suis
2860 860 3055 917 praeter
3078 860 3277 903 αξιοι-ηε
3333 850 3471 903 bona

1920 949 1974 993 et
2002 955 2157 1008 agros
2185 948 2238 993 et
2264 941 2454 993 domos
2477 940 2837 993 exhibiturum
2870 954 2926 991 se
2950 939 3249 1005 pollicetur,
3275 940 3471 1007 quippe

1919 1046 2036 1099 qua:
2060 1040 2112 1082 et
2135 1030 2267 1083 mala
2293 1038 2438 1091 sunt,
2464 1040 2516 1082 et
2549 1028 2671 1081 mali
2704 1028 3016 1090 conditoris,
3046 1038 3100 1081 et
3130 1030 3179 1080 in
3210 1044 3327 1097 qua:
3356 1029 3472 1097 ipse

1921 1128 2238 1189 potestatem
2266 1135 2371 1173 non
2406 1121 2566 1173 habet
2619 1119 2703 1173 vel
2746 1119 3052 1187 possidendi
3091 1134 3172 1185 ea,
3223 1119 3305 1173 vel
3356 1119 3474 1173 aliis

1919 1213 2203 1266 exhibendi
2232 1212 2254 1262 ἲ
2282 1213 2561 1275 Quomodo
2595 1227 2721 1265 vero
2749 1212 2830 1264 l'as
2858 1222 2993 1268 erat.
3021 1226 3103 1273 ea,
3138 1226 3257 1279 quae
3303 1210 3474 1263 hostis

1919 1311 2063 1365 sunt,
2101 1304 2302 1371 pruamii
2332 1304 2448 1356 loco
2488 1305 2615 1356 dare
2647 1303 2713 1356 iis
2763 1304 2853 1371 qui
2912 1304 3091 1354 omnia
3116 1302 3473 1370 reliquerant,

1919 1403 1970 1447 et
2006 1394 2178 1462 ipsum
2204 1394 2370 1447 seculi
2406 1403 2578 1454 erant,
2612 1402 2666 1446 et
2693 1393 2832 1445 inter
2862 1394 3076 1461 prmmia
3106 1392 3192 1444 illa
3214 1403 3469 1445 aeternam

1918 1501 2128 1553 quoque
2157 1485 2316 1536 vitam
2351 1499 2632 1551 reponere,
2658 1494 2817 1552 atque
2848 1484 2981 1537 adeo
3011 1483 3284 1556 malacum
3316 1484 3472 1536 bonis

1917 1577 2265 1645 conjungere,
2297 1586 2350 1629 ct
2382 1576 2691 1630 accessione
2735 1576 2855 1629 mali
2896 1576 3197 1630 diminuere
3248 1577 3298 1630 id
3330 1577 3473 1644 quod

1916 1669 2032 1720 sine
2083 1669 2165 1720 illa
2212 1668 2518 1721 accessione
2560 1669 2824 1721 donorum
2879 1668 3118 1721 omnium
3162 1678 3279 1721 erat
3334 1684 3473 1736 prsc—

1916 1756 2342 1809 stantissimum?
2367 1757 2644 1820 Quomodo
2669 1771 2839 1809 verus
2869 1758 3029 1809 etiam
3066 1756 3315 1810 Servator
3342 1773 3470 1809 nos-

1919 1853 1998 1897 ter
2026 1844 2091 1897 de
2114 1845 2392 1912 praeceptis
2416 1845 2672 1913 legalibus
2703 1846 3038 1915 interrogans
3080 1846 3309 1911 primum
3335 1847 3471 1898 dixit

1917 1949 2037 1987 esse
2059 1952 2070 1987 :
2093 1934 2466 1997 AudiJsrael:
2500 1934 2745 1987 Dominus
2766 1935 2902 1987 Deus
2930 1949 3046 1987 tuus
3062 1936 3312 1988 Dominus
3337 1953 3469 1988 unus

1917 2035 2009 2077 est.
2043 2028 2109 2077 Et
2134 2025 2317 2094 diliges
2360 2025 2636 2077 Dominum
2662 2025 2824 2076 Deum
2878 2035 3021 2076 tuum
3060 2042 3120 2077 ea;
3168 2034 3272 2076 toto
3320 2026 3468 2075 corde

1916 2124 2001 2168 tuo
2022 2125 2067 2168 et
2113 2125 2220 2167 tota
2253 2118 2432 2168 animo
2468 2125 2580 2177 tua,
2612 2125 2659 2168 et
2694 2132 2755 2168 ex
2781 2116 3013 2167 omnibus
3045 2115 3238 2167 uiribus
3266 2116 3388 2173 tuis,
3419 2124 3466 2165 et

1912 2222 1973 2259 ex
2016 2208 2154 2259 omni
2198 2217 2364 2259 mente
2394 2215 2482 2258 tua
2506 2207 2573 2259 ".
2617 2206 2854 2258 Alterum
2880 2205 3190 2273 vero.quod
3237 2211 3463 2273 quaestio

1912 2311 1978 2348 ne
2022 2296 2326 2363 requirebat
2352 2295 2563 2364 quidem
2588 2312 2601 2359 ;
2633 2296 2825 2365 Diliges
2847 2298 3138 2362 proximum
3161 2305 3305 2348 tuum
3336 2306 3388 2347 ut
3415 2304 3463 2348 te

1911 2387 2154 2455 ipsum".
2182 2386 2366 2455 Neque
2390 2387 2441 2438 in
2467 2402 2531 2439 eo
2556 2387 2843 2455 acquievit,
2868 2387 2959 2440 sed
2982 2402 3102 2440 cum
3123 2387 3464 2455 interrogan-

1910 2485 2017 2530 tem
2044 2478 2141 2531 sibi
2168 2478 2593 2531 consentientem
2634 2487 2827 2531 nactus
2858 2488 3020 2541 esset,
3046 2492 3154 2531 non
3178 2478 3363 2545 procul
3398 2478 3465 2529 ah

1910 2583 1975 2621 eo
2004 2584 2122 2620 esse
2152 2567 2284 2619 dixit
2335 2567 2427 2620 Dei
2476 2583 2719 2637 regnum.
2757 2567 3035 2633 Quomodo
3068 2578 3274 2622 autem
3322 2569 3465 2637 leges

1908 2658 2171 2721 Mosaicae,
2208 2658 2250 2711 si
2276 2659 2488 2727 quidem
2520 2659 2749 2714 fuissent
2770 2660 2960 2722 hostis,
2987 2660 3219 2728 primum
3247 2661 3462 2728 quidem

1908 2765 2075 2802 unum
2110 2749 2275 2802 Deum
2321 2757 2375 2803 et
2423 2750 2708 2803 Dominum
2764 2751 2900 2804 scire
2934 2766 2989 2803 se
3039 2759 3092 2804 et
3150 2766 3461 2821 agnoscere,

1906 2852 2065 2911 atque
2090 2843 2335 2895 eumdem
2360 2842 2532 2895 solum
2556 2858 2622 2895 ex
2647 2851 2757 2896 toto
2781 2843 2959 2907 corde,
2987 2851 3041 2895 et
3075 2844 3379 2911 proximum
3406 2852 3464 2895 ut

1905 2934 2178 2987 hominem
2200 2934 2369 3002 ipsum
2391 2935 2679 2987 amandum
2701 2949 2820 2987 esse
2842 2933 3262 3001 profiterentur?
3286 2932 3341 2987 Si
3365 2936 3463 3001 igi-

1906 3034 1991 3076 tur
2012 3040 2177 3077 uuum
2210 3024 2374 3076 Deum
2408 3034 2461 3078 et
2524 3024 2805 3077 Dominum
2850 3024 3104 3092 praedicat
3142 3023 3336 3087 Moses,
3362 3040 3463 3077 nec

243 3119 467 3188 ἀπῄτει·
511 3117 866 3184 Ἀγαπήσεις
896 3117 1000 3169 τὸν
1028 3120 1292 3181 πλησίον
1320 3134 1437 3171 σου
1467 3120 1544 3183 ὠς
1564 3122 1800 3177 ἑαυτόν.
1834 3146 1874 3201 C
1908 3130 1910 3136 ’

1791 3166 1800 3177 _
1834 3146 1874 3201 ο
1908 3123 2099 3182 praeter
2128 3128 2250 3167 eum
2286 3114 2447 3167 alium
2475 3114 2577 3168 coli
2613 3115 2698 3169 vel
2743 3116 2954 3169 adorari
3000 3116 3132 3178 vult,
3168 3124 3286 3183 post
3330 3116 3458 3167 illud

243 3210 356 3261 Καὶ
387 3210 445 3260 οὒ
479 3208 633 3277 μέχρι
663 3210 853 3261 τούτου
879 3208 1026 3279 ἔστη,
1057 3209 1189 3261 ἀλλὰ
1218 3211 1309 3261 καὶ
1328 3211 1418 3262 τὸν
1448 3212 1805 3280 ἐπερωτῶντα

245 3300 537 3369 σύμψηφον
562 3300 731 3369 εὑρὼν
757 3300 816 3351 οὺ
862 3301 1076 3368 μακρὰν
1120 3302 1337 3353 ἀνεῖπεν
1362 3298 1498 3355 εἶναι
1530 3304 1624 3373 τὴν
1654 3305 1804 3373 βασι-

242 3391 396 3443 λείαν
436 3390 526 3441 τοῦ
560 3389 713 3441 Θεοῦ.
756 3391 878 3453 Πῶς
913 3389 1020 3460 γὰρ
1054 3391 1106 3443 al
1142 3393 1430 3444 Mmoaixal
1471 3394 1799 3462 νομοθεσίαι,

242 3482 407 3549 εἴπερ
443 3477 579 3549 ἦσαν
605 3481 696 3533 τοῦ
744 3479 989 3550 Ἐχθροῦ,
1026 3482 1239 3551 πρῶτον
1285 3483 1382 3551 μὲν
1414 3483 1504 3535 ἕνα
1533 3486 1664 3538 Θεὸν
1710 3487 1803 3539 καὶ

244 3571 452 3639 Κύριον
482 3570 858 3639 νομοθετοῦσιν
892 3570 1086 3623 εἰδέναι
1120 3572 1210 3623 καὶ
1251 3575 1422 3623 νοεῖν·
1466 3570 1584 3627 εἶτα
1616 3576 1801 3629 τοῦτον

244 3661 407 3727 μόνον
436 3662 653 3730 ἀγαπᾷν
694 3660 751 3724 ἐξ
779 3661 905 3730 δλης
938 3661 1182 3729 καρδίας,
1222 3662 1314 3715 καὶ
1338 3663 1431 3715 τὸν
1472 3664 1693 3735 πλησίον
1726 3666 1801 3731 ὡς

240 3750 455 3814 ἐαυτὸν;
486 3751 543 3802 ΕΞ
572 3746 663 3803 οῦν
685 3750 777 3802 ἕνα
804 3750 934 3802 Θεὸν
954 3752 1046 3802 καί
1068 3751 1267 3820 Κύριον
1295 3754 1799 3825 ἀνακηρύττειΜω-

244 3838 370 3904 σῆς,
406 3840 498 3889 καὶ
546 3841 693 3908 παρὰ
727 3838 913 3891 τοῦτον
941 3839 1097 3893 ἄλλον
1135 3843 1270 3910 μήτε
1308 3842 1624 3912 λατρεύειν,
1660 3849 1797 3916 μήτε

241 3932 588 3998 προσκυνεῖν,
622 3930 758 3998 μετὰ
783 3930 837 3981 δὲ
865 3930 1067 4000 ταύτην
1103 3931 1199 4002 τὴν
1230 3933 1448 4003 πρώτην
1476 3936 1549 3999 ὡς
1585 3939 1799 4008 ἀληθῶς

241 4015 489 4083 ἐντολὴν,
522 4018 615 4067 καὶ
652 4016 711 4067 τὸ
739 4017 1060 4087 φιλάλληλον
1099 4021 1192 4072 καὶ
1234 4021 1615 4091 φιλάνθρωπον
1659 4030 1796 4082 κατὰ

239 4105 330 4157 τὸν
368 4108 550 4174 ὅμοιον
590 4107 786 4177 τρόπον
827 4107 918 4160 τοῦ
958 4112 1219 4179 σωτηρίου
1255 4116 1669 4184 προστάγματος
1709 4136 1795 4171 νο-

243 4195 481 4262 μοθετεῖ,
506 4197 605 4249 ποῦ
636 4200 667 4267 ἠ
710 4199 917 4268 πονηρὰ
945 4200 1041 4268 τῆς
1072 4202 1405 4266 ἀποστασίας
1437 4207 1614 4278 ἀρχή;
1660 4211 1796 4263 Ἀλλ’

237 4288 265 4337 6
300 4285 397 4353 μὲν
434 4287 797 4357 Γραμματεὺς
830 4290 1027 4357 συνῆκε
1064 4291 1157 4343 τοῦ
1198 4295 1464 4347 Δεσπότου
1487 4336 1499 4357 ,
1530 4300 1628 4369 τὴν
1664 4302 1794 4353 Μω-

238 4375 434 4442 σαῖκὴν
480 4376 768 4441 κυροῦντος
796 4378 996 4446 φωνὴν,
1030 4380 1109 4432 ὅτι
1140 4377 1218 4444 εἷς
1248 4385 1390 4436 ἐστιν
1428 4389 1454 4437 6
1493 4388 1648 4452 Θεὸς,
1700 4392 1791 4443 καὶ

1908 3221 2036 3261 vero
2058 3208 2291 3275 primum
2315 3217 2644 3276 praeceptum
2670 3216 2915 3261 mutuum
2947 3208 2998 3260 in
3026 3208 3271 3261 homines
3312 3223 3459 3260 amo-

1906 3314 2016 3351 rem
2042 3306 2311 3367 prtecepto
2329 3300 2629 3353 Servaloris
2664 3300 2832 3353 nostri
2872 3300 3255 3353 convenienter
3281 3306 3457 3365 urget.

1904 3389 2211 3457 ulii,qu:cso
2238 3398 2307 3451 te,
2329 3390 2525 3442 malum
2552 3398 2912 3458 apostatarum
2937 3390 3253 3458 principium
3282 3390 3455 3442 locum

1905 3482 2108 3537 habet?
2135 3485 2202 3534 At
2229 3482 2414 3537 Scriba
2434 3484 2648 3552 quidem
2676 3485 2761 3537 ille
2793 3485 3123 3554 intelligebat
3151 3484 3452 3543 Dominum,

1904 3575 2191 3628 Mosaicam
2232 3576 2401 3645 legem
2439 3577 2850 3644 approbantcm,
2893 3577 3035 3644 quod
3084 3575 3290 3629 scilicet
3317 3591 3456 3628 unus

1902 3665 1970 3717 sit
1998 3666 2155 3726 Deus,
2190 3681 2289 3718 nec
2326 3666 2463 3719 ullus
2484 3675 2678 3734 pragter
2706 3680 2850 3718 eum.
2879 3664 2983 3729 Qui
3014 3680 3139 3718 vero
3171 3664 3372 3717 Scribis
3402 3674 3456 3717 et

1900 3757 2184 3811 Pbariszeis
2214 3757 2463 3811 meliores
2512 3772 2633 3810 esse
2682 3756 2816 3825 jussi
2863 3765 3010 3820 sunt,
3056 3773 3125 3810 ne
3174 3758 3450 3810 minimam

1899 3847 2112 3917 quidem
2134 3847 2347 3915 pietatis
2372 3858 2573 3915 partem
2589 3847 2687 3900 sibi
2712 3856 2944 3900 servant.
2967 3847 3139 3901 Lucas
3160 3864 3307 3908 vero,
3333 3864 3453 3898 vcr-

1900 3939 2087 3991 borum
2111 3937 2317 3991 Domini
2338 3940 2584 4006 scriptor,
2616 3939 2884 4006 quomodo
2909 3938 3225 3992 Zachariam
3256 3948 3309 3990 ct
3343 3937 3450 3990 Eli-

1899 4032 2197 4089 sabetham,
2244 4031 2296 4082 in
2357 4031 2524 4084 veteri
2582 4040 2904 4085 testamento
2948 4032 3207 4093 viventes,
3256 4031 3448 4099 justus,

1897 4137 2099 4190 eosque
2122 4137 2298 4175 coram
2350 4121 2479 4184 Deo,
2507 4136 2616 4174 non
2659 4131 2864 4174 tantum
2915 4137 3096 4175 coram
3141 4121 3451 4174 hominibus

1896 4212 2083 4277 fuisse,
2102 4213 2224 4265 etin
2253 4214 2505 4266 omnibus
2527 4213 2617 4266 Dei
2638 4214 2923 4282 praeceptis
2945 4224 2999 4266 et
3028 4214 3241 4267 statutis
3278 4213 3448 4266 ineui-

1896 4313 2015 4374 pate
2029 4312 2267 4359 versatos
2285 4306 2541 4358 testatur?
2558 4304 2838 4370 Quomodo
2850 4309 2924 4361 ait
2939 4308 3248 4360 Zachariam
3271 4321 3445 4358 sacer-

1898 4395 2235 4448 dotiocoram
2261 4393 2371 4447 Deo
2393 4395 2775 4461 perfunctum?
2799 4396 3067 4464 quomodo
3091 4394 3345 4461 templum
3370 4394 3446 4444 le-

234 4465 334 4515 οὑκ
364 4464 509 4515 ἔστιν
537 4466 690 4527 ἄλλος
713 4467 848 4534 πλὴν
877 4470 1059 4522 αὑτοῦ.
1105 4473 1166 4524 ΟΞ
1190 4473 1243 4525 δὲ
1280 4475 1385 4526 τῶν
1421 4477 1791 4548 Γραμματέων
1825 4470 1865 4521 ί)
1896 4505 1901 4550 ι

1777 4501 1791 4534 ι
1825 4470 1865 4521 ί)
1896 4485 2031 4553 gale.
2064 4486 2117 4537 in
2146 4485 2287 4553 quod
2322 4486 2613 4547 introibat,
2675 4486 2934 4553 templum
2972 4484 3060 4536 Dei
3094 4485 3363 4553 appellat?
3392 4495 3444 4536 et

240 4556 338 4605 καὶ
363 4556 670 4623 Φαρισαίων
699 4559 858 4610 πλέον
883 4560 1025 4630 ἔχειν
1051 4565 1477 4632 προσταχθέντες
1497 4609 1510 4631 ,
1552 4571 1670 4623 οὐδὲ
1691 4573 1789 4643 τὴν

229 4646 469 4713 ἐτχάτην
497 4650 687 4716 μοῖραν
729 4650 825 4717 τῆς
862 4651 1142 4715 εὐσεϐείας
1181 4657 1440 4718 σώζουσιν
1470 4662 1527 4711 ὲν
1556 4662 1785 4726 ἑαυτοῖς.

229 4734 445 4794 Λουκᾶς
479 4734 533 4785 δὲ
561 4736 589 4786 6
618 4734 724 4788 τῶν
746 4738 1089 4791 Δεσποτικῶν
1122 4744 1375 4810 ῥημάτων
1416 4753 1783 4817 συγγραφεὺς,

227 4822 347 4883 πῶς
388 4823 477 4873 τὸν
511 4827 782 4893 Ζαχαρίαν
815 4830 907 4880 καὶ
946 4832 1043 4899 τὴν
1085 4832 1361 4887 Ἐλισάϐετ
1392 4838 1448 4887 ἐν
1478 4842 1541 4907 τῇ
1587 4843 1785 4910 παλαιᾷ

226 4913 519 4985 νομοθεσίᾳ
547 4915 812 4984 βιοῦντας,
842 4920 1100 4985 δικαίους,
1124 4927 1215 4977 καὶ
1242 4927 1364 4979 τότε
1392 4929 1615 4982 ἐνώπιον
1646 4950 1784 5002 μαρ-

222 5007 380 5073 τυρεῖ
413 5006 506 5058 τοῦ
535 5007 669 5061 Θεοῦ
697 5050 710 5072 ,
756 5011 871 5064 ἀλλ’
915 5014 1010 5065 οὐκ
1053 5016 1281 5069 ἐνώπιον
1327 5018 1626 5088 ἀνθρώπων
1646 5064 1658 5084 ,
1691 5026 1783 5076 καὶ

224 5096 625 5164 πορευομένους
658 5101 715 5151 ὲν
751 5102 949 5164 πάσαις
976 5108 1095 5167 ταῖς
1130 5108 1369 5171 ἐντολαῖς
1402 5110 1493 5163 τοῦ
1523 5111 1656 5165 Θεοῦ
1688 5115 1781 5165 καὶ

221 5184 586 5255 δικαιώμασιν
624 5191 947 5260 ἀμέμπτως·
984 5193 1098 5247 εἶτα
1139 5200 1231 5250 καὶ
1260 5199 1357 5269 τὴν
1392 5204 1664 5269 ἱερατείαν
1692 5206 1779 5257 τὸν

222 5278 498 5346 Ζαχαρίαν
533 5281 704 5335 τελεῖν
736 5283 963 5337 ἐνώπιον
989 5285 1083 5337 τοῦ
1123 5288 1278 5339 Θεοῶ
1314 5291 1406 5343 καὶ
1439 5293 1531 5344 τὸν
1558 5296 1773 5363 νομικὸν

220 5367 367 5427 ναὸν,
399 5370 455 5419 ὲν
480 5362 523 5437 ᾧ
551 5372 742 5441 είσῄει,
779 5373 903 5427 ναὸν
928 5380 1321 5447 προσαγορεύει
1349 5382 1441 5433 τοῦ
1472 5384 1606 5437 Θεοῦ
1624 5362 1646 5449 ⁷;
1689 5387 1775 5438 Ἑν

218 5457 371 5528 αὐτῷ
424 5476 481 5512 τε
525 5460 615 5513 τὸν
660 5463 887 5530 ἄγγελον
942 5466 1167 5534 ὀφθῆναι
1222 5471 1459 5540 Κυρίου,
1507 5476 1600 5527 καὶ
1652 5476 1772 5529 τότε

218 5546 383 5611 τίνας
430 5550 531 5602 Τὸν
569 5554 1005 5626 ἀρχιστράτηγον
1044 5558 1311 5630 Γαϐριὴλ,
1338 5562 1396 5625 ὸς
1442 5568 1534 5618 καὶ
1570 5566 1664 5636 τὴν
1709 5569 1770 5620 ἐκ

292 5747 336 5778 ⁸⁸
376 5744 561 5802 .llaltli.
598 5753 795 5812 xn,‘.t'J.
874 5752 915 5782 “‘
950 5751 1078 5807 ibid.
1113 5753 1181 5806 ὗε)

1890 4576 1943 4628 in
1969 4576 2085 4644 ipso
2118 4576 2365 4645 angelum
2392 4576 2509 4640 Dei,
2549 4592 2780 4644 eumque
2812 4575 3118 4629 Gabrielcm
3163 4577 3439 4645 copiarum

1887 4667 2098 4729 ducem,
2121 4667 2209 4733 qui
2240 4674 2295 4719 et
2338 4666 2673 4719 nativitatem
2710 4666 2920 4718 Domini
2972 4681 3036 4718 ex
3068 4665 3281 4733 Virgine
3311 4706 3324 4728 ,
3388 4675 3443 4717 et

1886 4757 1986 4825 ipsi
2017 4756 2090 4809 illi
2114 4756 2443 4809 intemerata:
2473 4756 2674 4824 Virgini
2706 4766 2759 4809 et
2804 4772 2926 4809 eum
2952 4772 3015 4810 ea
3057 4756 3256 4809 mundo
3292 4771 3435 4808 nun-

1888 4847 2061 4906 tiavit.
2095 4848 2291 4909 visum,
2321 4861 2617 4915 precesque
2648 4847 2946 4901 sacerdotis
3003 4847 3285 4900 exauditas
3315 4862 3433 4899 esse

1884 4936 1935 4987 in
1970 4934 2268 5003 Evangeliis
2303 4933 2550 4995 atiirmat,
2577 4950 2913 5002 puerumque
2943 4934 3140 4988 ibidem
3175 4950 3435 4987 memora-

1885 5036 1994 5078 tum
2034 5040 2281 5094 maguum
2309 5040 2486 5078 coram
2522 5025 2746 5080 Domino
2780 5026 3042 5087 futurum,
3076 5025 3275 5094 Spiritu
3305 5027 3429 5079 item

1880 5122 2065 5169 saneto
2093 5115 2329 5183 plenum,
2371 5117 2657 5184 multisque
2705 5116 2879 5185 magni
2936 5116 3113 5185 gaudii
3167 5118 3431 5183 interpre-

1882 5216 2008 5270 tem,
2035 5222 2137 5259 nec
2165 5207 2349 5275 paucis
2378 5208 2737 5260 lsraelitarum
2761 5208 3131 5261 conversionis
3172 5208 3239 5260 ad
3263 5206 3428 5260 Deum

1882 5305 2179 5360 auctorem,
2212 5296 2522 5365 Spirituquc
2560 5312 2619 5347 ac
2646 5296 2841 5349 virtute
2873 5294 3000 5347 Elite
3049 5300 3270 5347 usdrum
3305 5310 3430 5363 pro-

1882 5387 2132 5440 nuntiat?
2155 5386 2338 5455 itaque
2362 5386 2707 5455 evangelista,
2739 5386 2822 5440 vel
2880 5385 3057 5454 potius
3089 5384 3228 5439 Deus
3262 5427 3275 5449 ,
3331 5386 3423 5453 qui

1882 5478 1995 5531 lucc
2032 5492 2127 5547 per
2149 5477 2525 5546 archangelum
2560 5476 2795 5545 loquitur
2817 5518 2830 5540 ,
2892 5490 3001 5528 non
3032 5474 3292 5529 Joannem
3339 5491 3423 5526 so—

1878 5568 2009 5631 lum,
2038 5568 2128 5636 qui
2173 5568 2393 5637 gratiam
2441 5567 2893 5636 propullulantem
2925 5566 3139 5620 videbat
3174 5609 3186 5633 ,
3229 5566 3322 5621 scd
3368 5576 3426 5617 et
