  <div class='ocr_page' id='page_1' title='image "/cluster/home/n/w/nwhite01/storage/ocr_20150623/102/nnc1.0046979620/065.png"; bbox 0 0 4222 6432; ppageno 0'>
   <div class='ocr_carea' id='block_1_1' title="bbox 789 393 890 464">
    <p class='ocr_par' dir='ltr' id='par_1_1' title="bbox 789 393 890 464">
     <span class='ocr_line' id='line_1_1' title="bbox 789 393 890 464; baseline 0 0"><span class='ocrx_word' id='word_1_1' title='bbox 789 393 890 464; x_wconf 79' lang='grc'><strong>115</strong></span> 
     </span>
    </p>
   </div>
   <div class='ocr_carea' id='block_1_2' title="bbox 1901 393 2845 463">
    <p class='ocr_par' dir='ltr' id='par_1_2' title="bbox 1901 393 2845 463">
     <span class='ocr_line' id='line_1_2' title="bbox 1901 393 2845 463; baseline -0.012 0"><span class='ocrx_word' id='word_1_2' title='bbox 1901 401 2161 463; x_wconf 82' lang='lat' dir='ltr'><strong>PHOTII</strong></span> <span class='ocrx_word' id='word_1_3' title='bbox 2200 394 2701 461; x_wconf 72' lang='lat' dir='ltr'><strong>PATRIARCHIE</strong></span> <span class='ocrx_word' id='word_1_4' title='bbox 2738 393 2845 453; x_wconf 88' lang='lat' dir='ltr'><strong>CP.</strong></span> 
     </span>
    </p>
   </div>
   <div class='ocr_carea' id='block_1_3' title="bbox 3899 373 4003 439">
    <p class='ocr_par' dir='ltr' id='par_1_3' title="bbox 3899 373 4003 439">
     <span class='ocr_line' id='line_1_3' title="bbox 3899 373 4003 439; baseline 0.019 -2"><span class='ocrx_word' id='word_1_5' title='bbox 3899 373 4003 439; x_wconf 81' lang='grc'><strong>116</strong></span> 
     </span>
    </p>
   </div>
   <div class='ocr_carea' id='block_1_4' title="bbox 783 490 2433 583">
    <p class='ocr_par' dir='ltr' id='par_1_4' title="bbox 783 507 2413 583">
     <span class='ocr_line' id='line_1_4' title="bbox 783 507 2413 583; baseline 0 -17"><span class='ocrx_word' id='word_1_6' title='bbox 783 512 973 574; x_wconf 80' lang='lat' dir='ltr'><strong>Eliam,</strong></span> <span class='ocrx_word' id='word_1_7' title='bbox 1003 509 1094 579; x_wconf 87' lang='lat' dir='ltr'><strong>qui</strong></span> <span class='ocrx_word' id='word_1_8' title='bbox 1118 508 1210 565; x_wconf 90' lang='lat' dir='ltr'><strong>diu</strong></span> <span class='ocrx_word' id='word_1_9' title='bbox 1240 519 1365 566; x_wconf 85' lang='lat' dir='ltr'><strong>ante</strong></span> <span class='ocrx_word' id='word_1_10' title='bbox 1393 511 1618 583; x_wconf 77' lang='lat' dir='ltr'><strong>gratiam</strong></span> <span class='ocrx_word' id='word_1_11' title='bbox 1654 512 1882 575; x_wconf 79' lang='lat' dir='ltr'><strong>exstitit,</strong></span> <span class='ocrx_word' id='word_1_12' title='bbox 1914 512 2120 567; x_wconf 82' lang='lat' dir='ltr'><strong>animas</strong></span> <span class='ocrx_word' id='word_1_13' title='bbox 2144 525 2174 566; x_wconf 76' lang='grc' dir='ltr'><strong>ε</strong></span> <span class='ocrx_word' id='word_1_14' title='bbox 2206 524 2335 566; x_wconf 86' lang='lat' dir='ltr'><strong>vero</strong></span> <span class='ocrx_word' id='word_1_15' title='bbox 2362 507 2413 566; x_wconf 77' lang='grc' dir='ltr'>Α</span> 
     </span>
    </p>
   </div>
   <div class='ocr_carea' id='block_1_5' title="bbox 2375 490 4002 583">
    <p class='ocr_par' dir='ltr' id='par_1_5' title="bbox 2375 490 4002 583">
     <span class='ocr_line' id='line_1_5' title="bbox 2375 490 4002 583; baseline -0.011 -24"><span class='ocrx_word' id='word_1_16' title='bbox 2375 507 2413 566; x_wconf 61' lang='grc' dir='ltr'>Α</span> <span class='ocrx_word' id='word_1_17' title='bbox 2439 506 2707 575; x_wconf 71' lang='grc' dir='ltr'><strong>Παρθένου</strong></span> <span class='ocrx_word' id='word_1_18' title='bbox 2738 501 2831 557; x_wconf 84' lang='grc' dir='ltr'><strong>τοῦ</strong></span> <span class='ocrx_word' id='word_1_19' title='bbox 2864 500 3133 556; x_wconf 81' lang='grc' dir='ltr'><strong>Δεσπότου</strong></span> <span class='ocrx_word' id='word_1_20' title='bbox 3175 499 3459 569; x_wconf 66' lang='grc' dir='ltr'><strong>γέννησιν,</strong></span> <span class='ocrx_word' id='word_1_21' title='bbox 3498 493 3634 563; x_wconf 74' lang='grc' dir='ltr'><strong>αὐτῇ</strong></span> <span class='ocrx_word' id='word_1_22' title='bbox 3663 506 3721 545; x_wconf 87' lang='grc' dir='ltr'><strong>τε</strong></span> <span class='ocrx_word' id='word_1_23' title='bbox 3860 490 4002 583; x_wconf 67' lang='grc' dir='ltr'><strong>ἀκη-</strong></span> 
     </span>
    </p>
   </div>
   <div class='ocr_carea' id='block_1_6' title="bbox 780 602 2329 671">
    <p class='ocr_par' dir='ltr' id='par_1_6' title="bbox 780 602 2329 671">
     <span class='ocr_line' id='line_1_6' title="bbox 780 602 2329 671; baseline -0.002 -16"><span class='ocrx_word' id='word_1_24' title='bbox 780 603 891 655; x_wconf 64' lang='grc' dir='ltr'><strong>Ιιιευ</strong></span> <span class='ocrx_word' id='word_1_25' title='bbox 919 616 1155 664; x_wconf 76' lang='lat' dir='ltr'><strong>aversas,</strong></span> <span class='ocrx_word' id='word_1_26' title='bbox 1187 611 1242 655; x_wconf 92' lang='lat' dir='ltr'><strong>et</strong></span> <span class='ocrx_word' id='word_1_27' title='bbox 1270 610 1392 671; x_wconf 90' lang='lat' dir='ltr'><strong>post</strong></span> <span class='ocrx_word' id='word_1_28' title='bbox 1414 602 1666 657; x_wconf 82' lang='lat' dir='ltr'><strong>Satanam</strong></span> <span class='ocrx_word' id='word_1_29' title='bbox 1689 611 2008 663; x_wconf 84' lang='lat' dir='ltr'><strong>scortantes.</strong></span> <span class='ocrx_word' id='word_1_30' title='bbox 2041 603 2108 656; x_wconf 89' lang='lat' dir='ltr'><strong>ad</strong></span> <span class='ocrx_word' id='word_1_31' title='bbox 2142 616 2329 655; x_wconf 82' lang='lat' dir='ltr'><strong>verum</strong></span> 
     </span>
    </p>
   </div>
   <div class='ocr_carea' id='block_1_7' title="bbox 781 692 2331 762">
    <p class='ocr_par' dir='ltr' id='par_1_7' title="bbox 781 692 2331 762">
     <span class='ocr_line' id='line_1_7' title="bbox 781 692 2331 762; baseline 0 -17"><span class='ocrx_word' id='word_1_32' title='bbox 781 696 944 745; x_wconf 74' lang='lat' dir='ltr'><strong>lteum</strong></span> <span class='ocrx_word' id='word_1_33' title='bbox 976 692 1310 746; x_wconf 75' lang='lat' dir='ltr'><strong>convertisse</strong></span> <span class='ocrx_word' id='word_1_34' title='bbox 1337 694 1670 756; x_wconf 86' lang='lat' dir='ltr'><strong>testimonio,</strong></span> <span class='ocrx_word' id='word_1_35' title='bbox 1696 694 1843 747; x_wconf 93' lang='lat' dir='ltr'><strong>omni</strong></span> <span class='ocrx_word' id='word_1_36' title='bbox 1867 694 2183 762; x_wconf 76' lang='lat' dir='ltr'><strong>exceptione</strong></span> <span class='ocrx_word' id='word_1_37' title='bbox 2216 708 2331 745; x_wconf 83' lang='lat' dir='ltr'><strong>ma—</strong></span> 
     </span>
    </p>
   </div>
   <div class='ocr_carea' id='block_1_8' title="bbox 775 782 2330 853">
    <p class='ocr_par' dir='ltr' id='par_1_8' title="bbox 775 782 2330 853">
     <span class='ocr_line' id='line_1_8' title="bbox 775 782 2330 853; baseline 0.001 -20"><span class='ocrx_word' id='word_1_38' title='bbox 775 784 898 851; x_wconf 76' lang='lat' dir='ltr'><strong>jori,</strong></span> <span class='ocrx_word' id='word_1_39' title='bbox 937 785 1236 837; x_wconf 83' lang='lat' dir='ltr'><strong>conﬁrmat.</strong></span> <span class='ocrx_word' id='word_1_40' title='bbox 1275 783 1473 837; x_wconf 74' lang='lat' dir='ltr'><strong>lterum</strong></span> <span class='ocrx_word' id='word_1_41' title='bbox 1502 800 1633 839; x_wconf 89' lang='lat' dir='ltr'><strong>vero</strong></span> <span class='ocrx_word' id='word_1_42' title='bbox 1674 786 1960 839; x_wconf 79' lang='lat' dir='ltr'><strong>Zacharias</strong></span> <span class='ocrx_word' id='word_1_43' title='bbox 1989 783 2196 853; x_wconf 77' lang='lat' dir='ltr'><strong>Spiritu</strong></span> <span class='ocrx_word' id='word_1_44' title='bbox 2239 782 2330 835; x_wconf 83' lang='lat' dir='ltr'><strong>Dei</strong></span> 
     </span>
    </p>
   </div>
   <div class='ocr_carea' id='block_1_9' title="bbox 783 878 2334 948">
    <p class='ocr_par' dir='ltr' id='par_1_9' title="bbox 783 878 2334 948">
     <span class='ocr_line' id='line_1_9' title="bbox 783 878 2334 948; baseline 0 -19"><span class='ocrx_word' id='word_1_45' title='bbox 783 880 1040 943; x_wconf 80' lang='lat' dir='ltr'><strong>repletur,</strong></span> <span class='ocrx_word' id='word_1_46' title='bbox 1075 890 1127 931; x_wconf 76' lang='lat' dir='ltr'><strong>et</strong></span> <span class='ocrx_word' id='word_1_47' title='bbox 1158 881 1447 946; x_wconf 76' lang='lat' dir='ltr'><strong>prophetas</strong></span> <span class='ocrx_word' id='word_1_48' title='bbox 1474 880 1726 948; x_wconf 90' lang='lat' dir='ltr'><strong>antiquos</strong></span> <span class='ocrx_word' id='word_1_49' title='bbox 1759 888 2063 933; x_wconf 86' lang='lat' dir='ltr'><strong>sanctorum</strong></span> <span class='ocrx_word' id='word_1_50' title='bbox 2099 878 2334 947; x_wconf 76' lang='lat' dir='ltr'><strong>appellat</strong></span> 
     </span>
    </p>
   </div>
   <div class='ocr_carea' id='block_1_10' title="bbox 782 969 2335 1040">
    <p class='ocr_par' dir='ltr' id='par_1_10' title="bbox 782 969 2335 1040">
     <span class='ocr_line' id='line_1_10' title="bbox 782 969 2335 1040; baseline 0.001 -19"><span class='ocrx_word' id='word_1_51' title='bbox 782 972 1027 1022; x_wconf 67' lang='grc' dir='ltr'><strong>(τιιοτιιιιι.</strong></span> <span class='ocrx_word' id='word_1_52' title='bbox 1069 969 1246 1023; x_wconf 76' lang='lat' dir='ltr'><strong>Erexit</strong></span> <span class='ocrx_word' id='word_1_53' title='bbox 1285 971 1457 1030; x_wconf 82' lang='lat' dir='ltr'><strong>enim,</strong></span> <span class='ocrx_word' id='word_1_54' title='bbox 1517 970 1690 1038; x_wconf 78' lang='lat' dir='ltr'><strong>inquit</strong></span> <span class='ocrx_word' id='word_1_55' title='bbox 1740 972 2070 1040; x_wconf 79' lang='lat' dir='ltr'><strong>pr0plietans</strong></span> <span class='ocrx_word' id='word_1_56' title='bbox 2130 981 2184 1023; x_wconf 89' lang='lat' dir='ltr'><strong>et</strong></span> <span class='ocrx_word' id='word_1_57' title='bbox 2239 986 2335 1039; x_wconf 90' lang='lat' dir='ltr'><strong>per</strong></span> 
     </span>
    </p>
   </div>
   <div class='ocr_carea' id='block_1_11' title="bbox 786 1062 2334 1129">
    <p class='ocr_par' dir='ltr' id='par_1_11' title="bbox 786 1062 2334 1129">
     <span class='ocr_line' id='line_1_11' title="bbox 786 1062 2334 1129; baseline 0 -16"><span class='ocrx_word' id='word_1_58' title='bbox 786 1062 1041 1129; x_wconf 79' lang='lat' dir='ltr'><strong>Spiritum</strong></span> <span class='ocrx_word' id='word_1_59' title='bbox 1072 1069 1317 1114; x_wconf 76' lang='lat' dir='ltr'><strong>sanctum</strong></span> <span class='ocrx_word' id='word_1_60' title='bbox 1344 1062 1568 1129; x_wconf 89' lang='lat' dir='ltr'><strong>loquens</strong></span> <span class='ocrx_word' id='word_1_61' title='bbox 1594 1104 1605 1125; x_wconf 91' lang='lat'><strong>,</strong></span> <span class='ocrx_word' id='word_1_62' title='bbox 1662 1079 1821 1115; x_wconf 85' lang='lat' dir='ltr'><strong>cornu</strong></span> <span class='ocrx_word' id='word_1_63' title='bbox 1855 1062 2042 1115; x_wconf 78' lang='lat' dir='ltr'><strong>salutis</strong></span> <span class='ocrx_word' id='word_1_64' title='bbox 2076 1064 2129 1115; x_wconf 81' lang='lat' dir='ltr'><strong>in</strong></span> <span class='ocrx_word' id='word_1_65' title='bbox 2180 1062 2334 1113; x_wconf 87' lang='lat' dir='ltr'><strong>domo</strong></span> 
     </span>
    </p>
   </div>
   <div class='ocr_carea' id='block_1_12' title="bbox 784 1152 2338 1218">
    <p class='ocr_par' dir='ltr' id='par_1_12' title="bbox 784 1152 2338 1218">
     <span class='ocr_line' id='line_1_12' title="bbox 784 1152 2338 1218; baseline 0.001 -13"><span class='ocrx_word' id='word_1_66' title='bbox 784 1154 1020 1214; x_wconf 81' lang='lat' dir='ltr'><strong>Davidis,</strong></span> <span class='ocrx_word' id='word_1_67' title='bbox 1062 1152 1159 1218; x_wconf 77' lang='lat' dir='ltr'><strong>ﬁlii</strong></span> <span class='ocrx_word' id='word_1_68' title='bbox 1211 1154 1291 1204; x_wconf 84' lang='lat' dir='ltr'><strong>sui</strong></span> <span class='ocrx_word' id='word_1_69' title='bbox 1335 1154 1396 1206; x_wconf 78' lang='grc'><strong>⁸⁷.</strong></span> <span class='ocrx_word' id='word_1_70' title='bbox 1438 1152 1499 1205; x_wconf 84' lang='grc' dir='ltr'><strong>Ει</strong></span> <span class='ocrx_word' id='word_1_71' title='bbox 1542 1152 1683 1207; x_wconf 92' lang='lat' dir='ltr'><strong>unde</strong></span> <span class='ocrx_word' id='word_1_72' title='bbox 1731 1154 1834 1207; x_wconf 88' lang='lat' dir='ltr'><strong>hoc</strong></span> <span class='ocrx_word' id='word_1_73' title='bbox 1889 1154 2338 1208; x_wconf 74' lang='lat' dir='ltr'><strong>demonstratur?</strong></span> 
     </span>
    </p>
   </div>
   <div class='ocr_carea' id='block_1_13' title="bbox 786 1246 2337 1314">
    <p class='ocr_par' dir='ltr' id='par_1_13' title="bbox 786 1246 2337 1314">
     <span class='ocr_line' id='line_1_13' title="bbox 786 1246 2337 1314; baseline 0.001 -16"><span class='ocrx_word' id='word_1_74' title='bbox 786 1246 930 1298; x_wconf 78' lang='lat' dir='ltr'><strong>Sicut</strong></span> <span class='ocrx_word' id='word_1_75' title='bbox 965 1246 1161 1299; x_wconf 72' lang='lat' dir='ltr'><strong>[omitus</strong></span> <span class='ocrx_word' id='word_1_76' title='bbox 1198 1256 1290 1309; x_wconf 81' lang='lat' dir='ltr'><strong>est,</strong></span> <span class='ocrx_word' id='word_1_77' title='bbox 1322 1246 1515 1314; x_wconf 83' lang='lat' dir='ltr'><strong>inquit,</strong></span> <span class='ocrx_word' id='word_1_78' title='bbox 1557 1263 1646 1313; x_wconf 85' lang='lat' dir='ltr'><strong>per</strong></span> <span class='ocrx_word' id='word_1_79' title='bbox 1680 1263 1733 1299; x_wconf 83' lang='grc' dir='ltr'><strong>οε</strong></span> <span class='ocrx_word' id='word_1_80' title='bbox 1769 1256 2067 1300; x_wconf 81' lang='lat' dir='ltr'><strong>sanctorum</strong></span> <span class='ocrx_word' id='word_1_81' title='bbox 2090 1266 2121 1300; x_wconf 92' lang='lat' dir='ltr'><strong>a</strong></span> <span class='ocrx_word' id='word_1_82' title='bbox 2150 1248 2337 1302; x_wconf 67' lang='lat' dir='ltr'><strong>sarculo</strong></span> 
     </span>
    </p>
   </div>
   <div class='ocr_carea' id='block_1_14' title="bbox 786 1335 2337 1406">
    <p class='ocr_par' dir='ltr' id='par_1_14' title="bbox 786 1335 2337 1406">
     <span class='ocr_line' id='line_1_14' title="bbox 786 1335 2337 1406; baseline 0.003 -19"><span class='ocrx_word' id='word_1_83' title='bbox 786 1338 1149 1403; x_wconf 84' lang='lat' dir='ltr'><strong>prophetarum</strong></span> <span class='ocrx_word' id='word_1_84' title='bbox 1182 1353 1395 1389; x_wconf 82' lang='lat' dir='ltr'><strong>suorum</strong></span> <span class='ocrx_word' id='word_1_85' title='bbox 1428 1335 1491 1389; x_wconf 83' lang='grc'><strong>⁸⁸.</strong></span> <span class='ocrx_word' id='word_1_86' title='bbox 1529 1337 1942 1405; x_wconf 85' lang='lat' dir='ltr'><strong>Prophetarum,</strong></span> <span class='ocrx_word' id='word_1_87' title='bbox 1990 1338 2182 1406; x_wconf 88' lang='lat' dir='ltr'><strong>inquit,</strong></span> <span class='ocrx_word' id='word_1_88' title='bbox 2215 1355 2337 1391; x_wconf 76' lang='lat' dir='ltr'><strong>suo-</strong></span> 
     </span>
    </p>
   </div>
   <div class='ocr_carea' id='block_1_15' title="bbox 787 1428 2340 1493">
    <p class='ocr_par' dir='ltr' id='par_1_15' title="bbox 787 1428 2340 1493">
     <span class='ocr_line' id='line_1_15' title="bbox 787 1428 2340 1493; baseline 0.003 -15"><span class='ocrx_word' id='word_1_89' title='bbox 787 1443 922 1488; x_wconf 87' lang='lat' dir='ltr'><strong>rum,</strong></span> <span class='ocrx_word' id='word_1_90' title='bbox 950 1443 1057 1479; x_wconf 92' lang='lat' dir='ltr'><strong>non</strong></span> <span class='ocrx_word' id='word_1_91' title='bbox 1085 1436 1259 1479; x_wconf 90' lang='lat' dir='ltr'><strong>autem</strong></span> <span class='ocrx_word' id='word_1_92' title='bbox 1292 1428 1480 1480; x_wconf 92' lang='lat' dir='ltr'><strong>hostis.</strong></span> <span class='ocrx_word' id='word_1_93' title='bbox 1522 1428 1663 1493; x_wconf 81' lang='lat' dir='ltr'><strong>Quid</strong></span> <span class='ocrx_word' id='word_1_94' title='bbox 1700 1439 1877 1483; x_wconf 83' lang='lat' dir='ltr'><strong>autem</strong></span> <span class='ocrx_word' id='word_1_95' title='bbox 1916 1429 2188 1483; x_wconf 85' lang='lat' dir='ltr'><strong>vaticinati</strong></span> <span class='ocrx_word' id='word_1_96' title='bbox 2215 1438 2340 1483; x_wconf 91' lang='lat' dir='ltr'><strong>sunt</strong></span> 
     </span>
    </p>
   </div>
   <div class='ocr_carea' id='block_1_16' title="bbox 786 1518 2339 1583">
    <p class='ocr_par' dir='ltr' id='par_1_16' title="bbox 786 1518 2339 1583">
     <span class='ocr_line' id='line_1_16' title="bbox 786 1518 2339 1583; baseline 0.001 -14"><span class='ocrx_word' id='word_1_97' title='bbox 786 1518 861 1570; x_wconf 90' lang='lat' dir='ltr'><strong>illi</strong></span> <span class='ocrx_word' id='word_1_98' title='bbox 886 1518 907 1569; x_wconf 89' lang='lat'><strong>?</strong></span> <span class='ocrx_word' id='word_1_99' title='bbox 933 1518 1092 1570; x_wconf 87' lang='lat' dir='ltr'><strong>Deum</strong></span> <span class='ocrx_word' id='word_1_100' title='bbox 1115 1518 1507 1569; x_wconf 87' lang='lat' dir='ltr'><strong>recordaturum</strong></span> <span class='ocrx_word' id='word_1_101' title='bbox 1530 1521 1827 1572; x_wconf 77' lang='lat' dir='ltr'><strong>testamenti</strong></span> <span class='ocrx_word' id='word_1_102' title='bbox 1851 1521 1933 1573; x_wconf 77' lang='lat' dir='ltr'><strong>sui</strong></span> <span class='ocrx_word' id='word_1_103' title='bbox 1949 1521 2118 1573; x_wconf 82' lang='lat' dir='ltr'><strong>sancti</strong></span> <span class='ocrx_word' id='word_1_104' title='bbox 2145 1522 2209 1583; x_wconf 82' lang='lat'><strong>”,</strong></span> <span class='ocrx_word' id='word_1_105' title='bbox 2232 1534 2339 1572; x_wconf 91' lang='lat' dir='ltr'><strong>non</strong></span> 
     </span>
    </p>
   </div>
   <div class='ocr_carea' id='block_1_17' title="bbox 788 1607 2341 1679">
    <p class='ocr_par' dir='ltr' id='par_1_17' title="bbox 788 1607 2341 1679">
     <span class='ocr_line' id='line_1_17' title="bbox 788 1607 2341 1679; baseline 0.002 -19"><span class='ocrx_word' id='word_1_106' title='bbox 788 1621 933 1670; x_wconf 86' lang='lat' dir='ltr'><strong>sane,</strong></span> <span class='ocrx_word' id='word_1_107' title='bbox 968 1607 1127 1659; x_wconf 92' lang='lat' dir='ltr'><strong>homo</strong></span> <span class='ocrx_word' id='word_1_108' title='bbox 1160 1607 1539 1675; x_wconf 88' lang='lat' dir='ltr'><strong>perditissime.</strong></span> <span class='ocrx_word' id='word_1_109' title='bbox 1575 1608 1763 1662; x_wconf 87' lang='lat' dir='ltr'><strong>hostis.</strong></span> <span class='ocrx_word' id='word_1_110' title='bbox 1793 1610 1983 1665; x_wconf 82' lang='lat' dir='ltr'><strong>Adhuc</strong></span> <span class='ocrx_word' id='word_1_111' title='bbox 2014 1625 2143 1664; x_wconf 88' lang='lat' dir='ltr'><strong>vero</strong></span> <span class='ocrx_word' id='word_1_112' title='bbox 2172 1610 2341 1679; x_wconf 76' lang='lat' dir='ltr'><strong>magis</strong></span> 
     </span>
    </p>
   </div>
   <div class='ocr_carea' id='block_1_18' title="bbox 788 1696 2342 1769">
    <p class='ocr_par' dir='ltr' id='par_1_18' title="bbox 788 1696 2342 1769">
     <span class='ocr_line' id='line_1_18' title="bbox 788 1696 2342 1769; baseline 0.003 -20"><span class='ocrx_word' id='word_1_113' title='bbox 788 1697 1076 1763; x_wconf 91' lang='lat' dir='ltr'><strong>impiorum</strong></span> <span class='ocrx_word' id='word_1_114' title='bbox 1142 1712 1235 1750; x_wconf 90' lang='lat' dir='ltr'><strong>ora</strong></span> <span class='ocrx_word' id='word_1_115' title='bbox 1288 1696 1661 1752; x_wconf 82' lang='lat' dir='ltr'><strong>rel&#39;renaturus</strong></span> <span class='ocrx_word' id='word_1_116' title='bbox 1710 1699 2077 1766; x_wconf 87' lang='lat' dir='ltr'><strong>juramentum</strong></span> <span class='ocrx_word' id='word_1_117' title='bbox 2116 1742 2130 1765; x_wconf 95' lang='lat'><strong>,</strong></span> <span class='ocrx_word' id='word_1_118' title='bbox 2199 1700 2342 1769; x_wconf 91' lang='lat' dir='ltr'><strong>quod</strong></span> 
     </span>
    </p>
   </div>
   <div class='ocr_carea' id='block_1_19' title="bbox 789 1790 2342 1860">
    <p class='ocr_par' dir='ltr' id='par_1_19' title="bbox 789 1790 2342 1860">
     <span class='ocr_line' id='line_1_19' title="bbox 789 1790 2342 1860; baseline 0.005 -21"><span class='ocrx_word' id='word_1_119' title='bbox 789 1790 1095 1843; x_wconf 80' lang='lat' dir='ltr'><strong>Ahrahamo</strong></span> <span class='ocrx_word' id='word_1_120' title='bbox 1142 1790 1277 1858; x_wconf 90' lang='lat' dir='ltr'><strong>patri</strong></span> <span class='ocrx_word' id='word_1_121' title='bbox 1328 1799 1517 1845; x_wconf 89' lang='lat' dir='ltr'><strong>nostro</strong></span> <span class='ocrx_word' id='word_1_122' title='bbox 1552 1792 1774 1860; x_wconf 79' lang='lat' dir='ltr'><strong>juravit,</strong></span> <span class='ocrx_word' id='word_1_123' title='bbox 1820 1794 2056 1857; x_wconf 81' lang='lat' dir='ltr'><strong>adducit,</strong></span> <span class='ocrx_word' id='word_1_124' title='bbox 2094 1792 2160 1847; x_wconf 90' lang='lat' dir='ltr'><strong>Ut</strong></span> <span class='ocrx_word' id='word_1_125' title='bbox 2194 1796 2342 1846; x_wconf 88' lang='lat' dir='ltr'><strong>daret</strong></span> 
     </span>
    </p>
   </div>
   <div class='ocr_carea' id='block_1_20' title="bbox 790 1880 2345 1948">
    <p class='ocr_par' dir='ltr' id='par_1_20' title="bbox 790 1880 2345 1948">
     <span class='ocr_line' id='line_1_20' title="bbox 790 1880 2345 1948; baseline 0.005 -17"><span class='ocrx_word' id='word_1_126' title='bbox 790 1880 934 1932; x_wconf 79' lang='lat' dir='ltr'><strong>nobis</strong></span> <span class='ocrx_word' id='word_1_127' title='bbox 967 1892 1293 1948; x_wconf 81' lang='lat' dir='ltr'><strong>potestatem,</strong></span> <span class='ocrx_word' id='word_1_128' title='bbox 1318 1899 1381 1935; x_wconf 77' lang='lat' dir='ltr'><strong>ea:</strong></span> <span class='ocrx_word' id='word_1_129' title='bbox 1411 1900 1566 1935; x_wconf 86' lang='lat' dir='ltr'><strong>manu</strong></span> <span class='ocrx_word' id='word_1_130' title='bbox 1593 1885 1925 1937; x_wconf 78' lang='lat' dir='ltr'><strong>inimicorum</strong></span> <span class='ocrx_word' id='word_1_131' title='bbox 1954 1896 2249 1939; x_wconf 81' lang='lat' dir='ltr'><strong>nostrorum</strong></span> <span class='ocrx_word' id='word_1_132' title='bbox 2283 1886 2345 1938; x_wconf 79' lang='lat' dir='ltr'><strong>li-</strong></span> 
     </span>
    </p>
   </div>
   <div class='ocr_carea' id='block_1_21' title="bbox 792 1971 2345 2044">
    <p class='ocr_par' dir='ltr' id='par_1_21' title="bbox 792 1971 2345 2044">
     <span class='ocr_line' id='line_1_21' title="bbox 792 1971 2345 2044; baseline 0.005 -25"><span class='ocrx_word' id='word_1_133' title='bbox 792 1971 983 2021; x_wconf 77' lang='lat' dir='ltr'><strong>beratis</strong></span> <span class='ocrx_word' id='word_1_134' title='bbox 1012 1973 1121 2023; x_wconf 85' lang='lat' dir='ltr'><strong>sine</strong></span> <span class='ocrx_word' id='word_1_135' title='bbox 1153 1973 1339 2025; x_wconf 83' lang='lat' dir='ltr'><strong>timore</strong></span> <span class='ocrx_word' id='word_1_136' title='bbox 1374 1975 1425 2023; x_wconf 86' lang='lat' dir='ltr'><strong>in</strong></span> <span class='ocrx_word' id='word_1_137' title='bbox 1450 1976 1728 2028; x_wconf 74' lang='lat' dir='ltr'><strong>sanctitate</strong></span> <span class='ocrx_word' id='word_1_138' title='bbox 1766 1985 1812 2027; x_wconf 85' lang='lat' dir='ltr'><strong>et</strong></span> <span class='ocrx_word' id='word_1_139' title='bbox 1849 1977 2059 2043; x_wconf 79' lang='lat' dir='ltr'><strong>justitia</strong></span> <span class='ocrx_word' id='word_1_140' title='bbox 2092 1977 2191 2044; x_wconf 78' lang='lat' dir='ltr'><strong>ipsi</strong></span> <span class='ocrx_word' id='word_1_141' title='bbox 2235 1993 2345 2030; x_wconf 79' lang='lat' dir='ltr'><strong>ser-</strong></span> 
     </span>
    </p>
   </div>
   <div class='ocr_carea' id='block_1_22' title="bbox 790 2058 2343 2131">
    <p class='ocr_par' dir='ltr' id='par_1_22' title="bbox 790 2058 2343 2131">
     <span class='ocr_line' id='line_1_22' title="bbox 790 2058 2343 2131; baseline 0.004 -21"><span class='ocrx_word' id='word_1_142' title='bbox 790 2060 961 2110; x_wconf 80' lang='lat' dir='ltr'><strong>t&#39;icudi</strong></span> <span class='ocrx_word' id='word_1_143' title='bbox 988 2060 1051 2109; x_wconf 81' lang='grc' dir='ltr'><strong>⁷ο.</strong></span> <span class='ocrx_word' id='word_1_144' title='bbox 1085 2058 1359 2129; x_wconf 87' lang='lat' dir='ltr'><strong>Perpende</strong></span> <span class='ocrx_word' id='word_1_145' title='bbox 1402 2076 1519 2129; x_wconf 66' lang='lat' dir='ltr'><strong>quae</strong></span> <span class='ocrx_word' id='word_1_146' title='bbox 1560 2062 1702 2115; x_wconf 92' lang='lat' dir='ltr'><strong>dicta</strong></span> <span class='ocrx_word' id='word_1_147' title='bbox 1761 2070 1906 2115; x_wconf 91' lang='lat' dir='ltr'><strong>sunt.</strong></span> <span class='ocrx_word' id='word_1_148' title='bbox 1950 2061 2183 2131; x_wconf 90' lang='lat' dir='ltr'><strong>Spiritus</strong></span> <span class='ocrx_word' id='word_1_149' title='bbox 2218 2078 2343 2116; x_wconf 92' lang='lat' dir='ltr'><strong>san-</strong></span> 
     </span>
    </p>
   </div>
   <div class='ocr_carea' id='block_1_23' title="bbox 792 2150 2344 2222">
    <p class='ocr_par' dir='ltr' id='par_1_23' title="bbox 792 2150 2344 2222">
     <span class='ocr_line' id='line_1_23' title="bbox 792 2150 2344 2222; baseline 0.003 -19"><span class='ocrx_word' id='word_1_150' title='bbox 792 2162 912 2203; x_wconf 83' lang='lat' dir='ltr'><strong>ctus</strong></span> <span class='ocrx_word' id='word_1_151' title='bbox 943 2151 1127 2219; x_wconf 89' lang='lat' dir='ltr'><strong>implet</strong></span> <span class='ocrx_word' id='word_1_152' title='bbox 1166 2150 1503 2215; x_wconf 83' lang='lat' dir='ltr'><strong>Zachariam,</strong></span> <span class='ocrx_word' id='word_1_153' title='bbox 1538 2153 1728 2220; x_wconf 90' lang='lat' dir='ltr'><strong>plenus</strong></span> <span class='ocrx_word' id='word_1_154' title='bbox 1761 2168 1826 2206; x_wconf 89' lang='lat' dir='ltr'><strong>eo</strong></span> <span class='ocrx_word' id='word_1_155' title='bbox 1877 2152 2168 2222; x_wconf 85' lang='lat' dir='ltr'><strong>prophetas</strong></span> <span class='ocrx_word' id='word_1_156' title='bbox 2203 2155 2344 2207; x_wconf 87' lang='lat' dir='ltr'><strong>anti-</strong></span> 
     </span>
    </p>
   </div>
   <div class='ocr_carea' id='block_1_24' title="bbox 792 2240 2346 2313">
    <p class='ocr_par' dir='ltr' id='par_1_24' title="bbox 792 2240 2346 2313">
     <span class='ocr_line' id='line_1_24' title="bbox 792 2240 2346 2313; baseline 0.005 -22"><span class='ocrx_word' id='word_1_157' title='bbox 792 2256 928 2307; x_wconf 87' lang='lat' dir='ltr'><strong>quos</strong></span> <span class='ocrx_word' id='word_1_158' title='bbox 978 2252 1194 2295; x_wconf 89' lang='lat' dir='ltr'><strong>sanctos</strong></span> <span class='ocrx_word' id='word_1_159' title='bbox 1247 2240 1449 2310; x_wconf 86' lang='lat' dir='ltr'><strong>Deique</strong></span> <span class='ocrx_word' id='word_1_160' title='bbox 1498 2244 1807 2297; x_wconf 83' lang='lat' dir='ltr'><strong>sacerdotes</strong></span> <span class='ocrx_word' id='word_1_161' title='bbox 1872 2244 2148 2313; x_wconf 88' lang='lat' dir='ltr'><strong>appellat,</strong></span> <span class='ocrx_word' id='word_1_162' title='bbox 2184 2244 2346 2300; x_wconf 81' lang='lat' dir='ltr'><strong>Mosis</strong></span> 
     </span>
    </p>
   </div>
   <div class='ocr_carea' id='block_1_25' title="bbox 792 2332 2348 2406">
    <p class='ocr_par' dir='ltr' id='par_1_25' title="bbox 792 2332 2348 2406">
     <span class='ocr_line' id='line_1_25' title="bbox 792 2332 2348 2406; baseline 0.006 -25"><span class='ocrx_word' id='word_1_163' title='bbox 792 2332 917 2383; x_wconf 90' lang='lat' dir='ltr'><strong>item</strong></span> <span class='ocrx_word' id='word_1_164' title='bbox 950 2340 1328 2385; x_wconf 82' lang='lat' dir='ltr'><strong>testamentum</strong></span> <span class='ocrx_word' id='word_1_165' title='bbox 1359 2334 1615 2401; x_wconf 67' lang='lat' dir='ltr'><strong>praedicat</strong></span> <span class='ocrx_word' id='word_1_166' title='bbox 1642 2348 1889 2389; x_wconf 89' lang='lat' dir='ltr'><strong>sanctum</strong></span> <span class='ocrx_word' id='word_1_167' title='bbox 1917 2378 1930 2398; x_wconf 98' lang='lat'><strong>,</strong></span> <span class='ocrx_word' id='word_1_168' title='bbox 1987 2337 2251 2406; x_wconf 85' lang='lat' dir='ltr'><strong>nobisque</strong></span> <span class='ocrx_word' id='word_1_169' title='bbox 2286 2337 2348 2390; x_wconf 89' lang='lat' dir='ltr'><strong>li-</strong></span> 
     </span>
    </p>
   </div>
   <div class='ocr_carea' id='block_1_26' title="bbox 794 2422 2345 2497">
    <p class='ocr_par' dir='ltr' id='par_1_26' title="bbox 794 2422 2345 2497">
     <span class='ocr_line' id='line_1_26' title="bbox 794 2422 2345 2497; baseline 0.005 -24"><span class='ocrx_word' id='word_1_170' title='bbox 794 2422 1050 2475; x_wconf 87' lang='lat' dir='ltr'><strong>bertatem</strong></span> <span class='ocrx_word' id='word_1_171' title='bbox 1080 2424 1423 2490; x_wconf 75' lang='lat' dir='ltr'><strong>prmnuutiat,</strong></span> <span class='ocrx_word' id='word_1_172' title='bbox 1450 2435 1502 2478; x_wconf 90' lang='lat' dir='ltr'><strong>et</strong></span> <span class='ocrx_word' id='word_1_173' title='bbox 1534 2440 1680 2490; x_wconf 88' lang='lat' dir='ltr'><strong>eum,</strong></span> <span class='ocrx_word' id='word_1_174' title='bbox 1725 2425 1815 2495; x_wconf 89' lang='lat' dir='ltr'><strong>qui</strong></span> <span class='ocrx_word' id='word_1_175' title='bbox 1846 2427 2149 2480; x_wconf 81' lang='lat' dir='ltr'><strong>Abrahamo</strong></span> <span class='ocrx_word' id='word_1_176' title='bbox 2190 2429 2345 2497; x_wconf 87' lang='lat' dir='ltr'><strong>jura-</strong></span> 
     </span>
    </p>
   </div>
   <div class='ocr_carea' id='block_1_27' title="bbox 791 2513 2345 2588">
    <p class='ocr_par' dir='ltr' id='par_1_27' title="bbox 791 2513 2345 2588">
     <span class='ocr_line' id='line_1_27' title="bbox 791 2513 2345 2588; baseline 0.006 -24"><span class='ocrx_word' id='word_1_177' title='bbox 791 2513 954 2573; x_wconf 76' lang='lat' dir='ltr'><strong>vcrit,</strong></span> <span class='ocrx_word' id='word_1_178' title='bbox 988 2514 1145 2580; x_wconf 87' lang='lat' dir='ltr'><strong>hujus</strong></span> <span class='ocrx_word' id='word_1_179' title='bbox 1199 2514 1461 2567; x_wconf 78' lang='lat' dir='ltr'><strong>libertatis</strong></span> <span class='ocrx_word' id='word_1_180' title='bbox 1485 2516 1725 2570; x_wconf 85' lang='lat' dir='ltr'><strong>datorem</strong></span> <span class='ocrx_word' id='word_1_181' title='bbox 1763 2518 1875 2569; x_wconf 78' lang='lat' dir='ltr'><strong>fore</strong></span> <span class='ocrx_word' id='word_1_182' title='bbox 1909 2556 1922 2580; x_wconf 91' lang='lat'><strong>,</strong></span> <span class='ocrx_word' id='word_1_183' title='bbox 1974 2533 2174 2587; x_wconf 87' lang='lat' dir='ltr'><strong>eosque</strong></span> <span class='ocrx_word' id='word_1_184' title='bbox 2205 2559 2219 2583; x_wconf 92' lang='lat'><strong>,</strong></span> <span class='ocrx_word' id='word_1_185' title='bbox 2255 2521 2345 2588; x_wconf 88' lang='lat' dir='ltr'><strong>qui</strong></span> 
     </span>
    </p>
   </div>
   <div class='ocr_carea' id='block_1_28' title="bbox 792 2605 2345 2677">
    <p class='ocr_par' dir='ltr' id='par_1_28' title="bbox 792 2605 2345 2677">
     <span class='ocr_line' id='line_1_28' title="bbox 792 2605 2345 2677; baseline 0.005 -21"><span class='ocrx_word' id='word_1_186' title='bbox 792 2606 996 2657; x_wconf 89' lang='lat' dir='ltr'><strong>cultum</strong></span> <span class='ocrx_word' id='word_1_187' title='bbox 1028 2605 1123 2673; x_wconf 89' lang='lat' dir='ltr'><strong>ipsi</strong></span> <span class='ocrx_word' id='word_1_188' title='bbox 1158 2616 1453 2674; x_wconf 66' lang='lat' dir='ltr'><strong>praestent,</strong></span> <span class='ocrx_word' id='word_1_189' title='bbox 1509 2608 1559 2659; x_wconf 89' lang='lat' dir='ltr'><strong>in</strong></span> <span class='ocrx_word' id='word_1_190' title='bbox 1598 2607 1880 2662; x_wconf 85' lang='lat' dir='ltr'><strong>sanctitate</strong></span> <span class='ocrx_word' id='word_1_191' title='bbox 1934 2618 1989 2662; x_wconf 89' lang='lat' dir='ltr'><strong>et</strong></span> <span class='ocrx_word' id='word_1_192' title='bbox 2035 2608 2239 2677; x_wconf 84' lang='lat' dir='ltr'><strong>justitia</strong></span> <span class='ocrx_word' id='word_1_193' title='bbox 2298 2612 2345 2665; x_wconf 94' lang='lat' dir='ltr'><strong>ei</strong></span> 
     </span>
    </p>
   </div>
   <div class='ocr_carea' id='block_1_29' title="bbox 793 2697 2348 2770">
    <p class='ocr_par' dir='ltr' id='par_1_29' title="bbox 793 2697 2348 2770">
     <span class='ocr_line' id='line_1_29' title="bbox 793 2697 2348 2770; baseline 0.005 -22"><span class='ocrx_word' id='word_1_194' title='bbox 793 2697 996 2748; x_wconf 79' lang='lat' dir='ltr'><strong>servire</strong></span> <span class='ocrx_word' id='word_1_195' title='bbox 1021 2707 1312 2751; x_wconf 80' lang='lat' dir='ltr'><strong>asseverat.</strong></span> <span class='ocrx_word' id='word_1_196' title='bbox 1340 2698 1393 2750; x_wconf 78' lang='lat' dir='ltr'><strong>Si</strong></span> <span class='ocrx_word' id='word_1_197' title='bbox 1434 2699 1547 2752; x_wconf 67' lang='lat' dir='ltr'><strong>haec</strong></span> <span class='ocrx_word' id='word_1_198' title='bbox 1575 2699 1753 2751; x_wconf 86' lang='lat' dir='ltr'><strong>omnia</strong></span> <span class='ocrx_word' id='word_1_199' title='bbox 1787 2698 2074 2753; x_wconf 86' lang='lat' dir='ltr'><strong>Zacharias</strong></span> <span class='ocrx_word' id='word_1_200' title='bbox 2096 2743 2109 2767; x_wconf 91' lang='lat'><strong>,</strong></span> <span class='ocrx_word' id='word_1_201' title='bbox 2145 2700 2348 2770; x_wconf 87' lang='lat' dir='ltr'><strong>Spiritu</strong></span> 
     </span>
    </p>
   </div>
   <div class='ocr_carea' id='block_1_30' title="bbox 793 2788 2348 2861">
    <p class='ocr_par' dir='ltr' id='par_1_30' title="bbox 793 2788 2348 2861">
     <span class='ocr_line' id='line_1_30' title="bbox 793 2788 2348 2861; baseline 0.005 -23"><span class='ocrx_word' id='word_1_202' title='bbox 793 2796 980 2839; x_wconf 86' lang='lat' dir='ltr'><strong>sancto</strong></span> <span class='ocrx_word' id='word_1_203' title='bbox 1012 2788 1269 2855; x_wconf 82' lang='lat' dir='ltr'><strong>repletus,</strong></span> <span class='ocrx_word' id='word_1_204' title='bbox 1300 2788 1573 2855; x_wconf 84' lang='lat' dir='ltr'><strong>edisserit,</strong></span> <span class='ocrx_word' id='word_1_205' title='bbox 1609 2804 1789 2843; x_wconf 90' lang='lat' dir='ltr'><strong>nonne</strong></span> <span class='ocrx_word' id='word_1_206' title='bbox 1818 2791 2012 2858; x_wconf 92' lang='lat' dir='ltr'><strong>spiritu</strong></span> <span class='ocrx_word' id='word_1_207' title='bbox 2044 2791 2183 2845; x_wconf 90' lang='lat' dir='ltr'><strong>malo</strong></span> <span class='ocrx_word' id='word_1_208' title='bbox 2205 2792 2348 2861; x_wconf 89' lang='lat' dir='ltr'><strong>pleni</strong></span> 
     </span>
    </p>
   </div>
   <div class='ocr_carea' id='block_1_31' title="bbox 789 2879 2351 2949">
    <p class='ocr_par' dir='ltr' id='par_1_31' title="bbox 789 2879 2351 2949">
     <span class='ocr_line' id='line_1_31' title="bbox 789 2879 2351 2949; baseline 0.005 -20"><span class='ocrx_word' id='word_1_209' title='bbox 789 2879 1062 2946; x_wconf 87' lang='lat' dir='ltr'><strong>judicandi</strong></span> <span class='ocrx_word' id='word_1_210' title='bbox 1087 2891 1232 2940; x_wconf 86' lang='lat' dir='ltr'><strong>sunt,</strong></span> <span class='ocrx_word' id='word_1_211' title='bbox 1261 2881 1351 2949; x_wconf 92' lang='lat' dir='ltr'><strong>qui</strong></span> <span class='ocrx_word' id='word_1_212' title='bbox 1376 2882 1645 2935; x_wconf 86' lang='lat' dir='ltr'><strong>contraria</strong></span> <span class='ocrx_word' id='word_1_213' title='bbox 1679 2881 1760 2935; x_wconf 88' lang='lat' dir='ltr'><strong>his</strong></span> <span class='ocrx_word' id='word_1_214' title='bbox 1782 2882 1963 2935; x_wconf 88' lang='lat' dir='ltr'><strong>omnia</strong></span> <span class='ocrx_word' id='word_1_215' title='bbox 1984 2884 2351 2939; x_wconf 80' lang='lat' dir='ltr'><strong>contendant?</strong></span> 
     </span>
    </p>
   </div>
   <div class='ocr_carea' id='block_1_32' title="bbox 794 2968 2350 3042">
    <p class='ocr_par' dir='ltr' id='par_1_32' title="bbox 794 2968 2350 3042">
     <span class='ocr_line' id='line_1_32' title="bbox 794 2968 2350 3042; baseline 0.005 -21"><span class='ocrx_word' id='word_1_216' title='bbox 794 2968 934 3032; x_wconf 84' lang='lat' dir='ltr'><strong>Quid</strong></span> <span class='ocrx_word' id='word_1_217' title='bbox 966 2986 1092 3023; x_wconf 87' lang='lat' dir='ltr'><strong>vero</strong></span> <span class='ocrx_word' id='word_1_218' title='bbox 1130 2972 1311 3025; x_wconf 90' lang='lat' dir='ltr'><strong>dicent</strong></span> <span class='ocrx_word' id='word_1_219' title='bbox 1339 2972 1658 3025; x_wconf 88' lang='lat' dir='ltr'><strong>amarulenti</strong></span> <span class='ocrx_word' id='word_1_220' title='bbox 1691 2973 1822 3042; x_wconf 83' lang='lat' dir='ltr'><strong>legis</strong></span> <span class='ocrx_word' id='word_1_221' title='bbox 1850 2972 2095 3028; x_wconf 75' lang='lat' dir='ltr'><strong>Mosaica:</strong></span> <span class='ocrx_word' id='word_1_222' title='bbox 2128 2990 2350 3028; x_wconf 85' lang='lat' dir='ltr'><strong>accusa-</strong></span> 
     </span>
    </p>
   </div>
   <div class='ocr_carea' id='block_1_33' title="bbox 795 3063 2351 3135">
    <p class='ocr_par' dir='ltr' id='par_1_33' title="bbox 795 3063 2351 3135">
     <span class='ocr_line' id='line_1_33' title="bbox 795 3063 2351 3135; baseline 0.004 -21"><span class='ocrx_word' id='word_1_223' title='bbox 795 3069 959 3126; x_wconf 86' lang='lat' dir='ltr'><strong>tores,</strong></span> <span class='ocrx_word' id='word_1_224' title='bbox 992 3063 1074 3114; x_wconf 86' lang='lat' dir='ltr'><strong>vel</strong></span> <span class='ocrx_word' id='word_1_225' title='bbox 1100 3064 1278 3131; x_wconf 92' lang='lat' dir='ltr'><strong>potius</strong></span> <span class='ocrx_word' id='word_1_226' title='bbox 1304 3064 1632 3133; x_wconf 82' lang='lat' dir='ltr'><strong>principatus</strong></span> <span class='ocrx_word' id='word_1_227' title='bbox 1669 3064 1756 3119; x_wconf 85' lang='lat' dir='ltr'><strong>Dei</strong></span> <span class='ocrx_word' id='word_1_228' title='bbox 1789 3066 2100 3134; x_wconf 86' lang='lat' dir='ltr'><strong>partitores,</strong></span> <span class='ocrx_word' id='word_1_229' title='bbox 2134 3068 2351 3135; x_wconf 88' lang='lat' dir='ltr'><strong>quando</strong></span> 
     </span>
    </p>
   </div>
   <div class='ocr_carea' id='block_1_34' title="bbox 792 3152 2346 3226">
    <p class='ocr_par' dir='ltr' id='par_1_34' title="bbox 792 3152 2346 3226">
     <span class='ocr_line' id='line_1_34' title="bbox 792 3152 2346 3226; baseline 0.005 -22"><span class='ocrx_word' id='word_1_230' title='bbox 792 3153 977 3207; x_wconf 86' lang='lat' dir='ltr'><strong>vident</strong></span> <span class='ocrx_word' id='word_1_231' title='bbox 1002 3152 1182 3206; x_wconf 85' lang='lat' dir='ltr'><strong>Jesum</strong></span> <span class='ocrx_word' id='word_1_232' title='bbox 1220 3155 1274 3207; x_wconf 90' lang='lat' dir='ltr'><strong>in</strong></span> <span class='ocrx_word' id='word_1_233' title='bbox 1312 3154 1614 3223; x_wconf 84' lang='lat' dir='ltr'><strong>Evangeliis</strong></span> <span class='ocrx_word' id='word_1_234' title='bbox 1650 3155 1979 3225; x_wconf 84' lang='lat' dir='ltr'><strong>Jerosolyma</strong></span> <span class='ocrx_word' id='word_1_235' title='bbox 2006 3158 2346 3226; x_wconf 84' lang='lat' dir='ltr'><strong>perductum,</strong></span> 
     </span>
    </p>
   </div>
   <div class='ocr_carea' id='block_1_35' title="bbox 795 3245 2350 3313">
    <p class='ocr_par' dir='ltr' id='par_1_35' title="bbox 795 3245 2350 3313">
     <span class='ocr_line' id='line_1_35' title="bbox 795 3245 2350 3313; baseline 0.005 -15"><span class='ocrx_word' id='word_1_236' title='bbox 795 3246 970 3313; x_wconf 91' lang='lat' dir='ltr'><strong>ibique</strong></span> <span class='ocrx_word' id='word_1_237' title='bbox 1005 3245 1232 3300; x_wconf 83' lang='lat' dir='ltr'><strong>M&#39;osaica</strong></span> <span class='ocrx_word' id='word_1_238' title='bbox 1267 3247 1510 3300; x_wconf 75' lang='lat' dir='ltr'><strong>instituta</strong></span> <span class='ocrx_word' id='word_1_239' title='bbox 1538 3251 1938 3313; x_wconf 87' lang='lat' dir='ltr'><strong>observantem,</strong></span> <span class='ocrx_word' id='word_1_240' title='bbox 1974 3251 2233 3305; x_wconf 83' lang='lat' dir='ltr'><strong>sacriﬁcia</strong></span> <span class='ocrx_word' id='word_1_241' title='bbox 2265 3267 2350 3305; x_wconf 89' lang='lat' dir='ltr'><strong>se-</strong></span> 
     </span>
    </p>
   </div>
   <div class='ocr_carea' id='block_1_36' title="bbox 794 3337 2351 3407">
    <p class='ocr_par' dir='ltr' id='par_1_36' title="bbox 794 3337 2351 3407">
     <span class='ocr_line' id='line_1_36' title="bbox 794 3337 2351 3407; baseline 0.004 -18"><span class='ocrx_word' id='word_1_242' title='bbox 794 3337 1026 3390; x_wconf 91' lang='lat' dir='ltr'><strong>cundum</strong></span> <span class='ocrx_word' id='word_1_243' title='bbox 1054 3348 1381 3407; x_wconf 76' lang='lat' dir='ltr'><strong>przeceptum</strong></span> <span class='ocrx_word' id='word_1_244' title='bbox 1415 3339 1545 3407; x_wconf 73' lang='lat' dir='ltr'><strong>legis</strong></span> <span class='ocrx_word' id='word_1_245' title='bbox 1577 3339 1787 3394; x_wconf 88' lang='lat' dir='ltr'><strong>Domini</strong></span> <span class='ocrx_word' id='word_1_246' title='bbox 1816 3341 2168 3405; x_wconf 71' lang='lat' dir='ltr'><strong>offerentem,</strong></span> <span class='ocrx_word' id='word_1_247' title='bbox 2225 3342 2351 3396; x_wconf 88' lang='lat' dir='ltr'><strong>bra-</strong></span> 
     </span>
    </p>
   </div>
   <div class='ocr_carea' id='block_1_37' title="bbox 793 3426 2350 3503">
    <p class='ocr_par' dir='ltr' id='par_1_37' title="bbox 793 3426 2350 3503">
     <span class='ocr_line' id='line_1_37' title="bbox 793 3426 2350 3503; baseline 0.005 -22"><span class='ocrx_word' id='word_1_248' title='bbox 793 3426 1035 3496; x_wconf 79' lang='lat' dir='ltr'><strong>chiisque</strong></span> <span class='ocrx_word' id='word_1_249' title='bbox 1069 3428 1199 3496; x_wconf 86' lang='lat' dir='ltr'><strong>justi</strong></span> <span class='ocrx_word' id='word_1_250' title='bbox 1234 3428 1518 3498; x_wconf 83' lang='lat' dir='ltr'><strong>Symeonis</strong></span> <span class='ocrx_word' id='word_1_251' title='bbox 1553 3431 1721 3483; x_wconf 90' lang='lat' dir='ltr'><strong>instar</strong></span> <span class='ocrx_word' id='word_1_252' title='bbox 1742 3432 1868 3485; x_wconf 95' lang='lat' dir='ltr'><strong>doni</strong></span> <span class='ocrx_word' id='word_1_253' title='bbox 1893 3441 2225 3501; x_wconf 86' lang='lat' dir='ltr'><strong>susceptum,</strong></span> <span class='ocrx_word' id='word_1_254' title='bbox 2261 3436 2350 3503; x_wconf 89' lang='lat' dir='ltr'><strong>qui</strong></span> 
     </span>
    </p>
   </div>
   <div class='ocr_carea' id='block_1_38' title="bbox 796 3519 2354 3596">
    <p class='ocr_par' dir='ltr' id='par_1_38' title="bbox 796 3519 2354 3596">
     <span class='ocr_line' id='line_1_38' title="bbox 796 3519 2354 3596; baseline 0.006 -25"><span class='ocrx_word' id='word_1_255' title='bbox 796 3519 937 3571; x_wconf 90' lang='lat' dir='ltr'><strong>inter</strong></span> <span class='ocrx_word' id='word_1_256' title='bbox 967 3530 1156 3572; x_wconf 42' lang='lat' dir='ltr'><strong>ca‘tera</strong></span> <span class='ocrx_word' id='word_1_257' title='bbox 1190 3521 1403 3587; x_wconf 84' lang='lat' dir='ltr'><strong>pietatis</strong></span> <span class='ocrx_word' id='word_1_258' title='bbox 1436 3532 1490 3576; x_wconf 92' lang='lat' dir='ltr'><strong>et</strong></span> <span class='ocrx_word' id='word_1_259' title='bbox 1513 3523 1735 3590; x_wconf 68' lang='lat' dir='ltr'><strong>iustitiae</strong></span> <span class='ocrx_word' id='word_1_260' title='bbox 1760 3535 2073 3593; x_wconf 78' lang='lat' dir='ltr'><strong>argumenta</strong></span> <span class='ocrx_word' id='word_1_261' title='bbox 2104 3542 2198 3595; x_wconf 89' lang='lat' dir='ltr'><strong>per</strong></span> <span class='ocrx_word' id='word_1_262' title='bbox 2230 3525 2354 3596; x_wconf 91' lang='lat' dir='ltr'><strong>Spi-</strong></span> 
     </span>
    </p>
   </div>
   <div class='ocr_carea' id='block_1_39' title="bbox 795 3610 2351 3680">
    <p class='ocr_par' dir='ltr' id='par_1_39' title="bbox 795 3610 2351 3680">
     <span class='ocr_line' id='line_1_39' title="bbox 795 3610 2351 3680; baseline 0.008 -19"><span class='ocrx_word' id='word_1_263' title='bbox 795 3610 954 3661; x_wconf 91' lang='lat' dir='ltr'><strong>ritum</strong></span> <span class='ocrx_word' id='word_1_264' title='bbox 996 3620 1239 3663; x_wconf 88' lang='lat' dir='ltr'><strong>sanctum</strong></span> <span class='ocrx_word' id='word_1_265' title='bbox 1284 3614 1564 3667; x_wconf 89' lang='lat' dir='ltr'><strong>oraculum</strong></span> <span class='ocrx_word' id='word_1_266' title='bbox 1614 3623 1844 3680; x_wconf 86' lang='lat' dir='ltr'><strong>nactus,</strong></span> <span class='ocrx_word' id='word_1_267' title='bbox 1904 3626 1955 3669; x_wconf 88' lang='lat' dir='ltr'><strong>et</strong></span> <span class='ocrx_word' id='word_1_268' title='bbox 2010 3632 2351 3673; x_wconf 89' lang='lat' dir='ltr'><strong>communem</strong></span> 
     </span>
    </p>
   </div>
   <div class='ocr_carea' id='block_1_40' title="bbox 798 3699 2350 3777">
    <p class='ocr_par' dir='ltr' id='par_1_40' title="bbox 798 3699 2350 3777">
     <span class='ocr_line' id='line_1_40' title="bbox 798 3699 2350 3777; baseline 0.008 -26"><span class='ocrx_word' id='word_1_269' title='bbox 798 3699 1135 3755; x_wconf 78' lang='lat' dir='ltr'><strong>Servatorem</strong></span> <span class='ocrx_word' id='word_1_270' title='bbox 1169 3704 1404 3758; x_wconf 87' lang='lat' dir='ltr'><strong>brachiis</strong></span> <span class='ocrx_word' id='word_1_271' title='bbox 1433 3706 1743 3774; x_wconf 78' lang='lat' dir='ltr'><strong>complexus</strong></span> <span class='ocrx_word' id='word_1_272' title='bbox 1774 3716 1875 3769; x_wconf 89' lang='lat' dir='ltr'><strong>est,</strong></span> <span class='ocrx_word' id='word_1_273' title='bbox 1907 3717 1959 3761; x_wconf 93' lang='lat' dir='ltr'><strong>et</strong></span> <span class='ocrx_word' id='word_1_274' title='bbox 1986 3708 2257 3765; x_wconf 83' lang='lat' dir='ltr'><strong>benedixit</strong></span> <span class='ocrx_word' id='word_1_275' title='bbox 2280 3712 2350 3777; x_wconf 90' lang='lat' dir='ltr'><strong>ei,</strong></span> 
     </span>
    </p>
   </div>
   <div class='ocr_carea' id='block_1_41' title="bbox 794 3794 2353 3858">
    <p class='ocr_par' dir='ltr' id='par_1_41' title="bbox 794 3794 2353 3858">
     <span class='ocr_line' id='line_1_41' title="bbox 794 3794 2353 3858; baseline 0.008 -16"><span class='ocrx_word' id='word_1_276' title='bbox 794 3799 847 3843; x_wconf 89' lang='lat' dir='ltr'><strong>et</strong></span> <span class='ocrx_word' id='word_1_277' title='bbox 883 3794 1262 3858; x_wconf 68' lang='lat' dir='ltr'><strong>praenuntiavit</strong></span> <span class='ocrx_word' id='word_1_278' title='bbox 1292 3834 1305 3855; x_wconf 88' lang='grc'><strong>,</strong></span> <span class='ocrx_word' id='word_1_279' title='bbox 1334 3810 1455 3847; x_wconf 92' lang='lat' dir='ltr'><strong>eum</strong></span> <span class='ocrx_word' id='word_1_280' title='bbox 1488 3795 1540 3847; x_wconf 92' lang='lat' dir='ltr'><strong>in</strong></span> <span class='ocrx_word' id='word_1_281' title='bbox 1575 3801 1798 3849; x_wconf 89' lang='lat' dir='ltr'><strong>salutem</strong></span> <span class='ocrx_word' id='word_1_282' title='bbox 1830 3798 2116 3852; x_wconf 63' lang='lat' dir='ltr'><strong>advenisse</strong></span> <span class='ocrx_word' id='word_1_283' title='bbox 2173 3816 2353 3854; x_wconf 89' lang='lat' dir='ltr'><strong>coram</strong></span> 
     </span>
    </p>
   </div>
   <div class='ocr_carea' id='block_1_42' title="bbox 797 3880 2353 3953">
    <p class='ocr_par' dir='ltr' id='par_1_42' title="bbox 797 3880 2353 3953">
     <span class='ocr_line' id='line_1_42' title="bbox 797 3880 2353 3953; baseline 0.007 -20"><span class='ocrx_word' id='word_1_284' title='bbox 797 3880 932 3934; x_wconf 79' lang='lat' dir='ltr'><strong>facie</strong></span> <span class='ocrx_word' id='word_1_285' title='bbox 964 3884 1201 3937; x_wconf 89' lang='lat' dir='ltr'><strong>omnium</strong></span> <span class='ocrx_word' id='word_1_286' title='bbox 1240 3888 1585 3953; x_wconf 91' lang='lat' dir='ltr'><strong>populorum.</strong></span> <span class='ocrx_word' id='word_1_287' title='bbox 1612 3897 1664 3939; x_wconf 92' lang='lat' dir='ltr'><strong>et</strong></span> <span class='ocrx_word' id='word_1_288' title='bbox 1690 3888 1857 3941; x_wconf 89' lang='lat' dir='ltr'><strong>instar</strong></span> <span class='ocrx_word' id='word_1_289' title='bbox 1889 3888 2021 3944; x_wconf 93' lang='lat' dir='ltr'><strong>lucis</strong></span> <span class='ocrx_word' id='word_1_290' title='bbox 2049 3890 2114 3943; x_wconf 89' lang='lat' dir='ltr'><strong>ad</strong></span> <span class='ocrx_word' id='word_1_291' title='bbox 2150 3892 2353 3944; x_wconf 91' lang='lat' dir='ltr'><strong>illumi-</strong></span> 
     </span>
    </p>
   </div>
   <div class='ocr_carea' id='block_1_43' title="bbox 797 3975 2354 4047">
    <p class='ocr_par' dir='ltr' id='par_1_43' title="bbox 797 3975 2354 4047">
     <span class='ocr_line' id='line_1_43' title="bbox 797 3975 2354 4047; baseline 0.006 -21"><span class='ocrx_word' id='word_1_292' title='bbox 797 3975 1070 4028; x_wconf 85' lang='lat' dir='ltr'><strong>nationem</strong></span> <span class='ocrx_word' id='word_1_293' title='bbox 1110 3978 1369 4045; x_wconf 80' lang='lat' dir='ltr'><strong>gentium,</strong></span> <span class='ocrx_word' id='word_1_294' title='bbox 1404 3994 1522 4046; x_wconf 65' lang='lat' dir='ltr'><strong>quae</strong></span> <span class='ocrx_word' id='word_1_295' title='bbox 1554 3980 1789 4047; x_wconf 69' lang='lat' dir='ltr'><strong>posthaac</strong></span> <span class='ocrx_word' id='word_1_296' title='bbox 1811 3981 1863 4033; x_wconf 93' lang='lat' dir='ltr'><strong>in</strong></span> <span class='ocrx_word' id='word_1_297' title='bbox 1889 3996 2010 4033; x_wconf 90' lang='lat' dir='ltr'><strong>cum</strong></span> <span class='ocrx_word' id='word_1_298' title='bbox 2038 3983 2144 4034; x_wconf 91' lang='lat' dir='ltr'><strong>sint</strong></span> <span class='ocrx_word' id='word_1_299' title='bbox 2176 3984 2354 4036; x_wconf 88' lang='lat' dir='ltr'><strong>credi-</strong></span> 
     </span>
    </p>
   </div>
   <div class='ocr_carea' id='block_1_44' title="bbox 798 4068 2351 4139">
    <p class='ocr_par' dir='ltr' id='par_1_44' title="bbox 798 4068 2351 4139">
     <span class='ocr_line' id='line_1_44' title="bbox 798 4068 2351 4139; baseline 0.006 -21"><span class='ocrx_word' id='word_1_300' title='bbox 798 4076 953 4128; x_wconf 67' lang='lat' dir='ltr'><strong>turae,</strong></span> <span class='ocrx_word' id='word_1_301' title='bbox 980 4068 1195 4121; x_wconf 83' lang='lat' dir='ltr'><strong>divinus</strong></span> <span class='ocrx_word' id='word_1_302' title='bbox 1219 4085 1349 4121; x_wconf 89' lang='lat' dir='ltr'><strong>vero</strong></span> <span class='ocrx_word' id='word_1_303' title='bbox 1391 4071 1721 4139; x_wconf 77' lang='lat' dir='ltr'><strong>evangelista</strong></span> <span class='ocrx_word' id='word_1_304' title='bbox 1753 4087 1857 4125; x_wconf 93' lang='lat' dir='ltr'><strong>non</strong></span> <span class='ocrx_word' id='word_1_305' title='bbox 1894 4074 2022 4125; x_wconf 91' lang='lat' dir='ltr'><strong>satis</strong></span> <span class='ocrx_word' id='word_1_306' title='bbox 2068 4074 2248 4127; x_wconf 82' lang='lat' dir='ltr'><strong>habuit</strong></span> <span class='ocrx_word' id='word_1_307' title='bbox 2279 4075 2351 4137; x_wconf 83' lang='lat' dir='ltr'><strong>id,</strong></span> 
     </span>
    </p>
   </div>
   <div class='ocr_carea' id='block_1_45' title="bbox 800 4159 2356 4233">
    <p class='ocr_par' dir='ltr' id='par_1_45' title="bbox 800 4159 2356 4233">
     <span class='ocr_line' id='line_1_45' title="bbox 800 4159 2356 4233; baseline 0.007 -24"><span class='ocrx_word' id='word_1_308' title='bbox 800 4159 941 4224; x_wconf 91' lang='lat' dir='ltr'><strong>quod</strong></span> <span class='ocrx_word' id='word_1_309' title='bbox 978 4169 1104 4212; x_wconf 91' lang='lat' dir='ltr'><strong>tunc</strong></span> <span class='ocrx_word' id='word_1_310' title='bbox 1138 4169 1343 4229; x_wconf 81' lang='lat' dir='ltr'><strong>gestum</strong></span> <span class='ocrx_word' id='word_1_311' title='bbox 1375 4172 1511 4223; x_wconf 81' lang='lat' dir='ltr'><strong>erat,</strong></span> <span class='ocrx_word' id='word_1_312' title='bbox 1536 4171 1724 4216; x_wconf 89' lang='lat' dir='ltr'><strong>contra</strong></span> <span class='ocrx_word' id='word_1_313' title='bbox 1758 4164 1953 4233; x_wconf 90' lang='lat' dir='ltr'><strong>impios</strong></span> <span class='ocrx_word' id='word_1_314' title='bbox 1980 4165 2076 4219; x_wconf 89' lang='lat' dir='ltr'><strong>hos</strong></span> <span class='ocrx_word' id='word_1_315' title='bbox 2109 4168 2356 4221; x_wconf 84' lang='lat' dir='ltr'><strong>homines</strong></span> 
     </span>
    </p>
   </div>
   <div class='ocr_carea' id='block_1_46' title="bbox 800 4253 2353 4322">
    <p class='ocr_par' dir='ltr' id='par_1_46' title="bbox 800 4253 2353 4322">
     <span class='ocr_line' id='line_1_46' title="bbox 800 4253 2353 4322; baseline 0.003 -17"><span class='ocrx_word' id='word_1_316' title='bbox 800 4266 1243 4313; x_wconf 71' lang='lat' dir='ltr'><strong>commemorare,</strong></span> <span class='ocrx_word' id='word_1_317' title='bbox 1269 4254 1359 4305; x_wconf 87' lang='lat' dir='ltr'><strong>sed</strong></span> <span class='ocrx_word' id='word_1_318' title='bbox 1381 4253 1774 4322; x_wconf 90' lang='lat' dir='ltr'><strong>impudentiam</strong></span> <span class='ocrx_word' id='word_1_319' title='bbox 1798 4270 2006 4319; x_wconf 90' lang='lat' dir='ltr'><strong>eorum,</strong></span> <span class='ocrx_word' id='word_1_320' title='bbox 2034 4265 2091 4309; x_wconf 92' lang='lat' dir='ltr'><strong>ut</strong></span> <span class='ocrx_word' id='word_1_321' title='bbox 2116 4258 2353 4321; x_wconf 82' lang='lat' dir='ltr'><strong>videtur,</strong></span> 
     </span>
    </p>
   </div>
   <div class='ocr_carea' id='block_1_47' title="bbox 800 4339 2355 4409">
    <p class='ocr_par' dir='ltr' id='par_1_47' title="bbox 800 4339 2355 4409">
     <span class='ocr_line' id='line_1_47' title="bbox 800 4339 2355 4409; baseline 0.008 -21"><span class='ocrx_word' id='word_1_322' title='bbox 800 4339 1121 4405; x_wconf 69' lang='lat' dir='ltr'><strong>praevidens.</strong></span> <span class='ocrx_word' id='word_1_323' title='bbox 1154 4339 1315 4393; x_wconf 87' lang='lat' dir='ltr'><strong>etiam</strong></span> <span class='ocrx_word' id='word_1_324' title='bbox 1346 4343 1577 4405; x_wconf 89' lang='lat' dir='ltr'><strong>Annam,</strong></span> <span class='ocrx_word' id='word_1_325' title='bbox 1608 4342 1764 4409; x_wconf 84' lang='lat' dir='ltr'><strong>cujus</strong></span> <span class='ocrx_word' id='word_1_326' title='bbox 1804 4344 1976 4397; x_wconf 90' lang='lat' dir='ltr'><strong>tribus</strong></span> <span class='ocrx_word' id='word_1_327' title='bbox 1996 4346 2216 4399; x_wconf 83' lang='lat' dir='ltr'><strong>Aserem</strong></span> <span class='ocrx_word' id='word_1_328' title='bbox 2257 4348 2355 4400; x_wconf 90' lang='lat' dir='ltr'><strong>ha-</strong></span> 
     </span>
    </p>
   </div>
   <div class='ocr_carea' id='block_1_48' title="bbox 801 4430 2355 4502">
    <p class='ocr_par' dir='ltr' id='par_1_48' title="bbox 801 4430 2355 4502">
     <span class='ocr_line' id='line_1_48' title="bbox 801 4430 2355 4502; baseline 0.006 -20"><span class='ocrx_word' id='word_1_329' title='bbox 801 4430 1281 4493; x_wconf 82' lang='lat' dir='ltr'><strong>nebatauctorem,</strong></span> <span class='ocrx_word' id='word_1_330' title='bbox 1326 4446 1449 4485; x_wconf 91' lang='lat' dir='ltr'><strong>cum</strong></span> <span class='ocrx_word' id='word_1_331' title='bbox 1503 4448 1631 4487; x_wconf 89' lang='lat' dir='ltr'><strong>sene</strong></span> <span class='ocrx_word' id='word_1_332' title='bbox 1675 4433 1767 4487; x_wconf 92' lang='lat' dir='ltr'><strong>illo</strong></span> <span class='ocrx_word' id='word_1_333' title='bbox 1798 4445 2141 4502; x_wconf 64' lang='lat' dir='ltr'><strong>prassentem,</strong></span> <span class='ocrx_word' id='word_1_334' title='bbox 2178 4438 2355 4491; x_wconf 86' lang='lat' dir='ltr'><strong>Domi-</strong></span> 
     </span>
    </p>
   </div>
   <div class='ocr_carea' id='block_1_49' title="bbox 802 4523 2433 4589">
    <p class='ocr_par' dir='ltr' id='par_1_49' title="bbox 802 4523 2433 4589">
     <span class='ocr_line' id='line_1_49' title="bbox 802 4523 2433 4589; baseline 0.005 -16"><span class='ocrx_word' id='word_1_335' title='bbox 802 4538 1043 4589; x_wconf 90' lang='lat' dir='ltr'><strong>numque</strong></span> <span class='ocrx_word' id='word_1_336' title='bbox 1067 4523 1452 4585; x_wconf 82' lang='lat' dir='ltr'><strong>celebrantem,</strong></span> <span class='ocrx_word' id='word_1_337' title='bbox 1486 4532 1540 4576; x_wconf 85' lang='lat' dir='ltr'><strong>et</strong></span> <span class='ocrx_word' id='word_1_338' title='bbox 1570 4524 1634 4576; x_wconf 90' lang='lat' dir='ltr'><strong>de</strong></span> <span class='ocrx_word' id='word_1_339' title='bbox 1662 4526 1935 4577; x_wconf 90' lang='lat' dir='ltr'><strong>communi</strong></span> <span class='ocrx_word' id='word_1_340' title='bbox 1983 4526 2209 4579; x_wconf 89' lang='lat' dir='ltr'><strong>Domino</strong></span> <span class='ocrx_word' id='word_1_341' title='bbox 2260 4544 2351 4581; x_wconf 89' lang='lat' dir='ltr'><strong>ea-</strong></span> <span class='ocrx_word' id='word_1_342' title='bbox 2382 4523 2433 4580; x_wconf 91' lang='lat' dir='ltr'><strong>D</strong></span> 
     </span>
    </p>
   </div>
   <div class='ocr_carea' id='block_1_50' title="bbox 802 4612 2353 4682">
    <p class='ocr_par' dir='ltr' id='par_1_50' title="bbox 802 4612 2353 4682">
     <span class='ocr_line' id='line_1_50' title="bbox 802 4612 2353 4682; baseline 0.005 -19"><span class='ocrx_word' id='word_1_343' title='bbox 802 4616 921 4664; x_wconf 76' lang='lat' dir='ltr'><strong>(lem</strong></span> <span class='ocrx_word' id='word_1_344' title='bbox 954 4628 1016 4665; x_wconf 89' lang='lat' dir='ltr'><strong>ac</strong></span> <span class='ocrx_word' id='word_1_345' title='bbox 1054 4613 1246 4665; x_wconf 87' lang='lat' dir='ltr'><strong>similia</strong></span> <span class='ocrx_word' id='word_1_346' title='bbox 1280 4612 1647 4682; x_wconf 77' lang='lat' dir='ltr'><strong>proferentem</strong></span> <span class='ocrx_word' id='word_1_347' title='bbox 1681 4615 1733 4667; x_wconf 90' lang='lat' dir='ltr'><strong>in</strong></span> <span class='ocrx_word' id='word_1_348' title='bbox 1764 4630 1913 4669; x_wconf 89' lang='lat' dir='ltr'><strong>sacra</strong></span> <span class='ocrx_word' id='word_1_349' title='bbox 1944 4616 2164 4670; x_wconf 83' lang='lat' dir='ltr'><strong>historia</strong></span> <span class='ocrx_word' id='word_1_350' title='bbox 2195 4619 2353 4671; x_wconf 89' lang='lat' dir='ltr'><strong>sistit.</strong></span> 
     </span>
    </p>
   </div>
   <div class='ocr_carea' id='block_1_51' title="bbox 802 4703 2357 4773">
    <p class='ocr_par' dir='ltr' id='par_1_51' title="bbox 802 4703 2357 4773">
     <span class='ocr_line' id='line_1_51' title="bbox 802 4703 2357 4773; baseline 0.006 -20"><span class='ocrx_word' id='word_1_351' title='bbox 802 4703 956 4765; x_wconf 70' lang='lat' dir='ltr'><strong>Quod</strong></span> <span class='ocrx_word' id='word_1_352' title='bbox 985 4718 1112 4755; x_wconf 87' lang='lat' dir='ltr'><strong>vero</strong></span> <span class='ocrx_word' id='word_1_353' title='bbox 1135 4711 1317 4769; x_wconf 85' lang='lat' dir='ltr'><strong>postea</strong></span> <span class='ocrx_word' id='word_1_354' title='bbox 1350 4705 1611 4773; x_wconf 76' lang='lat' dir='ltr'><strong>contigit,</strong></span> <span class='ocrx_word' id='word_1_355' title='bbox 1666 4705 1891 4758; x_wconf 89' lang='lat' dir='ltr'><strong>multum</strong></span> <span class='ocrx_word' id='word_1_356' title='bbox 1949 4708 2173 4761; x_wconf 91' lang='lat' dir='ltr'><strong>omnino</strong></span> <span class='ocrx_word' id='word_1_357' title='bbox 2221 4709 2357 4763; x_wconf 88' lang='lat' dir='ltr'><strong>valet</strong></span> 
     </span>
    </p>
   </div>
   <div class='ocr_carea' id='block_1_52' title="bbox 802 4792 2359 4865">
    <p class='ocr_par' dir='ltr' id='par_1_52' title="bbox 802 4792 2359 4865">
     <span class='ocr_line' id='line_1_52' title="bbox 802 4792 2359 4865; baseline 0.005 -21"><span class='ocrx_word' id='word_1_358' title='bbox 802 4792 867 4845; x_wconf 86' lang='lat' dir='ltr'><strong>ad</strong></span> <span class='ocrx_word' id='word_1_359' title='bbox 919 4794 1294 4861; x_wconf 83' lang='lat' dir='ltr'><strong>reprimendos</strong></span> <span class='ocrx_word' id='word_1_360' title='bbox 1320 4804 1367 4847; x_wconf 93' lang='lat' dir='ltr'><strong>ct</strong></span> <span class='ocrx_word' id='word_1_361' title='bbox 1398 4795 1730 4864; x_wconf 83' lang='lat' dir='ltr'><strong>dejiciendos</strong></span> <span class='ocrx_word' id='word_1_362' title='bbox 1765 4812 1857 4850; x_wconf 91' lang='lat' dir='ltr'><strong>eos</strong></span> <span class='ocrx_word' id='word_1_363' title='bbox 1890 4798 1981 4865; x_wconf 93' lang='lat' dir='ltr'><strong>qui</strong></span> <span class='ocrx_word' id='word_1_364' title='bbox 2016 4799 2359 4865; x_wconf 90' lang='lat' dir='ltr'><strong>supercilium</strong></span> 
     </span>
    </p>
   </div>
   <div class='ocr_carea' id='block_1_53' title="bbox 806 4881 2362 4952">
    <p class='ocr_par' dir='ltr' id='par_1_53' title="bbox 806 4881 2362 4952">
     <span class='ocr_line' id='line_1_53' title="bbox 806 4881 2362 4952; baseline 0.008 -21"><span class='ocrx_word' id='word_1_365' title='bbox 806 4881 1063 4934; x_wconf 86' lang='lat' dir='ltr'><strong>adversus</strong></span> <span class='ocrx_word' id='word_1_366' title='bbox 1089 4882 1323 4935; x_wconf 80' lang='lat' dir='ltr'><strong>divinam</strong></span> <span class='ocrx_word' id='word_1_367' title='bbox 1350 4883 1571 4952; x_wconf 78' lang='lat' dir='ltr'><strong>gloriam</strong></span> <span class='ocrx_word' id='word_1_368' title='bbox 1598 4885 1848 4937; x_wconf 84' lang='lat' dir='ltr'><strong>elIerunt.</strong></span> <span class='ocrx_word' id='word_1_369' title='bbox 1879 4885 2014 4939; x_wconf 89' lang='lat' dir='ltr'><strong>Cum</strong></span> <span class='ocrx_word' id='word_1_370' title='bbox 2040 4888 2180 4940; x_wconf 89' lang='lat' dir='ltr'><strong>enim</strong></span> <span class='ocrx_word' id='word_1_371' title='bbox 2207 4888 2362 4943; x_wconf 83' lang='lat' dir='ltr'><strong>Jesus</strong></span> 
     </span>
    </p>
   </div>
   <div class='ocr_carea' id='block_1_54' title="bbox 807 4970 2357 5044">
    <p class='ocr_par' dir='ltr' id='par_1_54' title="bbox 807 4970 2357 5044">
     <span class='ocr_line' id='line_1_54' title="bbox 807 4970 2357 5044; baseline 0.006 -22"><span class='ocrx_word' id='word_1_372' title='bbox 807 4986 913 5023; x_wconf 90' lang='lat' dir='ltr'><strong>una</strong></span> <span class='ocrx_word' id='word_1_373' title='bbox 946 4987 1065 5024; x_wconf 91' lang='lat' dir='ltr'><strong>cum</strong></span> <span class='ocrx_word' id='word_1_374' title='bbox 1102 4970 1314 5042; x_wconf 77' lang='lat' dir='ltr'><strong>Virgine</strong></span> <span class='ocrx_word' id='word_1_375' title='bbox 1360 4972 1524 5027; x_wconf 77' lang='lat' dir='ltr'><strong>Matre</strong></span> <span class='ocrx_word' id='word_1_376' title='bbox 1560 4992 1682 5040; x_wconf 89' lang='lat' dir='ltr'><strong>sua,</strong></span> <span class='ocrx_word' id='word_1_377' title='bbox 1721 4976 1865 5044; x_wconf 90' lang='lat' dir='ltr'><strong>quod</strong></span> <span class='ocrx_word' id='word_1_378' title='bbox 1914 4977 1978 5029; x_wconf 89' lang='lat' dir='ltr'><strong>ad</strong></span> <span class='ocrx_word' id='word_1_379' title='bbox 2028 4993 2267 5039; x_wconf 87' lang='lat' dir='ltr'><strong>carnem,</strong></span> <span class='ocrx_word' id='word_1_380' title='bbox 2305 4988 2357 5032; x_wconf 89' lang='lat' dir='ltr'><strong>et</strong></span> 
     </span>
    </p>
   </div>
   <div class='ocr_carea' id='block_1_55' title="bbox 808 5064 2359 5135">
    <p class='ocr_par' dir='ltr' id='par_1_55' title="bbox 808 5064 2359 5135">
     <span class='ocr_line' id='line_1_55' title="bbox 808 5064 2359 5135; baseline 0.006 -23"><span class='ocrx_word' id='word_1_381' title='bbox 808 5072 957 5129; x_wconf 89' lang='lat' dir='ltr'><strong>patre</strong></span> <span class='ocrx_word' id='word_1_382' title='bbox 982 5080 1078 5116; x_wconf 91' lang='lat' dir='ltr'><strong>suo</strong></span> <span class='ocrx_word' id='word_1_383' title='bbox 1132 5064 1382 5131; x_wconf 89' lang='lat' dir='ltr'><strong>putatitio</strong></span> <span class='ocrx_word' id='word_1_384' title='bbox 1420 5064 1791 5134; x_wconf 67' lang='lat' dir='ltr'><strong>Hierosolyma</strong></span> <span class='ocrx_word' id='word_1_385' title='bbox 1846 5067 2121 5135; x_wconf 80' lang='lat' dir='ltr'><strong>profectus</strong></span> <span class='ocrx_word' id='word_1_386' title='bbox 2175 5078 2359 5131; x_wconf 80' lang='lat' dir='ltr'><strong>esset,</strong></span> 
     </span>
    </p>
   </div>
   <div class='ocr_carea' id='block_1_56' title="bbox 804 5155 2359 5227">
    <p class='ocr_par' dir='ltr' id='par_1_56' title="bbox 804 5155 2359 5227">
     <span class='ocr_line' id='line_1_56' title="bbox 804 5155 2359 5227; baseline 0.008 -25"><span class='ocrx_word' id='word_1_387' title='bbox 804 5155 1034 5219; x_wconf 83' lang='lat' dir='ltr'><strong>peractis</strong></span> <span class='ocrx_word' id='word_1_388' title='bbox 1076 5155 1170 5216; x_wconf 88' lang='lat' dir='ltr'><strong>ibi,</strong></span> <span class='ocrx_word' id='word_1_389' title='bbox 1205 5172 1322 5223; x_wconf 78' lang='lat' dir='ltr'><strong>qua:</strong></span> <span class='ocrx_word' id='word_1_390' title='bbox 1370 5174 1522 5211; x_wconf 87' lang='lat' dir='ltr'><strong>sacer</strong></span> <span class='ocrx_word' id='word_1_391' title='bbox 1554 5160 1733 5212; x_wconf 76' lang='lat' dir='ltr'><strong>Codex</strong></span> <span class='ocrx_word' id='word_1_392' title='bbox 1794 5160 2116 5227; x_wconf 69' lang='lat' dir='ltr'><strong>praescribit,</strong></span> <span class='ocrx_word' id='word_1_393' title='bbox 2172 5163 2359 5224; x_wconf 89' lang='lat' dir='ltr'><strong>sacris,</strong></span> 
     </span>
    </p>
   </div>
   <div class='ocr_carea' id='block_1_57' title="bbox 804 5242 2363 5314">
    <p class='ocr_par' dir='ltr' id='par_1_57' title="bbox 804 5242 2363 5314">
     <span class='ocr_line' id='line_1_57' title="bbox 804 5242 2363 5314; baseline 0.005 -19"><span class='ocrx_word' id='word_1_394' title='bbox 804 5242 1047 5311; x_wconf 78' lang='lat' dir='ltr'><strong>ipsisque</strong></span> <span class='ocrx_word' id='word_1_395' title='bbox 1079 5256 1263 5313; x_wconf 76' lang='lat' dir='ltr'><strong>postea</strong></span> <span class='ocrx_word' id='word_1_396' title='bbox 1291 5248 1509 5301; x_wconf 92' lang='lat' dir='ltr'><strong>domum</strong></span> <span class='ocrx_word' id='word_1_397' title='bbox 1548 5251 1964 5314; x_wconf 82' lang='lat' dir='ltr'><strong>revertentibus,</strong></span> <span class='ocrx_word' id='word_1_398' title='bbox 2000 5261 2052 5303; x_wconf 88' lang='lat' dir='ltr'><strong>ct</strong></span> <span class='ocrx_word' id='word_1_399' title='bbox 2078 5251 2145 5304; x_wconf 83' lang='lat' dir='ltr'><strong>ob</strong></span> <span class='ocrx_word' id='word_1_400' title='bbox 2170 5253 2363 5305; x_wconf 82' lang='lat' dir='ltr'><strong>absen-</strong></span> 
     </span>
    </p>
   </div>
   <div class='ocr_carea' id='block_1_58' title="bbox 805 5338 2355 5402">
    <p class='ocr_par' dir='ltr' id='par_1_58' title="bbox 805 5338 2355 5402">
     <span class='ocr_line' id='line_1_58' title="bbox 805 5338 2355 5402; baseline 0.006 -18"><span class='ocrx_word' id='word_1_401' title='bbox 805 5342 912 5385; x_wconf 92' lang='lat' dir='ltr'><strong>tem</strong></span> <span class='ocrx_word' id='word_1_402' title='bbox 974 5350 1199 5401; x_wconf 83' lang='lat' dir='ltr'><strong>puerum</strong></span> <span class='ocrx_word' id='word_1_403' title='bbox 1253 5346 1364 5389; x_wconf 91' lang='lat' dir='ltr'><strong>tum</strong></span> <span class='ocrx_word' id='word_1_404' title='bbox 1412 5338 1575 5391; x_wconf 83' lang='lat' dir='ltr'><strong>Matre</strong></span> <span class='ocrx_word' id='word_1_405' title='bbox 1628 5342 1927 5392; x_wconf 87' lang='lat' dir='ltr'><strong>secundum</strong></span> <span class='ocrx_word' id='word_1_406' title='bbox 1961 5355 2201 5402; x_wconf 77' lang='lat' dir='ltr'><strong>cat-nem,</strong></span> <span class='ocrx_word' id='word_1_407' title='bbox 2243 5350 2355 5393; x_wconf 91' lang='lat' dir='ltr'><strong>tum</strong></span> 
     </span>
    </p>
   </div>
   <div class='ocr_carea' id='block_1_59' title="bbox 808 5422 2354 5498">
    <p class='ocr_par' dir='ltr' id='par_1_59' title="bbox 808 5422 2354 5498">
     <span class='ocr_line' id='line_1_59' title="bbox 808 5422 2354 5498; baseline 0.004 -23"><span class='ocrx_word' id='word_1_408' title='bbox 808 5422 965 5477; x_wconf 87' lang='lat' dir='ltr'><strong>Patre</strong></span> <span class='ocrx_word' id='word_1_409' title='bbox 989 5427 1241 5492; x_wconf 82' lang='lat' dir='ltr'><strong>putatitio</strong></span> <span class='ocrx_word' id='word_1_410' title='bbox 1268 5429 1513 5482; x_wconf 85' lang='lat' dir='ltr'><strong>sollicitis</strong></span> <span class='ocrx_word' id='word_1_411' title='bbox 1540 5468 1553 5491; x_wconf 86' lang='lat'><strong>,</strong></span> <span class='ocrx_word' id='word_1_412' title='bbox 1606 5439 1695 5491; x_wconf 85' lang='lat' dir='ltr'><strong>et,</strong></span> <span class='ocrx_word' id='word_1_413' title='bbox 1747 5445 1911 5498; x_wconf 90' lang='lat' dir='ltr'><strong>quem</strong></span> <span class='ocrx_word' id='word_1_414' title='bbox 1952 5430 2354 5493; x_wconf 85' lang='lat' dir='ltr'><strong>desiderabant,</strong></span> 
     </span>
    </p>
   </div>
   <div class='ocr_carea' id='block_1_60' title="bbox 807 5520 2358 5589">
    <p class='ocr_par' dir='ltr' id='par_1_60' title="bbox 807 5520 2358 5589">
     <span class='ocr_line' id='line_1_60' title="bbox 807 5520 2358 5589; baseline 0.006 -25"><span class='ocrx_word' id='word_1_415' title='bbox 807 5520 1193 5580; x_wconf 64' lang='lat' dir='ltr'><strong>quaerentibus,</strong></span> <span class='ocrx_word' id='word_1_416' title='bbox 1233 5520 1296 5582; x_wconf 85' lang='lat' dir='ltr'><strong>is,</strong></span> <span class='ocrx_word' id='word_1_417' title='bbox 1329 5522 1418 5589; x_wconf 90' lang='lat' dir='ltr'><strong>qui</strong></span> <span class='ocrx_word' id='word_1_418' title='bbox 1454 5522 1693 5574; x_wconf 89' lang='lat' dir='ltr'><strong>omnium</strong></span> <span class='ocrx_word' id='word_1_419' title='bbox 1723 5522 1937 5589; x_wconf 89' lang='lat' dir='ltr'><strong>quidem</strong></span> <span class='ocrx_word' id='word_1_420' title='bbox 1970 5521 2235 5581; x_wconf 90' lang='lat' dir='ltr'><strong>conditor,</strong></span> <span class='ocrx_word' id='word_1_421' title='bbox 2264 5521 2358 5574; x_wconf 87' lang='lat' dir='ltr'><strong>sed</strong></span> 
     </span>
    </p>
   </div>
   <div class='ocr_carea' id='block_1_61' title="bbox 809 5607 2355 5680">
    <p class='ocr_par' dir='ltr' id='par_1_61' title="bbox 809 5607 2355 5680">
     <span class='ocr_line' id='line_1_61' title="bbox 809 5607 2355 5680; baseline 0.003 -22"><span class='ocrx_word' id='word_1_422' title='bbox 809 5607 877 5659; x_wconf 90' lang='lat' dir='ltr'><strong>ob</strong></span> <span class='ocrx_word' id='word_1_423' title='bbox 902 5622 1136 5662; x_wconf 89' lang='lat' dir='ltr'><strong>amorem</strong></span> <span class='ocrx_word' id='word_1_424' title='bbox 1157 5612 1209 5663; x_wconf 93' lang='lat' dir='ltr'><strong>iu</strong></span> <span class='ocrx_word' id='word_1_425' title='bbox 1236 5611 1486 5665; x_wconf 87' lang='lat' dir='ltr'><strong>homines</strong></span> <span class='ocrx_word' id='word_1_426' title='bbox 1511 5610 1743 5680; x_wconf 83' lang='lat' dir='ltr'><strong>Virginis</strong></span> <span class='ocrx_word' id='word_1_427' title='bbox 1762 5621 1879 5666; x_wconf 89' lang='lat' dir='ltr'><strong>erat</strong></span> <span class='ocrx_word' id='word_1_428' title='bbox 1903 5612 2042 5666; x_wconf 83' lang='lat' dir='ltr'><strong>[ilius</strong></span> <span class='ocrx_word' id='word_1_429' title='bbox 2063 5629 2075 5665; x_wconf 89' lang='lat'><strong>:</strong></span> <span class='ocrx_word' id='word_1_430' title='bbox 2095 5610 2231 5674; x_wconf 79' lang='lat' dir='ltr'><strong>Quid</strong></span> <span class='ocrx_word' id='word_1_431' title='bbox 2257 5627 2355 5674; x_wconf 85' lang='lat' dir='ltr'><strong>me,</strong></span> 
     </span>
    </p>
   </div>
   <div class='ocr_carea' id='block_1_62' title="bbox 810 5794 2018 5863">
    <p class='ocr_par' dir='ltr' id='par_1_62' title="bbox 810 5794 2018 5863">
     <span class='ocr_line' id='line_1_62' title="bbox 810 5794 2018 5863; baseline 0.004 -14"><span class='ocrx_word' id='word_1_432' title='bbox 810 5794 850 5827; x_wconf 82' lang='lat'>&quot;</span> <span class='ocrx_word' id='word_1_433' title='bbox 887 5794 1014 5851; x_wconf 87' lang='lat' dir='ltr'><strong>Luc.</strong></span> <span class='ocrx_word' id='word_1_434' title='bbox 1055 5813 1091 5863; x_wconf 73' lang='grc' dir='ltr'><strong>ι,</strong></span> <span class='ocrx_word' id='word_1_435' title='bbox 1121 5796 1205 5853; x_wconf 82' lang='grc'><strong>69.</strong></span> <span class='ocrx_word' id='word_1_436' title='bbox 1288 5798 1329 5829; x_wconf 78' lang='grc'>⁸⁸</span> <span class='ocrx_word' id='word_1_437' title='bbox 1366 5798 1496 5853; x_wconf 82' lang='lat' dir='ltr'><strong>ibid.</strong></span> <span class='ocrx_word' id='word_1_438' title='bbox 1528 5797 1616 5852; x_wconf 82' lang='lat'><strong>70.</strong></span> <span class='ocrx_word' id='word_1_439' title='bbox 1696 5797 1893 5855; x_wconf 78' lang='lat' dir='ltr'><strong>“ibid.</strong></span> <span class='ocrx_word' id='word_1_440' title='bbox 1934 5798 2018 5854; x_wconf 72' lang='lat'><strong>7&#39;2.</strong></span> 
     </span>
    </p>
   </div>
   <div class='ocr_carea' id='block_1_63' title="bbox 2441 577 4003 667">
    <p class='ocr_par' dir='ltr' id='par_1_63' title="bbox 2441 577 4003 667">
     <span class='ocr_line' id='line_1_63' title="bbox 2441 577 4003 667; baseline -0.015 -15"><span class='ocrx_word' id='word_1_441' title='bbox 2441 600 2585 667; x_wconf 84' lang='grc' dir='ltr'><strong>ράτῳ</strong></span> <span class='ocrx_word' id='word_1_442' title='bbox 2624 595 2816 667; x_wconf 72' lang='grc' dir='ltr'><strong>Κόρῃ,</strong></span> <span class='ocrx_word' id='word_1_443' title='bbox 2861 594 2955 648; x_wconf 79' lang='grc' dir='ltr'><strong>καὶ</strong></span> <span class='ocrx_word' id='word_1_444' title='bbox 3004 593 3069 646; x_wconf 79' lang='grc' dir='ltr'><strong>δι’</strong></span> <span class='ocrx_word' id='word_1_445' title='bbox 3121 592 3291 661; x_wconf 71' lang='grc' dir='ltr'><strong>αὐτῆς</strong></span> <span class='ocrx_word' id='word_1_446' title='bbox 3341 588 3418 659; x_wconf 81' lang='grc' dir='ltr'><strong>τῷ</strong></span> <span class='ocrx_word' id='word_1_447' title='bbox 3470 586 3659 655; x_wconf 85' lang='grc' dir='ltr'><strong>κόσμῳ</strong></span> <span class='ocrx_word' id='word_1_448' title='bbox 3716 577 4003 648; x_wconf 81' lang='grc' dir='ltr'><strong>εὐηγγελί-</strong></span> 
     </span>
    </p>
   </div>
   <div class='ocr_carea' id='block_1_64' title="bbox 2442 667 4002 753">
    <p class='ocr_par' dir='ltr' id='par_1_64' title="bbox 2442 667 4002 753">
     <span class='ocr_line' id='line_1_64' title="bbox 2442 667 4002 753; baseline -0.013 -14"><span class='ocrx_word' id='word_1_449' title='bbox 2442 701 2597 740; x_wconf 71' lang='grc' dir='ltr'><strong>σατο⁸</strong></span> <span class='ocrx_word' id='word_1_450' title='bbox 2630 686 2722 737; x_wconf 74' lang='grc' dir='ltr'><strong>καὶ</strong></span> <span class='ocrx_word' id='word_1_451' title='bbox 2742 685 2840 753; x_wconf 89' lang='grc' dir='ltr'><strong>τήν</strong></span> <span class='ocrx_word' id='word_1_452' title='bbox 2872 700 2930 734; x_wconf 88' lang='grc' dir='ltr'><strong>τε</strong></span> <span class='ocrx_word' id='word_1_453' title='bbox 2960 680 3265 752; x_wconf 81' lang='grc' dir='ltr'><strong>προσευχὴν</strong></span> <span class='ocrx_word' id='word_1_454' title='bbox 3289 677 3380 731; x_wconf 86' lang='grc' dir='ltr'><strong>τοῦ</strong></span> <span class='ocrx_word' id='word_1_455' title='bbox 3430 674 3618 745; x_wconf 77' lang='grc' dir='ltr'><strong>ἱερέως</strong></span> <span class='ocrx_word' id='word_1_456' title='bbox 3650 667 4002 740; x_wconf 83' lang='grc' dir='ltr'><strong>είσηκοῦσθαι</strong></span> 
     </span>
    </p>
   </div>
   <div class='ocr_carea' id='block_1_65' title="bbox 2440 754 4002 838">
    <p class='ocr_par' dir='ltr' id='par_1_65' title="bbox 2440 754 4002 838">
     <span class='ocr_line' id='line_1_65' title="bbox 2440 754 4002 838; baseline -0.013 -12"><span class='ocrx_word' id='word_1_457' title='bbox 2440 774 2527 827; x_wconf 84' lang='grc' dir='ltr'><strong>διά</strong></span> <span class='ocrx_word' id='word_1_458' title='bbox 2555 772 2664 825; x_wconf 88' lang='grc' dir='ltr'><strong>τῶν</strong></span> <span class='ocrx_word' id='word_1_459' title='bbox 2717 769 3049 838; x_wconf 77' lang='grc' dir='ltr'><strong>εὐαγγελίων</strong></span> <span class='ocrx_word' id='word_1_460' title='bbox 3113 766 3430 827; x_wconf 77' lang='grc' dir='ltr'><strong>ἐϐεϐαίωσε,</strong></span> <span class='ocrx_word' id='word_1_461' title='bbox 3485 763 3579 815; x_wconf 74' lang='grc' dir='ltr'><strong>καὶ</strong></span> <span class='ocrx_word' id='word_1_462' title='bbox 3624 762 3715 812; x_wconf 76' lang='grc' dir='ltr'><strong>τὸν</strong></span> <span class='ocrx_word' id='word_1_463' title='bbox 3773 760 3836 810; x_wconf 83' lang='grc' dir='ltr'><strong>ἐκ</strong></span> <span class='ocrx_word' id='word_1_464' title='bbox 3893 754 4002 806; x_wconf 89' lang='grc' dir='ltr'><strong>τῶν</strong></span> 
     </span>
    </p>
   </div>
   <div class='ocr_carea' id='block_1_66' title="bbox 2443 845 4002 934">
    <p class='ocr_par' dir='ltr' id='par_1_66' title="bbox 2443 845 4002 934">
     <span class='ocr_line' id='line_1_66' title="bbox 2443 845 4002 934; baseline -0.015 -15"><span class='ocrx_word' id='word_1_465' title='bbox 2443 864 2787 934; x_wconf 80' lang='grc' dir='ltr'><strong>Εὑαγγελίων</strong></span> <span class='ocrx_word' id='word_1_466' title='bbox 2822 863 2985 915; x_wconf 81' lang='grc' dir='ltr'><strong>παῖδα</strong></span> <span class='ocrx_word' id='word_1_467' title='bbox 3024 860 3195 930; x_wconf 73' lang='grc' dir='ltr'><strong>μέγαν</strong></span> <span class='ocrx_word' id='word_1_468' title='bbox 3247 856 3475 911; x_wconf 78' lang='grc' dir='ltr'><strong>ἐνώπιον</strong></span> <span class='ocrx_word' id='word_1_469' title='bbox 3501 852 3716 905; x_wconf 71' lang='grc' dir='ltr'><strong>ἔσεσθαι</strong></span> <span class='ocrx_word' id='word_1_470' title='bbox 3768 845 4002 917; x_wconf 78' lang='grc' dir='ltr'><strong>Κυρίου,</strong></span> 
     </span>
    </p>
   </div>
   <div class='ocr_carea' id='block_1_67' title="bbox 2442 938 4004 1026">
    <p class='ocr_par' dir='ltr' id='par_1_67' title="bbox 2442 938 4004 1026">
     <span class='ocr_line' id='line_1_67' title="bbox 2442 938 4004 1026; baseline -0.015 -15"><span class='ocrx_word' id='word_1_471' title='bbox 2442 962 2535 1012; x_wconf 79' lang='grc' dir='ltr'><strong>καὶ</strong></span> <span class='ocrx_word' id='word_1_472' title='bbox 2582 956 3008 1026; x_wconf 76' lang='grc' dir='ltr'><strong>πεπληρωμένον</strong></span> <span class='ocrx_word' id='word_1_473' title='bbox 3061 951 3377 1018; x_wconf 83' lang='grc' dir='ltr'><strong>Πνεύματος</strong></span> <span class='ocrx_word' id='word_1_474' title='bbox 3435 947 3611 1013; x_wconf 77' lang='grc' dir='ltr'><strong>ἁγίου,</strong></span> <span class='ocrx_word' id='word_1_475' title='bbox 3650 944 3741 995; x_wconf 73' lang='grc' dir='ltr'><strong>καὶ</strong></span> <span class='ocrx_word' id='word_1_476' title='bbox 3801 938 4004 1001; x_wconf 83' lang='grc' dir='ltr'><strong>πολλῆς</strong></span> 
     </span>
    </p>
   </div>
   <div class='ocr_carea' id='block_1_68' title="bbox 2445 1028 4006 1114">
    <p class='ocr_par' dir='ltr' id='par_1_68' title="bbox 2445 1028 4006 1114">
     <span class='ocr_line' id='line_1_68' title="bbox 2445 1028 4006 1114; baseline -0.017 -10"><span class='ocrx_word' id='word_1_477' title='bbox 2445 1051 2655 1111; x_wconf 83' lang='grc' dir='ltr'><strong>πολλοῖς</strong></span> <span class='ocrx_word' id='word_1_478' title='bbox 2684 1046 3054 1114; x_wconf 76' lang='grc' dir='ltr'><strong>ἀγαλλιάσεως</strong></span> <span class='ocrx_word' id='word_1_479' title='bbox 3087 1042 3363 1112; x_wconf 79' lang='grc' dir='ltr'><strong>πρόξενον,</strong></span> <span class='ocrx_word' id='word_1_480' title='bbox 3382 1038 3474 1090; x_wconf 73' lang='grc' dir='ltr'><strong>καὶ</strong></span> <span class='ocrx_word' id='word_1_481' title='bbox 3493 1036 3602 1089; x_wconf 89' lang='grc' dir='ltr'><strong>τῶν</strong></span> <span class='ocrx_word' id='word_1_482' title='bbox 3626 1033 3754 1086; x_wconf 77' lang='grc' dir='ltr'><strong>υἱῶν</strong></span> <span class='ocrx_word' id='word_1_483' title='bbox 3788 1028 4006 1098; x_wconf 76' lang='grc' dir='ltr'><strong>Ἰσραὴλ</strong></span> 
     </span>
    </p>
   </div>
   <div class='ocr_carea' id='block_1_69' title="bbox 2442 1117 4005 1215">
    <p class='ocr_par' dir='ltr' id='par_1_69' title="bbox 2442 1117 4005 1215">
     <span class='ocr_line' id='line_1_69' title="bbox 2442 1117 4005 1215; baseline -0.017 -21"><span class='ocrx_word' id='word_1_484' title='bbox 2442 1143 2539 1194; x_wconf 77' lang='grc' dir='ltr'><strong>οῦκ</strong></span> <span class='ocrx_word' id='word_1_485' title='bbox 2567 1141 2764 1207; x_wconf 76' lang='grc' dir='ltr'><strong>ὀλίγοις</strong></span> <span class='ocrx_word' id='word_1_486' title='bbox 2810 1136 3142 1205; x_wconf 72' lang='grc' dir='ltr'><strong>ἐπιστροφῆς</strong></span> <span class='ocrx_word' id='word_1_487' title='bbox 3171 1130 3342 1183; x_wconf 73' lang='grc' dir='ltr'><strong>αἴτιον</strong></span> <span class='ocrx_word' id='word_1_488' title='bbox 3377 1124 3629 1196; x_wconf 86' lang='grc' dir='ltr'><strong>γενέσθαι</strong></span> <span class='ocrx_word' id='word_1_489' title='bbox 3662 1123 3763 1215; x_wconf 75' lang='grc' dir='ltr'><strong>τῆς</strong></span> <span class='ocrx_word' id='word_1_490' title='bbox 3792 1118 3883 1171; x_wconf 76' lang='grc' dir='ltr'><strong>ἐπὶ</strong></span> <span class='ocrx_word' id='word_1_491' title='bbox 3912 1117 4005 1215; x_wconf 62' lang='grc' dir='ltr'><strong>τὸν</strong></span> 
     </span>
    </p>
   </div>
   <div class='ocr_carea' id='block_1_70' title="bbox 2444 1214 4001 1300">
    <p class='ocr_par' dir='ltr' id='par_1_70' title="bbox 2444 1214 4001 1300">
     <span class='ocr_line' id='line_1_70' title="bbox 2444 1214 4001 1300; baseline -0.019 -14"><span class='ocrx_word' id='word_1_492' title='bbox 2444 1234 2595 1293; x_wconf 72' lang='grc' dir='ltr'><strong>Θεὸν,</strong></span> <span class='ocrx_word' id='word_1_493' title='bbox 2638 1230 2714 1300; x_wconf 84' lang='grc' dir='ltr'><strong>τῷ</strong></span> <span class='ocrx_word' id='word_1_494' title='bbox 2736 1226 3005 1295; x_wconf 86' lang='grc' dir='ltr'><strong>πνεύματι</strong></span> <span class='ocrx_word' id='word_1_495' title='bbox 3034 1225 3129 1276; x_wconf 77' lang='grc' dir='ltr'><strong>καὶ</strong></span> <span class='ocrx_word' id='word_1_496' title='bbox 3157 1224 3222 1292; x_wconf 80' lang='grc' dir='ltr'><strong>τῇ</strong></span> <span class='ocrx_word' id='word_1_497' title='bbox 3251 1219 3475 1288; x_wconf 74' lang='grc' dir='ltr'><strong>δυνάμει</strong></span> <span class='ocrx_word' id='word_1_498' title='bbox 3524 1214 3860 1282; x_wconf 79' lang='grc' dir='ltr'><strong>κεχρημένον</strong></span> <span class='ocrx_word' id='word_1_499' title='bbox 3907 1214 4001 1300; x_wconf 73' lang='grc' dir='ltr'><strong>τοῦ</strong></span> 
     </span>
    </p>
   </div>
   <div class='ocr_carea' id='block_1_71' title="bbox 2457 1299 4011 1383">
    <p class='ocr_par' dir='ltr' id='par_1_71' title="bbox 2457 1299 4011 1383">
     <span class='ocr_line' id='line_1_71' title="bbox 2457 1299 4011 1383; baseline -0.019 -5"><span class='ocrx_word' id='word_1_500' title='bbox 2457 1325 2656 1379; x_wconf 82' lang='grc' dir='ltr'><strong>Ἡλίου.</strong></span> <span class='ocrx_word' id='word_1_501' title='bbox 2691 1299 2851 1374; x_wconf 75' lang='grc' dir='ltr'><strong>Ὥστε</strong></span> <span class='ocrx_word' id='word_1_502' title='bbox 2907 1319 2935 1370; x_wconf 72' lang='grc' dir='ltr'>δ</span> <span class='ocrx_word' id='word_1_503' title='bbox 2968 1312 3380 1383; x_wconf 80' lang='grc' dir='ltr'><strong>εὐαγγελιστὴς,</strong></span> <span class='ocrx_word' id='word_1_504' title='bbox 3443 1306 3640 1377; x_wconf 77' lang='grc' dir='ltr'><strong>μᾶλλον</strong></span> <span class='ocrx_word' id='word_1_505' title='bbox 3690 1302 3744 1355; x_wconf 78' lang='grc' dir='ltr'><strong>δὲ</strong></span> <span class='ocrx_word' id='word_1_506' title='bbox 3773 1303 3799 1353; x_wconf 79' lang='lat'><em>6</em></span> <span class='ocrx_word' id='word_1_507' title='bbox 3830 1299 4011 1351; x_wconf 68' lang='grc' dir='ltr'><strong>ταῦτα·</strong></span> 
     </span>
    </p>
   </div>
   <div class='ocr_carea' id='block_1_72' title="bbox 2444 1386 4006 1479">
    <p class='ocr_par' dir='ltr' id='par_1_72' title="bbox 2444 1386 4006 1479">
     <span class='ocr_line' id='line_1_72' title="bbox 2444 1386 4006 1479; baseline -0.017 -13"><span class='ocrx_word' id='word_1_508' title='bbox 2444 1414 2531 1466; x_wconf 81' lang='grc' dir='ltr'><strong>διὰ</strong></span> <span class='ocrx_word' id='word_1_509' title='bbox 2579 1412 2672 1465; x_wconf 89' lang='grc' dir='ltr'><strong>τοῦ</strong></span> <span class='ocrx_word' id='word_1_510' title='bbox 2734 1406 3072 1479; x_wconf 79' lang='grc' dir='ltr'><strong>ἀρχαγγέλου</strong></span> <span class='ocrx_word' id='word_1_511' title='bbox 3121 1402 3295 1470; x_wconf 71' lang='grc' dir='ltr'><strong>λέγων</strong></span> <span class='ocrx_word' id='word_1_512' title='bbox 3344 1399 3498 1460; x_wconf 79' lang='grc' dir='ltr'><strong>Θεὸς,</strong></span> <span class='ocrx_word' id='word_1_513' title='bbox 3546 1386 3699 1456; x_wconf 82' lang='grc' dir='ltr'><strong>οῦτος</strong></span> <span class='ocrx_word' id='word_1_514' title='bbox 3747 1391 3865 1460; x_wconf 74' lang='grc' dir='ltr'>οὐχὶ</span> <span class='ocrx_word' id='word_1_515' title='bbox 3914 1388 4006 1441; x_wconf 82' lang='grc' dir='ltr'><strong>τὸν</strong></span> 
     </span>
    </p>
   </div>
   <div class='ocr_carea' id='block_1_73' title="bbox 2448 1484 4005 1570">
    <p class='ocr_par' dir='ltr' id='par_1_73' title="bbox 2448 1484 4005 1570">
     <span class='ocr_line' id='line_1_73' title="bbox 2448 1484 4005 1570; baseline -0.018 -12"><span class='ocrx_word' id='word_1_516' title='bbox 2448 1504 2700 1570; x_wconf 81' lang='grc' dir='ltr'><strong>Ἰωάννην</strong></span> <span class='ocrx_word' id='word_1_517' title='bbox 2758 1500 2935 1569; x_wconf 87' lang='grc' dir='ltr'><strong>μόνον,</strong></span> <span class='ocrx_word' id='word_1_518' title='bbox 2980 1496 3037 1558; x_wconf 80' lang='grc' dir='ltr'><strong>ὃς</strong></span> <span class='ocrx_word' id='word_1_519' title='bbox 3086 1494 3181 1563; x_wconf 77' lang='grc' dir='ltr'><strong>τὴν</strong></span> <span class='ocrx_word' id='word_1_520' title='bbox 3214 1492 3371 1561; x_wconf 82' lang='grc' dir='ltr'><strong>χάριν</strong></span> <span class='ocrx_word' id='word_1_521' title='bbox 3422 1484 3526 1540; x_wconf 78' lang='grc' dir='ltr'><strong>εἶδε</strong></span> <span class='ocrx_word' id='word_1_522' title='bbox 3580 1484 4005 1555; x_wconf 84' lang='grc' dir='ltr'><strong>βλαστάνουσαν,</strong></span> 
     </span>
    </p>
   </div>
   <div class='ocr_carea' id='block_1_74' title="bbox 2447 1571 4007 1670">
    <p class='ocr_par' dir='ltr' id='par_1_74' title="bbox 2447 1571 4007 1670">
     <span class='ocr_line' id='line_1_74' title="bbox 2447 1571 4007 1670; baseline -0.02 -19"><span class='ocrx_word' id='word_1_523' title='bbox 2447 1598 2580 1651; x_wconf 83' lang='grc' dir='ltr'><strong>ἁλλὰ</strong></span> <span class='ocrx_word' id='word_1_524' title='bbox 2601 1594 2693 1648; x_wconf 75' lang='grc' dir='ltr'><strong>καὶ</strong></span> <span class='ocrx_word' id='word_1_525' title='bbox 2723 1592 2811 1644; x_wconf 79' lang='grc' dir='ltr'><strong>τὸν</strong></span> <span class='ocrx_word' id='word_1_526' title='bbox 2848 1589 3053 1651; x_wconf 80' lang='grc' dir='ltr'><strong>Ἠλίαν,</strong></span> <span class='ocrx_word' id='word_1_527' title='bbox 3084 1584 3142 1647; x_wconf 81' lang='grc' dir='ltr'><strong>ὃς</strong></span> <span class='ocrx_word' id='word_1_528' title='bbox 3163 1579 3338 1648; x_wconf 85' lang='grc' dir='ltr'><strong>πολλῷ</strong></span> <span class='ocrx_word' id='word_1_529' title='bbox 3368 1578 3686 1670; x_wconf 62' lang='grc' dir='ltr'><strong>προῦπηρχε</strong></span> <span class='ocrx_word' id='word_1_530' title='bbox 3714 1574 3809 1670; x_wconf 61' lang='grc' dir='ltr'><strong>της</strong></span> <span class='ocrx_word' id='word_1_531' title='bbox 3844 1571 4007 1670; x_wconf 60' lang='grc' dir='ltr'><strong>χάρι-</strong></span> 
     </span>
    </p>
   </div>
   <div class='ocr_carea' id='block_1_75' title="bbox 2449 1662 4005 1750">
    <p class='ocr_par' dir='ltr' id='par_1_75' title="bbox 2449 1662 4005 1750">
     <span class='ocr_line' id='line_1_75' title="bbox 2449 1662 4005 1750; baseline -0.018 -11"><span class='ocrx_word' id='word_1_532' title='bbox 2449 1703 2560 1750; x_wconf 91' lang='grc' dir='ltr'><strong>τος,</strong></span> <span class='ocrx_word' id='word_1_533' title='bbox 2585 1685 2681 1746; x_wconf 87' lang='grc' dir='ltr'><strong>τάς</strong></span> <span class='ocrx_word' id='word_1_534' title='bbox 2703 1678 3055 1746; x_wconf 79' lang='grc' dir='ltr'><strong>πλανωμένας</strong></span> <span class='ocrx_word' id='word_1_535' title='bbox 3081 1674 3254 1744; x_wconf 78' lang='grc' dir='ltr'><strong>ψυχάς</strong></span> <span class='ocrx_word' id='word_1_536' title='bbox 3278 1670 3384 1724; x_wconf 76' lang='grc' dir='ltr'><strong>ἀπὸ</strong></span> <span class='ocrx_word' id='word_1_537' title='bbox 3412 1669 3505 1719; x_wconf 89' lang='grc' dir='ltr'><strong>τοῦ</strong></span> <span class='ocrx_word' id='word_1_538' title='bbox 3535 1662 3788 1733; x_wconf 81' lang='grc' dir='ltr'><strong>ἀληθινοῦ</strong></span> <span class='ocrx_word' id='word_1_539' title='bbox 3840 1662 4005 1724; x_wconf 82' lang='grc' dir='ltr'><strong>Θεοῦ,</strong></span> 
     </span>
    </p>
   </div>
   <div class='ocr_carea' id='block_1_76' title="bbox 2448 1753 4006 1834">
    <p class='ocr_par' dir='ltr' id='par_1_76' title="bbox 2448 1753 4006 1834">
     <span class='ocr_line' id='line_1_76' title="bbox 2448 1753 4006 1834; baseline -0.017 -6"><span class='ocrx_word' id='word_1_540' title='bbox 2448 1776 2543 1829; x_wconf 78' lang='grc' dir='ltr'><strong>καὶ</strong></span> <span class='ocrx_word' id='word_1_541' title='bbox 2568 1773 2742 1825; x_wconf 80' lang='grc' dir='ltr'><strong>ὀπίσω</strong></span> <span class='ocrx_word' id='word_1_542' title='bbox 2791 1768 2899 1821; x_wconf 87' lang='grc' dir='ltr'><strong>τῶν</strong></span> <span class='ocrx_word' id='word_1_543' title='bbox 2953 1763 3241 1834; x_wconf 86' lang='grc' dir='ltr'><strong>δαιμονίων</strong></span> <span class='ocrx_word' id='word_1_544' title='bbox 3289 1755 3716 1824; x_wconf 84' lang='grc' dir='ltr'><strong>ἐκπορνευούσας</strong></span> <span class='ocrx_word' id='word_1_545' title='bbox 3772 1753 3865 1805; x_wconf 77' lang='grc' dir='ltr'><strong>ἐπὶ</strong></span> <span class='ocrx_word' id='word_1_546' title='bbox 3914 1753 4006 1804; x_wconf 73' lang='grc' dir='ltr'><strong>τὸν</strong></span> 
     </span>
    </p>
   </div>
   <div class='ocr_carea' id='block_1_77' title="bbox 2377 1846 4007 1932">
    <p class='ocr_par' dir='ltr' id='par_1_77' title="bbox 2377 1846 4007 1932">
     <span class='ocr_line' id='line_1_77' title="bbox 2377 1846 4007 1932; baseline -0.013 -18"><span class='ocrx_word' id='word_1_547' title='bbox 2377 1861 2417 1914; x_wconf 85' lang='grc' dir='ltr'><strong>Β</strong></span> <span class='ocrx_word' id='word_1_548' title='bbox 2448 1862 2696 1932; x_wconf 74' lang='grc' dir='ltr'><strong>ἀληθινὸν</strong></span> <span class='ocrx_word' id='word_1_549' title='bbox 2728 1856 3051 1927; x_wconf 80' lang='grc' dir='ltr'><strong>ἐπιστρέψαι</strong></span> <span class='ocrx_word' id='word_1_550' title='bbox 3079 1852 3230 1912; x_wconf 82' lang='grc' dir='ltr'><strong>Θεὸν,</strong></span> <span class='ocrx_word' id='word_1_551' title='bbox 3261 1850 3692 1917; x_wconf 79' lang='grc' dir='ltr'><strong>ἁπαράγραπτον</strong></span> <span class='ocrx_word' id='word_1_552' title='bbox 3720 1846 3820 1932; x_wconf 79' lang='grc' dir='ltr'><strong>τὴν</strong></span> <span class='ocrx_word' id='word_1_553' title='bbox 3866 1860 4007 1911; x_wconf 82' lang='grc' dir='ltr'><strong>μαρ-</strong></span> 
     </span>
    </p>
   </div>
   <div class='ocr_carea' id='block_1_78' title="bbox 2446 1931 4007 2023">
    <p class='ocr_par' dir='ltr' id='par_1_78' title="bbox 2446 1931 4007 2023">
     <span class='ocr_line' id='line_1_78' title="bbox 2446 1931 4007 2023; baseline -0.017 -17"><span class='ocrx_word' id='word_1_554' title='bbox 2446 1931 2635 2023; x_wconf 80' lang='grc' dir='ltr'><strong>τυρίαν</strong></span> <span class='ocrx_word' id='word_1_555' title='bbox 2664 1948 2982 2015; x_wconf 84' lang='grc' dir='ltr'><strong>παρέχεται.</strong></span> <span class='ocrx_word' id='word_1_556' title='bbox 3012 1941 3179 1996; x_wconf 85' lang='grc' dir='ltr'><strong>Πάλιν</strong></span> <span class='ocrx_word' id='word_1_557' title='bbox 3207 1940 3263 1993; x_wconf 78' lang='grc' dir='ltr'><strong>δέ</strong></span> <span class='ocrx_word' id='word_1_558' title='bbox 3296 1939 3323 1990; x_wconf 89' lang='grc' dir='ltr'><strong>ὀ</strong></span> <span class='ocrx_word' id='word_1_559' title='bbox 3374 1934 3646 2004; x_wconf 76' lang='grc' dir='ltr'><strong>Ζαχαρίας</strong></span> <span class='ocrx_word' id='word_1_560' title='bbox 3688 1931 4007 2000; x_wconf 57' lang='grc' dir='ltr'><strong>Πνεύματσς</strong></span> 
     </span>
    </p>
   </div>
   <div class='ocr_carea' id='block_1_79' title="bbox 2447 2024 4009 2110">
    <p class='ocr_par' dir='ltr' id='par_1_79' title="bbox 2447 2024 4009 2110">
     <span class='ocr_line' id='line_1_79' title="bbox 2447 2024 4009 2110; baseline -0.016 -14"><span class='ocrx_word' id='word_1_561' title='bbox 2447 2044 2601 2110; x_wconf 92' lang='grc' dir='ltr'><strong>ἁγίου</strong></span> <span class='ocrx_word' id='word_1_562' title='bbox 2632 2040 2839 2108; x_wconf 85' lang='grc' dir='ltr'><strong>γίνεται</strong></span> <span class='ocrx_word' id='word_1_563' title='bbox 2866 2036 3098 2105; x_wconf 82' lang='grc' dir='ltr'><strong>πλήρης,</strong></span> <span class='ocrx_word' id='word_1_564' title='bbox 3129 2032 3223 2084; x_wconf 73' lang='grc' dir='ltr'><strong>καὶ</strong></span> <span class='ocrx_word' id='word_1_565' title='bbox 3255 2032 3379 2091; x_wconf 77' lang='grc' dir='ltr'><strong>τοὺς</strong></span> <span class='ocrx_word' id='word_1_566' title='bbox 3412 2028 3507 2081; x_wconf 74' lang='grc' dir='ltr'><strong>ἀπ’</strong></span> <span class='ocrx_word' id='word_1_567' title='bbox 3539 2025 3745 2079; x_wconf 80' lang='grc' dir='ltr'><strong>αἰώνων</strong></span> <span class='ocrx_word' id='word_1_568' title='bbox 3793 2024 4009 2092; x_wconf 68' lang='grc' dir='ltr'><strong>προφή-</strong></span> 
     </span>
    </p>
   </div>
   <div class='ocr_carea' id='block_1_80' title="bbox 2446 2112 4011 2201">
    <p class='ocr_par' dir='ltr' id='par_1_80' title="bbox 2446 2112 4011 2201">
     <span class='ocr_line' id='line_1_80' title="bbox 2446 2112 4011 2201; baseline -0.016 -15"><span class='ocrx_word' id='word_1_569' title='bbox 2446 2151 2540 2195; x_wconf 89' lang='grc' dir='ltr'><strong>τας</strong></span> <span class='ocrx_word' id='word_1_570' title='bbox 2572 2131 2727 2201; x_wconf 79' lang='grc' dir='ltr'><strong>χορὸν</strong></span> <span class='ocrx_word' id='word_1_571' title='bbox 2761 2127 2929 2195; x_wconf 83' lang='grc' dir='ltr'><strong>ἁγίων</strong></span> <span class='ocrx_word' id='word_1_572' title='bbox 2957 2124 3239 2193; x_wconf 86' lang='grc' dir='ltr'><strong>κηρύσσει.</strong></span> <span class='ocrx_word' id='word_1_573' title='bbox 3274 2122 3502 2188; x_wconf 71' lang='grc' dir='ltr'><strong>Ἰιγειρε</strong></span> <span class='ocrx_word' id='word_1_574' title='bbox 3536 2117 3663 2185; x_wconf 75' lang='grc' dir='ltr'><strong>γὰρ,</strong></span> <span class='ocrx_word' id='word_1_575' title='bbox 3689 2112 3823 2183; x_wconf 75' lang='grc' dir='ltr'><strong>φησὶ</strong></span> <span class='ocrx_word' id='word_1_576' title='bbox 3872 2129 4011 2181; x_wconf 79' lang='grc' dir='ltr'><strong>προ-</strong></span> 
     </span>
    </p>
   </div>
   <div class='ocr_carea' id='block_1_81' title="bbox 2447 2203 4010 2303">
    <p class='ocr_par' dir='ltr' id='par_1_81' title="bbox 2447 2203 4010 2303">
     <span class='ocr_line' id='line_1_81' title="bbox 2447 2203 4010 2303; baseline -0.016 -25"><span class='ocrx_word' id='word_1_577' title='bbox 2447 2222 2695 2294; x_wconf 82' lang='grc' dir='ltr'><strong>φητεύων</strong></span> <span class='ocrx_word' id='word_1_578' title='bbox 2724 2220 2818 2273; x_wconf 63' lang='grc' dir='ltr'><strong>καὶ¹</strong></span> <span class='ocrx_word' id='word_1_579' title='bbox 2856 2218 2944 2271; x_wconf 74' lang='grc' dir='ltr'><strong>διὰ</strong></span> <span class='ocrx_word' id='word_1_580' title='bbox 2973 2215 3066 2268; x_wconf 89' lang='grc' dir='ltr'><strong>τοῦ</strong></span> <span class='ocrx_word' id='word_1_581' title='bbox 3097 2210 3407 2281; x_wconf 81' lang='grc' dir='ltr'><strong>Πνεῦματος</strong></span> <span class='ocrx_word' id='word_1_582' title='bbox 3440 2206 3531 2260; x_wconf 86' lang='grc' dir='ltr'><strong>τοῦ</strong></span> <span class='ocrx_word' id='word_1_583' title='bbox 3577 2207 3734 2303; x_wconf 74' lang='grc' dir='ltr'><strong>ἁγίου</strong></span> <span class='ocrx_word' id='word_1_584' title='bbox 3768 2203 4010 2303; x_wconf 49' lang='lat' dir='ltr'><strong>(pO-£716.-</strong></span> 
     </span>
    </p>
   </div>
   <div class='ocr_carea' id='block_1_82' title="bbox 2450 2294 4009 2383">
    <p class='ocr_par' dir='ltr' id='par_1_82' title="bbox 2450 2294 4009 2383">
     <span class='ocr_line' id='line_1_82' title="bbox 2450 2294 4009 2383; baseline -0.013 -18"><span class='ocrx_word' id='word_1_585' title='bbox 2450 2329 2628 2383; x_wconf 86' lang='grc' dir='ltr'><strong>μενος,</strong></span> <span class='ocrx_word' id='word_1_586' title='bbox 2652 2308 2822 2377; x_wconf 80' lang='grc' dir='ltr'><strong>κέρας</strong></span> <span class='ocrx_word' id='word_1_587' title='bbox 2857 2305 3149 2371; x_wconf 74' lang='grc' dir='ltr'><strong>σωτηρίας</strong></span> <span class='ocrx_word' id='word_1_588' title='bbox 3183 2300 3325 2370; x_wconf 72' lang='grc' dir='ltr'><strong>ἡμῖν</strong></span> <span class='ocrx_word' id='word_1_589' title='bbox 3355 2298 3422 2352; x_wconf 82' lang='grc' dir='ltr'><strong>ἐν</strong></span> <span class='ocrx_word' id='word_1_590' title='bbox 3473 2299 3615 2360; x_wconf 81' lang='grc' dir='ltr'><strong>οἴκῳ</strong></span> <span class='ocrx_word' id='word_1_591' title='bbox 3674 2294 3849 2348; x_wconf 81' lang='grc' dir='ltr'><strong>Δαόίό</strong></span> <span class='ocrx_word' id='word_1_592' title='bbox 3897 2294 4009 2345; x_wconf 82' lang='grc' dir='ltr'><strong>τοῦ</strong></span> 
     </span>
    </p>
   </div>
   <div class='ocr_carea' id='block_1_83' title="bbox 2448 2384 4010 2469">
    <p class='ocr_par' dir='ltr' id='par_1_83' title="bbox 2448 2384 4010 2469">
     <span class='ocr_line' id='line_1_83' title="bbox 2448 2384 4010 2469; baseline -0.015 -10"><span class='ocrx_word' id='word_1_593' title='bbox 2448 2403 2661 2469; x_wconf 78' lang='grc' dir='ltr'><strong>,παιδὸς</strong></span> <span class='ocrx_word' id='word_1_594' title='bbox 2687 2400 2892 2454; x_wconf 81' lang='grc' dir='ltr'><strong>αὑτοῦ.</strong></span> <span class='ocrx_word' id='word_1_595' title='bbox 2928 2399 3034 2450; x_wconf 70' lang='grc' dir='ltr'><strong>Καὶ</strong></span> <span class='ocrx_word' id='word_1_596' title='bbox 3058 2394 3219 2448; x_wconf 78' lang='grc' dir='ltr'><strong>πόθεν</strong></span> <span class='ocrx_word' id='word_1_597' title='bbox 3245 2394 3278 2462; x_wconf 79' lang='grc' dir='ltr'>ἡ</span> <span class='ocrx_word' id='word_1_598' title='bbox 3305 2390 3609 2454; x_wconf 79' lang='grc' dir='ltr'><strong>ἀπόδειξις;</strong></span> <span class='ocrx_word' id='word_1_599' title='bbox 3643 2388 3844 2451; x_wconf 79' lang='grc' dir='ltr'><strong>Καθὼς</strong></span> <span class='ocrx_word' id='word_1_600' title='bbox 3872 2384 4010 2438; x_wconf 74' lang='grc' dir='ltr'><strong>ἐλά-</strong></span> 
     </span>
    </p>
   </div>
   <div class='ocr_carea' id='block_1_84' title="bbox 2447 2476 4009 2562">
    <p class='ocr_par' dir='ltr' id='par_1_84' title="bbox 2447 2476 4009 2562">
     <span class='ocr_line' id='line_1_84' title="bbox 2447 2476 4009 2562; baseline -0.014 -12"><span class='ocrx_word' id='word_1_601' title='bbox 2447 2500 2621 2562; x_wconf 79' lang='grc' dir='ltr'><strong>λησε,</strong></span> <span class='ocrx_word' id='word_1_602' title='bbox 2660 2484 2812 2561; x_wconf 75' lang='grc' dir='ltr'><strong>φησὶ,</strong></span> <span class='ocrx_word' id='word_1_603' title='bbox 2836 2490 2933 2543; x_wconf 81' lang='grc' dir='ltr'><strong>διὰ</strong></span> <span class='ocrx_word' id='word_1_604' title='bbox 2958 2489 3252 2557; x_wconf 83' lang='grc' dir='ltr'><strong>στόματος</strong></span> <span class='ocrx_word' id='word_1_605' title='bbox 3270 2483 3387 2537; x_wconf 80' lang='grc' dir='ltr'><strong>τῶν</strong></span> <span class='ocrx_word' id='word_1_606' title='bbox 3407 2483 3588 2552; x_wconf 74' lang='grc' dir='ltr'><strong>ἁγίων</strong></span> <span class='ocrx_word' id='word_1_607' title='bbox 3608 2478 3723 2533; x_wconf 85' lang='grc' dir='ltr'><strong>τῶν</strong></span> <span class='ocrx_word' id='word_1_608' title='bbox 3746 2478 3845 2532; x_wconf 73' lang='grc' dir='ltr'><strong>ἀπ’</strong></span> <span class='ocrx_word' id='word_1_609' title='bbox 3868 2476 4009 2531; x_wconf 64' lang='lat' dir='ltr'><strong>aid;-</strong></span> 
     </span>
    </p>
   </div>
   <div class='ocr_carea' id='block_1_85' title="bbox 2449 2568 4008 2654">
    <p class='ocr_par' dir='ltr' id='par_1_85' title="bbox 2449 2568 4008 2654">
     <span class='ocr_line' id='line_1_85' title="bbox 2449 2568 4008 2654; baseline -0.013 -14"><span class='ocrx_word' id='word_1_610' title='bbox 2449 2604 2553 2652; x_wconf 82' lang='grc' dir='ltr'><strong>νος</strong></span> <span class='ocrx_word' id='word_1_611' title='bbox 2570 2581 2885 2654; x_wconf 69' lang='grc' dir='ltr'><strong>προφητῶν</strong></span> <span class='ocrx_word' id='word_1_612' title='bbox 2916 2578 3121 2641; x_wconf 81' lang='grc' dir='ltr'><strong>αὐτοῦ,</strong></span> <span class='ocrx_word' id='word_1_613' title='bbox 3144 2575 3391 2645; x_wconf 69' lang='grc' dir='ltr'><strong>ἁλλὀὺχὶ</strong></span> <span class='ocrx_word' id='word_1_614' title='bbox 3416 2574 3507 2626; x_wconf 89' lang='grc' dir='ltr'><strong>τοῦ</strong></span> <span class='ocrx_word' id='word_1_615' title='bbox 3545 2570 3790 2642; x_wconf 79' lang='grc' dir='ltr'><strong>Ἐχῡροῦ.</strong></span> <span class='ocrx_word' id='word_1_616' title='bbox 3818 2570 3927 2622; x_wconf 73' lang='grc' dir='ltr'><strong>Καὶ</strong></span> <span class='ocrx_word' id='word_1_617' title='bbox 3953 2568 4008 2620; x_wconf 82' lang='grc' dir='ltr'><strong>τί</strong></span> 
     </span>
    </p>
   </div>
   <div class='ocr_carea' id='block_1_86' title="bbox 2451 2661 4011 2750">
    <p class='ocr_par' dir='ltr' id='par_1_86' title="bbox 2451 2661 4011 2750">
     <span class='ocr_line' id='line_1_86' title="bbox 2451 2661 4011 2750; baseline -0.004 -20"><span class='ocrx_word' id='word_1_618' title='bbox 2451 2676 2891 2750; x_wconf 69' lang='grc' dir='ltr'><strong>προεφήτευσανι</strong></span> <span class='ocrx_word' id='word_1_619' title='bbox 2948 2666 3298 2737; x_wconf 80' lang='grc' dir='ltr'><strong>Μνησθῆνιιι</strong></span> <span class='ocrx_word' id='word_1_620' title='bbox 3360 2665 3463 2718; x_wconf 82' lang='grc' dir='ltr'><strong>τὸν</strong></span> <span class='ocrx_word' id='word_1_621' title='bbox 3522 2665 3669 2717; x_wconf 84' lang='grc' dir='ltr'><strong>Θεὸν</strong></span> <span class='ocrx_word' id='word_1_622' title='bbox 3718 2661 4011 2723; x_wconf 67' lang='grc' dir='ltr'><strong>διαθήκης</strong></span> 
     </span>
    </p>
   </div>
   <div class='ocr_carea' id='block_1_87' title="bbox 2448 2751 4013 2836">
    <p class='ocr_par' dir='ltr' id='par_1_87' title="bbox 2448 2751 4013 2836">
     <span class='ocr_line' id='line_1_87' title="bbox 2448 2751 4013 2836; baseline -0.012 -14"><span class='ocrx_word' id='word_1_623' title='bbox 2448 2767 2620 2836; x_wconf 75' lang='grc' dir='ltr'><strong>ἁγίας</strong></span> <span class='ocrx_word' id='word_1_624' title='bbox 2648 2762 2854 2823; x_wconf 82' lang='grc' dir='ltr'><strong>αὐτοῦ,</strong></span> <span class='ocrx_word' id='word_1_625' title='bbox 2884 2760 2996 2814; x_wconf 79' lang='grc' dir='ltr'><strong>ἀλλ’</strong></span> <span class='ocrx_word' id='word_1_626' title='bbox 3019 2760 3157 2828; x_wconf 72' lang='grc' dir='ltr'><strong>οὐχὶ,</strong></span> <span class='ocrx_word' id='word_1_627' title='bbox 3182 2754 3590 2829; x_wconf 85' lang='grc' dir='ltr'><strong>τρισάθλιε,τοῦ</strong></span> <span class='ocrx_word' id='word_1_628' title='bbox 3631 2751 4013 2821; x_wconf 78' lang='grc' dir='ltr'><strong>Ἐχοροῦ.Ἐτι</strong></span> 
     </span>
    </p>
   </div>
   <div class='ocr_carea' id='block_1_88' title="bbox 2450 2844 4013 2921">
    <p class='ocr_par' dir='ltr' id='par_1_88' title="bbox 2450 2844 4013 2921">
     <span class='ocr_line' id='line_1_88' title="bbox 2450 2844 4013 2921; baseline -0.012 -10"><span class='ocrx_word' id='word_1_629' title='bbox 2450 2858 2505 2911; x_wconf 83' lang='grc' dir='ltr'><strong>δέ</strong></span> <span class='ocrx_word' id='word_1_630' title='bbox 2543 2855 2741 2921; x_wconf 80' lang='grc' dir='ltr'><strong>μᾶλλον</strong></span> <span class='ocrx_word' id='word_1_631' title='bbox 2771 2852 2878 2907; x_wconf 85' lang='grc' dir='ltr'><strong>τῶν</strong></span> <span class='ocrx_word' id='word_1_632' title='bbox 2901 2850 3113 2905; x_wconf 85' lang='grc' dir='ltr'><strong>ἀσεϐῶν</strong></span> <span class='ocrx_word' id='word_1_633' title='bbox 3147 2848 3380 2918; x_wconf 84' lang='grc' dir='ltr'><strong>χαλινῶν</strong></span> <span class='ocrx_word' id='word_1_634' title='bbox 3428 2846 3496 2898; x_wconf 75' lang='grc' dir='ltr'><strong>τὰ</strong></span> <span class='ocrx_word' id='word_1_635' title='bbox 3535 2845 3797 2911; x_wconf 85' lang='grc' dir='ltr'><strong>στόματα,</strong></span> <span class='ocrx_word' id='word_1_636' title='bbox 3823 2844 4013 2912; x_wconf 80' lang='grc' dir='ltr'><strong>ὅρκον.</strong></span> 
     </span>
    </p>
   </div>
   <div class='ocr_carea' id='block_1_89' title="bbox 2453 2932 4011 3016">
    <p class='ocr_par' dir='ltr' id='par_1_89' title="bbox 2453 2932 4011 3016">
     <span class='ocr_line' id='line_1_89' title="bbox 2453 2932 4011 3016; baseline -0.012 -14"><span class='ocrx_word' id='word_1_637' title='bbox 2453 2950 2510 3003; x_wconf 79' lang='grc' dir='ltr'><strong>ὃν</strong></span> <span class='ocrx_word' id='word_1_638' title='bbox 2530 2946 2709 3016; x_wconf 77' lang='grc' dir='ltr'><strong>ὤμοσε</strong></span> <span class='ocrx_word' id='word_1_639' title='bbox 2740 2944 2877 3014; x_wconf 86' lang='grc' dir='ltr'><strong>πρὸς</strong></span> <span class='ocrx_word' id='word_1_640' title='bbox 2922 2940 3171 3010; x_wconf 79' lang='grc' dir='ltr'><strong>Ἀϐραὰμ</strong></span> <span class='ocrx_word' id='word_1_641' title='bbox 3202 2939 3293 2991; x_wconf 85' lang='grc' dir='ltr'><strong>τὸν</strong></span> <span class='ocrx_word' id='word_1_642' title='bbox 3335 2937 3543 3006; x_wconf 82' lang='grc' dir='ltr'><strong>πατέρα</strong></span> <span class='ocrx_word' id='word_1_643' title='bbox 3578 2932 3752 3004; x_wconf 80' lang='grc' dir='ltr'><strong>ἡμῶν,</strong></span> <span class='ocrx_word' id='word_1_644' title='bbox 3790 2934 4011 3001; x_wconf 79' lang='grc' dir='ltr'><strong>ἐπάγειο</strong></span> 
     </span>
    </p>
   </div>
   <div class='ocr_carea' id='block_1_90' title="bbox 2464 3022 4017 3104">
    <p class='ocr_par' dir='ltr' id='par_1_90' title="bbox 2464 3022 4017 3104">
     <span class='ocr_line' id='line_1_90' title="bbox 2464 3022 4017 3104; baseline -0.012 -11"><span class='ocrx_word' id='word_1_645' title='bbox 2464 3039 2572 3093; x_wconf 83' lang='grc' dir='ltr'><strong>Τοῦ</strong></span> <span class='ocrx_word' id='word_1_646' title='bbox 2593 3036 2803 3091; x_wconf 72' lang='grc' dir='ltr'><strong>δοῦναι</strong></span> <span class='ocrx_word' id='word_1_647' title='bbox 2827 3033 2972 3104; x_wconf 77' lang='grc' dir='ltr'><strong>ἡμῖν</strong></span> <span class='ocrx_word' id='word_1_648' title='bbox 3000 3032 3235 3100; x_wconf 71' lang='grc' dir='ltr'><strong>ἀφόϐως</strong></span> <span class='ocrx_word' id='word_1_649' title='bbox 3259 3029 3328 3083; x_wconf 78' lang='grc' dir='ltr'><strong>ἐκ</strong></span> <span class='ocrx_word' id='word_1_650' title='bbox 3367 3026 3564 3095; x_wconf 83' lang='grc' dir='ltr'><strong>χειρὸς</strong></span> <span class='ocrx_word' id='word_1_651' title='bbox 3630 3024 3745 3077; x_wconf 81' lang='grc' dir='ltr'><strong>τῶν</strong></span> <span class='ocrx_word' id='word_1_652' title='bbox 3782 3022 4017 3091; x_wconf 72' lang='grc' dir='ltr'><strong>ἐχθρῶν</strong></span> 
     </span>
    </p>
   </div>
   <div class='ocr_carea' id='block_1_91' title="bbox 2454 3120 4015 3200">
    <p class='ocr_par' dir='ltr' id='par_1_91' title="bbox 2454 3120 4015 3200">
     <span class='ocr_line' id='line_1_91' title="bbox 2454 3120 4015 3200; baseline -0.005 -17"><span class='ocrx_word' id='word_1_653' title='bbox 2454 3129 2619 3200; x_wconf 77' lang='grc' dir='ltr'><strong>ἡμῶν</strong></span> <span class='ocrx_word' id='word_1_654' title='bbox 2661 3126 2999 3197; x_wconf 78' lang='grc' dir='ltr'><strong>ῥυσθέντας</strong></span> <span class='ocrx_word' id='word_1_655' title='bbox 3045 3123 3357 3189; x_wconf 72' lang='grc' dir='ltr'><strong>λατρεύειν</strong></span> <span class='ocrx_word' id='word_1_656' title='bbox 3402 3120 3561 3184; x_wconf 83' lang='grc' dir='ltr'><strong>αὺτῷ</strong></span> <span class='ocrx_word' id='word_1_657' title='bbox 3621 3120 3686 3173; x_wconf 83' lang='grc' dir='ltr'><strong>ὲν</strong></span> <span class='ocrx_word' id='word_1_658' title='bbox 3745 3121 4015 3187; x_wconf 78' lang='grc' dir='ltr'><strong>ὁσιότητι</strong></span> 
     </span>
    </p>
   </div>
   <div class='ocr_carea' id='block_1_92' title="bbox 2374 3199 4015 3283">
    <p class='ocr_par' dir='ltr' id='par_1_92' title="bbox 2374 3199 4015 3283">
     <span class='ocr_line' id='line_1_92' title="bbox 2374 3199 4015 3283; baseline -0.008 -7"><span class='ocrx_word' id='word_1_659' title='bbox 2374 3199 2417 3261; x_wconf 78' lang='lat' dir='ltr'>C</span> <span class='ocrx_word' id='word_1_660' title='bbox 2453 3199 2957 3283; x_wconf 69' lang='grc' dir='ltr'><strong>κὰίδικαιοσύνῃ.</strong></span> <span class='ocrx_word' id='word_1_661' title='bbox 2999 3213 3320 3280; x_wconf 77' lang='grc' dir='ltr'><strong>Συλλογίςου</strong></span> <span class='ocrx_word' id='word_1_662' title='bbox 3353 3212 3418 3264; x_wconf 77' lang='grc' dir='ltr'><strong>τά</strong></span> <span class='ocrx_word' id='word_1_663' title='bbox 3461 3211 3743 3282; x_wconf 74' lang='grc' dir='ltr'><strong>εἰρημένα.</strong></span> <span class='ocrx_word' id='word_1_664' title='bbox 3788 3212 4015 3280; x_wconf 86' lang='grc' dir='ltr'><strong>Πνεῦμα</strong></span> 
     </span>
    </p>
   </div>
   <div class='ocr_carea' id='block_1_93' title="bbox 2455 3303 4015 3380">
    <p class='ocr_par' dir='ltr' id='par_1_93' title="bbox 2455 3303 4015 3380">
     <span class='ocr_line' id='line_1_93' title="bbox 2455 3303 4015 3380; baseline -0.008 -14"><span class='ocrx_word' id='word_1_665' title='bbox 2455 3312 2608 3379; x_wconf 79' lang='grc' dir='ltr'><strong>ἆγιον</strong></span> <span class='ocrx_word' id='word_1_666' title='bbox 2636 3310 2829 3380; x_wconf 79' lang='grc' dir='ltr'><strong>πληροῖ</strong></span> <span class='ocrx_word' id='word_1_667' title='bbox 2858 3308 2947 3360; x_wconf 78' lang='grc' dir='ltr'><strong>τὸν</strong></span> <span class='ocrx_word' id='word_1_668' title='bbox 2982 3306 3274 3376; x_wconf 84' lang='grc' dir='ltr'><strong>Ζαχαρίαν,</strong></span> <span class='ocrx_word' id='word_1_669' title='bbox 3320 3305 3412 3357; x_wconf 80' lang='grc' dir='ltr'><strong>καὶ</strong></span> <span class='ocrx_word' id='word_1_670' title='bbox 3446 3303 3751 3373; x_wconf 80' lang='grc' dir='ltr'><strong>πληρωθεὶς</strong></span> <span class='ocrx_word' id='word_1_671' title='bbox 3803 3304 4015 3355; x_wconf 85' lang='grc' dir='ltr'><strong>ἐκεῖθεν</strong></span> 
     </span>
    </p>
   </div>
   <div class='ocr_carea' id='block_1_94' title="bbox 2456 3391 4015 3468">
    <p class='ocr_par' dir='ltr' id='par_1_94' title="bbox 2456 3391 4015 3468">
     <span class='ocr_line' id='line_1_94' title="bbox 2456 3391 4015 3468; baseline -0.008 -14"><span class='ocrx_word' id='word_1_672' title='bbox 2456 3402 2642 3468; x_wconf 84' lang='grc' dir='ltr'><strong>ἁγίους</strong></span> <span class='ocrx_word' id='word_1_673' title='bbox 2680 3400 2805 3461; x_wconf 81' lang='grc' dir='ltr'><strong>τοὺς</strong></span> <span class='ocrx_word' id='word_1_674' title='bbox 2837 3399 2929 3451; x_wconf 77' lang='grc' dir='ltr'><strong>ἀπ’</strong></span> <span class='ocrx_word' id='word_1_675' title='bbox 2952 3398 3145 3458; x_wconf 82' lang='grc' dir='ltr'><strong>αἰῶνος</strong></span> <span class='ocrx_word' id='word_1_676' title='bbox 3180 3398 3459 3464; x_wconf 78' lang='grc' dir='ltr'><strong>προφήτας</strong></span> <span class='ocrx_word' id='word_1_677' title='bbox 3502 3393 3596 3445; x_wconf 76' lang='grc' dir='ltr'><strong>καὶ</strong></span> <span class='ocrx_word' id='word_1_678' title='bbox 3625 3391 3760 3445; x_wconf 89' lang='grc' dir='ltr'><strong>Θεοῦ</strong></span> <span class='ocrx_word' id='word_1_679' title='bbox 3804 3393 4015 3460; x_wconf 85' lang='grc' dir='ltr'><strong>θυηπό-</strong></span> 
     </span>
    </p>
   </div>
   <div class='ocr_carea' id='block_1_95' title="bbox 2454 3482 4017 3556">
    <p class='ocr_par' dir='ltr' id='par_1_95' title="bbox 2454 3482 4017 3556">
     <span class='ocr_line' id='line_1_95' title="bbox 2454 3482 4017 3556; baseline -0.008 -12"><span class='ocrx_word' id='word_1_680' title='bbox 2454 3493 2578 3552; x_wconf 89' lang='grc' dir='ltr'><strong>λους</strong></span> <span class='ocrx_word' id='word_1_681' title='bbox 2600 3487 2941 3556; x_wconf 88' lang='grc' dir='ltr'><strong>ἀναγορεύει,</strong></span> <span class='ocrx_word' id='word_1_682' title='bbox 2976 3488 3069 3539; x_wconf 74' lang='grc' dir='ltr'><strong>καὶ</strong></span> <span class='ocrx_word' id='word_1_683' title='bbox 3095 3485 3191 3553; x_wconf 79' lang='grc' dir='ltr'><strong>τὴν</strong></span> <span class='ocrx_word' id='word_1_684' title='bbox 3243 3484 3557 3553; x_wconf 86' lang='grc' dir='ltr'><strong>ἐλευθερίαν</strong></span> <span class='ocrx_word' id='word_1_685' title='bbox 3613 3482 3767 3552; x_wconf 77' lang='grc' dir='ltr'><strong>ἡμῶν</strong></span> <span class='ocrx_word' id='word_1_686' title='bbox 3801 3499 4017 3551; x_wconf 58' lang='grc' dir='ltr'><strong>προεξη-</strong></span> 
     </span>
    </p>
   </div>
   <div class='ocr_carea' id='block_1_96' title="bbox 2455 3570 4015 3646">
    <p class='ocr_par' dir='ltr' id='par_1_96' title="bbox 2455 3570 4015 3646">
     <span class='ocr_line' id='line_1_96' title="bbox 2455 3570 4015 3646; baseline -0.007 -13"><span class='ocrx_word' id='word_1_687' title='bbox 2455 3580 2620 3643; x_wconf 87' lang='grc' dir='ltr'><strong>τεύει,</strong></span> <span class='ocrx_word' id='word_1_688' title='bbox 2655 3578 2858 3631; x_wconf 74' lang='grc' dir='ltr'><strong>καὶτὸν</strong></span> <span class='ocrx_word' id='word_1_689' title='bbox 2880 3576 3153 3646; x_wconf 85' lang='grc' dir='ltr'><strong>ὀμόσαντα</strong></span> <span class='ocrx_word' id='word_1_690' title='bbox 3174 3572 3307 3642; x_wconf 79' lang='grc' dir='ltr'><strong>πρὸς</strong></span> <span class='ocrx_word' id='word_1_691' title='bbox 3342 3572 3431 3624; x_wconf 81' lang='grc' dir='ltr'><strong>τὸν</strong></span> <span class='ocrx_word' id='word_1_692' title='bbox 3476 3570 3742 3640; x_wconf 76' lang='grc' dir='ltr'><strong>Ἀϐραὰμ,</strong></span> <span class='ocrx_word' id='word_1_693' title='bbox 3803 3573 4015 3623; x_wconf 84' lang='grc' dir='ltr'><strong>ἐκεῖνον</strong></span> 
     </span>
    </p>
   </div>
   <div class='ocr_carea' id='block_1_97' title="bbox 2454 3661 4014 3741">
    <p class='ocr_par' dir='ltr' id='par_1_97' title="bbox 2454 3661 4014 3741">
     <span class='ocr_line' id='line_1_97' title="bbox 2454 3661 4014 3741; baseline -0.009 -15"><span class='ocrx_word' id='word_1_694' title='bbox 2454 3673 2549 3741; x_wconf 82' lang='grc' dir='ltr'><strong>τῆς</strong></span> <span class='ocrx_word' id='word_1_695' title='bbox 2589 3668 2899 3737; x_wconf 76' lang='grc' dir='ltr'><strong>ἐλευθερίας</strong></span> <span class='ocrx_word' id='word_1_696' title='bbox 2949 3664 3088 3719; x_wconf 82' lang='grc' dir='ltr'><strong>εἶναι</strong></span> <span class='ocrx_word' id='word_1_697' title='bbox 3136 3665 3335 3735; x_wconf 81' lang='grc' dir='ltr'><strong>δοτῆρα</strong></span> <span class='ocrx_word' id='word_1_698' title='bbox 3379 3661 3641 3733; x_wconf 81' lang='grc' dir='ltr'><strong>κηρύσσει</strong></span> <span class='ocrx_word' id='word_1_699' title='bbox 3669 3679 3680 3692; x_wconf 69' lang='grc'>⁸</span> <span class='ocrx_word' id='word_1_700' title='bbox 3735 3664 3827 3714; x_wconf 68' lang='grc' dir='ltr'><strong>καὶ</strong></span> <span class='ocrx_word' id='word_1_701' title='bbox 3888 3664 4014 3724; x_wconf 74' lang='grc' dir='ltr'><strong>τοὺς</strong></span> 
     </span>
    </p>
   </div>
   <div class='ocr_carea' id='block_1_98' title="bbox 2456 3752 4013 3833">
    <p class='ocr_par' dir='ltr' id='par_1_98' title="bbox 2456 3752 4013 3833">
     <span class='ocr_line' id='line_1_98' title="bbox 2456 3752 4013 3833; baseline -0.006 -19"><span class='ocrx_word' id='word_1_702' title='bbox 2456 3761 2833 3833; x_wconf 85' lang='grc' dir='ltr'><strong>προσάγοντας</strong></span> <span class='ocrx_word' id='word_1_703' title='bbox 2861 3757 3006 3826; x_wconf 76' lang='grc' dir='ltr'><strong>αὐτῷ</strong></span> <span class='ocrx_word' id='word_1_704' title='bbox 3043 3757 3140 3823; x_wconf 79' lang='grc' dir='ltr'><strong>τὴν</strong></span> <span class='ocrx_word' id='word_1_705' title='bbox 3169 3753 3417 3822; x_wconf 77' lang='grc' dir='ltr'><strong>λατρείαν</strong></span> <span class='ocrx_word' id='word_1_706' title='bbox 3446 3756 3502 3806; x_wconf 85' lang='grc' dir='ltr'><strong>ἐν</strong></span> <span class='ocrx_word' id='word_1_707' title='bbox 3531 3754 3765 3819; x_wconf 76' lang='grc' dir='ltr'><strong>ὁσιότητι</strong></span> <span class='ocrx_word' id='word_1_708' title='bbox 3793 3752 3883 3804; x_wconf 74' lang='grc' dir='ltr'><strong>καὶ</strong></span> <span class='ocrx_word' id='word_1_709' title='bbox 3933 3754 4013 3804; x_wconf 86' lang='grc' dir='ltr'><strong>δι-</strong></span> 
     </span>
    </p>
   </div>
   <div class='ocr_carea' id='block_1_99' title="bbox 2457 3844 4017 3922">
    <p class='ocr_par' dir='ltr' id='par_1_99' title="bbox 2457 3844 4017 3922">
     <span class='ocr_line' id='line_1_99' title="bbox 2457 3844 4017 3922; baseline -0.007 -16"><span class='ocrx_word' id='word_1_710' title='bbox 2457 3852 2718 3922; x_wconf 79' lang='grc' dir='ltr'><strong>καιοσύνῃ</strong></span> <span class='ocrx_word' id='word_1_711' title='bbox 2742 3850 3042 3918; x_wconf 87' lang='grc' dir='ltr'><strong>λατρεύειν.</strong></span> <span class='ocrx_word' id='word_1_712' title='bbox 3074 3848 3135 3899; x_wconf 87' lang='grc' dir='ltr'><strong>Εἰ</strong></span> <span class='ocrx_word' id='word_1_713' title='bbox 3163 3845 3335 3898; x_wconf 81' lang='grc' dir='ltr'><strong>ταῦτα</strong></span> <span class='ocrx_word' id='word_1_714' title='bbox 3362 3844 3618 3914; x_wconf 78' lang='grc' dir='ltr'><strong>πλησθεὶς</strong></span> <span class='ocrx_word' id='word_1_715' title='bbox 3655 3846 3680 3896; x_wconf 85' lang='grc' dir='ltr'>ὁ</span> <span class='ocrx_word' id='word_1_716' title='bbox 3742 3844 4017 3912; x_wconf 83' lang='grc' dir='ltr'><strong>Ζαχαρίας</strong></span> 
     </span>
    </p>
   </div>
   <div class='ocr_carea' id='block_1_100' title="bbox 2459 3933 4012 4013">
    <p class='ocr_par' dir='ltr' id='par_1_100' title="bbox 2459 3933 4012 4013">
     <span class='ocr_line' id='line_1_100' title="bbox 2459 3933 4012 4013; baseline -0.008 -16"><span class='ocrx_word' id='word_1_717' title='bbox 2459 3945 2775 4013; x_wconf 81' lang='grc' dir='ltr'><strong>Πνεύματος</strong></span> <span class='ocrx_word' id='word_1_718' title='bbox 2822 3942 2977 4009; x_wconf 86' lang='grc' dir='ltr'><strong>ἁγίου</strong></span> <span class='ocrx_word' id='word_1_719' title='bbox 3020 3939 3225 4007; x_wconf 82' lang='grc' dir='ltr'><strong>διῆλθε,</strong></span> <span class='ocrx_word' id='word_1_720' title='bbox 3288 3938 3401 3999; x_wconf 83' lang='grc' dir='ltr'><strong>πῶς</strong></span> <span class='ocrx_word' id='word_1_721' title='bbox 3464 3937 3583 4003; x_wconf 69' lang='grc' dir='ltr'><strong>οὐχ).</strong></span> <span class='ocrx_word' id='word_1_722' title='bbox 3621 3934 3713 3987; x_wconf 80' lang='grc' dir='ltr'><strong>τοῦ</strong></span> <span class='ocrx_word' id='word_1_723' title='bbox 3772 3933 4012 4004; x_wconf 72' lang='grc' dir='ltr'><strong>πονηροῦ</strong></span> 
     </span>
    </p>
   </div>
   <div class='ocr_carea' id='block_1_101' title="bbox 2457 4022 4017 4105">
    <p class='ocr_par' dir='ltr' id='par_1_101' title="bbox 2457 4022 4017 4105">
     <span class='ocr_line' id='line_1_101' title="bbox 2457 4022 4017 4105; baseline -0.009 -18"><span class='ocrx_word' id='word_1_724' title='bbox 2457 4036 2787 4105; x_wconf 79' lang='grc' dir='ltr'><strong>πλησθέντες</strong></span> <span class='ocrx_word' id='word_1_725' title='bbox 2813 4032 3117 4101; x_wconf 82' lang='grc' dir='ltr'><strong>πνεύματος</strong></span> <span class='ocrx_word' id='word_1_726' title='bbox 3142 4031 3189 4081; x_wconf 80' lang='lat' dir='ltr'><strong>oi</strong></span> <span class='ocrx_word' id='word_1_727' title='bbox 3229 4028 3483 4081; x_wconf 79' lang='grc' dir='ltr'><strong>τάναντία</strong></span> <span class='ocrx_word' id='word_1_728' title='bbox 3536 4024 3743 4085; x_wconf 83' lang='grc' dir='ltr'><strong>τούτοις</strong></span> <span class='ocrx_word' id='word_1_729' title='bbox 3779 4022 4017 4089; x_wconf 79' lang='grc' dir='ltr'><strong>ἀπελέγ-</strong></span> 
     </span>
    </p>
   </div>
   <div class='ocr_carea' id='block_1_102' title="bbox 2458 4112 4014 4197">
    <p class='ocr_par' dir='ltr' id='par_1_102' title="bbox 2458 4112 4014 4197">
     <span class='ocr_line' id='line_1_102' title="bbox 2458 4112 4014 4197; baseline -0.011 -18"><span class='ocrx_word' id='word_1_730' title='bbox 2458 4145 2641 4197; x_wconf 86' lang='grc' dir='ltr'><strong>χονται</strong></span> <span class='ocrx_word' id='word_1_731' title='bbox 2665 4124 2963 4193; x_wconf 73' lang='grc' dir='ltr'><strong>φωνοῦντες</strong></span> <span class='ocrx_word' id='word_1_732' title='bbox 2988 4139 3002 4182; x_wconf 86' lang='lat'><strong>;</strong></span> <span class='ocrx_word' id='word_1_733' title='bbox 3038 4121 3101 4174; x_wconf 87' lang='grc' dir='ltr'><strong>Τί</strong></span> <span class='ocrx_word' id='word_1_734' title='bbox 3125 4121 3169 4173; x_wconf 85' lang='grc' dir='ltr'><strong>δ’</strong></span> <span class='ocrx_word' id='word_1_735' title='bbox 3196 4119 3259 4172; x_wconf 79' lang='grc' dir='ltr'><strong>ἂν</strong></span> <span class='ocrx_word' id='word_1_736' title='bbox 3293 4120 3449 4187; x_wconf 83' lang='grc' dir='ltr'><strong>φαῖεν</strong></span> <span class='ocrx_word' id='word_1_737' title='bbox 3476 4116 3527 4167; x_wconf 72' lang='grc' dir='ltr'><strong>οἱ</strong></span> <span class='ocrx_word' id='word_1_738' title='bbox 3554 4116 3735 4185; x_wconf 72' lang='grc' dir='ltr'><strong>πικροὶ</strong></span> <span class='ocrx_word' id='word_1_739' title='bbox 3752 4112 3850 4179; x_wconf 81' lang='grc' dir='ltr'><strong>τῆς</strong></span> <span class='ocrx_word' id='word_1_740' title='bbox 3882 4113 4014 4164; x_wconf 83' lang='grc' dir='ltr'><strong>Μω-</strong></span> 
     </span>
    </p>
   </div>
   <div class='ocr_carea' id='block_1_103' title="bbox 2460 4201 4015 4288">
    <p class='ocr_par' dir='ltr' id='par_1_103' title="bbox 2460 4201 4015 4288">
     <span class='ocr_line' id='line_1_103' title="bbox 2460 4201 4015 4288; baseline -0.013 -16"><span class='ocrx_word' id='word_1_741' title='bbox 2460 4219 2650 4288; x_wconf 84' lang='grc' dir='ltr'><strong>σαῖκῆς</strong></span> <span class='ocrx_word' id='word_1_742' title='bbox 2674 4219 2968 4287; x_wconf 86' lang='grc' dir='ltr'><strong>κατήγοροι</strong></span> <span class='ocrx_word' id='word_1_743' title='bbox 3000 4212 3279 4281; x_wconf 80' lang='grc' dir='ltr'><strong>διαθήκης,</strong></span> <span class='ocrx_word' id='word_1_744' title='bbox 3313 4208 3511 4279; x_wconf 83' lang='grc' dir='ltr'><strong>μᾶλλον</strong></span> <span class='ocrx_word' id='word_1_745' title='bbox 3539 4206 3593 4257; x_wconf 76' lang='grc' dir='ltr'><strong>δὲ</strong></span> <span class='ocrx_word' id='word_1_746' title='bbox 3624 4205 3719 4270; x_wconf 81' lang='grc' dir='ltr'><strong>τῆς</strong></span> <span class='ocrx_word' id='word_1_747' title='bbox 3746 4202 3841 4253; x_wconf 91' lang='grc' dir='ltr'><strong>τοῦ</strong></span> <span class='ocrx_word' id='word_1_748' title='bbox 3878 4201 4015 4253; x_wconf 76' lang='grc' dir='ltr'><strong>Θεοῦ</strong></span> 
     </span>
    </p>
   </div>
   <div class='ocr_carea' id='block_1_104' title="bbox 2461 4294 4015 4381">
    <p class='ocr_par' dir='ltr' id='par_1_104' title="bbox 2461 4294 4015 4381">
     <span class='ocr_line' id='line_1_104' title="bbox 2461 4294 4015 4381; baseline -0.011 -19"><span class='ocrx_word' id='word_1_749' title='bbox 2461 4308 2732 4381; x_wconf 82' lang='grc' dir='ltr'><strong>βασιλείας</strong></span> <span class='ocrx_word' id='word_1_750' title='bbox 2758 4305 3030 4376; x_wconf 78' lang='grc' dir='ltr'><strong>μερισταὶ,</strong></span> <span class='ocrx_word' id='word_1_751' title='bbox 3066 4304 3191 4355; x_wconf 84' lang='grc' dir='ltr'><strong>ὅταν</strong></span> <span class='ocrx_word' id='word_1_752' title='bbox 3244 4302 3409 4370; x_wconf 84' lang='grc' dir='ltr'><strong>ὁρῶσι</strong></span> <span class='ocrx_word' id='word_1_753' title='bbox 3437 4299 3523 4350; x_wconf 77' lang='grc' dir='ltr'><strong>διὰ</strong></span> <span class='ocrx_word' id='word_1_754' title='bbox 3551 4296 3645 4348; x_wconf 84' lang='grc' dir='ltr'><strong>τοῦ</strong></span> <span class='ocrx_word' id='word_1_755' title='bbox 3684 4294 4015 4361; x_wconf 78' lang='grc' dir='ltr'><strong>Εὐαγγελίου</strong></span> 
     </span>
    </p>
   </div>
   <div class='ocr_carea' id='block_1_105' title="bbox 2458 4387 4016 4469">
    <p class='ocr_par' dir='ltr' id='par_1_105' title="bbox 2458 4387 4016 4469">
     <span class='ocr_line' id='line_1_105' title="bbox 2458 4387 4016 4469; baseline -0.008 -18"><span class='ocrx_word' id='word_1_756' title='bbox 2458 4402 2792 4469; x_wconf 79' lang='grc' dir='ltr'><strong>ἀναγόμενον</strong></span> <span class='ocrx_word' id='word_1_757' title='bbox 2817 4398 2913 4465; x_wconf 79' lang='grc' dir='ltr'><strong>μὲν</strong></span> <span class='ocrx_word' id='word_1_758' title='bbox 2946 4398 3024 4458; x_wconf 79' lang='grc' dir='ltr'><strong>είς</strong></span> <span class='ocrx_word' id='word_1_759' title='bbox 3050 4395 3117 4447; x_wconf 76' lang='grc' dir='ltr'><strong>τὰ</strong></span> <span class='ocrx_word' id='word_1_760' title='bbox 3155 4394 3497 4459; x_wconf 80' lang='grc' dir='ltr'><strong>Ἰεροσόλυμα</strong></span> <span class='ocrx_word' id='word_1_761' title='bbox 3533 4389 3623 4441; x_wconf 79' lang='grc' dir='ltr'><strong>τὸν</strong></span> <span class='ocrx_word' id='word_1_762' title='bbox 3665 4387 3894 4454; x_wconf 78' lang='grc' dir='ltr'><strong>Ἰησοῦν,</strong></span> <span class='ocrx_word' id='word_1_763' title='bbox 3928 4404 4016 4439; x_wconf 84' lang='grc' dir='ltr'><strong>τε·</strong></span> 
     </span>
    </p>
   </div>
   <div class='ocr_carea' id='block_1_106' title="bbox 2460 4478 4017 4551">
    <p class='ocr_par' dir='ltr' id='par_1_106' title="bbox 2460 4478 4017 4551">
     <span class='ocr_line' id='line_1_106' title="bbox 2460 4478 4017 4551; baseline -0.011 -6"><span class='ocrx_word' id='word_1_764' title='bbox 2460 4492 2652 4544; x_wconf 87' lang='grc' dir='ltr'><strong>λοῦντα</strong></span> <span class='ocrx_word' id='word_1_765' title='bbox 2681 4489 2737 4542; x_wconf 82' lang='grc' dir='ltr'><strong>δὲ</strong></span> <span class='ocrx_word' id='word_1_766' title='bbox 2766 4489 2834 4541; x_wconf 88' lang='grc' dir='ltr'><strong>τὰ</strong></span> <span class='ocrx_word' id='word_1_767' title='bbox 2867 4485 3157 4546; x_wconf 81' lang='grc' dir='ltr'><strong>Μωσαῖκὰ,</strong></span> <span class='ocrx_word' id='word_1_768' title='bbox 3185 4486 3276 4536; x_wconf 81' lang='grc' dir='ltr'><strong>καὶ</strong></span> <span class='ocrx_word' id='word_1_769' title='bbox 3303 4483 3534 4551; x_wconf 70' lang='grc' dir='ltr'><strong>φέροντα</strong></span> <span class='ocrx_word' id='word_1_770' title='bbox 3563 4478 3748 4530; x_wconf 84' lang='grc' dir='ltr'><strong>θυσίαν</strong></span> <span class='ocrx_word' id='word_1_771' title='bbox 3776 4478 3919 4530; x_wconf 74' lang='grc' dir='ltr'><strong>κατὰ</strong></span> <span class='ocrx_word' id='word_1_772' title='bbox 3957 4478 4017 4528; x_wconf 77' lang='grc' dir='ltr'><strong>τὸ</strong></span> 
     </span>
    </p>
   </div>
   <div class='ocr_carea' id='block_1_107' title="bbox 2460 4568 4018 4653">
    <p class='ocr_par' dir='ltr' id='par_1_107' title="bbox 2460 4568 4018 4653">
     <span class='ocr_line' id='line_1_107' title="bbox 2460 4568 4018 4653; baseline -0.012 -16"><span class='ocrx_word' id='word_1_773' title='bbox 2460 4582 2746 4653; x_wconf 78' lang='grc' dir='ltr'><strong>εἰρημένον</strong></span> <span class='ocrx_word' id='word_1_774' title='bbox 2775 4582 2830 4631; x_wconf 82' lang='grc' dir='ltr'><strong>ἐν</strong></span> <span class='ocrx_word' id='word_1_775' title='bbox 2864 4578 3010 4647; x_wconf 84' lang='grc' dir='ltr'><strong>νόμῳ</strong></span> <span class='ocrx_word' id='word_1_776' title='bbox 3035 4576 3258 4645; x_wconf 84' lang='grc' dir='ltr'><strong>Κυρίου,</strong></span> <span class='ocrx_word' id='word_1_777' title='bbox 3288 4573 3550 4641; x_wconf 81' lang='grc' dir='ltr'><strong>ἀγκάλαις</strong></span> <span class='ocrx_word' id='word_1_778' title='bbox 3592 4570 3648 4622; x_wconf 75' lang='grc' dir='ltr'><strong>δὲ</strong></span> <span class='ocrx_word' id='word_1_779' title='bbox 3677 4568 4018 4638; x_wconf 75' lang='grc' dir='ltr'><strong>δωροφορούο</strong></span> 
     </span>
    </p>
   </div>
   <div class='ocr_carea' id='block_1_108' title="bbox 2465 4659 4019 4740">
    <p class='ocr_par' dir='ltr' id='par_1_108' title="bbox 2465 4659 4019 4740">
     <span class='ocr_line' id='line_1_108' title="bbox 2465 4659 4019 4740; baseline -0.012 -15"><span class='ocrx_word' id='word_1_780' title='bbox 2465 4689 2622 4740; x_wconf 88' lang='grc' dir='ltr'><strong>μενον</strong></span> <span class='ocrx_word' id='word_1_781' title='bbox 2644 4668 2734 4721; x_wconf 86' lang='grc' dir='ltr'><strong>τοῦ</strong></span> <span class='ocrx_word' id='word_1_782' title='bbox 2759 4668 2966 4720; x_wconf 85' lang='grc' dir='ltr'><strong>δικαίου</strong></span> <span class='ocrx_word' id='word_1_783' title='bbox 2999 4664 3243 4733; x_wconf 86' lang='grc' dir='ltr'><strong>Συμεὼν,</strong></span> <span class='ocrx_word' id='word_1_784' title='bbox 3276 4662 3333 4724; x_wconf 79' lang='grc' dir='ltr'><strong>ὃς</strong></span> <span class='ocrx_word' id='word_1_785' title='bbox 3367 4661 3504 4730; x_wconf 85' lang='grc' dir='ltr'><strong>μετά</strong></span> <span class='ocrx_word' id='word_1_786' title='bbox 3535 4662 3630 4728; x_wconf 82' lang='grc' dir='ltr'><strong>τῆς</strong></span> <span class='ocrx_word' id='word_1_787' title='bbox 3666 4659 3832 4726; x_wconf 80' lang='grc' dir='ltr'><strong>ἄλλης</strong></span> <span class='ocrx_word' id='word_1_788' title='bbox 3867 4660 4019 4709; x_wconf 75' lang='grc' dir='ltr'><strong>εὐσε-</strong></span> 
     </span>
    </p>
   </div>
   <div class='ocr_carea' id='block_1_109' title="bbox 2462 4749 4021 4825">
    <p class='ocr_par' dir='ltr' id='par_1_109' title="bbox 2462 4749 4021 4825">
     <span class='ocr_line' id='line_1_109' title="bbox 2462 4749 4021 4825; baseline -0.01 -10"><span class='ocrx_word' id='word_1_789' title='bbox 2462 4764 2613 4823; x_wconf 83' lang='grc' dir='ltr'><strong>ϐείας</strong></span> <span class='ocrx_word' id='word_1_790' title='bbox 2637 4762 2729 4813; x_wconf 67' lang='grc' dir='ltr'><strong>καὶ</strong></span> <span class='ocrx_word' id='word_1_791' title='bbox 2759 4757 3123 4825; x_wconf 82' lang='grc' dir='ltr'><strong>δικαιοσύνης,</strong></span> <span class='ocrx_word' id='word_1_792' title='bbox 3176 4755 3302 4823; x_wconf 81' lang='grc' dir='ltr'><strong>περὶ</strong></span> <span class='ocrx_word' id='word_1_793' title='bbox 3348 4752 3442 4805; x_wconf 86' lang='grc' dir='ltr'><strong>τοῦ</strong></span> <span class='ocrx_word' id='word_1_794' title='bbox 3494 4752 3645 4819; x_wconf 88' lang='grc' dir='ltr'><strong>ἁγίου</strong></span> <span class='ocrx_word' id='word_1_795' title='bbox 3701 4749 4021 4818; x_wconf 84' lang='grc' dir='ltr'><strong>Πνεύματος</strong></span> 
     </span>
    </p>
   </div>
   <div class='ocr_carea' id='block_1_110' title="bbox 2462 4842 4022 4926">
    <p class='ocr_par' dir='ltr' id='par_1_110' title="bbox 2462 4842 4022 4926">
     <span class='ocr_line' id='line_1_110' title="bbox 2462 4842 4022 4926; baseline -0.011 -18"><span class='ocrx_word' id='word_1_796' title='bbox 2462 4852 2845 4926; x_wconf 83' lang='grc' dir='ltr'><strong>χρηματισμὸν</strong></span> <span class='ocrx_word' id='word_1_797' title='bbox 2871 4850 3047 4902; x_wconf 87' lang='grc' dir='ltr'><strong>λαϐὼν</strong></span> <span class='ocrx_word' id='word_1_798' title='bbox 3071 4849 3185 4918; x_wconf 76' lang='grc' dir='ltr'><strong>ἅμα</strong></span> <span class='ocrx_word' id='word_1_799' title='bbox 3206 4864 3263 4900; x_wconf 87' lang='grc' dir='ltr'><strong>τε</strong></span> <span class='ocrx_word' id='word_1_800' title='bbox 3288 4844 3668 4915; x_wconf 73' lang='grc' dir='ltr'><strong>ἐνηγκαλίςετο</strong></span> <span class='ocrx_word' id='word_1_801' title='bbox 3694 4843 3787 4894; x_wconf 85' lang='grc' dir='ltr'><strong>τὸν</strong></span> <span class='ocrx_word' id='word_1_802' title='bbox 3840 4842 4022 4893; x_wconf 72' lang='grc' dir='ltr'><strong>κοινὸν</strong></span> 
     </span>
    </p>
   </div>
   <div class='ocr_carea' id='block_1_111' title="bbox 2462 4933 4020 5014">
    <p class='ocr_par' dir='ltr' id='par_1_111' title="bbox 2462 4933 4020 5014">
     <span class='ocr_line' id='line_1_111' title="bbox 2462 4933 4020 5014; baseline -0.012 -16"><span class='ocrx_word' id='word_1_803' title='bbox 2462 4945 2759 5014; x_wconf 79' lang='grc' dir='ltr'><strong>λυτρωτὴν,</strong></span> <span class='ocrx_word' id='word_1_804' title='bbox 2792 4942 3007 5010; x_wconf 77' lang='grc' dir='ltr'><strong>ηὐλόγει</strong></span> <span class='ocrx_word' id='word_1_805' title='bbox 3033 4956 3091 4991; x_wconf 88' lang='grc' dir='ltr'><strong>τε</strong></span> <span class='ocrx_word' id='word_1_806' title='bbox 3147 4937 3306 4989; x_wconf 81' lang='grc' dir='ltr'><strong>αὑτὸν</strong></span> <span class='ocrx_word' id='word_1_807' title='bbox 3335 4936 3425 4988; x_wconf 80' lang='grc' dir='ltr'><strong>καὶ</strong></span> <span class='ocrx_word' id='word_1_808' title='bbox 3456 4933 3719 4999; x_wconf 83' lang='grc' dir='ltr'><strong>θεολογῶν</strong></span> <span class='ocrx_word' id='word_1_809' title='bbox 3776 4933 4020 4999; x_wconf 73' lang='grc' dir='ltr'><strong>προεφή-</strong></span> 
     </span>
    </p>
   </div>
   <div class='ocr_carea' id='block_1_112' title="bbox 2460 5022 4021 5103">
    <p class='ocr_par' dir='ltr' id='par_1_112' title="bbox 2460 5022 4021 5103">
     <span class='ocr_line' id='line_1_112' title="bbox 2460 5022 4021 5103; baseline -0.013 -13"><span class='ocrx_word' id='word_1_810' title='bbox 2460 5054 2585 5090; x_wconf 82' lang='grc' dir='ltr'><strong>τευε</strong></span> <span class='ocrx_word' id='word_1_811' title='bbox 2644 5034 2913 5103; x_wconf 88' lang='grc' dir='ltr'><strong>σωτηρίαν</strong></span> <span class='ocrx_word' id='word_1_812' title='bbox 2944 5028 3342 5102; x_wconf 83' lang='grc' dir='ltr'><strong>παραγενέσθαι</strong></span> <span class='ocrx_word' id='word_1_813' title='bbox 3394 5025 3534 5077; x_wconf 83' lang='grc' dir='ltr'><strong>κατὰ</strong></span> <span class='ocrx_word' id='word_1_814' title='bbox 3573 5028 3859 5092; x_wconf 81' lang='grc' dir='ltr'><strong>πρόσωπον</strong></span> <span class='ocrx_word' id='word_1_815' title='bbox 3895 5022 4021 5073; x_wconf 87' lang='grc' dir='ltr'><strong>πάν-</strong></span> 
     </span>
    </p>
   </div>
   <div class='ocr_carea' id='block_1_113' title="bbox 2460 5111 4022 5191">
    <p class='ocr_par' dir='ltr' id='par_1_113' title="bbox 2460 5111 4022 5191">
     <span class='ocr_line' id='line_1_113' title="bbox 2460 5111 4022 5191; baseline -0.013 -10"><span class='ocrx_word' id='word_1_816' title='bbox 2460 5146 2566 5181; x_wconf 80' lang='grc' dir='ltr'><strong>των</strong></span> <span class='ocrx_word' id='word_1_817' title='bbox 2586 5129 2695 5180; x_wconf 82' lang='grc' dir='ltr'><strong>τῶν</strong></span> <span class='ocrx_word' id='word_1_818' title='bbox 2719 5126 2881 5191; x_wconf 85' lang='grc' dir='ltr'><strong>λαῶν,</strong></span> <span class='ocrx_word' id='word_1_819' title='bbox 2915 5125 3005 5176; x_wconf 72' lang='grc' dir='ltr'><strong>καὶ</strong></span> <span class='ocrx_word' id='word_1_820' title='bbox 3028 5121 3141 5190; x_wconf 81' lang='grc' dir='ltr'><strong>φῶς</strong></span> <span class='ocrx_word' id='word_1_821' title='bbox 3187 5121 3264 5181; x_wconf 88' lang='grc' dir='ltr'><strong>είς</strong></span> <span class='ocrx_word' id='word_1_822' title='bbox 3299 5116 3638 5183; x_wconf 74' lang='grc' dir='ltr'><strong>ἀποκάλυψιν</strong></span> <span class='ocrx_word' id='word_1_823' title='bbox 3697 5112 3864 5165; x_wconf 83' lang='grc' dir='ltr'><strong>ἐθνῶν</strong></span> <span class='ocrx_word' id='word_1_824' title='bbox 3911 5111 4022 5162; x_wconf 81' lang='grc' dir='ltr'><strong>τῶν</strong></span> 
     </span>
    </p>
   </div>
   <div class='ocr_carea' id='block_1_114' title="bbox 2465 5200 4021 5289">
    <p class='ocr_par' dir='ltr' id='par_1_114' title="bbox 2465 5200 4021 5289">
     <span class='ocr_line' id='line_1_114' title="bbox 2465 5200 4021 5289; baseline -0.013 -18"><span class='ocrx_word' id='word_1_825' title='bbox 2465 5223 2602 5289; x_wconf 85' lang='grc' dir='ltr'><strong>μετὰ</strong></span> <span class='ocrx_word' id='word_1_826' title='bbox 2626 5216 2796 5269; x_wconf 89' lang='grc' dir='ltr'><strong>ταῦτα</strong></span> <span class='ocrx_word' id='word_1_827' title='bbox 2846 5212 3281 5266; x_wconf 83' lang='grc' dir='ltr'><strong>πεπιστευκότων</strong></span> <span class='ocrx_word' id='word_1_828' title='bbox 3320 5211 3396 5268; x_wconf 87' lang='grc' dir='ltr'><strong>εἰς</strong></span> <span class='ocrx_word' id='word_1_829' title='bbox 3446 5206 3638 5268; x_wconf 62' lang='lat' dir='ltr'><strong>dimov;</strong></span> <span class='ocrx_word' id='word_1_830' title='bbox 3673 5202 3730 5255; x_wconf 87' lang='lat'><strong>&#39;0</strong></span> <span class='ocrx_word' id='word_1_831' title='bbox 3776 5202 3831 5253; x_wconf 83' lang='grc' dir='ltr'><strong>δὲ</strong></span> <span class='ocrx_word' id='word_1_832' title='bbox 3881 5200 4021 5261; x_wconf 84' lang='grc' dir='ltr'><strong>θεῖος</strong></span> 
     </span>
    </p>
   </div>
   <div class='ocr_carea' id='block_1_115' title="bbox 2463 5295 4023 5378">
    <p class='ocr_par' dir='ltr' id='par_1_115' title="bbox 2463 5295 4023 5378">
     <span class='ocr_line' id='line_1_115' title="bbox 2463 5295 4023 5378; baseline -0.015 -14"><span class='ocrx_word' id='word_1_833' title='bbox 2463 5308 2848 5378; x_wconf 78' lang='grc' dir='ltr'><strong>εὐαγγελιστὴς</strong></span> <span class='ocrx_word' id='word_1_834' title='bbox 2895 5305 2997 5357; x_wconf 84' lang='grc' dir='ltr'><strong>οὐκ</strong></span> <span class='ocrx_word' id='word_1_835' title='bbox 3026 5300 3266 5373; x_wconf 78' lang='grc' dir='ltr'><strong>ἠρκέσθη</strong></span> <span class='ocrx_word' id='word_1_836' title='bbox 3297 5300 3355 5351; x_wconf 82' lang='grc' dir='ltr'><strong>τὸ</strong></span> <span class='ocrx_word' id='word_1_837' title='bbox 3412 5299 3531 5349; x_wconf 79' lang='grc' dir='ltr'><strong>τότε</strong></span> <span class='ocrx_word' id='word_1_838' title='bbox 3581 5295 3740 5364; x_wconf 88' lang='grc' dir='ltr'><strong>μόνον</strong></span> <span class='ocrx_word' id='word_1_839' title='bbox 3791 5308 4023 5360; x_wconf 86' lang='grc' dir='ltr'><strong>γεγενη-</strong></span> 
     </span>
    </p>
   </div>
   <div class='ocr_carea' id='block_1_116' title="bbox 2470 5384 4023 5474">
    <p class='ocr_par' dir='ltr' id='par_1_116' title="bbox 2470 5384 4023 5474">
     <span class='ocr_line' id='line_1_116' title="bbox 2470 5384 4023 5474; baseline -0.015 -17"><span class='ocrx_word' id='word_1_840' title='bbox 2470 5407 2629 5474; x_wconf 82' lang='grc' dir='ltr'><strong>μένον</strong></span> <span class='ocrx_word' id='word_1_841' title='bbox 2670 5402 2809 5455; x_wconf 84' lang='grc' dir='ltr'><strong>κατά</strong></span> <span class='ocrx_word' id='word_1_842' title='bbox 2842 5398 2947 5452; x_wconf 85' lang='grc' dir='ltr'><strong>τῶν</strong></span> <span class='ocrx_word' id='word_1_843' title='bbox 2975 5395 3186 5452; x_wconf 84' lang='grc' dir='ltr'><strong>ἀσεϐῶν</strong></span> <span class='ocrx_word' id='word_1_844' title='bbox 3224 5395 3428 5455; x_wconf 79' lang='grc' dir='ltr'><strong>εἰπεῖν,</strong></span> <span class='ocrx_word' id='word_1_845' title='bbox 3465 5390 3601 5453; x_wconf 80' lang='grc' dir='ltr'><strong>ἀλλ’,</strong></span> <span class='ocrx_word' id='word_1_846' title='bbox 3648 5387 3722 5448; x_wconf 88' lang='grc' dir='ltr'><strong>ὼς</strong></span> <span class='ocrx_word' id='word_1_847' title='bbox 3763 5386 3931 5474; x_wconf 74' lang='grc' dir='ltr'><strong>ἔοικε,</strong></span> <span class='ocrx_word' id='word_1_848' title='bbox 3962 5384 4023 5434; x_wconf 82' lang='grc' dir='ltr'><strong>τὸ</strong></span> 
     </span>
    </p>
   </div>
   <div class='ocr_carea' id='block_1_117' title="bbox 2465 5473 4022 5577">
    <p class='ocr_par' dir='ltr' id='par_1_117' title="bbox 2465 5473 4022 5566">
     <span class='ocr_line' id='line_1_117' title="bbox 2465 5473 4022 5566; baseline -0.015 -15"><span class='ocrx_word' id='word_1_849' title='bbox 2465 5473 2813 5566; x_wconf 82' lang='grc' dir='ltr'><strong>ἀναίσχυντον</strong></span> <span class='ocrx_word' id='word_1_850' title='bbox 2841 5492 3017 5546; x_wconf 77' lang='grc' dir='ltr'><strong>αὐτῶν</strong></span> <span class='ocrx_word' id='word_1_851' title='bbox 3044 5488 3327 5561; x_wconf 84' lang='grc' dir='ltr'><strong>προειδὼς,</strong></span> <span class='ocrx_word' id='word_1_852' title='bbox 3357 5488 3451 5540; x_wconf 77' lang='grc' dir='ltr'><strong>καὶ</strong></span> <span class='ocrx_word' id='word_1_853' title='bbox 3481 5487 3577 5554; x_wconf 79' lang='grc' dir='ltr'><strong>τὴν</strong></span> <span class='ocrx_word' id='word_1_854' title='bbox 3630 5483 3849 5540; x_wconf 77' lang='grc' dir='ltr'><strong>ΙἈνναν,</strong></span> <span class='ocrx_word' id='word_1_855' title='bbox 3880 5473 3950 5549; x_wconf 80' lang='grc' dir='ltr'><strong>ἦς</strong></span> <span class='ocrx_word' id='word_1_856' title='bbox 3987 5477 4022 5545; x_wconf 83' lang='grc' dir='ltr'><strong>ὴ</strong></span> 
     </span>
    </p>
   </div>
   <div class='ocr_carea' id='block_1_118' title="bbox 2466 5570 4022 5661">
    <p class='ocr_par' dir='ltr' id='par_1_118' title="bbox 2466 5570 4022 5661">
     <span class='ocr_line' id='line_1_118' title="bbox 2466 5570 4022 5661; baseline -0.026 -4"><span class='ocrx_word' id='word_1_857' title='bbox 2466 5590 2607 5661; x_wconf 79' lang='grc' dir='ltr'><strong>φυλὴ</strong></span> <span class='ocrx_word' id='word_1_858' title='bbox 2641 5590 2727 5643; x_wconf 79' lang='grc' dir='ltr'><strong>τὸν</strong></span> <span class='ocrx_word' id='word_1_859' title='bbox 2766 5586 2930 5656; x_wconf 77' lang='grc' dir='ltr'><strong>’Δσὴρ</strong></span> <span class='ocrx_word' id='word_1_860' title='bbox 2957 5584 3192 5655; x_wconf 84' lang='grc' dir='ltr'><strong>ἀρχηγὸν</strong></span> <span class='ocrx_word' id='word_1_861' title='bbox 3247 5575 3379 5651; x_wconf 78' lang='grc' dir='ltr'><strong>εἶχε,</strong></span> <span class='ocrx_word' id='word_1_862' title='bbox 3440 5570 3834 5647; x_wconf 82' lang='grc' dir='ltr'><strong>συμπαροῦσάν</strong></span> <span class='ocrx_word' id='word_1_863' title='bbox 3859 5584 3921 5623; x_wconf 85' lang='grc' dir='ltr'><strong>τε</strong></span> <span class='ocrx_word' id='word_1_864' title='bbox 3948 5570 4022 5635; x_wconf 80' lang='grc' dir='ltr'><strong>τῷ</strong></span> 
     </span>
    </p>
   </div>
   <div class='ocr_carea' id='block_1_119' title="bbox 2092 5794 2531 5861">
    <p class='ocr_par' dir='ltr' id='par_1_119' title="bbox 2092 5794 2531 5861">
     <span class='ocr_line' id='line_1_119' title="bbox 2092 5794 2531 5861; baseline -0.018 -7"><span class='ocrx_word' id='word_1_865' title='bbox 2092 5797 2133 5829; x_wconf 73' lang='grc'><strong>⁷⁸</strong></span> <span class='ocrx_word' id='word_1_866' title='bbox 2158 5796 2288 5855; x_wconf 80' lang='lat' dir='ltr'><strong>ibid.</strong></span> <span class='ocrx_word' id='word_1_867' title='bbox 2325 5795 2412 5861; x_wconf 79' lang='grc' dir='ltr'><strong>Ἠ,</strong></span> <span class='ocrx_word' id='word_1_868' title='bbox 2447 5794 2531 5848; x_wconf 76' lang='grc'><strong>75.</strong></span> 
     </span>
    </p>
   </div>
  </div>
