4222 6432
245 423 349 489 117

1292 432 1586 493 CONTRA
1625 432 2079 494 MANICHEOS
2110 433 2337 493 LIBER
2374 434 2431 493 ΙΙ

3356 430 3459 496 118

242 540 548 611 πρεσϐύτῃ,
575 544 664 596 καὶ
684 542 1148 613 ἁνθομολογοῦσαν
1183 547 1262 617 τῷ
1285 550 1495 620 Κυρίῳ,
1542 550 1638 603 καὶ
1668 553 1795 620 περὶ
1821 551 1873 609 Α
1898 551 1909 604 i

1794 551 1873 609 ηΑ
1898 551 2089 619 inquit,
2120 551 2472 619 quarebatis.’
2506 549 2689 603 Nonne
2738 547 2977 601 sciebatis
3025 563 3106 601 me
3147 548 3204 600 in
3238 548 3303 602 iis
3345 566 3461 618 qua

241 629 340 682 «οὗ
374 632 551 683 κοινοῦ
590 633 858 685 Δεσπὸτου
875 635 943 685 τὰ
976 636 1066 687 ίσα
1093 637 1184 687 καὶ
1211 638 1369 705 ὃμοια
1426 639 1799 707 προφητεύου-

244 739 347 773 σαν
370 724 702 792 παραδίδωσι
740 726 827 779 διὰ
852 727 947 793 τῆς
973 728 1119 798 ἱερᾶς
1148 730 1411 798 ἱστορίας.
1444 732 1553 783 Καὶ
1581 734 1640 783 τὸ
1664 732 1802 799 μετὰ

240 810 417 862 ταῦτα
458 812 514 863 δὲ
543 815 764 880 γεγονὸς
797 814 1020 884 ὕστερον
1067 819 1266 884 πολλὴν
1316 819 1428 887 ἔχει
1481 821 1580 888 τὴν
1612 820 1801 891 ῥώμην

242 902 479 968 ἐκκόψαι
510 904 603 953 καὶ
634 904 967 956 ταπεινῶσαι
1002 907 1109 959 τῶν
1164 908 1260 975 τὴν
1297 911 1466 979 ὀφρὺν
1518 912 1656 963 κατὰ
1703 913 1800 978 τῆς

242 989 399 1053 θείας
431 992 587 1060 δόξης
614 995 970 1062 ἐπαιρόντων.
1003 997 1347 1061 Συνανιόντος
1372 1002 1477 1071 γὰρ
1500 1004 1577 1065 είς
1600 1005 1666 1055 τὰ
1710 1005 1802 1056 Ἰε-

243 1084 518 1151 ροσόλυμα
553 1087 616 1152 τῇ
652 1087 792 1138 κατὰ
817 1088 997 1155 σάρκα
1034 1090 1297 1161 Παρθένῳ
1350 1094 1553 1163 Μητρὶ,
1587 1096 1680 1146 καὶ
1725 1096 1802 1167 τῷ

241 1175 587 1243 νομιζομένῳ
618 1179 787 1246 πατρὶ
824 1180 917 1230 τοῦ
955 1180 1148 1245 Ἰησοῦ,
1176 1185 1269 1234 καὶ
1297 1185 1678 1249 τελεσθέντων,
1707 1189 1805 1241 ὅσα

240 1267 309 1316 τὰ
342 1268 463 1333 ἱερὰ
492 1267 661 1334 Λόγια
678 1268 844 1335 λέγει.
883 1266 1012 1322 Εἶτα
1033 1273 1128 1325 καὶ
1176 1272 1232 1325 ὲν
1261 1274 1338 1343 τῷ
1385 1274 1805 1345 ἀνακομίζεσθαι

242 1354 427 1408 οἴκαδε
463 1356 558 1408 τοῦ
584 1359 771 1421 παιδὸς
805 1361 899 1413 τοῦ
924 1363 1209 1432 παρόντος,
1243 1367 1335 1418 καὶ
1383 1366 1470 1418 διὰ
1517 1367 1674 1419 τοῦτο
1708 1370 1806 1437 τῆς

245 1449 387 1501 κατὰ
447 1450 623 1514 σάρκα
666 1451 874 1520 μητρὸς
922 1454 1145 1505 καὶτοῦ
1202 1455 1554 1524 νομιζομένου
1607 1460 1807 1527 πατρὸς

245 1537 645 1606 ἀπορουμένων
671 1556 730 1591 τε
764 1543 858 1593 καὶ
896 1543 987 1594 τὸν
1035 1543 1364 1612 ποθούμενον
1418 1547 1742 1614 ζητούντων,
1780 1551 1807 1601 6

248 1627 467 1678 πάντων
499 1629 595 1696 μὲν
628 1632 874 1700 ποιητὴς,
900 1633 986 1685 διὰ
1011 1634 1066 1686 δὲ
1102 1634 1508 1704 φιλανθρωπίαν
1540 1639 1806 1708 παρθένου

246 1718 396 1780 παῖς,
430 1717 490 1770 Τί
516 1718 624 1782 ὅτι,
656 1724 840 1789 φησὶν,
892 1722 1143 1790 ἐζητεῖτέ
1164 1742 1240 1793 με
1265 1744 1283 1790 ;
1317 1729 1434 1780 Οὐκ
1464 1728 1679 1795 ᾔδειτε,
1720 1731 1810 1782 ὅτι

245 1808 314 1857 ἐν
349 1807 474 1871 τοῖς
510 1809 619 1861 τοῦ
648 1814 876 1879 Πατρός
903 1833 1020 1882 μου
1051 1816 1146 1868 δεῖ
1187 1814 1340 1870 εἶναι
1374 1837 1485 1887 με;
1515 1822 1693 1874 ἐκεῖνο
1749 1823 1810 1874 τὸ

1907 643 2086 696 Patris
2117 645 2217 695 mei
2246 651 2385 705 sunt,
2410 656 2518 693 esse
2547 641 2726 692 debere
2754 639 2797 670 "
2822 636 3010 691 Hdem
3040 637 3168 691 illud
3198 639 3458 708 templum

1908 732 2079 787 Patris
2113 735 2193 787 sui
2217 748 2436 791 vocans,
2465 731 2608 800 quod
2639 730 2972 799 perditorum
3012 744 3105 783 ora
3155 730 3279 783 mali
3310 732 3461 799 priu-

1907 826 2031 893 cipii
2062 825 2228 877 altare
2262 824 2463 889 injuste
2492 821 2795 873 nominant.
2822 820 3102 884 Quomodo
3130 835 3256 872 vero
3284 820 3459 873 haere-

1909 914 2139 967 ticorum
2166 914 2479 966 temulentia
2514 912 2674 964 alium
2709 912 2827 964 cmli
2857 920 2909 963 et
2942 920 3096 964 terrae
3124 910 3456 964 conditorem

1909 1009 2213 1078 petulanter
2240 1008 2412 1076 ﬁngit,
2445 1021 2563 1058 cum
2598 1004 2851 1058 Servator
2878 1013 3063 1067 noster
3093 1003 3228 1071 ipse,
3267 1002 3459 1071 spiritu

1909 1102 2182 1155 exsultans
2211 1140 2226 1160 ,
2279 1099 2533 1153 ineﬂahili
2567 1107 2619 1151 et
2663 1096 3195 1164 incomprehensibili
3228 1095 3458 1163 quadam

1912 1191 2253 1245 confessione
2292 1191 2521 1243 clamat:
2551 1188 2812 1255 Conﬁteor
2838 1186 2951 1251 tibi,
2991 1186 3150 1239 Pater
3176 1225 3190 1248 ,
3242 1187 3463 1239 Domine

1912 1284 2023 1337 caeli
2058 1292 2104 1335 et
2140 1298 2309 1347 teme,
2340 1284 2475 1351 quod
2504 1281 2813 1334 abscondisti
2840 1284 2945 1333 haec
2968 1279 3287 1347 sapientibus
3312 1289 3358 1331 et
3382 1280 3464 1331 in-

1913 1375 2279 1444 telligenlibus,
2325 1384 2373 1428 et
2424 1376 2707 1443 infantibus
2761 1376 2862 1425 ista
2896 1374 3135 1426 revelasti
3182 1374 3248 1425 ⁷¹,
3281 1372 3462 1434 Pater,

1916 1470 2129 1522 Domine
2160 1470 2272 1522 coeli
2304 1478 2349 1521 et
2382 1477 2553 1524 teme.
2589 1466 2855 1535 genuinus
2887 1466 3027 1518 ﬁlius
3054 1466 3267 1526 clamat,
3300 1465 3465 1517 scele-

1913 1573 2025 1613 rata
2058 1576 2182 1613 vero
2206 1561 2320 1613 haec
2350 1559 2654 1615 hominum.
2680 1558 3008 1624 impietatem
3032 1571 3244 1608 omnem
3272 1569 3463 1606 recon-

1913 1651 2176 1708 dentium.
2205 1650 2360 1702 turba
2390 1647 2661 1701 Servatori
2688 1647 3015 1713 obloquitur,
3045 1655 3098 1699 et
3126 1646 3246 1700 caeli
3279 1655 3466 1699 terra:-

1913 1755 2017 1808 que
2043 1739 2319 1793 dominum
2352 1737 2634 1791 Beelzebul
2660 1745 2831 1790 vocat.
2872 1737 2927 1789 Si
2950 1752 3074 1789 vero
3096 1745 3214 1789 erat
3244 1753 3270 1788 a
3301 1736 3465 1797 malo,

1916 1830 2190 1898 quomodo
2209 1828 2339 1897 legis
2365 1830 2615 1898 gratiosa;
2642 1838 2835 1881 auctor
2853 1829 3217 1898 lcgisperitum
3248 1836 3466 1879 tentan-

251 1898 395 1965 ἱερὸν
428 1901 501 1967 (9)
524 1901 619 1953 τοῦ
650 1906 857 1972 Πατρὸς
884 1903 1019 1959 εἶναι
1053 1909 1253 1971 καλῶν,
1281 1910 1309 1962 ὃ
1334 1912 1393 1962 τὸ
1416 1912 1514 1979 τῆς
1534 1912 1808 1975 ἀπωλείας
1843 1896 1880 1951 Β
1912 1929 1918 1972 l

1796 1931 1808 1975 :
1843 1896 1880 1951 Β
1912 1929 2014 1972 tem
2047 1921 2243 1987 ipsum,
2278 1929 2329 1971 et
2354 1921 2517 1971 vitam
2547 1929 2802 1972 aeternam
2838 1933 3075 1987 quaarere
3100 1918 3463 1975 simulantem,

247 1988 425 2055 στόμα
481 1992 577 2058 τῆς
642 1996 886 2061 πονηρᾶς
931 1997 1104 2066 ἀρχῆς
1164 1999 1544 2069 θυσιαστήριον
1603 2001 1807 2070 δυσφη-
1902 2025 1914 2061 ι

1799 2029 1807 2039 ·
1902 2010 1967 2062 ad
1986 2010 2153 2078 legem
2179 2009 2510 2076 tauquamad
2534 2010 2783 2062 eximiam
2802 2009 3121 2062 medicinam
3139 2006 3466 2067 amandat,et

249 2080 359 2168 μεῖ.
398 2078 560 2132 Ἀλλὰ
609 2084 724 2145 πῶς
759 2086 789 2152 ή
829 2086 1080 2157 αἱρετικὴ
1128 2089 1264 2158 μέθη
1312 2091 1541 2159 οὐρανοῦ
1580 2093 1805 2161 καὶτῆς
1902 2101 1916 2154 i

1800 2111 1805 2146 ε
1902 2101 1974 2154 ibi
1993 2109 2047 2153 ut
2071 2099 2352 2168 quaesitum
2379 2099 2665 2161 inveniret,
2686 2098 3020 2151 adhortatur?
3041 2098 3284 2165 Cumque
3307 2095 3467 2165 legis-

244 2167 405 2268 ἄλλον
442 2174 769 2238 παροινοῦσα
804 2176 949 2243 λέγει
972 2179 1321 2249 δημιουργὸν,
1353 2184 1517 2235 αὑτοῦ
1547 2185 1639 2238 τοῦ
1693 2187 1803 2238 Σω-
1902 2207 1911 2259 ι

1790 2215 1803 2225 -
1902 2167 2224 2259 peritusduo
2241 2189 2409 2258 prima
2426 2198 2689 2256 praecepta
2719 2188 2907 2241 iisdem
2940 2185 3457 2254 verbisrepetiisset,

243 2264 409 2325 τῆρος
456 2264 616 2331 ἡμῶν
662 2268 718 2317 ὲν
763 2268 1077 2334 ἀγαλλιάσει
1109 2288 1168 2322 τε
1231 2272 1540 2341 πνεύματος
1600 2277 1803 2343 καὶτῷ
1900 2298 1910 2333 ι

1801 2305 1803 2320 ι
1900 2296 2024 2335 eum
2069 2281 2207 2334 bene
2257 2280 2602 2347 respondisse
2637 2278 2846 2332 Veritas
2876 2280 2987 2347 ipsa
3020 2276 3132 2339 ait,
3164 2286 3220 2329 et
3246 2276 3313 2329 de
3359 2274 3468 2328 vita

244 2349 471 2419 ἀρρήτῳ
500 2356 591 2405 καὶ
621 2358 956 2427 ἁνεπινοήτῳ
976 2362 1073 2430 τῆς
1099 2362 1537 2433 ἐξομολογήσεως
1556 2369 1798 2438 ἁνακρά-
1907 2391 1911 2424 :

1907 2383 2126 2435 aeterna,
2164 2371 2207 2425 si
2232 2371 2525 2424 secundum
2546 2385 2609 2423 ea
2639 2368 2867 2429 viveret,
2895 2376 3101 2421 certum
3148 2379 3267 2419 esse
3288 2362 3466 2433 jussit.

244 2438 432 2542 {own-3
460 2458 473 2471 '
536 2444 1029 2517 Ἐξομολογοῦμαί
1056 2468 1173 2512 σοι,
1209 2454 1424 2522 Πάτερ,
1488 2460 1661 2525 Κύριε
1694 2460 1799 2513 τοῦ
1848 2462 2103 2531 οὐραγοῦ
2132 2462 2227 2513 καὶ
2279 2460 2386 2527 τῆς
2408 2460 2531 2529 -γῆς
2566 2500 2579 2521 ,
2616 2460 2702 2512 ὅτι
2749 2460 3102 2527 ἀπέκρυψας
3132 2457 3316 2509 ταῦτα
3354 2453 3471 2507 ἀπὸ

245 2548 458 2638 (ξοφφν
489 2541 910 2638 καὶ-συνετῶν,
941 2548 1038 2599 καί
1085 2550 1480 2620 ἀπεκάλυψας
1534 2558 1684 2610 αὐτὰ
1742 2564 1971 2627 νηπίοις
2001 2577 2019 2623 ;
2054 2559 2264 2626 Πάτερ,
2329 2559 2503 2624 Κύριε
2557 2558 2661 2610 τοῦ
2717 2556 2972 2624 οὐρανοῦ
3029 2556 3127 2608 καί
3183 2553 3292 2619 τῆς
3338 2549 3468 2619 τῆς.

244 2628 274 2676 ὁ
300 2628 522 2726 γνήσιος
548 2635 663 2726 υἱὸς
688 2635 803 2705 βοᾷ,
832 2641 923 2690 καὶ
955 2640 1015 2691 τὸ
1049 2643 1226 2695 πᾶσαν
1270 2646 1523 2700 ἀσέϐειαν
1588 2652 1936 2723 ἀποκρύπτον
1996 2655 2161 2723 μῦσος
2186 2651 2601 2719 ἀντιφθέγγεται
2636 2649 2709 2717 τῷ
2736 2650 2978 2718 Σωτῆρι,
3012 2649 3104 2700 καὶ
3168 2645 3259 2698 τοῦ
3314 2644 3471 2712 οὐρα-

249 2722 341 2819 νοῦ
384 2722 478 2819 καὶ
508 2724 606 2791 τῆς
629 2730 727 2795 γῆς
760 2730 941 2799 κύριον
971 2733 1058 2785 τὸν
1082 2735 1409 2799 Βεελζεὸοὺλ
1438 2742 1707 2810 ὀνομάζει.
1737 2722 1802 2798 Et
1840 2749 1897 2800 δὲ
1922 2751 1949 2800 6
1973 2722 2133 2815 νόμος
2157 2742 2225 2815 ἦν
2253 2745 2346 2797 τοῦ
2402 2743 2663 2813 Ποκιηροῦ,
2711 2742 2825 2802 πῶς
2874 2742 3032 2793 πάλιν
3102 2742 3131 2793 6
3182 2735 3472 2806 νομοθέτης

250 2827 353 2908 της
376 2816 599 2882 χάριτος
614 2820 701 2871 τὸν
730 2823 1123 2894 ὲκπειράζοντα
1145 2831 1386 2899 νομικὸν,
1414 2835 1505 2885 καὶ
1528 2836 1622 2905 τὴν
1658 2835 1802 2899 ζωὴν
1842 2839 1940 2908 τὴν
1966 2839 2182 2892 αἰώνιον
2217 2837 2637 2904 ὑποκρινόμενον
2671 2834 2869 2902 ζητεῖν,
2899 2834 2971 2893 ὡς
3004 2834 3081 2894 είς
3140 2831 3281 2900 μέγα
3338 2826 3474 2895 [αμα

252 2907 345 2958 τὸν
376 2909 541 2976 νόμον
567 2916 944 2984 παραπέμπει,
1006 2922 1255 2975 κάκεῖθεν
1326 2928 1503 2996 εὑρεῖν
1568 2931 1628 2982 τὸ
1670 2907 1999 3000 ζητούμενον
2058 2932 2387 2995 ὑποϐάλλει;
2453 2929 2557 2981 Τοῦ
2604 2928 2827 2998 νομικοῦ
2852 2928 2907 2979 δὲ
2954 2927 3050 2989 τὰς
3111 2927 3201 2977 δύο
3251 2921 3471 2993 πρώτας

254 3000 439 3094 αὐτοῖς
478 3004 683 3071 ῥήμασι
711 3006 1006 3071 διελθόντος
1045 3014 1282 3081 ἐντολὰς,
1338 3019 1514 3081 καλῶς
1554 3038 1612 3073 τε
1650 3024 1810 3075 αὑτὸν
1847 3024 2211 3094 ἀποκριθῆναι
2257 3021 2506 3091 Ἀλήθεια
2529 3020 2653 3089 ἔφη,
2686 3021 2801 3084 καὶ,
2857 3021 2904 3072 εί
2936 3020 3074 3071 κατὰ
3138 3016 3339 3076 ταύτας
3372 3030 3468 3063 πο-

255 3089 541 3155 λιτεύοιτο,
567 3097 664 3165 τὴν
687 3098 902 3153 αίώνιον
932 3102 1074 3172 ζωὴν
1092 3107 1469 3178 κληρονομεῖν.

330 3186 434 3237 1Γ’.
457 3187 597 3256 Ὅρα
627 3191 683 3241 δὲ
714 3194 805 3244 καὶ
835 3194 891 3259 ἐξ
916 3195 1090 3249 ἄλλων
1117 3200 1213 3266 τὴν
1235 3202 1505 3270 ἰσοτιμίαν
1527 3203 1620 3256 τοῦ
1650 3205 1812 3273 νόμον
1842 3205 1885 3263 C
1987 3199 1997 3251 ἶ

1809 3229 1812 3248 .
1842 3205 1885 3263 c
1987 3197 2125 3251 XIII.
2160 3196 2240 3251 Tu
2271 3210 2400 3250 vero
2428 3210 2492 3249 ex
2524 3195 2643 3248 aliis
2692 3208 2907 3263 quoque
2943 3193 3204 3260 aequalem
3261 3192 3392 3263 legis
3421 3202 3476 3247 et

256 3275 357 3326 καὶ
382 3279 483 3343 τῆς
506 3280 727 3346 χάριτος
758 3284 887 3351 (10),
920 3284 1007 3337 ἵνα
1033 3288 1171 3356 γνῷς
1188 3290 1268 3340 ὅτι
1299 3292 1458 3353 αὐτός
1482 3294 1628 3345 ἐστιν
1663 3296 1691 3345 6
1720 3293 1817 3359 τῆς

258 3367 501 3429 παλαιᾶς
525 3372 617 3421 καὶ
650 3372 749 3440 τῆς
778 3374 900 3437 νέας
922 3375 1186 3445 διαθήκης
1232 3381 1551 3449 νομοθέτης.
1599 3384 1813 3449 Ἀμὴν.

258 3455 445 3520 ἀμὴν,
482 3458 634 3526 λέγω
664 3461 824 3529 ὐμῖκ,
859 3466 889 3515 d
918 3466 1173 3531 οὐρανὸς
1209 3469 1305 3520 καί
1350 3472 1387 3535 ἡ
1417 3469 1491 3537 γῆ
1534 3473 1820 3537 παρελεύο

258 3562 451 3608 σεται,
479 3551 531 3600 ol
575 3549 641 3601 δὲ
680 3554 845 3620 λόγοι
863 3572 980 3620 μου
1011 3559 1081 3608 οὐ
1117 3558 1200 3625 μὴ
1247 3561 1603 3625 παρέλθωσι.
1652 3563 1820 3615 Τοῦτο

258 3639 359 3700 τῆς
408 3640 627 3706 χάριτος
648 3658 659 3669 ο
690 3644 788 3712 ὅρα
810 3646 864 3696 δὲ
893 3649 986 3698 καὶ
1032 3648 1124 3699 τοῦ
1148 3649 1312 3716 νόμου
1347 3667 1360 3680 °
1398 3652 1820 3718 Εὑκοπώτερόν

260 3729 395 3779 ἐστι
426 3736 529 3780 ταῖν
557 3736 816 3798 οὐρανὸν
848 3739 943 3789 καὶ
975 3737 1088 3805 τὴν
1115 3739 1230 3805 γῆν
1259 3743 1594 3807 παρελθεῖν,
1616 3745 1652 3809 ἣ
1676 3745 1820 3810 μίαν

262 3820 510 3884 κεραίαν
531 3821 635 3873 τοῦ
658 3824 844 3890 νόμου
866 3826 1173 3880 διαπεσεῖν
1224 3825 1373 3891 Εἶδες
1407 3832 1520 3893 πῶς
1558 3832 1586 3882 6
1634 3834 1821 3903 Σωτὴρ

262 3910 445 3977 ἡμῶν,
488 3912 586 3978 τῆς
607 3915 939 3980 ἀποστασεας
963 3919 1022 3969 τὸ
1063 3920 1259 3988 θράσος
1292 3922 1573 3989 προειδὼς.
1634 3924 1701 3975 τὰ
1733 3926 1820 3977 {aa

265 4000 419 4066 νέμει
442 4000 577 4066 γέρα
606 4006 695 4054 καὶ
718 4006 777 4055 τὸ
794 4006 946 4068 κλέος
964 4011 1025 4075 τῇ
1049 4026 1107 4058 τε
1128 4010 1335 4078 Παλαιᾷ
1353 4012 1446 4063 καὶ
1462 4015 1526 4080 τῇ
1562 4013 1673 4082 Νέᾳ
1694 4017 1818 4066 Δια-

266 4091 439 4160 θήκῃς
475 4094 646 4145 καίτοι
700 4098 845 4160 γεέν
899 4099 1108 4160 πολλοῖς
1162 4102 1337 4170 πολλῷ
1366 4104 1584 4170 προέχει
1626 4105 1691 4154 τα
1726 4106 1821 4171 τῆς

267 4181 510 4248 χάριτος.
547 4183 891 4250 Παιδαγωγὸς
917 4188 1025 4257 γὰρ
1055 4184 1120 4258 ἦν
1153 4191 1355 4253 ἐκεῖνος
1393 4191 1498 4243 τῶν
1530 4195 1587 4243 ἐν
1616 4196 1680 4260 τῇ
1718 4195 1819 4260 χά-

270 4288 399 4340 ριτι.
451 4272 587 4324 Ἀλλ’
647 4275 730 4326 ἵνα
774 4277 920 4346 δείξῃ
968 4280 1057 4330 τὸν
1092 4282 1253 4332 αὑτὸν
1305 4284 1487 4336 ἐκεῖνά
1540 4302 1597 4335 τε
1634 4285 1722 4336 καὶ
1756 4284 1822 4335 τὰ

269 4359 511 4426 παρόντα
544 4364 683 4415 κατὰ
741 4365 993 4435 διάφορον
1026 4371 1118 4420 καὶ
1173 4371 1478 4441 ἀπόρρητον
1508 4374 1822 4441 οἰκονομίας

269 4451 627 4519 νομοθετῆσαι
656 4454 874 4523 τρόπον.
907 4461 1023 4518 ταῖς
1074 4460 1261 4524 αὑταῖς
1308 4463 1399 4514 καὶ
1442 4461 1582 4525 ἴσαις
1621 4467 1821 4531 φωναῖς

1917 3292 2103 3358 gratia:
2128 3303 2222 3341 seu
2252 3286 2527 3355 Evangelii
2574 3286 2889 3355 dignitatem
2947 3284 3175 3342 aestima.
3214 3293 3272 3337 ut
3336 3287 3475 3337 scias

1918 3380 2167 3433 eumdem
2185 3394 2304 3433 esse
2331 3390 2385 3433 et
2406 3378 2603 3431 veteris
2628 3386 2682 3431 et
2710 3378 2833 3430 novi
2867 3380 3174 3430 testamenti
3206 3377 3478 3446 legislato-

1918 3487 2053 3525 rem.
2088 3472 2265 3531 Amen.
2293 3487 2465 3532 amen,
2497 3470 2612 3521 dico
2633 3469 2800 3521 vobis:
2831 3469 3015 3520 certum
3043 3478 3088 3521 et
3118 3480 3257 3521 terra
3287 3471 3480 3521 transi-

1919 3565 2009 3624 bit,
2029 3564 2183 3614 verba
2201 3578 2318 3614 vero
2336 3578 2447 3612 mea
2468 3577 2568 3613 non
2587 3561 2878 3612 transibunt
2898 3560 2960 3610 ⁷³.
2978 3558 3087 3611 Hoc
3104 3560 3165 3611 ad
3181 3560 3478 3611 doctrinam

1919 3653 1985 3706 de
2001 3652 2167 3721 gratia
2187 3652 2441 3719 pertinet.
2466 3650 2597 3703 Vide
2620 3664 2748 3702 vero
2771 3650 2947 3702 simile
2970 3649 3035 3700 de
3054 3648 3166 3716 lege
3192 3666 3203 3698 :
3245 3646 3481 3699 Facilius

1922 3755 2015 3808 est,
2044 3744 2224 3797 malum
2261 3753 2308 3796 et
2340 3753 2533 3795 terram
2580 3741 2841 3801 transire,
2879 3756 3037 3807 quam
3084 3754 3245 3790 unum
3282 3740 3478 3806 apicem

1927 3837 2051 3906 legis
2092 3838 2145 3888 in
2185 3846 2377 3887 terram
2404 3836 2589 3885 cudere
2634 3833 2695 3883 “.
2754 3830 2918 3883 Vides
2967 3830 3240 3897 quomodo
3287 3830 3481 3881 Serva-

1921 3940 2004 3980 tor
2050 3936 2274 3987 uoster,
2336 3923 2671 3977 defectorum
2725 3920 3067 3973 insolentiam
3122 3921 3423 3987 pra-videns
3460 3961 3473 3981 ,

1921 4015 2176 4084 aequalem
2244 4015 2553 4082 dignitatem
2612 4021 2666 4063 et
2730 4012 2953 4078 gloriam
3011 4012 3174 4063 veteri
3225 4020 3279 4062 et
3342 4026 3482 4063 nmo

1924 4106 2281 4158 instrumento
2314 4104 2509 4154 tribuat
2533 4141 2545 4161 ,
2578 4101 2822 4167 quamvis
2854 4100 2905 4151 in
2939 4100 3121 4151 multis
3154 4103 3318 4168 gratia
3342 4102 3477 4152 mul~

1926 4202 2035 4246 tum
2094 4200 2333 4260 praestet.
2402 4192 2507 4243 Lex
2554 4191 2696 4243 enim
2744 4190 3061 4256 paedagogus
3119 4197 3233 4241 erat
3278 4191 3478 4253 adea,

1924 4297 2040 4347 qua:
2082 4292 2207 4333 sunt
2257 4286 2459 4349 gratim.
2512 4279 2582 4332 Ut
2624 4292 2753 4331 vero
2789 4280 3101 4331 ostenderet
3145 4287 3390 4332 eumdem
3431 4290 3483 4332 et

1924 4373 2190 4440 praeterita
2228 4380 2280 4424 et
2326 4370 2605 4439 prtesentia
2634 4386 2730 4437 pro
2759 4371 2971 4423 diverso
2996 4384 3045 4423 et
3080 4371 3335 4424 iueﬂ'abili
3367 4371 3480 4424 dis-

1927 4462 2257 4531 pensationis
2296 4462 2454 4514 modo
2482 4461 2857 4522 constituisse,
2905 4460 3093 4513 iisdem
3133 4470 3185 4512 et
3215 4459 3481 4513 similibus

271 4540 400 4606 περὶ
426 4540 686 4609 ἑκατέρας
728 4546 1043 4610 νομοθεσίας
1072 4550 1357 4619 ἐχρήσατο.
1407 4550 1567 4602 Ἀλλὰ
1592 4527 1699 4619 γαρ
1730 4554 1823 4603 καὶ
1850 4527 1903 4585 D

1813 4527 1903 4603 ιῙ)
1930 4527 2217 4619 phrasibus
2257 4550 2324 4603 de
2375 4559 2599 4617 utraque
2643 4550 2977 4617 legislatioue
3010 4564 3138 4602 usus
3177 4557 3276 4602 est.
3315 4549 3387 4601 Ita
3429 4560 3480 4600 et

269 4631 415 4681 κατὰ
445 4630 553 4681 τῶν
597 4634 961 4688 ἀπειθούντων
1002 4639 1167 4690 αὑτοῦ
1217 4642 1326 4700 τοῖς
1367 4640 1654 4708 σωτηρίοις
1684 4641 1822 4693 διδά-

338 4764 382 4795 ⁵¹
419 4766 548 4821 Luc.
576 4782 635 4829 ιι,
666 4766 752 4822 49.
830 4770 875 4800 ⁷³
904 4768 1086 4822 Matth.
1127 4786 1195 4824 χι.
1232 4770 1319 4824 25.

1390 4771 1436 4802 ⁷³
1462 4770 1645 4824 Mattb.
1693 4787 1836 4833 xxw,
1863 4770 1949 4823 55.

1931 4649 2121 4693 contra
2148 4654 2241 4692 eos
2277 4657 2289 4690 :
2317 4639 2406 4707 qui
2438 4654 2544 4691 non
2577 4639 2808 4692 credunt
2829 4637 3046 4691 salutari
3074 4636 3349 4694 doctrinae.
3374 4650 3479 4687 nou

2030 4772 2068 4799 ⁷·
2103 4777 2213 4822 Luc
2270 4786 2378 4827 KH,
2422 4774 2499 4821 Η.

1345 4951 1573 5006 VARle
1614 4950 1995 5007 LECTlONES
2053 4951 2135 5005 ET
2169 4949 2385 5006 NOT:F.

351 5114 425 5181 (9)
471 5113 540 5167 T6
558 5114 735 5180 ἱερόν.
756 5111 892 5166 Hinc
920 5122 1087 5181 patet,
1117 5113 1184 5165 τὰ
1210 5114 1302 5166 τοῦ
1335 5113 1544 5182 Πατρὸς
1567 5128 1597 5166 a
1637 5123 1822 5167 nostro

276 5186 347 5239 de
380 5184 576 5251 templo
602 5183 911 5251 accipienda
944 5184 1053 5235 visa
1102 5200 1243 5243 esse,
1304 5199 1461 5251 quam
1500 5185 1822 5236 sententiam

276 5255 523 5321 plerique
554 5268 743 5306 omnes
768 5269 835 5305 ex
879 5254 1150 5305 veteribus
1180 5267 1230 5306 et
1274 5252 1666 5306 recentioribus
1694 5254 1825 5306 ado-

277 5331 622 5393 ptaut,atque
646 5338 711 5375 ex
734 5322 818 5393 his
844 5323 1175 5393 nominatim.
1204 5323 1227 5375 J
1254 5321 1496 5393 Vorstius
1520 5323 1571 5393 in
1595 5322 1817 5393 Dissert.

278 5391 414 5443 ἕνη-ν.
450 5393 542 5445 lib.
574 5408 650 5451 Ill,
691 5407 737 5445 c.
768 5392 849 5443 1‘2.
884 5392 933 5444 J.
957 5392 1296 5445 Keuchenius
1338 5391 1389 5442 in
1423 5392 1566 5443 notis
1602 5391 1663 5443 ad
1696 5392 1752 5443 Ιι.
1784 5392 1821 5444 l.

281 5463 488 5514 Ludov.
524 5462 809 5529 Cappellus
842 5462 967 5512 item
998 5460 1063 5511 ad
1093 5462 1145 5515 h.
1184 5462 1217 5513 l.
1254 5470 1305 5513 et
1338 5461 1650 5513 Lambertus
1676 5460 1821 5518 Bos..

285 5531 358 5581 De
387 5532 628 5600 mysterio
656 5532 886 5597 etlipseos
919 5529 1109 5601 ercw
1147 5532 1269 5601 ling.
1308 5530 1479 5597 Atque
1500 5530 1585 5601 illi
1614 5532 1828 5601 quidem

282 5601 338 5653 in
372 5601 637 5654 locutione
673 5604 769 5655 hac
798 5600 1025 5667 elliptica
1058 5616 1239 5654 vocem
1266 5602 1447 5659 τόποις
1497 5600 1713 5667 intelligi
1737 5615 1831 5651 voc

280 5668 420 5720 lunt.
455 5671 535 5723 Ab
560 5670 643 5722 his
679 5674 879 5723 abeunt
924 5671 1096 5737 pauci,
1136 5671 1222 5737 qui
1254 5670 1460 5738 ellipsin
1518 5684 1610 5736 per
1645 5684 1826 5721 vocem

282 5742 567 5806 πράγμασι
597 5742 924 5809 suppleutes.
960 5757 1064 5792 non
1103 5749 1206 5793 tam
1263 5740 1515 5809 templum
1550 5754 1705 5805 quam
1750 5754 1829 5790 res

281 5818 327 5859 et
364 5812 566 5876 uequtia
594 5808 769 5866 Patris
800 5811 885 5866 hic
916 5811 1067 5866 innui
1098 5811 1424 5865 existimant.
1462 5808 1660 5862 [lorum
1698 5825 1824 5861 cau-

1929 5129 2042 5168 sam
2090 5112 2197 5181 agit
2224 5110 2305 5164 .lo.
2352 5109 2670 5161 Buxtorﬁus.

1966 5176 2173 5245 11510107,.
2203 5198 2252 5249 p.
2278 5182 2374 5242 ‘29;
2405 5190 2457 5231 et
2487 5189 2607 5247 post
2632 5194 2750 5229 eum
2776 5178 2896 5249 data
2919 5191 3081 5249 Opera
3211 5177 3291 5230 Jo.
3316 5176 3476 5244 Casp.

1958 5252 2118 5321 iri-gel
2153 5246 2213 5303 in
2240 5249 2459 5321 epistola
2497 5248 2861 5321 prepomptica
2891 5249 2953 5321 ad
2988 5248 3053 5321 _c_|.
3104 5246 3477 5301 Christianum

1932 5317 2353 5388 Scliielgenium.
2384 5319 2573 5388 Lipsia:
2597 5318 2750 5377 Πιϋ,
2793 5317 2847 5368 in
2877 5318 2909 5388 fi
2939 5317 3099 5369 edita.

2006 5386 2140 5457 {10.}
2175 5390 2437 5455 Χάριτος.
2480 5386 2822 5454 Evangelium
2880 5386 3151 5457 hicrinnui
3184 5394 3238 5457 et
3284 5400 3476 5457 scapus

1933 5456 2126 5516 Photii,
2169 5469 2219 5511 et
2260 5457 2499 5525 opposita
2553 5473 2648 5507 vox
2682 5458 2841 5523 νόμος
2888 5456 3015 5510 satis
3064 5456 3280 5525 evincit.
3348 5456 3474 5525 Eam

1934 5532 2207 5582 notionem
2237 5522 2411 5579 locum
2447 5525 2642 5577 habere
2676 5526 2728 5577 in
2768 5525 2919 5577 Joan.
2952 5543 2987 5587 I,
3022 5523 3084 5577 16
3121 5545 3131 5577 :
3172 5526 3327 5592 xiva
3359 5522 3477 5575 amt

1934 5600 2150 5666 χάριτος
2229 5596 2602 5666 existimarunt
2633 5605 2915 5666 _vet_erum
2961 5664 2969 5666 _
3001 5595 3273 5666 doctorum
3360 5607 3477 5659 per-

1931 5664 2080 5720 inulti
2101 5709 2113 5729 ,
2140 5680 2274 5735 quos
2290 5665 2423 5735 ivide
2451 5664 2588 5735 apud
2621 5664 2938 5735 Catakerum
2960 5664 3011 5716 in
3035 5664 3306 5735 Adversar:
3344 5677 3475 5735 sacr.

1930 5753 1975 5789 ι’.
2002 5738 2068 5789 27
2090 5730 2173 5797 ;et‘
2200 5734 2246 5787 .l.
2274 5734 2430 5801 Cusp.
2486 5734 2765 5788 Suicerutn
2798 5734 2849 5786 in
2897 5734 3152 5787 Thesauro
3198 5730 3469 5784 ecclesiast.

1928 5822 1957 5874 p
2026 5807 2170 5860 nos.

2735 5109 2789 5162 iu
2843 5108 3123 5161 Catatectis
3175 5108 3480 5171 theologica-
