  <div class='ocr_page' id='page_1' title='image "/cluster/home/n/w/nwhite01/storage/ocr_20150623/102/nnc1.0046979620/067.png"; bbox 0 0 4222 6432; ppageno 0'>
   <div class='ocr_carea' id='block_1_1' title="bbox 778 409 876 474">
    <p class='ocr_par' dir='ltr' id='par_1_1' title="bbox 778 409 876 474">
     <span class='ocr_line' id='line_1_1' title="bbox 778 409 876 474; baseline 0.02 -2"><span class='ocrx_word' id='word_1_1' title='bbox 778 409 876 474; x_wconf 78' lang='lat'><strong>119</strong></span> 
     </span>
    </p>
   </div>
   <div class='ocr_carea' id='block_1_2' title="bbox 1885 401 2835 467">
    <p class='ocr_par' dir='ltr' id='par_1_2' title="bbox 1885 401 2835 467">
     <span class='ocr_line' id='line_1_2' title="bbox 1885 401 2835 467; baseline 0 0"><span class='ocrx_word' id='word_1_2' title='bbox 1885 405 2143 467; x_wconf 85' lang='lat' dir='ltr'><strong>PHOTII</strong></span> <span class='ocrx_word' id='word_1_3' title='bbox 2183 401 2686 464; x_wconf 68' lang='grc' dir='ltr'><strong>ΡΑΤΒΙΑΚΟΙΙίΕ</strong></span> <span class='ocrx_word' id='word_1_4' title='bbox 2726 404 2835 467; x_wconf 86' lang='lat' dir='ltr'><strong>CP.</strong></span> 
     </span>
    </p>
   </div>
   <div class='ocr_carea' id='block_1_3' title="bbox 3895 409 4002 476">
    <p class='ocr_par' dir='ltr' id='par_1_3' title="bbox 3895 409 4002 476">
     <span class='ocr_line' id='line_1_3' title="bbox 3895 409 4002 476; baseline 0.028 -3"><span class='ocrx_word' id='word_1_5' title='bbox 3895 409 4002 476; x_wconf 70' lang='grc'><strong>190</strong></span> 
     </span>
    </p>
   </div>
   <div class='ocr_carea' id='block_1_4' title="bbox 773 507 2440 584">
    <p class='ocr_par' dir='ltr' id='par_1_4' title="bbox 773 507 2440 579">
     <span class='ocr_line' id='line_1_4' title="bbox 773 507 2440 579; baseline -0.007 -2"><span class='ocrx_word' id='word_1_6' title='bbox 773 523 938 577; x_wconf 78' lang='lat' dir='ltr'><strong>alium</strong></span> <span class='ocrx_word' id='word_1_7' title='bbox 982 516 1065 571; x_wconf 99' lang='lat' dir='ltr'><strong>vel</strong></span> <span class='ocrx_word' id='word_1_8' title='bbox 1099 523 1468 570; x_wconf 75' lang='lat' dir='ltr'><strong>accusatorem</strong></span> <span class='ocrx_word' id='word_1_9' title='bbox 1506 511 1588 566; x_wconf 81' lang='lat' dir='ltr'><strong>vel</strong></span> <span class='ocrx_word' id='word_1_10' title='bbox 1626 510 1908 569; x_wconf 89' lang='lat' dir='ltr'><strong>victorem.</strong></span> <span class='ocrx_word' id='word_1_11' title='bbox 1938 525 2098 579; x_wconf 86' lang='lat' dir='ltr'><strong>quam</strong></span> <span class='ocrx_word' id='word_1_12' title='bbox 2147 507 2329 563; x_wconf 85' lang='lat' dir='ltr'><strong>Mosen</strong></span> <span class='ocrx_word' id='word_1_13' title='bbox 2359 507 2440 565; x_wconf 80' lang='lat' dir='ltr'><strong>A&#39;</strong></span> 
     </span>
    </p>
   </div>
   <div class='ocr_carea' id='block_1_5' title="bbox 2333 507 4000 584">
    <p class='ocr_par' dir='ltr' id='par_1_5' title="bbox 2359 507 4000 584">
     <span class='ocr_line' id='line_1_5' title="bbox 2359 507 4000 584; baseline 0.008 -26"><span class='ocrx_word' id='word_1_14' title='bbox 2359 507 2636 577; x_wconf 81' lang='grc' dir='ltr'>Αγμασιν</span> <span class='ocrx_word' id='word_1_15' title='bbox 2681 511 2782 562; x_wconf 76' lang='grc' dir='ltr'>οὐκ</span> <span class='ocrx_word' id='word_1_16' title='bbox 2818 507 2978 563; x_wconf 84' lang='grc' dir='ltr'>ἄλλον</span> <span class='ocrx_word' id='word_1_17' title='bbox 3031 510 3336 581; x_wconf 76' lang='grc' dir='ltr'><strong>κατήγορον</strong></span> <span class='ocrx_word' id='word_1_18' title='bbox 3391 511 3486 565; x_wconf 81' lang='grc' dir='ltr'>καὶ</span> <span class='ocrx_word' id='word_1_19' title='bbox 3525 512 3814 584; x_wconf 71' lang='grc' dir='ltr'>θρίαμϐον,</span> <span class='ocrx_word' id='word_1_20' title='bbox 3864 515 4000 572; x_wconf 70' lang='grc' dir='ltr'>άλὶὰ</span> 
     </span>
    </p>
   </div>
   <div class='ocr_carea' id='block_1_6' title="bbox 777 601 2331 671">
    <p class='ocr_par' dir='ltr' id='par_1_6' title="bbox 777 601 2331 671">
     <span class='ocr_line' id='line_1_6' title="bbox 777 601 2331 671; baseline -0.009 -5"><span class='ocrx_word' id='word_1_21' title='bbox 777 613 950 666; x_wconf 76' lang='lat' dir='ltr'><strong>all&#39;crt.</strong></span> <span class='ocrx_word' id='word_1_22' title='bbox 981 609 1060 662; x_wconf 80' lang='lat' dir='ltr'><strong>Ne</strong></span> <span class='ocrx_word' id='word_1_23' title='bbox 1089 606 1389 660; x_wconf 75' lang='lat' dir='ltr'><strong>eaistimetis</strong></span> <span class='ocrx_word' id='word_1_24' title='bbox 1414 605 1572 665; x_wconf 80' lang='lat' dir='ltr'><strong>enim,</strong></span> <span class='ocrx_word' id='word_1_25' title='bbox 1601 601 1794 670; x_wconf 91' lang='lat' dir='ltr'><strong>inquit,</strong></span> <span class='ocrx_word' id='word_1_26' title='bbox 1817 601 1954 670; x_wconf 83' lang='lat' dir='ltr'><strong>quod</strong></span> <span class='ocrx_word' id='word_1_27' title='bbox 1971 617 2062 671; x_wconf 80' lang='lat' dir='ltr'><strong>ego</strong></span> <span class='ocrx_word' id='word_1_28' title='bbox 2082 617 2168 653; x_wconf 77' lang='lat' dir='ltr'><strong>vos</strong></span> <span class='ocrx_word' id='word_1_29' title='bbox 2190 601 2331 668; x_wconf 84' lang='lat' dir='ltr'><strong>apud</strong></span> 
     </span>
    </p>
   </div>
   <div class='ocr_carea' id='block_1_7' title="bbox 781 693 2330 761">
    <p class='ocr_par' dir='ltr' id='par_1_7' title="bbox 781 693 2330 761">
     <span class='ocr_line' id='line_1_7' title="bbox 781 693 2330 761; baseline -0.007 -5"><span class='ocrx_word' id='word_1_30' title='bbox 781 704 988 757; x_wconf 83' lang='lat' dir='ltr'><strong>Patrem</strong></span> <span class='ocrx_word' id='word_1_31' title='bbox 1015 709 1350 752; x_wconf 71' lang='lat' dir='ltr'><strong>accusaturus</strong></span> <span class='ocrx_word' id='word_1_32' title='bbox 1380 713 1493 749; x_wconf 81' lang='lat' dir='ltr'><strong>sum</strong></span> <span class='ocrx_word' id='word_1_33' title='bbox 1525 698 1588 748; x_wconf 86' lang='grc'><strong>⁷⁸.</strong></span> <span class='ocrx_word' id='word_1_34' title='bbox 1622 693 1735 747; x_wconf 85' lang='lat' dir='ltr'><strong>Non</strong></span> <span class='ocrx_word' id='word_1_35' title='bbox 1771 709 1899 746; x_wconf 98' lang='lat' dir='ltr'><strong>sane</strong></span> <span class='ocrx_word' id='word_1_36' title='bbox 1925 734 1936 756; x_wconf 84' lang='lat'><strong>,</strong></span> <span class='ocrx_word' id='word_1_37' title='bbox 1965 693 2056 746; x_wconf 83' lang='lat' dir='ltr'><strong>sed</strong></span> <span class='ocrx_word' id='word_1_38' title='bbox 2089 704 2170 746; x_wconf 91' lang='lat' dir='ltr'><strong>est</strong></span> <span class='ocrx_word' id='word_1_39' title='bbox 2192 733 2204 752; x_wconf 90' lang='lat'><em>.</em></span> <span class='ocrx_word' id='word_1_40' title='bbox 2242 693 2330 761; x_wconf 90' lang='lat' dir='ltr'><strong>qui</strong></span> 
     </span>
    </p>
   </div>
   <div class='ocr_carea' id='block_1_8' title="bbox 778 785 2331 854">
    <p class='ocr_par' dir='ltr' id='par_1_8' title="bbox 778 785 2331 854">
     <span class='ocr_line' id='line_1_8' title="bbox 778 785 2331 854; baseline -0.006 -8"><span class='ocrx_word' id='word_1_41' title='bbox 778 811 870 848; x_wconf 74' lang='lat' dir='ltr'><strong>vos</strong></span> <span class='ocrx_word' id='word_1_42' title='bbox 913 802 1160 854; x_wconf 85' lang='lat' dir='ltr'><strong>accusat,</strong></span> <span class='ocrx_word' id='word_1_43' title='bbox 1201 789 1374 842; x_wconf 84' lang='lat' dir='ltr'><strong>Moses</strong></span> <span class='ocrx_word' id='word_1_44' title='bbox 1421 788 1650 849; x_wconf 85' lang='lat' dir='ltr'><strong>scilicet,</strong></span> <span class='ocrx_word' id='word_1_45' title='bbox 1702 787 1843 854; x_wconf 85' lang='lat' dir='ltr'><strong>apud</strong></span> <span class='ocrx_word' id='word_1_46' title='bbox 1885 785 2118 838; x_wconf 73' lang='lat' dir='ltr'><strong>Patrem.</strong></span> <span class='ocrx_word' id='word_1_47' title='bbox 2165 785 2331 850; x_wconf 84' lang='lat' dir='ltr'><strong>Ilujus</strong></span> 
     </span>
    </p>
   </div>
   <div class='ocr_carea' id='block_1_9' title="bbox 779 876 2330 954">
    <p class='ocr_par' dir='ltr' id='par_1_9' title="bbox 779 876 2330 954">
     <span class='ocr_line' id='line_1_9' title="bbox 779 876 2330 954; baseline -0.008 -14"><span class='ocrx_word' id='word_1_48' title='bbox 779 888 922 940; x_wconf 86' lang='lat' dir='ltr'><strong>enim</strong></span> <span class='ocrx_word' id='word_1_49' title='bbox 973 887 1114 954; x_wconf 78' lang='lat' dir='ltr'><strong>leges</strong></span> <span class='ocrx_word' id='word_1_50' title='bbox 1148 884 1260 951; x_wconf 85' lang='lat' dir='ltr'><strong>ipse</strong></span> <span class='ocrx_word' id='word_1_51' title='bbox 1299 881 1397 934; x_wconf 84' lang='lat' dir='ltr'><strong>sibi</strong></span> <span class='ocrx_word' id='word_1_52' title='bbox 1454 881 1689 932; x_wconf 90' lang='lat' dir='ltr'><strong>creditas</strong></span> <span class='ocrx_word' id='word_1_53' title='bbox 1731 893 1835 930; x_wconf 84' lang='lat' dir='ltr'><strong>una</strong></span> <span class='ocrx_word' id='word_1_54' title='bbox 1880 892 2002 929; x_wconf 89' lang='lat' dir='ltr'><strong>cum</strong></span> <span class='ocrx_word' id='word_1_55' title='bbox 2046 876 2330 945; x_wconf 79' lang='lat' dir='ltr'><strong>prophetia</strong></span> 
     </span>
    </p>
   </div>
   <div class='ocr_carea' id='block_1_10' title="bbox 779 968 2331 1036">
    <p class='ocr_par' dir='ltr' id='par_1_10' title="bbox 779 968 2331 1036">
     <span class='ocr_line' id='line_1_10' title="bbox 779 968 2331 1036; baseline -0.009 -5"><span class='ocrx_word' id='word_1_56' title='bbox 779 981 843 1031; x_wconf 89' lang='lat' dir='ltr'><strong>dc</strong></span> <span class='ocrx_word' id='word_1_57' title='bbox 871 976 1086 1030; x_wconf 84' lang='lat' dir='ltr'><strong>Christo</strong></span> <span class='ocrx_word' id='word_1_58' title='bbox 1124 983 1327 1035; x_wconf 82' lang='lat' dir='ltr'><strong>nactus,</strong></span> <span class='ocrx_word' id='word_1_59' title='bbox 1358 981 1638 1024; x_wconf 76' lang='lat' dir='ltr'><strong>accusator</strong></span> <span class='ocrx_word' id='word_1_60' title='bbox 1663 969 1884 1022; x_wconf 89' lang='lat' dir='ltr'><strong>omnino</strong></span> <span class='ocrx_word' id='word_1_61' title='bbox 1917 968 2016 1020; x_wconf 47' lang='lat' dir='ltr'><strong>[ille</strong></span> <span class='ocrx_word' id='word_1_62' title='bbox 2059 968 2250 1036; x_wconf 83' lang='lat' dir='ltr'><strong>dignus</strong></span> <span class='ocrx_word' id='word_1_63' title='bbox 2281 976 2331 1018; x_wconf 80' lang='lat' dir='ltr'><strong>ct.</strong></span> 
     </span>
    </p>
   </div>
   <div class='ocr_carea' id='block_1_11' title="bbox 781 1055 2331 1130">
    <p class='ocr_par' dir='ltr' id='par_1_11' title="bbox 781 1055 2331 1130">
     <span class='ocr_line' id='line_1_11' title="bbox 781 1055 2331 1130; baseline -0.007 -11"><span class='ocrx_word' id='word_1_64' title='bbox 781 1067 936 1120; x_wconf 82' lang='lat' dir='ltr'><strong>testis</strong></span> <span class='ocrx_word' id='word_1_65' title='bbox 975 1065 1118 1116; x_wconf 85' lang='lat' dir='ltr'><strong>omni</strong></span> <span class='ocrx_word' id='word_1_66' title='bbox 1164 1063 1479 1130; x_wconf 81' lang='lat' dir='ltr'><strong>exceptione</strong></span> <span class='ocrx_word' id='word_1_67' title='bbox 1523 1061 1695 1126; x_wconf 83' lang='lat' dir='ltr'><strong>major</strong></span> <span class='ocrx_word' id='word_1_68' title='bbox 1730 1059 1834 1111; x_wconf 89' lang='lat' dir='ltr'><strong>erit</strong></span> <span class='ocrx_word' id='word_1_69' title='bbox 1884 1066 2068 1110; x_wconf 90' lang='lat' dir='ltr'><strong>contra</strong></span> <span class='ocrx_word' id='word_1_70' title='bbox 2103 1071 2198 1110; x_wconf 89' lang='lat' dir='ltr'><strong>eos</strong></span> <span class='ocrx_word' id='word_1_71' title='bbox 2241 1055 2331 1123; x_wconf 89' lang='lat' dir='ltr'><strong>qui</strong></span> 
     </span>
    </p>
   </div>
   <div class='ocr_carea' id='block_1_12' title="bbox 780 1148 2331 1226">
    <p class='ocr_par' dir='ltr' id='par_1_12' title="bbox 780 1148 2331 1226">
     <span class='ocr_line' id='line_1_12' title="bbox 780 1148 2331 1226; baseline -0.007 -15"><span class='ocrx_word' id='word_1_72' title='bbox 780 1160 922 1226; x_wconf 76' lang='lat' dir='ltr'><strong>leges</strong></span> <span class='ocrx_word' id='word_1_73' title='bbox 943 1157 1059 1223; x_wconf 84' lang='lat' dir='ltr'><strong>ejus</strong></span> <span class='ocrx_word' id='word_1_74' title='bbox 1091 1166 1144 1208; x_wconf 88' lang='lat' dir='ltr'><strong>et</strong></span> <span class='ocrx_word' id='word_1_75' title='bbox 1169 1154 1346 1208; x_wconf 87' lang='lat' dir='ltr'><strong>colere</strong></span> <span class='ocrx_word' id='word_1_76' title='bbox 1383 1160 1438 1206; x_wconf 92' lang='lat' dir='ltr'><strong>et</strong></span> <span class='ocrx_word' id='word_1_77' title='bbox 1484 1166 1666 1204; x_wconf 89' lang='lat' dir='ltr'><strong>amare</strong></span> <span class='ocrx_word' id='word_1_78' title='bbox 1699 1151 1925 1202; x_wconf 90' lang='lat' dir='ltr'><strong>multum</strong></span> <span class='ocrx_word' id='word_1_79' title='bbox 1959 1149 2174 1216; x_wconf 85' lang='lat' dir='ltr'><strong>quidem</strong></span> <span class='ocrx_word' id='word_1_80' title='bbox 2217 1148 2331 1217; x_wconf 70' lang='lat' dir='ltr'><strong>glo-</strong></span> 
     </span>
    </p>
   </div>
   <div class='ocr_carea' id='block_1_13' title="bbox 779 1238 2332 1310">
    <p class='ocr_par' dir='ltr' id='par_1_13' title="bbox 779 1238 2332 1310">
     <span class='ocr_line' id='line_1_13' title="bbox 779 1238 2332 1310; baseline -0.006 -10"><span class='ocrx_word' id='word_1_81' title='bbox 779 1251 1005 1310; x_wconf 87' lang='lat' dir='ltr'><strong>ricntnr,</strong></span> <span class='ocrx_word' id='word_1_82' title='bbox 1049 1246 1184 1298; x_wconf 87' lang='lat' dir='ltr'><strong>nihil</strong></span> <span class='ocrx_word' id='word_1_83' title='bbox 1233 1259 1359 1298; x_wconf 88' lang='lat' dir='ltr'><strong>vero</strong></span> <span class='ocrx_word' id='word_1_84' title='bbox 1389 1257 1577 1295; x_wconf 89' lang='lat' dir='ltr'><strong>eorum</strong></span> <span class='ocrx_word' id='word_1_85' title='bbox 1627 1241 1891 1308; x_wconf 79' lang='lat' dir='ltr'><strong>recipiant</strong></span> <span class='ocrx_word' id='word_1_86' title='bbox 1937 1254 2055 1308; x_wconf 76' lang='lat' dir='ltr'><strong>qua:</strong></span> <span class='ocrx_word' id='word_1_87' title='bbox 2097 1239 2163 1291; x_wconf 91' lang='lat' dir='ltr'><strong>ab</strong></span> <span class='ocrx_word' id='word_1_88' title='bbox 2217 1238 2332 1305; x_wconf 91' lang='lat' dir='ltr'><strong>ipso</strong></span> 
     </span>
    </p>
   </div>
   <div class='ocr_carea' id='block_1_14' title="bbox 780 1331 2333 1399">
    <p class='ocr_par' dir='ltr' id='par_1_14' title="bbox 780 1331 2333 1399">
     <span class='ocr_line' id='line_1_14' title="bbox 780 1331 2333 1399; baseline -0.006 -7"><span class='ocrx_word' id='word_1_89' title='bbox 780 1343 844 1394; x_wconf 89' lang='lat' dir='ltr'><strong>de</strong></span> <span class='ocrx_word' id='word_1_90' title='bbox 877 1340 1146 1393; x_wconf 83' lang='lat' dir='ltr'><strong>communi</strong></span> <span class='ocrx_word' id='word_1_91' title='bbox 1175 1347 1358 1391; x_wconf 85' lang='lat' dir='ltr'><strong>nostro</strong></span> <span class='ocrx_word' id='word_1_92' title='bbox 1397 1335 1624 1388; x_wconf 90' lang='lat' dir='ltr'><strong>Domino</strong></span> <span class='ocrx_word' id='word_1_93' title='bbox 1660 1344 1713 1387; x_wconf 89' lang='lat' dir='ltr'><strong>et</strong></span> <span class='ocrx_word' id='word_1_94' title='bbox 1752 1332 2038 1386; x_wconf 85' lang='lat' dir='ltr'><strong>Servatore</strong></span> <span class='ocrx_word' id='word_1_95' title='bbox 2079 1331 2333 1399; x_wconf 76' lang='lat' dir='ltr'><strong>prtedicta</strong></span> 
     </span>
    </p>
   </div>
   <div class='ocr_carea' id='block_1_15' title="bbox 780 1423 2332 1501">
    <p class='ocr_par' dir='ltr' id='par_1_15' title="bbox 780 1423 2332 1501">
     <span class='ocr_line' id='line_1_15' title="bbox 780 1423 2332 1501; baseline -0.009 -15"><span class='ocrx_word' id='word_1_96' title='bbox 780 1441 933 1492; x_wconf 85' lang='lat' dir='ltr'><strong>sunt,</strong></span> <span class='ocrx_word' id='word_1_97' title='bbox 965 1433 1106 1501; x_wconf 91' lang='lat' dir='ltr'><strong>quod</strong></span> <span class='ocrx_word' id='word_1_98' title='bbox 1139 1442 1311 1482; x_wconf 88' lang='lat' dir='ltr'><strong>tamen</strong></span> <span class='ocrx_word' id='word_1_99' title='bbox 1337 1438 1389 1482; x_wconf 87' lang='lat' dir='ltr'><strong>et</strong></span> <span class='ocrx_word' id='word_1_100' title='bbox 1421 1439 1614 1497; x_wconf 87' lang='lat' dir='ltr'><strong>caput.</strong></span> <span class='ocrx_word' id='word_1_101' title='bbox 1652 1435 1705 1480; x_wconf 91' lang='lat' dir='ltr'><strong>et</strong></span> <span class='ocrx_word' id='word_1_102' title='bbox 1741 1441 1875 1494; x_wconf 84' lang='lat' dir='ltr'><strong>apex</strong></span> <span class='ocrx_word' id='word_1_103' title='bbox 1915 1435 1967 1478; x_wconf 90' lang='lat' dir='ltr'><strong>et</strong></span> <span class='ocrx_word' id='word_1_104' title='bbox 2003 1423 2217 1477; x_wconf 92' lang='lat' dir='ltr'><strong>initium</strong></span> <span class='ocrx_word' id='word_1_105' title='bbox 2248 1433 2332 1476; x_wconf 85' lang='lat' dir='ltr'><strong>to—</strong></span> 
     </span>
    </p>
   </div>
   <div class='ocr_carea' id='block_1_16' title="bbox 781 1515 2334 1592">
    <p class='ocr_par' dir='ltr' id='par_1_16' title="bbox 781 1515 2334 1592">
     <span class='ocr_line' id='line_1_16' title="bbox 781 1515 2334 1592; baseline -0.006 -16"><span class='ocrx_word' id='word_1_106' title='bbox 781 1527 887 1578; x_wconf 90' lang='lat' dir='ltr'><strong>tius</strong></span> <span class='ocrx_word' id='word_1_107' title='bbox 917 1522 1262 1592; x_wconf 66' lang='lat' dir='ltr'><strong>lc-gislationis</strong></span> <span class='ocrx_word' id='word_1_108' title='bbox 1284 1521 1400 1588; x_wconf 85' lang='lat' dir='ltr'><strong>ejus</strong></span> <span class='ocrx_word' id='word_1_109' title='bbox 1437 1527 1588 1580; x_wconf 84' lang='lat' dir='ltr'><strong>erat;</strong></span> <span class='ocrx_word' id='word_1_110' title='bbox 1638 1517 1747 1570; x_wconf 90' lang='lat' dir='ltr'><strong>imo</strong></span> <span class='ocrx_word' id='word_1_111' title='bbox 1777 1531 1873 1570; x_wconf 89' lang='lat' dir='ltr'><strong>nee</strong></span> <span class='ocrx_word' id='word_1_112' title='bbox 1900 1516 2239 1583; x_wconf 87' lang='lat' dir='ltr'><strong>correptione</strong></span> <span class='ocrx_word' id='word_1_113' title='bbox 2265 1515 2334 1567; x_wconf 93' lang='lat' dir='ltr'><strong>ob</strong></span> 
     </span>
    </p>
   </div>
   <div class='ocr_carea' id='block_1_17' title="bbox 781 1605 2333 1678">
    <p class='ocr_par' dir='ltr' id='par_1_17' title="bbox 781 1605 2333 1678">
     <span class='ocr_line' id='line_1_17' title="bbox 781 1605 2333 1678; baseline -0.009 -8"><span class='ocrx_word' id='word_1_114' title='bbox 781 1617 1136 1670; x_wconf 81' lang='lat' dir='ltr'><strong>temeritatem</strong></span> <span class='ocrx_word' id='word_1_115' title='bbox 1169 1628 1353 1666; x_wconf 84' lang='lat' dir='ltr'><strong>eorum</strong></span> <span class='ocrx_word' id='word_1_116' title='bbox 1399 1620 1452 1662; x_wconf 92' lang='lat' dir='ltr'><strong>et</strong></span> <span class='ocrx_word' id='word_1_117' title='bbox 1484 1624 1715 1678; x_wconf 81' lang='lat' dir='ltr'><strong>pugnam</strong></span> <span class='ocrx_word' id='word_1_118' title='bbox 1747 1608 2003 1661; x_wconf 84' lang='lat' dir='ltr'><strong>adversus</strong></span> <span class='ocrx_word' id='word_1_119' title='bbox 2047 1620 2170 1659; x_wconf 91' lang='lat' dir='ltr'><strong>eum</strong></span> <span class='ocrx_word' id='word_1_120' title='bbox 2193 1645 2206 1669; x_wconf 88' lang='lat'><strong>,</strong></span> <span class='ocrx_word' id='word_1_121' title='bbox 2244 1605 2333 1673; x_wconf 92' lang='lat' dir='ltr'><strong>qui</strong></span> 
     </span>
    </p>
   </div>
   <div class='ocr_carea' id='block_1_18' title="bbox 784 1697 2334 1778">
    <p class='ocr_par' dir='ltr' id='par_1_18' title="bbox 784 1697 2334 1778">
     <span class='ocr_line' id='line_1_18' title="bbox 784 1697 2334 1778; baseline -0.005 -22"><span class='ocrx_word' id='word_1_122' title='bbox 784 1707 1176 1778; x_wconf 68' lang='lat' dir='ltr'><strong>prmntiutiatus</strong></span> <span class='ocrx_word' id='word_1_123' title='bbox 1218 1705 1284 1755; x_wconf 87' lang='lat' dir='ltr'><strong>ab</strong></span> <span class='ocrx_word' id='word_1_124' title='bbox 1327 1718 1391 1756; x_wconf 89' lang='lat' dir='ltr'><strong>eo</strong></span> <span class='ocrx_word' id='word_1_125' title='bbox 1431 1710 1532 1763; x_wconf 89' lang='lat' dir='ltr'><strong>est,</strong></span> <span class='ocrx_word' id='word_1_126' title='bbox 1581 1700 1772 1752; x_wconf 82' lang='lat' dir='ltr'><strong>factam</strong></span> <span class='ocrx_word' id='word_1_127' title='bbox 1821 1698 2142 1752; x_wconf 87' lang='lat' dir='ltr'><strong>alliciantur.</strong></span> <span class='ocrx_word' id='word_1_128' title='bbox 2186 1697 2334 1749; x_wconf 87' lang='lat' dir='ltr'><strong>Post-</strong></span> 
     </span>
    </p>
   </div>
   <div class='ocr_carea' id='block_1_19' title="bbox 784 1789 2335 1867">
    <p class='ocr_par' dir='ltr' id='par_1_19' title="bbox 784 1789 2335 1867">
     <span class='ocr_line' id='line_1_19' title="bbox 784 1789 2335 1867; baseline -0.005 -17"><span class='ocrx_word' id='word_1_129' title='bbox 784 1813 940 1867; x_wconf 85' lang='lat' dir='ltr'><strong>quam</strong></span> <span class='ocrx_word' id='word_1_130' title='bbox 976 1796 1136 1864; x_wconf 80' lang='lat' dir='ltr'><strong>igitur</strong></span> <span class='ocrx_word' id='word_1_131' title='bbox 1161 1795 1344 1847; x_wconf 83' lang='lat' dir='ltr'><strong>inultis</strong></span> <span class='ocrx_word' id='word_1_132' title='bbox 1373 1792 1582 1845; x_wconf 90' lang='lat' dir='ltr'><strong>Domini</strong></span> <span class='ocrx_word' id='word_1_133' title='bbox 1629 1790 1843 1851; x_wconf 86' lang='lat' dir='ltr'><strong>verbis,</strong></span> <span class='ocrx_word' id='word_1_134' title='bbox 1873 1790 1982 1842; x_wconf 91' lang='lat' dir='ltr'><strong>imo</strong></span> <span class='ocrx_word' id='word_1_135' title='bbox 2015 1805 2121 1842; x_wconf 93' lang='lat' dir='ltr'><strong>non</strong></span> <span class='ocrx_word' id='word_1_136' title='bbox 2156 1789 2335 1842; x_wconf 85' lang='lat' dir='ltr'><strong>verbis</strong></span> 
     </span>
    </p>
   </div>
   <div class='ocr_carea' id='block_1_20' title="bbox 2436 585 4002 676">
    <p class='ocr_par' dir='ltr' id='par_1_20' title="bbox 2436 585 4002 676">
     <span class='ocr_line' id='line_1_20' title="bbox 2436 585 4002 676; baseline 0.006 -24"><span class='ocrx_word' id='word_1_137' title='bbox 2436 598 2753 669; x_wconf 73' lang='grc' dir='ltr'>τδνΜωσῆν</span> <span class='ocrx_word' id='word_1_138' title='bbox 2790 600 3017 668; x_wconf 80' lang='grc' dir='ltr'>εἰσάγει.</span> <span class='ocrx_word' id='word_1_139' title='bbox 3041 585 3156 666; x_wconf 64' lang='grc' dir='ltr'><strong>’Μὴ</strong></span> <span class='ocrx_word' id='word_1_140' title='bbox 3202 602 3312 670; x_wconf 75' lang='grc' dir='ltr'><strong>γὰρ</strong></span> <span class='ocrx_word' id='word_1_141' title='bbox 3373 601 3620 667; x_wconf 80' lang='grc' dir='ltr'>δοκεῖτε,</span> <span class='ocrx_word' id='word_1_142' title='bbox 3673 607 3857 676; x_wconf 69' lang='grc' dir='ltr'>φησιν,</span> <span class='ocrx_word' id='word_1_143' title='bbox 3910 607 4002 661; x_wconf 84' lang='grc' dir='ltr'>ὅτι</span> 
     </span>
    </p>
   </div>
   <div class='ocr_carea' id='block_1_21' title="bbox 2437 692 3996 769">
    <p class='ocr_par' dir='ltr' id='par_1_21' title="bbox 2437 692 3996 769">
     <span class='ocr_line' id='line_1_21' title="bbox 2437 692 3996 769; baseline 0.004 -24"><span class='ocrx_word' id='word_1_144' title='bbox 2437 693 2549 760; x_wconf 60' lang='grc' dir='ltr'><strong>ἐγὼ</strong></span> <span class='ocrx_word' id='word_1_145' title='bbox 2581 692 2968 760; x_wconf 74' lang='grc' dir='ltr'><strong>κατηγορήσω</strong></span> <span class='ocrx_word' id='word_1_146' title='bbox 3022 692 3187 762; x_wconf 78' lang='grc' dir='ltr'><strong>ὑμῶν</strong></span> <span class='ocrx_word' id='word_1_147' title='bbox 3215 694 3362 763; x_wconf 83' lang='grc' dir='ltr'>πρὸς</span> <span class='ocrx_word' id='word_1_148' title='bbox 3409 695 3516 748; x_wconf 78' lang='grc' dir='ltr'><strong>τὸν</strong></span> <span class='ocrx_word' id='word_1_149' title='bbox 3555 697 3788 766; x_wconf 82' lang='grc' dir='ltr'><strong>Πατέρα</strong></span> <span class='ocrx_word' id='word_1_150' title='bbox 3811 714 3825 728; x_wconf 89' lang='grc'><strong>·</strong></span> <span class='ocrx_word' id='word_1_151' title='bbox 3853 701 3996 769; x_wconf 76' lang='grc' dir='ltr'>οὐχὶ,</span> 
     </span>
    </p>
   </div>
   <div class='ocr_carea' id='block_1_22' title="bbox 2438 785 4001 860">
    <p class='ocr_par' dir='ltr' id='par_1_22' title="bbox 2438 785 4001 860">
     <span class='ocr_line' id='line_1_22' title="bbox 2438 785 4001 860; baseline 0.004 -24"><span class='ocrx_word' id='word_1_152' title='bbox 2438 786 2572 836; x_wconf 74' lang='grc' dir='ltr'>ἀλλά</span> <span class='ocrx_word' id='word_1_153' title='bbox 2599 786 2680 848; x_wconf 81' lang='grc' dir='ltr'>τίς</span> <span class='ocrx_word' id='word_1_154' title='bbox 2712 788 2858 837; x_wconf 77' lang='grc' dir='ltr'>ἐστιν</span> <span class='ocrx_word' id='word_1_155' title='bbox 2885 787 2910 837; x_wconf 86' lang='lat'><strong>6</strong></span> <span class='ocrx_word' id='word_1_156' title='bbox 2933 785 3254 855; x_wconf 81' lang='grc' dir='ltr'>κατηγορῶν</span> <span class='ocrx_word' id='word_1_157' title='bbox 3290 785 3463 856; x_wconf 83' lang='grc' dir='ltr'>ὑμῶν,</span> <span class='ocrx_word' id='word_1_158' title='bbox 3503 788 3705 857; x_wconf 83' lang='grc' dir='ltr'>Μωσῆς</span> <span class='ocrx_word' id='word_1_159' title='bbox 3734 789 4001 860; x_wconf 83' lang='grc' dir='ltr'>δηλονότι,</span> 
     </span>
    </p>
   </div>
   <div class='ocr_carea' id='block_1_23' title="bbox 2438 869 4000 944">
    <p class='ocr_par' dir='ltr' id='par_1_23' title="bbox 2438 869 4000 944">
     <span class='ocr_line' id='line_1_23' title="bbox 2438 869 4000 944; baseline 0.004 -16"><span class='ocrx_word' id='word_1_160' title='bbox 2438 882 2585 944; x_wconf 77' lang='grc' dir='ltr'>πρὸς</span> <span class='ocrx_word' id='word_1_161' title='bbox 2609 877 2714 928; x_wconf 71' lang='grc' dir='ltr'><strong>τὸν</strong></span> <span class='ocrx_word' id='word_1_162' title='bbox 2741 876 2987 943; x_wconf 83' lang='grc' dir='ltr'><strong>Πατέρα·</strong></span> <span class='ocrx_word' id='word_1_163' title='bbox 3019 869 3080 928; x_wconf 71' lang='grc' dir='ltr'>οὗ</span> <span class='ocrx_word' id='word_1_164' title='bbox 3110 878 3234 940; x_wconf 75' lang='grc' dir='ltr'>τοὺς</span> <span class='ocrx_word' id='word_1_165' title='bbox 3251 877 3449 944; x_wconf 75' lang='grc' dir='ltr'>νόμους</span> <span class='ocrx_word' id='word_1_166' title='bbox 3475 879 3637 941; x_wconf 65' lang='grc' dir='ltr'>αὐτὸς</span> <span class='ocrx_word' id='word_1_167' title='bbox 3665 881 4000 944; x_wconf 77' lang='grc' dir='ltr'>πιστευθεὶς,</span> 
     </span>
    </p>
   </div>
   <div class='ocr_carea' id='block_1_24' title="bbox 2439 965 4003 1038">
    <p class='ocr_par' dir='ltr' id='par_1_24' title="bbox 2439 965 4003 1038">
     <span class='ocr_line' id='line_1_24' title="bbox 2439 965 4003 1038; baseline 0.004 -20"><span class='ocrx_word' id='word_1_168' title='bbox 2439 969 2531 1020; x_wconf 72' lang='grc' dir='ltr'>καὶ</span> <span class='ocrx_word' id='word_1_169' title='bbox 2562 967 2657 1036; x_wconf 71' lang='grc' dir='ltr'>τὴν</span> <span class='ocrx_word' id='word_1_170' title='bbox 2693 969 2819 1038; x_wconf 71' lang='grc' dir='ltr'>περὶ</span> <span class='ocrx_word' id='word_1_171' title='bbox 2877 965 3112 1038; x_wconf 77' lang='grc' dir='ltr'><strong>Χριστοῦ</strong></span> <span class='ocrx_word' id='word_1_172' title='bbox 3169 971 3526 1038; x_wconf 77' lang='grc' dir='ltr'><strong>προφητείαν,</strong></span> <span class='ocrx_word' id='word_1_173' title='bbox 3570 970 3885 1035; x_wconf 78' lang='grc' dir='ltr'>ἀξιόπιστος</span> <span class='ocrx_word' id='word_1_174' title='bbox 3935 975 4003 1025; x_wconf 84' lang='grc' dir='ltr'>ἂν</span> 
     </span>
    </p>
   </div>
   <div class='ocr_carea' id='block_1_25' title="bbox 2439 1060 4004 1134">
    <p class='ocr_par' dir='ltr' id='par_1_25' title="bbox 2439 1060 4004 1134">
     <span class='ocr_line' id='line_1_25' title="bbox 2439 1060 4004 1134; baseline 0.003 -20"><span class='ocrx_word' id='word_1_175' title='bbox 2439 1061 2740 1131; x_wconf 84' lang='grc' dir='ltr'>κατήγορος</span> <span class='ocrx_word' id='word_1_176' title='bbox 2799 1060 2904 1129; x_wconf 84' lang='grc' dir='ltr'>εἴη,</span> <span class='ocrx_word' id='word_1_177' title='bbox 2963 1062 3055 1114; x_wconf 73' lang='grc' dir='ltr'>καὶ</span> <span class='ocrx_word' id='word_1_178' title='bbox 3107 1061 3546 1132; x_wconf 85' lang='grc' dir='ltr'>ἀπαράγραπτος</span> <span class='ocrx_word' id='word_1_179' title='bbox 3615 1065 3826 1134; x_wconf 79' lang='grc' dir='ltr'><strong>μάρτυς</strong></span> <span class='ocrx_word' id='word_1_180' title='bbox 3891 1068 4004 1118; x_wconf 84' lang='grc' dir='ltr'><strong>τῶν</strong></span> 
     </span>
    </p>
   </div>
   <div class='ocr_carea' id='block_1_26' title="bbox 2442 1151 4005 1229">
    <p class='ocr_par' dir='ltr' id='par_1_26' title="bbox 2442 1151 4005 1229">
     <span class='ocr_line' id='line_1_26' title="bbox 2442 1151 4005 1229; baseline 0.002 -23"><span class='ocrx_word' id='word_1_181' title='bbox 2442 1151 2924 1223; x_wconf 77' lang='grc' dir='ltr'>μεγαλαυχούντων</span> <span class='ocrx_word' id='word_1_182' title='bbox 2957 1154 3054 1221; x_wconf 80' lang='grc' dir='ltr'>μὲν</span> <span class='ocrx_word' id='word_1_183' title='bbox 3099 1152 3264 1206; x_wconf 74' lang='grc' dir='ltr'>αὑτοῦ</span> <span class='ocrx_word' id='word_1_184' title='bbox 3289 1156 3413 1215; x_wconf 80' lang='grc' dir='ltr'>τοὺς</span> <span class='ocrx_word' id='word_1_185' title='bbox 3462 1155 3659 1222; x_wconf 84' lang='grc' dir='ltr'>νόμους</span> <span class='ocrx_word' id='word_1_186' title='bbox 3695 1157 3793 1210; x_wconf 72' lang='grc' dir='ltr'>καὶ</span> <span class='ocrx_word' id='word_1_187' title='bbox 3835 1161 4005 1229; x_wconf 77' lang='grc' dir='ltr'>τιμᾷν</span> 
     </span>
    </p>
   </div>
   <div class='ocr_carea' id='block_1_27' title="bbox 2438 1244 4002 1316">
    <p class='ocr_par' dir='ltr' id='par_1_27' title="bbox 2438 1244 4002 1316">
     <span class='ocr_line' id='line_1_27' title="bbox 2438 1244 4002 1316; baseline 0.002 -16"><span class='ocrx_word' id='word_1_188' title='bbox 2438 1247 2532 1300; x_wconf 72' lang='grc' dir='ltr'>καὶ</span> <span class='ocrx_word' id='word_1_189' title='bbox 2561 1246 2823 1316; x_wconf 77' lang='grc' dir='ltr'>στέργειν,</span> <span class='ocrx_word' id='word_1_190' title='bbox 2859 1244 3024 1314; x_wconf 79' lang='grc' dir='ltr'>μηδὲν</span> <span class='ocrx_word' id='word_1_191' title='bbox 3054 1244 3110 1297; x_wconf 83' lang='grc' dir='ltr'>δὲ</span> <span class='ocrx_word' id='word_1_192' title='bbox 3142 1245 3250 1298; x_wconf 85' lang='grc' dir='ltr'>τῶν</span> <span class='ocrx_word' id='word_1_193' title='bbox 3281 1245 3372 1297; x_wconf 81' lang='grc' dir='ltr'><strong>ὑπ’</strong></span> <span class='ocrx_word' id='word_1_194' title='bbox 3402 1247 3566 1299; x_wconf 68' lang='grc' dir='ltr'>αὐτοῦ</span> <span class='ocrx_word' id='word_1_195' title='bbox 3596 1265 3660 1299; x_wconf 85' lang='grc' dir='ltr'><strong>πε</strong></span> <span class='ocrx_word' id='word_1_196' title='bbox 3674 1250 3723 1316; x_wconf 53' lang='lat' dir='ltr'><strong>(si.</strong></span> <span class='ocrx_word' id='word_1_197' title='bbox 3757 1251 3851 1302; x_wconf 78' lang='grc' dir='ltr'><strong>τοῦ</strong></span> <span class='ocrx_word' id='word_1_198' title='bbox 3883 1268 4002 1303; x_wconf 84' lang='grc' dir='ltr'>κοι-</span> 
     </span>
    </p>
   </div>
   <div class='ocr_carea' id='block_1_28' title="bbox 2439 1336 4014 1407">
    <p class='ocr_par' dir='ltr' id='par_1_28' title="bbox 2439 1336 4014 1407">
     <span class='ocr_line' id='line_1_28' title="bbox 2439 1336 4014 1407; baseline 0.003 -18"><span class='ocrx_word' id='word_1_199' title='bbox 2439 1339 2530 1390; x_wconf 83' lang='grc' dir='ltr'>νοῦ</span> <span class='ocrx_word' id='word_1_200' title='bbox 2592 1338 2862 1390; x_wconf 78' lang='grc' dir='ltr'>Δεσπὸτου</span> <span class='ocrx_word' id='word_1_201' title='bbox 2917 1336 3012 1389; x_wconf 83' lang='grc' dir='ltr'>καὶ</span> <span class='ocrx_word' id='word_1_202' title='bbox 3067 1337 3317 1407; x_wconf 82' lang='grc' dir='ltr'><strong>Σωτῆρος</strong></span> <span class='ocrx_word' id='word_1_203' title='bbox 3385 1338 3544 1407; x_wconf 74' lang='grc' dir='ltr'>ἡμῶν</span> <span class='ocrx_word' id='word_1_204' title='bbox 3600 1339 4014 1394; x_wconf 85' lang='grc' dir='ltr'>θεσπισοέντων</span> 
     </span>
    </p>
   </div>
   <div class='ocr_carea' id='block_1_29' title="bbox 2443 1423 4007 1502">
    <p class='ocr_par' dir='ltr' id='par_1_29' title="bbox 2443 1423 4007 1502">
     <span class='ocr_line' id='line_1_29' title="bbox 2443 1423 4007 1502; baseline 0 -20"><span class='ocrx_word' id='word_1_205' title='bbox 2443 1431 2838 1497; x_wconf 78' lang='grc' dir='ltr'>προσιεμένων,</span> <span class='ocrx_word' id='word_1_206' title='bbox 2861 1427 2889 1480; x_wconf 85' lang='grc' dir='ltr'><strong>ὃ</strong></span> <span class='ocrx_word' id='word_1_207' title='bbox 2916 1428 3209 1495; x_wconf 79' lang='grc' dir='ltr'>κεφάλαιον</span> <span class='ocrx_word' id='word_1_208' title='bbox 3235 1423 3303 1498; x_wconf 75' lang='grc' dir='ltr'>ἦν</span> <span class='ocrx_word' id='word_1_209' title='bbox 3327 1429 3420 1481; x_wconf 71' lang='grc' dir='ltr'>καὶ</span> <span class='ocrx_word' id='word_1_210' title='bbox 3439 1430 3665 1499; x_wconf 65' lang='grc' dir='ltr'>κρηπὶς,</span> <span class='ocrx_word' id='word_1_211' title='bbox 3687 1432 3783 1483; x_wconf 81' lang='grc' dir='ltr'>καὶ</span> <span class='ocrx_word' id='word_1_212' title='bbox 3815 1434 4007 1502; x_wconf 86' lang='grc' dir='ltr'>προοί-</span> 
     </span>
    </p>
   </div>
   <div class='ocr_carea' id='block_1_30' title="bbox 2444 1517 4010 1591">
    <p class='ocr_par' dir='ltr' id='par_1_30' title="bbox 2444 1517 4010 1591">
     <span class='ocr_line' id='line_1_30' title="bbox 2444 1517 4010 1591; baseline 0.001 -21"><span class='ocrx_word' id='word_1_213' title='bbox 2444 1537 2563 1589; x_wconf 86' lang='grc' dir='ltr'>μιον</span> <span class='ocrx_word' id='word_1_214' title='bbox 2616 1520 2714 1588; x_wconf 79' lang='grc' dir='ltr'><strong>τῆς</strong></span> <span class='ocrx_word' id='word_1_215' title='bbox 2751 1519 2878 1587; x_wconf 78' lang='grc' dir='ltr'>ὅλης</span> <span class='ocrx_word' id='word_1_216' title='bbox 2910 1518 3075 1571; x_wconf 80' lang='grc' dir='ltr'><strong>αὑτοῦ</strong></span> <span class='ocrx_word' id='word_1_217' title='bbox 3103 1517 3444 1587; x_wconf 82' lang='grc' dir='ltr'>νομοθεσίας,</span> <span class='ocrx_word' id='word_1_218' title='bbox 3479 1519 3614 1572; x_wconf 83' lang='grc' dir='ltr'>ἀλλὰ</span> <span class='ocrx_word' id='word_1_219' title='bbox 3651 1520 3784 1591; x_wconf 75' lang='grc' dir='ltr'>μηδὲ</span> <span class='ocrx_word' id='word_1_220' title='bbox 3821 1523 4010 1573; x_wconf 78' lang='grc' dir='ltr'>συναε-</span> 
     </span>
    </p>
   </div>
   <div class='ocr_carea' id='block_1_31' title="bbox 2443 1608 4009 1682">
    <p class='ocr_par' dir='ltr' id='par_1_31' title="bbox 2443 1608 4009 1682">
     <span class='ocr_line' id='line_1_31' title="bbox 2443 1608 4009 1682; baseline 0.002 -20"><span class='ocrx_word' id='word_1_221' title='bbox 2443 1611 2631 1680; x_wconf 85' lang='grc' dir='ltr'>σοησιν</span> <span class='ocrx_word' id='word_1_222' title='bbox 2664 1611 2962 1678; x_wconf 81' lang='grc' dir='ltr'>ἀναστολῆς</span> <span class='ocrx_word' id='word_1_223' title='bbox 2993 1608 3264 1664; x_wconf 77' lang='grc' dir='ltr'>λαϐόντων</span> <span class='ocrx_word' id='word_1_224' title='bbox 3311 1609 3410 1680; x_wconf 83' lang='grc' dir='ltr'><strong>τῆς</strong></span> <span class='ocrx_word' id='word_1_225' title='bbox 3456 1610 3535 1674; x_wconf 81' lang='grc' dir='ltr'><strong>είς</strong></span> <span class='ocrx_word' id='word_1_226' title='bbox 3565 1612 3656 1663; x_wconf 84' lang='grc' dir='ltr'><strong>τὸν</strong></span> <span class='ocrx_word' id='word_1_227' title='bbox 3690 1629 4009 1682; x_wconf 71' lang='grc' dir='ltr'>προφητευ-</span> 
     </span>
    </p>
   </div>
   <div class='ocr_carea' id='block_1_32' title="bbox 2443 1701 4010 1772">
    <p class='ocr_par' dir='ltr' id='par_1_32' title="bbox 2443 1701 4010 1772">
     <span class='ocr_line' id='line_1_32' title="bbox 2443 1701 4010 1772; baseline 0 -16"><span class='ocrx_word' id='word_1_228' title='bbox 2443 1704 2600 1756; x_wconf 79' lang='grc' dir='ltr'>Θέντα</span> <span class='ocrx_word' id='word_1_229' title='bbox 2634 1703 2918 1772; x_wconf 78' lang='grc' dir='ltr'><strong>παροινίας</strong></span> <span class='ocrx_word' id='word_1_230' title='bbox 2948 1719 3006 1755; x_wconf 87' lang='grc' dir='ltr'><strong>τε</strong></span> <span class='ocrx_word' id='word_1_231' title='bbox 3039 1702 3133 1754; x_wconf 76' lang='grc' dir='ltr'>καὶ</span> <span class='ocrx_word' id='word_1_232' title='bbox 3165 1701 3486 1771; x_wconf 84' lang='grc' dir='ltr'>θεομαχίας.</span> <span class='ocrx_word' id='word_1_233' title='bbox 3519 1703 3619 1755; x_wconf 68' lang='grc' dir='ltr'>Διὰ</span> <span class='ocrx_word' id='word_1_234' title='bbox 3652 1704 3864 1756; x_wconf 78' lang='grc' dir='ltr'>πολλῶν</span> <span class='ocrx_word' id='word_1_235' title='bbox 3897 1707 4010 1756; x_wconf 69' lang='grc' dir='ltr'>τοί-</span> 
     </span>
    </p>
   </div>
   <div class='ocr_carea' id='block_1_33' title="bbox 2442 1790 4008 1861">
    <p class='ocr_par' dir='ltr' id='par_1_33' title="bbox 2442 1790 4008 1861">
     <span class='ocr_line' id='line_1_33' title="bbox 2442 1790 4008 1861; baseline 0.001 -16"><span class='ocrx_word' id='word_1_236' title='bbox 2442 1811 2533 1845; x_wconf 90' lang='grc' dir='ltr'><strong>νυν</strong></span> <span class='ocrx_word' id='word_1_237' title='bbox 2560 1790 2906 1844; x_wconf 84' lang='grc' dir='ltr'>Δεσποτικῶν</span> <span class='ocrx_word' id='word_1_238' title='bbox 2950 1791 3165 1858; x_wconf 77' lang='grc' dir='ltr'>φωνῶν,</span> <span class='ocrx_word' id='word_1_239' title='bbox 3203 1791 3298 1843; x_wconf 77' lang='grc' dir='ltr'>καὶ</span> <span class='ocrx_word' id='word_1_240' title='bbox 3326 1791 3388 1843; x_wconf 74' lang='grc' dir='ltr'><strong>οὐ</strong></span> <span class='ocrx_word' id='word_1_241' title='bbox 3421 1792 3614 1859; x_wconf 84' lang='grc' dir='ltr'>φωνῶν</span> <span class='ocrx_word' id='word_1_242' title='bbox 3651 1793 3830 1861; x_wconf 86' lang='grc' dir='ltr'>μόνον,</span> <span class='ocrx_word' id='word_1_243' title='bbox 3869 1794 4008 1846; x_wconf 63' lang='grc' dir='ltr'>ἀλλὰ</span> 
     </span>
    </p>
   </div>
   <div class='ocr_carea' id='block_1_34' title="bbox 785 1867 2452 1955">
    <p class='ocr_par' dir='ltr' id='par_1_34' title="bbox 785 1867 2452 1951">
     <span class='ocr_line' id='line_1_34' title="bbox 785 1867 2452 1951; baseline -0.008 -9"><span class='ocrx_word' id='word_1_244' title='bbox 785 1889 989 1947; x_wconf 90' lang='lat' dir='ltr'><strong>solum,</strong></span> <span class='ocrx_word' id='word_1_245' title='bbox 1020 1886 1110 1938; x_wconf 84' lang='lat' dir='ltr'><strong>sed</strong></span> <span class='ocrx_word' id='word_1_246' title='bbox 1158 1895 1211 1938; x_wconf 92' lang='lat' dir='ltr'><strong>et</strong></span> <span class='ocrx_word' id='word_1_247' title='bbox 1254 1885 1404 1937; x_wconf 80' lang='lat' dir='ltr'><strong>lactis</strong></span> <span class='ocrx_word' id='word_1_248' title='bbox 1455 1882 1854 1951; x_wconf 86' lang='lat' dir='ltr'><strong>apostolorum,</strong></span> <span class='ocrx_word' id='word_1_249' title='bbox 1900 1895 2137 1933; x_wconf 84' lang='lat' dir='ltr'><strong>errorem</strong></span> <span class='ocrx_word' id='word_1_250' title='bbox 2187 1879 2334 1931; x_wconf 92' lang='lat' dir='ltr'><strong>illum</strong></span> <span class='ocrx_word' id='word_1_251' title='bbox 2373 1867 2452 1939; x_wconf 68' lang='grc' dir='ltr'>Βι</span> 
     </span>
    </p>
   </div>
   <div class='ocr_carea' id='block_1_35' title="bbox 2343 1867 4010 1955">
    <p class='ocr_par' dir='ltr' id='par_1_35' title="bbox 2373 1867 4010 1955">
     <span class='ocr_line' id='line_1_35' title="bbox 2373 1867 4010 1955; baseline -0.003 -16"><span class='ocrx_word' id='word_1_252' title='bbox 2373 1867 2411 1920; x_wconf 77' lang='grc' dir='ltr'><strong><em>Β</em></strong></span> <span class='ocrx_word' id='word_1_253' title='bbox 2443 1887 2534 1939; x_wconf 76' lang='grc' dir='ltr'>καὶ</span> <span class='ocrx_word' id='word_1_254' title='bbox 2557 1884 2830 1955; x_wconf 78' lang='grc' dir='ltr'>πράξεων,</span> <span class='ocrx_word' id='word_1_255' title='bbox 2851 1883 2940 1936; x_wconf 72' lang='grc' dir='ltr'>ναὶ</span> <span class='ocrx_word' id='word_1_256' title='bbox 2962 1881 3027 1952; x_wconf 81' lang='grc' dir='ltr'>δὴ</span> <span class='ocrx_word' id='word_1_257' title='bbox 3054 1882 3147 1935; x_wconf 73' lang='grc' dir='ltr'>καὶ</span> <span class='ocrx_word' id='word_1_258' title='bbox 3173 1882 3261 1936; x_wconf 80' lang='grc' dir='ltr'>διὰ</span> <span class='ocrx_word' id='word_1_259' title='bbox 3285 1882 3394 1935; x_wconf 82' lang='grc' dir='ltr'><strong>τῶν</strong></span> <span class='ocrx_word' id='word_1_260' title='bbox 3417 1883 3800 1936; x_wconf 77' lang='grc' dir='ltr'>ἁποστολικῶν</span> <span class='ocrx_word' id='word_1_261' title='bbox 3830 1884 4010 1953; x_wconf 75' lang='grc' dir='ltr'>ἔργων</span> 
     </span>
    </p>
   </div>
   <div class='ocr_carea' id='block_1_36' title="bbox 785 1970 2337 2042">
    <p class='ocr_par' dir='ltr' id='par_1_36' title="bbox 785 1970 2337 2042">
     <span class='ocr_line' id='line_1_36' title="bbox 785 1970 2337 2042; baseline -0.006 -11"><span class='ocrx_word' id='word_1_262' title='bbox 785 1981 1118 2032; x_wconf 76' lang='lat' dir='ltr'><strong>conl’utatum</strong></span> <span class='ocrx_word' id='word_1_263' title='bbox 1149 1977 1414 2036; x_wconf 83' lang='lat' dir='ltr'><strong>dedimus,</strong></span> <span class='ocrx_word' id='word_1_264' title='bbox 1449 1974 1538 2042; x_wconf 86' lang='lat' dir='ltr'><strong>qui</strong></span> <span class='ocrx_word' id='word_1_265' title='bbox 1581 1973 1943 2041; x_wconf 83' lang='lat' dir='ltr'><strong>principatum</strong></span> <span class='ocrx_word' id='word_1_266' title='bbox 1975 1971 2123 2040; x_wconf 75' lang='lat' dir='ltr'><strong>regni</strong></span> <span class='ocrx_word' id='word_1_267' title='bbox 2157 1970 2246 2023; x_wconf 89' lang='lat' dir='ltr'><strong>Dei</strong></span> <span class='ocrx_word' id='word_1_268' title='bbox 2284 1971 2337 2023; x_wconf 90' lang='lat' dir='ltr'><strong>in</strong></span> 
     </span>
    </p>
   </div>
   <div class='ocr_carea' id='block_1_37' title="bbox 786 2061 2338 2132">
    <p class='ocr_par' dir='ltr' id='par_1_37' title="bbox 786 2061 2338 2132">
     <span class='ocr_line' id='line_1_37' title="bbox 786 2061 2338 2132; baseline -0.006 -11"><span class='ocrx_word' id='word_1_269' title='bbox 786 2071 918 2122; x_wconf 83' lang='lat' dir='ltr'><strong>duas</strong></span> <span class='ocrx_word' id='word_1_270' title='bbox 946 2067 1240 2120; x_wconf 84' lang='lat' dir='ltr'><strong>contrarias</strong></span> <span class='ocrx_word' id='word_1_271' title='bbox 1290 2076 1466 2132; x_wconf 85' lang='lat' dir='ltr'><strong>partes</strong></span> <span class='ocrx_word' id='word_1_272' title='bbox 1511 2062 1737 2124; x_wconf 78' lang='lat' dir='ltr'><strong>scindit,</strong></span> <span class='ocrx_word' id='word_1_273' title='bbox 1784 2077 1943 2129; x_wconf 91' lang='lat' dir='ltr'><strong>quam</strong></span> <span class='ocrx_word' id='word_1_274' title='bbox 1987 2061 2199 2113; x_wconf 82' lang='lat' dir='ltr'><strong>tandem</strong></span> <span class='ocrx_word' id='word_1_275' title='bbox 2244 2075 2338 2112; x_wconf 89' lang='lat' dir='ltr'><strong>ve-</strong></span> 
     </span>
    </p>
   </div>
   <div class='ocr_carea' id='block_1_38' title="bbox 784 2153 2339 2228">
    <p class='ocr_par' dir='ltr' id='par_1_38' title="bbox 784 2153 2339 2228">
     <span class='ocr_line' id='line_1_38' title="bbox 784 2153 2339 2228; baseline -0.006 -13"><span class='ocrx_word' id='word_1_276' title='bbox 784 2163 925 2215; x_wconf 85' lang='lat' dir='ltr'><strong>niam</strong></span> <span class='ocrx_word' id='word_1_277' title='bbox 971 2176 1186 2228; x_wconf 76' lang='lat' dir='ltr'><strong>Sperare</strong></span> <span class='ocrx_word' id='word_1_278' title='bbox 1221 2165 1446 2225; x_wconf 86' lang='lat' dir='ltr'><strong>possunt</strong></span> <span class='ocrx_word' id='word_1_279' title='bbox 1487 2155 1558 2207; x_wconf 83' lang='lat' dir='ltr'><strong>illi</strong></span> <span class='ocrx_word' id='word_1_280' title='bbox 1605 2155 1696 2224; x_wconf 88' lang='lat' dir='ltr'><strong>qui</strong></span> <span class='ocrx_word' id='word_1_281' title='bbox 1764 2162 1886 2223; x_wconf 88' lang='lat' dir='ltr'><strong>post</strong></span> <span class='ocrx_word' id='word_1_282' title='bbox 1927 2162 2002 2206; x_wconf 90' lang='lat' dir='ltr'><strong>tot</strong></span> <span class='ocrx_word' id='word_1_283' title='bbox 2047 2153 2339 2220; x_wconf 81' lang='lat' dir='ltr'><strong>impietatis</strong></span> 
     </span>
    </p>
   </div>
   <div class='ocr_carea' id='block_1_39' title="bbox 783 2245 2341 2315">
    <p class='ocr_par' dir='ltr' id='par_1_39' title="bbox 783 2245 2341 2315">
     <span class='ocr_line' id='line_1_39' title="bbox 783 2245 2341 2315; baseline -0.007 -7"><span class='ocrx_word' id='word_1_284' title='bbox 783 2253 1178 2308; x_wconf 81' lang='lat' dir='ltr'><strong>confutationes</strong></span> <span class='ocrx_word' id='word_1_285' title='bbox 1205 2249 1380 2302; x_wconf 89' lang='lat' dir='ltr'><strong>adhuc</strong></span> <span class='ocrx_word' id='word_1_286' title='bbox 1404 2248 1529 2300; x_wconf 89' lang='lat' dir='ltr'><strong>mali</strong></span> <span class='ocrx_word' id='word_1_287' title='bbox 1549 2246 1796 2315; x_wconf 83' lang='lat' dir='ltr'><strong>principii</strong></span> <span class='ocrx_word' id='word_1_288' title='bbox 1825 2245 2085 2297; x_wconf 72' lang='lat' dir='ltr'><strong>Voluntati</strong></span> <span class='ocrx_word' id='word_1_289' title='bbox 2113 2245 2197 2303; x_wconf 84' lang='lat' dir='ltr'><strong>iis.</strong></span> <span class='ocrx_word' id='word_1_290' title='bbox 2222 2258 2341 2312; x_wconf 65' lang='lat' dir='ltr'><strong>qum</strong></span> 
     </span>
    </p>
   </div>
   <div class='ocr_carea' id='block_1_40' title="bbox 786 2336 2343 2412">
    <p class='ocr_par' dir='ltr' id='par_1_40' title="bbox 786 2336 2343 2412">
     <span class='ocr_line' id='line_1_40' title="bbox 786 2336 2343 2412; baseline -0.006 -15"><span class='ocrx_word' id='word_1_291' title='bbox 786 2344 1000 2412; x_wconf 84' lang='lat' dir='ltr'><strong>sapiunt</strong></span> <span class='ocrx_word' id='word_1_292' title='bbox 1043 2353 1095 2395; x_wconf 85' lang='lat' dir='ltr'><strong>et</strong></span> <span class='ocrx_word' id='word_1_293' title='bbox 1135 2342 1339 2401; x_wconf 72' lang='lat' dir='ltr'><strong>vivunt,</strong></span> <span class='ocrx_word' id='word_1_294' title='bbox 1366 2339 1773 2399; x_wconf 84' lang='lat' dir='ltr'><strong>ohsecundant,</strong></span> <span class='ocrx_word' id='word_1_295' title='bbox 1809 2347 1862 2392; x_wconf 90' lang='lat' dir='ltr'><strong>et</strong></span> <span class='ocrx_word' id='word_1_296' title='bbox 1899 2336 2343 2390; x_wconf 79' lang='lat' dir='ltr'><strong>Patremfamilias</strong></span> 
     </span>
    </p>
   </div>
   <div class='ocr_carea' id='block_1_41' title="bbox 790 2426 2341 2488">
    <p class='ocr_par' dir='ltr' id='par_1_41' title="bbox 790 2426 2341 2488">
     <span class='ocr_line' id='line_1_41' title="bbox 790 2426 2341 2488; baseline -0.005 -1"><span class='ocrx_word' id='word_1_297' title='bbox 790 2434 1025 2487; x_wconf 75' lang='lat' dir='ltr'><strong>universi</strong></span> <span class='ocrx_word' id='word_1_298' title='bbox 1075 2433 1356 2486; x_wconf 81' lang='lat' dir='ltr'><strong>Deelzebul</strong></span> <span class='ocrx_word' id='word_1_299' title='bbox 1397 2440 1619 2488; x_wconf 84' lang='lat' dir='ltr'><strong>vocant.</strong></span> <span class='ocrx_word' id='word_1_300' title='bbox 1672 2429 1953 2483; x_wconf 84' lang='lat' dir='ltr'><strong>Beelzebul</strong></span> <span class='ocrx_word' id='word_1_301' title='bbox 2001 2443 2130 2482; x_wconf 76' lang='lat' dir='ltr'><strong>vero</strong></span> <span class='ocrx_word' id='word_1_302' title='bbox 2175 2426 2341 2480; x_wconf 90' lang='lat' dir='ltr'><strong>Deum</strong></span> 
     </span>
    </p>
   </div>
   <div class='ocr_carea' id='block_1_42' title="bbox 789 2518 2342 2586">
    <p class='ocr_par' dir='ltr' id='par_1_42' title="bbox 789 2518 2342 2586">
     <span class='ocr_line' id='line_1_42' title="bbox 789 2518 2342 2586; baseline -0.005 -8"><span class='ocrx_word' id='word_1_303' title='bbox 789 2526 1086 2586; x_wconf 89' lang='lat' dir='ltr'><strong>occultum,</strong></span> <span class='ocrx_word' id='word_1_304' title='bbox 1126 2522 1558 2584; x_wconf 73' lang='lat' dir='ltr'><strong>etinellabilem,</strong></span> <span class='ocrx_word' id='word_1_305' title='bbox 1593 2530 1645 2574; x_wconf 89' lang='lat' dir='ltr'><strong>et</strong></span> <span class='ocrx_word' id='word_1_306' title='bbox 1674 2521 1901 2582; x_wconf 88' lang='lat' dir='ltr'><strong>Bonum,</strong></span> <span class='ocrx_word' id='word_1_307' title='bbox 1926 2529 1977 2572; x_wconf 90' lang='lat' dir='ltr'><strong>et</strong></span> <span class='ocrx_word' id='word_1_308' title='bbox 2013 2518 2247 2580; x_wconf 88' lang='lat' dir='ltr'><strong>Patrem,</strong></span> <span class='ocrx_word' id='word_1_309' title='bbox 2285 2526 2342 2570; x_wconf 94' lang='lat' dir='ltr'><strong>ut</strong></span> 
     </span>
    </p>
   </div>
   <div class='ocr_carea' id='block_1_43' title="bbox 788 2608 2342 2676">
    <p class='ocr_par' dir='ltr' id='par_1_43' title="bbox 788 2608 2342 2676">
     <span class='ocr_line' id='line_1_43' title="bbox 788 2608 2342 2676; baseline -0.006 -5"><span class='ocrx_word' id='word_1_310' title='bbox 788 2617 1012 2671; x_wconf 68' lang='lat' dir='ltr'><strong>{mdiora</strong></span> <span class='ocrx_word' id='word_1_311' title='bbox 1046 2632 1152 2668; x_wconf 91' lang='lat' dir='ltr'><strong>non</strong></span> <span class='ocrx_word' id='word_1_312' title='bbox 1175 2615 1347 2668; x_wconf 90' lang='lat' dir='ltr'><strong>dicam</strong></span> <span class='ocrx_word' id='word_1_313' title='bbox 1371 2655 1385 2676; x_wconf 94' lang='lat'><strong>,</strong></span> <span class='ocrx_word' id='word_1_314' title='bbox 1416 2613 1748 2675; x_wconf 87' lang='lat' dir='ltr'><strong>renuntiant,</strong></span> <span class='ocrx_word' id='word_1_315' title='bbox 1784 2628 1885 2665; x_wconf 90' lang='lat' dir='ltr'><strong>nec</strong></span> <span class='ocrx_word' id='word_1_316' title='bbox 1923 2611 2201 2664; x_wconf 84' lang='lat' dir='ltr'><strong>victoriam</strong></span> <span class='ocrx_word' id='word_1_317' title='bbox 2241 2608 2342 2662; x_wconf 88' lang='lat' dir='ltr'><strong>Do-</strong></span> 
     </span>
    </p>
   </div>
   <div class='ocr_carea' id='block_1_44' title="bbox 790 2705 2346 2770">
    <p class='ocr_par' dir='ltr' id='par_1_44' title="bbox 790 2705 2346 2770">
     <span class='ocr_line' id='line_1_44' title="bbox 790 2705 2346 2770; baseline -0.006 -8"><span class='ocrx_word' id='word_1_318' title='bbox 790 2710 920 2763; x_wconf 91' lang='lat' dir='ltr'><strong>mini</strong></span> <span class='ocrx_word' id='word_1_319' title='bbox 965 2725 991 2761; x_wconf 88' lang='lat' dir='ltr'><strong>a</strong></span> <span class='ocrx_word' id='word_1_320' title='bbox 1038 2707 1490 2761; x_wconf 82' lang='lat' dir='ltr'><strong>calumniantibus</strong></span> <span class='ocrx_word' id='word_1_321' title='bbox 1519 2705 1716 2760; x_wconf 67' lang='lat' dir='ltr'><strong>Judaeis</strong></span> <span class='ocrx_word' id='word_1_322' title='bbox 1759 2705 1977 2758; x_wconf 84' lang='lat' dir='ltr'><strong>relatam</strong></span> <span class='ocrx_word' id='word_1_323' title='bbox 2017 2709 2237 2770; x_wconf 89' lang='lat' dir='ltr'><strong>stupent</strong></span> <span class='ocrx_word' id='word_1_324' title='bbox 2284 2717 2346 2754; x_wconf 89' lang='lat' dir='ltr'><strong>ac</strong></span> 
     </span>
    </p>
   </div>
   <div class='ocr_carea' id='block_1_45' title="bbox 790 2779 2344 2868">
    <p class='ocr_par' dir='ltr' id='par_1_45' title="bbox 790 2779 2344 2868">
     <span class='ocr_line' id='line_1_45' title="bbox 790 2779 2344 2868; baseline -0.007 -11"><span class='ocrx_word' id='word_1_325' title='bbox 790 2811 1128 2864; x_wconf 71' lang='lat' dir='ltr'><strong>reverentur,</strong></span> <span class='ocrx_word' id='word_1_326' title='bbox 1161 2815 1320 2868; x_wconf 93' lang='lat' dir='ltr'><strong>quam</strong></span> <span class='ocrx_word' id='word_1_327' title='bbox 1349 2815 1443 2867; x_wconf 87' lang='lat' dir='ltr'><strong>per</strong></span> <span class='ocrx_word' id='word_1_328' title='bbox 1486 2779 1697 2851; x_wconf 83' lang='lat' dir='ltr'><strong>illorum</strong></span> <span class='ocrx_word' id='word_1_329' title='bbox 1744 2798 1884 2850; x_wconf 89' lang='lat' dir='ltr'><strong>latus</strong></span> <span class='ocrx_word' id='word_1_330' title='bbox 1927 2813 2035 2849; x_wconf 91' lang='lat' dir='ltr'><strong>non</strong></span> <span class='ocrx_word' id='word_1_331' title='bbox 2069 2797 2266 2858; x_wconf 87' lang='lat' dir='ltr'><strong>minus,</strong></span> <span class='ocrx_word' id='word_1_332' title='bbox 2301 2793 2344 2846; x_wconf 91' lang='lat' dir='ltr'><strong>si</strong></span> 
     </span>
    </p>
   </div>
   <div class='ocr_carea' id='block_1_46' title="bbox 790 2887 2344 2962">
    <p class='ocr_par' dir='ltr' id='par_1_46' title="bbox 790 2887 2344 2962">
     <span class='ocr_line' id='line_1_46' title="bbox 790 2887 2344 2962; baseline -0.006 -15"><span class='ocrx_word' id='word_1_333' title='bbox 790 2909 897 2947; x_wconf 90' lang='lat' dir='ltr'><strong>non</strong></span> <span class='ocrx_word' id='word_1_334' title='bbox 933 2893 1099 2962; x_wconf 79' lang='lat' dir='ltr'><strong>magis</strong></span> <span class='ocrx_word' id='word_1_335' title='bbox 1132 2900 1187 2944; x_wconf 87' lang='lat' dir='ltr'><strong>et</strong></span> <span class='ocrx_word' id='word_1_336' title='bbox 1219 2891 1504 2952; x_wconf 80' lang='lat' dir='ltr'><strong>illustrius,</strong></span> <span class='ocrx_word' id='word_1_337' title='bbox 1557 2905 1585 2943; x_wconf 87' lang='lat' dir='ltr'><strong>a</strong></span> <span class='ocrx_word' id='word_1_338' title='bbox 1622 2889 1872 2958; x_wconf 66' lang='lat' dir='ltr'><strong>praesenti</strong></span> <span class='ocrx_word' id='word_1_339' title='bbox 1916 2887 2217 2940; x_wconf 84' lang='lat' dir='ltr'><strong>defectione</strong></span> <span class='ocrx_word' id='word_1_340' title='bbox 2257 2899 2344 2937; x_wconf 85' lang='lat' dir='ltr'><strong>re-</strong></span> 
     </span>
    </p>
   </div>
   <div class='ocr_carea' id='block_1_47' title="bbox 792 2979 2347 3055">
    <p class='ocr_par' dir='ltr' id='par_1_47' title="bbox 792 2979 2347 3055">
     <span class='ocr_line' id='line_1_47' title="bbox 792 2979 2347 3055; baseline -0.006 -17"><span class='ocrx_word' id='word_1_341' title='bbox 792 2985 1042 3055; x_wconf 84' lang='lat' dir='ltr'><strong>portavit.</strong></span> <span class='ocrx_word' id='word_1_342' title='bbox 1087 2983 1419 3050; x_wconf 85' lang='lat' dir='ltr'><strong>lmpietatem</strong></span> <span class='ocrx_word' id='word_1_343' title='bbox 1457 2981 1621 3040; x_wconf 86' lang='lat' dir='ltr'><strong>enim,</strong></span> <span class='ocrx_word' id='word_1_344' title='bbox 1657 2996 1814 3049; x_wconf 89' lang='lat' dir='ltr'><strong>quam</strong></span> <span class='ocrx_word' id='word_1_345' title='bbox 1850 2979 2062 3046; x_wconf 90' lang='lat' dir='ltr'><strong>utrique</strong></span> <span class='ocrx_word' id='word_1_346' title='bbox 2105 2992 2347 3031; x_wconf 88' lang='lat' dir='ltr'><strong>commu-</strong></span> 
     </span>
    </p>
   </div>
   <div class='ocr_carea' id='block_1_48' title="bbox 791 3066 2347 3136">
    <p class='ocr_par' dir='ltr' id='par_1_48' title="bbox 791 3066 2347 3136">
     <span class='ocr_line' id='line_1_48' title="bbox 791 3066 2347 3136; baseline -0.006 -7"><span class='ocrx_word' id='word_1_347' title='bbox 791 3091 916 3129; x_wconf 87' lang='lat' dir='ltr'><strong>nem</strong></span> <span class='ocrx_word' id='word_1_348' title='bbox 959 3075 1181 3134; x_wconf 87' lang='lat' dir='ltr'><strong>habent,</strong></span> <span class='ocrx_word' id='word_1_349' title='bbox 1217 3072 1423 3124; x_wconf 82' lang='lat' dir='ltr'><strong>etiamsi</strong></span> <span class='ocrx_word' id='word_1_350' title='bbox 1467 3086 1637 3123; x_wconf 75' lang='lat' dir='ltr'><strong>novus</strong></span> <span class='ocrx_word' id='word_1_351' title='bbox 1685 3070 1769 3122; x_wconf 91' lang='lat' dir='ltr'><strong>ille</strong></span> <span class='ocrx_word' id='word_1_352' title='bbox 1811 3076 2052 3136; x_wconf 89' lang='lat' dir='ltr'><strong>apostala</strong></span> <span class='ocrx_word' id='word_1_353' title='bbox 2093 3066 2347 3119; x_wconf 82' lang='lat' dir='ltr'><strong>audacius</strong></span> 
     </span>
    </p>
   </div>
   <div class='ocr_carea' id='block_1_49' title="bbox 792 3157 2343 3234">
    <p class='ocr_par' dir='ltr' id='par_1_49' title="bbox 792 3157 2343 3234">
     <span class='ocr_line' id='line_1_49' title="bbox 792 3157 2343 3234; baseline -0.006 -14"><span class='ocrx_word' id='word_1_354' title='bbox 792 3183 849 3220; x_wconf 87' lang='lat' dir='ltr'><strong>se</strong></span> <span class='ocrx_word' id='word_1_355' title='bbox 892 3168 989 3220; x_wconf 86' lang='lat' dir='ltr'><strong>hac</strong></span> <span class='ocrx_word' id='word_1_356' title='bbox 1037 3166 1085 3217; x_wconf 93' lang='lat' dir='ltr'><strong>in</strong></span> <span class='ocrx_word' id='word_1_357' title='bbox 1133 3175 1278 3234; x_wconf 89' lang='lat' dir='ltr'><strong>parte</strong></span> <span class='ocrx_word' id='word_1_358' title='bbox 1323 3163 1519 3228; x_wconf 85' lang='lat' dir='ltr'><strong>jaetat,</strong></span> <span class='ocrx_word' id='word_1_359' title='bbox 1566 3163 1843 3230; x_wconf 84' lang='lat' dir='ltr'><strong>objectans</strong></span> <span class='ocrx_word' id='word_1_360' title='bbox 1888 3160 2099 3213; x_wconf 85' lang='lat' dir='ltr'><strong>dicebat</strong></span> <span class='ocrx_word' id='word_1_361' title='bbox 2135 3177 2146 3211; x_wconf 93' lang='lat'><strong>:</strong></span> <span class='ocrx_word' id='word_1_362' title='bbox 2181 3157 2343 3212; x_wconf 84' lang='lat' dir='ltr'><strong>Omne</strong></span> 
     </span>
    </p>
   </div>
   <div class='ocr_carea' id='block_1_50' title="bbox 792 3252 2342 3326">
    <p class='ocr_par' dir='ltr' id='par_1_50' title="bbox 792 3252 2342 3326">
     <span class='ocr_line' id='line_1_50' title="bbox 792 3252 2342 3326; baseline -0.003 -17"><span class='ocrx_word' id='word_1_363' title='bbox 792 3275 1005 3326; x_wconf 80' lang='lat' dir='ltr'><strong>regnum</strong></span> <span class='ocrx_word' id='word_1_364' title='bbox 1039 3257 1088 3308; x_wconf 80' lang='lat' dir='ltr'><strong>in</strong></span> <span class='ocrx_word' id='word_1_365' title='bbox 1121 3267 1294 3323; x_wconf 81' lang='lat' dir='ltr'><strong>partes</strong></span> <span class='ocrx_word' id='word_1_366' title='bbox 1329 3256 1578 3315; x_wconf 78' lang='lat' dir='ltr'><strong>scissum,</strong></span> <span class='ocrx_word' id='word_1_367' title='bbox 1613 3271 1709 3306; x_wconf 87' lang='lat' dir='ltr'><strong>non</strong></span> <span class='ocrx_word' id='word_1_368' title='bbox 1733 3254 1970 3306; x_wconf 80' lang='lat' dir='ltr'><strong>consistet</strong></span> <span class='ocrx_word' id='word_1_369' title='bbox 1991 3253 2052 3306; x_wconf 79' lang='grc'><strong>⁷⁸.</strong></span> <span class='ocrx_word' id='word_1_370' title='bbox 2081 3252 2342 3317; x_wconf 88' lang='lat' dir='ltr'><strong>Quoniam</strong></span> 
     </span>
    </p>
   </div>
   <div class='ocr_carea' id='block_1_51' title="bbox 793 3337 2346 3417">
    <p class='ocr_par' dir='ltr' id='par_1_51' title="bbox 793 3337 2346 3417">
     <span class='ocr_line' id='line_1_51' title="bbox 793 3337 2346 3417; baseline -0.005 -13"><span class='ocrx_word' id='word_1_371' title='bbox 793 3353 936 3405; x_wconf 91' lang='lat' dir='ltr'><strong>enim</strong></span> <span class='ocrx_word' id='word_1_372' title='bbox 971 3337 1284 3417; x_wconf 84' lang='lat' dir='ltr'><strong>improbiet</strong></span> <span class='ocrx_word' id='word_1_373' title='bbox 1318 3348 1518 3416; x_wconf 89' lang='lat' dir='ltr'><strong>stupidi</strong></span> <span class='ocrx_word' id='word_1_374' title='bbox 1545 3347 1736 3411; x_wconf 68' lang='lat' dir='ltr'><strong>JUdlCi,</strong></span> <span class='ocrx_word' id='word_1_375' title='bbox 1763 3347 2008 3400; x_wconf 90' lang='lat' dir='ltr'><strong>videntes</strong></span> <span class='ocrx_word' id='word_1_376' title='bbox 2039 3346 2346 3399; x_wconf 83' lang='lat' dir='ltr'><strong>Creatorem</strong></span> 
     </span>
    </p>
   </div>
   <div class='ocr_carea' id='block_1_52' title="bbox 794 3437 2350 3509">
    <p class='ocr_par' dir='ltr' id='par_1_52' title="bbox 794 3437 2350 3509">
     <span class='ocr_line' id='line_1_52' title="bbox 794 3437 2350 3509; baseline -0.004 -13"><span class='ocrx_word' id='word_1_377' title='bbox 794 3454 846 3497; x_wconf 89' lang='lat' dir='ltr'><strong>et</strong></span> <span class='ocrx_word' id='word_1_378' title='bbox 875 3441 1082 3495; x_wconf 87' lang='lat' dir='ltr'><strong>animas</strong></span> <span class='ocrx_word' id='word_1_379' title='bbox 1099 3451 1152 3495; x_wconf 88' lang='lat' dir='ltr'><strong>et</strong></span> <span class='ocrx_word' id='word_1_380' title='bbox 1184 3456 1408 3509; x_wconf 84' lang='lat' dir='ltr'><strong>corpora</strong></span> <span class='ocrx_word' id='word_1_381' title='bbox 1457 3440 1658 3493; x_wconf 90' lang='lat' dir='ltr'><strong>morbis</strong></span> <span class='ocrx_word' id='word_1_382' title='bbox 1692 3439 2032 3501; x_wconf 87' lang='lat' dir='ltr'><strong>liberantem,</strong></span> <span class='ocrx_word' id='word_1_383' title='bbox 2069 3437 2350 3492; x_wconf 84' lang='lat' dir='ltr'><strong>Beelzebul</strong></span> 
     </span>
    </p>
   </div>
   <div class='ocr_carea' id='block_1_53' title="bbox 795 3530 2348 3601">
    <p class='ocr_par' dir='ltr' id='par_1_53' title="bbox 795 3530 2348 3601">
     <span class='ocr_line' id='line_1_53' title="bbox 795 3530 2348 3601; baseline -0.004 -13"><span class='ocrx_word' id='word_1_384' title='bbox 795 3535 1051 3588; x_wconf 89' lang='lat' dir='ltr'><strong>miracula</strong></span> <span class='ocrx_word' id='word_1_385' title='bbox 1105 3535 1216 3586; x_wconf 73' lang='lat' dir='ltr'><strong>lizec</strong></span> <span class='ocrx_word' id='word_1_386' title='bbox 1259 3533 1750 3601; x_wconf 83' lang='lat' dir='ltr'><strong>transcripserunt,</strong></span> <span class='ocrx_word' id='word_1_387' title='bbox 1803 3531 1873 3584; x_wconf 90' lang='lat' dir='ltr'><strong>ita</strong></span> <span class='ocrx_word' id='word_1_388' title='bbox 1931 3540 1983 3584; x_wconf 88' lang='lat' dir='ltr'><strong>et</strong></span> <span class='ocrx_word' id='word_1_389' title='bbox 2030 3530 2348 3583; x_wconf 81' lang='lat' dir='ltr'><strong>defectionis</strong></span> 
     </span>
    </p>
   </div>
   <div class='ocr_carea' id='block_1_54' title="bbox 795 3621 2351 3694">
    <p class='ocr_par' dir='ltr' id='par_1_54' title="bbox 795 3621 2351 3694">
     <span class='ocr_line' id='line_1_54' title="bbox 795 3621 2351 3694; baseline -0.002 -17"><span class='ocrx_word' id='word_1_390' title='bbox 795 3625 953 3692; x_wconf 85' lang='lat' dir='ltr'><strong>hujus</strong></span> <span class='ocrx_word' id='word_1_391' title='bbox 993 3635 1419 3694; x_wconf 82' lang='lat' dir='ltr'><strong>propugnatores</strong></span> <span class='ocrx_word' id='word_1_392' title='bbox 1449 3639 1606 3691; x_wconf 90' lang='lat' dir='ltr'><strong>opera</strong></span> <span class='ocrx_word' id='word_1_393' title='bbox 1640 3638 1896 3674; x_wconf 90' lang='lat' dir='ltr'><strong>manuum</strong></span> <span class='ocrx_word' id='word_1_394' title='bbox 1939 3621 2056 3690; x_wconf 85' lang='lat' dir='ltr'><strong>ejus</strong></span> <span class='ocrx_word' id='word_1_395' title='bbox 2097 3622 2149 3674; x_wconf 93' lang='lat' dir='ltr'><strong>in</strong></span> <span class='ocrx_word' id='word_1_396' title='bbox 2198 3637 2351 3674; x_wconf 86' lang='lat' dir='ltr'><strong>eum-</strong></span> 
     </span>
    </p>
   </div>
   <div class='ocr_carea' id='block_1_55' title="bbox 794 3713 2351 3783">
    <p class='ocr_par' dir='ltr' id='par_1_55' title="bbox 794 3713 2351 3783">
     <span class='ocr_line' id='line_1_55' title="bbox 794 3713 2351 3783; baseline -0.002 -15"><span class='ocrx_word' id='word_1_397' title='bbox 794 3719 912 3770; x_wconf 85' lang='lat' dir='ltr'><strong>dem</strong></span> <span class='ocrx_word' id='word_1_398' title='bbox 969 3716 1319 3769; x_wconf 80' lang='lat' dir='ltr'><strong>trausferunt.</strong></span> <span class='ocrx_word' id='word_1_399' title='bbox 1355 3715 1642 3783; x_wconf 80' lang='lat' dir='ltr'><strong>Propterea</strong></span> <span class='ocrx_word' id='word_1_400' title='bbox 1687 3729 1751 3766; x_wconf 80' lang='lat' dir='ltr'><strong>ex</strong></span> <span class='ocrx_word' id='word_1_401' title='bbox 1781 3713 1972 3767; x_wconf 89' lang='lat' dir='ltr'><strong>merito</strong></span> <span class='ocrx_word' id='word_1_402' title='bbox 2016 3713 2201 3766; x_wconf 88' lang='lat' dir='ltr'><strong>eadem</strong></span> <span class='ocrx_word' id='word_1_403' title='bbox 2245 3713 2351 3765; x_wconf 90' lang='lat' dir='ltr'><strong>Do-</strong></span> 
     </span>
    </p>
   </div>
   <div class='ocr_carea' id='block_1_56' title="bbox 795 3804 2348 3874">
    <p class='ocr_par' dir='ltr' id='par_1_56' title="bbox 795 3804 2348 3874">
     <span class='ocr_line' id='line_1_56' title="bbox 795 3804 2348 3874; baseline -0.004 -12"><span class='ocrx_word' id='word_1_404' title='bbox 795 3808 925 3862; x_wconf 88' lang='lat' dir='ltr'><strong>mini</strong></span> <span class='ocrx_word' id='word_1_405' title='bbox 959 3822 1088 3861; x_wconf 84' lang='lat' dir='ltr'><strong>vocc</strong></span> <span class='ocrx_word' id='word_1_406' title='bbox 1117 3808 1392 3874; x_wconf 89' lang='lat' dir='ltr'><strong>utriusque</strong></span> <span class='ocrx_word' id='word_1_407' title='bbox 1418 3806 1584 3874; x_wconf 89' lang='lat' dir='ltr'><strong>partis</strong></span> <span class='ocrx_word' id='word_1_408' title='bbox 1617 3819 1847 3874; x_wconf 83' lang='lat' dir='ltr'><strong>pugnam</strong></span> <span class='ocrx_word' id='word_1_409' title='bbox 1879 3804 1988 3857; x_wconf 91' lang='lat' dir='ltr'><strong>Deo</strong></span> <span class='ocrx_word' id='word_1_410' title='bbox 2029 3806 2348 3857; x_wconf 90' lang='lat' dir='ltr'><strong>intentatam</strong></span> 
     </span>
    </p>
   </div>
   <div class='ocr_carea' id='block_1_57' title="bbox 797 3896 2352 3963">
    <p class='ocr_par' dir='ltr' id='par_1_57' title="bbox 797 3896 2352 3963">
     <span class='ocr_line' id='line_1_57' title="bbox 797 3896 2352 3963; baseline -0.002 -12"><span class='ocrx_word' id='word_1_411' title='bbox 797 3900 1121 3954; x_wconf 80' lang='lat' dir='ltr'><strong>eoul&#39;uderis.</strong></span> <span class='ocrx_word' id='word_1_412' title='bbox 1168 3899 1319 3962; x_wconf 81' lang='lat' dir='ltr'><strong>Quod</strong></span> <span class='ocrx_word' id='word_1_413' title='bbox 1361 3898 1403 3951; x_wconf 94' lang='lat' dir='ltr'><strong>si</strong></span> <span class='ocrx_word' id='word_1_414' title='bbox 1448 3897 1589 3951; x_wconf 89' lang='lat' dir='ltr'><strong>enim</strong></span> <span class='ocrx_word' id='word_1_415' title='bbox 1629 3897 1913 3950; x_wconf 89' lang='lat' dir='ltr'><strong>indivisum</strong></span> <span class='ocrx_word' id='word_1_416' title='bbox 1959 3896 2352 3963; x_wconf 89' lang='lat' dir='ltr'><strong>Omnipotentis</strong></span> 
     </span>
    </p>
   </div>
   <div class='ocr_carea' id='block_1_58' title="bbox 797 3986 2350 4060">
    <p class='ocr_par' dir='ltr' id='par_1_58' title="bbox 797 3986 2350 4060">
     <span class='ocr_line' id='line_1_58' title="bbox 797 3986 2350 4060; baseline -0.004 -16"><span class='ocrx_word' id='word_1_417' title='bbox 797 3993 1082 4060; x_wconf 81' lang='lat' dir='ltr'><strong>imperium</strong></span> <span class='ocrx_word' id='word_1_418' title='bbox 1144 3990 1432 4050; x_wconf 87' lang='lat' dir='ltr'><strong>dividatur,</strong></span> <span class='ocrx_word' id='word_1_419' title='bbox 1475 3988 1708 4042; x_wconf 85' lang='lat' dir='ltr'><strong>divisum</strong></span> <span class='ocrx_word' id='word_1_420' title='bbox 1751 4001 2024 4055; x_wconf 86' lang='lat' dir='ltr'><strong>nunquam</strong></span> <span class='ocrx_word' id='word_1_421' title='bbox 2069 3986 2350 4040; x_wconf 88' lang='lat' dir='ltr'><strong>consistet.</strong></span> 
     </span>
    </p>
   </div>
   <div class='ocr_carea' id='block_1_59' title="bbox 797 4075 2348 4152">
    <p class='ocr_par' dir='ltr' id='par_1_59' title="bbox 797 4075 2348 4152">
     <span class='ocr_line' id='line_1_59' title="bbox 797 4075 2348 4152; baseline -0.005 -17"><span class='ocrx_word' id='word_1_422' title='bbox 797 4085 899 4138; x_wconf 80' lang='lat' dir='ltr'><strong>Sed</strong></span> <span class='ocrx_word' id='word_1_423' title='bbox 932 4084 1099 4152; x_wconf 87' lang='lat' dir='ltr'><strong>prima</strong></span> <span class='ocrx_word' id='word_1_424' title='bbox 1141 4081 1225 4134; x_wconf 88' lang='lat' dir='ltr'><strong>illa</strong></span> <span class='ocrx_word' id='word_1_425' title='bbox 1280 4080 1474 4132; x_wconf 88' lang='lat' dir='ltr'><strong>divisio</strong></span> <span class='ocrx_word' id='word_1_426' title='bbox 1517 4079 1655 4132; x_wconf 81' lang='lat' dir='ltr'><strong>viam</strong></span> <span class='ocrx_word' id='word_1_427' title='bbox 1708 4085 1944 4139; x_wconf 87' lang='lat' dir='ltr'><strong>sternet,</strong></span> <span class='ocrx_word' id='word_1_428' title='bbox 1996 4084 2054 4130; x_wconf 91' lang='lat' dir='ltr'><strong>ut</strong></span> <span class='ocrx_word' id='word_1_429' title='bbox 2088 4077 2144 4128; x_wconf 91' lang='lat' dir='ltr'><strong>in</strong></span> <span class='ocrx_word' id='word_1_430' title='bbox 2202 4075 2348 4128; x_wconf 89' lang='lat' dir='ltr'><strong>mille</strong></span> 
     </span>
    </p>
   </div>
   <div class='ocr_carea' id='block_1_60' title="bbox 798 4169 2353 4242">
    <p class='ocr_par' dir='ltr' id='par_1_60' title="bbox 798 4169 2353 4242">
     <span class='ocr_line' id='line_1_60' title="bbox 798 4169 2353 4242; baseline -0.005 -14"><span class='ocrx_word' id='word_1_431' title='bbox 798 4175 1020 4229; x_wconf 87' lang='lat' dir='ltr'><strong>distrahi</strong></span> <span class='ocrx_word' id='word_1_432' title='bbox 1054 4183 1232 4242; x_wconf 89' lang='lat' dir='ltr'><strong>queat,</strong></span> <span class='ocrx_word' id='word_1_433' title='bbox 1259 4188 1356 4225; x_wconf 86' lang='lat' dir='ltr'><strong>nec</strong></span> <span class='ocrx_word' id='word_1_434' title='bbox 1381 4188 1612 4240; x_wconf 89' lang='lat' dir='ltr'><strong>unquam</strong></span> <span class='ocrx_word' id='word_1_435' title='bbox 1639 4179 1838 4223; x_wconf 85' lang='lat' dir='ltr'><strong>certam</strong></span> <span class='ocrx_word' id='word_1_436' title='bbox 1866 4169 2047 4222; x_wconf 85' lang='lat' dir='ltr'><strong>sedem</strong></span> <span class='ocrx_word' id='word_1_437' title='bbox 2068 4169 2353 4235; x_wconf 86' lang='lat' dir='ltr'><strong>locumque</strong></span> 
     </span>
    </p>
   </div>
   <div class='ocr_carea' id='block_1_61' title="bbox 799 4262 2354 4335">
    <p class='ocr_par' dir='ltr' id='par_1_61' title="bbox 799 4262 2354 4335">
     <span class='ocr_line' id='line_1_61' title="bbox 799 4262 2354 4335; baseline -0.008 -14"><span class='ocrx_word' id='word_1_438' title='bbox 799 4269 1051 4335; x_wconf 87' lang='lat' dir='ltr'><strong>consequi</strong></span> <span class='ocrx_word' id='word_1_439' title='bbox 1104 4266 1289 4334; x_wconf 86' lang='lat' dir='ltr'><strong>possit.</strong></span> <span class='ocrx_word' id='word_1_440' title='bbox 1349 4263 1808 4329; x_wconf 82' lang='lat' dir='ltr'><strong>Quemadmodum</strong></span> <span class='ocrx_word' id='word_1_441' title='bbox 1880 4262 2061 4330; x_wconf 89' lang='lat' dir='ltr'><strong>itaque</strong></span> <span class='ocrx_word' id='word_1_442' title='bbox 2130 4269 2354 4326; x_wconf 88' lang='lat' dir='ltr'><strong>uterque</strong></span> 
     </span>
    </p>
   </div>
   <div class='ocr_carea' id='block_1_62' title="bbox 801 4349 2356 4428">
    <p class='ocr_par' dir='ltr' id='par_1_62' title="bbox 801 4349 2356 4428">
     <span class='ocr_line' id='line_1_62' title="bbox 801 4349 2356 4428; baseline -0.009 -15"><span class='ocrx_word' id='word_1_443' title='bbox 801 4358 1226 4428; x_wconf 86' lang='lat' dir='ltr'><strong>deprehenditur</strong></span> <span class='ocrx_word' id='word_1_444' title='bbox 1257 4367 1440 4408; x_wconf 88' lang='lat' dir='ltr'><strong>contra</strong></span> <span class='ocrx_word' id='word_1_445' title='bbox 1491 4353 1656 4407; x_wconf 91' lang='lat' dir='ltr'><strong>Deum</strong></span> <span class='ocrx_word' id='word_1_446' title='bbox 1693 4368 1962 4423; x_wconf 80' lang='lat' dir='ltr'><strong>pugnare,</strong></span> <span class='ocrx_word' id='word_1_447' title='bbox 2006 4349 2225 4404; x_wconf 66' lang='lat' dir='ltr'><strong>Iudaeus</strong></span> <span class='ocrx_word' id='word_1_448' title='bbox 2255 4349 2356 4401; x_wconf 89' lang='lat' dir='ltr'><strong>sci-</strong></span> 
     </span>
    </p>
   </div>
   <div class='ocr_carea' id='block_1_63' title="bbox 799 4442 2354 4517">
    <p class='ocr_par' dir='ltr' id='par_1_63' title="bbox 799 4442 2354 4517">
     <span class='ocr_line' id='line_1_63' title="bbox 799 4442 2354 4517; baseline -0.006 -15"><span class='ocrx_word' id='word_1_449' title='bbox 799 4451 925 4504; x_wconf 86' lang='lat' dir='ltr'><strong>licet</strong></span> <span class='ocrx_word' id='word_1_450' title='bbox 969 4459 1022 4502; x_wconf 90' lang='lat' dir='ltr'><strong>et</strong></span> <span class='ocrx_word' id='word_1_451' title='bbox 1051 4457 1314 4517; x_wconf 84' lang='lat' dir='ltr'><strong>apostata,</strong></span> <span class='ocrx_word' id='word_1_452' title='bbox 1360 4445 1445 4498; x_wconf 84' lang='lat' dir='ltr'><strong>ille</strong></span> <span class='ocrx_word' id='word_1_453' title='bbox 1486 4444 1701 4514; x_wconf 90' lang='lat' dir='ltr'><strong>quidem</strong></span> <span class='ocrx_word' id='word_1_454' title='bbox 1744 4443 2033 4505; x_wconf 88' lang='lat' dir='ltr'><strong>miracula,</strong></span> <span class='ocrx_word' id='word_1_455' title='bbox 2095 4442 2182 4495; x_wconf 87' lang='lat' dir='ltr'><strong>hic</strong></span> <span class='ocrx_word' id='word_1_456' title='bbox 2225 4455 2354 4495; x_wconf 80' lang='lat' dir='ltr'><strong>vero</strong></span> 
     </span>
    </p>
   </div>
   <div class='ocr_carea' id='block_1_64' title="bbox 2439 1973 4010 2048">
    <p class='ocr_par' dir='ltr' id='par_1_64' title="bbox 2439 1973 4010 2048">
     <span class='ocr_line' id='line_1_64' title="bbox 2439 1973 4010 2048; baseline -0.002 -16"><span class='ocrx_word' id='word_1_457' title='bbox 2439 1997 2496 2032; x_wconf 84' lang='grc' dir='ltr'><strong>τε</strong></span> <span class='ocrx_word' id='word_1_458' title='bbox 2527 1981 2620 2032; x_wconf 68' lang='grc' dir='ltr'><strong>καὶ</strong></span> <span class='ocrx_word' id='word_1_459' title='bbox 2647 1977 2908 2048; x_wconf 78' lang='grc' dir='ltr'><strong>ῥημάτων</strong></span> <span class='ocrx_word' id='word_1_460' title='bbox 2937 1977 3036 2045; x_wconf 85' lang='grc' dir='ltr'><strong>τῆς</strong></span> <span class='ocrx_word' id='word_1_461' title='bbox 3069 1975 3276 2046; x_wconf 79' lang='grc' dir='ltr'><strong>πλάνης</strong></span> <span class='ocrx_word' id='word_1_462' title='bbox 3309 1973 3676 2046; x_wconf 66' lang='grc' dir='ltr'>ἠλεγχμένης,</span> <span class='ocrx_word' id='word_1_463' title='bbox 3718 1978 3751 2046; x_wconf 85' lang='grc' dir='ltr'>ἢ</span> <span class='ocrx_word' id='word_1_464' title='bbox 3786 1977 3846 2028; x_wconf 74' lang='grc' dir='ltr'><strong>τὸ</strong></span> <span class='ocrx_word' id='word_1_465' title='bbox 3869 1979 4010 2046; x_wconf 77' lang='grc' dir='ltr'>κρά-</span> 
     </span>
    </p>
   </div>
   <div class='ocr_carea' id='block_1_65' title="bbox 2439 2066 4012 2139">
    <p class='ocr_par' dir='ltr' id='par_1_65' title="bbox 2439 2066 4012 2139">
     <span class='ocr_line' id='line_1_65' title="bbox 2439 2066 4012 2139; baseline 0.004 -25"><span class='ocrx_word' id='word_1_466' title='bbox 2439 2087 2529 2132; x_wconf 79' lang='grc' dir='ltr'><strong>τος</strong></span> <span class='ocrx_word' id='word_1_467' title='bbox 2557 2073 2652 2139; x_wconf 78' lang='grc' dir='ltr'><strong>τῆς</strong></span> <span class='ocrx_word' id='word_1_468' title='bbox 2701 2067 2794 2120; x_wconf 74' lang='grc' dir='ltr'><strong>τοῦ</strong></span> <span class='ocrx_word' id='word_1_469' title='bbox 2821 2066 2956 2119; x_wconf 80' lang='grc' dir='ltr'><strong>Θεοῦ</strong></span> <span class='ocrx_word' id='word_1_470' title='bbox 2989 2066 3266 2137; x_wconf 70' lang='grc' dir='ltr'><strong>βασιλείας</strong></span> <span class='ocrx_word' id='word_1_471' title='bbox 3294 2069 3372 2130; x_wconf 87' lang='grc' dir='ltr'><strong>είς</strong></span> <span class='ocrx_word' id='word_1_472' title='bbox 3411 2068 3584 2138; x_wconf 72' lang='grc' dir='ltr'>ἀρχὰς</span> <span class='ocrx_word' id='word_1_473' title='bbox 3621 2069 4012 2136; x_wconf 71' lang='grc' dir='ltr'><strong>ἀντικειμένας</strong></span> 
     </span>
    </p>
   </div>
   <div class='ocr_carea' id='block_1_66' title="bbox 2391 2158 4010 2231">
    <p class='ocr_par' dir='ltr' id='par_1_66' title="bbox 2391 2158 4010 2231">
     <span class='ocr_line' id='line_1_66' title="bbox 2391 2158 4010 2231; baseline 0.002 -20"><span class='ocrx_word' id='word_1_474' title='bbox 2391 2207 2394 2211; x_wconf 89' lang='grc'>.</span> <span class='ocrx_word' id='word_1_475' title='bbox 2441 2161 2633 2231; x_wconf 75' lang='grc' dir='ltr'>σχίζει,</span> <span class='ocrx_word' id='word_1_476' title='bbox 2677 2161 2799 2214; x_wconf 80' lang='grc' dir='ltr'>τίνα</span> <span class='ocrx_word' id='word_1_477' title='bbox 2831 2160 3018 2212; x_wconf 75' lang='grc' dir='ltr'>λοιπὸν</span> <span class='ocrx_word' id='word_1_478' title='bbox 3050 2159 3380 2229; x_wconf 76' lang='grc' dir='ltr'><strong>συγγνώμην</strong></span> <span class='ocrx_word' id='word_1_479' title='bbox 3414 2158 3626 2229; x_wconf 74' lang='grc' dir='ltr'>ἔχουσιν</span> <span class='ocrx_word' id='word_1_480' title='bbox 3656 2162 3705 2212; x_wconf 84' lang='grc' dir='ltr'><strong>οί</strong></span> <span class='ocrx_word' id='word_1_481' title='bbox 3749 2161 3890 2229; x_wconf 76' lang='grc' dir='ltr'>μετὰ</span> <span class='ocrx_word' id='word_1_482' title='bbox 3916 2178 4010 2214; x_wconf 86' lang='grc' dir='ltr'><strong>το-</strong></span> 
     </span>
    </p>
   </div>
   <div class='ocr_carea' id='block_1_67' title="bbox 2444 2251 4010 2323">
    <p class='ocr_par' dir='ltr' id='par_1_67' title="bbox 2444 2251 4010 2323">
     <span class='ocr_line' id='line_1_67' title="bbox 2444 2251 4010 2323; baseline -0.001 -17"><span class='ocrx_word' id='word_1_483' title='bbox 2444 2253 2663 2316; x_wconf 79' lang='grc' dir='ltr'>σούτους</span> <span class='ocrx_word' id='word_1_484' title='bbox 2687 2254 2782 2322; x_wconf 79' lang='grc' dir='ltr'><strong>τῆς</strong></span> <span class='ocrx_word' id='word_1_485' title='bbox 2807 2252 3060 2315; x_wconf 74' lang='grc' dir='ltr'>ἀσεϐείας</span> <span class='ocrx_word' id='word_1_486' title='bbox 3083 2253 3335 2322; x_wconf 70' lang='grc' dir='ltr'>ἐλέγχους</span> <span class='ocrx_word' id='word_1_487' title='bbox 3385 2251 3462 2304; x_wconf 71' lang='grc' dir='ltr'><strong>ἔτι</strong></span> <span class='ocrx_word' id='word_1_488' title='bbox 3496 2252 3573 2322; x_wconf 85' lang='grc' dir='ltr'><strong>τῷ</strong></span> <span class='ocrx_word' id='word_1_489' title='bbox 3610 2251 3702 2305; x_wconf 72' lang='grc' dir='ltr'><strong>τοῦ</strong></span> <span class='ocrx_word' id='word_1_490' title='bbox 3736 2253 4010 2323; x_wconf 72' lang='grc' dir='ltr'><strong>ιῐονηροῦ.</strong></span> 
     </span>
    </p>
   </div>
   <div class='ocr_carea' id='block_1_68' title="bbox 2444 2336 4011 2413">
    <p class='ocr_par' dir='ltr' id='par_1_68' title="bbox 2444 2336 4011 2413">
     <span class='ocr_line' id='line_1_68' title="bbox 2444 2336 4011 2413; baseline -0.002 -16"><span class='ocrx_word' id='word_1_491' title='bbox 2444 2344 2511 2397; x_wconf 82' lang='grc' dir='ltr'>δι’</span> <span class='ocrx_word' id='word_1_492' title='bbox 2540 2338 2613 2397; x_wconf 82' lang='grc' dir='ltr'>ὧν</span> <span class='ocrx_word' id='word_1_493' title='bbox 2647 2361 2703 2396; x_wconf 85' lang='grc' dir='ltr'>τε</span> <span class='ocrx_word' id='word_1_494' title='bbox 2730 2343 2985 2413; x_wconf 76' lang='grc' dir='ltr'>φρονοῦσι</span> <span class='ocrx_word' id='word_1_495' title='bbox 3007 2344 3100 2396; x_wconf 79' lang='grc' dir='ltr'>καὶ</span> <span class='ocrx_word' id='word_1_496' title='bbox 3126 2343 3191 2395; x_wconf 78' lang='grc' dir='ltr'>δι’</span> <span class='ocrx_word' id='word_1_497' title='bbox 3220 2336 3294 2396; x_wconf 82' lang='grc' dir='ltr'>ὦν</span> <span class='ocrx_word' id='word_1_498' title='bbox 3331 2342 3530 2412; x_wconf 75' lang='grc' dir='ltr'>βιοῦσι,</span> <span class='ocrx_word' id='word_1_499' title='bbox 3563 2344 4011 2413; x_wconf 78' lang='grc' dir='ltr'>καθυπηρετοῦν-</span> 
     </span>
    </p>
   </div>
   <div class='ocr_carea' id='block_1_69' title="bbox 2441 2434 4013 2504">
    <p class='ocr_par' dir='ltr' id='par_1_69' title="bbox 2441 2434 4013 2504">
     <span class='ocr_line' id='line_1_69' title="bbox 2441 2434 4013 2504; baseline 0 -16"><span class='ocrx_word' id='word_1_500' title='bbox 2441 2453 2529 2498; x_wconf 84' lang='grc' dir='ltr'>τες</span> <span class='ocrx_word' id='word_1_501' title='bbox 2558 2435 2822 2504; x_wconf 77' lang='grc' dir='ltr'>Θελήματι</span> <span class='ocrx_word' id='word_1_502' title='bbox 2844 2449 2856 2462; x_wconf 83' lang='grc'><strong>’</strong></span> <span class='ocrx_word' id='word_1_503' title='bbox 2889 2435 3091 2488; x_wconf 72' lang='grc' dir='ltr'>καὶτὸν</span> <span class='ocrx_word' id='word_1_504' title='bbox 3119 2434 3217 2502; x_wconf 81' lang='grc' dir='ltr'>μὲν</span> <span class='ocrx_word' id='word_1_505' title='bbox 3251 2434 3655 2504; x_wconf 84' lang='grc' dir='ltr'>Οἰκοδεσπότην</span> <span class='ocrx_word' id='word_1_506' title='bbox 3680 2437 3775 2489; x_wconf 79' lang='grc' dir='ltr'>τοῦ</span> <span class='ocrx_word' id='word_1_507' title='bbox 3806 2437 4013 2499; x_wconf 69' lang='grc' dir='ltr'>παντὸς</span> 
     </span>
    </p>
   </div>
   <div class='ocr_carea' id='block_1_70' title="bbox 2443 2526 4011 2596">
    <p class='ocr_par' dir='ltr' id='par_1_70' title="bbox 2443 2526 4011 2596">
     <span class='ocr_line' id='line_1_70' title="bbox 2443 2526 4011 2596; baseline 0 -18"><span class='ocrx_word' id='word_1_508' title='bbox 2443 2527 2764 2592; x_wconf 66' lang='grc' dir='ltr'>Βεελζεῦοἱιλ</span> <span class='ocrx_word' id='word_1_509' title='bbox 2787 2526 3096 2589; x_wconf 79' lang='grc' dir='ltr'>καλοῦντες.</span> <span class='ocrx_word' id='word_1_510' title='bbox 3139 2527 3231 2579; x_wconf 82' lang='grc' dir='ltr'><strong>τὸν</strong></span> <span class='ocrx_word' id='word_1_511' title='bbox 3267 2526 3322 2578; x_wconf 79' lang='grc' dir='ltr'>δὲ</span> <span class='ocrx_word' id='word_1_512' title='bbox 3351 2526 3676 2590; x_wconf 69' lang='grc' dir='ltr'>Βεελζεσοὺλ</span> <span class='ocrx_word' id='word_1_513' title='bbox 3711 2528 3844 2579; x_wconf 84' lang='grc' dir='ltr'>Θεὸν</span> <span class='ocrx_word' id='word_1_514' title='bbox 3873 2527 4011 2596; x_wconf 62' lang='lat' dir='ltr'><strong>xpu-</strong></span> 
     </span>
    </p>
   </div>
   <div class='ocr_carea' id='block_1_71' title="bbox 2445 2618 4015 2690">
    <p class='ocr_par' dir='ltr' id='par_1_71' title="bbox 2445 2618 4015 2690">
     <span class='ocr_line' id='line_1_71' title="bbox 2445 2618 4015 2690; baseline -0.002 -18"><span class='ocrx_word' id='word_1_515' title='bbox 2445 2639 2564 2690; x_wconf 85' lang='grc' dir='ltr'>φιον</span> <span class='ocrx_word' id='word_1_516' title='bbox 2595 2621 2686 2672; x_wconf 69' lang='grc' dir='ltr'>καὶ</span> <span class='ocrx_word' id='word_1_517' title='bbox 2742 2620 2999 2690; x_wconf 60' lang='grc' dir='ltr'>ἄρρητον,</span> <span class='ocrx_word' id='word_1_518' title='bbox 3061 2619 3156 2670; x_wconf 73' lang='grc' dir='ltr'>καὶ</span> <span class='ocrx_word' id='word_1_519' title='bbox 3210 2618 3433 2686; x_wconf 81' lang='grc' dir='ltr'>ἀγαθὸν,</span> <span class='ocrx_word' id='word_1_520' title='bbox 3471 2621 3566 2671; x_wconf 78' lang='grc' dir='ltr'>καὶ</span> <span class='ocrx_word' id='word_1_521' title='bbox 3605 2621 3840 2689; x_wconf 85' lang='grc' dir='ltr'>πατέρα,</span> <span class='ocrx_word' id='word_1_522' title='bbox 3893 2620 4015 2672; x_wconf 77' lang='grc' dir='ltr'>ἀλλ’</span> 
     </span>
    </p>
   </div>
   <div class='ocr_carea' id='block_1_72' title="bbox 2443 2709 4014 2780">
    <p class='ocr_par' dir='ltr' id='par_1_72' title="bbox 2443 2709 4014 2780">
     <span class='ocr_line' id='line_1_72' title="bbox 2443 2709 4014 2780; baseline -0.001 -16"><span class='ocrx_word' id='word_1_523' title='bbox 2443 2714 2541 2764; x_wconf 76' lang='grc' dir='ltr'><strong>οὐκ</strong></span> <span class='ocrx_word' id='word_1_524' title='bbox 2573 2712 2637 2764; x_wconf 75' lang='grc' dir='ltr'>ἂν</span> <span class='ocrx_word' id='word_1_525' title='bbox 2677 2710 2888 2778; x_wconf 77' lang='grc' dir='ltr'>εἴποιμι</span> <span class='ocrx_word' id='word_1_526' title='bbox 2929 2710 2990 2762; x_wconf 81' lang='grc' dir='ltr'>τὸ</span> <span class='ocrx_word' id='word_1_527' title='bbox 3040 2709 3368 2780; x_wconf 75' lang='grc' dir='ltr'>ἁθειὸτερον,</span> <span class='ocrx_word' id='word_1_528' title='bbox 3415 2711 3810 2778; x_wconf 80' lang='grc' dir='ltr'>ἀποφαίνοντες</span> <span class='ocrx_word' id='word_1_529' title='bbox 3835 2727 3850 2741; x_wconf 75' lang='grc' dir='ltr'><strong>ο</strong></span> <span class='ocrx_word' id='word_1_530' title='bbox 3915 2715 4014 2764; x_wconf 72' lang='grc' dir='ltr'>καὶ</span> 
     </span>
    </p>
   </div>
   <div class='ocr_carea' id='block_1_73' title="bbox 2449 2800 4016 2874">
    <p class='ocr_par' dir='ltr' id='par_1_73' title="bbox 2449 2800 4016 2874">
     <span class='ocr_line' id='line_1_73' title="bbox 2449 2800 4016 2874; baseline -0.001 -18"><span class='ocrx_word' id='word_1_531' title='bbox 2449 2804 2580 2874; x_wconf 84' lang='grc' dir='ltr'>μηδὲ</span> <span class='ocrx_word' id='word_1_532' title='bbox 2610 2804 2701 2854; x_wconf 72' lang='grc' dir='ltr'><strong>τὸν</strong></span> <span class='ocrx_word' id='word_1_533' title='bbox 2745 2804 2878 2872; x_wconf 73' lang='grc' dir='ltr'>πρὸς</span> <span class='ocrx_word' id='word_1_534' title='bbox 2932 2803 3057 2864; x_wconf 74' lang='grc' dir='ltr'><strong>τοὺς</strong></span> <span class='ocrx_word' id='word_1_535' title='bbox 3111 2800 3525 2873; x_wconf 65' lang='grc' dir='ltr'>δυσφημοῦντας</span> <span class='ocrx_word' id='word_1_536' title='bbox 3577 2803 3683 2854; x_wconf 80' lang='grc' dir='ltr'><strong>τῶν</strong></span> <span class='ocrx_word' id='word_1_537' title='bbox 3735 2802 4016 2856; x_wconf 72' lang='grc' dir='ltr'>Ἰουδαίων</span> 
     </span>
    </p>
   </div>
   <div class='ocr_carea' id='block_1_74' title="bbox 2443 2893 4007 2964">
    <p class='ocr_par' dir='ltr' id='par_1_74' title="bbox 2443 2893 4007 2964">
     <span class='ocr_line' id='line_1_74' title="bbox 2443 2893 4007 2964; baseline -0.002 -16"><span class='ocrx_word' id='word_1_538' title='bbox 2443 2893 3144 2962; x_wconf 80' lang='grc' dir='ltr'>Δεσποτικὸνὲκτεθηπότες</span> <span class='ocrx_word' id='word_1_539' title='bbox 3165 2894 3255 2946; x_wconf 78' lang='grc' dir='ltr'>καὶ</span> <span class='ocrx_word' id='word_1_540' title='bbox 3286 2894 3763 2963; x_wconf 79' lang='grc' dir='ltr'><strong>καταπτήσσοντες</strong></span> <span class='ocrx_word' id='word_1_541' title='bbox 3799 2893 4007 2964; x_wconf 81' lang='grc' dir='ltr'>Θρίαμ-</span> 
     </span>
    </p>
   </div>
   <div class='ocr_carea' id='block_1_75' title="bbox 2454 2984 4015 3054">
    <p class='ocr_par' dir='ltr' id='par_1_75' title="bbox 2454 2984 4015 3054">
     <span class='ocr_line' id='line_1_75' title="bbox 2454 2984 4015 3054; baseline -0.002 -17"><span class='ocrx_word' id='word_1_542' title='bbox 2454 2989 2565 3049; x_wconf 73' lang='grc' dir='ltr'>ϐον,</span> <span class='ocrx_word' id='word_1_543' title='bbox 2598 2987 2654 3038; x_wconf 79' lang='grc' dir='ltr'>ὂν</span> <span class='ocrx_word' id='word_1_544' title='bbox 2683 2985 2749 3036; x_wconf 76' lang='grc' dir='ltr'>δι’</span> <span class='ocrx_word' id='word_1_545' title='bbox 2782 2985 3004 3036; x_wconf 83' lang='grc' dir='ltr'><strong>ἐκείνων</strong></span> <span class='ocrx_word' id='word_1_546' title='bbox 3031 2984 3182 3036; x_wconf 70' lang='grc' dir='ltr'>οὐδὲν</span> <span class='ocrx_word' id='word_1_547' title='bbox 3220 2984 3462 3047; x_wconf 77' lang='grc' dir='ltr'>ἔλαττον,</span> <span class='ocrx_word' id='word_1_548' title='bbox 3497 2987 3543 3036; x_wconf 87' lang='grc' dir='ltr'><strong>εί</strong></span> <span class='ocrx_word' id='word_1_549' title='bbox 3571 2985 3664 3036; x_wconf 66' lang='grc' dir='ltr'>καὶ</span> <span class='ocrx_word' id='word_1_550' title='bbox 3702 2987 3775 3054; x_wconf 81' lang='grc' dir='ltr'>μὴ</span> <span class='ocrx_word' id='word_1_551' title='bbox 3806 2986 4015 3052; x_wconf 79' lang='grc' dir='ltr'>μᾶλλον</span> 
     </span>
    </p>
   </div>
   <div class='ocr_carea' id='block_1_76' title="bbox 2447 3075 4018 3145">
    <p class='ocr_par' dir='ltr' id='par_1_76' title="bbox 2447 3075 4018 3145">
     <span class='ocr_line' id='line_1_76' title="bbox 2447 3075 4018 3145; baseline -0.003 -13"><span class='ocrx_word' id='word_1_552' title='bbox 2447 3079 2587 3132; x_wconf 76' lang='grc' dir='ltr'>κατὰ</span> <span class='ocrx_word' id='word_1_553' title='bbox 2636 3079 2733 3145; x_wconf 77' lang='grc' dir='ltr'><strong>τῆς</strong></span> <span class='ocrx_word' id='word_1_554' title='bbox 2795 3078 2887 3129; x_wconf 77' lang='grc' dir='ltr'>νῦν</span> <span class='ocrx_word' id='word_1_555' title='bbox 2939 3077 3292 3138; x_wconf 76' lang='grc' dir='ltr'>ἀποστασξας.</span> <span class='ocrx_word' id='word_1_556' title='bbox 3348 3075 3542 3128; x_wconf 75' lang='grc' dir='ltr'>Κοινὸν</span> <span class='ocrx_word' id='word_1_557' title='bbox 3576 3075 3683 3144; x_wconf 74' lang='grc' dir='ltr'>γὰρ</span> <span class='ocrx_word' id='word_1_558' title='bbox 3744 3077 3930 3138; x_wconf 67' lang='grc' dir='ltr'>αὐτοῖς</span> <span class='ocrx_word' id='word_1_559' title='bbox 3958 3087 4018 3128; x_wconf 84' lang='grc' dir='ltr'>το</span> 
     </span>
    </p>
   </div>
   <div class='ocr_carea' id='block_1_77' title="bbox 2450 3165 4016 3238">
    <p class='ocr_par' dir='ltr' id='par_1_77' title="bbox 2450 3165 4016 3238">
     <span class='ocr_line' id='line_1_77' title="bbox 2450 3165 4016 3238; baseline -0.002 -18"><span class='ocrx_word' id='word_1_560' title='bbox 2450 3170 2756 3238; x_wconf 81' lang='grc' dir='ltr'>Οεομαχείν.</span> <span class='ocrx_word' id='word_1_561' title='bbox 2813 3169 2858 3218; x_wconf 86' lang='grc' dir='ltr'>εἰ</span> <span class='ocrx_word' id='word_1_562' title='bbox 2894 3168 2985 3219; x_wconf 70' lang='grc' dir='ltr'>καὶ</span> <span class='ocrx_word' id='word_1_563' title='bbox 3028 3165 3422 3235; x_wconf 82' lang='grc' dir='ltr'>νεανικώτερον</span> <span class='ocrx_word' id='word_1_564' title='bbox 3467 3167 3494 3216; x_wconf 85' lang='lat'><strong>6</strong></span> <span class='ocrx_word' id='word_1_565' title='bbox 3534 3166 3848 3235; x_wconf 79' lang='grc' dir='ltr'><strong>ἀποστάτης</strong></span> <span class='ocrx_word' id='word_1_566' title='bbox 3878 3166 4016 3233; x_wconf 76' lang='grc' dir='ltr'>θρα-</span> 
     </span>
    </p>
   </div>
   <div class='ocr_carea' id='block_1_78' title="bbox 2452 3255 4018 3328">
    <p class='ocr_par' dir='ltr' id='par_1_78' title="bbox 2452 3255 4018 3328">
     <span class='ocr_line' id='line_1_78' title="bbox 2452 3255 4018 3328; baseline -0.001 -16"><span class='ocrx_word' id='word_1_567' title='bbox 2452 3260 2668 3312; x_wconf 80' lang='grc' dir='ltr'>σύνεται</span> <span class='ocrx_word' id='word_1_568' title='bbox 2695 3258 2994 3328; x_wconf 81' lang='grc' dir='ltr'>προτείνων</span> <span class='ocrx_word' id='word_1_569' title='bbox 3022 3257 3194 3324; x_wconf 79' lang='grc' dir='ltr'>ἔλεγε·</span> <span class='ocrx_word' id='word_1_570' title='bbox 3229 3255 3402 3311; x_wconf 83' lang='grc' dir='ltr'><strong>Πᾶσα</strong></span> <span class='ocrx_word' id='word_1_571' title='bbox 3425 3257 3715 3320; x_wconf 76' lang='grc' dir='ltr'>,ϐασιλεία</span> <span class='ocrx_word' id='word_1_572' title='bbox 3752 3257 3842 3324; x_wconf 66' lang='grc' dir='ltr'><strong>ἐρ’</strong></span> <span class='ocrx_word' id='word_1_573' title='bbox 3873 3257 4018 3310; x_wconf 79' lang='grc' dir='ltr'><strong>ἑαυ-</strong></span> 
     </span>
    </p>
   </div>
   <div class='ocr_carea' id='block_1_79' title="bbox 2448 3349 4017 3421">
    <p class='ocr_par' dir='ltr' id='par_1_79' title="bbox 2448 3349 4017 3421">
     <span class='ocr_line' id='line_1_79' title="bbox 2448 3349 4017 3421; baseline -0.003 -16"><span class='ocrx_word' id='word_1_574' title='bbox 2448 3353 2561 3418; x_wconf 63' lang='grc' dir='ltr'><strong>τὴν</strong></span> <span class='ocrx_word' id='word_1_575' title='bbox 2597 3351 2966 3421; x_wconf 77' lang='grc' dir='ltr'>μεριζομένη,</span> <span class='ocrx_word' id='word_1_576' title='bbox 3007 3353 3076 3404; x_wconf 83' lang='grc' dir='ltr'><strong>οὐ</strong></span> <span class='ocrx_word' id='word_1_577' title='bbox 3113 3349 3586 3414; x_wconf 75' lang='grc' dir='ltr'>συσταθήσεται.</span> <span class='ocrx_word' id='word_1_578' title='bbox 3633 3349 3784 3400; x_wconf 76' lang='grc' dir='ltr'>Ἐπεὶ</span> <span class='ocrx_word' id='word_1_579' title='bbox 3819 3350 3929 3417; x_wconf 69' lang='grc' dir='ltr'>γὰρ</span> <span class='ocrx_word' id='word_1_580' title='bbox 3969 3351 4017 3400; x_wconf 85' lang='grc' dir='ltr'><strong>οί</strong></span> 
     </span>
    </p>
   </div>
   <div class='ocr_carea' id='block_1_80' title="bbox 2449 3437 4020 3508">
    <p class='ocr_par' dir='ltr' id='par_1_80' title="bbox 2449 3437 4020 3508">
     <span class='ocr_line' id='line_1_80' title="bbox 2449 3437 4020 3508; baseline -0.004 -14"><span class='ocrx_word' id='word_1_581' title='bbox 2449 3441 2556 3494; x_wconf 80' lang='grc' dir='ltr'><strong>τῶν</strong></span> <span class='ocrx_word' id='word_1_582' title='bbox 2627 3439 2894 3492; x_wconf 84' lang='grc' dir='ltr'>Ἰουδαίων</span> <span class='ocrx_word' id='word_1_583' title='bbox 2949 3438 3267 3508; x_wconf 80' lang='grc' dir='ltr'><strong>ἀγνώμονες</strong></span> <span class='ocrx_word' id='word_1_584' title='bbox 3315 3437 3407 3489; x_wconf 83' lang='grc' dir='ltr'>τὸν</span> <span class='ocrx_word' id='word_1_585' title='bbox 3463 3437 3722 3505; x_wconf 73' lang='grc' dir='ltr'>Πλάστην</span> <span class='ocrx_word' id='word_1_586' title='bbox 3781 3437 4020 3506; x_wconf 73' lang='grc' dir='ltr'>ὁρῶντες</span> 
     </span>
    </p>
   </div>
   <div class='ocr_carea' id='block_1_81' title="bbox 2451 3530 4018 3600">
    <p class='ocr_par' dir='ltr' id='par_1_81' title="bbox 2451 3530 4018 3600">
     <span class='ocr_line' id='line_1_81' title="bbox 2451 3530 4018 3600; baseline -0.002 -15"><span class='ocrx_word' id='word_1_587' title='bbox 2451 3533 2829 3585; x_wconf 75' lang='grc' dir='ltr'>ἀπελαύνοντα</span> <span class='ocrx_word' id='word_1_588' title='bbox 2885 3531 2978 3583; x_wconf 69' lang='grc' dir='ltr'>καὶ</span> <span class='ocrx_word' id='word_1_589' title='bbox 3042 3530 3232 3600; x_wconf 74' lang='grc' dir='ltr'>ψυχῶν</span> <span class='ocrx_word' id='word_1_590' title='bbox 3271 3531 3364 3582; x_wconf 72' lang='grc' dir='ltr'>καὶ</span> <span class='ocrx_word' id='word_1_591' title='bbox 3422 3531 3689 3598; x_wconf 88' lang='grc' dir='ltr'>σωμάτων</span> <span class='ocrx_word' id='word_1_592' title='bbox 3747 3531 3812 3581; x_wconf 75' lang='grc' dir='ltr'>τὰ</span> <span class='ocrx_word' id='word_1_593' title='bbox 3845 3530 4018 3597; x_wconf 74' lang='grc' dir='ltr'>πάθη.</span> 
     </span>
    </p>
   </div>
   <div class='ocr_carea' id='block_1_82' title="bbox 2450 3621 4020 3690">
    <p class='ocr_par' dir='ltr' id='par_1_82' title="bbox 2450 3621 4020 3690">
     <span class='ocr_line' id='line_1_82' title="bbox 2450 3621 4020 3690; baseline -0.003 -13"><span class='ocrx_word' id='word_1_594' title='bbox 2450 3625 2539 3677; x_wconf 73' lang='grc' dir='ltr'>τὸν</span> <span class='ocrx_word' id='word_1_595' title='bbox 2573 3623 2899 3686; x_wconf 71' lang='grc' dir='ltr'>Βεελξεὸουλ</span> <span class='ocrx_word' id='word_1_596' title='bbox 2961 3624 3080 3684; x_wconf 81' lang='grc' dir='ltr'>ταῖς</span> <span class='ocrx_word' id='word_1_597' title='bbox 3126 3621 3472 3690; x_wconf 85' lang='grc' dir='ltr'>Θεοσημείαις</span> <span class='ocrx_word' id='word_1_598' title='bbox 3529 3622 3892 3690; x_wconf 69' lang='grc' dir='ltr'>ἐπεφήμιζον,</span> <span class='ocrx_word' id='word_1_599' title='bbox 3927 3627 4020 3674; x_wconf 80' lang='grc' dir='ltr'><strong>καί</strong></span> 
     </span>
    </p>
   </div>
   <div class='ocr_carea' id='block_1_83' title="bbox 2451 3699 4020 3785">
    <p class='ocr_par' dir='ltr' id='par_1_83' title="bbox 2451 3699 4020 3785">
     <span class='ocr_line' id='line_1_83' title="bbox 2451 3699 4020 3785; baseline -0.003 -17"><span class='ocrx_word' id='word_1_600' title='bbox 2451 3719 2498 3768; x_wconf 89' lang='grc' dir='ltr'><strong>οἱ</strong></span> <span class='ocrx_word' id='word_1_601' title='bbox 2534 3719 2628 3785; x_wconf 76' lang='grc' dir='ltr'><strong>τῆς</strong></span> <span class='ocrx_word' id='word_1_602' title='bbox 2653 3713 2988 3777; x_wconf 85' lang='grc' dir='ltr'>ἁποστασίας</span> <span class='ocrx_word' id='word_1_603' title='bbox 3027 3714 3334 3782; x_wconf 68' lang='grc' dir='ltr'>ὑπερμαχοι</span> <span class='ocrx_word' id='word_1_604' title='bbox 3368 3715 3435 3766; x_wconf 81' lang='grc' dir='ltr'>τά</span> <span class='ocrx_word' id='word_1_605' title='bbox 3472 3713 3608 3784; x_wconf 76' lang='grc' dir='ltr'>ἔργα</span> <span class='ocrx_word' id='word_1_606' title='bbox 3648 3713 3756 3765; x_wconf 79' lang='grc' dir='ltr'>τῶν</span> <span class='ocrx_word' id='word_1_607' title='bbox 3818 3699 4020 3782; x_wconf 68' lang='grc' dir='ltr'>χειρῶν</span> 
     </span>
    </p>
   </div>
   <div class='ocr_carea' id='block_1_84' title="bbox 2451 3807 4020 3876">
    <p class='ocr_par' dir='ltr' id='par_1_84' title="bbox 2451 3807 4020 3876">
     <span class='ocr_line' id='line_1_84' title="bbox 2451 3807 4020 3876; baseline 0 -16"><span class='ocrx_word' id='word_1_608' title='bbox 2451 3809 2615 3860; x_wconf 75' lang='grc' dir='ltr'>αὑτοῦ</span> <span class='ocrx_word' id='word_1_609' title='bbox 2652 3809 2728 3870; x_wconf 89' lang='grc' dir='ltr'><strong>είς</strong></span> <span class='ocrx_word' id='word_1_610' title='bbox 2758 3807 2846 3859; x_wconf 82' lang='grc' dir='ltr'><strong>τὸν</strong></span> <span class='ocrx_word' id='word_1_611' title='bbox 2875 3807 3033 3859; x_wconf 79' lang='grc' dir='ltr'>αὑτὸν</span> <span class='ocrx_word' id='word_1_612' title='bbox 3092 3807 3444 3876; x_wconf 80' lang='grc' dir='ltr'>ἀναφέρουσι.</span> <span class='ocrx_word' id='word_1_613' title='bbox 3475 3807 3572 3859; x_wconf 85' lang='grc' dir='ltr'><strong>Διὰ</strong></span> <span class='ocrx_word' id='word_1_614' title='bbox 3604 3807 3761 3860; x_wconf 85' lang='grc' dir='ltr'><strong>τοῦτο</strong></span> <span class='ocrx_word' id='word_1_615' title='bbox 3791 3808 4020 3869; x_wconf 81' lang='grc' dir='ltr'>δικαίως</span> 
     </span>
    </p>
   </div>
   <div class='ocr_carea' id='block_1_85' title="bbox 2452 3895 4021 3967">
    <p class='ocr_par' dir='ltr' id='par_1_85' title="bbox 2452 3895 4021 3967">
     <span class='ocr_line' id='line_1_85' title="bbox 2452 3895 4021 3967; baseline -0.001 -18"><span class='ocrx_word' id='word_1_616' title='bbox 2452 3901 2516 3967; x_wconf 80' lang='grc' dir='ltr'><strong>τῇ</strong></span> <span class='ocrx_word' id='word_1_617' title='bbox 2548 3898 2682 3966; x_wconf 74' lang='grc' dir='ltr'>αὐτῇ</span> <span class='ocrx_word' id='word_1_618' title='bbox 2723 3899 3024 3966; x_wconf 79' lang='grc' dir='ltr'>Δεσποτικῇ</span> <span class='ocrx_word' id='word_1_619' title='bbox 3088 3899 3236 3964; x_wconf 78' lang='grc' dir='ltr'>φωνῇ</span> <span class='ocrx_word' id='word_1_620' title='bbox 3274 3896 3364 3948; x_wconf 69' lang='grc' dir='ltr'>καὶ</span> <span class='ocrx_word' id='word_1_621' title='bbox 3402 3896 3460 3948; x_wconf 80' lang='grc' dir='ltr'><strong>τὸ</strong></span> <span class='ocrx_word' id='word_1_622' title='bbox 3514 3895 3782 3965; x_wconf 63' lang='grc' dir='ltr'>θεομάχοι)</span> <span class='ocrx_word' id='word_1_623' title='bbox 3815 3899 4021 3964; x_wconf 69' lang='grc' dir='ltr'>ἀμφοῖν</span> 
     </span>
    </p>
   </div>
   <div class='ocr_carea' id='block_1_86' title="bbox 2455 3987 3988 4059">
    <p class='ocr_par' dir='ltr' id='par_1_86' title="bbox 2455 3987 3988 4059">
     <span class='ocr_line' id='line_1_86' title="bbox 2455 3987 3988 4059; baseline -0.001 -18"><span class='ocrx_word' id='word_1_624' title='bbox 2455 3988 2804 4059; x_wconf 79' lang='grc' dir='ltr'>στηλιτεύοιτ’</span> <span class='ocrx_word' id='word_1_625' title='bbox 2847 3988 2931 4041; x_wconf 85' lang='grc' dir='ltr'><strong>ἄν.</strong></span> <span class='ocrx_word' id='word_1_626' title='bbox 2986 3989 3095 4042; x_wconf 78' lang='grc' dir='ltr'><strong>Καὶ</strong></span> <span class='ocrx_word' id='word_1_627' title='bbox 3142 3990 3250 4057; x_wconf 86' lang='grc' dir='ltr'><strong>γὰρ</strong></span> <span class='ocrx_word' id='word_1_628' title='bbox 3281 3987 3442 4057; x_wconf 70' lang='grc' dir='ltr'>εἴπερ</span> <span class='ocrx_word' id='word_1_629' title='bbox 3471 3990 3504 4058; x_wconf 78' lang='grc' dir='ltr'><strong>ἡ</strong></span> <span class='ocrx_word' id='word_1_630' title='bbox 3559 3988 3659 4058; x_wconf 79' lang='grc' dir='ltr'><strong>μία</strong></span> <span class='ocrx_word' id='word_1_631' title='bbox 3693 3987 3787 4039; x_wconf 78' lang='grc' dir='ltr'><strong>τοῦ</strong></span> <span class='ocrx_word' id='word_1_632' title='bbox 3815 4005 3988 4040; x_wconf 80' lang='grc' dir='ltr'>παντο</span> 
     </span>
    </p>
   </div>
   <div class='ocr_carea' id='block_1_87' title="bbox 2455 4079 4020 4150">
    <p class='ocr_par' dir='ltr' id='par_1_87' title="bbox 2455 4079 4020 4150">
     <span class='ocr_line' id='line_1_87' title="bbox 2455 4079 4020 4150; baseline -0.001 -18"><span class='ocrx_word' id='word_1_633' title='bbox 2455 4083 2719 4150; x_wconf 87' lang='grc' dir='ltr'>κράτορυς</span> <span class='ocrx_word' id='word_1_634' title='bbox 2757 4081 2897 4150; x_wconf 76' lang='grc' dir='ltr'><strong>ἀρχὴ</strong></span> <span class='ocrx_word' id='word_1_635' title='bbox 2923 4079 3315 4150; x_wconf 78' lang='grc' dir='ltr'>διατέτμηται,</span> <span class='ocrx_word' id='word_1_636' title='bbox 3371 4081 3469 4131; x_wconf 73' lang='grc' dir='ltr'>οὐκ</span> <span class='ocrx_word' id='word_1_637' title='bbox 3511 4080 3578 4132; x_wconf 78' lang='grc' dir='ltr'>ἂν</span> <span class='ocrx_word' id='word_1_638' title='bbox 3611 4079 3839 4148; x_wconf 75' lang='grc' dir='ltr'>συσταίη</span> <span class='ocrx_word' id='word_1_639' title='bbox 3877 4097 4020 4149; x_wconf 83' lang='grc' dir='ltr'>τμη-</span> 
     </span>
    </p>
   </div>
   <div class='ocr_carea' id='block_1_88' title="bbox 2453 4169 4018 4242">
    <p class='ocr_par' dir='ltr' id='par_1_88' title="bbox 2453 4169 4018 4242">
     <span class='ocr_line' id='line_1_88' title="bbox 2453 4169 4018 4242; baseline 0.001 -20"><span class='ocrx_word' id='word_1_640' title='bbox 2453 4172 2626 4224; x_wconf 84' lang='grc' dir='ltr'>Θεῖσα.</span> <span class='ocrx_word' id='word_1_641' title='bbox 2681 4171 2880 4241; x_wconf 59' lang='grc' dir='ltr'>Ἀλλεη</span> <span class='ocrx_word' id='word_1_642' title='bbox 2943 4169 3132 4242; x_wconf 85' lang='grc' dir='ltr'>πρώτη</span> <span class='ocrx_word' id='word_1_643' title='bbox 3178 4173 3320 4242; x_wconf 80' lang='grc' dir='ltr'>τομὴ</span> <span class='ocrx_word' id='word_1_644' title='bbox 3367 4173 3484 4235; x_wconf 66' lang='grc' dir='ltr'>ὀδδς</span> <span class='ocrx_word' id='word_1_645' title='bbox 3535 4171 3865 4226; x_wconf 82' lang='grc' dir='ltr'>καθέσταται</span> <span class='ocrx_word' id='word_1_646' title='bbox 3923 4172 4018 4224; x_wconf 76' lang='grc' dir='ltr'><strong>τοῦ</strong></span> 
     </span>
    </p>
   </div>
   <div class='ocr_carea' id='block_1_89' title="bbox 2456 4267 4021 4337">
    <p class='ocr_par' dir='ltr' id='par_1_89' title="bbox 2456 4267 4021 4337">
     <span class='ocr_line' id='line_1_89' title="bbox 2456 4267 4021 4337; baseline 0 -19"><span class='ocrx_word' id='word_1_647' title='bbox 2456 4269 2546 4318; x_wconf 63' lang='grc' dir='ltr'>καὶ</span> <span class='ocrx_word' id='word_1_648' title='bbox 2571 4270 2649 4329; x_wconf 82' lang='grc' dir='ltr'><strong>είς</strong></span> <span class='ocrx_word' id='word_1_649' title='bbox 2693 4267 2858 4336; x_wconf 80' lang='grc' dir='ltr'>μυρία</span> <span class='ocrx_word' id='word_1_650' title='bbox 2892 4268 3254 4336; x_wconf 79' lang='grc' dir='ltr'>διαιρεθῆναι,</span> <span class='ocrx_word' id='word_1_651' title='bbox 3293 4269 3386 4320; x_wconf 70' lang='grc' dir='ltr'>καὶ</span> <span class='ocrx_word' id='word_1_652' title='bbox 3419 4269 3690 4337; x_wconf 80' lang='grc' dir='ltr'>μηδεμίαν</span> <span class='ocrx_word' id='word_1_653' title='bbox 3729 4268 3894 4336; x_wconf 78' lang='grc' dir='ltr'>ἕδραν</span> <span class='ocrx_word' id='word_1_654' title='bbox 3929 4270 4021 4320; x_wconf 79' lang='grc' dir='ltr'>καὶ</span> 
     </span>
    </p>
   </div>
   <div class='ocr_carea' id='block_1_90' title="bbox 2459 4358 4022 4426">
    <p class='ocr_par' dir='ltr' id='par_1_90' title="bbox 2459 4358 4022 4426">
     <span class='ocr_line' id='line_1_90' title="bbox 2459 4358 4022 4426; baseline 0.001 -18"><span class='ocrx_word' id='word_1_655' title='bbox 2459 4359 2644 4410; x_wconf 78' lang='grc' dir='ltr'>στάσιν</span> <span class='ocrx_word' id='word_1_656' title='bbox 2688 4360 2882 4426; x_wconf 80' lang='grc' dir='ltr'>μηκέτι</span> <span class='ocrx_word' id='word_1_657' title='bbox 2914 4359 3172 4411; x_wconf 68' lang='grc' dir='ltr'>δύνασθαι</span> <span class='ocrx_word' id='word_1_658' title='bbox 3229 4358 3434 4411; x_wconf 83' lang='grc' dir='ltr'>λαϐεῖν.</span> <span class='ocrx_word' id='word_1_659' title='bbox 3471 4359 3677 4426; x_wconf 80' lang='grc' dir='ltr'>Ὥσπερ</span> <span class='ocrx_word' id='word_1_660' title='bbox 3710 4358 3802 4410; x_wconf 78' lang='grc' dir='ltr'><strong>οὖν</strong></span> <span class='ocrx_word' id='word_1_661' title='bbox 3833 4359 4022 4410; x_wconf 78' lang='grc' dir='ltr'>ἑκάτε-</span> 
     </span>
    </p>
   </div>
   <div class='ocr_carea' id='block_1_91' title="bbox 2461 4449 4021 4520">
    <p class='ocr_par' dir='ltr' id='par_1_91' title="bbox 2461 4449 4021 4520">
     <span class='ocr_line' id='line_1_91' title="bbox 2461 4449 4021 4520; baseline -0.001 -17"><span class='ocrx_word' id='word_1_662' title='bbox 2461 4467 2550 4520; x_wconf 80' lang='grc' dir='ltr'><strong>ρος</strong></span> <span class='ocrx_word' id='word_1_663' title='bbox 2585 4451 2864 4501; x_wconf 80' lang='grc' dir='ltr'>ἁλίσκεται</span> <span class='ocrx_word' id='word_1_664' title='bbox 2917 4449 3220 4519; x_wconf 69' lang='grc' dir='ltr'>Θεομαχῶν,</span> <span class='ocrx_word' id='word_1_665' title='bbox 3282 4451 3375 4502; x_wconf 76' lang='grc' dir='ltr'>καὶ</span> <span class='ocrx_word' id='word_1_666' title='bbox 3440 4453 3469 4502; x_wconf 88' lang='lat'><strong>6</strong></span> <span class='ocrx_word' id='word_1_667' title='bbox 3531 4449 3780 4512; x_wconf 84' lang='grc' dir='ltr'>Ἰουδαῖος</span> <span class='ocrx_word' id='word_1_668' title='bbox 3838 4453 3934 4502; x_wconf 77' lang='grc' dir='ltr'><strong>καὶ</strong></span> <span class='ocrx_word' id='word_1_669' title='bbox 3994 4454 4021 4502; x_wconf 98' lang='lat'><strong>6</strong></span> 
     </span>
    </p>
   </div>
   <div class='ocr_carea' id='block_1_92' title="bbox 801 4535 2468 4609">
    <p class='ocr_par' dir='ltr' id='par_1_92' title="bbox 801 4535 2468 4608">
     <span class='ocr_line' id='line_1_92' title="bbox 801 4535 2468 4608; baseline -0.005 -14"><span class='ocrx_word' id='word_1_670' title='bbox 801 4551 1073 4594; x_wconf 83' lang='lat' dir='ltr'><strong>creaturas</strong></span> <span class='ocrx_word' id='word_1_671' title='bbox 1097 4540 1185 4591; x_wconf 92' lang='lat' dir='ltr'><strong>Dei</strong></span> <span class='ocrx_word' id='word_1_672' title='bbox 1221 4539 1359 4591; x_wconf 90' lang='lat' dir='ltr'><strong>hosti</strong></span> <span class='ocrx_word' id='word_1_673' title='bbox 1391 4538 1730 4598; x_wconf 89' lang='lat' dir='ltr'><strong>adscribens,</strong></span> <span class='ocrx_word' id='word_1_674' title='bbox 1773 4535 1843 4588; x_wconf 90' lang='lat' dir='ltr'><strong>ita</strong></span> <span class='ocrx_word' id='word_1_675' title='bbox 1865 4544 2052 4588; x_wconf 87' lang='lat' dir='ltr'><strong>contra</strong></span> <span class='ocrx_word' id='word_1_676' title='bbox 2095 4545 2352 4603; x_wconf 89' lang='lat' dir='ltr'><strong>utrosque</strong></span> <span class='ocrx_word' id='word_1_677' title='bbox 2384 4550 2432 4608; x_wconf 80' lang='grc' dir='ltr'><strong>υ</strong></span> <span class='ocrx_word' id='word_1_678' title='bbox 2461 4559 2468 4592; x_wconf 72' lang='grc' dir='ltr'><strong><em>ε</em></strong></span> 
     </span>
    </p>
   </div>
   <div class='ocr_carea' id='block_1_93' title="bbox 2352 4535 4019 4609">
    <p class='ocr_par' dir='ltr' id='par_1_93' title="bbox 2384 4539 4019 4609">
     <span class='ocr_line' id='line_1_93' title="bbox 2384 4539 4019 4609; baseline -0.001 -17"><span class='ocrx_word' id='word_1_679' title='bbox 2384 4550 2432 4608; x_wconf 78' lang='grc' dir='ltr'><strong>υ</strong></span> <span class='ocrx_word' id='word_1_680' title='bbox 2461 4543 2794 4609; x_wconf 75' lang='grc' dir='ltr'>ἀποστάτης,</span> <span class='ocrx_word' id='word_1_681' title='bbox 2823 4543 2850 4592; x_wconf 94' lang='lat'><strong>6</strong></span> <span class='ocrx_word' id='word_1_682' title='bbox 2887 4541 2982 4608; x_wconf 82' lang='grc' dir='ltr'>μὲν</span> <span class='ocrx_word' id='word_1_683' title='bbox 3014 4540 3112 4600; x_wconf 81' lang='grc' dir='ltr'><strong>τὰς</strong></span> <span class='ocrx_word' id='word_1_684' title='bbox 3141 4539 3485 4608; x_wconf 78' lang='grc' dir='ltr'>Θεοσημείας,</span> <span class='ocrx_word' id='word_1_685' title='bbox 3511 4541 3538 4592; x_wconf 92' lang='lat'><strong>6</strong></span> <span class='ocrx_word' id='word_1_686' title='bbox 3565 4539 3621 4591; x_wconf 84' lang='grc' dir='ltr'>δὲ</span> <span class='ocrx_word' id='word_1_687' title='bbox 3649 4539 3716 4591; x_wconf 76' lang='grc' dir='ltr'>τά</span> <span class='ocrx_word' id='word_1_688' title='bbox 3754 4539 4019 4608; x_wconf 79' lang='grc' dir='ltr'>δημιουρ-</span> 
     </span>
    </p>
   </div>
   <div class='ocr_carea' id='block_1_94' title="bbox 801 4629 2213 4698">
    <p class='ocr_par' dir='ltr' id='par_1_94' title="bbox 801 4629 2213 4698">
     <span class='ocr_line' id='line_1_94' title="bbox 801 4629 2213 4698; baseline -0.006 -10"><span class='ocrx_word' id='word_1_689' title='bbox 801 4637 942 4689; x_wconf 82' lang='lat' dir='ltr'><strong>valet</strong></span> <span class='ocrx_word' id='word_1_690' title='bbox 969 4633 1270 4689; x_wconf 89' lang='lat' dir='ltr'><strong>communis</strong></span> <span class='ocrx_word' id='word_1_691' title='bbox 1294 4641 1347 4686; x_wconf 91' lang='lat' dir='ltr'><strong>et</strong></span> <span class='ocrx_word' id='word_1_692' title='bbox 1377 4631 1702 4686; x_wconf 83' lang='lat' dir='ltr'><strong>invincibilis</strong></span> <span class='ocrx_word' id='word_1_693' title='bbox 1729 4629 1941 4683; x_wconf 91' lang='lat' dir='ltr'><strong>Domini</strong></span> <span class='ocrx_word' id='word_1_694' title='bbox 1971 4630 2213 4698; x_wconf 85' lang='lat' dir='ltr'><strong>rejectio.</strong></span> 
     </span>
    </p>
   </div>
   <div class='ocr_carea' id='block_1_95' title="bbox 877 4893 2358 4966">
    <p class='ocr_par' dir='ltr' id='par_1_95' title="bbox 877 4893 2358 4966">
     <span class='ocr_line' id='line_1_95' title="bbox 877 4893 2358 4966; baseline -0.004 -14"><span class='ocrx_word' id='word_1_695' title='bbox 877 4896 1010 4952; x_wconf 70' lang='lat' dir='ltr'><strong>XIV.</strong></span> <span class='ocrx_word' id='word_1_696' title='bbox 1050 4897 1154 4950; x_wconf 91' lang='lat' dir='ltr'><strong>Sed</strong></span> <span class='ocrx_word' id='word_1_697' title='bbox 1195 4913 1300 4966; x_wconf 89' lang='lat' dir='ltr'><strong>quo</strong></span> <span class='ocrx_word' id='word_1_698' title='bbox 1325 4896 1611 4957; x_wconf 81' lang='lat' dir='ltr'><strong>devenitis,</strong></span> <span class='ocrx_word' id='word_1_699' title='bbox 1663 4896 1940 4948; x_wconf 80' lang='lat' dir='ltr'><strong>homines!</strong></span> <span class='ocrx_word' id='word_1_700' title='bbox 1992 4909 2089 4947; x_wconf 87' lang='lat' dir='ltr'><strong>cur</strong></span> <span class='ocrx_word' id='word_1_701' title='bbox 2130 4893 2358 4946; x_wconf 91' lang='lat' dir='ltr'><strong>Domino</strong></span> 
     </span>
    </p>
   </div>
   <div class='ocr_carea' id='block_1_96' title="bbox 805 4985 2360 5053">
    <p class='ocr_par' dir='ltr' id='par_1_96' title="bbox 805 4985 2360 5053">
     <span class='ocr_line' id='line_1_96' title="bbox 805 4985 2360 5053; baseline -0.005 -9"><span class='ocrx_word' id='word_1_702' title='bbox 805 4991 1010 5052; x_wconf 88' lang='lat' dir='ltr'><strong>relicto,</strong></span> <span class='ocrx_word' id='word_1_703' title='bbox 1048 5003 1367 5042; x_wconf 82' lang='lat' dir='ltr'><strong>conservum</strong></span> <span class='ocrx_word' id='word_1_704' title='bbox 1403 5000 1637 5040; x_wconf 83' lang='lat' dir='ltr'><strong>vestrum</strong></span> <span class='ocrx_word' id='word_1_705' title='bbox 1664 5024 1679 5049; x_wconf 93' lang='lat'><strong>,</strong></span> <span class='ocrx_word' id='word_1_706' title='bbox 1712 4985 1794 5038; x_wconf 78' lang='lat' dir='ltr'><strong>vel</strong></span> <span class='ocrx_word' id='word_1_707' title='bbox 1839 4985 2018 5053; x_wconf 82' lang='lat' dir='ltr'><strong>potius</strong></span> <span class='ocrx_word' id='word_1_708' title='bbox 2060 4999 2272 5037; x_wconf 72' lang='lat' dir='ltr'><strong>servum</strong></span> <span class='ocrx_word' id='word_1_709' title='bbox 2308 4991 2360 5036; x_wconf 89' lang='lat' dir='ltr'><strong>et</strong></span> 
     </span>
    </p>
   </div>
   <div class='ocr_carea' id='block_1_97' title="bbox 806 5077 2364 5154">
    <p class='ocr_par' dir='ltr' id='par_1_97' title="bbox 806 5077 2364 5154">
     <span class='ocr_line' id='line_1_97' title="bbox 806 5077 2364 5154; baseline -0.006 -15"><span class='ocrx_word' id='word_1_710' title='bbox 806 5093 1122 5154; x_wconf 86' lang='lat' dir='ltr'><strong>apostatam,</strong></span> <span class='ocrx_word' id='word_1_711' title='bbox 1155 5093 1208 5135; x_wconf 88' lang='lat' dir='ltr'><strong>et</strong></span> <span class='ocrx_word' id='word_1_712' title='bbox 1234 5083 1498 5134; x_wconf 68' lang='lat' dir='ltr'><strong>universm</strong></span> <span class='ocrx_word' id='word_1_713' title='bbox 1517 5089 1935 5133; x_wconf 68' lang='lat' dir='ltr'><strong>nostraenaturaa</strong></span> <span class='ocrx_word' id='word_1_714' title='bbox 1969 5077 2088 5130; x_wconf 91' lang='lat' dir='ltr'><strong>inde</strong></span> <span class='ocrx_word' id='word_1_715' title='bbox 2114 5078 2180 5130; x_wconf 90' lang='lat' dir='ltr'><strong>ab</strong></span> <span class='ocrx_word' id='word_1_716' title='bbox 2214 5078 2364 5130; x_wconf 91' lang='lat' dir='ltr'><strong>initio</strong></span> 
     </span>
    </p>
   </div>
   <div class='ocr_carea' id='block_1_98' title="bbox 808 5167 2366 5231">
    <p class='ocr_par' dir='ltr' id='par_1_98' title="bbox 808 5167 2366 5231">
     <span class='ocr_line' id='line_1_98' title="bbox 808 5167 2366 5231; baseline -0.008 -1"><span class='ocrx_word' id='word_1_717' title='bbox 808 5177 1171 5231; x_wconf 87' lang='lat' dir='ltr'><strong>insidiatorem</strong></span> <span class='ocrx_word' id='word_1_718' title='bbox 1233 5173 1568 5227; x_wconf 90' lang='lat' dir='ltr'><strong>conditorem</strong></span> <span class='ocrx_word' id='word_1_719' title='bbox 1637 5171 1788 5222; x_wconf 77' lang='lat' dir='ltr'><strong>vobis</strong></span> <span class='ocrx_word' id='word_1_720' title='bbox 1849 5167 2214 5222; x_wconf 86' lang='lat' dir='ltr'><strong>constituitis?</strong></span> <span class='ocrx_word' id='word_1_721' title='bbox 2269 5181 2366 5220; x_wconf 90' lang='lat' dir='ltr'><strong>cur</strong></span> 
     </span>
    </p>
   </div>
   <div class='ocr_carea' id='block_1_99' title="bbox 806 5257 2364 5328">
    <p class='ocr_par' dir='ltr' id='par_1_99' title="bbox 806 5257 2364 5328">
     <span class='ocr_line' id='line_1_99' title="bbox 806 5257 2364 5328; baseline -0.008 -6"><span class='ocrx_word' id='word_1_722' title='bbox 806 5267 1048 5322; x_wconf 84' lang='lat' dir='ltr'><strong>Creatori</strong></span> <span class='ocrx_word' id='word_1_723' title='bbox 1081 5265 1453 5320; x_wconf 87' lang='lat' dir='ltr'><strong>renuntiantes</strong></span> <span class='ocrx_word' id='word_1_724' title='bbox 1483 5263 1531 5315; x_wconf 87' lang='lat' dir='ltr'><strong>ei</strong></span> <span class='ocrx_word' id='word_1_725' title='bbox 1565 5277 1660 5316; x_wconf 91' lang='lat' dir='ltr'><strong>vos</strong></span> <span class='ocrx_word' id='word_1_726' title='bbox 1693 5261 1925 5321; x_wconf 85' lang='lat' dir='ltr'><strong>traditis,</strong></span> <span class='ocrx_word' id='word_1_727' title='bbox 1953 5260 2040 5328; x_wconf 93' lang='lat' dir='ltr'><strong>qui</strong></span> <span class='ocrx_word' id='word_1_728' title='bbox 2085 5257 2364 5311; x_wconf 88' lang='lat' dir='ltr'><strong>interitum</strong></span> 
     </span>
    </p>
   </div>
   <div class='ocr_carea' id='block_1_100' title="bbox 808 5349 2363 5423">
    <p class='ocr_par' dir='ltr' id='par_1_100' title="bbox 808 5349 2363 5423">
     <span class='ocr_line' id='line_1_100' title="bbox 808 5349 2363 5423; baseline -0.008 -11"><span class='ocrx_word' id='word_1_729' title='bbox 808 5367 1050 5412; x_wconf 86' lang='lat' dir='ltr'><strong>nostrum</strong></span> <span class='ocrx_word' id='word_1_730' title='bbox 1093 5355 1298 5423; x_wconf 66' lang='lat' dir='ltr'><strong>quaerit,</strong></span> <span class='ocrx_word' id='word_1_731' title='bbox 1338 5363 1391 5406; x_wconf 89' lang='lat' dir='ltr'><strong>et</strong></span> <span class='ocrx_word' id='word_1_732' title='bbox 1433 5368 1540 5404; x_wconf 91' lang='lat' dir='ltr'><strong>non</strong></span> <span class='ocrx_word' id='word_1_733' title='bbox 1579 5353 1771 5404; x_wconf 62' lang='lat' dir='ltr'><strong>animae</strong></span> <span class='ocrx_word' id='word_1_734' title='bbox 1813 5349 2009 5414; x_wconf 89' lang='lat' dir='ltr'><strong>solum,</strong></span> <span class='ocrx_word' id='word_1_735' title='bbox 2042 5349 2134 5403; x_wconf 85' lang='lat' dir='ltr'><strong>sed</strong></span> <span class='ocrx_word' id='word_1_736' title='bbox 2156 5357 2209 5402; x_wconf 85' lang='lat' dir='ltr'><strong>et</strong></span> <span class='ocrx_word' id='word_1_737' title='bbox 2241 5363 2363 5402; x_wconf 88' lang='lat' dir='ltr'><strong>cor-</strong></span> 
     </span>
    </p>
   </div>
   <div class='ocr_carea' id='block_1_101' title="bbox 810 5443 2361 5520">
    <p class='ocr_par' dir='ltr' id='par_1_101' title="bbox 810 5443 2361 5520">
     <span class='ocr_line' id='line_1_101' title="bbox 810 5443 2361 5520; baseline -0.006 -15"><span class='ocrx_word' id='word_1_738' title='bbox 810 5452 923 5520; x_wconf 91' lang='lat' dir='ltr'><strong>pori</strong></span> <span class='ocrx_word' id='word_1_739' title='bbox 981 5449 1276 5519; x_wconf 88' lang='lat' dir='ltr'><strong>perniciem</strong></span> <span class='ocrx_word' id='word_1_740' title='bbox 1332 5446 1524 5500; x_wconf 82' lang='lat' dir='ltr'><strong>allerre</strong></span> <span class='ocrx_word' id='word_1_741' title='bbox 1581 5444 1845 5499; x_wconf 88' lang='lat' dir='ltr'><strong>conatur?</strong></span> <span class='ocrx_word' id='word_1_742' title='bbox 1897 5460 1994 5497; x_wconf 93' lang='lat' dir='ltr'><strong>cur</strong></span> <span class='ocrx_word' id='word_1_743' title='bbox 2057 5444 2123 5497; x_wconf 90' lang='lat' dir='ltr'><strong>ad</strong></span> <span class='ocrx_word' id='word_1_744' title='bbox 2189 5443 2361 5496; x_wconf 91' lang='lat' dir='ltr'><strong>lucem</strong></span> 
     </span>
    </p>
   </div>
   <div class='ocr_carea' id='block_1_102' title="bbox 810 5534 2364 5605">
    <p class='ocr_par' dir='ltr' id='par_1_102' title="bbox 810 5534 2364 5605">
     <span class='ocr_line' id='line_1_102' title="bbox 810 5534 2364 5605; baseline -0.008 -7"><span class='ocrx_word' id='word_1_745' title='bbox 810 5541 1106 5598; x_wconf 67' lang='lat' dir='ltr'><strong>caacutitis?</strong></span> <span class='ocrx_word' id='word_1_746' title='bbox 1136 5556 1233 5594; x_wconf 89' lang='lat' dir='ltr'><strong>cur</strong></span> <span class='ocrx_word' id='word_1_747' title='bbox 1256 5555 1381 5592; x_wconf 83' lang='lat' dir='ltr'><strong>vero</strong></span> <span class='ocrx_word' id='word_1_748' title='bbox 1415 5538 1659 5593; x_wconf 87' lang='lat' dir='ltr'><strong>tenebras</strong></span> <span class='ocrx_word' id='word_1_749' title='bbox 1683 5553 1806 5591; x_wconf 88' lang='lat' dir='ltr'><strong>cum</strong></span> <span class='ocrx_word' id='word_1_750' title='bbox 1839 5537 1954 5590; x_wconf 89' lang='lat' dir='ltr'><strong>luce</strong></span> <span class='ocrx_word' id='word_1_751' title='bbox 1981 5534 2364 5605; x_wconf 85' lang='lat' dir='ltr'><strong>permutastis?</strong></span> 
     </span>
    </p>
   </div>
   <div class='ocr_carea' id='block_1_103' title="bbox 814 5629 2362 5705">
    <p class='ocr_par' dir='ltr' id='par_1_103' title="bbox 814 5629 2362 5705">
     <span class='ocr_line' id='line_1_103' title="bbox 814 5629 2362 5705; baseline -0.002 -19"><span class='ocrx_word' id='word_1_752' title='bbox 814 5633 1071 5705; x_wconf 72' lang='lat' dir='ltr'><strong>Evigilate</strong></span> <span class='ocrx_word' id='word_1_753' title='bbox 1103 5649 1164 5686; x_wconf 78' lang='lat' dir='ltr'><strong>ex</strong></span> <span class='ocrx_word' id='word_1_754' title='bbox 1224 5632 1468 5700; x_wconf 86' lang='lat' dir='ltr'><strong>crapula,</strong></span> <span class='ocrx_word' id='word_1_755' title='bbox 1519 5631 1721 5699; x_wconf 77' lang='lat' dir='ltr'><strong>surgite</strong></span> <span class='ocrx_word' id='word_1_756' title='bbox 1777 5645 1843 5684; x_wconf 87' lang='lat' dir='ltr'><strong>ex</strong></span> <span class='ocrx_word' id='word_1_757' title='bbox 1894 5629 2078 5683; x_wconf 88' lang='lat' dir='ltr'><strong>lethali</strong></span> <span class='ocrx_word' id='word_1_758' title='bbox 2149 5644 2362 5699; x_wconf 86' lang='lat' dir='ltr'><strong>sopore,</strong></span> 
     </span>
    </p>
   </div>
   <div class='ocr_carea' id='block_1_104' title="bbox 888 5832 1956 5904">
    <p class='ocr_par' dir='ltr' id='par_1_104' title="bbox 888 5832 1956 5904">
     <span class='ocr_line' id='line_1_104' title="bbox 888 5832 1956 5904; baseline -0.004 -14"><span class='ocrx_word' id='word_1_759' title='bbox 888 5840 927 5868; x_wconf 61' lang='grc' dir='ltr'>τι</span> <span class='ocrx_word' id='word_1_760' title='bbox 967 5835 1121 5892; x_wconf 77' lang='lat' dir='ltr'><strong>Joan.</strong></span> <span class='ocrx_word' id='word_1_761' title='bbox 1156 5853 1203 5904; x_wconf 78' lang='grc' dir='ltr'><strong>ν,</strong></span> <span class='ocrx_word' id='word_1_762' title='bbox 1254 5835 1324 5888; x_wconf 73' lang='grc'><strong>15.</strong></span> <span class='ocrx_word' id='word_1_763' title='bbox 1411 5834 1452 5865; x_wconf 81' lang='grc'><strong>’⁸</strong></span> <span class='ocrx_word' id='word_1_764' title='bbox 1494 5833 1706 5898; x_wconf 80' lang='lat' dir='ltr'><strong>.‘llatth.,</strong></span> <span class='ocrx_word' id='word_1_765' title='bbox 1746 5848 1840 5898; x_wconf 75' lang='lat' dir='ltr'><strong>xu,</strong></span> <span class='ocrx_word' id='word_1_766' title='bbox 1871 5832 1956 5887; x_wconf 74' lang='lat'><strong>:25.</strong></span> 
     </span>
    </p>
   </div>
   <div class='ocr_carea' id='block_1_105' title="bbox 2455 4628 4024 4698">
    <p class='ocr_par' dir='ltr' id='par_1_105' title="bbox 2455 4628 4024 4698">
     <span class='ocr_line' id='line_1_105' title="bbox 2455 4628 4024 4698; baseline -0.024 -14"><span class='ocrx_word' id='word_1_767' title='bbox 2455 4631 2678 4698; x_wconf 73' lang='grc' dir='ltr'>γήματα</span> <span class='ocrx_word' id='word_1_768' title='bbox 2739 4629 2830 4681; x_wconf 82' lang='grc' dir='ltr'><strong>τοῦ</strong></span> <span class='ocrx_word' id='word_1_769' title='bbox 2873 4628 3005 4681; x_wconf 77' lang='grc' dir='ltr'>θεοῦ</span> <span class='ocrx_word' id='word_1_770' title='bbox 3058 4628 3230 4689; x_wconf 78' lang='grc' dir='ltr'>διδοὺς</span> <span class='ocrx_word' id='word_1_771' title='bbox 3287 4628 3365 4697; x_wconf 82' lang='grc' dir='ltr'><strong>τῷ</strong></span> <span class='ocrx_word' id='word_1_772' title='bbox 3420 4629 3650 4698; x_wconf 54' lang='grc' dir='ltr'>Ἐχορῷ,</span> <span class='ocrx_word' id='word_1_773' title='bbox 3703 4628 4024 4681; x_wconf 44' lang='lat'><strong>05:10.1“.</strong></span> 
     </span>
    </p>
   </div>
   <div class='ocr_carea' id='block_1_106' title="bbox 2454 4719 4024 4789">
    <p class='ocr_par' dir='ltr' id='par_1_106' title="bbox 2454 4719 4024 4789">
     <span class='ocr_line' id='line_1_106' title="bbox 2454 4719 4024 4789; baseline -0.002 -16"><span class='ocrx_word' id='word_1_774' title='bbox 2454 4722 2655 4789; x_wconf 70' lang='grc' dir='ltr'>ἁμφοιν</span> <span class='ocrx_word' id='word_1_775' title='bbox 2714 4719 2868 4788; x_wconf 86' lang='grc' dir='ltr'>κοινὴ</span> <span class='ocrx_word' id='word_1_776' title='bbox 2925 4721 3017 4772; x_wconf 82' lang='grc' dir='ltr'>καὶ</span> <span class='ocrx_word' id='word_1_777' title='bbox 3058 4720 3296 4787; x_wconf 67' lang='grc' dir='ltr'>ἄφυκτος</span> <span class='ocrx_word' id='word_1_778' title='bbox 3345 4721 3379 4789; x_wconf 81' lang='grc' dir='ltr'><strong>ἡ</strong></span> <span class='ocrx_word' id='word_1_779' title='bbox 3409 4719 3684 4786; x_wconf 80' lang='grc' dir='ltr'>ἀπόφασις</span> <span class='ocrx_word' id='word_1_780' title='bbox 3723 4720 3774 4787; x_wconf 59' lang='grc' dir='ltr'>,ἡ</span> <span class='ocrx_word' id='word_1_781' title='bbox 3817 4723 4024 4770; x_wconf 88' lang='grc' dir='ltr'>Δεσπο-</span> 
     </span>
    </p>
   </div>
   <div class='ocr_carea' id='block_1_107' title="bbox 2456 4815 2603 4882">
    <p class='ocr_par' dir='ltr' id='par_1_107' title="bbox 2456 4815 2603 4882">
     <span class='ocr_line' id='line_1_107' title="bbox 2456 4815 2603 4882; baseline 0 -18"><span class='ocrx_word' id='word_1_782' title='bbox 2456 4815 2603 4882; x_wconf 81' lang='grc' dir='ltr'>τική.</span> 
     </span>
    </p>
   </div>
   <div class='ocr_carea' id='block_1_108' title="bbox 2528 4897 4024 4973">
    <p class='ocr_par' dir='ltr' id='par_1_108' title="bbox 2528 4897 4024 4973">
     <span class='ocr_line' id='line_1_108' title="bbox 2528 4897 4024 4973; baseline -0.002 -15"><span class='ocrx_word' id='word_1_783' title='bbox 2528 4907 2625 4960; x_wconf 74' lang='lat' dir='ltr'><strong>IA&#39;.</strong></span> <span class='ocrx_word' id='word_1_784' title='bbox 2702 4904 2839 4956; x_wconf 79' lang='grc' dir='ltr'>Ἀλλ’</span> <span class='ocrx_word' id='word_1_785' title='bbox 2900 4897 2943 4956; x_wconf 80' lang='grc' dir='ltr'><strong>ὦ</strong></span> <span class='ocrx_word' id='word_1_786' title='bbox 3005 4907 3096 4956; x_wconf 83' lang='grc' dir='ltr'><strong>ποί</strong></span> <span class='ocrx_word' id='word_1_787' title='bbox 3155 4905 3404 4973; x_wconf 78' lang='grc' dir='ltr'>φέρεσθε,</span> <span class='ocrx_word' id='word_1_788' title='bbox 3465 4903 3773 4973; x_wconf 77' lang='grc' dir='ltr'>ἄνθρωποιί</span> <span class='ocrx_word' id='word_1_789' title='bbox 3826 4903 3880 4955; x_wconf 87' lang='grc' dir='ltr'><strong>τί</strong></span> <span class='ocrx_word' id='word_1_790' title='bbox 3935 4903 4024 4955; x_wconf 66' lang='grc' dir='ltr'>τὸν</span> 
     </span>
    </p>
   </div>
   <div class='ocr_carea' id='block_1_109' title="bbox 2460 4994 4026 5064">
    <p class='ocr_par' dir='ltr' id='par_1_109' title="bbox 2460 4994 4026 5064">
     <span class='ocr_line' id='line_1_109' title="bbox 2460 4994 4026 5064; baseline -0.002 -16"><span class='ocrx_word' id='word_1_791' title='bbox 2460 4995 2735 5064; x_wconf 85' lang='grc' dir='ltr'>Δεσπότην</span> <span class='ocrx_word' id='word_1_792' title='bbox 2777 4995 3003 5063; x_wconf 79' lang='grc' dir='ltr'>ἀφέντες</span> <span class='ocrx_word' id='word_1_793' title='bbox 3040 4997 3130 5046; x_wconf 84' lang='grc' dir='ltr'>τὸν</span> <span class='ocrx_word' id='word_1_794' title='bbox 3158 4995 3464 5062; x_wconf 70' lang='grc' dir='ltr'>ὁμόδουλον,</span> <span class='ocrx_word' id='word_1_795' title='bbox 3509 4995 3707 5063; x_wconf 76' lang='grc' dir='ltr'>μᾶλλον</span> <span class='ocrx_word' id='word_1_796' title='bbox 3749 4995 3805 5047; x_wconf 77' lang='grc' dir='ltr'>δὲ</span> <span class='ocrx_word' id='word_1_797' title='bbox 3837 4994 4026 5046; x_wconf 81' lang='grc' dir='ltr'>δοῦλον</span> 
     </span>
    </p>
   </div>
   <div class='ocr_carea' id='block_1_110' title="bbox 2461 5081 4026 5152">
    <p class='ocr_par' dir='ltr' id='par_1_110' title="bbox 2461 5081 4026 5152">
     <span class='ocr_line' id='line_1_110' title="bbox 2461 5081 4026 5152; baseline -0.006 -13"><span class='ocrx_word' id='word_1_798' title='bbox 2461 5087 2554 5139; x_wconf 66' lang='grc' dir='ltr'>καὶ</span> <span class='ocrx_word' id='word_1_799' title='bbox 2585 5085 2918 5151; x_wconf 77' lang='grc' dir='ltr'>ἀποστάτην,</span> <span class='ocrx_word' id='word_1_800' title='bbox 2962 5084 3053 5134; x_wconf 75' lang='grc' dir='ltr'>καὶ</span> <span class='ocrx_word' id='word_1_801' title='bbox 3091 5081 3190 5150; x_wconf 76' lang='grc' dir='ltr'><strong>τῆς</strong></span> <span class='ocrx_word' id='word_1_802' title='bbox 3238 5082 3363 5151; x_wconf 83' lang='grc' dir='ltr'>ὅλης</span> <span class='ocrx_word' id='word_1_803' title='bbox 3395 5082 3550 5152; x_wconf 79' lang='grc' dir='ltr'>ἡμῶν</span> <span class='ocrx_word' id='word_1_804' title='bbox 3576 5081 3670 5134; x_wconf 78' lang='grc' dir='ltr'><strong>ἀπ’</strong></span> <span class='ocrx_word' id='word_1_805' title='bbox 3695 5083 3871 5149; x_wconf 77' lang='grc' dir='ltr'><strong>ἀρχῆς</strong></span> <span class='ocrx_word' id='word_1_806' title='bbox 3908 5081 4026 5131; x_wconf 80' lang='grc' dir='ltr'>ἐπί-</span> 
     </span>
    </p>
   </div>
   <div class='ocr_carea' id='block_1_111' title="bbox 2463 5170 4029 5242">
    <p class='ocr_par' dir='ltr' id='par_1_111' title="bbox 2463 5170 4029 5242">
     <span class='ocr_line' id='line_1_111' title="bbox 2463 5170 4029 5242; baseline -0.005 -14"><span class='ocrx_word' id='word_1_807' title='bbox 2463 5176 2651 5230; x_wconf 75' lang='grc' dir='ltr'>ϐουλον</span> <span class='ocrx_word' id='word_1_808' title='bbox 2674 5175 2888 5242; x_wconf 78' lang='grc' dir='ltr'>φύσεως</span> <span class='ocrx_word' id='word_1_809' title='bbox 2934 5171 3262 5242; x_wconf 81' lang='grc' dir='ltr'>δημιουργὸν</span> <span class='ocrx_word' id='word_1_810' title='bbox 3297 5173 3503 5231; x_wconf 77' lang='grc' dir='ltr'>ἑαυτοῖς</span> <span class='ocrx_word' id='word_1_811' title='bbox 3574 5173 3943 5242; x_wconf 75' lang='grc' dir='ltr'>ὲπιγράφετες</span> <span class='ocrx_word' id='word_1_812' title='bbox 3975 5170 4029 5221; x_wconf 81' lang='grc' dir='ltr'>τί</span> 
     </span>
    </p>
   </div>
   <div class='ocr_carea' id='block_1_112' title="bbox 2463 5260 4020 5334">
    <p class='ocr_par' dir='ltr' id='par_1_112' title="bbox 2463 5260 4020 5334">
     <span class='ocr_line' id='line_1_112' title="bbox 2463 5260 4020 5334; baseline -0.013 -14"><span class='ocrx_word' id='word_1_813' title='bbox 2463 5268 2549 5320; x_wconf 85' lang='grc' dir='ltr'><strong>τὸν</strong></span> <span class='ocrx_word' id='word_1_814' title='bbox 2582 5267 2834 5334; x_wconf 85' lang='grc' dir='ltr'>Πλάστην</span> <span class='ocrx_word' id='word_1_815' title='bbox 2886 5263 3203 5324; x_wconf 82' lang='grc' dir='ltr'>ἀθετοῦντες</span> <span class='ocrx_word' id='word_1_816' title='bbox 3249 5261 3327 5331; x_wconf 79' lang='grc' dir='ltr'>τῷ</span> <span class='ocrx_word' id='word_1_817' title='bbox 3354 5263 3452 5331; x_wconf 75' lang='grc' dir='ltr'>τὴν</span> <span class='ocrx_word' id='word_1_818' title='bbox 3515 5261 3721 5330; x_wconf 78' lang='grc' dir='ltr'>φθορὰν</span> <span class='ocrx_word' id='word_1_819' title='bbox 3742 5261 3898 5330; x_wconf 72' lang='grc' dir='ltr'>ἡμῶν</span> <span class='ocrx_word' id='word_1_820' title='bbox 3923 5260 4020 5331; x_wconf 72' lang='grc' dir='ltr'><strong>ζη-</strong></span> 
     </span>
    </p>
   </div>
   <div class='ocr_carea' id='block_1_113' title="bbox 2465 5353 4026 5424">
    <p class='ocr_par' dir='ltr' id='par_1_113' title="bbox 2465 5353 4026 5424">
     <span class='ocr_line' id='line_1_113' title="bbox 2465 5353 4026 5424; baseline -0.006 -12"><span class='ocrx_word' id='word_1_821' title='bbox 2465 5359 2645 5412; x_wconf 79' lang='grc' dir='ltr'>τοῦντι</span> <span class='ocrx_word' id='word_1_822' title='bbox 2696 5358 2788 5410; x_wconf 67' lang='grc' dir='ltr'>καὶ</span> <span class='ocrx_word' id='word_1_823' title='bbox 2844 5355 3216 5418; x_wconf 77' lang='grc' dir='ltr'>σπουδάζοντι,</span> <span class='ocrx_word' id='word_1_824' title='bbox 3260 5354 3320 5405; x_wconf 77' lang='grc' dir='ltr'><strong>οὐ</strong></span> <span class='ocrx_word' id='word_1_825' title='bbox 3381 5354 3478 5424; x_wconf 79' lang='grc' dir='ltr'>τὴν</span> <span class='ocrx_word' id='word_1_826' title='bbox 3508 5356 3606 5423; x_wconf 85' lang='grc' dir='ltr'><strong>τῆς</strong></span> <span class='ocrx_word' id='word_1_827' title='bbox 3635 5353 3810 5422; x_wconf 75' lang='grc' dir='ltr'>ψυχῆς</span> <span class='ocrx_word' id='word_1_828' title='bbox 3847 5353 4026 5421; x_wconf 81' lang='grc' dir='ltr'>μόνον,</span> 
     </span>
    </p>
   </div>
   <div class='ocr_carea' id='block_1_114' title="bbox 2468 5444 4029 5516">
    <p class='ocr_par' dir='ltr' id='par_1_114' title="bbox 2468 5444 4029 5516">
     <span class='ocr_line' id='line_1_114' title="bbox 2468 5444 4029 5516; baseline -0.007 -10"><span class='ocrx_word' id='word_1_829' title='bbox 2468 5451 2603 5506; x_wconf 83' lang='grc' dir='ltr'><strong>ἀλλὰ</strong></span> <span class='ocrx_word' id='word_1_830' title='bbox 2669 5453 2761 5504; x_wconf 76' lang='grc' dir='ltr'>καὶ</span> <span class='ocrx_word' id='word_1_831' title='bbox 2818 5449 2911 5502; x_wconf 74' lang='grc' dir='ltr'><strong>τοῦ</strong></span> <span class='ocrx_word' id='word_1_832' title='bbox 2977 5447 3223 5516; x_wconf 88' lang='grc' dir='ltr'>σώματος</span> <span class='ocrx_word' id='word_1_833' title='bbox 3280 5447 3504 5508; x_wconf 69' lang='grc' dir='ltr'>ἑαυτοὺς</span> <span class='ocrx_word' id='word_1_834' title='bbox 3561 5445 3926 5515; x_wconf 71' lang='grc' dir='ltr'>ἐγχειρίζετε;</span> <span class='ocrx_word' id='word_1_835' title='bbox 3976 5444 4029 5496; x_wconf 81' lang='grc' dir='ltr'>τί</span> 
     </span>
    </p>
   </div>
   <div class='ocr_carea' id='block_1_115' title="bbox 2472 5535 4030 5612">
    <p class='ocr_par' dir='ltr' id='par_1_115' title="bbox 2472 5535 4030 5612">
     <span class='ocr_line' id='line_1_115' title="bbox 2472 5535 4030 5612; baseline -0.005 -17"><span class='ocrx_word' id='word_1_836' title='bbox 2472 5543 2607 5612; x_wconf 81' lang='grc' dir='ltr'>πρὸς</span> <span class='ocrx_word' id='word_1_837' title='bbox 2638 5543 2698 5594; x_wconf 83' lang='grc' dir='ltr'>τὸ</span> <span class='ocrx_word' id='word_1_838' title='bbox 2729 5543 2840 5609; x_wconf 82' lang='grc' dir='ltr'><strong>φῶς</strong></span> <span class='ocrx_word' id='word_1_839' title='bbox 2881 5539 3222 5608; x_wconf 81' lang='grc' dir='ltr'>ὲτυφλώθητε</span> <span class='ocrx_word' id='word_1_840' title='bbox 3254 5555 3268 5602; x_wconf 91' lang='grc'>;</span> <span class='ocrx_word' id='word_1_841' title='bbox 3307 5539 3358 5590; x_wconf 87' lang='grc' dir='ltr'>τί</span> <span class='ocrx_word' id='word_1_842' title='bbox 3389 5537 3445 5589; x_wconf 81' lang='grc' dir='ltr'>δὲ</span> <span class='ocrx_word' id='word_1_843' title='bbox 3473 5537 3532 5589; x_wconf 77' lang='grc' dir='ltr'>τὸ</span> <span class='ocrx_word' id='word_1_844' title='bbox 3564 5537 3752 5599; x_wconf 75' lang='grc' dir='ltr'>σκότος</span> <span class='ocrx_word' id='word_1_845' title='bbox 3795 5535 3889 5588; x_wconf 79' lang='grc' dir='ltr'><strong>τοῦ</strong></span> <span class='ocrx_word' id='word_1_846' title='bbox 3923 5553 4030 5604; x_wconf 78' lang='grc' dir='ltr'>φω-</span> 
     </span>
    </p>
   </div>
   <div class='ocr_carea' id='block_1_116' title="bbox 2470 5626 4028 5702">
    <p class='ocr_par' dir='ltr' id='par_1_116' title="bbox 2470 5626 4028 5702">
     <span class='ocr_line' id='line_1_116' title="bbox 2470 5626 4028 5702; baseline -0.006 -15"><span class='ocrx_word' id='word_1_847' title='bbox 2470 5633 2560 5698; x_wconf 80' lang='grc' dir='ltr'><strong>τὸς</strong></span> <span class='ocrx_word' id='word_1_848' title='bbox 2591 5633 2920 5702; x_wconf 72' lang='grc' dir='ltr'>ἠλλάξασοες</span> <span class='ocrx_word' id='word_1_849' title='bbox 2960 5631 3258 5702; x_wconf 79' lang='grc' dir='ltr'>Ἐκνήψατε</span> <span class='ocrx_word' id='word_1_850' title='bbox 3284 5629 3380 5697; x_wconf 77' lang='grc' dir='ltr'><strong>τῆς</strong></span> <span class='ocrx_word' id='word_1_851' title='bbox 3416 5629 3584 5697; x_wconf 78' lang='grc' dir='ltr'>μέθης</span> <span class='ocrx_word' id='word_1_852' title='bbox 3605 5645 3617 5658; x_wconf 93' lang='grc'><strong>·</strong></span> <span class='ocrx_word' id='word_1_853' title='bbox 3644 5628 3911 5695; x_wconf 78' lang='grc' dir='ltr'>ἀνάστητε</span> <span class='ocrx_word' id='word_1_854' title='bbox 3935 5626 4028 5680; x_wconf 82' lang='grc' dir='ltr'><strong>τοῦ</strong></span> 
     </span>
    </p>
   </div>
  </div>
