4222 6432
755 401 856 465 1%

1864 407 2125 471 PHOTII
2163 409 2665 474 PATRIARCHE
2702 410 2810 470 ΟΡ.

3877 405 3980 471 124

752 528 1048 574 tamentam
1079 518 1496 574 calumniantur.
1527 519 1680 586 Quod
1702 521 1748 575 si
1777 523 1922 576 enim
1952 524 2082 579 illud
2105 540 2133 578 a
2172 525 2308 580 Malo
2335 531 2381 586 Α
2409 529 2419 578 l

2335 531 2381 586 Α
2409 524 2794 594 ἐνυϐριζόντων
2825 522 2920 576 τοῦ
2969 524 3311 592 φρονήματος
3354 520 3416 574 τδ
3456 521 3698 575 ἀντίθεον
3731 520 3868 588 (121.
3912 522 3979 575 E!

753 620 855 673 est,
886 611 1156 680 quomodo
1177 611 1318 664 illius
1352 612 1590 666 codicem
1619 615 1683 676 is,
1708 614 1796 682 qui
1820 615 1886 667 ad
1915 614 2304 670 destruendum

755 702 951 755 Malum
981 704 1146 760 venit.
1194 703 1433 771 recipere
1463 704 1738 769 sustinuit,
1774 712 1828 757 et
1862 706 2045 759 multis
2078 707 2304 759 audien-

756 794 897 846 tibus
922 794 1098 863 legere
1125 809 1184 847 ea
1216 809 1335 862 qua:
1365 794 1432 847 de
1460 808 1516 846 se
1546 794 1900 862 prmnuntiata
1929 806 2104 858 erant,
2127 812 2305 864 neque

756 885 930 954 legere
960 886 1151 947 solum,
1206 886 1298 939 sed
1335 895 1388 938 et
1415 887 1619 945 testari,
1643 901 1705 940 ac
1740 888 1918 940 dicere
1949 905 1960 938 :
2006 886 2129 939 Haec
2173 904 2307 940 nunc

758 975 968 1041 impleta
1000 985 1116 1027 sunt
1161 977 1215 1027 in
1254 976 1466 1028 auribus
1518 977 1696 1028 vestris
1722 977 1789 1037 '7;
1822 992 1884 1029 ac
1915 986 2171 1044 przrterea
2209 996 2308 1028 an-

760 1085 880 1119 num
943 1067 1113 1130 illum,
1168 1066 1255 1135 qui
1316 1076 1394 1119 est
1448 1067 1703 1135 periodus
1760 1075 2062 1136 temporum
2098 1109 2112 1132 ,
2172 1067 2313 1123 sicut

761 1170 970 1226 tempus
1003 1170 1081 1211 est
1119 1174 1368 1211 mensura
1414 1167 1590 1211 motus
1623 1158 1912 1222 sensibilis,
1965 1169 2019 1211 ut
2047 1170 2312 1228 acceptum

765 1252 867 1304 Deo
903 1253 1185 1319 prcedicare
1215 1251 1278 1303 ⁷⁸.
1308 1250 1587 1315 Quomodo
1614 1265 1742 1304 vero
1781 1251 1940 1304 etiam
1969 1250 2023 1304 in
2056 1251 2309 1320 parabola

759 1343 827 1396 de
868 1343 1066 1394 Lazaro
1108 1349 1163 1393 et
1190 1339 1355 1393 divite
1382 1339 1622 1408 optimus
1663 1349 1718 1393 et
1745 1340 2020 1393 hominum
2049 1340 2310 1394 amantis-

761 1436 928 1488 simus
955 1434 1212 1486 Dominus
1244 1441 1425 1486 noster
1459 1431 1639 1485 Mosen
1669 1445 1721 1485 et
1747 1433 2038 1500 prophetas
2062 1433 2314 1486 salutaris

760 1525 1129 1578 conversionis
1203 1532 1258 1576 et
1337 1523 1668 1592 paenitentiae
1733 1523 2013 1592 magistros
2044 1524 2316 1593 appellat?

753 1618 957 1669 Habent
991 1617 1145 1676 enim,
1181 1616 1448 1683 inquiens,
1479 1612 1658 1666 Mosen
1696 1624 1742 1667 et
1764 1618 2038 1683 prophetas
2061 1637 2073 1668 ;
2095 1617 2315 1670 audiant

763 1707 883 1760 illos
920 1708 983 1760 τ’.
1011 1705 1262 1774 Nunquid
1311 1706 1454 1758 enim
1483 1705 1529 1757 is
1559 1706 1647 1772 qui
1681 1707 1735 1758 in
1768 1721 2111 1759 communem
2144 1708 2317 1760 homi-

763 1817 892 1853 num
928 1801 1152 1853 salutem
1184 1808 1420 1852 nostram
1465 1807 1710 1849 naturam
1734 1798 1993 1866 suscepit,
2043 1798 2312 1853 doctrina:

762 1909 876 1946 sua:
924 1892 1183 1953 initiatos,
1245 1899 1298 1943 et
1323 1891 1391 1942 ab
1416 1905 1602 1941 errore
1632 1890 1903 1951 liberatos,
1951 1890 2016 1943 ad
2049 1906 2233 1945 servos
2263 1901 2319 1945 et

762 1985 1040 2037 ministros
1075 1983 1246 2036 hostis
1277 1982 1596 2042 amandarit,
1632 1991 1689 2033 ut
1715 1981 1902 2034 salutis
1934 1981 2064 2034 ﬁant
2093 1997 2316 2052 compo-

764 2076 881 2130 tes?
906 2076 1036 2139 Quis
1056 2083 1300 2130 creatura
1332 2073 1423 2126 Dei
1457 2073 1744 2134 exsistens,
1779 2089 1902 2127 vere
1925 2081 1980 2126 et
2009 2074 2150 2128 serio
2175 2075 2319 2130 hunc

763 2178 926 2222 tanta:
978 2168 1199 2220 insaniae
1243 2166 1461 2235 gradum
1496 2165 1744 2218 admittat
1784 2166 1807 2218 ἲ
1847 2165 2013 2218 Porro
2043 2167 2087 2219 si
2120 2167 2319 2220 veteris

765 2259 1109 2312 instrumenti
1167 2268 1353 2311 auctor
1398 2257 1572 2311 Malus
1617 2267 1720 2322 est,
1782 2257 2051 2326 quomodo
2079 2258 2319 2313 veritatis

766 2352 886 2405 fons
940 2350 1179 2418 praecipit
1233 2368 1244 2403 :
1301 2347 1625 2402 Scrutamiui
1672 2348 1976 2415 Scripturas
2011 2390 2028 2412 ,
2076 2349 2200 2417 quia
2266 2349 2320 2402 in

766 2445 870 2495 illis
898 2443 1160 2494 invenietis
1195 2442 1351 2492 vitam
1381 2451 1634 2492 wternam
1660 2439 1742 2491 "°?
1784 2438 1879 2492 Ubi
1912 2441 2055 2491 enim
2102 2447 2186 2492 est
2215 2439 2320 2493 vita

767 2546 986 2599 icterna,
1026 2536 1078 2588 iu
1111 2535 1305 2603 quibus
1335 2533 1556 2586 aculeus
1587 2532 1791 2600 peccati
1826 2531 2170 2583 dominatur?
2217 2531 2316 2584 Ubi

770 2638 873 2682 vita
927 2638 1162 2689 aeterna,
1212 2627 1263 2678 in
1313 2626 1512 2694 quibus
1556 2624 1824 2676 homicida
1878 2624 2020 2692 leges
2072 2623 2212 2687 fert,
2269 2632 2324 2677 et

771 2722 1044 2791 praecipit?
1068 2719 1214 2772 Talia
1245 2719 1448 2772 scilicet
1479 2717 1656 2786 lingua
1694 2715 1807 2768 Deo
1837 2716 2052 2769 inimica
2084 2715 2326 2784 proferre

771 2815 951 2866 audet.
1009 2811 1064 2863 Si
1132 2819 1391 2879 prmterea
1461 2817 1615 2860 vetus
1668 2816 2050 2859 testamentum
2105 2824 2133 2858 κ
2190 2806 2326 2858 Malo

773 2916 874 2965 est,
906 2904 1175 2971 quomodo
1220 2900 1424 2954 Veritas
1457 2899 1572 2967 ipsa
1601 2899 1674 2950 ait
1703 2916 1715 2950 :
1768 2896 1828 2950 Si
1863 2899 2136 2950 crederetis
2172 2898 2322 2960 Mosi,

774 2996 1048 3047 crederetis
1084 3002 1130 3045 et
1153 2992 1280 3043 mihi
1315 3008 1328 3043 :
1378 2990 1440 3042 de
1471 3005 1550 3041 me
1593 2989 1730 3040 enim
1783 2989 1826 3040 is
1870 2988 2076 3055 scripsit
2103 2989 2168 3040 ⁸⁸.
2207 2989 2325 3040 Non

776 3101 906 3139 sane
937 3085 1011 3137 ait
1041 3103 1052 3136 :
1091 3081 1144 3135 Si
1183 3082 1233 3133 in
1254 3079 1532 3133 nonnullis
1558 3077 1852 3130 crederetis
1881 3076 2033 3140 Mosi,
2063 3077 2159 3131 sed
2198 3079 2330 3131 sim-

2410 616 2522 685 γάρ
2546 617 2691 668 ἐστιν
2728 614 2865 684 αὕτη
2897 613 2991 667 τοῦ
3027 612 3292 683 Πονηροῦ,
3327 612 3446 676 πῶς
3489 614 3749 682 ἠνέσχετο
3790 613 3978 666 λαϐεῖν

2407 708 2468 760 τὸ
2507 707 2708 776 βιϐλίον
2735 705 2959 776 ταύτης,
2997 707 3025 758 6
3052 705 3143 757 τὸν
3171 705 3410 773 Πονηρδν
3447 703 3695 756 καθελεῖν
3728 721 3974 772 παραγεο

2409 800 2577 868 γονώς
2598 818 2612 863 ς
2636 800 2729 852 καὶ
2752 801 2832 859 είς
2858 797 3065 850 πολλῶν
3116 798 3420 864 ἀναγνῶναι
3441 796 3631 857 ἀκοάς,
3652 796 3718 847 δι’
3737 789 3812 847 ὧν
3841 813 3980 864 προσ

2411 890 2742 962 εκηρύττετο
2779 890 2846 941 τὰ
2885 891 3011 959 περὶ
3041 888 3254 951 ἑαυτοῦ,
3286 889 3379 940 καὶ
3407 889 3504 941 οὑκ
3542 886 3847 952 ἀναγνῶναι
3882 887 3982 955 μό-

2410 999 2518 1041 νον,
2551 980 2685 1032 ἀλλὰ
2718 978 2810 1032 καὶ
2839 977 3309 1046 διαμαρτύρασθαι
3337 1018 3352 1040 ,
3384 977 3466 1029 ὅτι
3495 975 3683 1029 Ταῦτα
3727 975 3844 1028 νῦν
3883 990 3985 1026 πε-

2411 1072 2712 1139 πλήρωται
2741 1071 2810 1122 ἐν
2847 1069 2971 1134 τοῖς
2999 1068 3150 1122 ὠσὶν
3189 1067 3354 1135 ὑμῶν
3378 1084 3392 1098 ⁸
3425 1069 3520 1120 καὶ
3552 1069 3657 1120 τὸν
3687 1067 3982 1129 ἐνιαυτὸν,

2412 1166 2470 1228 ὅς
2505 1167 2618 1216 ἔστι
2650 1163 2896 1233 περίοδος
2931 1162 3136 1232 χρόνων
3165 1148 3314 1231 (l5),
3365 1161 3393 1212 6
3436 1159 3494 1211 δὲ
3544 1159 3735 1228 χρόνος
3788 1159 3986 1226 μέτρον

2415 1258 2682 1325 κινήσεως
2729 1254 3034 1324 αἰσθητῆς,
3085 1254 3303 1307 τοῦτον
3346 1251 3717 1318 ἀνακηρύξαι
3771 1249 3988 1302 δεκτόν

2415 1350 2646 1415 Κυριῳ;
2677 1347 2801 1409 Πῶς
2829 1346 2884 1398 δὲ
2931 1345 3092 1398 πάλιν
3130 1346 3188 1396 tv
3227 1347 3294 1414 τῇ
3327 1342 3421 1396 τοῦ
3455 1342 3706 1411 Λαζάρου
3753 1344 3846 1393 καὶ
3890 1339 4004 1392 τού

2416 1442 2668 1495 πλουσίου
2699 1440 2978 1510 παραϐολῇ
3008 1441 3036 1492 6
3060 1437 3442 1506 φιλάνθρωπος
3469 1436 3561 1488 καὶ
3591 1435 3794 1502 ἀγαθὸς
3827 1433 3989 1502 ἡμῶν

2418 1535 2690 1602 Δεσπότης
2723 1533 2923 1586 Μωσέα
2955 1532 3049 1584 καὶ
3085 1531 3210 1592 τοὺς
3254 1530 3536 1599 προφήτας
3577 1528 3674 1596 τῆς
3720 1525 3991 1594 σωτηρίου

2419 1625 2750 1694 ἐπιστροφῆς
2775 1624 2871 1676 καὶ
2901 1620 3264 1692 μεταμελείας
3305 1618 3659 1680 διδασκάλους
3687 1616 3990 1680 ἀποκαλεῖ;

2423 1718 2671 1783 Ἔχουσι
2700 1715 2809 1783 τὰρ
2829 1756 2845 1779 ,
2877 1715 3031 1784 φησι,
3062 1712 3277 1768 Μωσέα
3324 1711 3424 1764 καὶ
3457 1710 3598 1775 τοὺς
3643 1707 3953 1777 προφήτας
3974 1723 3988 1735 ·

2421 1807 2859 1862 ἀκουσάτωσαν
2901 1805 3116 1858 αὐτῶν.
3169 1799 3316 1874 'Apa
3347 1803 3456 1870 γὰρ
3492 1802 3520 1853 6
3566 1803 3660 1853 ἐπὶ
3709 1802 3860 1869 κοινῇ
3894 1798 3992 1850 τοῦ

2422 1901 2608 1966 γένους
2637 1898 2745 1968 (14)
2784 1897 3026 1968 σωτηρία
3051 1897 3152 1963 τὴν
3178 1895 3332 1965 ήμῶν
3367 1895 3530 1962 φύσιν
3565 1891 3847 1946 ἀναλαϐὼν
3869 1892 3994 1954 τοὺς

2425 1989 2984 2059 μυσταγωγουμένους
3039 1986 3168 2056 παρ’
3220 1986 3382 2038 αὑτοῦ
3412 2025 3428 2049 ,
3481 1986 3575 2035 καὶ
3632 1983 3731 2051 τῆς
3784 1982 3996 2048 πλάνης

2423 2080 2929 2147 ἀπαλλαττομένους
2951 2122 2964 2144 ,
3001 2080 3080 2138 είς
3113 2079 3237 2140 τοὺς
3284 2077 3618 2146 θεράποντας
3663 2074 3756 2127 καὶ
3785 2073 3992 2142 ὑπηρέ-

2422 2189 2519 2232 τας
2540 2174 2820 2239 ἀνέπεμπε
2847 2169 2938 2220 τοῦ
2967 2168 3089 2237 Ἐχθ
3102 2167 3216 2238 ροῦ,
3238 2167 3330 2219 καὶ
3349 2169 3470 2218 τότε
3486 2166 3758 2235 σωτηρίας
3775 2167 3958 2234 τυχεῖν
3976 2181 3992 2230 ;

2425 2262 2535 2314 Καὶ
2569 2261 2651 2324 τίς
2675 2261 2740 2313 ἂν
2762 2260 3047 2328 ἀνάσχοιτο
3077 2259 3302 2328 πλάσμα
3327 2257 3462 2309 Θεοῦ
3494 2257 3756 2325 ὑπάρχων
3778 2255 3997 2325 ἀληθῶς

2425 2355 2520 2425 τῆς
2547 2352 2812 2422 τοσαύτης
2839 2353 3095 2413 ἀπονοίας
3125 2351 3222 2420 τὴν
3247 2350 3554 2420 ὑπερϐολήν
3580 2366 3594 2414 ;
3633 2349 3800 2402 Πάλιν
3836 2348 3917 2412 δὲ,
3947 2349 3998 2400 εἰ

2425 2453 2524 2519 τῆς
2554 2451 2791 2512 Παλαιᾶς
2837 2448 3111 2515 Διαθήκης
3155 2447 3452 2516 νομοθέτης
3496 2447 3524 2496 6
3554 2443 3832 2512 Πονηρὸς,
3877 2441 3999 2505 πῶς

2426 2543 2572 2609 λέγει
2609 2541 2703 2609 τῆς
2741 2537 3072 2606 ἀγαθότητος
3109 2540 3141 2607 ή
3173 2540 3346 2606 πηγή·
3401 2533 3707 2602 Ἐρευνᾶτε
3738 2532 3850 2600 (15)
3890 2531 4000 2595 τὰς

2429 2634 2699 2701 Γραφὰς,
2733 2631 2821 2684 ὅτι
2853 2632 2922 2683 ἐν
2957 2629 3165 2693 αὐταῖς
3211 2628 3496 2694 εὑρήσετε
3537 2626 3690 2691 ζωὴν
3717 2623 4000 2684 aldirtor;

2431 2724 2540 2779 Ποῦ
2571 2723 2731 2792 γὰρὴ
2763 2721 2977 2783 αἰώνιος
3004 2720 3137 2789 ζωὴ,
3169 2722 3226 2772 ὲν
3258 2714 3335 2780 οἷς
3366 2719 3425 2771 τὸ
3455 2718 3678 2786 κέντρον
3699 2715 3798 2781 τῆς
3820 2715 4004 2782 ἀμαρο

2431 2815 2548 2874 τίας
2576 2811 2947 2874 πολιτεύεται;
2979 2809 3084 2863 ποῦ
3125 2813 3158 2878 ή
3203 2808 3420 2870 αἰώνιος
3452 2808 3600 2874 ζωὴ,
3633 2808 3691 2857 ὲν
3720 2799 3800 2867 οἷς
3839 2804 3868 2854 6
3904 2805 4002 2854 άν-

2434 2904 2804 2973 θρωποκτὸνος
2843 2903 3154 2970 νομοθετεῖ,
3201 2898 3296 2951 καὶ
3336 2897 3806 2967 παρακελεύεται;
3844 2891 4007 2946 τοῦτο

2433 2995 2541 3065 γὰρ
2573 2996 2605 3062 ἡ
2639 2992 2902 3060 θεομάχος
2943 2990 3160 3058 γλῶσσα
3191 2988 3541 3057 θρασύνεται.
3573 2988 3757 3056 Χωρὶς
3785 2985 3841 3037 δὲ
3892 2982 4006 3034 τῶν

2434 3084 2764 3154 εἰρημένων.
2804 3085 2852 3135 εἰ
2883 3084 2915 3149 ἡ
2936 3080 3149 3134 Παλαιὰ
3177 3079 3271 3133 τοῦ
3306 3078 3568 3148 Πονηροῦ,
3596 3078 3709 3138 πῶς
3752 3076 4005 3144 Ἀλήθεια

775 3177 985 3246 pliciter
1013 3177 1186 3243 ipsum
1232 3184 1290 3225 ut
1320 3171 1422 3224 [ide
1452 3171 1685 3260 dignum
1703 3169 1997 3260 renuntiat.
2049 3169 2329 3260 Quomodo
2357 3204 2398 3260 ο
2436 3176 2442 3226 ζ

2357 3204 2398 3260 c
2436 3176 2600 3242 λέγει·
2634 3177 2703 3228 ει
2727 3174 3068 3226 ἐπιστεύετε
3096 3171 3315 3234 Μωσεῖ,
3355 3171 3697 3222 ἐπιστεύετε
3729 3168 3805 3220 ἂν
3836 3168 4003 3235 ἐμοί·

778 3283 904 3320 vero
937 3261 1420 3330 iterumladversus
1448 3273 1562 3319 eos,
1598 3257 1690 3324 qui
1728 3256 1872 3308 circa
1916 3255 2328 3309 dissolutionem

776 3352 1009 3421 coniugii
1055 3363 1348 3416 suspensos
1399 3362 1457 3400 se
1496 3345 1776 3414 gerebant,
1820 3352 1979 3411 atque
2012 3345 2063 3396 in
2096 3344 2330 3412 patroci~

779 3449 930 3501 nium
978 3441 1400 3511 perturbationis
1441 3454 1550 3492 suae
1592 3439 1658 3490 ad
1707 3435 1892 3490 Mosen
1944 3437 2328 3503 provocabant,

779 3547 1027 3604 suscepta
1075 3543 1293 3587 strenue
1340 3528 1687 3599 Legislatoris
1728 3542 1888 3580 causa
1939 3526 2012 3578 ait
2043 3542 2059 3578 :
2088 3525 2246 3578 Moses
2271 3525 2330 3576 ob

781 3630 1023 3680 duritiem
1047 3627 1210 3676 cordis
1231 3623 1383 3676 vestri
1419 3621 1650 3687 permisit
1676 3619 1810 3670 vobis
1840 3619 2098 3669 dimittere
2129 3632 2330 3669 uxores.

782 3721 858 3769 Ab
893 3718 1038 3768 utilia
1071 3732 1186 3767 vero
1216 3730 1313 3765 nou
1348 3720 1460 3762 erat
1504 3712 1599 3760 ita.
1628 3711 1690 3759 "’.
1734 3705 1888 3760 Unde
1920 3717 2099 3759 autem
2131 3705 2181 3757 id
2210 3719 2332 3771 pro-

783 3808 909 3862 bat?
960 3808 1060 3871 Qui
1096 3807 1232 3858 enim
1265 3805 1381 3873 fecit
1411 3819 1514 3861 eos,
1562 3802 1753 3867 inquit,
1785 3815 1979 3849 marem
2009 3807 2054 3849 et
2082 3797 2332 3864 feminam

766 3903 902 3971 .ferit
931 3901 998 3953 ⁸³.
1057 3899 1239 3965 Itaque
1269 3912 1352 3958 ea,
1405 3910 1523 3962 qua:
1550 3892 1803 3944 Senator
1850 3892 1902 3943 in
1939 3889 2243 3958 Evangeliis
2269 3889 2334 3942 de

787 3991 1043 4061 conjugio
1072 3991 1278 4053 sanxit,
1323 3988 1389 4040 ab
1423 3988 1512 4038 illo
1544 3983 1806 4053 proﬁcisci
1856 3982 1928 4033 ait.
1952 3982 2040 4048 qui
2072 3980 2335 4033 creaturis

785 4083 896 4134 suis
918 4090 974 4133 et
1003 4082 1259 4148 operibus
1283 4080 1426 4146 leges
1459 4077 1652 4138 ﬁxerit,
1687 4084 1738 4126 et
1769 4073 1947 4124 Mosen
1983 4081 2207 4124 testatur
2228 4086 2336 4122 non

786 4173 1173 4241 contui-ipsisse
1217 4173 1359 4240 leges
1401 4172 1450 4223 in
1484 4171 1758 4224 creatione
1793 4171 1948 4229 latas,
1998 4168 2089 4220 sed
2119 4182 2186 4219 ex
2217 4181 2337 4218 cer-

785 4267 857 4318 tis
892 4264 1310 4317 circumstantiis
1353 4263 1417 4315 de
1459 4260 1744 4329 postulatis
1791 4259 1910 4326 ejus
1940 4257 2141 4325 aliquid
2175 4257 2338 4309 remi-

785 4373 938 4410 sxssc.
981 4355 1101 4424 Legi
1137 4357 1280 4408 enim
1308 4353 1600 4408 crcationis
1633 4354 1699 4404 ab
1726 4351 1879 4403 initio
1908 4350 2060 4402 facta:
2088 4364 2229 4406 mea.
2259 4349 2340 4400 in-

786 4459 921 4517 quit,
957 4449 1038 4501 lex
1067 4448 1380 4511 concordat,
1407 4445 1604 4498 solutio
1633 4458 1762 4496 vero
1789 4440 2024 4509 conjugii
2055 4455 2084 4491 a
2116 4438 2338 4506 dispen-

786 4542 994 4593 satione
1029 4550 1082 4593 et
1107 4539 1458 4608 dispositione
1493 4536 1653 4589 Mosis
1685 4534 1902 4603 pendet.
1954 4530 2036 4584 Ob
2073 4530 2330 4584 duritiem

858 4655 900 4685 ⁷⁷
924 4652 1052 4706 Luc.
1100 4669 1168 4716 iv,
1214 4654 1302 4706 21.
1381 4652 1425 4683 ⁷⁸
1471 4651 1600 4704 ibid.
1647 4650 1731 4703 19.
1810 4649 1852 4678 ⁷⁸
1883 4647 2010 4700 Luc.
2042 4645 2266 4709 "1,29.

787 4725 833 4757 ⁸³
864 4725 994 4778 ibid.
1043 4725 1093 4778 9.

2376 4643 2420 4675 ⁸ο
2462 4643 2619 4698 Joan.
2667 4659 2718 4710 ν,
2773 4642 2861 4697 59.
2970 4642 3013 4674 ⁸⁸

2432 3267 2562 3335 περὶ
2593 3266 2701 3335 γὰρ
2725 3265 2871 3333 ἐμοῦ
2899 3264 3128 3327 ἐκεῖνος
3160 3263 3452 3331 emoti-er;
3487 3264 3599 3315 Ούκ
3627 3256 3798 3312 εἶπεν·
3833 3260 3894 3311 Et
3946 3260 4008 3312 tv

2431 3375 2570 3411 τισιν
2602 3355 2911 3409 ἐπιστεύετε
2941 3356 3158 3413 Μωσεῖ.
3193 3352 3304 3404 ἀλλ’
3339 3352 3525 3413 άπλῶς
3566 3349 3728 3403 αὑτοῦ
3757 3349 3817 3400 τὸ
3854 3350 4011 3412 ἀξιό-

2434 3466 2620 3501 πιστον
2650 3445 2971 3516 ἀνεκήρυξε.
3006 3445 3126 3504 Πῶς
3151 3445 3207 3496 δὲ
3261 3445 3422 3496 πάλιν
3455 3443 3590 3512 πρὸς
3622 3441 3744 3499 τοὺς
3779 3440 4009 3508 κεχηνό-

2431 3558 2531 3603 τας
2574 3540 2702 3609 περὶ
2743 3539 2840 3608 τὴν
2870 3538 3112 3590 διάλυσιν
3152 3537 3260 3590 τῶν
3303 3539 3497 3604 γάμων
3536 3536 3628 3588 καὶ
3673 3534 3763 3585 τὸν
3799 3535 4010 3600 Μωσῆν

2435 3635 2513 3693 είς
2539 3631 2859 3699 συνηγορίαν
2885 3629 2977 3682 τοῦ
3011 3629 3215 3690 πάθους
3244 3627 3711 3694 προϐαλλομένους
3738 3624 4011 3692 λαμπρῶς

2435 3720 2771 3788 ὑπερμαχῶν
2817 3718 2910 3770 τοῦ
2945 3717 3238 3784 νομοθέτου
3270 3715 3457 3784 φησὶν,
3487 3716 3567 3768 ὅτι
3617 3711 3836 3779 Μωσῆς
3856 3713 4011 3779 πρὸς

2436 3811 2550 3877 τὴν
2591 3809 3074 3876 σκληροκαρδίαν
3109 3805 3275 3874 ὑμῶν
3314 3805 3640 3872 ἐπέτρεψεν
3685 3801 3826 3870 ὑμῖν
3855 3802 4010 3854 ἁπο-

2435 3901 2621 3955 λῦσαι
2652 3899 2759 3964 τὰς
2803 3898 3108 3966 γυναῖκας.
3153 3897 3277 3949 Ἀπ’
3319 3895 3510 3962 ἀρχῆς
3545 3894 3611 3946 δὲ
3657 3896 3728 3946 οὐ
3761 3891 4010 3960 γέγονεν

2436 3993 2641 4056 οὕτως.
2681 3991 2790 4043 Καὶ
2822 3989 2984 4042 πόθεν
3021 3991 3119 4056 τὴν
3149 3985 3421 4049 ἀπόδειξιν
3465 3985 3728 4055 προάγει;
3788 3983 3850 4034 '0
3896 3983 4010 4050 γὰρ

2438 4084 2694 4148 ,ποιήσας
2711 4081 2950 4146 αὐτοὺς,
2975 4082 3158 4148 φησὶν,
3186 4081 3373 4147 ἄρσεν
3419 4080 3515 4131 καί
3539 4077 3695 4140 θῆλυ
3718 4075 4013 4139 ἐποίησεν

2438 4176 2692 4239 αὐτούς·
2754 4173 2894 4226 ὥστε
2943 4173 3085 4241 ᾰπερ
3132 4171 3442 4238 ἐνομοθέτει
3486 4171 3513 4221 6
3552 4168 3743 4234 Σωτὴρ
3790 4167 3847 4217 tv
3895 4168 4013 4227 τοῖς

2439 4263 2790 4331 Εὑαγγελίοις
2822 4265 2950 4332 περὶ
2992 4263 3090 4329 τῆς
3125 4261 3416 4326 συζυγίας,
3454 4261 3516 4310 ὲκ
3547 4258 3638 4310 τοῦ
3678 4257 3905 4325 θεμένου
3951 4257 4012 4307 tv

2438 4358 2548 4416 τοῖς
2575 4354 2733 4406 αὑτοῦ
2758 4352 3037 4421 πλάσμασι
3066 4354 3160 4402 καὶ
3183 4351 3308 4416 ποιή
3322 4365 3452 4416 μασι
3474 4348 3598 4407 τοὺς
3629 4345 3784 4412 φύσει
3807 4344 4010 4412 νόμους

2440 4443 2721 4513 προελθεῖν
2750 4443 2936 4512 ἐδήλου
2981 4442 3073 4494 καὶ
3117 4440 3207 4492 τὸν
3252 4440 3454 4508 Μωσῆν
3484 4437 3544 4489 οὑ
3590 4433 4009 4503 καταφρονητήν

2436 4531 2543 4582 τῶν
2573 4531 2660 4582 διὰ.
2686 4529 2784 4598 τῆς
2813 4530 3064 4591 πλάσεως
3096 4529 3394 4597 δεδομένων
3439 4527 3637 4595 νόμων,
3673 4524 3786 4577 ἀλλ’
3818 4526 3882 4575 ὲκ
3913 4539 4011 4574 πε-

3069 4641 3201 4695 ibid.
3237 4640 3327 4695 46.
3436 4639 3703 4698 "Matth.
3766 4653 3876 4700 nx,
3953 4637 4005 4691 8.

1868 4827 2098 4882 VARI/13
2139 4825 2528 4882 LECTIONES
2571 4827 2654 4879 ET
2692 4824 2916 4882 ΝΟΤᾸΕ.

862 4949 973 5019 (12)
1006 4949 1081 5002 Ex
1110 4948 1297 5002 limine
1319 4946 1421 5019 hoc
1451 4944 1720 5019 sermonis
1747 4959 1928 5019 patere
1970 4943 2184 4997 videtur
2213 4957 2337 5019 eum
2363 4942 2416 5000 D
2441 4941 2756 5019 δραμοντες,

829 5015 887 5074 ro
915 5015 1175 5074 concione
1206 5017 1444 5071 habitum
1467 5015 1633 5068 fuisse
1658 5016 1722 5067 ad
1750 5015 2049 5075 audientes,
2075 5028 2209 5081 quos
2238 5015 2342 5065 sci-

829 5039 887 5074 ro
915 5039 1175 5074 concrone
1206 5039 1444 5071 [tamtum
1468 5039 1633 5068 Iutssc
1658 5039 1722 5067 au
1750 5039 2049 5075 auurcutca,
2075 5039 2209 5081 illius
2238 5039 2342 5065 au-

791 5039 916 5145 iicet
945 5089 1030 5142 hic
1061 5089 1124 5141 ad
1162 5087 1514 5140 attentionem
1546 5086 1613 5137 iis
1653 5084 1832 5137 verbis
1866 5084 2080 5145 excitat,
2125 5082 2342 5150 quaead

791 5163 1027 5230 legentes
1055 5174 1162 5230 non
1197 5172 1344 5224 :eque
1365 5156 1503 5230 bene
1527 5153 1917 5207 accommodari
1958 5149 2202 5230 possunt.
2235 5149 2346 5230 llu-

788 5222 878 5299 ]υὲ
913 5229 988 5281 rei
1022 5228 1238 5295 vestigia
1261 5222 1326 5299 :et
1365 5226 1499 5299 intra
1533 5235 1852 5299 occurrent,
1897 5222 2348 5299 quemadmodum

794 5291 846 5350 et
877 5300 928 5350 in
953 5300 1056 5350 line
1074 5291 1234 5363 huj'ns
1265 5295 1424 5347 libelli
1456 5297 1651 5347 diserte.
1687 5295 1888 5346 mentio
1910 5292 2084 5363 Ιὶιτῆς
2111 5291 2344 5363 νόμιλίας.

795 5369 861 5421 Et
887 5383 1072 5435 parum
1108 5362 1276 5425 abest,
1308 5366 1434 5432 quin
1473 5366 1610 5416 idem
1632 5364 1697 5417 de
1722 5362 2177 5435 superiorilibello
2199 5376 2347 5435 asse.-

796 5431 932 5490 rani.
959 5438 1112 5501 cujus
1146 5431 1386 5490 extrema
1411 5436 1590 5487 verba.
1623 5448 1740 5501 quae
1783 5434 1943 5485 etiam
1983 5431 2346 5483 continuatio-

798 5523 919 5559 nem
940 5507 1099 5571 hnjns
1116 5504 1579 5558 commentationis
1605 5518 1821 5571 sperare
1847 5502 2054 5565 iubent,
2073 5501 2348 5554 concionis

799 5591 964 5628 sacrae
999 5577 1237 5629 habitum
1261 5577 1387 5626 satis
1416 5573 1681 5626 luculente
1715 5574 1929 5626 sistunt.

871 5645 982 5712 (15)
1019 5645 1294 5711 Περίοὸος
1336 5645 1578 5710 χρόνων.
1637 5643 1850 5694 Plenius
1881 5650 1935 5693 et
1972 5641 2224 5712 disertius
2252 5654 2317 5712 an

801 5708 928 5767 nunt
966 5708 1167 5768 'deliiiit
1205 5708 1407 5772 Polluit,
1445 5715 1479 5765 Ι.
1522 5729 1644 5765 Liv:
1694 5712 1982 5771 'Evtauri,:,
2019 5711 2153 5771 ἔτος,
2189 5708 2350 5760 δωδε-

803 5789 1039 5853 κάμηνος
1093 5786 1277 5853 χρόνος
1328 5783 1475 5851 ἡλίου
1553 5781 1792 5851 περίοδος
1859 5779 2224 5853 περιελθόντος
2289 5776 2348 5842 ἐξ

801 5849 956 5917 ὡρῶν
981 5857 1056 5916 εἰς
1086 5849 1230 5916 ὧόας
1267 5849 1359 5907 τοῦ
1401 5854 1554 5919 θεοῦ,
1587 5849 1781 5907 κύκλον
1811 5849 1906 5905 τοῦ
1932 5850 2154 5919 ἀστέρος
2192 5865 2345 5919 περι-

2521 5012 2629 5079 (14)
2670 5009 2879 5074 Γένος,
2918 5009 3203 5079 hominum.
3236 5006 3666 5079 “avertendum
3693 5021 3814 5060 esse
3845 5020 4009 5079 supra

2441 5075 2739 5210 prttibasigpn
2760 5079 2900 5133 notis
2923 5079 2987 5132 ad
3017 5078 3110 5132 lib.
3137 5076 3365 5141 iPhotii,
3384 5093 3436 5145 p.
3459 5075 3559 5130 159
3580 5075 3767 5145 (supra
3791 5075 3898 5130 col.
3920 5076 4006 5139 85,

2443 5167 2515 5205 no
2544 5190 2557 5203 .
2688 5189 2702 5202 .

2443 5160 2557 5205 not.
2591 5160 2702 5205 86).

2518 5221 2628 5286 (15)
2669 5217 2998 5285 Ἐρευνᾶτε.
3023 5216 3323 5286 lmperandi
3348 5216 3527 5283 itaque
3559 5215 3780 5268 notione.
3803 5216 4014 5283 accepit

2448 5291 2670 5344 verbum
2722 5290 2826 5342 hoc
2867 5288 3126 5350 Photius,
3165 5286 3616 5355 quemadmodum
3670 5296 3725 5338 et
3766 5295 4010 5338 vett-rum

2449 5359 2700 5414 Ecclesia:
2726 5358 2926 5412 Graeca:
2954 5359 3231 5410 doctorum
3266 5356 3504 5422 plerique
3533 5370 3742 5413 omnes,
3778 5370 4012 5420 quorum

2450 5430 2563 5482 loca
2598 5429 2868 5482 cumulate
2911 5427 3090 5480 attulit
3117 5426 3196 5480 Jo.
3242 5425 3460 5492 CaSpar.
3507 5424 3763 5478 Snicerus
3793 5425 3848 5476 in
3880 5423 4011 5477 Tlte-

2448 5516 2604 5560 sauro
2630 5499 2988 5556 ecclesiastico,
3009 5509 3135 5550 tom.
3163 5496 3202 5559 l,
3237 5512 3286 5563 p.
3317 5493 3470 5548 1210.
3507 5495 3580 5547 Ex
3617 5494 4012 5563 recentioribus

2451 5568 2706 5621 Erasmus
2739 5567 3047 5620 Srhmidius
3073 5568 3123 5618 in
3155 5562 3696 5617 Animadversionibus
3735 5565 3802 5615 ad
3843 5564 3912 5618 Ν.
3955 5562 4009 5618 T.

2453 5653 2615 5706 super
2647 5641 2790 5690 hunc
2813 5638 2985 5690 locum
3013 5636 3281 5690 indicandi
3307 5636 3582 5687 notionem
3615 5634 4009 5706 praeferendam

2452 5703 2694 5761 studiose
2751 5707 3064 5767 contendit,
3118 5720 3318 5773 paucos
3349 5714 3540 5757 nactus
3592 5703 4008 5773 approbatores.

2455 5777 2590 5832 Vide
2634 5792 2753 5845 quae
2782 5777 2922 5845 olim_
2961 5776 3012 5827 in
3050 5772 3189 5845 hanc
3224 5790 3333 5826 rem
3381 5773 3568 5845 scripsi
3614 5774 3683 5828 ad
3727 5772 4013 5827 Casaubo-

2451 5850 2630 5912 niana,
2653 5843 2717 5917 _p.
2746 5846 2871 5902 297.
2903 5843 3007 5900 Sed
3038 5847 3101 5898 de
3133 5844 3231 5898 hoc
3259 5845 3374 5900 loco
3401 5844 3554 5897 alias.
