4222 6432
236 382 343 449 125
1242 389 1539 454 CONTRA
1575 393 2029 457 MANICHEOS
2061 393 2291 457 LIBER
2326 396 2441 459 [ΙΙ.

1872 393 2029 457 EOS
2061 393 2291 457 LIBER
2326 396 2441 459 [ΙΙ.
2624 449 2629 455 .
3363 392 3459 456 126

238 492 540 563 ριστάσεως
582 492 643 546 τδ
676 494 904 550 Ialm
941 495 1167 567 ἠρεμεῖν
1196 496 1539 555 ὑπενδιδόντα
1581 502 1802 556 δικαίω-
1830 506 1881 565 Α
1904 506 2047 560 enim
2077 505 2259 561 cordis
2282 505 2447 562 vestri

1869 506 2047 564 tenim
2077 505 2259 561 cordis
2282 505 2470 571 vestri,
2513 469 2714 577 lnqit,
2764 503 2983 575 scripsit
3014 503 3115 559 ista
3149 488 3463 555 Mosesfln-

236 599 316 650 μα
354 584 483 652 (lli).
513 583 601 649 Τῷ
634 585 743 656 γὰρ
771 586 920 656 νόμῳ
946 587 1044 656 τῆς
1077 588 1170 641 ἀπ’
1201 590 1377 659 ἀρχῆς
1420 591 1760 657 διαπλάσιως
1781 636 1795 659 ,
1903 596 2275 652 dissolubilcm
2301 612 2429 653 vero

1903 596 2275 652 dissolubilcm
2301 612 2429 653 vero
2469 596 2704 667 conjugii
2751 611 2972 661 nexum,
3009 610 3169 664 quem
3198 608 3297 663 ego
3326 608 3464 662 prte-

237 676 428 741 φησὶν,
452 674 481 724 ὁ
509 674 637 743 ἐμὸς
663 678 1070 744 συμφθέγγεται
1094 681 1275 749 νόμος.
1302 683 1374 734 Τὸ
1402 682 1459 735 δὲ
1485 684 1685 738 διέσιον
1704 686 1802 755 τῆς
1904 688 2071 756 cipio,
2101 697 2155 741 et
2196 688 2241 741 is
2274 687 2366 756 qui
2412 688 2454 741 hi

1904 688 2071 756 cipio,
2101 697 2155 741 et
2196 688 2241 741 is
2274 687 2366 756 qui
2412 686 2682 741 hominem
2729 686 2796 740 ab
2836 685 2995 739 initio
3038 684 3316 745 condidit,
3369 698 3465 751 per

239 766 501 830 συζυγίας
527 805 541 828 ,
576 769 1025 834 συγκαταϐάσεώς
1063 774 1175 825 ἐστι
1214 772 1310 825 καὶ
1362 775 1668 844 οἰκονομίας
1696 776 1803 846 (l7)
1905 780 2171 834 diversam
2220 779 2359 846 quod
2411 793 2454 831 at

1905 780 2171 834 diversam
2220 779 2359 846 quod
2411 777 2477 831 ad
2522 792 2719 845 corpus
2768 778 3100 830 creationem
3153 789 3317 841 Opere
3348 775 3462 840 ipso

237 854 572 924 Μωσαῖκῆς.
630 860 771 929 Πρὸς
826 862 932 931 γὰρ
982 864 1081 933 τὴν
1133 862 1564 936 σκληροκαρδίαν
1628 868 1800 936 ὑμῶν,
1907 871 2048 926 idem
2086 885 2298 925 mecum
2323 878 2448 922 ante

1907 871 2048 926 idem
2086 885 2298 925 mecum
2323 878 2448 922 ante
2478 868 2665 933 edixit,
2698 875 2753 920 et
2782 867 3083 920 consliluit.
3123 864 3247 917 Ideo
3277 862 3460 915 addit:

239 950 428 1016 φησὶν,
460 951 665 1021 Ξγραψε
700 956 920 1024 Μωσῆς.
958 956 1068 1024 Τῆς
1102 957 1157 1009 δὲ
1184 957 1475 1026 συναφείας
1500 957 1560 1011 τὺ
1588 959 1806 1011 ἀδιάλυ-
1858 942 1859 945 Ἴ
1901 964 1961 1016 In
1999 963 2091 1014 hoc
2124 961 2376 1031 relinquet
2421 961 2453 1011 h

1901 964 1961 1016 In
1999 963 2091 1014 hoc
2124 961 2376 1031 relinquet
2421 961 2570 1013 homo
2616 968 2821 1026 patrem
2868 971 2916 1012 et
2950 969 3189 1017 matrem,
3214 966 3261 1008 et
3291 956 3439 1007 adlice

237 1055 354 1103 τον,
380 1042 516 1111 ὅπερ
540 1042 649 1110 ἐγὼ
684 1047 957 1111 νομοθετῶ
984 1049 1074 1100 καὶ
1101 1050 1129 1101 ὁ
1150 1049 1361 1111 πλάσας
1390 1049 1484 1103 ἀπ’
1510 1049 1683 1118 ἀρχῆς
1717 1049 1808 1103 τὸν

240 1129 532 1197 ἄνθρωπον
561 1132 644 1185 διὰ
692 1135 788 1203 τῆς
822 1138 962 1190 κατὰ
989 1138 1049 1189 τὸ
1084 1137 1244 1207 σῶμα
1288 1138 1542 1209 διαφόρου
1586 1138 1810 1192 διαπλά-

243 1240 381 1287 σεως
402 1264 417 1287 ,
462 1226 530 1278 τὰ
564 1227 702 1280 αὑτά
733 1246 822 1298 μοι
863 1232 975 1293 τοῖς
1002 1232 1183 1299 ἔργοις
1214 1234 1438 1300 προεῖπε
1488 1232 1581 1285 καὶ
1629 1232 1813 1302 προδι-

248 1317 513 1383 ωρίσατο.
539 1320 630 1371 Διδ
653 1322 867 1388 ἐπάγει·
898 1322 998 1375 Ἔν
1019 1325 1204 1387 τούτῳ
1230 1325 1575 1392 καταλείψει
1595 1323 1814 1391 ἅνθρω-

243 1422 359 1473 πος
380 1415 486 1462 τὸν
512 1411 753 1479 πατέρα,
790 1414 889 1467 καὶ
936 1410 1542 1482 προσκολληθήσεται
1578 1413 1652 1483 τῇ
1695 1413 1815 1481 ἰδίᾳ

242 1499 507 1564 γυναικί,
536 1501 633 1553 καὶ
660 1502 904 1558 ἔσονται
930 1507 984 1558 ol
1022 1505 1131 1559 δύο
1159 1507 1245 1570 εις
1274 1505 1471 1573 σάρκα
1493 1506 1658 1573 μίαν.
1702 1506 1818 1558 Ἵνα

244 1590 305 1643 δὲ
347 1591 678 1661 σαφέστερον
721 1596 916 1665 μάθῃς,
948 1596 1030 1659 τίς
1061 1598 1090 1649 ὁ
1126 1597 1429 1659 διαπλάσας
1457 1597 1595 1650 οὕτω
1619 1596 1688 1649 τά
1715 1595 1818 1648 σώ-

248 1698 397 1748 ματα
421 1723 434 1745 ,
484 1684 645 1744 αὐτὸς
675 1684 911 1753 εἰσάγων
946 1686 1037 1738 τὸν
1068 1686 1331 1749 ζεύξαντα
1368 1689 1676 1755 συνεισάγει
1724 1686 1819 1739 καὶ

244 1773 338 1823 τὸν
368 1773 633 1843 meum.
674 1777 841 1844 Φησὶν
867 1778 993 1846 γάρ·
1032 1780 1099 1830 '0
1133 1775 1246 1832 οὖν
1294 1780 1326 1832 ό
1378 1782 1520 1844 Θεὸς
1550 1778 1815 1841 ἔζευξεν,

1908 1054 2037 1106 rebit
2087 1055 2311 1122 propria:
2364 1054 2548 1120 uxori,
2601 1062 2853 1120 eruntque
2899 1052 3001 1104 duo
3051 1049 3127 1101 illi
3171 1049 3221 1099 in
3260 1064 3467 1099 carnem

1910 1146 2142 1200 unam“.
2166 1165 2182 1197 ι
2214 1147 2281 1201 Ut
2315 1162 2442 1201 vero
2466 1147 2667 1201 rectius
2697 1143 2986 1211 intelligas,
3010 1139 3130 1207 quis
3160 1139 3249 1200 sit,
3275 1138 3365 1205 qui
3394 1138 3466 1190 ita

1911 1236 2159 1291 formarit
2186 1252 2435 1307 corpora,
2457 1238 2571 1307 ipse
2605 1247 2659 1292 et
2687 1251 2811 1290 eum
2852 1233 2939 1301 qui
2968 1229 3269 1296 conjunxit,
3300 1238 3353 1282 et
3376 1228 3465 1296 qui

1912 1326 2181 1390 condidit,
2231 1327 2415 1382 eadem
2454 1343 2616 1397 opera
2651 1325 2904 1396 appellat.
2946 1322 3034 1374 Ait
3074 1320 3217 1374 enim
3256 1337 3265 1369 :
3323 1317 3470 1382 Quod

1913 1415 2091 1484 itaque
2134 1415 2267 1469 Dens
2308 1416 2600 1484 conjunxit,
2626 1418 2777 1468 homo
2805 1430 2865 1466 ne
2892 1418 3097 1480 separet
3123 1410 3190 1462 ".
3217 1407 3471 1462 Testatur

1918 1504 2188 1569 Servator,
2244 1508 2403 1576 quod
2441 1508 2725 1562 diversitas
2759 1506 2942 1559 forma:
2982 1502 3079 1556 viri
3110 1509 3174 1555 et.
3190 1499 3410 1553 femina:
3440 1514 3469 1551 a

1920 1597 2045 1660 Deo,
2096 1598 2188 1665 qni
2233 1612 2398 1666 super
2442 1599 2621 1652 omnia
2651 1607 2753 1657 est,
2799 1594 3036 1665 profecta
3084 1592 3171 1652 sit,
3223 1590 3472 1659 quodque

1917 1679 2359 1755 conjunctionem
2436 1688 2580 1742 illam
2656 1684 3086 1741 indissolubilem
3148 1694 3473 1735 conservare

1919 1786 2184 1847 oporteat,
2230 1771 2457 1832 Mosaica
2487 1794 2617 1833 vero
2648 1777 2892 1832 doctrina
2922 1774 2987 1828 ad
3022 1771 3269 1827 duritiem
3298 1768 3473 1823 cordis

247 1861 556 1930 ἄνθρωπος
598 1871 681 1935 μὴ
732 1868 1032 1935 χωριζέτω.
1069 1869 1373 1939 Μαρτυρῶν
1402 1872 1430 1922 ὀ
1474 1871 1663 1939 Σωτὴρ
1684 1909 1697 1930 ,
1729 1870 1809 1922 ὅτι
1840 1857 1885 1916 Β
1914 1883 2118 1931 eorum,
2152 1870 2241 1937 qui
2275 1869 2375 1939 legi
2398 1870 2454 1923 ul

1869 1859 1885 1915 ι
1914 1883 2118 1931 eorum,
2152 1870 2241 1937 qui
2275 1869 2375 1939 legi
2398 1868 2615 1923 obnoxii
2644 1878 2818 1927 erant.
2848 1876 3099 1934 tanquam
3136 1862 3201 1915 ad
3237 1861 3471 1915 circum-

238 1955 342 2005 ,καὶ
364 1956 397 2022 ἡ
418 1957 555 2008 κατά
575 1960 759 2025 σχῆμα
778 1959 1011 2029 διαφορά
1038 1958 1129 2011 τοῦ
1152 1959 1465 2029 πλάσματος
1482 1959 1596 2031 (18)
1619 1960 1809 2029 ἀνδρὸς

243 2059 306 2095 τε
348 2052 443 2098 καὶ⁵
472 2049 727 2112 γυναικὸς
747 2089 762 2111 ,
800 2048 933 2101 Θεοῦ
965 2065 1024 2101 τε
1060 2049 1153 2103 τοῦ
1188 2052 1279 2101 ἐπὶ
1333 2051 1547 2103 πάντων
1572 2050 1686 2102 icti.
1717 2050 1811 2121 δη-

246 2136 572 2205 μιούργημα
594 2178 607 2200 ,
640 2140 731 2190 καὶ
774 2140 854 2190 ὅτι
885 2142 1172 2210 συντηρεῖν
1202 2140 1407 2208 ὀφείλει
1439 2140 1498 2193 τὸ
1531 2139 1812 2194 ἀδιάλυτον

1869 2024 1873 2029 ⁸
1916 1958 2165 2012 stantiam
2201 1975 2296 2013 seu
2335 1954 2699 2024 eonditionem
2747 1954 3065 2026 respexerit,
3123 1968 3241 2022 qure
3274 1952 3337 2005 de
3362 1966 3475 2003 am-

1921 2052 2163 2121 plissimo
2215 2052 2386 2122 legis,
2448 2053 2501 2105 in
2542 2050 2840 2105 creatione
2907 2044 3124 2101 silentio
3166 2043 3471 2112 praeteritae,

1905 2143 2191 2210 postulato
2222 2128 2424 2211 aliquid
2456 2143 2783 2197 detraheret.
2836 2152 2839 2155 '

242 2231 326 2299 εις
358 2233 671 2296 συνάφειαν.
729 2231 838 2282 Καὶ
870 2232 950 2283 ὅτι
993 2232 1025 2298 ἡ
1068 2232 1332 2302 Μωσαϊκὴ
1378 2234 1658 2302 είσήγησις
1708 2233 1806 2302 τὴν
1845 2234 2273 2315 σκληροκαρδίαν
2305 2235 2412 2288 τῶν
2475 2236 2941 2305 νομοθετουμένων
2974 2235 3292 2304 περίστασιν
3353 2222 3468 2298 εἶχε

243 2320 619 2374 καθέλκουσαν
668 2325 747 2383 εἰς
799 2323 1091 2377 ἐλάττωσιν
1137 2324 1229 2377 τοῦ
1281 2326 1423 2379 κατά
1466 2327 1564 2396 τὴν
1616 2328 1811 2380 πλάσιν
1842 2327 2401 2399 σεσιγημένουνόμου
2430 2330 2489 2382 τὸ
2511 2330 2745 2399 ἀξίωμα.
2853 2322 2860 2327 ’

319 2412 392 2464 B'.
451 2412 652 2481 Ἐτέρῳ
694 2413 750 2465 δὲ
778 2413 921 2484 λόγῳ
967 2416 1015 2467 εί
1044 2417 1282 2487 πονηρᾶς
1319 2412 1385 2487 ἦν
1416 2418 1589 2488 ἀρχῆς
1628 2421 1660 2487 ἡ
1696 2418 1807 2472 Πα·
1976 2416 2040 2471 ll.
2068 2416 2136 2473 Ut
2164 2434 2290 2474 vero
2332 2420 2398 2473 ad
2435 2435 2454 2472 ε

1976 2416 2040 2471 ll.
2068 2416 2136 2473 Ut
2164 2434 2290 2474 vero
2332 2420 2398 2473 ad
2435 2420 2538 2473 alia
2590 2429 2946 2482 transeamus,
2988 2419 3031 2471 si
3070 2416 3191 2471 mali
3224 2410 3475 2484 principii

243 2500 409 2567 λαιὰ,
438 2502 551 2566 πῶς
582 2505 609 2556 ὁ
642 2504 740 2575 τὴν
774 2506 935 2574 χάριν
971 2508 1254 2560 συνάπτων
1288 2508 1365 2577 τῷ
1403 2510 1552 2579 νόμῳ
1584 2510 1812 2580 Χριστὸς
1908 2518 2064 2565 vetus
2124 2519 2445 2565 testamentu

1908 2518 2064 2565 vetus
2124 2519 2503 2565 testamentum
2535 2510 2655 2575 fuit,
2754 2509 3019 2579 quomodo
3048 2546 3064 2571 ,
3126 2508 3217 2577 qui
3252 2506 3476 2576 gratiam

242 2597 275 2649 ὀ
309 2594 496 2664 Σωτὴρ
522 2597 677 2665 ἡμῶν
706 2597 884 2665 λέγει·
924 2599 1141 2652 Πολλοὶ
1182 2599 1396 2653 δίκαιοι
1434 2602 1817 2669 ἐπεθύμησαν
1912 2618 2033 2657 cum
2055 2603 2171 2673 lege
2198 2603 2453 2672 conjunxi

1912 2618 2033 2657 cum
2055 2603 2171 2673 lege
2198 2603 2499 2672 conjunxit,
2536 2603 2804 2664 Christus,
2830 2601 3081 2656 Servator
3113 2608 3313 2659 noster,
3349 2597 3425 2651 ait
3459 2612 3473 2649 :

244 2686 400 2741 ιδεῖν
427 2687 462 2739 d
481 2687 764 2754 βλέπετε,
791 2690 888 2742 καὶ
913 2693 1023 2744 οὐκ
1052 2687 1237 2753 εἷδον;
1264 2692 1388 2754 Πῶς
1414 2692 1521 2761 γὰρ
1550 2692 1819 2761 ἠθέλησαν
1916 2694 2065 2749 Multi
2103 2696 2237 2763 justi
2295 2697 2454 2749 deside

1916 2694 2065 2749 Multi
2103 2696 2237 2763 justi
2295 2697 2655 2749 desiderarunt
2712 2696 2882 2747 videre
2935 2708 3049 2763 quia
3114 2692 3337 2753 uidetis,
3389 2689 3476 2742 sed

251 2781 384 2831 ἰδεῖν
428 2782 477 2832 oi
513 2780 607 2833 τοῦ
641 2782 884 2850 Πονηροῦ
936 2783 1006 2836 τὰ
1042 2783 1135 2837 τοῦ
1179 2783 1446 2851 Ἀγαοοῦ;
1486 2787 1517 2855 ἠ
1556 2784 1662 2853 γὰρ
1706 2788 1823 2840 ἐπι·
1919 2798 2021 2835 non
2081 2784 2319 2837 viderunt
2373 2782 2437 2838 ⁸⁸.

1919 2798 2021 2835 non
2081 2784 2319 2837 viderunt
2373 2782 2437 2838 ".
2490 2782 2771 2847 Quomodo
2821 2781 2964 2835 enim
3015 2779 3297 2849 progenies
3355 2774 3476 2828 Mali

249 2872 424 2937 θυμία
469 2870 563 2923 τοῦ
616 2871 846 2937 Ἀγαθοῦ
892 2874 1067 2943 ὁρμῆς
1117 2874 1328 2942 ἀγαθῆς
1368 2876 1653 2945 βλάστημα
1683 2881 1818 2931 ἐστι.
1917 2870 2087 2923 νοιυίι
2142 2871 2359 2931 Videre.
2423 2886 2454 2939 q

1917 2870 2087 2923 voluit
2142 2871 2359 2931 videre,
2423 2886 2541 2939 qua:
2592 2876 2721 2923 sunt
2769 2868 2950 2921 Boni?
2998 2865 3279 2933 Cupiditas
3332 2863 3476 2915 enim

249 2959 365 3013 Καὶ
402 2959 563 3012 πάλιν
614 2960 730 3023 πῶς
776 2962 954 3028 λέγει’
1005 2962 1249 3031 Ἀϐραὰμ
1280 2956 1399 3017 εἶδε
1444 2964 1557 3031 τὴν
1598 2964 1825 3033 ἡμέραν
1919 2959 2050 3015 Boni
2079 2960 2146 3013 ab
2182 2961 2385 3029 impetu
2413 2961 2454 3014 b4

1919 2959 2050 3015 Boni
2079 2960 2146 3013 ab
2182 2961 2385 3029 impetu
2413 2961 2556 3014 bono
2588 2958 2971 3028 proficiscitur.
3017 2955 3302 3022 Quomodo
3334 2954 3476 3007 idem

250 3052 369 3117 τὴν
414 3051 586 3118 ἐμὴν.
618 3053 716 3105 καί
744 3052 1195 3121 ἠγαλλιάσατω
1233 3055 1340 3108 Ποῦ
1368 3056 1475 3127 γὰρ
1504 3056 1820 3120 ἀκόλουθον,
1920 3052 2045 3105 alibi
2063 3052 2194 3105 dicit
2220 3069 2232 3104 :
2260 3052 2454 3105 Abram

1920 3052 2045 3105 alibi
2063 3052 2194 3105 dicit
2220 3069 2232 3104 :
2260 3052 2518 3105 Abraham
2536 3051 2664 3103 vidit
2683 3051 2818 3102 diem
2836 3064 3024 3118 meum,
3053 3059 3097 3099 et
3118 3044 3394 3099 exsultavit
3412 3044 3474 3096 ".

252 3138 359 3191 ποῦ
386 3139 441 3191 δὲ
472 3140 719 3205 δυνατὸν,
743 3142 833 3194 τὸν
858 3141 953 3211 τῆς
977 3144 1217 3207 Παλαιᾶς
1246 3147 1518 3215 Διαθήκης
1539 3146 1822 3218 ἄνθρωπον
1854 3208 1887 3218 _
1920 3142 2176 3206 Quienim
2195 3142 2448 3211 consequi

1869 3208 1887 3218 _
1920 3142 2176 3206 Quienim
2195 3141 2635 3211 consequi,etqni
2655 3139 2769 3194 lieri
2788 3147 2981 3209 potest,
3010 3147 3068 3191 ut
3092 3138 3251 3191 homo
3274 3133 3480 3188 Veteris

254 3232 335 3292 εἰς
366 3232 618 3284 τοσοῦτον
648 3232 780 3300 ὕψος
799 3208 1097 3303 ἁναγθῆναι
1128 3235 1358 3304 θεωρίας
1388 3208 1485 3289 καὶ,
1512 3208 1820 3306 δυνάμεως,
1845 3208 1890 3271 C
1924 3234 2250 3289 Testamenti
2283 3234 2348 3288 ad
2377 3208 2454 3287 ea!

1869 3208 1890 3271 Ῑ
1924 3234 2250 3289 Testamenti
2283 3234 2348 3288 ad
2377 3208 2495 3287 eam
2525 3208 2746 3285 visionis
2767 3208 3080 3300 dignitatem
3110 3227 3405 3295 perveniat,
3422 3236 3480 3279 nt

254 3322 398 3375 ὥστε
424 3324 549 3376 ἰδεῖν
580 3325 677 3394 τὴν
706 3326 917 3393 ἡμέραν
933 3327 1029 3395 τῆς
1056 3327 1345 3397 ἐπιδημίας
1366 3328 1475 3397 (l9)
1500 3326 1592 3380 τοῦ
1619 3327 1824 3395 ἀγαθοῦ

254 3414 416 3475 Θεοῦ,
446 3416 539 3467 καὶ
572 3416 1002 3483 ἁγαλλιάσασθαι
1023 3434 1037 3479 ;
1061 3417 1291 3487 μάλιστά
1318 3435 1379 3485 γε
1414 3416 1506 3472 τοῦ
1538 3419 1822 3473 θεσπεσίου

258 3507 472 3558 Παύλου
492 3508 995 3578 διαμαρτυρομένου
1015 3512 1109 3562 καὶ
1133 3510 1379 3577 λέγοντος
1396 3511 1506 3583 (‘20)
1523 3512 1673 3564 ὅτιτὸ
1690 3511 1827 3565 κατά

258 3599 493 3666 Χριστὸν
544 3602 858 3669 μυστήριον,
887 3602 979 3653 καὶ
1024 3602 1055 3671 ἡ
1103 3602 1374 3672 παρουσία
1425 3602 1518 3655 τοῦ
1574 3604 1823 3673 Σωτῆρος

257 3689 415 3742 ἔλαθε
448 3693 545 3754 τὰς
580 3693 749 3761 ἀρχὰς
795 3696 888 3745 καὶ
926 3695 1022 3756 τὰς
1060 3694 1305 3761 ἐξουσίας
1343 3694 1437 3748 τοῦ
1470 3695 1694 3765 κόσμου,
1726 3697 1819 3750 καὶ

263 3782 357 3833 τὸν
416 3784 851 3853 κοσμοκράτορα.
883 3785 944 3836 El
985 3785 1076 3837 οὖν
1137 3787 1229 3839 καὶ
1274 3787 1433 3839 αὑτὸν
1466 3786 1557 3839 τὸν
1611 3792 1809 3855 κοσμοέ

261 3873 509 3940 κράτορα
539 3874 598 3923 τὸ
649 3876 939 3941 μυστήριον
970 3873 1144 3939 ἔλαθε,
1170 3876 1329 3927 πόθεν
1364 3875 1526 3928 αὐτοῦ
1555 3878 1603 3928 οἱ
1661 3877 1836 3947 θερὰ-·

259 3978 454 4025 τῖον-τες
493 3964 648 4015 τοῦτο
698 3968 954 4033 προεῖπον
1005 3968 1095 4019 καὶ
1154 3969 1592 4036 προεθεάσαντος
1630 3970 1699 4020 Σὺ
1764 3969 1821 4021 δέ

262 4071 353 4124 μοι
389 4057 484 4106 καὶ
514 4056 571 4107 τὸ
595 4058 1050 4128 περιφανέστερον
1084 4058 1160 4110 ἔτι
1192 4059 1289 4127 τὴν
1331 4060 1581 4112 ἀσέϐειαν
1603 4060 1819 4128 ἐλέγχον

350 4211 398 4241 ⁸⁸
423 4210 556 4265 Gen.
588 4228 645 4274 ιι,
673 4213 763 4275 24;
802 4212 989 4266 Matth.
1020 4230 1129 4279 xix,

1922 3326 2063 3380 diem
2084 3325 2379 3394 nativitatis
2400 3324 2526 3377 boni
2546 3322 2637 3377 Dei
2663 3323 2965 3391 conspiciat
2987 3332 3040 3375 et
3067 3321 3279 3374 laetetur
3305 3319 3327 3371 ?
3356 3334 3483 3388 prae-

1922 3418 2076 3486 cipue
2107 3432 2228 3471 cum
2268 3416 2483 3471 divinus
2536 3413 2735 3467 Paulus
2774 3422 2998 3466 testetnr
3041 3420 3095 3465 et
3128 3412 3305 3472 dicat,
3338 3410 3479 3478 quod

1922 3510 2235 3578 mysterium
2261 3506 2456 3561 Christi
2481 3516 2533 3558 et
2556 3507 2821 3559 adventus
2849 3504 3153 3557 Servatoris
3190 3511 3482 3571 potestates

1922 3610 1976 3653 et
2010 3599 2344 3668 principatus
2370 3598 2575 3658 mundi,
2625 3600 2911 3664 ipsumque
2965 3592 3145 3645 mundi
3201 3591 3478 3644 dominum

1922 3691 2161 3743 latuerit.
2193 3688 2344 3754 Quod
2378 3690 2418 3742 si
2454 3689 2613 3757 igitur
2639 3696 2692 3739 et
2745 3688 2917 3755 ipsum
2975 3684 3156 3739 mundi
3204 3683 3479 3736 dominum

1924 3780 2233 3851 mysterium
2256 3780 2384 3833 illud
2412 3780 2583 3842 latuit,
2618 3780 2759 3832 unde
2784 3779 2923 3831 servi
2980 3777 3095 3843 ejus
3144 3776 3191 3828 id
3229 3775 3481 3826 viderunt

1923 3887 2048 3927 ante
2071 3883 2125 3927 et
2152 3872 2588 3942 perspexerunt?
2621 3870 2698 3923 Tu
2731 3886 2859 3923 vero
2890 3871 3013 3923 audi
3043 3877 3096 3922 et
3146 3868 3301 3920 aliam
3338 3882 3481 3919 eam-

1923 3980 2028 4035 que
2051 3965 2457 4019 luculentiorem
2496 3964 2787 4031 impietatis
2815 3961 3265 4015 confutationem.
3299 3958 3482 4023 Quan-

1925 4060 1993 4112 do
2045 4059 2189 4112 enirn
2237 4056 2511 4111 incredula
2552 4066 2603 4108 et
2660 4056 2796 4108 male
2835 4056 3016 4107 sedula
3066 4052 3480 4105 Sadducazorum

1306 4213 1350 4246 ⁸⁵
1413 4214 1599 4269 Matth.
1638 4231 1747 4276 xix,
1781 4214 1838 4268 6.
1893 4215 1939 4246 ⁸⁸
1975 4214 2165 4268 Matth.
2204 4228 2324 4273 χιιι,
2362 4214 2444 4265 l7.
2505 4211 2709 4265 "Joan.
2745 4226 2862 4265 vui.

1370 4344 1601 4399 νΑιιιΑε
1642 4344 2019 4399 LECTIONES
2053 4345 2135 4399 ET
2172 4345 2403 4401 NOTAE.

330 4463 443 4529 (l6)
474 4461 785 4528 Δικαίωμα,
822 4462 1109 4527 postulata.
1154 4461 1227 4515 Ita
1260 4478 1445 4516 vocem
1480 4464 1635 4515 istam
1684 4462 1739 4515 h.
1776 4463 1810 4515 l.

259 4531 588 4585 reddendam
618 4530 825 4588 censui.
852 4546 969 4596 quae
1000 4532 1233 4599 alioquin
1268 4532 1318 4585 in
1354 4534 1499 4585 Novo
1530 4532 1751 4585 Fmdere
1768 4542 1820 4585 et
1848 4530 1898 4589 D

257 4600 617 4669 scriptoribus
650 4600 1030 4669 ecclesiasticis
1064 4602 1372 4667 πολύσημος
1401 4612 1501 4655 est.
1537 4602 1669 4655 Vide
1699 4617 1815 4654 eam

258 4672 314 4724 in
370 4668 481 4723 rem
531 4668 643 4729 Jac.
698 4668 975 4735 Capelluin
1030 4670 1082 4721 in
1133 4669 1583 4724 Observationibus
1633 4672 1814 4730 sacris,

256 4756 314 4806 Ρ.
362 4739 641 4810 199;.lac.
672 4738 986 4810 Altingium,
1026 4748 1156 4792 tom.
1200 4740 1257 4792 V.
1302 4739 1463 4810 Opp.,
1504 4756 1557 4808 p.
1599 4741 1734 4803 363;
1766 4750 1819 4794 et

255 4810 374 4863 Jac.
426 4808 695 4862 Gnll'etum
745 4810 796 4860 in
844 4806 1230 4862 Commentario
1284 4806 1613 4877 suo-lingua:
1658 4812 1815 4862 Ilebr.

259 4897 315 4947 ιι.
348 4880 470 4931 882.
516 4878 864 4945 Δικαιώματα
900 4876 1132 4944 πολέμου
1173 4880 1237 4932 de
1269 4879 1459 4946 legibus
1498 4876 1588 4931 Seu
1613 4880 1818 4946 jnribns

259 4949 380 5000 l‘clli
422 4948 629 5015 profani
678 4947 971 5014 scriptores
1012 4948 1215 5001 dicunt.
1256 4948 1385 5003 Vide
1420 4947 1708 5011 Valesium,
1752 4951 1816 5002 ad

256 5019 424 5071 Notas
452 5016 731 5077 Maussaei,
764 5033 815 5083 p.
848 5015 972 5068 ‘275.

333 5088 443 5151 (Π)
483 5089 856 5158 Otum-aptae;
874 5085 1030 5139 Vocis
1055 5086 1565 5158 hujns‘signilicatns
1588 5088 1814 5158 egregie,

259 5165 321 5209 nt
357 5158 497 5211 solet
524 5198 536 5216 .
572 5157 767 5208 evolvit
817 5154 1053 5209 Thomas
1091 5156 1418 5217 Gatakerns,
1470 5159 1522 5209 in
1558 5154 1818 5211 Notis-ad

262 5228 503 5279 Marcum
538 5226 891 5283 Antoninum.
925 5226 1015 5277 lih.
1050 5224 1173 5295 xt.§
1206 5226 1439 5280 15.Vide
1470 5227 1626 5280 etlo.
1652 5228 1813 5295 Casp.

258 5297 469 5349 Suieeri
502 5296 814 5349 Tltesaurum
856 5295 1138 5349 ecclesiast.
1175 5312 1272 5349 suo
1305 5298 1419 5350 loco
1444 5336 1457 5354 .
1491 5306 1543 5349 et
1575 5297 1821 5351 Observa-

263 5368 430 5417 tiones
482 5382 695 5420 sacras.
733 5380 849 5433 pag.
905 5366 974 5417 25
1016 5381 1130 5433 seq.
1168 5366 1385 5419 Dionvs.
1434 5366 1708 5420 Petavium
1766 5368 1818 5418 in

258 5436 604 5505 IlOgnmlibus
630 5436 942 5503 theologicis,
964 5436 1026 5486 de
1054 5437 1410 5489 incarnatione
1434 5453 1490 5495 ιι,
1512 5453 1561 5489 ιι
1592 5441 1642 5501 1,
1672 5445 1725 5489 et
1749 5437 1821 5489 De

266 5506 542 5567 Trinitute,
581 5522 630 5565 τι.
676 5505 809 5567 112;
849 5520 947 5557 nec
998 5522 1104 5558 non
1135 5508 1374 5559 Isaacmn
1421 5507 1817 5571 Casaubonum,

261 5576 326 5626 ad
359 5574 528 5639 Epist.
578 5572 801 5641 Gregor.
851 5575 1108 5642 bysseni.
1158 5590 1209 5642 p.
1253 5577 1318 5628 $90
1366 5591 1478 5642 seq.
1529 5576 1820 5630 novissime

261 5654 446 5696 autent
486 5644 679 5712 Georg.
713 5642 1041 5699 llicliesium.
1077 5645 1126 5695 in
1163 5645 1481 5699 Przelatione
1520 5648 1585 5699 ad
1608 5647 1689 5699 lo.
1724 5647 1819 5699 Er-

263 5712 612 5785 nestitjrabai
644 5713 901 5785 scriptum
927 5712 1272 5785 posthumum
1306 5714 1457 5768 Some
1490 5717 1746 5769 instances
1772 5718 1830 5785 of

270 5783 353 5837 the
382 5782 607 5853 defaults
632 5784 736 5836 and
765 5784 1032 5837 omissions
1064 5784 1116 5836 in
1149 5788 1220 5840 Μ.
1259 5784 1513 5840 ll'liistons
1541 5782 1821 5840 Collection

1922 4466 1979 4534 of
2000 4465 2336 4523 testimonies,
2369 4480 2417 4532 p.
2453 4464 2540 4525 55,
2575 4478 2688 4530 seq.

1996 4534 2105 4599 (l8)
2146 4529 2399 4601 Διαφορὰ
2426 4534 2528 4586 τοῦ
2556 4529 2924 4599 πλάσματος.
2972 4529 3089 4601 llzre
3121 4529 3281 4597 igitur
3320 4544 3479 4583 sexus

1920 4604 2203 4660 diversitas
2235 4600 2403 4657 instar
2438 4603 2714 4673 symboliei
2768 4604 3031 4673 praecepti
3059 4600 3221 4673 fuisse
3268 4601 3479 4673 videtur

1919 4674 2242 4735 Photio,ex
2321 4689 2427 4736 quo
2468 4670 2691 4725 'veteres
2758 4670 3178 4724 indissolubilem
3244 4670 3476 4736 conjugii

1919 4760 2135 4805 nexum,
2169 4740 2599 4809 quenl‘Christus
2628 4742 2829 4794 diserte
2862 4742 3024 4801 ursit,
3056 4749 3304 4805 tanquam
3332 4754 3480 4792 crea-

1920 4815 2050 4869 toris
2076 4813 2334 4865 institutis
2357 4812 2706 4877 eonlormem,
2741 4812 2947 4863 discere
2981 4810 3268 4877 potuerint.

1992 4883 2100 4951 (l9)
2143 4881 2505 4947 Ἐπιδημιάς.
2550 4881 2619 4951 Ea
2650 4876 2778 4933 vace
2807 4876 3094 4947 scriptores
3122 4876 3473 4951 ecclesiastici

1921 4948 2147 5008 utuntur
2196 4953 2259 5003 ad
2316 4951 2547 5015 Christi,
2602 4950 2810 5003 Domini
2860 4950 3056 5010 nostri,
3099 4948 3386 5000 adventum
3422 4948 3474 4998 in

1921 5038 2135 5077 carnem
2184 5021 2615 5089 signilieamlum.
2662 5019 2792 5072 Vide
2840 5020 2948 5089 loca
3015 5018 3275 5089 ejusmodi
3335 5016 3476 5084 apud

1923 5095 2202 5146 Suicerum
2231 5087 2283 5143 in
2314 5090 2570 5142 Thesauro
2600 5091 2773 5142 cccli-s.
2807 5105 2903 5141 suo
2932 5087 3069 5141 loco.
3099 5088 3356 5139 Videntur
3389 5101 3479 5139 auo

1922 5172 2027 5215 tem
2079 5161 2148 5212 illi
2186 5176 2300 5212 eam
2350 5171 2587 5213 mutuam
2627 5159 2920 5226 sumpsisse
2967 5176 2992 5210 a
3034 5156 3267 5225 profanis
3304 5156 3475 5225 genti-

1922 5233 2048 5284 linm
2094 5230 2463 5298 scriptoribus,
2514 5231 2600 5296 qni
2647 5231 2933 5280 adventum
2965 5229 3183 5279 deorum
3221 5241 3461 5298 S_U'll'Ulll,

1921 5316 2079 5370 quem
2115 5301 2164 5353 in
2198 5296 2377 5362 urbes,
2405 5300 2536 5365 ipsis
2557 5309 2823 5367 acceptas,
2854 5296 3338 5370 lieri_c_o_nsu_evisse
3365 5310 3476 5370 ere-

1922 5362 2140 5430 dcbant.
2174 5370 2356 5423 eadem
2387 5362 2761 5437 exprlniebant
2788 5383 2935 5421 voce.
2975 5365 3103 5420 Vide
3158 5364 3333 5437 llenr.
3370 5362 3475 5415 V’a-

1922 5442 2039 5495 lesii
2078 5438 2239 5492 Notas
2263 5440 2327 5492 ad
2356 5434 2567 5493 Eusebii
2603 5438 2797 5491 llistor.
2832 5437 3110 5489 ecelesiost.
3148 5453 3195 5503 p.
3238 5434 3355 5485 185.

1995 5514 2101 5580 ('20)
2128 5508 2953 5580 Λέγοντος,ΑΙΙιιάρΓθῄνίάσιιιι·
2982 5508 3043 5559 ad
3071 5508 3239 5580 locum
3278 5503 3470 5580 Pauli,

1925 5582 1975 5633 in
2002 5574 2010 5580 ’
2039 5574 2221 5649 Ερίιςιξ
2254 5578 2315 5631 ad
2362 5579 2554 5649 Ephes.
2590 5594 2673 5635 ιιι.
2719 5578 2770 5637 9,
2810 5577 2915 5649 l0;
2972 5587 3073 5631 etc.
3120 5577 3201 5628 l'iis
3247 5574 3470 5649 similes,

1925 5644 2094 5703 Hom:
2122 5665 2226 5711 xvi,
2264 5649 2365 5711 ‘25;
2402 5663 2458 5709 ιι,
2485 5647 2621 5700 Tim.
2662 5663 2697 5708 ι,
2725 5648 2776 5709 9,
2816 5648 2907 5709 l0;
2942 5648 3027 5699 ubi
3060 5659 3235 5697 tamen
3269 5644 3470 5695 diserte

1926 5722 2047 5773 mali
2080 5719 2356 5781 daemonis,
2382 5718 2490 5790 hoc
2542 5718 2851 5790 mysterium
2904 5716 3214 5790 ignorantis.
3240 5730 3356 5790 non
3411 5714 3470 5790 lit

1928 5792 2145 5853 mentio,
2179 5788 2422 5858 quamvis
2459 5785 2667 5842 ratione
2706 5802 2896 5843 sensus
2930 5785 3251 5855 subintelligi
3282 5785 3469 5853 possit.
