4222 6432
755 362 849 429 131

1851 354 2113 417 PHO’I‘II
2153 352 2654 415 PATRIARClI/E
2706 353 2814 413 (ΖΡ.

3879 350 3981 420 132

749 469 976 526 ulterius
999 465 1348 539 pregrediens
1371 465 1423 519 in
1461 462 1830 534 triumphante
1857 463 1925 516 de
1956 463 2023 516 iis
2054 459 2305 515 conluta-
2333 466 2352 518 Α

2373 498 2382 517 ι
2421 459 2688 526 Ἁϐραάμ.
2725 459 2833 512 Καὶ
2884 459 2912 511 6
2953 457 3219 531 θρίαμϐος
3239 459 3302 514 οὑ
3337 464 3498 531 μέχρι
3557 464 3782 527 τούτων,
3839 465 3977 517 ἀλλὰ

749 566 914 622 tione,
943 559 1219 627 subjungit
1256 577 1268 612 :
1305 557 1422 610 Non
1466 557 1588 608 estis
1635 555 1733 622 ﬁlii
1779 555 2020 616 Abrahw,
2074 553 2161 605 sed
2190 553 2310 604 dia-

749 653 852 705 boli
881 651 951 703 “.
982 650 1058 704 lta
1078 650 1219 702 enim
1244 648 1378 700 ratio
1404 656 1642 700 statuere
1664 645 1838 710 jubet,
1865 645 2008 697 illius
2021 641 2309 712 quemdam

747 752 802 796 et
836 757 1030 796 nomen
1072 751 1124 792 et
1149 753 1317 808 genus
1341 737 1566 798 referre,
1609 737 1764 803 cujus
1797 749 1976 788 mores
2011 741 2066 786 et
2093 732 2307 801 genium

747 833 800 886 in
838 833 942 884 vita
975 830 1230 884 imitando
1263 828 1533 896 exprimit.
1558 827 1708 890 Quod
1735 827 1779 878 si
1811 840 1936 877 vero
1964 836 2119 877 vetus
2144 832 2308 875 testa-

757 931 1000 976 mentum
1027 919 1170 979 mali,
1202 935 1299 971 ccu
1331 918 1509 985 inepte
1541 917 1776 977 tradunt,
1813 914 2056 983 principii
2078 924 2237 974 esset.
2255 921 2308 964 et

749 1014 1015 1066 Abraham
1049 1012 1113 1064 ad
1143 1011 1272 1063 illud
1309 1010 1621 1078 pertineret,
1661 1006 1946 1061 dicendum
1975 1005 2181 1064 fuisset,
2218 1003 2307 1055 lilii

749 1104 879 1157 estis
903 1103 1192 1156 Abrahami
1237 1109 1290 1153 et
1339 1099 1428 1152 lilii
1457 1098 1690 1160 diaboli;
1747 1112 1809 1149 ex
1864 1105 2092 1163 utroque
2142 1093 2305 1155 enim,

749 1196 892 1264 quod
919 1205 976 1246 ut
1005 1195 1142 1246 Deus
1171 1191 1312 1254 odio,
1361 1192 1434 1243 ita
1495 1203 1676 1242 amore
1735 1187 1902 1239 hostis
1943 1185 2307 1254 prosequitur,

749 1287 916 1340 Judzei
938 1295 1221 1351 utrumque
1256 1283 1500 1334 colentes
1522 1278 1842 1348 reprehendi
1869 1286 2134 1346 poterant.
2169 1274 2311 1340 Quo-

752 1379 907 1431 modo
943 1393 1069 1429 vero
1095 1375 1215 1426 alibi
1252 1374 1440 1426 iterum
1467 1372 1719 1423 Servator
1742 1370 1864 1433 illis,
1897 1369 1987 1436 qui
2022 1366 2308 1420 Abrahami

751 1468 876 1525 sint.
903 1482 1123 1535 regnum
1147 1465 1402 1516 cmlornm
1462 1461 1794 1513 haereditatis
1823 1461 1990 1511 instar
2016 1458 2308 1524 adjudicat,

753 1558 963 1622 illisque
991 1554 1170 1622 jungit
1198 1568 1288 1603 eos
1318 1550 1407 1619 qui
1440 1566 1496 1602 se
1527 1566 1588 1602 ex
1620 1558 1729 1601 toto
1746 1550 1904 1600 corde
1922 1547 2312 1614 etsineexcep-

753 1648 897 1698 tione
917 1653 1302 1711 praeceptorum
1329 1641 1600 1693 studiosos
1615 1639 1982 1708 praestiterint,
2011 1651 2312 1708 purumque

751 1739 952 1790 cultum
980 1733 1346 1792 exhibuerint,
1379 1731 1511 1784 adeo
1557 1739 1615 1783 ut
1645 1731 1949 1782 convictum
1981 1745 2102 1783 cum
2132 1729 2237 1780 illis
2258 1727 2309 1780 in

752 1843 916 1896 regno
942 1826 1199 1878 caelorum
1232 1834 1484 1891 tanquam
1511 1823 1824 1890 praeclarum
1871 1820 2085 1888 aliquod
2120 1829 2174 1872 et
2206 1818 2308 1870 nti-

751 1919 975 1971 randum
1037 1917 1313 1984 praemium
1363 1913 1715 1983 polliceatur?
1779 1910 1900 1962 Dico
1950 1911 2087 1961 enim
2148 1909 2307 1968 vobis,

751 2010 887 2080 quod
923 2008 1070 2060 multi
1103 2008 1164 2059 ab
1191 2009 1387 2059 oriente
1414 2017 1459 2058 et
1495 2007 1753 2057 occidente
1775 2004 1996 2064 venient,
2031 2011 2075 2052 ρι
2110 2017 2310 2053 recum-

751 2109 864 2159 bent
922 2122 1037 2156 cum
1079 2103 1374 2155 Abrahamo
1421 2111 1466 2153 et
1508 2100 1690 2153 lsaaco
1721 2109 1766 2150 et
1798 2095 1994 2148 Iacobo
2053 2097 2104 2147 in
2156 2111 2311 2164 regno

751 2197 994 2251 cozlorum
1034 2198 1099 2247 ".
1145 2195 1377 2248 lloccine
1413 2207 1540 2245 vero
1575 2191 1644 2244 sit
1668 2190 1945 2259 praemium
1981 2203 2166 2240 eorum
2219 2185 2308 2255 qui

757 2291 935 2359 ipsum
971 2285 1341 2356 agnoverunt?
1384 2284 1609 2337 hoccine
1653 2283 1853 2334 donum
1908 2294 2001 2350 pro
2064 2279 2170 2332 illis
2220 2279 2310 2348 qui

752 2386 926 2436 caedes
968 2397 1064 2450 pro
1103 2395 1166 2432 eo
1199 2376 1606 2432 sustinuerunt?
1641 2373 1879 2428 haeccine
1917 2370 2307 2441 prrrogativa?

755 2475 989 2528 ha‘cciue
1037 2471 1280 2526 merces?
1319 2468 1458 2539 quod
1489 2485 1608 2522 cum
1640 2467 1898 2521 ministris
1923 2464 2043 2518 Mali
2076 2474 2130 2518 et
2155 2479 2274 2517 esse
2297 2505 2311 2525 ,

757 2572 814 2616 et
856 2562 1126 2615 numerari
1157 2570 1207 2615 et
1235 2560 1431 2613 versari
1476 2557 1718 2628 possint?
1763 2555 2042 2620 Quomodo
2089 2554 2202 2607 haec
2261 2563 2314 2607 et

757 2657 860 2710 alia
907 2654 1213 2722 hujnsmodi
1260 2651 1480 2707 tulerint
1523 2664 1680 2703 aures
1725 2648 1920 2704 divinis
1975 2646 2316 2701 sermonibus

767 2747 1030 2802 assuetze?

828 3030 893 3086 V.
919 3029 973 3081 Si
1001 3038 1159 3081 vetus
1189 3036 1568 3080 testamentum
1601 3039 1628 3078 a
1648 3023 1860 3078 diabolo
1887 3031 2022 3084 erat.
2049 3020 2318 3090 quomodo

2412 550 2502 602 καὶ
2527 550 2875 620 σφοδρότερον
2899 549 3076 602 αὑτῶν
3100 552 3509 622 καθαπτόμενος
3529 555 3744 622 ἐπάγει,
3763 556 3935 619 λέγων
3957 573 3970 586 ι

2405 643 2526 694 Οὐκ
2559 642 2698 694 ἐστὲ
2717 643 2898 696 τέκνα
2919 643 3025 696 τοῦ
3070 645 3332 714 Ἀϐραὰμ,
3359 647 3517 700 ἀλλὰ
3549 647 3654 700 τοῦ
3691 648 3974 701 διαϐόλου

2407 735 2566 788 ἐστέ.
2593 735 2732 788 Πολὺ
2763 735 2871 804 γὰρ
2902 738 2934 805 ὴ
2961 735 3153 807 γνώμη
3186 741 3441 808 κραταιὸν
3464 740 3599 806 (ἳϋ),
3629 740 3835 792 ἐκείνου
3875 744 3974 809 τὴν

2409 827 2597 896 κλῆσιν
2643 828 2734 879 καὶ
2781 829 2840 880 τὸ
2871 829 3022 895 γένος
3062 831 3330 892 ὑπελθεῖν,
3362 827 3420 883 οὑ
3448 832 3505 883 τὸ
3548 836 3766 900 γνήσιον
3818 834 3872 884 ἐν
3906 836 3970 900 τῇ

2412 917 2637 984 μιμήσει
2667 919 2818 986 φέρει
2847 923 2942 986 τῆς
2967 919 3130 988 ζωῆς.
3163 917 3421 988 Εἰδῆνή
3464 922 3672 972 Παλαιὰ
3706 940 3841 972 κατα
3877 923 3974 981 τάς

2408 1008 2631 1070 ἀθέτους
2659 1011 2838 1076 φωνὰς
2870 1009 2961 1062 τοῦ
3007 1011 3267 1081 ῐιονηροῦ,
3305 1013 3505 1082 ταύτης
3544 1013 3598 1065 δὲ
3631 1013 3657 1063 6
3705 1014 3970 1081 Ἀϐρααμ,

2410 1101 2521 1151 ἴσον
2549 1096 2614 1170 ἦν
2648 1103 2846 1154 εἰπεῖν⁸
2879 1103 3058 1154 Τέκνα
3087 1103 3178 1154 τοῦ
3233 1105 3498 1172 Ἀϐραὰμ,
3535 1107 3625 1156 καὶ
3663 1106 3825 1156 τέκνα
3873 1105 3971 1155 τοῦ

2408 1190 2648 1243 διαϐόλου
2669 1209 2680 1221 ·
2712 1193 2776 1243 δι’
2805 1193 3062 1262 ἑκατέρου
3090 1195 3194 1262 γάρ
3219 1193 3253 1246 ἃ
3279 1198 3424 1263 μισεί
3451 1195 3548 1261 μὲν
3578 1197 3604 1245 ὁ
3632 1196 3784 1256 Θεος,
3818 1195 3975 1262 στέρ-

2409 1286 2567 1353 γειδὲ
2597 1289 2624 1337 6
2661 1285 2902 1355 Ἐχθρὸς,
2921 1284 3232 1354 ἐλέγχονται
3257 1284 3516 1353 τιμῶντες
3533 1287 3728 1352 ὁμοίως
3754 1288 3801 1336 οἱ
3841 1285 3974 1336 ’1ου-

2408 1372 2564 1425 δαίοι.
2601 1373 2722 1434 Πῶς
2751 1373 2804 1425 δὲ
2839 1375 2932 1425 καὶ
2984 1373 3216 1442 ἀλλαχοῦ
3247 1374 3405 1425 πάλιν
3429 1376 3456 1424 6
3488 1374 3678 1440 Σωτὴρ
3707 1377 3814 1435 τοῖς
3849 1378 3977 1442 περὶ

2432 1462 2681 1530 Ἀϐραάμ
2704 1464 2799 1531 τὴν
2825 1463 3099 1532 βασιλείαν
3122 1463 3227 1514 τῶν
3254 1462 3493 1531 ούρανῶν
3521 1465 3600 1522 εἰς
3649 1461 3846 1531 κλῆρον
3873 1465 3976 1528 ἀφ-

2413 1555 2602 1621 ορίζει,
2635 1556 2728 1606 καὶ
2759 1557 3038 1608 συντάττει
3076 1555 3284 1617 τούτοις
3333 1557 3454 1617 τοὺς
3492 1553 3738 1624 όλοψύχῳ
3781 1553 3980 1624 γνώμῃ

2412 1643 2517 1696 τῶν
2540 1661 2596 1695 τε
2650 1647 3084 1714 προσταγμάτων
3137 1645 3381 1712 φύλακας
3423 1647 3862 1714 ἀπροφασίστους
3886 1645 3978 1696 δε-

2411 1735 2727 1804 δειγμένούς
2755 1738 2848 1788 καὶ
2880 1738 3149 1806 καθαροὺς
3196 1737 3343 1804 αὑτῷ
3383 1736 3482 1805 τὴν
3513 1737 3767 1806 λατρείαν
3800 1755 3973 1808 προσ-

2412 1826 2757 1892 ενεγκόντας,
2792 1828 2880 1879 καὶ
2907 1826 3094 1895 ὥσπερ
3123 1845 3174 1878 τι
3201 1827 3343 1894 μέγα
3398 1829 3492 1880 καὶ
3538 1828 3834 1896 Θαυμάσιον
3882 1829 3978 1879 ἐπ-

2412 1916 2571 1969 αΘλον
2594 1918 2787 1980 διδοὺς,
2809 1919 2904 1986 τὴν
2936 1920 3072 1987 μετὰ
3101 1920 3208 1970 τῶν
3228 1919 3434 1987 ἀνδρῶν
3455 1920 3674 1972 ἐκείνων
3699 1923 3754 1971 ἐν
3771 1923 3835 1990 τῇ
3866 1921 3976 1972 τὼν

2411 2008 2652 2076 οὐρανῶν
2715 2009 2960 2080 βασιλείᾳ
2999 2011 3392 2077 ἐπαγγέλλεται
3452 2012 3774 2074 συναυλίανς
3814 2011 3977 2078 Λέγω

2411 2099 2520 2166 γὰρ
2551 2101 2708 2166 ὑμῖν,
2738 2101 2826 2152 ὅτι
2867 2102 3084 2154 πολλοὶ
3107 2102 3224 2155 ἀπὸ
3263 2102 3577 2155 ἀνατολῶν
3605 2105 3699 2155 καὶ
3726 2103 3977 2169 δυσμῶν

2413 2190 2651 2256 ἥξουσι,
2686 2193 2780 2244 καὶ
2811 2193 3318 2257 ἀνακλιθήσονται
3357 2199 3507 2262 μετὰ
3557 2196 3810 2262 Ἀϐραὰμ
3871 2199 3970 2246 καὶ

2425 2285 2621 2337 Ἰσαὰκ
2660 2285 2756 2337 καὶ
2803 2284 3001 2339 Ἰακὼό
3032 2287 3099 2339 ἐν
3118 2285 3192 2354 τῇ
3223 2289 3510 2354 βασιλείᾳ
3532 2288 3648 2341 τῶν
3680 2286 3972 2351 οὐρανῶν.

2413 2373 2558 2447 Ἀρα
2583 2378 2690 2450 γάρ
2715 2379 2875 2432 τοῦτο
2893 2379 3122 2433 ἔπαθλον
3147 2383 3253 2443 τοῖς
3277 2383 3640 2448 ὲπεγνωκόσιν
3660 2383 3849 2445 αὑτόνς
3869 2377 3977 2452 ἄρα

2413 2469 2568 2522 τοῦτο
2603 2471 2774 2540 δῶρον
2811 2473 2940 2534 τοῖς,
2974 2473 3089 2524 ὅσοι
3138 2472 3235 2535 τὰς
3286 2474 3497 2541 σφαγάς
3545 2473 3782 2542 ὑπέσχον
3833 2475 3974 2542 ὑπὲρ

2416 2559 2612 2625 αὑτούς
2667 2561 2822 2613 τοῦτο
2879 2562 3194 2632 φιλοτιμίας
3239 2563 3396 2615 τοῦτο
3428 2563 3692 2628 ἔπαθλον,
3726 2564 3786 2615 τὸ
3839 2565 3978 2634 μετά

2417 2649 2521 2701 τῶν
2573 2649 2978 2720 θεραπευόντων
3028 2651 3118 2703 τοῦ
3174 2651 3414 2721 Πονηροῦ
3451 2655 3543 2704 καὶ
3587 2655 3847 2714 συνεῖναι,
3882 2654 3979 2705 καὶ

2419 2741 2889 2812 συναριθμεῖσθαι,
2937 2743 3028 2794 καὶ
3062 2743 3547 2809 συναγελάζεσθαις
3601 2746 3708 2797 Καὶ
3761 2747 3979 2798 ποίαεν

2418 2832 2588 2884 ταῦτα
2641 2833 2887 2898 ἀνέξεται
2918 2831 3054 2904 ἀκοὴ
3089 2835 3346 2903 ῥημάτων
3388 2836 3524 2899 ὅλως
3579 2837 3775 2904 ἔχουσα
3811 2837 3979 2905 ἀκοὴν

2419 2923 2573 2975 θείων
2607 2942 2621 2989 ;

2490 3015 2562 3067 Ε⁹.
2590 3015 2695 3068 Καὶ
2719 3017 2766 3068 εί
2798 3017 2829 3085 ή
2860 3015 3077 3070 Παλαιὰ
3105 3016 3198 3070 τοῦ
3229 3016 3472 3070 διαϐόλου
3503 3013 3590 3088 ἦν,
3627 3020 3737 3081 πῶς
3768 3023 3795 3071 ὁ
3827 3022 3977 3072 Ματ-

761 3122 1040 3176 Matthams
1059 3133 1112 3174 et
1140 3119 1328 3185 Lucas,
1388 3117 1685 3171 Servaloris
1731 3115 2093 3184 genealogiam
2130 3129 2313 3167 recen-
2344 3145 2352 3190 ε

2373 3137 2388 3196 ι
2422 3111 2567 3172 θαῑος
2593 3109 2684 3160 καὶ
2725 3111 2934 3170 Λουκᾶς
2959 3110 3054 3178 τὴν
3106 3105 3199 3160 τοῦ
3249 3108 3495 3176 Σωτῆρος
3541 3108 3977 3170 ἀναπτύσσοντες

760 3226 960 3278 sentes,
995 3217 1136 3267 inter
1169 3213 1401 3280 majores
1429 3210 1546 3279 ejus
1576 3218 1630 3261 et
1659 3216 1838 3276 patres
1865 3213 2150 3258 numerant
2177 3203 2312 3266 illos,
2339 3240 2352 3256 .

759 3325 895 3378 quos
923 3315 1075 3361 vetus
1128 3307 1265 3358 inter
1289 3303 1483 3358 decora
1510 3316 1604 3354 sua
1636 3299 1837 3351 habet?
1886 3296 2136 3365 Nunquid
2172 3295 2314 3348 enim

761 3405 815 3456 in
849 3404 1048 3455 bonum
1092 3399 1258 3450 Deum
1295 3396 1485 3449 cadere
1534 3401 1710 3462 potest
1742 3399 1966 3443 externa
2011 3387 2221 3456 species
2266 3395 2318 3440 et

761 3493 1069 3549 simulatio?
1094 3490 1224 3542 Nam
1257 3502 1364 3540 non
1395 3485 1612 3538 minima
1652 3497 1775 3551 pars
1808 3478 2125 3533 defectionis
2159 3478 2318 3546 hujus

761 3595 814 3637 et
835 3593 992 3637 sectae
1015 3590 1115 3641 est,
1155 3587 1211 3629 ut
1236 3577 1492 3628 adversus
1525 3571 1684 3625 Verbi
1717 3568 1977 3622 incarnati
2028 3566 2316 3620 adventum

761 3676 842 3728 vel
868 3676 971 3727 hoc
1009 3671 1168 3725 modo
1194 3668 1444 3722 insaniat.
1478 3667 1544 3717 At
1571 3663 1848 3717 enimvero
1881 3658 2149 3727 quomodo
2182 3659 2320 3710 Deus

760 3767 998 3834 optimus
1024 3761 1104 3814 vel
1145 3759 1317 3827 quoad
1348 3755 1583 3825 speciem
1615 3763 1668 3806 et
1690 3751 1959 3811 simulate,
2003 3751 2085 3802 vel
2117 3763 2240 3801 vere
2268 3757 2321 3800 et

760 3871 922 3924 opere
950 3853 1065 3922 ipso
1083 3867 1197 3911 eos,
1227 3849 1314 3917 qui
1344 3849 1395 3900 in
1429 3853 1772 3904 testamento,
1823 3841 1965 3910 quod
2005 3840 2078 3892 illi
2112 3839 2176 3891 ad
2210 3837 2319 3890 Ma-

761 3948 869 3998 lum
905 3943 1161 4002 referunt,
1209 3939 1566 3997 eminuerant,
1629 3933 1858 4000 majores
1902 3944 2028 3982 suos
2053 3938 2107 3982 et
2144 3939 2321 3996 patres

760 4053 878 4092 esse
895 4034 1132 4104 jusserit,
1161 4040 1319 4098 atque
1359 4032 1490 4080 adeo
1512 4025 1708 4093 aliquid
1731 4021 1991 4092 ejusmodi
2015 4035 2322 4088 assumpse-

762 4131 850 4191 rit,
877 4129 1034 4195 cujus
1058 4123 1392 4177 conditorem
1426 4119 1632 4172 hostem
1654 4130 1770 4168 esse
1800 4129 1905 4166 non
1923 4112 2194 4182 ignorabat
2218 4113 2323 4164 ?Et

761 4218 1028 4287 quomodo
1049 4229 1158 4268 non
1189 4228 1249 4264 ex
1276 4211 1380 4263 alio
1408 4207 1605 4278 populo
1651 4216 1807 4258 natus
1852 4213 1954 4263 est,
1997 4203 2085 4271 qui
2119 4203 2323 4255 scilicet

761 4311 869 4362 vim
908 4319 967 4361 et‘
998 4304 1290 4375 potentiam
1324 4300 1522 4354 diaboli
1578 4314 1684 4351 non
1726 4295 1950 4365 repetita
1985 4296 2097 4348 vice
2128 4308 2322 4360 exper-

764 4409 850 4451 tus
874 4398 960 4457 sit,
990 4395 1080 4447 sed
1122 4409 1184 4446 ex
1220 4392 1309 4444 illo
1331 4389 1547 4458 prodiit,
1574 4401 1730 4455 quem
1763 4386 1906 4453 leges
1936 4382 2131 4436 veteris
2163 4389 2322 4434 testa-

2423 3199 2791 3268 γενεαλογίαν,
2846 3201 3140 3268 προγόνους
3193 3197 3354 3249 αὑτοῦ
3411 3200 3503 3251 καί
3538 3215 3774 3268 πατερας
3827 3201 3976 3260 τοὺς,

2418 3288 2507 3351 οὓς
2543 3291 2574 3356 ἡ
2607 3291 2822 3342 Παλαιὰ
2848 3289 3000 3347 κλέος
3031 3285 3194 3357 εἶχεν,
3220 3290 3630 3358 ἀναγράφουσι;
3661 3290 3779 3352 Πῶς
3811 3290 3920 3358 γάρ
3949 3291 3980 3340 6

2419 3379 2618 3446 ἀγαθὸς
2647 3380 2776 3442 Θεὸς
2868 3384 2924 3430 ἐν
2953 3381 3186 3448 σχήματι
3211 3377 3303 3430 καὶ
3335 3378 3615 3448 ὑποκρίσει
3638 3396 3651 3442 ;
3675 3379 3830 3431 Ἐστι
3848 3380 3978 3447 γάρ,

2420 3471 2534 3522 ἐστι
2564 3487 2646 3532 τις
2681 3472 2776 3539 τῆς
2824 3470 3156 3530 ἀποστασίας
3194 3470 3396 3538 ταύτης
3442 3471 3541 3522 οὑκ
3594 3470 3748 3538 όλίγη
3791 3473 3976 3539 μοῖρα,

2421 3565 2510 3616 καλ⁵
2540 3564 2740 3630 ταύτην
2773 3563 2868 3633 τὴν
2895 3563 3097 3616 λύσσαν
3126 3565 3267 3615 κατά
3301 3562 3400 3630 τῆς
3438 3563 3704 3633 ὲνσάρκου
3750 3562 3841 3614 τοῦ
3875 3562 3980 3614 Λό-

2419 3670 2515 3721 γου
2541 3655 2836 3724 παρουσίας
2864 3656 3227 3725 προφέρουσα.
3267 3653 3426 3704 Ἀλλὰ
3459 3655 3571 3715 πῶς
3610 3657 3637 3705 6
3684 3654 3912 3718 Ἀγαθός
3940 3655 3976 3723 ἦ

2421 3745 2561 3796 κατά
2585 3746 2958 3814 σχηματισμὸν
2985 3745 3077 3796 καὶ
3123 3744 3431 3813 ὑπόκρισιν,
3463 3745 3494 3814 ἢ
3533 3747 3586 3797 ὲν
3617 3745 3845 3815 ἀληθεία
3881 3749 3981 3798 καί

2421 3835 2647 3904 ὑπάρξει
2691 3838 2814 3898 τοὺς
2847 3838 2901 3887 ἐν
2928 3839 2990 3905 τῇ
3035 3837 3243 3904 πονηρᾷ
3287 3835 3689 3905 διαπρέψαντας
3725 3837 3978 3908 ,διαθήκῃ

2422 3926 2661 3996 πατέρας
2691 3931 2783 3979 καὶ
2811 3928 3103 3996 προγόνους
3128 3927 3319 3979 ἑαυτοῦ
3344 3927 3595 3992 γενέσθαι
3631 3928 3976 3994 κατεδέξατο,

2422 4019 2515 4069 καὶ
2546 4018 2784 4070 τοιούτου
2839 4019 3148 4086 σπέρματος
3189 4017 3561 4081 ἐπιλαθέσθαι,
3619 4014 3678 4072 οὑ
3732 4020 3980 4087 πλάστην

2420 4107 2520 4160 οὑκ
2568 4107 2750 4174 ἠγνόει
2798 4106 2894 4158 τὸν
2935 4107 3236 4174 Πολέμιον;
3285 4108 3392 4158 Καὶ
3427 4108 3540 4169 πῶς
3580 4108 3652 4175 μὴ
3707 4107 3765 4170 ὲξ
3817 4109 3982 4159 ἄλλου

2423 4197 2608 4260 ἔθνους
2670 4197 2933 4267 προῆλθεν
2971 4198 3153 4260 αὑτὸς,
3189 4198 3216 4249 ὃ
3246 4198 3320 4267 μὴ
3354 4198 3611 4267 δευτέραν
3641 4193 3785 4266 εἶχεν
3827 4200 3983 4267 ἐνέρ-

2425 4303 2579 4353 γειαν
2601 4284 2694 4337 τοῦ
2733 4286 2997 4356 Πονηροῶ
3026 4286 3138 4337 ἀλλ’
3184 4285 3243 4349 ἐξ
3278 4287 3484 4338 ἐκείνου
3537 4287 3780 4357 πρόεισιν
3809 4286 3837 4339 ὃ
3882 4287 3984 4357 τῆς

2428 4379 2670 4439 Παλαιᾶς
2697 4381 2744 4429 οί
2778 4381 2932 4447 νόμοι
2967 4379 3287 4448 διεμόρφουν
3317 4395 3374 4430 τε
3407 4380 3500 4431 καὶ
3529 4379 3836 4441 διετίθεντο,
3891 4383 3984 4432 καὶ

764 4487 930 4542 menti
965 4486 1265 4539 formarunt
1291 4457 1344 4534 et
1372 4481 1664 4537 tinxerunt,
1700 4476 1892 4530 deinde
1919 4490 2045 4527 vero
2067 4481 2186 4543 post
2211 4473 2322 4543 pri—

2373 4457 2398 4513 )
2431 4470 2568 4537 μετὰ
2604 4470 2702 4538 τὴν
2744 4471 2836 4521 ἀπ’
2869 4470 3040 4539 ἀρχῆς
3077 4473 3318 4541 πονηρὰν
3371 4471 3567 4524 πλάσιν
3601 4472 3986 4542 πονηροτέροις

766 4597 904 4635 mam
941 4579 1084 4632 illam
1108 4588 1333 4643 eamque
1382 4571 1576 4624 malam
1613 4569 1938 4623 creationem
1985 4565 2050 4619 ad
2081 4565 2322 4619 actiones

766 4683 1052 4737 moresque
1081 4667 1234 4734 longe.
1269 4663 1480 4732 pejores
1506 4660 1874 4728 perduxerunt
1902 4667 1956 4711 et
1988 4656 2325 4711 incitarunt?

769 4763 824 4814 Si
858 4766 1403 4814 vetnstcstamentum
1433 4753 1600 4806 Deum
1651 4760 1926 4804 auctorem
1973 4764 2081 4801 non
2140 4747 2320 4810 habet,

768 4851 1035 4922 quomodo
1069 4847 1358 4899 violatores
1407 4845 1580 4913 legum
1625 4840 1920 4896 conditoris
1978 4838 2321 4899 naturalium,

769 4939 1074 4995 etlascivitn
1100 4952 1156 4990 se
1192 4935 1588 5004 permittentes,
1628 4931 1998 4997 voluntatique
2031 4927 2199 4980 hostis
2238 4941 2330 4994 pe—

768 5035 916 5085 nitus
949 5029 1242 5093 subjectos,
1275 5027 1397 5094 igne
1440 5025 1615 5091 punit,
1672 5031 1726 5074 et
1759 5021 2044 5089 impiorum
2077 5033 2330 5071 ausorum

771 5119 1337 5192 pinnasluerejubet?
1390 5115 1584 5169 Malum
1639 5116 1780 5167 enim
1818 5127 2003 5181 poenas
2052 5126 2332 5180 reposcere

774 5213 1080 5282 impietatis,
1110 5227 1213 5279 qua
1240 5210 1349 5277 ipsc
1375 5208 1694 5268 delectatur,
1751 5213 1804 5257 et
1830 5205 1983 5271 cujus
2013 5204 2124 5272 ipse
2147 5214 2334 5255 auctor

771 5318 872 5366 est,
900 5305 988 5374 qui
1030 5307 1110 5358 vel
1151 5302 1396 5372 cogitarit
1427 5299 1647 5352 omnino
1684 5296 1767 5350 vel
1799 5297 2015 5360 dixerit,
2057 5310 2236 5349 nonne
2285 5296 2329 5349 is

771 5393 1009 5448 insanire
1041 5392 1230 5444 merito
1266 5387 1546 5443 credatur?
1593 5391 1847 5453 Apostata
1870 5399 1998 5436 vero
2015 5384 2090 5437 ait
2119 5385 2328 5437 hostem

838 5513 882 5543 ³⁵
913 5510 1068 5565 Joan.
1099 5525 1214 5570 vin,
1244 5508 1328 5562 32).
1406 5506 1468 5557 ”.
1507 5505 1694 5558 Matth.
1751 5519 1867 5565 vm,
1906 5502 1988 5555 Η.

2419 4559 2784 4628 ἀλλοις-ἔργοις
2807 4563 2896 4612 καὶ
2920 4561 3095 4613 ἔθεσιν
3119 4561 3526 4628 ἐπαιδαγώγουν
3543 4579 3600 4613 τε
3625 4564 3714 4613 καὶ
3739 4561 3966 4614 διέπλατ

2418 4667 2542 4718 τον;
2566 4651 2674 4704 Καὶ
2697 4653 2741 4704 εἰ
2775 4651 2849 4722 μὴ
2869 4649 2934 4719 ἦν
2961 4654 2992 4722 ἡ
3025 4654 3233 4705 Παλαιὰ
3257 4653 3350 4705 τοῦ
3381 4653 3536 4717 Θεοῦ,
3563 4654 3678 4715 πῶς
3700 4657 3822 4716 τοὺς
3856 4656 3971 4706 ἀθε⁹

2373 4757 2377 4762 ‘
2419 4744 2684 4811 τήσαντας
2714 4746 2840 4807 τοὺς
2865 4747 2923 4796 ἐν
2955 4749 3019 4814 τῇ
3053 4745 3209 4813 φύσει
3246 4745 3441 4812 νόμους
3464 4744 3555 4797 τοῦ
3602 4745 3863 4806 Πλάστου,
3891 4749 3984 4798 καὶ

2422 4835 2500 4895 είς
2530 4833 2816 4901 ἀσέλγειαν
2866 4836 2963 4904 μὲν
3027 4835 3421 4898 ὲξοκείλαντας,
3483 4835 3559 4903 τῷ
3622 4835 3886 4904 θελήματι
3932 4838 3984 4889 δὲ

2429 4924 2703 4987 παντελῶς
2720 4926 3218 4987 καταδουλωθέντας
3238 4925 3329 4978 τοῦ
3352 4926 3575 4994 Ἐχθροῦ
3600 4928 3730 4995 πυρὶ
3750 4927 3967 4990 κολάζει

2430 5016 2521 5066 καὶ
2539 5015 2635 5084 τὴν
2652 5015 2758 5066 τῶν
2775 5015 3185 5084 τετολμημένων
3203 5016 3354 5085 δίκην
3372 5017 3619 5081 ἁπαιτεῖ;
3639 5017 3728 5068 τὸν
3750 5018 3979 5085 Πονηρὶι

2429 5107 2537 5175 γὰρ
2555 5106 2710 5175 δίκην
2739 5109 2988 5159 ἀπαιτεῖν
3007 5109 3104 5177 τῆς
3123 5109 3284 5160 αὑτὸν
3302 5109 3605 5179 τερπούσης
3623 5110 3714 5160 καὶ
3735 5109 3790 5173 ἐξ
3825 5108 3979 5160 αὑτοῖ

2432 5197 2730 5268 προϊούσης
2754 5201 2994 5268 πονηρᾶς
3019 5201 3297 5268 ἐργασίας,
3326 5199 3442 5262 πῶς
3468 5201 3566 5251 οὑκ
3596 5199 3660 5252 ἂν
3679 5200 3764 5268 εἴη
3793 5200 3928 5261 ὅλως
3956 5203 3983 5252 θ

2434 5290 2750 5360 ὲννοηθῆναι
2771 5291 2826 5361 [ἢ
2846 5289 3123 5360 λεχθῆναι]
3141 5292 3198 5341 οὑ
3224 5292 3446 5359 μανικόν
3468 5304 3496 5354 ;'
3517 5289 3573 5342 '0
3601 5289 3656 5341 δὲ
3681 5291 3983 5356 ἀποστάτης

2435 5383 2541 5435 τῶν
2597 5383 2847 5450 πονηρῶν
2891 5381 3066 5449 ἔργων
3117 5382 3240 5444 τοὺς
3292 5380 3558 5452 πονηροὺς
3603 5378 3821 5449 πονηρῷ
3854 5380 3962 5433 πλά

1834 5653 2068 5708 νΑιιιιΕ
2111 5651 2495 5709 LECTIONES
2533 5650 2620 5705 ΕΤ
2655 5650 2888 5707 NOTAE.

850 5779 960 5850 (26)
997 5781 1303 5848 Κραταιόν.
1345 5776 1518 5830 Malim
1545 5776 1719 5846 legere
1751 5776 2023 5844 κραταιοί,
2050 5775 2172 5842 quia
2204 5772 2352 5840 alioqi

2373 5771 2439 5824 iin
2467 5770 2644 5826 hiulca
2676 5769 2886 5824 videtur
2915 5768 3107 5822 oratio.
