4222 6432
243 381 338 444 133
1248 382 1536 442 CONTRA
1577 380 1732 440 MAN
1740 379 2026 440 [CH/EOS
2064 379 2288 441 LIBER
2324 382 2434 443 III.

3341 380 3438 443 134

241 512 403 567 σματι
435 495 579 564 ἄλλῳ
626 492 701 563 τῷ
730 493 864 564 πυρὶ
905 492 1001 562 τὴν
1052 493 1317 561 τιμωρίαν
1369 491 1784 561 εἰσπράττεσθαι
1814 494 1857 549 Λ
1889 493 1908 545 Ι,

1771 508 1784 541 ι
1814 494 1857 549 Λ
1889 493 2135 548 homines
2179 495 2442 548 malorum
2467 507 2689 563 operum
2731 502 2980 549 auctores
3002 509 3100 564 per
3132 505 3438 549 creaturam

238 590 379 654 λέγει
412 586 503 638 τὸν
544 584 904 655 ’E1096v(27)
937 584 1071 635 ἑτῶν
1098 586 1207 646 τοῖς
1242 584 1439 652 σαρκὸς
1469 585 1663 637 πάθεσι
1683 601 1782 637 κα-

237 678 563 747 τασυρέντας
601 673 963 744 κατακλυσμῷ
993 674 1205 735 κολάζει
1236 674 1369 742 (28).
1401 676 1781 743 Μισοπονήρου

238 773 343 840 γάρ
372 773 486 821 ἐστι
518 769 607 820 καὶ
637 766 838 829 ἀγαθοῦ
890 768 981 820 καὶ
1009 766 1234 829 δικαίου,
1272 768 1331 818 τό
1368 784 1429 821 τε
1460 766 1626 819 κακὸν
1658 769 1783 820 ἀνα-

239 862 493 923 στέλλειν,
528 860 771 920 καὶτοὺς
802 859 934 927 πρὸς
978 859 1075 925 τὴν
1132 857 1423 927 ἁμαρτίαν,
1476 860 1785 911 ἀναιδευσα-

241 952 430 1021 μένους
466 950 563 1019 τὴν
597 950 716 1018 ἴσην
744 948 1161 1016 εἰσπράττεσθαι
1188 949 1475 1017 τιμωρίαν,
1527 950 1641 1001 ἀλλ’
1667 952 1785 1018 οὐχ).

237 1040 471 1113 πονηροῦ
490 1042 671 1107 ποθεν,
699 1040 815 1093 οὐδὲ
845 1040 1117 1110 φιλοῦντος
1144 1041 1236 1093 καὶ
1260 1040 1668 1109 νομοθετοῦντος
1690 1042 1786 1110 τὴν

238 1137 346 1203 ἀμα
356 1134 525 1202 ρτίαν.

306 1226 394 1290 ς’.
433 1225 546 1277 Ἰνα
580 1224 635 1276 δὲ
667 1222 841 1294 μάθῃς
870 1222 1271 1292 ἀκριϐέστερον,
1296 1221 1368 1283 ὡς
1401 1223 1427 1273 6
1456 1220 1613 1284 αὑτός
1641 1222 1785 1274 ἐστιν

237 1317 439 1384 ἀγαθὸς
471 1317 564 1369 καὶ
597 1316 972 1386 φιλάνθρωπος
994 1315 1186 1377 Θεὸς,ὂ
1215 1313 1387 1365 τετοῦ
1410 1314 1616 1365 δικαίου
1646 1314 1787 1367 ἐκδι-

238 1425 329 1469 κος
369 1410 424 1458 ὲν
452 1411 516 1476 τῇ
562 1406 772 1476 Παλαιᾷ
807 1406 898 1457 καὶ
928 1407 955 1457 6
1007 1406 1061 1457 έν
1100 1407 1164 1474 τῇ
1188 1406 1387 1474 χάριτι,
1422 1404 1656 1475 ξηραίνει
1692 1405 1786 1474 μὲν

237 1500 330 1565 τὴν
358 1498 527 1563 συκῆν
551 1497 757 1564 καρπον
782 1494 929 1563 αὐτῷ
954 1493 1027 1563 μὴ
1052 1493 1542 1562 προσενεγκοῦσαν,
1569 1493 1785 1562 μυρίαις

236 1592 288 1644 δὲ
318 1592 566 1651 ἀπειλαῖς
597 1588 885 1641 ὑποϐάλλει
928 1591 1051 1647 τοὺς
1109 1586 1254 1654 αὑτῴ
1292 1587 1363 1657 μὴ
1404 1587 1784 1653 πειθομένους,

238 1683 327 1731 κα)⁵
349 1682 409 1731 τὸ
456 1680 803 1748 σφοδρότερόν
835 1696 891 1730 τε
934 1679 1027 1730 καὶ
1062 1678 1329 1745 ἀμίμητον
1358 1677 1453 1745 τῆς
1480 1676 1773 1736 κολάσεως,

237 1773 313 1831 είς
340 1771 400 1821 τὸ
442 1768 699 1835 ἐξώτερον
744 1768 856 1837 πῦρ
920 1768 977 1820 τὸ
1014 1767 1406 1836 ἡτοιμασμένον
1436 1766 1510 1835 τῷ
1561 1754 1785 1834 διαϐόλῳ

1890 582 2044 636 aliam
2072 584 2285 642 malam.
2318 586 2491 653 ignem
2509 584 2729 647 scilicet,
2753 584 2816 639 ad
2844 600 3057 653 pinnam
3076 601 3288 649 vocare,
3315 602 3442 640 eos-

1890 692 1994 743 que
2041 675 2130 742 qui
2182 676 2562 743 cupiditatibus
2599 676 2775 731 carnis
2813 675 3019 744 abrepti
3067 676 3194 737 sint.
3237 676 3440 729 diluvio

1891 767 2103 834 punire.
2132 767 2248 821 Jam
2290 777 2468 821 autem
2506 777 2558 820 et
2586 768 2706 820 boni
2735 778 2786 821 et
2813 768 2940 835 justi
2965 777 3018 821 et
3048 768 3198 822 malis
3244 770 3438 823 infensi

1890 872 2025 925 opus
2056 865 2159 919 est,
2187 858 2384 910 malum
2412 857 2711 925 prohibere,
2769 857 3211 925 impudentcsque
3239 873 3433 926 pecca-

1893 958 2035 1001 tores
2051 948 2116 1001 ad
2135 949 2353 1017 dignum
2370 963 2555 1015 rapere
2578 948 2920 1017 supplicium,
2934 964 3050 1016 quze
3069 965 3195 1003 sane
3216 950 3436 1008 malum.

1890 1048 1982 1092 aut
2017 1051 2290 1107 peccatum
2321 1050 2610 1105 amantem,
2662 1041 2769 1093 imo
2813 1040 3016 1110 legibus
3037 1042 3438 1110 praecipientem

1892 1146 1998 1182 non
2023 1130 2233 1184 decent.

1965 1219 2047 1271 Vl.
2076 1218 2143 1273 Ut
2176 1235 2301 1273 vero
2346 1221 2519 1274 adhuc
2565 1222 2730 1291 magis
2780 1222 3065 1293 intelligas,
3125 1224 3265 1291 quod
3298 1224 3439 1277 idem

1890 1310 2064 1364 bonus
2096 1321 2147 1363 et
2173 1312 2449 1364 hominum
2479 1328 2663 1366 amans
2688 1313 2827 1367 Deus
2856 1323 2954 1372 est.
2986 1315 3075 1382 qui
3101 1324 3152 1369 et
3182 1316 3233 1367 in
3277 1317 3440 1369 veteri

1893 1412 1945 1455 et
1978 1403 2031 1455 in
2072 1418 2208 1456 novo
2245 1412 2564 1456 testamento
2601 1405 2807 1472 justum
2839 1416 3068 1468 tueatur,
3141 1406 3294 1459 ﬁcum
3318 1422 3444 1460 exa-

1893 1494 2297 1560 rescerejubet,
2362 1510 2480 1562 qua:
2518 1494 2750 1547 fructum
2802 1498 3004 1564 petenti
3064 1512 3170 1550 non
3216 1498 3441 1549 exhibe-

1892 1581 1981 1634 bat
2010 1582 2085 1646 ",
2122 1583 2450 1650 inﬁnitisque
2485 1584 2645 1636 minis
2679 1586 2780 1637 sibi
2828 1602 2931 1638 non
2968 1588 3245 1639 audientes
3273 1603 3441 1655 expo-

1892 1673 1990 1735 nit,
2022 1672 2305 1740 legumque
2353 1689 2570 1726 suarum
2625 1684 3044 1744 transgressores
3075 1678 3300 1745 graviori
3341 1693 3441 1730 nec

1892 1758 2133 1812 imitabili
2166 1761 2447 1829 supplicio,
2507 1762 2612 1831 igni
2645 1764 2867 1823 scilicet.
2915 1766 3003 1832 qui
3028 1766 3237 1817 diabolo
3264 1774 3316 1819 et
3343 1782 3439 1819 an-

236 1862 327 1914 xa‘t
358 1864 469 1922 τοῖς
524 1860 768 1927 ἀγγέλοις
801 1858 983 1921 αὑτοῦ,
1028 1859 1151 1921 τοὺς
1201 1857 1645 1926 παραϐεϐηκότας
1676 1856 1784 1926 (29)
1819 1847 1859 1901 Β
1888 1867 1903 1919 ε

1770 1859 1784 1921 )
1819 1847 1859 1901 Β
1888 1850 2017 1919 gelis
2039 1851 2156 1918 ejus
2200 1862 2414 1919 paratus
2457 1863 2557 1913 est,
2588 1852 2818 1920 snhjicit.
2872 1856 3045 1923 Atque
3088 1858 3156 1909 ita
3205 1856 3435 1923 primum

235 1953 394 2005 αὑτοῦ
424 1954 546 2013 τοὺς
569 1952 764 2020 νόμους
794 1950 1164 2013 καταδικάζει.
1202 1950 1308 2003 Kal
1340 1949 1459 2002 κατ’
1483 1950 1655 2018 ἀρχὰς
1691 1950 1786 2018 μὲν

236 2041 553 2110 προσκαίρῳ
588 2042 717 2110 πυρὶ
740 2041 831 2091 καὶ
874 2038 1023 2091 ὕδατι
1052 2042 1385 2107 τιμωρεῖται,
1420 2040 1509 2091 έπ).
1547 2039 1686 2091 τέλει
1732 2040 1786 2092 δὲ

234 2131 585 2195 διαιωνίζοντι
610 2132 699 2184 καὶ
722 2131 1079 2199 ἀτελευτήτῳ.
1112 2129 1271 2199 Ὁρᾷς
1296 2128 1408 2191 πῶς
1428 2129 1483 2181 τὸ
1506 2130 1787 2197 μισοπόνη-

238 2241 326 2294 ρον
360 2221 629 2289 πανταχοῦ
663 2219 847 2289 ὥσπερ
873 2222 965 2272 καὶ
999 2220 1057 2271 τὸ
1088 2218 1465 2287 φιλάνθρωπον
1502 2217 1787 2288 γνώρισμά

235 2319 349 2367 ἐστι
382 2315 473 2365 καὶ
518 2313 811 2382 μαρτύριον
842 2310 941 2379 τῆς
971 2309 1303 2378 ἀγαθότητος
1345 2309 1435 2361 τοῦ
1468 2308 1629 2375 Θεοῦ;
1679 2310 1788 2361 Kal

234 2406 332 2457 οὐκ
364 2402 521 2465 αὐτὸς
561 2402 657 2470 μὲν
687 2399 855 2454 ταῦτα
885 2402 1139 2468 πράττει,
1174 2401 1298 2461 τοὺς
1332 2398 1572 2468 μαθητὰς
1597 2399 1651 2450 δὲ
1682 2399 1782 2468 τῆς

235 2492 485 2559 τοιαύτης
520 2490 765 2560 πράξεως
794 2486 1136 2549 avenam;
1165 2486 1297 2537 ἀλλά
1325 2486 1524 2555 Πέτρος
1553 2486 1696 2552 μὲνό
1730 2488 1785 2536 ὲν

235 2585 298 2652 τῇ
332 2584 515 2651 χάριτι
545 2579 791 2649 λαμπρὸς
820 2576 910 2629 τὸν
946 2575 1190 2627 Ἁνανίαν
1224 2577 1314 2629 καὶ
1342 2574 1438 2643 τὴν
1474 2575 1787 2643 Σάπφειραν

240 2671 589 2738 ψευδολογίας
638 2669 864 2720 θάνατον
908 2663 1065 2716 ἔλαϐε
1095 2663 1192 2734 τὴν
1222 2664 1375 2732 δίκην
1401 2663 1532 2730 (50).
1582 2662 1789 2724 Παῦλος

236 2762 321 2824 δὲ,
349 2762 376 2811 6
406 2760 603 2828 θερμὸς
632 2758 727 2826 τῆς
762 2757 977 2827 χάριτος
1010 2755 1181 2825 κήρυε
1214 2756 1304 2807 καὶ
1345 2754 1657 2816 διδάσκαλος
1691 2754 1789 2822 τῆς

234 2852 587 2920 οἰκουμένης,
616 2850 811 2918 τυφλὸν
864 2848 960 2918 μὲν
1005 2848 1163 2909 εὐθὺς
1218 2847 1362 2898 ποιεῖ
1391 2846 1477 2899 τὸν
1529 2844 1785 2914 Ἐλύμαν,

236 2948 398 3007 αὐτὸς
438 2944 641 3013 μαθὼν,
673 2942 731 3007 ἐξ
763 2936 835 2995 ὧν
862 2942 1144 3005 πέπονθεν,
1177 2940 1299 2992 ὅσον
1335 2940 1367 3008 ἠ
1411 2938 1567 3008 ποινὴ
1602 2938 1789 3005 κέρδος

237 3040 414 3109 φέρει.
453 3038 553 3088 Τὸν
584 3035 641 3087 δὲ
671 3032 1077 3104 πεπορνευκότα
1125 3031 1409 3102 Κορίνθιον
1458 3029 1789 3099 παραδίδωσι

235 3131 311 3199 τῷ
346 3128 558 3197 Σατανᾷ
594 3130 670 3188 εἰς
698 3124 915 3195 ὀλεθρον
943 3123 1040 3191 τῆς
1078 3122 1298 3190 σαρκός.
1349 3119 1688 3189 Ἀλέξανδρον
1732 3119 1788 3171 δὲ

237 3226 314 3286 είς
345 3221 444 3291 τὴν
500 3218 704 3271 ικείθεν
760 3215 1112 3284 παραπέμπει
1162 3213 1393 3283 βάσανον
1439 3213 1529 3265 καὶ
1586 3210 1783 3280 κρίσιν.

238 3314 349 3366 Kal
384 3314 431 3363 εἰ
462 3310 598 3380 ὀργὴ
647 3308 741 3361 καὶ
798 3307 971 3374 θλίψις
1012 3306 1104 3359 καὶ
1138 3304 1463 3373 στενοχωρία
1494 3302 1584 3354 ἐπὶ
1614 3303 1789 3354 πᾶσαν

236 3407 413 3477 ψυχὴν
434 3404 714 3469 ἀνθρώπου
746 3398 838 3452 τοῦ
861 3397 1332 3467 κατεργαζομένου
1366 3396 1426 3447 τὸ
1454 3394 1620 3447 κακὸν
1656 3392 1785 3461 (51),

240 3499 444 3567 σφόδρα
484 3493 905 3565 διαμαρτύρεται
957 3492 985 3542 6
1048 3488 1275 3549 Παῦλος,
1312 3487 1500 3555 ὥσπερ
1533 3485 1658 3548 δόξα
1698 3486 1790 3537 καὶ

238 3590 371 3657 τιμὴ
406 3586 497 3639 καὶ
531 3584 716 3652 εἰρήνη
763 3580 922 3631 παντὶ
957 3577 1032 3645 τῷ
1062 3574 1414 3646 ἐργαζομένῳ
1447 3573 1507 3624 τὸ
1564 3572 1787 3639 ἀγαθὸν,

239 3681 356 3742 πῶς
404 3673 832 3747 προσωποληψία
888 3670 985 3723 οὑκ
1024 3668 1137 3720 ἔστι
1181 3668 1328 3737 παρὰ
1363 3665 1440 3735 τῷ
1492 3664 1635 3734 Θεῷ;
1678 3664 1789 3725 πῶς

239 3773 287 3821 ol
326 3765 743 3833 κατακριθέντες
778 3765 834 3815 ὲν
878 3764 942 3831 τῇ
983 3759 1189 3828 Παλαιᾷ
1218 3758 1313 3825 οὐχ
1348 3756 1448 3808 ὑπὸ
1483 3755 1574 3807 τοῦ
1626 3752 1788 3807 αὑτοῦ

240 3860 640 3927 κατεκρίθησαν
684 3853 882 3921 ἀγαθοῦ
915 3852 1066 3913 Θεοῦ,
1104 3851 1160 3913 ὃς
1193 3852 1284 3902 καὶ
1314 3848 1410 3916 τὴν
1432 3848 1589 3917 χάριν
1632 3862 1789 3915 νομο-

239 3951 403 4010 θετεῖ,
432 3949 521 3999 καὶ
544 3947 601 3998 τὸ
617 3942 1114 4015 ἁπροσωπὸληπτον
1148 3938 1331 4003 αὐτοῦ,
1356 3933 1434 3999 οἷς
1462 3938 1785 4004 ὑπέστησεν,

237 4041 534 4094 ἰϐεϐαίωσε
559 4054 573 4101 ;
606 4038 712 4090 Kal
747 4037 929 4096 πόσοις
957 4035 1018 4087 ἀν
1044 4050 1126 4094 τις
1157 4030 1481 4095 ἐπιδείξαιτο
1504 4029 1600 4098 τὴν
1635 4045 1787 4097 μισοο

239 4133 473 4200 πόνηρον
501 4129 653 4197 δίκην
692 4129 749 4179 έν
782 4128 893 4187 τοῖς
916 4124 1009 4194 τῆς
1039 4123 1257 4194 χάριτος
1290 4124 1471 4191 νόμοις
1502 4120 1561 4172 τὸ
1589 4120 1786 4189 κράτος

238 4225 468 4292 ἔχουσαν
500 4220 709 4288 ἄμαχον
728 4236 741 4282 ;

306 4316 382 4367 Ζ’.
413 4311 592 4380 Χωρὶς
611 4309 667 4362 δὲ
696 4307 802 4361 τῶν
831 4308 1150 4377 εἰρημένων,
1179 4306 1223 4356 εί
1257 4304 1494 4373 πονηρᾶς
1518 4298 1584 4372 ἦν
1613 4302 1785 4371 ἀρχῆς

238 4407 272 4472 ὴ
304 4402 542 4461 Παλαιὰ,
577 4400 695 4461 πῶς
728 4402 754 4451 6
784 4398 1068 4467 μετάρσιος
1094 4396 1183 4447 καὶ
1218 4394 1461 4464 οὐράνιος
1485 4394 1784 4464 ἄνθρωπος,

1886 1941 2100 2008 quidem
2124 1942 2243 2010 igne
2272 1952 2323 1996 et
2356 1958 2490 2011 aqua
2517 1944 2822 2010 temporali,
2851 1947 3060 1997 tandem
3082 1962 3205 1999 vero
3237 1956 3439 1999 :eterno

1886 2038 1939 2083 et
1968 2047 2241 2098 nunquam
2291 2032 2523 2087 ﬁniendo
2548 2034 2718 2100 punit.
2751 2034 2959 2098 Viden‘,
3006 2036 3145 2103 quod
3178 2044 3229 2088 et
3259 2038 3437 2089 odium

1886 2126 2149 2177 malorum
2182 2134 2234 2178 et
2268 2126 2575 2178 humanitas
2627 2142 2841 2195 semper
2888 2136 3258 2196 argumentum
3292 2136 3345 2180 et
3371 2128 3442 2180 si-

1885 2231 2047 2286 gnum
2079 2216 2147 2269 sit
2172 2216 2426 2269 bonitatis
2461 2216 2598 2269 Dei?
2648 2217 2759 2268 Nec
2802 2216 2914 2285 ipse
2974 2216 3143 2268 solum
3200 2217 3271 2269 ita
3310 2218 3437 2285 agit,

1885 2308 2286 2376 discipulosque
2342 2307 2478 2361 forte
2506 2309 2572 2360 ab
2618 2308 2879 2375 ejusmodi
2928 2309 3227 2362 actionibus
3254 2310 3441 2377 prohi-

1886 2398 2001 2461 bet,
2034 2398 2127 2451 sed
2152 2408 2205 2451 et
2227 2398 2448 2452 illustris
2471 2400 2524 2451 in
2552 2407 3029 2452 novptestamento
3060 2399 3266 2461 Petrus,
3298 2399 3442 2452 Ana-

1886 2489 2028 2543 niam
2063 2500 2115 2543 et
2142 2489 2461 2559 Sapphiram
2502 2502 2674 2544 morte
2699 2492 2751 2543 in
2782 2492 3045 2546 mendacii
3070 2507 3280 2560 poenam
3307 2492 3441 2545 aﬂ‘e-

1904 2581 1996 2633 cit.
2022 2579 2217 2633 Paulus
2240 2597 2472 2649 quoque,
2528 2594 2781 2637 strenuus
2835 2583 3106 2653 Evangelii
3143 2600 3337 2652 praeco,
3390 2594 3443 2638 et

1899 2673 2089 2725 doctor
2125 2674 2291 2735 orbis,
2353 2673 2590 2743 Elymam
2640 2689 2703 2727 ex
2739 2675 2964 2744 vestigio
2991 2690 3190 2729 032C001
3221 2676 3330 2729 ﬁeri
3357 2677 3445 2745 jn-

1888 2763 2075 2824 bet".
2145 2762 2258 2832 ipse
2297 2764 2503 2817 scilicet
2549 2780 2610 2817 ex
2660 2766 2743 2827 iis,
2804 2781 2922 2833 qua:
2974 2781 3261 2834 perpessus
3307 2776 3441 2830 erat,

1888 2855 2132 2915 edoctus,
2176 2864 2433 2922 qttnnlum
2484 2856 2822 2908 commodum
2860 2870 3015 2924 paena
3043 2856 3249 2908 aﬂerat.
3302 2857 3444 2909 Idem

1893 2944 2169 2997 hominem
2191 2942 2552 3008 Corinthium,
2603 2946 2912 2998 scortationi
2946 2947 3208 3010 deditum,
3235 2947 3444 3000 Satanae

1889 3035 1943 3087 in
1979 3035 2273 3103 perniciem
2298 3035 2476 3090 carnis
2509 3035 2692 3095 tradit.
2723 3037 3086 3091 Alexandrum
3115 3053 3243 3092 vero
3267 3039 3442 3092 eidem

1891 3124 2147 3177 cruciatui
2186 3132 2239 3177 et
2270 3124 2473 3192 judicio
2526 3124 2797 3191 adjudicat
2858 3125 2923 3175 ⁸⁸.
2984 3123 3096 3178 Imo
3145 3140 3265 3178 cum
3306 3126 3444 3178 idem

1892 3215 2088 3268 Paulus
2112 3223 2355 3278 testetur,
2385 3214 2527 3283 quod
2556 3231 2652 3279 ira,
2710 3216 2925 3269 alIlictio
2952 3226 3005 3270 et
3030 3217 3273 3286 angustia
3313 3231 3446 3269 ven-

1892 3314 2006 3359 tura
2025 3306 2096 3358 sit
2125 3320 2287 3373 super
2320 3320 2535 3359 omnem
2566 3308 2795 3360 animam
2844 3308 3078 3362 hominis
3115 3309 3311 3361 malum
3356 3324 3446 3377 pa-

1891 3397 2082 3450 trantis
2110 3398 2176 3459 ",
2225 3396 2363 3451 sicut
2408 3398 2639 3451 vicissim
2685 3398 2847 3468 gloria
2880 3408 2931 3453 et
2959 3400 3128 3453 honor
3155 3408 3209 3453 et
3250 3416 3348 3469 pax
3380 3403 3449 3453 sit

1899 3489 2132 3542 hominis
2178 3491 2377 3542 bonum
2434 3490 2727 3558 operantis,
2807 3506 2903 3544 nec
2954 3507 3235 3559 personam
3307 3492 3445 3543 Deus

1889 3580 2175 3647 respiciat:
2204 3579 2490 3649 quomodo,
2522 3581 2611 3648 qui
2639 3581 2687 3632 in
2717 3581 2892 3633 Veteri
2933 3580 3272 3634 Testamento
3300 3582 3448 3634 dam-

1888 3674 1997 3725 nati
2021 3681 2167 3735 sunt,
2200 3686 2306 3724 non
2335 3672 2400 3725 ab
2424 3672 2612 3725 eodem
2657 3674 3081 3725 condemnentur
3127 3673 3234 3725 Deo
3283 3674 3443 3736 bono,

1892 3763 1980 3830 qui
2030 3774 2085 3815 et
2126 3763 2472 3831 Evangelium
2521 3764 2895 3831 promulgavit.
2949 3773 3023 3826 et,
3070 3780 3226 3831 quam
3267 3765 3446 3818 nullus

1895 3853 2035 3922 apud
2078 3868 2135 3906 se
2184 3853 2253 3906 sit
2295 3868 2646 3921 personarum
2686 3854 2943 3917 delectus,
3000 3855 3155 3910 factis
3219 3859 3444 3910 demun-

1897 3948 2127 4001 stravit?
2179 3947 2310 4011 Quis
2339 3961 2465 4000 vero
2496 3947 2768 4001 suﬂecerit
2794 3949 3110 4001 enarrandis
3138 3951 3317 4018 gratia:
3350 3965 3445 4004 seu

1889 4041 2011 4095 novi
2064 4040 2367 4093 testamenti
2420 4038 2644 4108 legibus,
2695 4055 2810 4109 qua:
2872 4042 3143 4105 evincant,
3182 4043 3444 4111 justitiam

1890 4130 2045 4182 malis
2076 4129 2349 4182 inimicam
2378 4128 2450 4182 ibi
2491 4140 2752 4197 perpetuo
2782 4130 2996 4183 valere?

1958 4300 2069 4354 Vll.
2115 4302 2380 4353 Prarterea
2404 4316 2550 4363 vero,
2584 4301 2626 4354 si
2652 4312 2805 4355 vetns
2828 4312 3207 4359 testamentum
3224 4307 3445 4362 maliest

1888 4390 2157 4460 principii,
2187 4391 2458 4458 quomodo
2492 4392 2711 4446 divinus
2746 4402 2798 4445 et
2834 4395 3065 4447 caelestis
3108 4397 3187 4448 vir
3225 4397 3440 4457 Paulus.

241 4491 475 4552 Παῦλος,
493 4489 651 4550 εὐθὺς
667 4487 961 4557 ἀρχόμενος
978 4486 1083 4537 τῶν
1099 4483 1422 4535 Ἐπιστολῶν
1439 4482 1526 4535 διὰ
1542 4483 1645 4533 τῶν
1660 4500 1787 4551 ⁴ι-ιρο-
1823 4504 1863 4559 D
1891 4498 1908 4535 ε

1771 4512 1787 4523 -
1823 4504 1863 4559 ο
1891 4482 2068 4535 statim
2084 4482 2316 4536 abinitio
2332 4483 2677 4552 epistolarum
2699 4500 2936 4547 suarum,
2957 4485 3236 4553 proﬁtetur
3276 4487 3438 4541 Deum

240 4583 425 4653 φητῶν
458 4578 619 4632 αὑτοῦ
652 4582 707 4631 tv
740 4578 979 4646 Γραφαϊς
1002 4576 1183 4641 ἀγίαις
1209 4575 1296 4625 τὸν
1317 4573 1444 4626 Θεὸν
1469 4589 1633 4643 προσε
1647 4589 1778 4640 παγο

238 4671 523 4740 γέλλεσθαι
553 4670 718 4736 λέγει,
753 4669 875 4735 περὶ
900 4665 991 4718 τοῦ
1024 4664 1152 4716 Υίοῦ
1179 4662 1341 4715 αὑτοῦ
1374 4663 1466 4715 τοῦ
1494 4662 1782 4731 γενομένου

240 4766 302 4814 ἐκ
361 4760 672 4829 σπέρματος
720 4756 883 4808 Δαϐὶδ
935 4754 1074 4806 κατά
1123 4754 1336 4821 capita;
1390 4752 1450 4803 Ei
1503 4753 1608 4819 γὰρ
1657 4752 1787 4805 Θεοῦ

238 4852 519 4921 προφῆται
550 4848 641 4899 καὶ
671 4847 877 4916 Γραφαὶ
907 4845 1079 4910 ἅγιαι,
1111 4843 1177 4895 δι’
1209 4836 1280 4894 ὧν
1308 4844 1334 4893 ὁ
1362 4841 1487 4903 Θεὸς
1520 4859 1793 4912 προεπηγ.

237 4938 460 5002 γείλατο
488 4936 611 5001 περὶ
636 4934 725 4984 τοῦ
757 4931 880 4984 Υἰοῦ
910 4931 1093 4995 αὑτοῦ,
1120 4930 1218 4981 ποῦ
1245 4932 1270 4981 ὁ
1311 4930 1545 4997 Πονηρὸς
1573 4932 1789 5001 εὑρήσει

236 5024 336 5093 τὴν
369 5024 579 5092 ἀρχήνς
623 5022 728 5074 Καὶ
773 5021 821 5071 εί
856 5018 923 5071 τὰ
952 5019 1159 5088 ἀόρατα
1210 5017 1392 5080 αὑτοῦ,
1430 5019 1669 5071 τουτέστι
1699 5021 1788 5072 τοῦ

308 5140 357 5171 ’⁸
388 5137 578 5192 Matth.
616 5154 725 5201 ni,
751 5136 835 5191 l9.
913 5135 957 5167 "
988 5136 1106 5189 Act.
1128 5149 1245 5190 χιιι.
1281 5135 1333 5189 8.
1410 5134 1455 5165 ’⁸
1480 5133 1615 5187 Tim.
1652 5152 1688 5199 ι,
1712 5137 1799 5190 20.
1874 5140 1917 5170 "
1950 5137 2103 5192 Rom.
2137 5156 2195 5203 ιι,
2223 5142 2276 5194 9.

1882 4590 1979 4645 per
2029 4575 2321 4643 prophetas
2377 4591 2503 4628 suos
2548 4576 2600 4627 in
2650 4575 2924 4645 Scriptura
2965 4593 3112 4630 saera
3150 4581 3333 4633 testari
3376 4582 3441 4634 de

1886 4665 2023 4719 Filio
2052 4680 2169 4725 suo,
2229 4680 2293 4717 ex
2346 4667 2551 4719 semine
2599 4667 2813 4721 Davidis
2856 4670 3165 4723 secundum
3223 4686 3438 4725 carnem

1889 4754 2176 4809 orituro‘?
2228 4752 2378 4817 Quod
2426 4756 2467 4807 si
2528 4757 2671 4810 enim
2723 4758 2816 4811 Dei
2861 4768 2985 4811 sunt
3046 4760 3340 4828 prophetae,
3387 4774 3441 4815 et

1893 4844 2183 4911 Scriptura:
2223 4859 2411 4907 sacrae,
2441 4862 2536 4913 per
2566 4864 2699 4916 quas
2744 4849 2881 4902 Deus
2912 4850 2975 4901 de
3010 4848 3141 4901 Filio
3187 4866 3284 4903 suo
3316 4863 3441 4905 ante

1898 4935 2184 4997 nuntiavit,
2230 4936 2321 4988 ubi
2384 4936 2549 4990 Malus
2588 4940 2905 5007 principium
2953 4940 3248 4993 invenerit?
3292 4942 3354 4995 Et
3398 4944 3440 4995 si

1898 5024 2184 5077 invisibilia
2214 5026 2354 5095 ejus,
2389 5028 2488 5081 hoc
2514 5038 2597 5081 est
2622 5030 2711 5083 Dei
2746 5040 2799 5083 et
2824 5029 2995 5084 Patris
3028 5030 3233 5084 Domini
3273 5033 3440 5086 nostri

2364 5142 2562 5199 'Rom.
2585 5162 2621 5208 l,
2640 5148 2839 5216 ﬁseqq.

1331 5289 1562 5345 VARIxE
1600 5291 1973 5351 LECTIONES
2008 5297 2093 5351 ΕΤ
2123 5298 2351 5354 NOTAE.

316 5410 431 5479 (‘27)
476 5407 676 5479 ‘Etér.
704 5409 845 5479 Lego
874 5410 968 5462 καὶ
996 5410 1141 5474 τούς.

316 5478 431 5549 ('28)
460 5478 716 5538 Κολάζει.
753 5478 891 5549 Lego
918 5480 1180 5549 κολάξειν.

323 5548 436 5618 (29)
476 5548 972 5622 Παρασεσῃκότας.
1008 5548 1115 5603 Hoc
1157 5551 1312 5622 modo
1339 5566 1428 5622 res
1461 5553 1572 5621 ipsa
1615 5552 1792 5622 legere

1957 5417 2068 5503 (59)
2099 5422 2315 5503 "Elatia
2357 5420 2467 5503 τῂν
2500 5422 2809 5503 6[x_n_r._l_)e
2843 5425 3352 5503 phrasibus_6t66vat
3388 5439 3442 5503 et

1889 5488 2183 5559 λαμϐάνειν
2240 5490 2335 5559 τὴν
2374 5491 2527 5559 δίκην
2556 5493 2674 5546 vide
2706 5488 2961 5547 Thomam
3008 5497 3329 5551 Gatakerum
3386 5501 3438 5553 in

1892 5557 2111 5630 Dissert.
2145 5560 2205 5611 de
2229 5557 2363 5627 ston
2391 5560 2456 5613 Ν.
2486 5557 2549 5612 ’Τ.
2582 5572 2636 5615 et
2660 5564 2741 5617 Jo.
2783 5564 3071 5630 Vorstium,
3105 5567 3178 5618 De
3211 5568 3440 5621 Hebrai-

241 5621 553 5741 jubet.‘pro
593 5618 1026 5687 περιϐεϐηκότες,
1076 5620 1217 5699 quod
1267 5621 1423 5674 habet
1472 5618 1572 5674 ms.
1620 5618 1793 5690 supra
1891 5644 1908 5680 ε

245 5704 381 5741 vero
416 5704 444 5741 a
533 5696 731 5740 tomum
769 5686 807 5741 1.
844 5703 897 5741 ι).
932 5687 984 5741 8.
1037 5705 1241 5741 ιιιοιιιιι.
1275 5691 1352 5741 τὸ.
1378 5691 1524 5741 παοά
1566 5700 1620 5741 et
1669 5692 1795 5741 mal

1267 5621 1423 5674 habet
1472 5618 1572 5674 ms.
1620 5618 1793 5690 Supra
1891 5629 2013 5680 amis
2043 5628 2110 5679 Ν.
2152 5632 2205 5681 Τ.
2238 5618 2374 5696 part.
2408 5646 2443 5689 ι,
2474 5645 2523 5682 c.
2557 5631 2607 5691 7.
2646 5648 2697 5700 p.
2730 5633 2847 5687 915.

1180 5705 1241 5741 ιι.
1275 5691 1352 5741 τὸ.
1378 5691 1524 5741 παοά
1566 5700 1620 5741 et
1669 5692 1795 5741 mal
1966 5697 2074 5741 mn
2107 5687 2383 5741 Eur-illisce,
2420 5700 2501 5741 ιιίι-
2541 5702 2751 5741 νὶιιυιιιι·
2798 5719 2847 5741 νι

245 5704 381 5741 νετο
416 5704 444 5741 2

245 5704 381 5742 vero
416 5704 482 5741 ao
533 5704 731 5740 tomum
769 5704 807 5750 ι,
844 5704 897 5755 p.
932 5704 976 5753 δ,

244 5773 392 5826 σερε
421 5758 558 5812 inter
578 5771 636 5811 se
669 5757 976 5826 permutari.

533 5686 731 5740 tomum
769 5686 807 5750 1,
844 5703 897 5755 p.
932 5687 984 5760 8,
1037 5686 1241 5754 trienni,
1275 5691 1352 5755 τὸ,
1378 5691 1524 5759 παρά
1566 5700 1620 5745 et
1669 5686 1795 5760 περὶ

1966 5697 2074 5766 (5|)
2107 5687 2383 5753 E-xciilisse
2420 5687 2503 5752 hic
2541 5687 2751 5755 videtur
2798 5705 2984 5759 vocula
3021 5705 3091 5769 ὡς
3120 5708 3199 5762 vel
3226 5708 3437 5763 similis.
