4222 6432
233 421 332 484 137

1254 414 1549 474 CONTRA
1590 409 2046 471 MANICH/EOS
2087 408 2313 467 LIBER
2347 409 2457 466 III.

3374 412 3475 477 I38

232 530 297 581 EI
322 531 434 599 γὰρ
461 528 571 596 ἐγὼ
604 526 851 587 διάκονος
896 522 1198 593 περιτομῆς
1228 524 1309 584 είς
1338 522 1399 574 τὸ
1445 518 1809 589 βεδαιωθῆναι
1838 525 1885 579 Α

1805 554 1809 566 ,
1838 525 2059 579 Αευιιι,
2125 514 2351 568 omnino
2408 514 2686 581 praeterire
2738 522 2832 569 aut
2900 532 3007 568 non
3062 516 3271 587 impleri
3324 530 3472 587 pote-

231 621 332 682 τὰς
368 619 720 686 ἐπαγγελίας,
762 617 827 678 ἃς
857 618 885 668 6
919 612 1109 682 Πατὴρ
1140 612 1347 665 διέθετο
1384 613 1494 673 τοῖς
1539 608 1803 678 πατράσι,

1915 607 2023 660 rit?

233 714 353 775 πῶς
400 713 532 763 ίῶτα
566 710 645 773 ἓν,
691 709 935 761 τουτέστι
963 706 1025 757 τὸ
1051 705 1334 775 ἐλάχιστον
1370 706 1479 759 τῶν
1517 707 1576 759 ὲν
1608 705 1686 774 τῷ
1718 704 1864 772 νόμῳ
1905 705 1998 756 καὶ
2026 707 2137 767 τοῖς
2168 706 2473 776 προφήταις
2517 704 2807 772 ῥηθέντων,
2838 703 3040 757 δύναιτ’
3067 704 3134 757 ἂν
3160 706 3297 770 ὅλως
3335 724 3473 779 παρ·

230 807 407 859 ελθεῖν
433 806 465 874 ἦ
499 805 575 874 μὴ
602 802 875 872 γενέσθαι.

300 902 383 952 H'.
430 899 568 951 Ἀλλ’
602 901 689 967 ἐφ’
730 898 915 967 ἔτερόν
957 915 1049 966 μοι
1097 899 1197 967 τὴν
1238 898 1473 968 θεωρίαν
1528 912 1804 966 συμμετα·

230 994 400 1055 κίνει,
431 993 479 1043 εί
506 992 661 1057 λόγια
704 990 840 1042 Θεοῦ
886 990 954 1043 τὰ
993 992 1053 1043 έν
1089 990 1168 1059 τῷ
1209 989 1377 1057 νόμῳ.
1420 990 1585 1056 Λέγει
1632 988 1741 1056 γὰρ
1778 989 1807 1037 ὁ

229 1085 477 1145 Παῦλος·
539 1085 635 1147 Τίς
691 1083 729 1149 ἠ
774 1082 1028 1150 ὠφέλεια
1068 1081 1181 1149 τῆς
1232 1079 1589 1148 περιτομῆς;
1634 1074 1803 1132 Εἶτα·

230 1176 441 1239 Πολλὴ
472 1174 621 1226 κατὰ
649 1173 849 1227 πάντα
879 1174 1122 1240 τρόπον.
1153 1172 1393 1239 Πρῶτον
1416 1172 1533 1239 μὲν
1561 1170 1671 1240 τὰρ
1716 1170 1803 1223 ὅτι

228 1268 677 1331 ἐπιστεύθησαν
728 1266 801 1318 τὰ
836 1267 1016 1333 λόγια
1071 1265 1179 1318 τοῦ
1232 1265 1401 1319 Θεοῦ.
1465 1266 1528 1317 Τί
1581 1265 1692 1332 γὰρ
1749 1266 1802 1317 εί

228 1355 583 1422 ἠπίστησάν
624 1371 812 1420 τινες,
836 1356 921 1423 μὴ
954 1355 992 1421 ἡ
1026 1354 1278 1409 ἀπιστία
1318 1354 1517 1408 αὐτῶν
1544 1354 1660 1420 τὴν
1702 1355 1799 1407 πί-

228 1462 369 1499 στιν
389 1447 494 1499 τοῦ
522 1445 669 1499 Θεοῦ
689 1444 1001 1512 καταρτεῖ;
1029 1444 1125 1512 Μὴ
1152 1445 1403 1512 γένοιτο.
1430 1442 1706 1497 Γενέσθω
1734 1442 1801 1495 δὲ

233 1544 265 1593 ό
302 1540 447 1604 Θεὸς
478 1538 741 1606 ἀληθὴς,
789 1536 908 1601 πᾶς
945 1538 1013 1589 δὲ
1036 1538 1345 1605 ἄνθρωπος
1369 1538 1661 1605 ψεύστης.
1693 1538 1803 1590 Καὶ

231 1631 333 1682 οὐκ
365 1629 614 1696 ἀνέχεται
639 1628 735 1696 μὲν
762 1626 860 1695 τὴν
883 1626 1063 1679 πίστιν
1084 1626 1178 1679 τοῦ
1200 1626 1338 1679 Θεοῦ
1366 1625 1797 1696 καταργηθῆναι·

228 1721 409 1772 πάντα
436 1720 490 1771 δὲ
515 1718 795 1788 ἄνθρωπον
819 1717 1059 1788 ψεύστην
1087 1718 1322 1787 αἱρεῖται
1356 1717 1697 1787 ἐλεγχθῆναι,
1717 1716 1803 1769 ἵνα

228 1812 258 1863 6
280 1811 436 1873 Θεὸς,
466 1812 493 1861 6
516 1808 614 1878 τὴν
638 1808 938 1876 περιτομὴν
954 1807 1095 1872 δοὺς,
1128 1805 1540 1874 ὲπιγινώσκοιτο
1571 1807 1794 1877 ἀληθής.

229 1902 292 1954 ΕΞ
329 1898 423 1953 οὖν
464 1900 558 1951 καὶ
601 1899 761 1967 λόγια
789 1899 921 1951 Θεοῦ
962 1900 1119 1962 εἰσιν,
1149 1897 1186 1950 δι
1213 1899 1507 1968 ἐπιστεύθη
1561 1897 1795 1968 Ἰσραὴλ,

231 1995 325 2046 καὶ
354 1996 386 2062 ἡ
414 1990 640 2045 ἀπιστία
669 1990 847 2041 αὐτῶν
873 1990 971 2059 τὴν
994 1988 1089 2042 τοῦ
1111 1988 1250 2042 Θεοῦ
1284 1990 1464 2042 πίστιν
1495 1991 1553 2041 οὐ
1592 2002 1799 2059 καταρ-

228 2088 337 2152 γεῖ,
368 2084 464 2134 καὶ
488 2083 566 2133 δεῖ
597 2081 794 2150 μᾶλλον
822 2081 1063 2149 ψεύστας
1092 2081 1331 2150 νομίζειν
1358 2082 1480 2142 τοὺς
1505 2080 1796 2133 ἀπιστοῦν-

229 2194 330 2237 τας
383 2175 523 2244 Θεῷ,
564 2174 1036 2240 παναληθέστατον
1101 2172 1159 2225 δὲ
1214 2172 1305 2224 τὸν
1354 2172 1624 2224 δεδωκότα
1675 2172 1799 2234 τοὺς

232 2266 431 2333 νόμους
462 2263 538 2332 τῷ
579 2263 822 2332 Ίσραήλ¹·
855 2263 971 2325 πῶς
995 2262 1113 2332 οὐχὶ
1136 2261 1229 2315 τοῦ
1274 2261 1477 2330 ἀγαθοῦ
1512 2262 1644 2315 Θεοῦ
1686 2264 1801 2315 ἐστι

232 2358 524 2427 νομοθεσία
554 2358 587 2426 ἡ
638 2356 873 2422 Παλαιάς
915 2356 1005 2424 Μὴ
1048 2356 1159 2425 γὰρ
1187 2356 1278 2407 τὸν
1322 2354 1582 2424 Ιιονηρὸν,
1621 2354 1680 2416 ὃς
1708 2355 1802 2406 ἀπ’

231 2451 410 2517 ἀρχῆς
436 2446 675 2515 ψεύστης
702 2446 815 2498 ἐστὶ
835 2485 851 2510 ,
882 2446 979 2499 καὶ
1006 2448 1064 2498 ὲν
1104 2448 1171 2515 τῇ
1200 2447 1428 2514 ἀληθείᾳ⁸
1457 2446 1553 2514 οὐχ
1579 2445 1800 2513 ἕστηκε,

213 2530 426 2592 ’τοῦτον
468 2539 566 2607 μὲν
605 2538 863 2607 ἀληθείας
905 2538 1053 2602 λέγει
1081 2539 1109 2590 6
1156 2537 1369 2601 Παῦλος
1414 2540 1615 2607 πηγήν.
1667 2539 1804 2606 Προ-

235 2631 412 2699 κρίνει
435 2629 490 2682 δὲ
516 2630 721 2692 πάντας
740 2627 1059 2698 ἀνθρώπους
1084 2630 1163 2692 είς
1193 2628 1387 2697 ψεῦδος
1416 2627 1802 2697 ἀπενεχθῆναι,

236 2724 325 2773 ἵνα
355 2724 384 2773 6
407 2722 502 2773 τοῦ
540 2721 766 2784 ψεύδους
801 2721 1134 2791 ἀρχιτέκτων
1165 2721 1260 2772 καὶ
1301 2720 1631 2789 δημιουργὸς
1673 2721 1803 2789 ἀλη-

236 2812 393 2872 θείας
425 2812 695 2880 κηρυχθῇ.
748 2811 856 2862 Καὶ
906 2812 954 2862 εί
983 2812 1017 2880 ἡ
1056 2811 1372 2879 δικαιοσύνη
1416 2809 1509 2862 τοῦ
1537 2810 1670 2863 Θεοῦ
1705 2827 1802 2862 πε-

239 2904 556 2970 φανέρωται
576 2942 589 2965 ,
648 2901 1069 2971 μαρτυρουμένη
1102 2902 1206 2953 ὑπὸ
1233 2901 1327 2953 τοῦ
1360 2901 1525 2969 νόμου
1573 2902 1667 2954 καὶ
1698 2902 1804 2955 τῶν

238 2992 557 3061 προφητῶν,
587 2992 701 3054 πῶς
729 2993 851 3061 οὐχὶ
889 2995 918 3044 6
956 2992 1117 3061 νόμος
1147 2995 1241 3045 καὶ
1275 2994 1323 3044 οἱ
1356 2994 1667 3062 προφῆται,¹
1687 2992 1807 3062 οὐχὶ

238 3082 342 3149 τῆς
376 3084 440 3133 ὲκ
469 3081 563 3133 τοῦ
594 3080 796 3148 ἀγαθοῦ
822 3081 959 3133 Θεοῦ
987 3082 1272 3143 ἐπιπνοίας
1301 3082 1399 3133 καὶ
1423 3081 1676 3150 ἀληθείας
1706 3099 1807 3133 πε-

241 3170 596 3239 πληρωμένοι
627 3168 930 3238 νομίζοιντο
950 3170 1047 3233 ἄν;
1082 3170 1219 3221 Ἀλλ’
1249 3170 1349 3236 ὅρα
1380 3168 1440 3221 τὸ
1467 3170 1691 3239 φρικτὸν
1713 3169 1810 3239 τῆς

242 3261 541 3330 θεομαχίας
566 3260 657 3311 ἐπὶ
688 3258 850 3311 πλέον
877 3260 972 3311 καὶ
998 3260 1397 3312 κατάπτυστον.
1433 3261 1494 3312 El
1517 3263 1543 3313 6
1566 3261 1698 3323 Θεὸς
1725 3261 1813 3313 διὰ

241 3352 337 3403 τοῦ
376 3352 602 3417 αἵματος
639 3349 800 3401 αὐτοῦ
847 3349 1190 3418 ἐλυτρώσατο
1231 3350 1322 3402 τὸν
1372 3351 1575 3419 κόσμον
1619 3354 1682 3403 ὲκ
1711 3354 1810 3421 τῆς

241 3436 487 3495 δουλείας
531 3435 628 3486 τοῦ
675 3436 927 3505 Ἑχθροῦ,
955 3436 1015 3487 τὸ
1041 3436 1099 3487 δὲ
1129 3432 1266 3506 αἷμα
1305 3440 1397 3490 καὶ
1426 3439 1457 3506 ἠ
1484 3438 1620 3509 σὰρξ
1648 3439 1810 3508 (ἀλλὰ

244 3526 485 3595 φρίττων
529 3528 618 3576 καὶ
659 3526 783 3587 τοὺς
832 3526 1122 3593 λογισμοὺς
1163 3529 1254 3578 καὶ
1282 3527 1379 3595 τὴν
1424 3528 1675 3594 γλῶσσαν
1701 3532 1811 3591 τοῖς

244 3617 533 3685 θεομάχοις
586 3615 761 3682 λέγειν
800 3616 1003 3686 ἀφίημι
1039 3616 1098 3668 τὸ
1127 3616 1408 3687 ἑαυτῶν),
1440 3618 1557 3681 πῶς
1587 3619 1671 3671 διά
1698 3637 1809 3673 τοι-

242 3708 405 3759 ούτου
437 3706 754 3775 πλάσματος
774 3707 835 3758 τὸ
860 3709 1015 3775 γένος
1041 3707 1197 3777 ἡμῶν
1221 3710 1467 3778 ἥρπασεν
1490 3712 1553 3761 ὲκ
1573 3711 1669 3779 τῆς
1695 3710 1812 3763 δου-

243 3798 395 3859 λείας
433 3796 527 3848 τοῦ
569 3796 794 3865 Ἐχθροῦ
820 3814 834 3862 ;
861 3797 1064 3865 Πολλῆς
1098 3799 1193 3866 μὲν
1216 3800 1323 3869 γὰρ
1350 3800 1415 3852 ἂν
1439 3800 1553 3868 ἅμα
1592 3802 1811 3871 χάριτος

244 3890 338 3941 καὶ
386 3889 539 3957 δόξης
594 3890 686 3941 καὶ
728 3891 893 3956 τιμῆς
926 3889 1073 3951 ἄξιος
1122 3886 1189 3957 ἦν
1236 3892 1264 3941 6
1302 3890 1493 3959 ἐχθρὸς
1540 3893 1717 3960 ἡμῶν,
1763 3894 1810 3943 εί

245 3980 520 4049 παρέσχεν
553 3978 684 4048 ῦλην
729 3980 911 4044 αὐτὸς,
938 3980 1006 4033 δι’
1044 3975 1113 4051 ῆς
1140 3979 1205 4032 ἂν
1247 3980 1688 4051 ἀπαλλαγείημεν
1711 3981 1810 4051 τῆς

243 4070 555 4139 τυραννίδος
584 4067 768 4121 αὑτοῦ.
792 4069 999 4139 Πολλῆς
1028 4071 1083 4122 δὲ
1114 4070 1297 4133 ἀνοίας
1328 4072 1442 4140 ἆμα
1468 4072 1561 4124 καὶ
1581 4072 1811 4139 γέλωτος

1985 891 2111 945 VIII.
2148 896 2213 944 At
2242 901 2499 945 converte
2528 906 2673 945 nunc
2706 908 2918 946 mecum
2947 906 3181 949 mentem
3229 895 3295 949 ad
3344 898 3470 960 alia,

1910 996 1967 1037 ut
1994 996 2252 1053 appareat
2277 987 2492 1039 oracula
2540 986 2672 1055 legis
2711 986 2891 1039 divina
2921 1002 3062 1040 esse.
3089 986 3288 1043 Paulus
3325 993 3469 1044 enim

1907 1075 2016 1128 ait:
2059 1094 2075 1126 ι
2117 1074 2372 1138 Quantam
2409 1087 2483 1129 est
2516 1079 2868 1146 praerogativa
2903 1080 3333 1133 circumcisorum
3359 1082 3420 1133 ’?
3450 1101 3467 1131 ι

1906 1165 1971 1219 Ει
2034 1176 2261 1235 postea:
2319 1168 2508 1236 Magna
2572 1184 2664 1233 per
2721 1184 2925 1221 omnem
2986 1171 3218 1222 modum.
3289 1171 3469 1224 Prima

1906 1258 2139 1325 quidem,
2174 1260 2313 1327 quod
2359 1260 2485 1326 ipsis
2532 1260 2731 1312 credita
2760 1270 2885 1313 sunt
2912 1262 3126 1313 oracula
3174 1261 3294 1316 Dei.
3320 1266 3474 1316 Nun-

1904 1350 2031 1417 quid
2061 1352 2221 1413 enim,
2247 1352 2371 1419 quia
2388 1352 2605 1418 quidam
2630 1368 2732 1405 non
2755 1353 3111 1417 crediderunt,
3133 1354 3472 1408 incredulitas

1905 1452 2086 1489 eorum
2120 1438 2277 1504 ﬁdem
2311 1439 2406 1492 Dei
2444 1440 2619 1492 tollit?
2650 1441 2796 1493 Absit
2826 1440 3007 1494 !Deus
3040 1458 3158 1495 vero
3184 1445 3251 1495 sit
3288 1461 3470 1506 verax,

1904 1532 2074 1583 omnis
2099 1540 2278 1584 autem
2309 1532 2461 1584 homo
2499 1534 2727 1585 mendax
2752 1533 2792 1585 ⁸.
2831 1531 3020 1600 Neque
3046 1535 3251 1602 patitur
3273 1536 3383 1599 ille,
3414 1547 3472 1590 ut

1906 1621 2040 1676 ﬁdes
2090 1621 2186 1675 Dei
2238 1622 2546 1687 aboleatur,
2579 1624 2675 1677 sed
2704 1624 2819 1676 vult
2851 1626 3030 1691 potius
3058 1627 3330 1680 hominem
3356 1644 3473 1681 om~

1908 1726 2034 1765 nem
2081 1710 2355 1766 mendacii
2396 1712 2668 1775 convinci,
2716 1722 2775 1765 ut
2820 1714 2982 1775 Deus,
3038 1715 3474 1771 circumcisionis

1906 1810 2124 1867 auctor,
2155 1817 2315 1857 verax
2340 1815 2721 1871 cognoscatur.
2748 1805 2903 1868 Quod
2948 1806 2995 1858 si
3022 1806 3182 1874 igitur
3212 1807 3308 1861 Dei
3347 1820 3475 1863 sunt

1904 1894 2145 1958 oracula,
2193 1909 2315 1963 qua:
2352 1896 2559 1949 credita
2612 1907 2738 1949 sunt
2785 1896 2984 1961 Israeli,
3018 1906 3074 1950 et
3123 1898 3473 1954 incredulitas

1906 1998 2093 2037 eorum
2128 1984 2223 2037 Dei
2274 1984 2433 2039 fidem
2485 2000 2595 2038 non
2641 1986 2796 2049 tollit,
2827 1997 3152 2056 praestatque
3204 1988 3473 2053 homines,

1907 2074 2018 2128 Deo
2047 2089 2155 2128 non
2186 2075 2488 2140 credentes,
2512 2091 2609 2144 pro
2642 2076 3012 2140 mendacibus,
3054 2092 3178 2129 eum
3213 2094 3360 2143 vero,
3382 2081 3474 2148 qui

1907 2163 2078 2233 legem
2121 2163 2305 2219 Israeli
2352 2165 2584 2229 dederit,
2664 2181 2760 2235 pro
2812 2168 3165 2221 veracissimo
3230 2170 3472 2235 habere;

1907 2268 2090 2308 nonne
2119 2254 2245 2308 hinc
2271 2255 2433 2309 etiam
2451 2257 2536 2309 lex
2557 2265 2714 2310 vetus
2742 2254 2809 2310 ad
2842 2257 3044 2311 bonum
3076 2257 3245 2313 Deum
3283 2260 3474 2315 referri

1909 2347 2171 2402 debebit?
2200 2346 2386 2416 Neque
2423 2348 2570 2403 enim
2599 2349 2801 2403 Paulus
2838 2350 3060 2416 malum,
3094 2352 3184 2419 qui
3209 2353 3277 2405 ab
3317 2352 3475 2407 initio

1909 2438 2143 2492 mendax
2176 2438 2297 2505 fuit,
2334 2450 2390 2493 et
2443 2440 2498 2493 in
2548 2441 2777 2495 veritate
2824 2456 2934 2495 non
2968 2444 3221 2512 perstitit,
3265 2444 3472 2501 fontem

1909 2528 2151 2585 veritatis
2184 2531 2437 2600 appellat.
2473 2532 2585 2586 Imo
2617 2548 2744 2586 vero
2794 2534 2963 2587 satius
2987 2534 3197 2601 judicat
3226 2536 3477 2592 homines

1914 2634 2108 2676 omnes
2133 2623 2403 2677 mendacii
2446 2623 2768 2689 insimulari,
2819 2634 2885 2677 ut
2904 2633 2959 2677 et
2990 2626 3256 2679 mendacii
3288 2626 3475 2691 faber,

1911 2711 1968 2764 ct
1995 2710 2241 2763 veritatis
2261 2718 2451 2765 auctor
2477 2711 2688 2779 publice
2710 2712 3074 2787 renuntietur.
3105 2712 3169 2766 Et
3199 2713 3241 2767 si
3267 2716 3476 2783 justitia

1913 2805 2009 2859 Dei
2042 2803 2387 2858 manifestata
2421 2811 2524 2865 est,
2558 2818 2587 2855 a
2618 2804 2734 2872 lege
2765 2803 2881 2872 ipsa
2918 2814 2974 2857 et
3014 2804 3295 2873 prophetis
3320 2808 3478 2860 testi-

1912 2896 2155 2951 monium
2200 2895 2490 2961 accipiens,
2538 2895 2810 2960 quomodo
2844 2911 2951 2949 non
2986 2897 3070 2949 lex
3111 2904 3169 2951 et
3196 2898 3478 2967 prophetae

1913 3004 1978 3042 ex
2020 2987 2147 3041 boni
2190 2985 2283 3039 Dei
2330 2985 2689 3053 inspiratione
2719 2986 2946 3053 profecti
2971 2996 3025 3039 et
3069 2988 3299 3041 veritate
3330 2989 3475 3057 pleni

1915 3076 2419 3133 existimabuntur?
2465 3074 2571 3128 Sed
2623 3076 2746 3130 vide
2798 3078 3028 3144 amplius
3060 3078 3385 3133 horrendam
3424 3088 3480 3134 et

1914 3165 2333 3222 abominandam
2394 3165 2635 3219 hostium
2690 3166 2783 3219 Dei
2830 3167 3182 3234 impietatem.
3233 3168 3289 3223 Si
3335 3171 3479 3224 Deus

1913 3274 2008 3329 per
2035 3257 2355 3326 sanguinem
2404 3271 2563 3309 suum
2607 3257 2870 3310 mundum
2920 3274 2949 3311 a
2998 3259 3257 3314 servitute
3307 3261 3479 3317 hostis

1914 3350 2161 3412 redemit,
2196 3348 2417 3417 sanguis
2434 3361 2565 3400 vero
2591 3356 2644 3400 et
2665 3350 2824 3416 caro(
2849 3350 2943 3402 sed
2970 3350 3198 3405 horrore
3222 3367 3287 3406 ex
3309 3353 3478 3407 ratio-

1910 3440 2071 3495 ciniis
2127 3448 2183 3493 et
2207 3439 2437 3492 vocibus
2467 3437 2561 3492 Dei
2598 3439 2835 3492 hostium
2870 3452 3153 3509 correptus
3208 3458 3306 3497 sua
3344 3444 3478 3513 ipsis

1915 3532 2240 3601 proferenda
2266 3530 2547 3599 relinquo)
2576 3532 2849 3599 quomodo
2890 3533 3156 3587 beneﬁcio
3206 3537 3473 3603 ejusmodi

1913 3633 2175 3676 creatura:
2215 3638 2389 3691 genus
2421 3632 2665 3675 nostrum
2701 3638 2763 3676 ex
2814 3625 3077 3679 servitute
3106 3626 3275 3681 hostis
3302 3638 3477 3681 retra-

1912 3715 2028 3768 xit?
2061 3714 2153 3767 Ille
2198 3716 2342 3767 enim
2374 3715 2715 3767 adversarius
2762 3726 2948 3769 noster
3003 3718 3169 3771 multa
3210 3728 3265 3773 et
3305 3722 3479 3789 gratia

1912 3814 1966 3859 et
1993 3804 2162 3875 gloria
2188 3812 2241 3857 et
2286 3805 2495 3857 honore
2529 3804 2725 3873 dignus
2758 3815 2895 3868 erat,
2922 3806 3189 3874 siquidem
3221 3809 3335 3877 ipse
3367 3826 3479 3863 ma-

1912 3895 2105 3947 teriam
2135 3894 2511 3963 suggessisset,
2539 3909 2635 3961 per
2665 3910 2823 3961 quam
2857 3912 2885 3948 a
2936 3898 3222 3964 tyrannide
3250 3901 3370 3968 ejus
3410 3902 3476 3954 li-

1909 3984 2030 4040 beri
2069 3984 2446 4039 evaderemus.
2490 3984 2740 4038 Vicissim
2801 3985 2946 4040 idem
2998 3996 3052 4041 et
3093 3990 3476 4058 imprudentia

1915 4073 2117 4143 probro
2167 4084 2223 4128 et
2249 4074 2382 4127 risui
2436 4074 2606 4127 multo
2659 4089 2717 4128 se
2781 4087 3098 4143 exponeret,
3144 4078 3190 4131 si
3239 4094 3303 4134 ea
3361 4080 3477 4149 ipse

245 4164 448 4230 ἔνοχος,
473 4163 519 4212 εί
546 4163 797 4213 πλάττειν
819 4160 1055 4230 ἐπήρθη.
1082 4160 1148 4213 δι’
1177 4155 1250 4215 ὧν
1274 4162 1622 4234 ἀφῃρημένος
1658 4162 1810 4214 ἔσται

242 4253 304 4304 τὸ
327 4253 554 4322 κράτος,
600 4251 691 4303 καὶ
715 4251 823 4302 τῶν
857 4251 1123 4318 σωμάτων
1149 4252 1181 4320 ἠ
1192 4251 1307 4319 μῶν
1340 4253 1432 4302 καὶ
1459 4250 1563 4303 τῶν
1601 4250 1805 4320 ψυχῶν.

246 4346 288 4395 Τ
294 4344 309 4394 ί
335 4345 391 4395 δὲ
411 4344 537 4395 ἄλλο
566 4342 757 4410 φύεται
784 4343 879 4410 τῆς
902 4342 1270 4406 άποστασίας;
1302 4342 1464 4395 Οὐδὲν
1496 4345 1665 4411 μέγα,
1688 4343 1809 4395 οὐδὲ

1808 4383 1809 4387 η
1914 4343 2308 4412 consequitur?
2359 4343 2417 4397 Id
2466 4344 2710 4409 omnino,
2759 4345 2902 4413 quod
2928 4345 3189 4400 Servator
3220 4364 3321 4402 nec
3359 4365 3475 4403 ma-

244 4437 303 4486 τδ
323 4434 444 4486 ὅλον
475 4432 799 4503 κατόρθωμα
825 4434 921 4503 τῆς
950 4433 1221 4503 σωτηρίας
1255 4432 1410 4501 ἡμῶν
1433 4432 1640 4484 οἴκοθεν
1673 4449 1806 4486 κατ·
1840 4444 1881 4497 ι)
1909 4462 1911 4499 ξ

1840 4444 1881 4497 ι)
1909 4451 2069 4507 gnam
2107 4450 2209 4489 nec
2256 4448 2473 4489 omnem
2506 4445 2716 4503 partem
2751 4448 3014 4505 reparatae
3044 4438 3235 4492 salutis
3276 4449 3476 4493 nostra:

242 4526 501 4596 ὡρθωσεν
546 4528 573 4577 6
628 4526 838 4592 Σωτὴρ.
886 4524 1023 4577 ἀλλὰ
1065 4525 1124 4576 τὸ
1166 4524 1327 4575 πλέον
1360 4524 1481 4585 δοὺς
1534 4522 1676 4591 ἔχειν
1726 4524 1804 4593 τῷ
1907 4558 1909 4571 .

1907 4530 1974 4582 de
2009 4542 2109 4581 suo
2138 4525 2386 4595 perfecit,
2419 4527 2514 4580 sed
2545 4527 2639 4588 ita,
2668 4538 2726 4581 ut
2762 4530 3050 4581 maximam
3093 4538 3298 4598 partem
3330 4529 3471 4584 hosti

258 4618 565 4687 Ἐχθρῴ.Ὧ
586 4618 778 4686 φρενὸς
802 4618 1109 4685 ὑποχειρίου
1128 4616 1329 4684 uita?)
1348 4616 1557 4684 Σατανᾷ
1578 4617 1590 4667 !
1615 4614 1807 4668 Λαϐὼν
1908 4632 1925 4669 t

1799 4634 1807 4661 ν
1908 4615 2121 4669 debeat.
2156 4612 2200 4668 0
2228 4624 2438 4668 mentes
2471 4613 2684 4669 Satanat
2711 4616 3004 4670 obnoxias!
3042 4616 3318 4672 Mutuatus
3359 4620 3466 4672 sci-

243 4709 299 4762 at
336 4708 463 4777 παρ’
489 4707 652 4759 αὑτοῦ
676 4701 734 4759 οὗ
767 4709 840 4776 μὴ
870 4706 1112 4775 πλάστης
1156 4701 1223 4774 ῆν
1252 4706 1432 4767 αὐτὸς,
1466 4707 1596 4759 αὑτό
1627 4724 1685 4759 τε
1705 4726 1807 4760 πα-

1799 4737 1807 4747 -
1910 4705 2039 4758 licet
2065 4704 2133 4757 ab
2176 4718 2241 4757 eo
2271 4703 2346 4766 id,
2382 4704 2539 4771 cujus
2574 4719 2682 4757 non
2717 4715 2833 4758 erat
2866 4706 2981 4774 ipse
3008 4706 3277 4771 conditor,
3326 4708 3466 4760 idem

244 4800 353 4851 θὼν
399 4798 513 4869 (55)
555 4797 918 4861 ἀπαλλάττει,
969 4797 1104 4867 ὅπερ
1136 4796 1234 4849 οὐκ
1277 4787 1443 4865 ἐχρῆν
1471 4797 1667 4867 (ἔργον
1706 4799 1812 4868 γάρ

1794 4817 1812 4850 ο
1913 4794 2263 4863 perpessione
2319 4808 2437 4856 sua,
2482 4793 2626 4861 quod
2688 4803 2837 4848 certe
2896 4796 3006 4849 fieri
3072 4812 3180 4849 non
3210 4796 3461 4856 debebat,

245 4894 378 4947 αὐτὸ
405 4893 549 4943 ποιεῖ
572 4892 929 4960 η-άποστασία
948 4890 1041 4943 τοῦ
1063 4889 1304 4959 Πονηροῦ
1324 4891 1365 4955 ),
1388 4890 1482 4941 καὶ
1508 4892 1585 4953 είς
1611 4890 1814 4960 ἀφθαρ-

248 4986 371 5038 σίαν
407 4986 719 5052 μεταποιεῖν
758 4982 935 5037 καὶτὸ
961 4983 1130 5045 κακὸν
1167 4983 1349 5051 μένειν
1386 4980 1654 5035 ἀθάνατον
1695 4984 1813 5037 δια·

246 5077 569 5145 πράττεται.

315 5166 395 5232 Θ¹,
445 5168 552 5219 Καὶ
604 5165 721 5227 πῶς
754 5164 820 5218 ἂν
851 5165 933 5233 είη
986 5163 1079 5217 τοῦ
1120 5162 1310 5229 γένους
1339 5160 1494 5232 ἡμῶν
1540 5161 1751 5231 ἐχθρὸς,
1784 5165 1813 5216 6

248 5257 518 5327 τοσαύτην
545 5256 903 5326 συνεισφορὰν
924 5256 1001 5317 είς
1022 5254 1120 5323 τὴν
1142 5254 1324 5322 κοινὴν
1348 5244 1505 5321 μῶν
1535 5253 1809 5322 σωτηρίαν

246 5351 335 5406 διὰ
355 5349 452 5405 τοῦ
482 5349 680 5403 οἰκείου
706 5348 818 5417 (54)
843 5346 1325 5417 δημιουργήματος
1350 5343 1807 5412 συνεισενεγκών;

843 5480 863 5508 ⁸
916 5479 1044 5533 ibid.
1073 5479 1191 5533 2-5.

1912 4164 2175 4227 finxisset,
2204 4179 2301 4233 per
2331 4179 2451 4233 qua:
2482 4174 2752 4233 potestate
2800 4167 2854 4218 in
2890 4181 3120 4235 corpora
3174 4179 3230 4222 et
3264 4172 3476 4224 animas

1912 4264 2125 4308 nostras
2168 4254 2467 4308 excideret.
2521 4253 2662 4318 Quid
2701 4269 2831 4307 vero
2872 4255 3016 4308 aliud
3048 4272 3116 4309 ex
3162 4257 3265 4311 hoc
3290 4273 3477 4313 errore

1915 4888 2130 4941 redimit
2157 4888 2304 4957 (nam
2323 4888 2541 4941 erronei
2569 4888 2817 4943 homines
2840 4888 2891 4942 id
2915 4891 3037 4942 mali
3062 4898 3256 4943 vocant
3278 4890 3437 4960 opus)
3457 4929 3470 4952 ,

1913 4988 1967 5033 et
2022 4979 2089 5033 ad
2134 4978 2590 5032 immortalitatem
2627 4980 2900 5043 transfert,
2938 4990 2991 5032 et
3022 4990 3077 5033 ut
3125 4982 3326 5035 malum
3357 4996 3472 5049 pcr-

1912 5079 2132 5138 petuum
2149 5067 2239 5131 sit,
2268 5068 2450 5123 eIIicit.

1982 5161 2068 5215 IX.
2113 5163 2178 5215 Et
2222 5162 2494 5231 quomodo
2521 5162 2738 5233 generis
2776 5164 2949 5217 nostri
2984 5165 3151 5217 hosds
3190 5165 3470 5219 habendus

1910 5254 2034 5317 erit,
2070 5253 2158 5321 qui
2209 5268 2301 5318 per
2347 5268 2498 5307 suam
2546 5261 2846 5307 creaturam
2877 5256 2931 5307 in
2956 5270 3296 5307 communem
3329 5255 3470 5308 salu-

1912 5354 2017 5397 tem
2063 5352 2302 5397 nostram
2354 5354 2461 5399 tam
2508 5344 2735 5399 multum
2788 5345 3049 5400 contulit?
3096 5344 3374 5409 Quomodo
3418 5346 3470 5399 in

318 5486 342 5518 ³
381 5485 540 5539 Rom.
578 5496 672 5545 ιιι,
705 5481 757 5533 I.

1356 5568 1582 5624 VARle
1622 5567 2003 5625 LECTIONES
2036 5568 2119 5621 ET
2151 5568 2382 5626 ΝΟΤᾸΞ.

316 5672 433 5741 (32)
476 5669 579 5735 Τῷ.
628 5668 717 5725 Sic
751 5668 1001 5741 rescripsi
1037 5680 1134 5736 pro
1157 5665 1297 5741 τοῦ,
1331 5665 1472 5733 quod
1500 5672 1582 5741 est
1613 5664 1666 5717 in
1702 5679 1803 5741 ms.

314 5733 429 5814 (33j
476 5733 703 5814 ηαθφν.
747 5733 937 5814 Malim
959 5733 1134 5814 legere
1161 5735 1349 5814 παθόν,
1376 5744 1431 5787 ut
1460 5734 1722 5788 referatur
1743 5734 1809 5790 ad
1837 5753 2030 5809 corpus
2058 5738 2200 5810 quod
2228 5737 2476 5794 Christus
2506 5733 2815 5804 assumpsit,
2836 5734 3085 5803 quodque
3113 5747 3330 5801 passum
3362 5740 3469 5787 est.

317 5804 431 5889 ζδι)
477 5811 724 5863 Οίκείου.
782 5808 876 5861 Ms.
902 5804 1156 5860 mendose
1180 5804 1367 5857 οἰκίον.

566 5906 833 5968 ΡΑτιιοι..
880 5903 990 5962 Gn.
1038 5897 1159 5965 CII.

3118 5891 3153 5954 ὅ
