4222 6432
801 421 900 485 139

1952 417 2208 477 ΡΠΟΤΙΙ
2249 411 2751 475 ΡΛΤΠῘΛΠΟΠΕ
2799 417 2904 474 ίῘΡ.

3932 420 4032 480 140

798 536 1109 588 universum
1136 532 1332 585 malum
1375 531 1622 599 perfecit,
1661 541 1911 600 suscepta
1944 532 2186 599 corporis
2213 544 2364 582 erea--
2392 531 2439 586 A

2392 531 2439 586 A
2469 531 2574 580 Kal.
2603 529 2718 590 πῶς
2753 529 2888 589 ὅλως
2924 528 3124 596 ἔπραξε
3164 528 3416 596 πονηρὸν,
3455 528 3661 589 πλάσας
3697 528 3755 578 τὸ
3793 530 3972 596 σῶμα,
4006 532 4037 581 δ

802 627 966 688 tione,
1003 624 1148 691 quod
1181 639 1289 676 non
1341 624 1515 676 solum
1567 632 1768 687 servat,
1796 631 1850 674 et
1874 631 2058 690 postea
2085 637 2115 673 a
2167 637 2357 674 corru-

800 722 982 786 ptione
1012 718 1252 770 immune
1283 726 1518 784 praestat,
1556 715 1649 768 sed
1684 725 1739 768 et
1773 731 1869 783 per
1902 714 2033 766 illud
2076 714 2360 766 animabus

799 808 1212 877 insequentibus
1257 807 1547 868 benefaeit,
1598 821 1826 873 corpora
1871 805 2076 857 scilicet
2105 821 2226 857 eum
2259 805 2362 855 illis

797 898 1086 965 conjuncta
1123 897 1174 948 in
1210 896 1453 948 eamdem
1498 894 1959 946 immortalitatem
1989 893 2360 946 transferens?

797 991 947 1042 Adeo
979 991 1030 1041 in
1072 988 1341 1049 tenebras,
1376 987 1543 1039 chaos
1568 996 1624 1040 et
1653 986 2068 1039 occmcatiouem
2113 985 2360 1048 rationis,

797 1082 1033 1133 furorem
1063 1081 1187 1131 item
1218 1088 1271 1131 et
1293 1078 1616 1146 profundam
1646 1077 2038 1140 temulentiam,
2065 1077 2178 1130 abit
2202 1092 2362 1130 omne

798 1175 990 1224 horum
1023 1173 1310 1224 hominum
1343 1171 1600 1234 studium,
1624 1169 1714 1237 qui
1741 1169 2041 1221 solitarium
2077 1169 2360 1238 imperium

796 1267 847 1316 in
873 1264 980 1318 duo
1015 1264 1290 1327 scindunt,
1339 1270 1393 1316 et
1423 1277 1590 1315 unum
1640 1260 1952 1324 Dominum,
1985 1260 2171 1314 Jesum
2202 1261 2363 1314 Chri-

797 1366 962 1419 stum,
1010 1357 1349 1410 conditorem
1397 1353 1662 1414 omnium,
1698 1353 1750 1404 in
1786 1352 1894 1405 duo
1929 1352 2193 1420 principia
2224 1351 2362 1405 divi-

793 1446 946 1507 dunt,
978 1453 1031 1497 et
1061 1445 1205 1496 aliud
1235 1443 1452 1510 quidem
1500 1440 1952 1508 intelligibilibus,
1999 1441 2144 1491 aliud
2185 1440 2364 1492 sensi-

798 1534 997 1586 bilibus
1031 1535 1194 1586 rebus
1225 1531 1548 1597 przeficiunt.
1581 1530 1649 1582 At
1675 1529 1964 1606 quomodo,
2001 1544 2098 1597 per
2137 1527 2364 1596 Bythum

794 1635 847 1678 et
879 1625 1071 1693 Sigen,
1118 1623 1431 1676 Conditoris
1471 1623 1553 1676 sui
1603 1623 1879 1674 cruciatus
1930 1636 2039 1674 non
2082 1631 2363 1684 verentur,

793 1715 882 1781 qui
915 1728 1116 1781 corpus
1151 1722 1397 1765 nostrum
1431 1711 1554 1763 mali
1583 1712 1735 1764 aiunt
1761 1725 1881 1763 esse
1912 1709 2200 1778 principii?
2223 1710 2364 1763 Pau-

793 1805 877 1857 lus
926 1805 1072 1858 enim
1103 1820 1167 1858 ex
1215 1805 1445 1857 adverso
1487 1804 1690 1856 diserte
1740 1803 1958 1866 clamat,
2016 1802 2214 1870 Carpus
2261 1820 2360 1856 non

791 1893 1118 1952 scortaliuni,
1151 1909 1271 1959 qua:
1321 1892 1445 1944 mali
1488 1907 1624 1960 opus
1651 1902 1753 1956 est,
1781 1894 1868 1944 sed
1905 1891 2144 1956 Domino,
2177 1902 2224 1945 et
2255 1893 2362 1945 Do-

792 1981 963 2032 minus
1007 1981 1211 2045 corpori
1249 1978 1616 2042 ".-Quomodo
1679 1981 1822 2032 enim
1890 1990 2136 2033 creatura
2193 1981 2362 2034 hostis

793 2071 1014 2123 omnino
1060 2079 1238 2137 potest
1267 2084 1386 2122 esse
1431 2069 1681 2122 Domini?
1716 2069 1855 2133 Quid
1891 2086 2022 2122 vero
2049 2071 2216 2124 refert
2243 2087 2359 2124 mo-

794 2176 943 2222 nere,
990 2161 1120 2212 illud
1174 2160 1492 2213 scortationi
1529 2175 1637 2212 non
1685 2160 2006 2212 tradendum
2054 2176 2208 2226 esse,
2237 2177 2358 2214 cum

793 2267 891 2320 per
925 2267 982 2305 se
1013 2252 1212 2304 malum
1251 2251 1343 2314 sit,
1374 2259 1428 2304 et
1457 2251 1580 2303 mali
1629 2251 1880 2319 principii
1921 2265 2080 2319 opus.
2113 2261 2170 2305 et
2201 2268 2359 2321 pror-

792 2362 886 2399 sus
920 2361 948 2398 a
992 2345 1272 2399 voluntate
1322 2360 1384 2397 ac
1425 2344 1695 2398 creatione
1747 2344 1839 2398 Dei
1893 2345 2170 2399 alienum?
2226 2346 2358 2399 Cum

792 2437 962 2498 enim,
990 2436 1133 2502 quod
1170 2442 1433 2503 apostata:
1459 2433 1533 2486 illi
1569 2435 1777 2497 volunt,
1832 2450 2034 2504 corpus
2069 2442 2124 2488 et
2158 2434 2361 2489 forma-

796 2527 961 2590 tione,
1011 2535 1065 2579 et
1114 2535 1306 2578 natura
1354 2534 1408 2577 ct
1445 2525 1652 2595 legibus
1697 2525 1896 2578 malum
1947 2527 2037 2590 sit,
2084 2542 2359 2595 nunquam

794 2619 1017 2671 omnino
1063 2616 1275 2670 Domini
1325 2615 1569 2679 exsistet,
1602 2631 1777 2684 neque
1805 2616 2096 2684 quidquam
2141 2617 2357 2683 referet,

795 2720 975 2763 utrum
1022 2708 1335 2762 scortationi
1379 2722 1438 2761 se
1467 2707 1648 2770 dedat,
1687 2723 1756 2760 an
1793 2709 1994 2762 minus.
2045 2708 2172 2762 Sive
2215 2709 2360 2763 enim

797 2801 870 2854 illi
908 2800 1236 2861 indulserit,
1280 2798 1393 2852 sive
1423 2798 1625 2860 minus,
1679 2797 1938 2866 utrinque
1988 2813 2100 2851 non
2142 2798 2355 2851 desinet

796 2906 915 2946 esse
957 2890 1293 2958 improbum,
1326 2897 1381 2942 et
1411 2888 1537 2942 mali
1570 2888 1818 2956 principii
1873 2904 2032 2957 opus.
2083 2889 2364 2957 Perpende

794 3000 927 3037 vero
952 2992 1006 3036 et
1037 2984 1140 3035 hoc
1177 3000 1188 3033 :
1220 2981 1274 3033 Si
1305 2996 1503 3049 corpus
1531 2988 1616 3033 est
1644 2989 1887 3034 creatura
1916 2981 2062 3043 mali,
2092 2983 2362 3049 quomodo

797 3075 865 3138 is,
915 3075 1006 3143 qui
1053 3073 1194 3126 malo
1240 3081 1463 3126 strenue
1509 3087 1567 3124 se
1600 3071 1861 3139 opponit.
1903 3079 1958 3124 et
2001 3087 2098 3139 pro
2134 3073 2361 3126 veritate

2470 619 2542 687 μὴ
2585 620 2743 686 μόνον
2773 619 2954 681 σώζει,
2989 621 3080 670 καὶ
3119 619 3394 688 ἄφθαρτον
3441 618 3667 687 ὕστερον
3701 622 3863 681 ποιεῖ,
3898 619 4034 673 ἀλλά

2464 709 2532 759 δι’
2565 708 2728 761 αὑτοῦ
2763 711 2857 760 καὶ
2887 710 2982 770 τὰς
3009 710 3279 776 ἑπομένας
3302 709 3481 776 ψυχὰς
3506 710 3802 777 εὐεργετεῖ,
3827 712 3905 772 εἰς
3933 711 4035 777 τὴν

2463 803 2652 869 ὁμοίαν
2694 800 2988 852 ἀθανασίαν
3019 799 3085 851 τὰ
3116 799 3382 852 ὲνωθὲντα
3413 799 3602 860 αὑταῖς
3637 799 3862 868 σώματα
3895 800 4036 850 καθ-

2467 892 2656 953 ιστῶν;
2691 892 2876 953 Οῦτως
2936 891 3051 943 ἐστὶ
3100 892 3289 953 σκότος
3340 892 3430 943 καὶ
3476 892 3602 959 χάος
3641 891 3734 941 καὶ
3760 889 4037 957 τύφλωσις

2464 981 2760 1048 λογισμῶν,
2819 982 2912 1033 καὶ
2967 981 3132 1050 μανία
3185 979 3279 1032 καὶ
3329 980 3467 1048 μέθη
3523 978 3783 1047 βαθείαὴ
3827 978 4036 1044 σπουδὴ

2464 1070 2572 1121 τῶν
2595 1070 2673 1132 είς
2702 1069 2794 1121 δύο
2824 1072 2999 1139 ἀρχάς
3047 1071 3148 1140 τὴν
3200 1070 3327 1139 μίαν
3360 1069 3654 1137 σχιζόντων
3704 1067 3901 1137 ἀρχὴν,
3938 1070 4036 1117 καὶ

2465 1160 2555 1211 τὸν
2604 1159 2711 1213 ἕνα.
2756 1160 2960 1229 Κύριον
3017 1159 3224 1230 Ἰησοῦν
3276 1159 3507 1228 Χριστὸν
3547 1160 3637 1211 τὸν
3697 1156 4037 1226 δημιουργὸν

2467 1252 2741 1314 ἁπάντων,
2769 1253 2848 1314 είς
2867 1252 2961 1304 δύο
2983 1253 3428 1321 κατατεμνόντων
3450 1251 3624 1318 ἀρχάς
3646 1264 3660 1278 ·
3688 1251 3781 1301 καὶ
3803 1249 3904 1316 τὴν
3934 1247 4037 1311 μὲν

2464 1344 2576 1404 τοῖς
2629 1345 2836 1410 νοητοῖς
2891 1343 3267 1408 ὲφιστάντων,
3321 1343 3419 1412 τὴν
3469 1342 3524 1393 δὲ
3559 1344 3669 1402 τοῖς
3709 1342 4034 1410 ὁρωμένοις.

2479 1433 2640 1485 Ἀλλά
2673 1435 2790 1496 πῶς
2820 1435 2956 1502 πρὸς
2989 1433 3080 1483 τὸν
3115 1432 3284 1486 Βυθὺν
3315 1435 3410 1485 καὶ
3445 1434 3544 1501 τὴν
3583 1432 3749 1501 Σιγὴν
3793 1431 3909 1500 (35)
3935 1432 4038 1483 τοῦ

2465 1525 2709 1578 Πλάστου
2744 1526 2923 1577 αὐτῶν
2979 1524 3079 1586 τὰς
3123 1525 3319 1586 ὠδῖνας
3361 1525 3423 1577 οὐ
3459 1523 3834 1584 καταδύονται,
3884 1523 3933 1574 οί
3973 1523 4037 1573 τὸ

2469 1615 2628 1681 σῶμα
2651 1616 2808 1684 ἡμῶν
2857 1615 3106 1682 λέγοντες
3159 1610 3300 1666 εἶναι
3331 1613 3426 1665 τοῦ
3478 1613 3752 1682 Πονηροῦς
3806 1612 4038 1681 Τρανῶς

2466 1706 2574 1775 γάρ
2614 1705 2846 1766 ἐκείνοις
2874 1707 2969 1756 ἀπ’
3019 1704 3266 1766 ἐναντίας
3307 1706 3336 1756 ὁ
3369 1702 3579 1765 Παῦλος
3618 1703 3713 1771 βοᾷ
3739 1719 3751 1732 ·
3791 1702 3862 1754 Τὸ
3916 1701 4038 1768 μὲν

2465 1795 2636 1862 σῶμα
2663 1798 2735 1849 οὐ
2773 1796 2846 1862 τῇ
2885 1798 3155 1864 πορνείᾳ,
3187 1797 3308 1865 ἥτις
3337 1795 3486 1847 ἐστὶν
3515 1795 3675 1864 ἔργον
3717 1793 3809 1845 τοῦ
3856 1794 4037 1861 Πονη-

2468 1890 2562 1959 ροῦ
2586 1932 2601 1954 ,
2641 1892 2800 1944 ἀλλὰ
2838 1891 2918 1955 τῷ
2959 1892 3172 1957 Κυρίῳ,
3215 1889 3308 1942 καὶ
3349 1892 3381 1942 ό
3417 1890 3631 1954 Κύριος
3667 1887 3746 1951 τῷ
3780 1886 4035 1954 σώματι.

2466 1981 2588 2042 Πῶς
2610 1983 2717 2051 γὰρ
2754 1981 2848 2034 τοῦ
2891 1981 3114 2050 Ἐχθροῦ
3157 1981 3217 2031 τὸ
3248 1980 3471 2048 πλάσμα
3501 1979 3718 2031 δύναται
3752 1977 3887 2038 ὅλως
3936 1975 4036 2026 τοῦ

2465 2071 2670 2140 Κυρίου
2705 2067 2881 2135 εἷναις
2920 2072 2983 2122 Τί
3014 2071 3068 2122 δὲ
3098 2070 3178 2122 δεῖ
3206 2070 3384 2135 λέγειν
3416 2069 3489 2138 μὴ
3526 2068 3832 2120 ἀνατιθέναι
3871 2065 4037 2117 τοῦτο

2463 2163 2526 2228 τῇ
2559 2161 2809 2232 πορνείᾳ,
2842 2161 2973 2213 αὐτὸ
3007 2161 3128 2213 καθ’
3146 2162 3301 2212 ἑαυτὸ
3344 2160 3580 2228 πονηρὸν
3609 2158 3688 2220 ὃν,
3725 2158 3818 2209 καὶ
3857 2173 4032 2226 πονη-

2466 2251 2562 2317 ρᾶς
2589 2249 2764 2319 ἀρχῆς
2804 2249 3217 2318 δημιούργημα,
3254 2249 3349 2300 καὶ
3396 2246 3676 2306 παντελῶς
3725 2245 4033 2314 ἀλλότριον,

2462 2343 2556 2395 καὶ
2579 2342 2671 2394 τοῦ
2693 2341 2996 2411 θελήματος
3028 2340 3124 2393 ml.
3148 2341 3246 2411 τῆς
3279 2339 3528 2402 πλάσεως
3563 2339 3656 2390 τοῦ
3682 2337 3852 2401 Θεοῦ;
3886 2337 4036 2390 me.

2465 2452 2544 2488 σει
2574 2434 2679 2504 γὰρ
2712 2435 2806 2487 καὶ
2826 2434 3010 2503 νόμοις
3040 2433 3099 2485 τὸ
3133 2432 3307 2501 σῶμα,
3334 2431 3408 2493 ὡς
3437 2431 3469 2499 ἡ
3501 2427 3806 2482 ἀποστασία
3842 2427 4035 2496 βούλε-

2461 2543 2574 2588 ται,
2607 2525 2843 2595 πονηρὸν
2874 2526 3118 2594 ὑπάρχον
3139 2524 3238 2576 οὐκ
3281 2523 3346 2576 ἂν
3381 2521 3480 2591 μέν
3523 2539 3651 2574 ποτε
3697 2523 3907 2588 γένοιτο
3933 2518 4035 2573 τοῦ

2463 2617 2670 2688 Κυρίου
2691 2634 2705 2648 υ
2744 2616 3003 2687 πορνείας
3030 2617 3085 2668 δὲ
3110 2614 3385 2682 γενέσθαι,
3417 2615 3449 2684 ἢ
3480 2613 3555 2683 μὴ
3593 2613 3844 2680 γενέσθαι
3877 2612 4034 2665 οὐδὲν

2463 2709 2676 2762 διοίσει.
2724 2709 2849 2762 Εἴτε
2881 2709 2989 2778 γάρ
3019 2707 3434 2777 ὲξεπόρνευσεν,
3461 2705 3572 2756 εἴτε
3604 2704 3714 2774 (56)
3742 2705 3838 2774 μὴ.
3875 2703 4034 2756 οὐδὲν

2463 2798 2624 2872 ἦττον
2654 2801 2754 2854 οὐκ
2781 2801 3075 2870 ἀφίσταται
3092 2799 3184 2852 τοῦ
3218 2797 3453 2869 πονηρὸν
3479 2794 3638 2857 εἶναι.
3671 2798 3765 2849 καὶ
3786 2798 4034 2865 πονηρᾶς

2463 2894 2855 2963 δημιούργημα
2895 2892 3094 2963 ἀρχῆς.
3139 2891 3462 2944 Ἐπισκόπει
3507 2891 3564 2943 δὲ
3588 2889 3682 2942 καὶ
3715 2881 3838 2942 ὧδε.
3873 2889 3942 2941 El»
3972 2888 4035 2942 τὸ

2466 2986 2625 3054 σῶμα
2653 2984 2880 3052 πλάσμα
2912 2983 3003 3034 τοῦ
3027 2981 3293 3050 Πονηροῦ,
3315 2982 3431 3042 πῶς
3462 2983 3489 3032 ὁ
3515 2980 3623 3050 (57)
3657 2979 3750 3032 τοῦ
3785 2980 4032 3050 Πονηροῦ

2463 3075 2729 3144 λαμπρῶς
2753 3071 3240 3142 καταστρατηγῶν,
3263 3072 3358 3123 καὶ
3379 3071 3476 3138 τῆς
3500 3070 3752 3138 ἀληθείας
3774 3070 4032 3140 ὑπερμα-

797 3165 1038 3227 dimicat,
1089 3172 1336 3217 sanctum
1381 3162 1508 3215 illud
1559 3161 1830 3230 appellat?
1854 3161 1972 3214 Non
2009 3172 2174 3230 nupta
2201 3165 2358 3228 enim,
2388 3178 2432 3237 ρ

2388 3178 2432 3237 C
2465 3165 2575 3233 χῶν
2609 3165 2761 3231 ἆγιον
2792 3165 2922 3216 αὐτὸ
2956 3163 3138 3226 καλεῖ;
3176 3164 3248 3217 Ἡ
3281 3163 3507 3230 ἄγαμος
3545 3163 3677 3230 γὰρ,
3711 3164 3898 3232 φησὶν,
3926 3179 4028 3230 με.

796 3257 990 3324 inquit,
1017 3265 1164 3308 curat
1192 3271 1305 3323 qua:
1329 3262 1446 3307 sunt
1476 3253 1713 3315 Domini,
1748 3261 1803 3304 ut
1833 3252 1899 3304 sit
1939 3262 2125 3305 sancta
2151 3269 2364 3320 corpore

800 3357 847 3400 et
879 3349 1066 3415 spiritu
1095 3347 1136 3398 ⁸.
1169 3345 1221 3399 Si
1258 3360 1386 3399 vero
1427 3359 1626 3412 corpus
1675 3353 1923 3398 sanctum
1958 3353 2060 3408 est,
2108 3345 2253 3397 unde
2282 3354 2364 3398 est

803 3439 1047 3492 malum?
1078 3447 1132 3490 et
1174 3436 1317 3490 unde
1359 3445 1442 3489 est
1487 3450 1625 3503 opus
1672 3435 1968 3488 conditoris
2015 3436 2363 3490 mali?Mala:

799 3530 1014 3597 quidem
1049 3529 1309 3590 actiones,
1342 3542 1462 3594 qum
1511 3534 1812 3579 creaturam
1844 3525 1969 3578 boni
2017 3525 2110 3578 Dei
2149 3526 2363 3580 adulte-

799 3627 941 3683 rant,
999 3619 1273 3672 vindicant
1320 3617 1450 3670 illud
1499 3625 1553 3670 et
1610 3616 1899 3669 obnoxium
1952 3614 2156 3669 faciunt
2200 3619 2358 3672 malo.

797 3707 982 3771 Quoad
1014 3722 1142 3760 vero
1169 3706 1308 3758 intra
1350 3706 1495 3773 leges
1522 3704 1820 3758 conditoris
1859 3718 1917 3757 se
1946 3706 2208 3768 continet,
2243 3722 2360 3760 ma-

797 3799 877 3867 gis
927 3798 978 3850 id
1016 3797 1233 3865 quidem
1297 3797 1441 3849 valet
1490 3795 1557 3848 ad
1607 3796 2077 3850 averruncandum
2136 3797 2355 3862 malum,

796 3905 955 3958 quam
984 3889 1157 3942 malus
1184 3888 1249 3940 ad
1275 3887 1403 3940 illud
1435 3887 1534 3940 sibi
1567 3886 1984 3954 subjiciendum.

866 3979 932 4032 Χ.
975 3979 1128 4042 Quod
1171 3979 1352 4046 itaque
1385 3992 1486 4030 nec
1539 3977 1719 4030 dicere
1754 3993 1855 4031 nec
1902 3977 2108 4045 opinari
2151 3978 2232 4032 fas
2267 3980 2356 4041 sit,

796 4072 906 4126 duo
940 4086 1108 4138 eaque
1155 4070 1256 4124 sibi
1292 4069 1525 4122 invicem
1573 4069 1820 4138 opposita
1857 4068 2121 4138 principia
2151 4070 2264 4122 dari
2303 4071 2356 4123 in

798 4160 880 4221 iis,
929 4173 1156 4228 quorum
1207 4157 1458 4211 voluntas
1505 4156 1558 4209 in
1603 4172 1662 4211 se
1694 4156 1864 4211 libera
1911 4157 2184 4210 illecebris
2231 4159 2355 4211 mali

794 4265 901 4303 non
937 4250 1311 4318 subjectaest,
1343 4248 1559 4303 abunde
1588 4257 1720 4316 puto
1751 4249 2102 4316 disputatum.
2142 4248 2356 4317 Expen»

795 4341 986 4394 damus
1032 4356 1160 4393 vero
1193 4355 1342 4393 nunc
1386 4339 1614 4392 alterum
1645 4339 1955 4408 apostaticze
1985 4339 2242 4393 doctrina:
2266 4355 2356 4393 ca-

793 4442 909 4498 put,
944 4431 1084 4498 quod
1107 4431 1324 4499 quidem
1355 4430 1407 4483 in
1439 4430 1810 4498 superioribus
1836 4431 1997 4482 etiam
2025 4445 2128 4483 non
2162 4430 2354 4484 leviter

2458 3253 2642 3323 ριμνᾷ
2670 3255 2744 3308 τὰ
2790 3254 2898 3308 τοῦ
2946 3254 3182 3321 Κυρίου,
3224 3254 3323 3305 ἵνα
3359 3247 3401 3322 ᾖ
3445 3254 3582 3321 ἁγία
3642 3252 3740 3304 καὶ
3801 3254 4034 3320 σώματι

2465 3345 2566 3398 καὶ
2592 3346 2901 3413 πνεύματι.
2929 3345 2988 3397 Et
3015 3345 3071 3396 δὲ
3089 3343 3242 3410 ἆγιον
3268 3343 3329 3395 τὸ
3360 3343 3538 3412 σῶμα,
3568 3342 3731 3394 πόθεν
3759 3345 4029 3413 πονηρόνς

2466 3436 2560 3488 καὶ
2590 3435 2754 3488 πόθεν
2788 3434 2947 3505 ἔργον
2967 3434 3322 3503 δημιουργίας
3355 3435 3630 3502 πονηρᾶςς
3660 3435 3894 3504 Πράξεις
3933 3437 4031 3504 μὲν

2464 3527 2572 3594 γὰρ
2611 3527 2864 3594 πονηραὶ,
2900 3524 3314 3593 κιϐδηλεύουσαι
3354 3525 3414 3576 τὸ
3445 3525 3665 3594 πλάσμα
3695 3525 3788 3577 τοῦ
3822 3527 4029 3594 ἀγαθοῦ

2464 3615 2622 3679 Θεοῦ,
2657 3616 2945 3669 οἰκειοῦσιν
2977 3616 3108 3669 αὐτὸ
3142 3618 3234 3669 καὶ
3279 3617 3639 3669 ὑποτάττουσι
3665 3617 3741 3687 τῷ
3773 3620 4027 3689 Πονηρῷ.

2475 3708 2560 3760 Ἐν
2586 3708 2643 3760 δὲ
2674 3708 2788 3769 τοῖς
2817 3707 3000 3774 νόμοις
3033 3704 3126 3757 τοῦ
3161 3707 3395 3760 πλάστου
3424 3707 3846 3778 διατηρούμενον
3873 3713 4030 3780 ἰσχὺν

2462 3797 2574 3867 ἔχει
2618 3797 2818 3866 μᾶλλον
2865 3796 3079 3849 διώκειν
3110 3797 3198 3849 τὸν
3252 3798 3511 3867 Πονηρὸν,
3569 3799 3683 3850 ἀλλ’
3732 3800 3830 3853 οὐκ
3863 3802 4028 3865 αὐτὸς

2461 3890 2638 3941 ἐκεῖνο
2667 3887 3045 3955 δουλαγωγεῖν.

2531 3979 2587 4030 l’.
2634 3976 2794 4029 Ἀλλά
2822 3976 2929 4046 γὰρ
2957 3978 3037 4028 ὅτι
3068 3977 3165 4045 μὲν
3200 3977 3297 4046 οὺχ
3324 3975 3433 4030 οἷόν
3454 3979 3512 4030 τέ
3553 3981 3668 4031 ἐστι
3695 3978 3813 4032 οὔτε
3843 3980 4024 4049 λέγειν

2458 4067 2580 4120 οθτε
2621 4069 2841 4137 φρονεῖν
2887 4067 2979 4120 δύο
3011 4068 3105 4120 καὶ
3143 4068 3343 4129 ταύτας
3394 4070 3778 4139 ἀντικειμένας
3819 4073 4020 4142 ἀρχὰς,

2457 4150 2537 4217 οἷς
2559 4154 2620 4207 τὸ
2652 4154 2998 4219 αὐτεξούσιον
3029 4154 3327 4209 ἀδούλωτον
3364 4156 3517 4224 μένει
3546 4160 3656 4220 τοῖς
3692 4159 3890 4212 πάθεσι
3929 4163 4021 4214 τοῦ

2468 4244 2717 4313 Ἐχθροῦ,
2756 4245 3116 4315 ἀποχρώντως
3160 4242 3310 4314 οἶμαι
3372 4247 3461 4299 τὸν
3507 4248 3663 4316 λόγον
3709 4249 4022 4314 διεξελθεῖν.

2470 4336 2925 4404 Ἐπισκεψώμεθα
2973 4338 3030 4390 δὲ
3065 4337 3249 4390 καὶτὸ
3298 4337 3485 4408 ἕτερον
3540 4341 3637 4410 τῆς
3685 4344 4025 4407 ἀποστασίας

2460 4426 2644 4496 μέρος,
2670 4426 2698 4478 ὃ
2719 4427 2915 4478 δέδωκε
2951 4426 3050 4496 μὲν
3073 4427 3164 4479 καὶ
3195 4428 3324 4480 αὐτὸ
3352 4429 3441 4482 διά
3461 4431 3568 4482 τῶν
3608 4435 4025 4504 προειρημένων

793 4540 893 4577 nec
937 4522 1302 4591 perfunctorie
1337 4523 1437 4576 sub
1469 4536 1699 4575 examen
1730 4530 1978 4574 vocatum
2011 4530 2064 4574 et
2091 4521 2348 4574 condem-
2378 4495 2429 4552 D
2457 4541 2460 4563 ι

2378 4495 2429 4552 D
2457 4520 2515 4570 οὺ
2534 4495 2806 4589 μεμπτὰς
2828 4495 2981 4588 οἶμαι
3009 4520 3129 4572 οὐδὲ
3161 4520 3420 4589 βραχείας
3458 4523 3557 4585 τάς
3591 4495 3857 4588 εύίθύναςί.
3876 4529 4023 4598 Πλὴν

791 4623 976 4666 natum
1022 4623 1121 4665 est.
1158 4612 1262 4665 Sed
1303 4613 1388 4666 vel
1421 4613 1498 4666 sic
1546 4628 1610 4664 ex
1659 4611 1849 4665 eadem
1893 4610 2166 4678 Scriptura
2199 4626 2349 4664 sacra

790 4702 962 4754 eidem
1009 4702 1239 4756 ulterius
1295 4702 1636 4771 subjiciatur.
1690 4699 1919 4761 Paulus,
1953 4699 2044 4766 qui
2113 4699 2349 4767 seipsum

791 4792 900 4846 Deo
933 4794 1148 4862 penitus
1189 4793 1542 4855 consecravit,
1583 4792 1725 4846 clara
1767 4805 1900 4844 voce
1944 4790 2176 4843 clamat:
2207 4790 2347 4842 Num

859 4932 878 4961 ⁵
906 4930 922 4982 l
955 4930 1078 4986 Cor.
1117 4947 1193 4994 ut,
1227 4931 1313 4985 15.
1392 4929 1456 4982 ⁸1
1485 4930 1611 4984 Cor.
1645 4945 1742 4993 vn,
1776 4929 1866 4983 34.

2457 4609 2552 4660 καὶ
2583 4607 2679 4660 νῦν
2708 4608 2794 4660 διὰ
2829 4609 2926 4677 τῆς
2983 4611 3152 4678 αὐτῆς
3195 4611 3495 4679 ίερολογίας
3540 4613 3877 4668 ἀπαιτείσθω
3927 4620 4023 4670 καὶ

2457 4699 2553 4759 τὰς
2581 4696 2925 4765 λειπομένας.
2960 4697 3169 4759 Παῦλος
3204 4700 3232 4750 ό
3270 4699 3389 4750 καθ’
3417 4699 3651 4767 ἑκάστην
3686 4703 3878 4757 ἑαυτὸν
3906 4706 4020 4774 ἱερ-

2455 4787 2666 4858 ουργῶν
2694 4786 2772 4857 τῷ
2797 4786 2915 4856 Θεῷ
2944 4787 3237 4858 διαπρυσίᾳ
3265 4789 3362 4859 βοᾷ
3391 4793 3456 4859 τῇ
3491 4795 3639 4862 φωνῇ
3664 4808 3676 4821 ο
3730 4792 3826 4863 Μὴ
3868 4800 4019 4853 κατὰ

1896 4995 2129 5051 ἾΑΠΙᾹΞ
2173 4995 2547 5054 LECTIONES
2585 4996 2674 5050 ET
2712 4995 2942 5050 ΝΟΤᾸΞ.

856 5089 968 5158 (55)
1011 5088 1163 5156 Πρὸς
1202 5088 1308 5140 τὸν
1337 5086 1534 5141 Βυθὸν
1582 5086 1924 5158 καὶίτὴνγΣι

789 5156 894 5214 duo
919 5156 986 5212 ex
1020 5159 1234 5228 triginta
1255 5159 1660 5228 aeonihusquos
1688 5157 1960 5228 fingebant
1983 5156 2346 5228 valentiniani

788 5239 841 5282 ct
871 5245 966 5296 pro
1012 5227 1115 5282 diis
1143 5228 1412 5280 habebant
1461 5245 1473 5278 :
1507 5227 1647 5280 inter
1676 5243 1768 5280 eos
1797 5227 1937 5278 enim
1971 5227 2206 5295 primum
2239 5230 2339 5281 ob-

790 5299 1032 5351 tinebant
1081 5298 1278 5354 locum,
1311 5297 1381 5347 ita
1422 5305 1482 5348 ut
1513 5296 1686 5363 prima
1719 5296 1945 5364 συζυγία
1979 5297 2046 5349 ab
2086 5296 2220 5364 ipsis
2251 5311 2345 5349 vo-

792 5378 1064 5430 carentur,
1091 5366 1168 5435 τῷ
1196 5365 1368 5435 Βυθῷ,
1387 5367 1498 5418 sive
1520 5365 1805 5435 Profunda,
1825 5363 2019 5429 Patris;
2047 5363 2174 5434 Σιγῇ
2194 5381 2339 5430 vero,

787 5452 881 5490 seu
924 5433 1166 5500 Silentio,
1204 5433 1390 5487 Matris
1439 5449 1634 5488 nomen
1672 5434 1898 5487 ferente.
1951 5435 2081 5489 \‘ide
2120 5436 2257 5488 hanc
2288 5436 2343 5488 in

787 5522 899 5558 rem
928 5506 1208 5568 Irenteum,
1244 5506 1336 5556 lih.
1365 5519 1399 5564 ι,
1420 5506 1512 5556 ο.1
1549 5514 1599 5556 ct
1629 5506 1693 5566 5;
1727 5515 1779 5556 et
1801 5505 1932 5557 alios
1958 5520 2020 5556 ex
2051 5506 2339 5568 veteribus,

788 5591 922 5642 quos
941 5574 1281 5628 laudatJoan.
1301 5573 1534 5641 Baptista
1551 5575 1869 5634 Cotelerius,
1892 5574 1942 5625 in
1959 5574 2108 5626 Notis
2124 5574 2187 5626 ad
2207 5584 2336 5629 tom.

786 5643 806 5694 ι
841 5645 1282 5696 Monumentorum
1324 5642 1566 5695 Ecclesia:
1611 5643 1822 5704 Graece,
1856 5660 1906 5710 p.
1939 5644 2039 5695 767
2067 5661 2079 5704 ;
2117 5659 2177 5696 ac
2211 5643 2342 5696 Gui-

786 5712 949 5767 lielm.
985 5714 1289 5780 Spencerus
1312 5713 1374 5763 ad
1397 5713 1682 5781 Origenem
1706 5713 1894 5766 Contra
1919 5713 2137 5771 Celsum.
2169 5729 2219 5781 p.
2243 5714 2336 5773 78;

787 5797 851 5836 ex
873 5784 1261 5838 I’CCCllllOl‘lbUS
1286 5797 1410 5835 vero
1431 5781 1705 5836 Nicolaum
1731 5781 1801 5835 Le
1832 5781 2060 5851 Nourry,
2095 5783 2143 5833 in
2172 5789 2340 5850 Appa-

1933 5087 2064 5155 γῆν.
2099 5089 2263 5141 Erant
2294 5088 2347 5142 hi

2446 5091 2657 5160 raturad
2681 5089 2929 5143 Biblioth.
2965 5092 3256 5143 Maximam
3319 5101 3517 5157 atrum,
3550 5103 3680 5148 tom.
3708 5095 3774 5157 ll,
3805 5096 3939 5150 diss.
3971 5114 4010 5160 ι,

2445 5174 2498 5280 ρ.
2539 5159 2606 5210 77
2658 5174 2808 5282 seqq.
2860 5160 2963 5212 Per
3019 5162 3213 5214 horum
3245 5176 3375 5215 vero
3434 5159 4012 5220 commemorationem

2463 5243 2547 5282 lOC
2595 5229 2713 5282 loco
2787 5237 2960 5282 actam
3020 5229 3200 5282 innuit
3253 5230 3469 5282 Noster.
3514 5233 3596 5282 vel
3644 5233 4009 5282 Paulicianos-

2463 5243 2547 5282 lOC
2595 5229 2713 5282 loco
2765 5229 2960 5283 factam
3020 5229 3200 5283 innuit
3253 5230 3469 5296 Noster,
3514 5233 3596 5287 vel
3644 5233 4010 5296 Paulicianos.

2443 5307 2628 5350 contra
2659 5313 2794 5367 quos
2819 5298 3077 5365 disputat,
3129 5301 3241 5353 hzec
3279 5303 3500 5356 nomina
3548 5319 3574 5355 a
3615 5302 4012 5358 Valentinianis

2440 5367 2746 5441 adoptasse,
2768 5369 2850 5421 vel
2868 5369 3166 5441 comparari
3196 5369 3302 5422 duo
3328 5371 3564 5438 ipsorum
3594 5373 3858 5441 principia
3881 5390 4008 5428 eum

2443 5435 2528 5508 his
2558 5437 2769 5508 illorum
2829 5438 3091 5508 monibus
3125 5453 3304 5506 posse,
3349 5435 3810 5508 quemadmodum
3847 5454 3902 5496 et
3954 5445 4009 5498 in

2441 5505 2558 5573 aliis
2590 5507 2858 5573 capitibus
2907 5507 3028 5558 illos
3085 5505 3388 5561 imitentur;
3433 5511 3630 5565 Confer
3663 5511 3805 5566 Petri
3834 5513 4009 5568 Siculi

2440 5572 2814 5628 Narrationem
2845 5578 2906 5645 de
2931 5576 3246 5639 Municha‘is,
3284 5594 3336 5645 p.
3361 5579 3449 5630 4‘2.

2510 5646 2621 5719 (ὅθ)
2663 5647 2815 5698 Εἴτε.
2849 5644 2923 5719 Ita
2974 5646 3164 5714 scripsi
3190 5644 3297 5714 pro,
3323 5649 3436 5716 ἤτε,
3472 5651 3616 5718 quod
3653 5666 3750 5719 per
3797 5651 4008 5706 librarii

2440 5717 2693 5767 mendum
2731 5726 2848 5768 erat
2889 5716 2942 5766 in
2971 5731 3070 5768 ms.

2515 5786 2626 5853 (57)
2680 5785 2758 5836 '0.
2805 5787 2891 5839 Sic
2931 5785 3045 5853 lego
3082 5801 3176 5854 pro
3212 5788 3290 5852 τό,
3327 5789 3469 5856 quod
3510 5789 3741 5843 habebat
3765 5805 3870 5845 ms.
