4222 6432
212 437 309 509 ιιι

1234 433 1531 497 CONTRA
1572 431 2033 495 MANICHIEOS
2056 432 2285 496 LIBER
2314 434 2431 497 III.

3355 434 3459 503 il!

210 562 528 626 (tr-Opust»-
561 549 747 609 ταῦτα
776 549 973 617 ,ιαλιῗη
1000 551 1039 621 ἢ
1061 550 1198 621 οὐχι
1226 549 1325 605 καὶ
1345 550 1379 606 ό
1394 550 1578 619 νόμος
1600 545 1786 601 ταῦτα
1813 538 1863 601 Δ

1813 538 1863 601 Δ
1887 545 2168 599 secundum
2208 548 2468 602 hominem
2510 548 2618 605 hec
2656 545 2875 619 loquor?
2902 550 2979 604 vel
3008 566 3177 605 nonne
3203 550 3377 622 potius
3407 568 3456 612 rt

208 650 411 717 λέγεις
446 649 512 701 ⁸ο
534 648 648 701 ἴσον
675 646 792 700 ἔστι
809 660 824 675 ⁸
859 646 951 713 Μὴ
975 644 1255 715 λογισμοῖς
1283 639 1586 711 ἀνθρώπων
1614 641 1796 707 ἀσφα-

212 741 437 811 λίζομεν
460 741 523 793 τὸ
553 740 740 811 ῥηθὲν,
775 739 809 809 ἢ
846 737 969 808 οὐχὶ
1016 734 1112 790 καὶ
1160 736 1313 799 θείας
1355 728 1476 789 ἐστὶ
1514 735 1610 788 καὶ
1652 733 1795 803 ὑπὲρ

212 834 504 903 ἄνθρωπον
546 827 871 901 νομοθεσίας
917 828 980 883 τὸ
1032 826 1487 900 προτεινόμενονζ
1546 828 1658 882 Καὶ
1708 820 1793 890 τῖς

211 926 388 979 ταῦτα
437 924 804 995 τεθεώρηκεν,
837 921 998 987 αὐτὸς
1052 923 1377 993 σαφηνίζει·
1443 922 1547 977 Ἐν
1577 922 1688 993 γὰρ
1712 915 1793 986 τῷ

214 1018 477 1082 Μωσέως
493 1014 655 1085 νόμῳ
680 1012 1022 1085 γέγραπται,
1046 1016 1201 1086 φησι,
1224 1016 1306 1069 οὐ
1332 1012 1794 1085 φιμώσεις-βοῦν

214 1109 521 1165 ἀλοῶντα.
555 1105 662 1163 Καὶ
707 1104 880 1163 ταῦτα
937 1103 1110 1163 εἰπὼν
1165 1104 1452 1182 επιφέρειο
1517 1109 1615 1177 Μὴ
1675 1108 1794 1163 τῶν

210 1200 382 1265 ,ϐοῶν
398 1197 569 1269 μέλει
594 1198 674 1264 τῷ
700 1198 823 1265 Θεῷ
842 1216 860 1263 ;
881 1199 1056 1253 Τίνων
1078 1200 1135 1252 δὲ
1166 1192 1368 1269 μᾶλλον
1388 1199 1562 1268 μέλει,
1580 1191 1794 1261 δεικνὺς

216 1293 415 1361 ἐπάγει
435 1312 449 1324 -
481 1289 560 1347 Δι’
588 1288 746 1362 ἡμᾶς
772 1294 881 1362 γὰρ
914 1293 1151 1359 πάντως
1180 1292 1360 1361 λέγει,
1395 1292 1498 1346 καὶ
1534 1286 1610 1345 δι’
1635 1291 1793 1361 ἡμᾶς

215 1383 467 1453 ἐγράφη.
526 1386 686 1436 Ὥστε
727 1380 904 1436 κοινὸν
956 1384 1013 1437 τὸ
1070 1384 1246 1454 δόγμα
1276 1385 1336 1438 τὸ
1371 1385 1428 1438 ὲν
1456 1381 1525 1455 τῇ
1580 1384 1795 1454 Παλαιᾷ

214 1476 494 1530 διαϐαῖνον
528 1477 622 1529 καὶ
644 1475 1062 1544 πολιτευόμενον
1090 1476 1183 1528 καὶ
1218 1479 1276 1529 ἐν
1306 1478 1372 1545 τῇ
1405 1476 1616 1546 χάριτι.
1654 1472 1788 1529 Εἶτα

213 1568 315 1639 τὴν
339 1565 577 1640 φυσικὴν
612 1562 907 1637 ὁμοιότητα
946 1568 1083 1637 πρὸς
1132 1568 1224 1621 τὸν
1258 1568 1475 1638 Πατέρα
1526 1564 1620 1621 τοῦ
1659 1561 1791 1622 Υἱοῦ

214 1662 314 1713 καὶ
341 1660 404 1714 τὺ
432 1658 850 1731 ἀπαράλλακτον
882 1652 1163 1730 ὑπώηλῶν
1191 1660 1256 1712 tu
1282 1656 1382 1729 τῆς
1419 1660 1527 1712 τῶν
1562 1654 1791 1726 νομοθε-

212 1752 495 1820 τηθέντων
547 1746 868 1822 ὁμοιότητος
890 1793 906 1817 ,
944 1748 1195 1819 Ὠσπερ,
1247 1750 1381 1820 φησὶ
1402 1792 1417 1816 ,
1452 1745 1791 1819 προσετάτη

214 1842 362 1907 τοὺς
410 1841 493 1907 τῷ
530 1842 941 1910 θυσιαστηρίῳ
992 1836 1512 1909 προσεδρεύοντας
1560 1834 1641 1904 τῷ
1687 1841 1792 1892 θυ-

214 1934 551 2001 σιαστηρίῳ
598 1928 1094 2002 συμμεριζεσθαι·
1154 1932 1307 1987 οὕτω
1362 1934 1460 1986 καὶ
1495 1936 1528 1986 ό
1580 1930 1793 2000 Κύριος

215 2026 595 2093 προσέταξεν
625 2026 767 2090 τοὺς
788 2025 853 2079 τὸ
876 2026 1243 2094 Εὑαγγέλιον
1271 2024 1791 2093 κατατγέλλοντας

214 2114 285 2167 ἐκ
332 2116 440 2169 τοῦ
474 2116 845 2183 εὐαγγελίου
875 2114 1001 2181 ζῇν,
1048 2115 1303 2167 τοσοῦτον
1344 2115 1553 2185 ἐπάρας
1582 2114 1675 2167 τὸν
1706 2113 1791 2166 νό-

1889 639 1975 693 lea:
2025 640 2128 692 ista
2196 643 2395 711 profert
2424 642 2483 695 't
2515 642 2671 707 Quod
2711 642 2853 697 idem
2889 653 2974 699 est
3014 660 3079 700 ac
3125 643 3171 700 si
3216 644 3455 703 diceret:

1888 729 2027 784 Num
2068 727 2368 787 ratiociniis
2411 733 2693 789 hominum
2736 736 2878 790 dicta
2915 734 3321 807 conﬁrmamus,
3354 756 3459 795 nec

1887 824 2066 893 potius
2097 821 2436 895 propositum
2466 835 2843 897 argumentum
2870 828 3067 883 divinae
3089 840 3143 885 ct
3171 829 3455 902 plusquam

1887 919 2136 973 humanae
2166 917 2299 989 legis
2347 920 2463 973 est?
2491 919 2623 985 Quis
2652 936 2780 975 vero
2811 921 2897 974 illa
2927 923 3300 985 constituerit,
3338 922 3456 994 ipse

1884 1010 2127 1080 exponit,
2176 1012 2240 1065 In
2295 1011 2457 1064 Mosis
2508 1011 2645 1065 enim
2696 1010 2827 1082 iege,
2874 1012 3147 1082 inquiens,
3204 1014 3457 1083 scriptum

1883 1113 1959 1157 est
1996 1118 2014 1156 :
2056 1100 2178 1156 Non
2224 1104 2491 1157 obturabis
2530 1121 2583 1158 os
2619 1104 2733 1158 bovi
2765 1104 3039 1159 trituranti
3074 1108 3117 1162 ⁸.
3153 1103 3279 1163 Haec
3327 1124 3457 1162 vero

1883 1192 2120 1249 aﬂerens
2174 1192 2456 1265 subiungit
2490 1216 2503 1250 :
2537 1191 2679 1250 Nunt
2737 1199 2883 1252 boves
2932 1215 3070 1252 cura:
3128 1210 3248 1253 sunt
3303 1200 3458 1254 Deo?

1884 1284 2126 1351 Quorum
2182 1305 2315 1343 vero
2372 1291 2651 1359 potiorem
2704 1308 2890 1346 curam
2936 1302 3093 1363 agat.
3136 1303 3459 1347 ostensurus

1886 1381 2039 1435 addit
2068 1398 2079 1434 :
2114 1382 2335 1451 Propter
2384 1400 2476 1437 nos
2521 1386 2732 1437 omnino
2770 1382 2824 1438 id
2864 1386 3009 1449 dicit,
3043 1394 3092 1438 et
3122 1396 3331 1454 propter
3366 1402 3457 1439 nos

1886 1477 2139 1542 scriptum
2175 1486 2269 1531 est.
2301 1476 2486 1547 Itaque
2516 1480 2822 1533 communis
2856 1480 3103 1535 doctrina
3129 1490 3230 1546 est,
3261 1499 3382 1552 qua:
3405 1491 3460 1537 et

1883 1566 1939 1621 in
1971 1563 2166 1623 Vetere
2194 1558 2397 1631 ‘valuit,
2420 1577 2475 1623 et
2519 1566 2575 1622 in
2623 1564 2772 1623 Novo
2820 1570 3057 1624 obtinuit
3085 1572 3456 1628 Testamento.

1883 1656 2098 1723 Postea,
2133 1660 2461 1723 naturalem,
2490 1676 2610 1728 quae
2636 1658 2778 1714 inter
2808 1662 3019 1715 Patrem
3046 1672 3100 1716 et
3127 1660 3324 1717 Filium
3355 1675 3458 1727 est,

1882 1740 2291 1799 similitudinem
2335 1756 2391 1801 et
2434 1743 2926 1803 imtnutabilitatem
2980 1767 3045 1804 ex
3102 1750 3459 1807 similitudine

1881 1833 2059 1903 legum
2091 1836 2346 1905 utrinque
2377 1837 2608 1891 latarum
2655 1834 3027 1907 subindicans,
3062 1840 3231 1907 Sicut,
3263 1845 3457 1913 inquit,

1880 1936 2195 1992 pra'ceptum
2226 1936 2319 1989 est,
2355 1936 2431 1989 ut,
2456 1929 2545 1995 qui
2575 1928 2739 1982 altari
2762 1930 3013 1995 serviunt,
3058 1931 3251 1985 altaris
3299 1935 3460 1986 etiam

1880 2011 2011 2080 ﬁant
2064 2014 2381 2083 participes;
2426 2012 2502 2067 ita
2547 2024 2595 2068 et
2626 2015 2883 2071 Dominus
2930 2020 3196 2088 pra-cepit,
3248 2032 3323 2087 ut,
3373 2025 3462 2087 qui

1886 2098 2232 2175 Evangelium
2281 2108 2595 2175 praedicant,
2631 2124 2696 2161 ea:
2744 2108 3033 2181 Evangelia
3080 2110 3257 2166 vivant
3290 2116 3349 2179 νς
3386 2114 3461 2167 le-

218 2224 345 2276 μον,
385 2208 483 2259 ᾰτε
514 2207 580 2275 δὴ
605 2205 699 2259 τοῦ
725 2202 937 2277 Πατρδς
968 2206 1117 2271 ὄντα,
1147 2206 1223 2271 ὡς
1252 2208 1347 2259 καὶ
1378 2207 1470 2260 τὸν
1497 2206 1626 2261 Υῑδν
1652 2206 1790 2260 κατὰ
1821 2187 1863 2242 Β
1893 2211 2030 2264 εθιη.
2082 2206 2337 2266 tanquam
2368 2214 2396 2252 ³
2429 2193 2586 2253 Patre
2633 2200 2954 2269 Ρτοίοοῐίιῐην
2990 2200 3127 2257 adeo
3174 2205 3458 2269 8110118118,

217 2299 456 2368 μίμησιν
496 2296 705 2350 ἐκείνου
767 2298 837 2352 τὰ
890 2298 1288 2369 προστάγματα
1338 2297 1622 2369 προάγειν.
1679 2297 1791 2366 Τὴν

217 2391 520 2459 συνάφειαν
545 2390 602 2443 δι
636 2388 799 2443 πάλιν
846 2390 942 2443 καὶ
988 2390 1308 2459 συγγένειαν
1356 2390 1451 2443 τοῦ
1480 2389 1646 2459 νόμου
1696 2389 1790 2442 καὶ

214 2483 315 2552 τῆς
350 2484 574 2552 χάριτος
606 2483 699 2534 ἐπὶ
727 2476 887 2535 πλέον
930 2482 1293 2552 τρανολογῶν,
1327 2482 1410 2535 Οὐ
1457 2482 1611 2534 θέλω
1636 2475 1792 2548 ὑμᾶς

216 2570 485 2643 ἀγνοεῖν,
532 2574 718 2642 φησιν,
769 2572 1043 2642 ἀδελφοὶ,
1080 2571 1167 2627 ὅτι
1216 2573 1272 2627 οι
1322 2567 1574 2640 πατέρες
1623 2570 1793 2639 ἡμῶν

217 2665 443 2729 πάντες
471 2666 589 2718 ὑπὸ
629 2663 742 2731 τὴν
772 2663 1037 2733 νεφέλην
1074 2660 1255 2733 ἦσαν,
1291 2663 1388 2717 και
1427 2660 1648 2727 πάντες
1695 2660 1794 2714 διὰ

218 2756 333 2821 τῆς
363 2754 686 2820 θαλάσσης
710 2753 983 2823 διῆλθον,
998 2754 1095 2807 καὶ
1118 2756 1339 2820 πάντες
1365 2755 1453 2819 εις
1498 2752 1605 2805 τόν
1628 2754 1795 2805 Μωῦ-

217 2846 350 2913 σῆν
372 2836 846 2913 ἐϐαπτίσθησαῆ
876 2846 948 2899 ἐν
969 2845 1042 2914 τῇ
1072 2846 1298 2915 νεφέλῃ
1337 2846 1435 2899 καὶ
1468 2845 1539 2898 ἐν
1579 2837 1653 2911 τῇ
1687 2845 1792 2897 θα-

218 2938 460 3005 λάσσῃ,
490 2938 586 2991 καὶ
618 2938 839 3004 πάντες
867 2937 932 2991 τὸ
965 2936 1111 2993 αὐτὸ
1143 2935 1355 3007 ,βρῶμα
1389 2936 1793 3007 πνευματικὸν

221 3029 479 3098 ἔρανον,
518 3028 617 3082 καὶ
642 3028 863 3095 πάντες
896 3029 961 3081 τὸ
990 3028 1139 3082 αὐτὸ
1188 3030 1350 3099 πόμα
1389 3026 1794 3097 πνευματικὸν

222 3119 421 3173 ἔπιον.
456 3121 556 3183 Δός
583 3137 675 3189 μοι
705 3120 888 3173 λοιπὸν
917 3119 1150 3173 ἐνταῦθα
1177 3121 1237 3173 τὺ
1268 3119 1367 3173 οὐκ
1389 3118 1670 3188 ἐλεύθερον
1695 3118 1792 3187 τῆς

224 3206 490 3280 βακχείας
550 3209 642 3262 τοῦ
702 3207 956 3280 Ἑχθροῦ·
1000 3210 1252 3264 Ἔπινον
1307 3204 1443 3280 γὰρ,
1481 3210 1663 3277 φησιν,
1724 3205 1793 3261 ἐκ

223 3298 644 3367 πνευματικῆς
671 3297 1127 3364 ἀκολουθούσης
1152 3297 1390 3365 πέτρας,
1435 3296 1509 3352 Ἠ
1528 3298 1596 3350 δὲ
1612 3297 1795 3364 πέτρα

224 3388 305 3461 ἦν
343 3396 375 3446 ό
405 3392 680 3458 Χριστός.
724 3389 992 3455 Ἀκούεις,
1034 3389 1181 3450 ὅπως
1211 3392 1239 3442 6
1266 3388 1501 3459 Χριστὸς
1554 3386 1644 3439 τδν
1686 3402 1793 3438 12a-

1896 2294 1955 2340 ut
1980 2285 2173 2341 Filium
2202 2288 2268 2342 ad
2302 2289 2611 2359 exemplum
2635 2290 2755 2359 ejus
2787 2302 3056 2362 praecepta
3086 2308 3182 2348 sua
3208 2296 3463 2351 statuisse

1894 2376 2109 2431 innuat.
2151 2378 2297 2433 Idem
2353 2395 2483 2435 vero
2534 2377 2933 2437 connexio’nem
2978 2393 3034 2438 et
3083 2386 3464 2456 cognationem

1894 2467 2030 2539 legis
2056 2478 2113 2524 et
2142 2471 2327 2539 gratia:
2360 2471 2539 2533 adhuc
2568 2475 2739 2542 magis
2765 2474 3114 2542 expositurus
3148 2491 3162 2528 :
3193 2474 3329 2529 Nolo
3351 2494 3461 2540 vos,

1893 2561 2089 2631 inquit,
2120 2564 2388 2633 ignorare,
2424 2566 2635 2635 fratres,
2688 2566 2825 2635 quod
2852 2577 3028 2634 patres
3078 2570 3243 2621 nostri
3285 2586 3462 2623 omnes

1892 2651 1986 2707 sub
2020 2652 2150 2707 nube
2203 2665 2375 2720 erant,
2412 2665 2459 2709 et
2493 2673 2667 2710 omnes
2714 2675 2806 2725 per
2840 2676 2984 2712 mare
3037 2660 3379 2728 transierunt,
3414 2671 3463 2716 et

1894 2730 2069 2801 omnes
2099 2748 2153 2800 in
2196 2746 2372 2800 Mosen
2403 2748 2656 2815 baptizati
2692 2760 2831 2811 sunt.
2873 2752 2928 2803 in
2974 2748 3105 2805 nube
3137 2762 3184 2806 et
3220 2755 3382 2819 mari,
3413 2764 3463 2809 et

1896 2853 2075 2891 omnes
2105 2839 2343 2891 eumdem
2374 2837 2543 2891 cibum
2572 2838 2904 2906 spiritualem
2938 2843 3175 2907 ederunt,
3212 2853 3259 2896 et
3288 2861 3464 2899 omnes

1894 2925 2135 2979 eumdem
2186 2936 2365 2993 potum
2414 2923 2746 2993 spiritualem
2816 2926 3052 2981 biberunt
3105 2927 3169 2983 ".
3224 2928 3465 2984 Ostende

1898 3016 2036 3071 mihi
2076 3015 2166 3070 hic
2222 3027 2564 3071 momentum
2614 3016 2699 3071 vel
2729 3014 2947 3071 unicum
3003 3019 3147 3087 quod
3194 3036 3303 3074 non
3358 3021 3463 3074 im-

1895 3122 2061 3162 mune
2089 3106 2161 3162 sit
2191 3123 2221 3163 a
2253 3108 2471 3163 furente
2501 3108 2674 3163 hostis
2698 3117 2965 3178 potestate
2990 3129 3001 3163 :
3026 3108 3277 3164 Biberunt
3304 3112 3462 3177 enim,

1896 3201 2091 3271 inquit,
2136 3217 2198 3255 ea:
2227 3200 2515 3270 spirituali,
2565 3216 2681 3270 qua
2724 3202 3055 3271 sequebatur,
3096 3213 3462 3273 petra:petra

1894 3303 2073 3345 autem
2093 3302 2205 3345 erat
2224 3293 2458 3347 Christus
2484 3290 2545 3346 ἰ.
2568 3294 2809 3347 Audisne
2831 3296 3102 3362 quomodo
3119 3294 3277 3349 Pater
3297 3296 3462 3351 Israel

1893 3380 2111 3438 duxerit
2146 3382 2212 3438 ad
2243 3384 2450 3437 cultum
2496 3380 2617 3437 Filii
2649 3384 2732 3437 sui
2769 3394 2823 3437 et
2877 3385 3329 3439 conversionem?
3359 3385 3463 3440 Per

224 3482 414 3552 τρικδν
468 3480 683 3544 ὲπότιζε
728 3479 877 3543 λαὸν,
916 3479 1009 3532 καὶ
1042 3480 1158 3541 πῶς
1187 3480 1214 3531 6
1248 3478 1436 3548 Πατὴρ
1468 3474 1665 3546 ὼδήγει
1700 3472 1794 3570 τὸν
1817 3509 1864 3570 C

1817 3509 1864 3570 C
1896 3491 2033 3545 quos
2062 3486 2243 3530 autem
2276 3475 2409 3530 alios
2435 3477 2535 3530 nisi
2571 3492 2666 3545 per
2696 3477 2879 3531 Mosen
2911 3488 2965 3531 et
2989 3478 3326 3547 prophetas?
3360 3478 3461 3533 Ubi

238 3572 461 3643 Ἰσραὴλ
488 3574 567 3634 εἰς
599 3572 698 3640 τὴν
728 3570 821 3623 τοῦ
853 3571 984 3623 Υἱοῦ
1015 3567 1269 3637 λατρείαν
1297 3572 1389 3621 καὶ
1421 3566 1791 3638 ὲπιστροφήν;

225 3665 325 3716 Διὰ.
356 3664 542 3724 τίνων,
571 3662 603 3731 ἢ
631 3662 791 3731 δῆλον
825 3664 906 3713 ὅτι
936 3662 1022 3714 διὰ
1045 3662 1287 3723 Μωσέως
1323 3661 1416 3712 καὶ
1441 3660 1549 3711 τῶν
1577 3676 1793 3728 προφη-

225 3754 371 3818 τῶνς
407 3750 517 3804 Ποῦ
550 3750 641 3805 οὖν
671 3748 905 3805 ἐνταῦθα
937 3750 1258 3821 ὁῐιονηρός;
1289 3745 1393 3801 ποῦ
1422 3748 1520 3819 τῆς
1552 3750 1793 3818 πονηρᾶς

225 3845 408 3915 ἀρχῆς
439 3844 499 3896 τὸ
522 3844 715 3912 ἐργονς
750 3844 853 3895 ποῦ
886 3843 936 3895 οἱ
963 3844 1115 3912 νόμοι.
1150 3841 1247 3912 τῆς
1268 3842 1647 3911 ἀντικειμένης
1674 3839 1795 3910 μοι·

227 3954 328 4006 ρας
355 3952 368 3999 ;
406 3935 499 3988 τοῦ
529 3937 825 3989 Μωσαῐκοῦ
854 3935 1009 3998 λαοῦ,
1037 3935 1130 3987 καὶ
1160 3932 1514 4004 πνευματικῷ
1546 3931 1793 4004 βρώματι

225 4028 585 4097 τρεφομένων
615 4027 709 4078 καὶ
742 4026 1112 4092 πνευματικοῦ
1158 4025 1399 4095 πόματος
1439 4022 1701 4077 πινόντων
1732 4025 1794 4075 ἐκ

224 4120 327 4188 τῆς
368 4116 636 4183 συνούσης
678 4131 737 4166 τε
784 4115 879 4166 καὶ
920 4114 1191 4183 ἑπομένης
1240 4113 1464 4183 πέτρας,
1505 4114 1625 4182 ἥτις
1655 4104 1723 4181 ἦν
1767 4110 1795 4163 ό

228 4209 501 4279 Χριστός;
539 4202 671 4259 Εἶτα
716 4206 880 4257 πάλιν
923 4206 951 4257 6
990 4204 1303 4274 νομομαθὴς
1333 4197 1485 4266 οὗτος
1533 4203 1671 4273 ἀνὴρ
1702 4204 1797 4255 καὶ

226 4302 296 4353 τὰ
324 4298 495 4367 κέρδη
530 4298 728 4360 πάντα,
758 4288 837 4358 οἷς
867 4293 1193 4363 ἐσεμνύνετο
1234 4295 1517 4365 πρότερον,
1551 4293 1798 4347 σκύϐαλα

225 4389 531 4460 ἡγούμενος
568 4388 657 4440 διὰ
702 4387 793 4438 τὸν
839 4385 1110 4455 Χριστὸν,
1155 4385 1319 4452 Μηδὲ
1369 4385 1797 4453 ἐκπειράζωμεν

225 4480 335 4533 τὸν
356 4479 637 4548 Χριστὸν,
670 4478 822 4547 φησι,
878 4476 1072 4541 καθὼς
1102 4477 1201 4529 καί
1230 4494 1387 4542 τινες
1408 4476 1605 4529 αὐτῶν
1635 4476 1796 4529 ἐπεί-

220 4581 450 4634 ρασαν.
481 4565 657 4627 Τίνες,
683 4564 715 4634 ἢ
740 4565 898 4633 δῆλον
929 4567 1009 4617 ὅτι
1030 4568 1058 4617 6
1095 4563 1476 4635 Ἰσραηλιτικὸς
1505 4565 1661 4631 λαόςς
1691 4568 1797 4617 Καὶ

228 4658 355 4710 τινα
383 4656 454 4710 τὰ
487 4657 738 4725 ἐπίχειρα
764 4673 778 4719 ;
814 4655 952 4708 ’Υπδ
975 4656 1082 4707 τῶν
1109 4658 1284 4724 δφεων
1305 4656 1601 4709 ἀπώλοντο.
1634 4656 1795 4709 Ὥστε

232 4750 658 4817 ὲκπειράζοντες
680 4749 770 4799 τὸν
795 4748 851 4799 ὲν
878 4747 956 4818 τῷ
990 4750 1137 4817 νόμῳ
1168 4749 1321 4811 Θεὸν,
1353 4748 1441 4801 διὰ
1468 4749 1561 4801 τοῦ
1589 4748 1797 4819 Πατρὸς

232 4840 531 4911 ἐπείραζον
564 4841 656 4892 καὶ
681 4840 773 4891 τὸν
800 4840 927 4891 Υῑὸν
952 4839 1117 4892 αὑτοῦ
1146 4841 1235 4892 τὸν
1272 4841 1474 4910 Κύριον
1499 4841 1655 4910 ἡμῶν
1688 4840 1794 4910 Ἰη-
1826 4830 1872 4885 Ῑ)

232 4930 362 4981 σοῦν
421 4930 675 4999 Χριστόν.
730 4929 1017 4999 Ἐπείραξε
1075 4929 1174 4999 μὶν
1212 4931 1319 4999 γὰρ
1366 4931 1394 4982 ό
1456 4930 1797 5001 ἰσραηλῑτης

230 5020 359 5082 λαὸς
391 5019 485 5071 τὸν
507 5018 802 5090 νομοθέτην
830 5018 1017 5083 αὑτοῦ,
1048 5019 1289 5089 ἄτμητον
1308 5020 1363 5071 δὲ
1394 5019 1491 5089 τὴν
1523 5020 1799 5089 βασιλείαν

232 5111 328 5163 καὶ
360 5112 638 5181 ἄρρηκτον
669 5109 763 5162 τοῦ
808 5111 1016 5179 Πατρὸς
1072 5111 1165 5163 καὶ
1202 5111 1295 5163 τοῦ
1334 5111 1460 5163 Υἱοῦ
1501 5112 1530 5163 6
1594 5112 1803 5181 μύστης

237 5206 332 5255 καὶ
377 5201 740 5268 μυσταγωγὸς
778 5202 886 5253 τῶν
917 5202 1269 5273 ἀπορρήτων,
1305 5201 1462 5265 εἰδὼς
1486 5203 1543 5254 ὲν
1575 5202 1652 5273 τῷ
1684 5220 1803 5255 πει-

234 5296 500 5365 ράζεσθαι
529 5295 618 5347 τὸν
648 5294 741 5346 τοῦ
772 5294 978 5360 ἀγαθοῦ
1036 5298 1231 5358 Παιδὸς
1272 5298 1491 5366 Πατέρα
1526 5298 1676 5360 Θεὸν,
1711 5298 1802 5350 καὶ

232 5386 325 5436 τὸν
370 5384 607 5452 Χριστὸν
656 5384 1011 5449 πειράζεσθαι
1061 5385 1401 5439 διατείνεται.
1448 5386 1534 5447 Ὠς
1594 5388 1650 5437 ὲν
1702 5404 1798 5438 πο-

236 5476 505 5546 ρίσματος
543 5476 793 5545 ὁὶ“μοίρᾳ
828 5476 1137 5538 ἐπισκόπει,
1159 5478 1239 5528 ὅτι
1269 5480 1360 5529 καὶ
1402 5479 1615 5549 πληγὴν
1641 5479 1802 5541 εὐθὺς

236 5569 449 5638 ἀφῆκεν
482 5569 510 5618 ό
549 5567 780 5635 Χριστὸς
810 5568 948 5619 κατὰ
993 5568 1099 5619 τῶν
1150 5570 1589 5638 ὲκπειρασάντων
1641 5571 1801 5622 αὑτὸν

235 5656 325 5709 τὸν
364 5656 458 5707 διὰ
485 5656 589 5707 τῶν
620 5655 793 5723 δφεων
822 5655 1060 5723 θλεορον.
1093 5658 1200 5709 Καὶ
1223 5659 1425 5723 ταύτην
1451 5660 1673 5730 ἐπάγων
1697 5661 1794 5713 οὐκ

1898 3564 2061 3637 igitur
2112 3568 2199 3620 hic
2262 3576 2343 3621 est
2389 3568 2581 3631 malus,
2640 3568 2731 3621 ubi
2788 3568 2912 3621 mali
2962 3570 3215 3638 principii
3278 3570 3463 3640 opus?

1896 3655 1987 3711 ubi
2022 3658 2166 3727 leges
2195 3659 2454 3727 oppositae
2502 3660 2707 3728 partis?
2753 3674 2876 3712 cum
2928 3661 3160 3729 p0pulus
3195 3660 3462 3715 Mosaicus

1896 3756 1949 3805 et
1979 3750 2242 3819 spirituali
2272 3750 2395 3805 cibo
2423 3751 2662 3804 nutritus
2708 3750 2798 3816 sit,
2828 3756 2882 3805 et
2909 3752 3241 3821 spiritualem
3274 3761 3461 3823 potum

1897 3840 2094 3893 biberit
2126 3856 2191 3893 ex
2225 3840 2519 3895 comitante
2548 3851 2601 3894 et
2628 3842 2949 3911 insequente
2980 3854 3151 3911 petra.
3200 3860 3318 3913 qua:
3346 3853 3463 3897 erat

1894 3930 2186 3985 Christus?
2230 3930 2434 3984 Deinde
2489 3944 2673 3985 rarsus
2710 3932 2850 3986 idem
2904 3934 2986 3985 vir
3026 3934 3198 4004 legem
3246 3936 3458 4000 doctus,

1896 4032 2057 4091 atque
2090 4022 2268 4076 omnia
2302 4021 2411 4085 illa,
2442 4023 2639 4092 quibus
2664 4026 2790 4077 olim
2817 4026 3163 4089 efferebatur,
3198 4044 3297 4096 pro
3326 4029 3465 4098 reje-

1898 4114 2061 4167 ctitiis
2116 4112 2394 4169 declarans
2457 4129 2676 4185 propter
2714 4115 3012 4182 Christum,
3057 4119 3134 4173 Ne
3186 4130 3460 4180 tententus,

1899 4204 2093 4273 inquit,
2127 4202 2409 4268 Christum,
2445 4204 2577 4259 sicut
2617 4208 2855 4261 nonnulli
2885 4226 3063 4262 eorunt
3101 4220 3366 4264 tentarunt
3395 4214 3461 4265 ".

1898 4294 2126 4362 Quinam
2182 4297 2510 4352 illi?nonne
2565 4294 2854 4354 lsraelitie?
2906 4300 3037 4364 Qua:
3093 4318 3221 4357 vero
3271 4320 3460 4360 eontm

1899 4396 2052 4440 erant
2116 4386 2377 4454 prtemia?
2423 4387 2500 4440 Ex
2552 4390 2893 4457 serpentibus
2950 4392 3223 4459 peribant.
3280 4392 3463 4462 Itaque

1898 4475 1993 4543 illi,
2035 4478 2124 4547 qui
2173 4477 2343 4533 Deum
2378 4478 2430 4531 in
2477 4480 2594 4549 lege
2638 4492 2961 4549 prtesentetn
3015 4485 3315 4548 tentabant,
3369 4501 3465 4554 per

1898 4568 2112 4624 Patrem
2148 4569 2309 4624 etiam
2358 4569 2551 4624 Filium
2589 4572 2707 4640 ejus
2739 4571 3025 4625 Dominum
3060 4582 3307 4627 nostrum
3340 4582 3466 4629 ten-

1903 4670 2107 4714 larunt.
2146 4657 2399 4715 Tentavit
2433 4663 2577 4715 enim
2614 4663 2844 4730 populus
2892 4662 3222 4716 lsraeliticus
3250 4664 3465 4731 legisla—

1902 4758 2076 4809 torem
2126 4768 2319 4818 suum;
2366 4761 2419 4805 et
2472 4752 2690 4815 Paulus,
2744 4768 2945 4821 gnarus
2994 4753 3109 4822 ipsc
3160 4763 3216 4806 et
3277 4754 3463 4807 doctor

1900 4845 2303 4917 mysteriorum,
2351 4842 2638 4911 imperium
2683 4841 2858 4896 Patris
2888 4852 2943 4895 et
2972 4842 3093 4895 Filii
3136 4842 3467 4897 indivisibile

1898 4947 1952 4993 et
1980 4936 2285 4992 inviolabile
2335 4949 2454 4987 esse
2502 4949 2820 5003 persuasus,
2871 4934 3171 4997 contendit,
3212 4950 3277 4988 eo
3325 4933 3463 5002 ipso,

1898 5044 2006 5098 quo
2036 5027 2163 5082 boni
2216 5026 2334 5080 Filii
2369 5024 2525 5078 Pater
2554 5022 2696 5079 Deus
2720 5033 2955 5079 tentatus
2980 5025 3073 5085 sit,
3106 5024 3268 5077 etiam
3310 5022 3467 5078 Chri-

1902 5130 2016 5171 tum
2047 5131 2168 5170 esse
2210 5123 2496 5169 tentatum.
2546 5112 2877 5167 Consectarii
2927 5128 3055 5166 vero
3083 5113 3255 5167 instar
3282 5121 3335 5166 et
3363 5113 3466 5167 hoc

1902 5223 2055 5277 cape,
2077 5206 2219 5276 quod
2258 5204 2506 5259 Christus
2532 5203 2711 5257 statim
2739 5209 2907 5272 plaga
2959 5204 3077 5257 loco
3109 5203 3232 5265 illis,
3288 5202 3378 5271 qui
3407 5219 3465 5257 sc

1900 5306 2256 5361 tentaverant,
2315 5296 2601 5349 immiserit
2633 5294 2928 5361 perniciem
2976 5310 3039 5346 ex
3098 5293 3459 5360 serpentibus.

1901 5390 2051 5444 lianc
2076 5404 2204 5443 vero
2259 5387 2361 5441 illis
2396 5387 2640 5455 irrogans
2688 5400 2925 5437 amorem
2979 5384 3030 5435 in
3075 5382 3322 5435 homines
3352 5398 3460 5436 non

1901 5481 2124 5536 dimisit.
2148 5479 2287 5533 Alibi
2325 5479 2487 5548 (idem
2522 5476 2834 5544 Apostolus)
2881 5485 3125 5537 testatur,
3169 5476 3460 5543 prophetas

1900 5589 1963 5627 ex
1993 5571 2247 5625 mandato
2302 5568 2488 5624 aeterni
2523 5568 2616 5622 Dei
2652 5569 2856 5621 locutos
2894 5581 3033 5629 esse,
3100 5575 3152 5618 et
3198 5579 3263 5618 ex
3332 5580 3459 5617 vero

1904 5665 2293 5733 praenuntiasse
2348 5662 2661 5731 mysterium
2692 5671 2815 5714 ante
2858 5659 3050 5715 sacula
3086 5658 3432 5712 constitutum

307 5834 331 5864 '
363 5834 381 5887 Ι
414 5832 539 5888 COr.
574 5850 643 5900 Ix,
672 5835 725 5889 8.
800 5835 820 5865 '
852 5833 983 5892 ibid.
1014 5835 1065 5889 9.
1143 5837 1161 5869 ⁹
1190 5835 1314 5891 ibitl.
1347 5836 1428 5893 13.
1508 5835 1548 5869 ⁸⁸
1577 5855 1593 5890 ι
1622 5837 1746 5894 Cor.
1783 5852 1834 5904 χ,
1868 5839 1919 5894 5.
2001 5840 2039 5871 “
2085 5840 2213 5895 ibid.
2239 5838 2292 5893 6.
2381 5840 2419 5869 ”
2451 5837 2577 5892 ibid.
2616 5839 2666 5891 9.
