4222 6432
765 401 865 464 143

1917 403 2178 462 PIIOTII
2219 399 2722 462 PATRIARCHE
2755 401 2863 462 CP.

3893 411 3996 475 144

759 512 902 580 quod
961 511 1295 583 principatus
1343 524 1396 567 et
1454 519 1750 582 potestates
1801 513 2010 581 mundi,
2049 513 2381 581 ipsumque]

2360 513 2410 572 Α
2435 510 2714 581 ἀφῄρηται
2753 511 2814 565 τὸ
2858 510 3257 582 φιλάνθρωπον.
3299 513 3556 586 ’Δλλαχοῦ
3592 515 3648 570 δὲ
3671 518 3833 572 πάλιν
3875 536 3976 571 κατ

759 602 893 654 adeo
940 603 1124 655 mundi
1171 602 1454 656 Dominum
1501 604 1740 657 latuerit.
1807 603 2091 668 Quomodo
2147 605 2326 673 itaque

758 692 1032 760 prophetae
1064 705 1158 746 aut
1203 695 1283 747 lex
1322 711 1351 747 a
1404 695 1545 748 malo
1603 695 1848 764 inspirati
1903 711 2024 750 esse
2073 705 2322 765 possunt,

754 785 1191 852 quandoquidem
1231 786 1305 839 illi
1341 787 1775 856 prasuuntiaruut
1806 788 2143 856 mysterium,
2180 787 2322 856 quod

755 876 1054 929 artificibus
1086 878 1263 930 omnis
1287 878 1579 946 impietatis
1610 878 1709 931 fuit
1741 878 2154 931 absconditum?
2183 878 2321 930 Rur-

754 982 846 1019 sus
882 967 1000 1019 aliis
1043 967 1094 1018 iu
1142 965 1273 1020 locis
1299 969 1550 1021 eumdem
1588 969 1780 1032 Deum,
1812 985 1920 1022 non
1971 985 2101 1023 vero
2157 970 2320 1022 alium

753 1067 914 1126 atque
945 1059 1130 1121 alium,
1160 1059 1286 1111 olim
1318 1075 1414 1128 per
1445 1060 1757 1128 prophetas,
1821 1061 2034 1114 tandem
2067 1076 2196 1115 vero
2229 1077 2324 1130 per

757 1150 948 1203 Filium
973 1160 1198 1205 testatur
1230 1153 1461 1206 locutum
1506 1172 1518 1206 :
1558 1154 1904 1223 Multifariam
1937 1156 2106 1215 enim.
2143 1157 2239 1218 ait,
2275 1166 2323 1208 et

757 1244 930 1295 multis
955 1245 1120 1296 modis
1149 1245 1270 1296 olim
1311 1239 1444 1296 Dms
1474 1247 1712 1312 patribus
1748 1248 1937 1299 nostris
1965 1264 2057 1315 per
2099 1249 2320 1315 prop/ie-

753 1346 832 1386 tus
869 1336 1089 1395 locutus,
1127 1337 1330 1388 ultimis
1370 1337 1546 1388 diebus
1563 1338 1642 1389 his
1670 1355 1762 1405 per
1795 1338 1986 1390 Filium
2016 1339 2219 1392 locutus
2249 1349 2322 1392 est

753 1428 892 1477 nobis
919 1428 980 1477 ¹³.
1024 1427 1193 1491 Idem,
1225 1429 1468 1496 inquam,
1504 1445 1609 1481 non
1650 1429 1789 1482 alius
1822 1441 1983 1497 atque
2009 1430 2168 1482 alius.
2218 1429 2321 1494 Qui

752 1517 912 1585 igitur
944 1516 1151 1569 Novum
1192 1518 1596 1572 Testamentum
1626 1535 1722 1588 per
1755 1517 1950 1572 Filium
1980 1521 2183 1573 mundo
2218 1521 2320 1573 lar-

746 1609 892 1674 gitus
931 1619 1033 1672 est,
1091 1610 1255 1674 idem,
1305 1611 1456 1677 juxta
1505 1611 1750 1674 Paulum,
1787 1612 1900 1680 qui,
1938 1612 1984 1665 si
2015 1613 2137 1680 quis
2160 1613 2317 1678 alius,

748 1699 924 1751 divina
951 1701 1197 1762 callebat,
1232 1709 1283 1754 et
1301 1700 1466 1753 Vetus
1499 1718 1594 1770 per
1626 1702 1916 1769 prophetas
1943 1703 2144 1754 sanxit.
2173 1701 2318 1767 Quo-

749 1790 908 1843 modo
942 1791 1122 1858 itaque
1174 1793 1470 1844 errantium
1512 1793 1676 1846 factio
1714 1793 1876 1846 alium
1903 1793 2122 1861 quidem
2155 1793 2317 1858 illius,

749 1882 915 1934 alium
953 1897 1080 1934 vero
1115 1880 1274 1945 Novi,
1326 1883 1686 1952 legislatorcm
1739 1894 1794 1937 ct
1830 1883 2000 1937 Deum
2032 1883 2223 1954 ﬁngit?
2259 1884 2315 1938 Si

749 1987 877 2024 vero
937 1973 1096 2025 etiam
1143 1974 1209 2024 ab
1256 1972 1408 2026 initio
1440 1982 1639 2026 terram
1681 1974 1923 2028 fundavit
1969 1974 2132 2038 Deus,
2177 1975 2316 2028 sicut

749 2064 888 2116 idem
942 2062 1321 2130 mysteriorum
1371 2079 1570 2130 gnarus
1615 2071 1669 2117 et
1729 2064 1918 2118 doctor
1964 2064 2316 2133 scriptionem

747 2155 885 2206 hanc
927 2167 1136 2206 sacram
1169 2153 1437 2222 obsignat,
1470 2164 1523 2206 et
1548 2155 1670 2208 caeli
1700 2169 1863 2223 Opera
1911 2170 2170 2208 manuum
2200 2156 2317 2223 ejus

746 2256 868 2298 sunt
929 2245 1074 2314 (nam
1109 2243 1352 2308 Davidis,
1395 2245 1486 2313 (lui
1534 2245 1629 2300 Dei
1676 2257 1830 2315 pater
1875 2257 1980 2308 est,
2043 2249 2315 2301 canticum

745 2338 1012 2392 adhibens
1043 2337 1264 2406 suisque
1294 2336 1542 2405 cogitatis
1583 2346 1828 2392 attexeus
1868 2337 1998 2391 illud
2023 2353 2054 2410 τι
2090 2338 2200 2392 Deo
2230 2338 2312 2391 in-

744 2428 1004 2497 spiratum
1018 2443 1138 2482 esse
1163 2429 1252 2481 inn
1262 2429 1358 2496 uit)
1384 2447 1398 2495 ;
1415 2429 1684 2498 quomodo
1700 2427 2035 2482 defectorum
2057 2429 2316 2483 colluvies

746 2519 880 2572 falso
949 2517 1190 2587 quidem,
1256 2520 1351 2572 sed
1399 2529 1577 2572 tamen
1641 2528 1861 2573 externa
1931 2520 2131 2590 specie,
2199 2521 2314 2575 haec

745 2610 1131 2680 praedicantem
1155 2611 1436 2665 doctorem
1467 2628 1626 2666 suum
1679 2613 1950 2682 appellare
2007 2630 2116 2667 non
2159 2630 2314 2668 vere~

747 2703 868 2755 tur?
899 2699 1141 2771 Namque
1164 2703 1232 2755 ab
1262 2719 1327 2757 eo
1352 2706 1531 2758 vocari
1575 2721 1633 2758 se
1672 2705 1879 2765 volunt.
1905 2707 1996 2774 qui
2027 2714 2083 2758 et
2111 2707 2316 2774 eoipr

744 2809 772 2846 a
805 2793 921 2864 lege
942 2795 1061 2862 ejus
1087 2794 1370 2848 recedunt.
1409 2795 1548 2849 Num
1592 2797 1738 2849 enim
1778 2795 1976 2850 Paulus
2023 2797 2316 2852 crucifixus

745 2896 826 2940 est
859 2901 957 2955 pro
991 2887 1168 2948 nobis,
1228 2898 1321 2941 aut
1359 2904 1488 2941 num
1523 2889 1574 2940 in
1605 2887 1752 2942 Pauli
1804 2905 2002 2942 nomen
2059 2890 2313 2958 baptizati

746 2981 976 3034 sumus?
1005 2981 1128 3045 Aut,
1162 2983 1312 3050 (num
1341 2981 1521 3035 dicere
1569 2982 1750 3049 licet?)
1811 2982 1919 3052 Ego
1964 2983 2170 3051 quidem
2198 2999 2314 3036 sum

752 3070 927 3136 Pauli,
957 3089 1047 3138 ego
1083 3072 1288 3139 Apollo,
1322 3089 1414 3142 ego
1474 3089 1591 3125 vero
1643 3071 1861 3140 Cep/tw:
1926 3074 2186 3127 divisusne
2240 3084 2313 3126 est

747 3162 976 3215 Christus
1005 3166 1086 3215 “?
1119 3163 1488 3217 Atenimvcro
1519 3164 1786 3227 homines,
1835 3165 1924 3234 qui
1971 3166 2131 3218 etiam
2173 3175 2309 3230 tum,
2339 3205 2381 3263 Ο

757 3254 834 3308 .ibi
854 3253 1099 3322 speciose
1122 3255 1437 3324 loquuntur,
1476 3270 1755 3310 sermones
1784 3272 1932 3320 suos,
1979 3257 2044 3310 ad
2076 3257 2310 3327 gravita-

747 3355 854 3397 tem
903 3346 1256 3414 compositos,
1316 3347 1623 3402 actionibus
1649 3347 1962 3416 deturpant,
2003 3349 2067 3401 ad
2111 3363 2311 3401 nomen

747 3439 1082 3508 confugiunt,
1115 3448 1172 3492 ut
1195 3439 1423 3492 dedecus
1461 3439 1685 3500 evitent,
1720 3438 1774 3490 in
1802 3437 1946 3507 quod
1975 3453 2070 3492 eos
2091 3438 2313 3505 conjicit

749 3532 830 3584 vel
857 3531 1030 3584 solum
1057 3531 1199 3584 illius
1227 3545 1449 3592 nomen,
1477 3545 1638 3598 quem
1672 3530 1876 3582 erroris
1901 3530 2102 3584 habent
2126 3539 2311 3583 aucto-

749 3635 880 3674 rem.
915 3622 980 3675 At
1004 3621 1274 3690 quomodo
1301 3636 1410 3674 nou
1445 3620 1856 3675 confunduntur
1883 3620 2130 3674 homiues
2152 3663 2164 3686 ,
2195 3619 2308 3688 qui,

749 3711 912 3764 Paulo
941 3727 1070 3764 voce
1103 3710 1357 3764 Davidiea
1411 3711 1532 3764 coeli
1566 3721 1618 3764 et
1649 3719 1807 3764 terrte
1834 3710 2183 3766 Conditorem
2215 3727 2311 3766 vc-

748 3820 864 3857 rum
899 3813 952 3857 ct
981 3805 1180 3856 bonum
1216 3804 1381 3858 Deum
1413 3818 1530 3857 esse
1565 3803 1917 3872 przedicante,
1979 3804 2146 3857 alium
2186 3805 2308 3873 qui-

747 3898 867 3948 dem
909 3895 1051 3957 cmli,
1107 3896 1268 3947 alium
1319 3904 1475 3948 terrm
1528 3894 1865 3948 conditorem
1911 3909 2031 3948 esse
2069 3895 2308 3960 tradunt,

747 4003 921 4054 neque
954 3986 1179 4040 audiunt
1210 3987 1323 4039 haec
1348 3986 1703 4039 clamantem:
1743 3986 1927 4038 Decuit
1953 4003 2088 4050 eum,
2123 3987 2172 4040 id
2205 3996 2306 4050 est,

749 4080 979 4141 Patrem,
1043 4088 1254 4146 propter
1283 4095 1432 4146 quem
1462 4079 1660 4142 omnia,
1718 4087 1764 4131 et
1796 4094 1886 4143 per
1916 4095 2067 4146 quem
2108 4080 2306 4142 omnia,

745 4181 904 4240 atque
939 4172 1041 4224 hoc
1068 4170 1182 4238 ipso
1216 4185 1321 4223 non
1347 4168 1564 4238 quidem
1589 4167 1969 4236 quorumdam,
2007 4169 2308 4237 aliquorum

749 4278 876 4315 vero
906 4278 1011 4314 non
1049 4261 1197 4322 item,
1251 4259 1343 4313 sed
1374 4259 1614 4313 omnium
1645 4259 1804 4312 simul
1844 4259 2194 4314 Conditorem
2227 4276 2309 4315 re-

747 4352 1119 4405 nuntiantcm?
1140 4351 1294 4405 Unde
1324 4366 1450 4404 vero
1482 4361 1722 4420 apparet,
1743 4349 1887 4420 quod
1908 4350 1974 4404 de
2007 4348 2166 4404 Patre
2191 4350 2310 4404 hac

747 4445 1032 4515 loquatur?
1084 4442 1243 4498 Certe
1296 4445 1583 4497 verborum
1649 4443 1817 4497 series
1885 4441 2106 4498 exhibet
2167 4459 2306 4506 eum,

2429 604 2695 673 ἐπιταγὴν
2722 604 2815 657 τοῦ
2847 606 3067 658 αἰωνίου
3097 608 3232 660 Θεοῦ
3253 646 3268 670 ,
3301 610 3396 661 καὶ
3427 611 3598 662 εἰπεῖν
3632 610 3757 672 τοὺς
3785 615 3999 681 προφήο

2426 709 2522 756 τας
2552 695 3003 765 διαμαρτύρεται,
3037 697 3132 750 καὶ
3159 698 3405 767 ἀψευδῶς
3427 701 3769 770 προκηρύξαι
3799 703 3859 753 τὸ
3891 703 4000 769 πρὸ

2427 785 2636 837 αἰώνων
2673 788 3002 857 μυστήριον,
3035 789 3064 840 ὃ
3103 789 3200 851 τὰς
3239 788 3488 853 ἐξουσίας
3533 789 3626 842 τοῦ
3659 792 3868 860 κόσμου
3902 793 4000 845 καὶ

2427 879 2587 932 αὑτὸν
2613 879 2823 933 διέλαθε.
2850 880 2940 932 τὸν
2965 881 3417 951 Κοσμοκράτορα.
3444 883 3554 935 Καὶ
3574 882 3688 946 πῶς
3713 884 3778 936 ἂν
3805 886 3998 952 ειησαν

2425 975 2471 1024 οἰ
2516 972 2790 1042 προφῆται
2829 973 2861 1042 ἢ
2893 976 2921 1026 ὁ
2970 975 3132 1043 νόμος
3161 975 3450 1037 ἐπιπνοίας
3479 977 3724 1044 πονηρᾶς
3748 1017 3762 1038 ,
3792 977 3998 1029 ὁπόταν

2425 1057 2568 1117 οὗτοι
2605 1064 2704 1134 μὲν
2736 1065 3142 1136 προεκήρυττον
3163 1065 3224 1118 τὸ
3253 1067 3577 1136 μυστήριον,
3609 1068 3708 1136 τῆς
3739 1067 3796 1120 δὲ
3827 1083 3994 1136 πονη-

2429 1154 2546 1225 ρίας
2577 1156 2757 1226 πάσης
2790 1156 2887 1226 τὴν
2917 1157 3327 1228 μηχανουργίαν
3357 1157 3698 1223 διελάνθανες
3741 1159 3912 1212 Πάλιν
3939 1160 3993 1211 δὲ

2425 1248 2519 1299 καὶ
2551 1249 2608 1300 ἐν
2642 1247 2820 1311 ἄλλοις
2852 1248 3014 1301 αὑτὸν
3049 1250 3181 1302 Θεὸν
3216 1251 3311 1302 καὶ
3348 1251 3448 1303 οὐκ
3479 1249 3636 1303 ἄλλον
3663 1251 3755 1303 καὶ
3795 1251 3954 1303 ἄλλον
3977 1295 3992 1314 ,

2425 1337 2592 1390 πάλαι
2620 1339 2719 1407 μὲν
2743 1340 2801 1390 ἐν
2821 1341 2929 1401 τοῖς
2957 1341 3262 1408 προφήταις
3279 1341 3708 1410 διαμαρτύρεται
3737 1341 3992 1412 λαλῆσαι,

2425 1426 2649 1497 ὕστερον
2674 1430 2730 1482 δὲ
2763 1431 2821 1482 ἐν
2850 1430 2923 1498 τῷ
2968 1430 3100 1499 Υἰῷ.
3141 1430 3496 1499 Πολυμερῶς
3525 1431 3662 1502 γὰρ,
3695 1434 3863 1502 φησὶ,
3894 1435 3995 1486 καὶ

2423 1521 2811 1586 πολυτρόπως
2841 1521 3026 1574 πάλαι
3057 1525 3090 1574 ό
3129 1522 3272 1586 Θεὸς
3294 1523 3578 1590 λαλήσας
3604 1523 3727 1588 τοῖς
3768 1525 3993 1592 πατρά-

2422 1626 2526 1663 σιν
2555 1612 2622 1663 ἐν
2653 1611 2776 1676 τοῖς
2807 1613 3160 1680 προφήταις,
3194 1613 3285 1665 ἐπ’
3316 1614 3580 1680 ἐσχάτου
3606 1616 3724 1669 τῶν
3752 1619 3994 1684 ἡμερῶν

2422 1703 2645 1754 τούτων
2674 1702 2983 1769 ἐλάλησεν
3013 1703 3156 1772 ἡμῖν
3183 1705 3252 1756 ἐν
3280 1703 3403 1768 Υἰῷ·
3454 1707 3483 1758 ὁ
3511 1706 3694 1770 αὐτὸς,
3725 1707 3838 1760 ἀλλ’
3889 1711 3992 1762 οὐκ

2421 1791 2578 1854 ἄλλος
2607 1794 2701 1845 καὶ
2729 1793 2904 1856 ἄλλος.
2923 1794 2981 1845 '0
3010 1790 3101 1846 οὖν
3134 1795 3234 1864 τὴν
3268 1795 3476 1864 Καινὴν
3513 1796 3790 1866 Διαοήκην
3829 1801 3886 1850 ἐν
3914 1801 3994 1870 τῷ

2349 1875 2388 1929 Β
2421 1880 2534 1948 Υἰῷ
2577 1886 2938 1949 χαρισάμενος
2976 1881 3053 1952 τῷ
3089 1883 3295 1952 κόσμῳ,
3340 1885 3367 1934 ὁ
3405 1885 3570 1946 αὐτὸς
3615 1889 3755 1939 κατὰ
3800 1891 3892 1940 τὸν
3921 1891 3993 1942 τὰ

2419 1969 2556 2033 Οεία,
2588 1973 2746 2040 εἰπερ
2783 1989 2866 2034 τις
2899 1972 3076 2036 ἄλλος,
3110 1974 3294 2041 σοφὸν,
3329 1979 3420 2026 καὶ
3451 1977 3507 2027 ἐν
3539 1977 3649 2037 τοῖς
3678 1980 3993 2046 προφήταις

2415 2061 2622 2113 διέθετο
2653 2063 2752 2132 τὴν
2799 2064 3063 2116 Παλαιὰν.
3103 2066 3212 2116 Καὶ
3259 2065 3375 2128 πῶς
3410 2067 3441 2135 ἡ
3477 2067 3652 2135 πλάνη
3685 2068 3840 2120 ἄλλον
3892 2071 3994 2135 μὲν

2418 2152 2652 2221 ἐκείνης,
2673 2155 2858 2222 ἕτερον
2881 2155 2934 2207 δὲ
2956 2155 3052 2223 τῆς
3081 2157 3304 2225 Καινῆς,
3338 2157 3668 2210 ἀναπλάττει
3693 2158 3992 2226 νομοθέτην

2419 2243 2512 2295 καὶ
2542 2244 2707 2309 Θεόν;
2739 2245 2800 2298 Εἰ
2831 2245 2891 2298 δὲ
2922 2247 3014 2298 καὶ
3048 2246 3166 2298 κατ’
3197 2247 3372 2317 ἀρχάς
3406 2247 3502 2317 μὲν
3536 2247 3636 2318 τὴν
3667 2249 3770 2318 γῆν
3813 2252 3839 2302 ὁ
3874 2251 3912 2300 li
3927 2250 3991 2302 ύ-

2421 2352 2531 2402 ριος
2550 2335 2928 2404 ἐθεμελίωσεν,
2954 2337 3029 2401 ὠς
3053 2338 3081 2389 ὁ
3103 2339 3260 2400 αὐτὸς
3288 2339 3500 2409 μύστης
3525 2341 3632 2393 τῶν
3656 2341 3992 2412 ἀπορρήτων

2419 2428 2514 2479 καὶ
2555 2431 2909 2498 μυσταγωγὸς
2947 2431 3152 2500 ταύτην
3181 2431 3280 2501 τὴν
3328 2433 3478 2501 ἰερὰν
3527 2433 3992 2504 ἐπισφραγίζεται

2417 2517 2657 2588 Γραφὴν,
2697 2521 2788 2572 καὶ
2817 2520 2953 2590 ἔργα
2995 2520 3104 2573 τῶν
3133 2522 3335 2592 χειρῶν
3361 2522 3526 2575 αὐτοῦ
3557 2525 3696 2576 εἰσιν
3727 2526 3776 2576 οἰ
3817 2525 3993 2594 ούρα-

2418 2612 2498 2662 νοὶ
2530 2611 2659 2679 (καὶ
2686 2610 2795 2680 γὰρ
2823 2612 2922 2679 τὴν
2946 2610 3040 2664 τοῦ
3073 2611 3400 2683 Θεοπάτορος
3438 2613 3548 2685 (58)
3584 2615 3850 2685 μελῳδίαν
3889 2616 3991 2668 λα-

2417 2700 2547 2766 ϐὼν,
2570 2702 2663 2754 καὶ
2686 2704 2792 2765 τοῖς
2820 2703 3042 2765 οἰκείοις
3061 2705 3362 2772 ἐνυφαίνων
3387 2706 3618 2774 νοήμασι
3643 2706 3704 2758 τὸ
3733 2705 3993 2758 θεόπνευο

2419 2807 2540 2844 στον
2597 2793 2810 2863 ἐκείνης
2860 2794 3123 2863 βεϐαιοῖ),
3178 2795 3293 2858 πῶς
3340 2797 3439 2848 οὐκ
3491 2797 3836 2867 αἰσχύνονται
3885 2799 3993 2867 τῆς

2415 2884 2753 2946 άποστασίας
2808 2887 2868 2936 τὸ
2925 2885 3243 2955 σύνταγμα,
3277 2888 3454 2940 καίτοι
3499 2887 3705 2956 ψευδῶς
3743 2889 3870 2959 μὲν,
3908 2889 3991 2942 δι-

2415 2975 2680 3029 δάσκαλον
2718 2977 2773 3029 δὲ
2815 2978 2983 3046 ὅμως,
3024 2978 3113 3030 τὸν
3146 2977 3318 3030 ταῦτα
3361 2979 3708 3049 κηρύσσοντα
3751 2980 3987 3050 ὑποκρι-

2415 3067 2628 3136 νόμενοι
2659 3069 2876 3134 καλεῖν;
2920 3070 3026 3120 Καὶ
3064 3067 3171 3140 γὰρ
3203 3071 3598 3138 ἐπιγράφονται
3626 3070 3814 3123 τοῦτον
3844 3072 3985 3139 (59),

2415 3158 2744 3229 πράττοντες
2776 3159 2874 3229 μὲν
2895 3161 2988 3212 καὶ
3010 3159 3166 3212 τοῦτο
3195 3162 3346 3230 παρὰ
3371 3162 3462 3214 τὸν
3490 3163 3651 3231 νόμον
3679 3161 3867 3216 αὑτοῦ.
3891 3164 3986 3232 Μὴ

2415 3251 2520 3322 γὰρ
2550 3251 2757 3315 Παῦλος
2793 3252 3108 3322 ἐσταυρώοη
3143 3253 3284 3323 ὑπὲρ
3322 3253 3499 3324 ἡμῶν,
3540 3253 3572 3322 ἢ
3607 3255 3687 3316 εἰς
3724 3253 3784 3306 τὸ
3811 3254 3985 3322 ὄνομα

2414 3343 2624 3404 Παύλου
2671 3344 3102 3413 ὲ6απτίσοημεν;
3129 3345 3241 3405 καὶ.
3259 3344 3404 3411 Ἐγὼ
3429 3347 3544 3414 μέν
3569 3348 3684 3414 εἰμι
3713 3348 3982 3413 Παύλου,

2413 3437 2527 3504 ἐγὼ
2553 3437 2621 3488 δὲ
2653 3436 2825 3504 Κηφᾶ
2845 3452 2858 3464 ”
2895 3436 3242 3505 μεμέρισται
3273 3441 3305 3490 ό
3337 3441 3588 3506 Χριστός
3606 3455 3626 3502 ;
3657 3440 3804 3509 Πλὴν
3843 3442 3984 3493 ἀλλὰ

2414 3527 2510 3579 καὶ
2538 3531 2595 3580 ἐν
2620 3522 2662 3594 ᾧ
2689 3528 3135 3596 σεμνολογοῦνται
3168 3529 3256 3580 διὰ
3289 3529 3386 3597 τῆς
3413 3529 3775 3598 παραϐάσεως
3802 3532 3984 3584 αὐτῶν

2414 3621 2726 3690 ὑϐρίζοντες
2750 3621 2810 3671 τὸ
2840 3619 3138 3688 σεμνολόγη
3150 3638 3245 3688 μα,
3281 3620 3686 3689 καταφεύγουσι
3713 3623 3848 3692 πρὸς
3882 3625 3984 3694 τὴν

2413 3713 2624 3781 κλῆσιν,
2666 3714 2752 3766 ἵνα
2783 3712 2995 3780 φύγωσι
3025 3715 3122 3782 τὴν
3153 3713 3431 3784 αἰσχύνην,
3460 3715 3539 3776 εἰς
3566 3715 3631 3784 ἣν
3660 3715 3856 3779 αὐτοὺς
3881 3717 3984 3786 ἐμ-

2414 3806 2616 3868 εάλλει,
2645 3805 2738 3857 καὶ
2773 3806 2932 3874 μόνον
2967 3805 3150 3874 ῥηθεὶς
3177 3809 3206 3858 ὁ
3231 3807 3328 3873 τῆς
3359 3807 3695 3868 ἀποστασίας
3724 3807 3984 3859 διδάσκα-

2411 3897 2520 3960 λος.
2559 3897 2716 3949 Ἀλλὰ
2739 3898 2846 3966 γὰρ
2875 3895 2990 3959 πῶς
3015 3897 3075 3948 ού
3104 3896 3491 3961 καταδύονται;
3520 3897 3614 3948 τοῦ
3649 3897 3744 3966 μὲν
3763 3897 3979 3951 Παύλου

2411 3987 2498 4040 διὰ
2530 3988 2626 4056 τῆς
2655 3987 2940 4055 Δαυῖδικῆς
2973 3987 3192 4054 φωνῆς.
3228 3986 3456 4055 ούρανοῦ
3489 3987 3582 4040 καὶ
3613 3989 3715 4056 γῆς
3747 3994 3982 4057 ποιητὴν

2411 4077 2500 4130 τὸν
2529 4077 2782 4147 ἀληθινὸν
2817 4077 2909 4128 καὶ
2940 4076 3142 4143 ἀγαθὸν
3188 4077 3320 4128 Θεὸν
3348 4077 3793 4142 ἐκδιδάσκοντος,
3823 4082 3980 4132 αὐτοὶ

2410 4166 2659 4231 λέγοντες
2702 4166 2861 4218 ἄλλον
2904 4165 3001 4235 μὲν
3029 4161 3168 4218 εἶναι
3200 4166 3289 4218 τὸν
3321 4166 3551 4234 ούρανοῦ
3583 4167 3833 4236 ποιητὴν,
3879 4170 3977 4236 δη-

2414 4275 2534 4328 μιου
2544 4259 2671 4327 ργὸν
2698 4257 2754 4310 δέ
2771 4259 2868 4327 τῆς
2887 4256 2990 4325 γῆς
3015 4256 3224 4325 ἕτερον,
3242 4257 3360 4310 οὐδὲ
3385 4255 3546 4309 τοῦτο
3564 4257 3619 4309 δὲ
3639 4258 3980 4322 ἀναϐοῶντος

2409 4353 2669 4422 ἥκουσαν,
2707 4352 2790 4404 ὅτι
2827 4351 3126 4418 Ἔπρεπεν
3156 4347 3347 4412 αὐτῷ,
3381 4350 3624 4402 τουτέστι
3649 4349 3732 4419 τῷ
3778 4350 3978 4420 Πατρῖ,

2409 4442 2483 4495 δι’
2509 4441 2582 4494 ὃν
2611 4442 2683 4495 τὰ
2709 4439 2922 4504 πάντα,
2955 4439 3052 4492 καί
3080 4439 3155 4491 δι’
3182 4434 3254 4494 οὗ
3274 4439 3349 4492 τὰ
3381 4438 3598 4503 πάντα,
3628 4441 3774 4503 ὅπως
3799 4442 3858 4493 οὑ
3892 4459 3977 4494 τι-

744 4539 831 4606 qui
857 4537 990 4604 ﬁlios
1023 4535 1209 4588 multos
1276 4536 1331 4586 in
1380 4534 1604 4604 gloriam
1652 4534 1856 4587 duxerit
1895 4535 2076 4587 ducem
2118 4535 2307 4588 salutis
2331 4549 2381 4608 Β

2349 4549 2385 4608 D
2413 4531 2518 4585 νῶν
2541 4532 2659 4601 μὲν,
2690 4531 2851 4583 τινῶν
2875 4530 2931 4582 δὲ
2955 4529 3038 4594 οὓ,
3070 4528 3204 4582 ἀλλὰ
3237 4529 3449 4583 πάντων
3471 4529 3673 4598 ὁμοίως
3703 4532 3978 4600 Δημιουρ-

745 4642 943 4688 eorum,
964 4641 1054 4691 per
1079 4626 1339 4692 passiones
1367 4623 1967 4687 consummasse“.Quis
1995 4623 2140 4677 enim
2170 4639 2312 4692 pra:-

746 4728 827 4771 ter
871 4731 1060 4771 verum
1105 4715 1271 4768 Deum
1323 4709 1388 4768 'et
1440 4713 1652 4768 Patrem
1699 4713 1912 4766 Domini
1961 4714 2132 4768 nOStri
2181 4712 2310 4768 Jesu

742 4808 967 4870 Christi,
991 4807 1075 4860 vel
1097 4805 1293 4858 multos
1315 4803 1452 4859 filios
1468 4803 1785 4868 introduxit,
1807 4803 1890 4858 vel
1911 4803 2102 4856 ducem
2121 4817 2309 4857 eorum

741 4914 839 4967 per
868 4897 1148 4966 passiones
1178 4895 1446 4963 perfecit?
1513 4895 1658 4948 Idem
1717 4909 1845 4947 vero
1893 4910 1975 4947 vir
2003 4894 2218 4948 divinus
2256 4906 2311 4950 et

744 4999 982 5048 sanctus.
1032 5004 1154 5042 cum
1211 4987 1498 5041 Dominum
1538 4995 1782 5040 nostrum
1818 4984 2002 5040 Jesum
2033 4985 2308 5042 Christum

743 5091 932 5136 nosset
959 5081 1156 5135 habere
1182 5090 1499 5150 potestatem
1531 5089 1585 5133 et
1606 5078 1890 5147 imperium
1912 5093 1943 5132 a
1966 5077 2126 5132 Patre
2170 5079 2312 5133 indi-

745 5171 940 5235 visum,
975 5171 1100 5224 alibi
1125 5170 1191 5223 de
1211 5185 1276 5223 eo
1306 5173 1418 5224 ait:
1453 5169 1604 5235 Quod
1635 5185 1698 5222 ex
1727 5169 1858 5237 ipso,
1905 5175 1955 5222 et
1993 5185 2086 5238 per
2115 5171 2307 5239 ipsum,

818 5330 1041 5385 "Hebr.
1068 5348 1104 5395 ι,
1140 5331 1187 5382 l.
1267 5327 1357 5381 “,1
1398 5327 1578 5392 Com,
1617 5326 1704 5393 12,
1738 5327 1825 5382 15.
1898 5327 1948 5358 ⁸⁸
1978 5326 2142 5382 Hebr.
2171 5344 2228 5394 ιι,
2256 5329 2336 5385 l0.

2410 4623 2505 4690 τὸν
2534 4621 2900 4690 καταγγέλλῃ.
2929 4621 3035 4672 Καὶ
3065 4619 3227 4672 πόθεν
3255 4619 3433 4688 δῆλον,
3471 4620 3553 4672 ὅτι
3583 4621 3708 4689 περὶ
3741 4619 3836 4672 τοῦ
3868 4623 3979 4674 Πα-

2408 4713 2535 4784 τρὺς
2595 4711 2750 4765 τοῦτό
2823 4728 3022 4781 φησιν;
3100 4711 3163 4764 Ἦ
3224 4711 3332 4765 τῶν
3401 4713 3662 4782 ῥημάτων
3724 4712 3978 4781 συνέχεια

2409 4805 2671 4874 παριστᾷ,
2703 4802 2970 4868 πολλοὺς
3006 4802 3170 4868 υἱοὺς
3199 4804 3280 4868 εἰς
3316 4802 3503 4865 δόξαν
3540 4802 3839 4870 ἀγαγόντα
3872 4805 3981 4855 τὸν

2407 4897 2678 4966 ἀρχηγὸν
2736 4895 2846 4962 τῆς
2896 4895 3190 4962 σωτηρίας
3228 4895 3425 4948 αὐτῶν
3474 4893 3570 4948 διὰ
3616 4894 3981 4961 παθημάτων

2408 4986 2742 5042 τελειῶσαι.
2787 4986 2882 5048 Τίς
2917 4985 3026 5056 γὰρ
3064 4987 3214 5055 παρὰ
3264 4986 3355 5039 τὸν
3395 4984 3646 5055 ἀληθινὸν
3695 4985 3830 5036 Θεδν
3883 4987 3979 5038 καὶ

2408 5082 2630 5152 Πατέρα
2659 5081 2754 5134 τοῦ
2785 5079 2990 5149 Κυρίου
3013 5077 3170 5148 ἡμῶν
3206 5077 3376 5146 Ἰησοῦ
3397 5076 3655 5146 Χριστοῦ.
3684 5077 3717 5148 ἢ
3748 5077 3981 5138 πολλοὺς

2405 5172 2705 5241 εἰσήγαγεν
2731 5169 2898 5232 υἱοὺς,
2927 5169 2958 5239 ἦ
2987 5169 3078 5222 τὸν
3101 5169 3341 5240 ἀρχηγὸν
3368 5168 3548 5221 αὐτῶν
3574 5168 3857 5224 ἐτελείωσε
3889 5169 3979 5221 διὰ

1859 5437 2092 5492 VARIE
2133 5437 2510 5494 LECTIONES
2548 5437 2635 5493 ET
2673 5436 2901 5492 ΝΟΤιΕ.

815 5539 924 5607 (38)
961 5534 1347 5607 Θεογπάτορος.
1401 5532 1475 5607 Ita
1519 5532 1819 5607 appellatur
1852 5530 2016 5584 David
2059 5538 2304 5607 respectu

743 5597 967 5668 Christi,
989 5606 1075 5673 qui
1104 5619 1169 5656 ex
1195 5597 1408 5673 semine
1426 5597 1565 5673 ejus,
1592 5597 1656 5653 ut
1682 5603 1860 5662 homo,
1881 5597 2306 5673 _natusest.__E_q-

745 5681 864 5731 dem
885 5667 1102 5729 nomine
1121 5678 1166 5725 is
1190 5675 1333 5725 venit
1356 5667 1606 5741 Dionysio
1631 5671 2139 5741 Areopagitmepist.
2168 5667 2306 5741 V'lll,

745 5761 797 5801 et
844 5742 980 5798 aliis.
1029 5743 1289 5797 Similiter
1334 5737 1501 5794 Maria
1531 5737 2306 5808 Θεομήτώρέυόίῐίϐνιτεοτὶο

743 5818 985 5886 Nysseno
1009 5813 1058 5866 in
1088 5812 1234 5866 Orat.
1264 5811 1333 5866 de
1355 5826 1580 5864 occursu
1615 5809 1845 5864 Domini.

2482 5529 2593 5599 (59)
2627 5529 3078 5601 Ἑπιγράερσνται
3098 5529 3330 5583 τοῦτον.
3351 5527 3484 5583 Hinc
3503 5531 3639 5584 forte
3654 5546 3760 5585 non
3779 5545 3982 5601 pmter

2412 5614 2526 5652 rem
2569 5599 2821 5666 colligas,
2879 5600 3216 5653 Paulicianos
3267 5615 3462 5652 nomen
3517 5617 3670 5655 suum
3723 5599 3977 5660 a_l'aulo

2411 5669 2656 5739 apostolo
2683 5669 2985 5733 repetiisse,
3010 5670 3099 5737 qui
3128 5684 3253 5723 vere
3275 5711 3287 5732 ,
3321 5677 3378 5721 ut
3400 5685 3557 5736 supra
3585 5671 3842 5729 traditum
3867 5685 3970 5739 est,

2411 5753 2440 5792 a
2473 5738 2638 5792 Paulo
2668 5739 2822 5808 longe
2852 5741 3152 5794 recentiore
3185 5740 3254 5792 ita
3293 5739 3720 5809 appellabantur.
