4222 6432
255 415 359 481 145

1275 421 1571 480 CONTRA
1604 421 2063 483 MANICHASOS
2097 423 2327 483 LIBER
2355 425 2462 482 Ill.

3383 413 3480 476 116

253 529 628 596 aesomnium;
671 528 728 581 '0
769 529 930 591 αὐτὸς
962 528 1016 581 δὲ
1067 529 1356 599 μετάρσιος
1401 532 1495 585 καὶ
1553 533 1693 600 ἱερὸς
1725 533 1818 584 ἄν·
1853 539 1893 590 Λ

1853 539 1893 590 Δ
1924 543 1973 587 et
2023 536 2075 587 in
2130 537 2240 602 ipso
2294 536 2470 587 omnia
2529 545 2683 587 sunt:
2715 535 2760 586 ei
2805 534 2869 586 sit
2919 532 3083 602 gloria
3126 535 3180 584 in
3217 541 3486 584 a'teruum.

252 621 469 688 θρωπος
497 621 588 671 καὶ
617 621 708 672 τὸν
739 621 942 690 Κύριον
969 621 1124 690 ἡμῶν
1161 620 1368 690 Ἰησοῦν
1391 622 1624 690 Χριστὸν
1651 623 1822 675 ἀδιαί-

257 728 412 780 ρετον
458 711 613 773 εἰδὼς
661 713 853 780 ἔχοντα
907 713 966 764 τὸ
1013 713 1213 779 κράτος
1261 712 1356 763 καὶ
1406 712 1506 782 τὴν
1548 712 1824 781 βασιλείαν

254 801 392 867 πρὸς
423 801 520 852 τὸν
551 800 790 870 Πατέρα,
827 801 886 852 ὲν
915 801 1121 870 ἑτέροις
1145 801 1273 871 περὶ
1301 801 1464 853 αὑτοῦ
1493 801 1661 868 λέγει,
1705 803 1822 855 Ὅτι

251 892 322 955 ἐξ
349 893 539 945 αὑτοῦ
572 893 670 944 καὶ
699 892 773 945 δι’
808 893 992 946 αὐτοῦ
1023 892 1124 945 καὶ
1153 896 1240 958 εἰς
1271 893 1457 947 αὐτὸν
1493 893 1563 946 τὰ
1606 895 1821 947 πάντα·

251 979 415 1041 αὐτῷ
440 979 477 1044 ἡ
507 979 655 1042 δόξα
686 983 774 1044 εἰς
817 980 957 1046 τοὺς
990 980 1233 1047 αἰῶνας.
1279 982 1473 1050 Ἀμήν.
1506 982 1586 1034 Τά
1616 983 1821 1046 πάντα,

253 1072 442 1136 φησιν,
474 1070 596 1138 οὐχὶ
620 1070 689 1122 τά
717 1070 883 1140 νοητά
918 1070 1100 1140 μόνον,
1127 1071 1203 1134 ὡς
1240 1072 1287 1124 ol
1325 1073 1629 1142 μεμηνότες
1648 1112 1664 1136 ,
1693 1073 1826 1126 ἀλλά

255 1161 352 1212 καὶ
380 1161 448 1213 τὰ
475 1160 682 1231 ἀόρατα
709 1163 886 1215 πάντα
905 1161 1003 1231 τῆς
1022 1161 1421 1232 δημιουργικῆς
1451 1162 1618 1217 αὑτοῦ
1656 1165 1827 1218 παλά-

257 1268 368 1320 μης
401 1252 562 1320 ἔργον
589 1251 717 1305 εἰσί.
743 1252 854 1305 Καὶ
879 1253 912 1321 ὴ
947 1251 1154 1306 τούτων
1184 1252 1402 1306 πάντων
1435 1253 1700 1322 βασιλεία,
1735 1257 1827 1308 καὶ

255 1345 289 1412 ὴ
320 1343 538 1406 ἐξουσία
575 1343 756 1396 καὶτὸ
794 1344 995 1414 κράτος
1024 1343 1119 1397 καὶ
1158 1347 1191 1413 ἡ
1229 1345 1454 1413 πρόνοια
1475 1344 1570 1398 τοῦ
1613 1346 1827 1416 Πατρός

254 1436 373 1485 ἐστι
417 1435 512 1486 καὶ
552 1433 646 1485 τοῦ
678 1435 808 1486 Υἰοῦ
843 1434 938 1486 καὶ
966 1435 1062 1487 τοῦ
1097 1435 1254 1503 ἁγίου
1296 1435 1632 1505 Πνεύματος.
1669 1438 1740 1489 Σὺ
1771 1437 1828 1490 δέ

256 1540 352 1590 μοι
380 1522 479 1592 τὴν
502 1522 731 1592 θεωρίαν
760 1524 1098 1594 παράπεμπε
1135 1525 1231 1577 καὶ
1273 1525 1358 1592 ἐφ’
1381 1525 1573 1595 ἐτέρας
1602 1528 1829 1579 ἀποστο-

255 1612 416 1673 λικάς
448 1613 666 1680 φωνὰς,
705 1613 763 1665 αἶ
806 1613 936 1674 τοὺς
986 1613 1425 1676 πεπιστευκότας
1467 1614 1730 1682 ἀδελφούς
1768 1632 1827 1667 τε

253 1701 636 1770 ὀνομάζουσιν,
670 1702 858 1768 ἁγίους
885 1701 981 1753 καὶ
1006 1705 1266 1771 μετόχους
1289 1703 1387 1772 τῆς
1415 1704 1666 1772 οὐρανίου
1697 1705 1829 1775 κλή-

257 1811 432 1856 σεως,
497 1794 645 1855 ὅπως
709 1794 1072 1862 παρατιθέασι
1131 1795 1364 1863 Χριστὸν
1423 1796 1514 1847 τὸν
1575 1796 1830 1864 ἀληθινὸν

1930 632 2092 681 Amen
2129 629 2190 681 ιδ.
2219 627 2430 689 Onmia,
2493 625 2684 694 inquit,
2743 639 2850 677 non
2873 623 3228 692 intelligibilia
3256 632 3488 683 tantum,

1929 729 1986 772 ut
2022 720 2094 772 illi
2135 720 2436 782 insaniunt,
2466 718 2560 771 sed
2578 727 2630 770 et
2651 716 2880 770 visibilia
2899 715 3282 778 etinvisibilia,
3307 714 3486 768 omnia

1925 826 1953 863 a
1989 825 2150 864 manu
2179 810 2296 878 ejus
2329 819 2548 863 creante
2585 809 2823 876 profecta
2842 817 2986 860 sunt.
3013 806 3487 874 Atquciinperium

1928 900 1978 952 in
2005 900 2120 952 lucc
2145 898 2346 961 omnia,
2402 906 2456 950 et
2480 905 2738 965 potestas,
2788 906 2844 949 et
2870 895 2973 958 vis,
3017 904 3073 948 et
3113 908 3242 947 cura
3273 894 3489 961 provida

1927 989 2098 1043 Patris
2120 999 2265 1053 sunt,
2291 996 2346 1042 et
2376 987 2515 1051 Filii,
2542 996 2593 1041 et
2617 986 2856 1055 Spiritus
2883 986 3076 1039 sancti.
3117 984 3199 1037 Tu
3228 998 3356 1036 vero
3376 982 3490 1036 ani-

1927 1097 2074 1136 mum
2105 1081 2266 1135 etiam
2309 1080 2377 1134 ad
2407 1080 2510 1133 alia
2543 1079 2786 1148 Apostoli
2813 1078 2955 1132 dicta
2986 1087 3263 1140 converte,
3297 1074 3492 1144 quibus

1927 1172 2210 1227 credentes
2234 1172 2426 1226 fratres
2471 1171 2724 1240 appellat,
2771 1180 2825 1223 et
2870 1177 3088 1222 sanctos
3120 1177 3173 1220 et
3201 1166 3494 1236 participes

1928 1265 2226 1320 vocationis
2256 1265 2512 1326 caelestis,
2564 1280 2683 1331 qua:
2739 1272 2796 1316 et
2839 1262 2952 1330 ipsa
2995 1261 3271 1312 Christum
3304 1273 3489 1310 verum

1933 1358 2098 1409 Deum
2131 1367 2376 1409 nostrum
2413 1355 2567 1419 Mosi,
2600 1354 2689 1407 Dei
2719 1369 2896 1414 servo,
2929 1353 2993 1404 ad
3017 1353 3156 1404 latus
3181 1350 3451 1404 collocant
3478 1365 3490 1407 ;

1931 1445 2140 1498 fidelem
2168 1445 2311 1498 enim
2353 1452 2741 1512 reprzesentant
2767 1452 3054 1509 utrumque
3092 1439 3199 1492 Deo
3232 1447 3286 1491 et
3323 1439 3489 1491 Patri.

1930 1536 2126 1590 Paulus
2149 1535 2292 1589 enim
2338 1535 2528 1587 iisdem
2560 1533 2738 1586 verbis
2764 1532 2894 1586 dicit
2928 1550 2941 1584 :
2977 1531 3313 1584 Considerate
3361 1544 3490 1593 apo-

1928 1627 2117 1679 stolam
2162 1635 2209 1678 et
2244 1627 2564 1677 sacerdotem
2611 1624 2897 1690 principem
2927 1621 3259 1690 confessionis
3285 1628 3492 1680 nostra',

1929 1718 2105 1772 Jesum
2133 1717 2418 1781 Christum,
2455 1718 2543 1784 qui
2571 1715 2735 1783 ﬁdelis
2767 1716 2864 1785 fuit
2893 1715 2939 1767 ei
2973 1714 3063 1781 qui
3101 1714 3276 1780 ipsum
3306 1712 3495 1763 consti-

1933 1813 2030 1863 tuit
2058 1812 2122 1874 ”,
2160 1810 2364 1864 scilicet
2392 1809 2752 1860 sacerdotem.
2797 1806 2986 1858 Postea
3021 1805 3186 1867 idem,
3226 1801 3499 1869 quomodo

255 1887 419 1955 ἡμῶν
440 1887 570 1939 Θεὸν
597 1887 676 1956 τῷ
705 1861 995 1956 θεράποντι
1023 1903 1117 1938 σου
1151 1861 1264 1956 (10)
1295 1887 1372 1956 τῷ
1396 1888 1602 1940 Μωσεῖ·
1639 1861 1829 1940 πιστὸν
1861 1861 1902 1919 Β

1828 1911 1829 1918 ‘
1861 1861 1902 1919 Β
1934 1861 2710 1967 fuerit,explicaturus
2745 1912 2842 1965 per
2870 1896 3053 1948 Mosen
3086 1895 3138 1946 id
3169 1861 3296 1945 facit
3325 1909 3336 1944 :
3380 1890 3495 1948 Sic-

262 1980 364 2048 μὲν
417 1979 527 2045 γὰρ
568 1978 828 2047 ἑκάτερον
872 1976 1184 2046 εἰσάγουσιν
1218 1978 1298 2047 τῷ
1340 1978 1458 2048 Θεῷ
1500 1980 1594 2031 καὶ
1635 1979 1830 2048 Πατρί.

257 2069 426 2138 Λέγει
449 2070 558 2140 γὰρ
588 2071 617 2122 ὁ
659 2068 868 2132 Παῦλος
898 2069 1082 2132 αὐτοῖς
1128 2071 1334 2139 ῥήμασι
1359 2086 1373 2099 ·
1406 2071 1832 2138 Κατανοήσατε

259 2162 370 2213 τὸν
439 2160 789 2214 ἀπόστολον
851 2160 949 2213 καὶ
1010 2160 1284 2228 ἀρχιερέα
1345 2159 1454 2227 τῆς
1512 2164 1832 2230 ὁμολογίας

256 2251 430 2320 ἡμῶν
467 2251 711 2318 Ἰησοῦν
761 2251 1050 2319 Χριστὸν,
1078 2251 1296 2305 πιστὸν
1343 2253 1486 2305 ὄντα
1536 2252 1615 2317 τῷ
1664 2253 1832 2319 ποιή-

257 2361 437 2400 σαντι
491 2344 676 2398 αὑτὸν
697 2385 712 2410 ,
739 2345 980 2413 δηλονότι
1015 2346 1276 2416 ἀρχιερέα
1300 2346 1432 2415 (41).
1465 2343 1595 2400 Εἶτα
1629 2347 1744 2409 πῶς
1767 2343 1834 2417 ἦν

261 2439 479 2502 πιστὸς,
514 2438 984 2506 ὲπεξηγούμενος,
1019 2439 1106 2490 διὰ
1148 2437 1240 2489 τοῦ
1285 2437 1528 2500 Μωσέως
1568 2437 1830 2504 δεικνύει,

259 2535 341 2597 ὡς
366 2531 466 2584 ’καὶ
497 2529 741 2597 Μωσῆς,
772 2531 956 2599 φησὶν,
997 2530 1065 2582 ἐν
1092 2529 1212 2592 ὅλῳ
1234 2526 1312 2593 τῷ
1337 2531 1480 2593 οἴκῳ
1507 2530 1712 2582 αὑτοῦ.
1741 2530 1834 2582 Τί-

260 2641 352 2687 νος
397 2624 564 2692 οἴκῳ;
596 2622 628 2691 ἦ
677 2621 916 2690 δηλονότι
961 2623 1055 2674 τοῦ
1084 2621 1405 2690 ποιήσαντος
1444 2621 1704 2690 ἀρχιερέα
1744 2621 1834 2673 τὸν

263 2718 470 2788 Κύριον
511 2717 670 2786 ἡμῶν
711 2715 918 2784 Ἰησοῦν
947 2714 1209 2784 Χριστόν;
1242 2711 1377 2767 Εἶτα
1410 2712 1504 2766 καὶ
1533 2712 1632 2782 τὴν
1661 2715 1834 2780 ἀσύγ-

263 2825 452 2878 κριτον
497 2806 762 2876 διαφοράν
799 2804 894 2856 τοῦ
939 2804 1210 2856 Δεσπότου
1243 2803 1378 2872 πρὸς
1405 2805 1495 2856 τὸν
1521 2803 1705 2857 δοῦλον
1755 2805 1836 2856 δι-

263 2903 511 2962 δάσκων,
539 2900 629 2950 τὸν
665 2897 764 2968 μὲν
790 2897 1094 2966 Θεράποντα
1127 2897 1282 2949 καλεῖ
1311 2898 1408 2948 καὶ
1432 2897 1621 2948 πιστὸν
1647 2897 1704 2948 ὲν
1731 2897 1837 2967 ὅλῳ

265 2992 344 3061 τῷ
393 2994 529 3061 οἴκῳ
557 2989 650 3046 τοῦ
680 2989 839 3056 Θεοῦ,
893 2989 982 3040 τὸν
1028 2989 1085 3040 δὲ
1131 2991 1534 3042 κατασκευάσαι
1587 2988 1699 3057 (42)
1748 2988 1836 3040 τὸν

265 3084 435 3140 οἷκον.
465 3085 610 3137 Διὸτι
633 3085 660 3135 ὁ
690 3082 865 3134 πάντα
894 3080 1318 3144 κατασκευάζων
1341 3081 1491 3144 Θεὸς,
1517 3083 1723 3142 ἐκεῖνος
1745 3081 1838 3132 καὶ

1933 2001 2007 2051 ut,
2040 1991 2313 2059 inquiens,
2351 1988 2515 2042 Moses
2557 1989 2612 2040 in
2650 1996 2756 2039 tota
2791 1988 2940 2039 domo
2986 1985 3118 2052 ejus.
3176 1983 3342 2050 Cujus
3370 1998 3499 2035 vero

1931 2081 2112 2143 domo,
2171 2079 2274 2133 nisi
2321 2081 2458 2147 ejus,
2515 2079 2605 2146 qui
2660 2076 2946 2130 Dominum
2997 2084 3240 2127 nostrum
3314 2072 3496 2125 Jesnm

1930 2171 2206 2226 Christum
2237 2169 2573 2224 sacerdotem
2614 2167 2914 2237 principem
2945 2164 3265 2220 constituit?
3299 2163 3497 2222 Deinde

1933 2263 2074 2316 idem
2099 2260 2596 2329 incomparabilem,
2625 2275 2743 2328 qua:
2769 2257 3086 2319 intercedat,
3139 2255 3497 2308 differentiam

1934 2363 2272 2417 ostensurus,
2330 2353 2561 2405 alterum
2612 2351 2831 2420 quidem
2878 2363 3089 2401 servum
3137 2356 3192 2399 et
3239 2346 3406 2398 ﬁlium
3449 2346 3497 2397 in

1937 2456 2045 2500 tota
2075 2446 2236 2499 domo
2277 2445 2369 2498 Dei
2403 2453 2579 2504 vocat,
2613 2444 2841 2496 alterum
2865 2457 2991 2495 vero
3015 2442 3087 2492 ait
3112 2441 3332 2493 domum
3357 2440 3498 2491 illam

1935 2538 2217 2592 struxisse.
2253 2538 2436 2604 Itaque
2465 2535 2605 2590 Deus
2632 2535 2810 2588 omnia
2834 2534 3139 2603 perficiens,
3173 2542 3500 2586 structuram

1935 2643 2150 2697 quoque
2179 2627 2453 2681 terrestris
2477 2627 2670 2680 domus
2687 2641 2797 2678 sum
2821 2626 3099 2697 praecepit.
3124 2623 3313 2677 Omnia
3341 2624 3499 2686 enim,

1937 2721 2128 2790 inquit,
2166 2721 2384 2788 e/Iiciens
2423 2720 2555 2771 Deus
2585 2728 2676 2781 est,
2704 2719 2860 2786 cujus
2898 2717 3164 2787 genuinus
3188 2715 3354 2769 Filius
3380 2730 3501 2767 cum

1935 2811 2094 2864 Jesus
2121 2810 2368 2863 Christus
2399 2810 2486 2873 sit,
2538 2810 2678 2862 idem
2725 2809 2806 2862 vel
2859 2809 2978 2861 ideo
3016 2807 3271 2860 Dominus
3313 2807 3506 2858 domus

1936 2911 2040 2963 est.
2075 2917 2182 2954 non
2210 2917 2335 2954 vero
2366 2916 2576 2961 servus,
2636 2909 2693 2952 ut
2740 2899 2936 2952 Moses.
2990 2897 3117 2950 Post
3141 2912 3309 2965 pauca
3341 2910 3501 2948 vero:

1939 2992 2205 3060 Siquidem
2247 2993 2511 3044 credentes
2541 2991 2848 3058 prwsidium
2876 2989 2984 3057 spei
3023 2998 3071 3039 et
3119 2988 3368 3052 fiduciam
3416 3002 3505 3038 us-

1939 3100 2035 3152 que
2062 3083 2131 3134 ad
2175 3084 2327 3150 ﬁnem
2367 3082 2577 3148 ﬁrmam
2610 3080 3087 3133 coiiservaverimus
3119 3078 3180 3127 ⁸⁸.
3213 3075 3508 3129 Pollicetur

264 3177 364 3244 τὴν
395 3172 742 3242 κατασκευὴν
762 3172 1042 3234 διετάξατο
1069 3173 1162 3224 τοῦ
1195 3170 1435 3236 ἐπιγείου
1468 3170 1631 3224 αὑτοῦ
1663 3169 1833 3222 οἴκου·
1864 3204 1906 3264 C

1864 3204 1906 3264 ρ
1942 3191 2040 3229 nos
2063 3176 2283 3229 domum
2315 3174 2406 3228 Dei
2439 3182 2687 3226 vocatum
2725 3171 2809 3232 iri,
2845 3180 2895 3222 et
2927 3169 2978 3220 in
3029 3168 3187 3220 fidem
3240 3167 3504 3221 dictorum

278 3266 333 3318 Ὁ
367 3265 479 3333 γὰρ
506 3265 579 3317 τὰ
610 3262 825 3326 πάντα,
876 3263 1031 3331 φησὶ,
1075 3261 1534 3324 κατασκευάσας
1567 3260 1709 3325 Θεὸς
1730 3299 1744 3324 ,
1777 3256 1837 3314 οῦ

267 3357 493 3425 γνήσιος
529 3353 604 3406 ὢν
633 3353 759 3415 Υἱὸς
802 3352 1008 3420 Ἰησοῦς
1055 3353 1082 3403 ὁ
1122 3349 1373 3420 Χριστὸς,
1416 3349 1503 3401 διὰ
1550 3349 1704 3402 τοῦτο
1746 3352 1838 3404 καὶ

269 3447 478 3514 Κύριος
508 3444 600 3497 τοῦ
635 3444 805 3506 οἴκου,
841 3442 953 3495 ἁλλ’
985 3442 1104 3512 οὐχὶ
1133 3442 1405 3512 θεράπων,
1439 3439 1626 3510 ὥσπερ
1655 3442 1682 3493 ὁ
1709 3443 1836 3494 Μω-

271 3538 394 3604 σῆς.
432 3535 566 3589 Μετ’
603 3535 784 3600 ὀλίγον
820 3535 896 3600 δὲ,
924 3533 993 3586 Τὸ
1020 3535 1300 3600 καύχημα
1330 3532 1437 3599 τῆς
1468 3533 1716 3599 ἐλπίδος
1743 3537 1839 3587 καὶ

268 3630 387 3694 τὴν
409 3628 752 3695 παρῤησίαν
771 3626 943 3695 μέχρι
970 3627 1080 3696 (45)
1109 3626 1340 3690 τέλους,
1375 3624 1482 3678 ἐὰν
1508 3626 1761 3689 ,ϐεϐαίαν
1788 3630 1840 3680 οἱ

270 3721 742 3783 πεπιστευκότες
780 3716 1173 3786 κατάσχωμεν
1192 3757 1206 3781 ,
1253 3713 1399 3770 οἷκον
1430 3719 1577 3785 ἡμᾶς
1607 3719 1836 3784 εὐαγγε-

271 3809 556 3875 λιζόμενος
579 3807 914 3878 χρηματίσαι
939 3807 1049 3876 (M)
1085 3806 1179 3859 τοῦ
1223 3807 1388 3872 Θεοῦ,
1420 3811 1518 3871 τὰς
1556 3809 1842 3870 summa;

273 3896 458 3964 φωνάς
496 3897 572 3957 εἰς
620 3894 800 3946 πίστιν
849 3895 956 3947 τῶν
1012 3897 1314 3965 εἰρημένων
1355 3897 1736 3967 προϐάλλεται,
1784 3898 1841 3948 ὲν

274 3982 365 4049 οἷς
392 3986 608 4057 πρῶτον
641 3986 739 4054 μὲν
768 3988 828 4039 τὸ
862 3986 1085 4057 Πνεῦμα
1115 3988 1173 4040 τὺ
1202 3987 1355 4054 ἅγιον
1379 3989 1615 4056 λαλῆσαι
1646 3989 1744 4058 βοᾷ
1773 3989 1839 4040 δι’

272 4078 464 4141 αὑτοῦ,
495 4077 682 4131 ἔπειτα
706 4078 761 4130 δὲ
792 4077 889 4148 τὴν
928 4079 1048 4147 ἴσην
1082 4079 1423 4132 ἀπαιτεῖσθαι
1451 4081 1605 4149 δίκην
1632 4081 1755 4143 τούς
1783 4098 1840 4132 τε

274 4168 373 4222 νῦν
401 4170 632 4238 ἀνήκοον
664 4169 961 4238 ὑπέχοντας
989 4172 1107 4232 ταῖς
1129 4173 1483 4234 Δεσποτικαῖς
1517 4172 1751 4235 ἐντολαῖς
1781 4174 1841 4224 τὸ

275 4255 391 4323 οῦς,
437 4263 531 4314 καὶ
562 4261 686 4323 τοὺς
715 4261 771 4312 ὲν
800 4260 880 4332 τῷ
909 4261 1356 4331 παραπικρασμῷ
1395 4263 1561 4316 πάλαι
1607 4263 1842 4332 σκληρύ-

279 4369 479 4415 ναντας
510 4353 609 4419 τὴν
652 4353 879 4423 καρδίαν
912 4352 1110 4406 αὐτῶν.
1140 4346 1239 4404 Ὧν
1279 4352 1335 4404 δὲ
1375 4354 1406 4422 ή
1446 4354 1684 4422 τιμωρία
1732 4355 1840 4423 ἴση,

280 4445 403 4496 οὐδὲ
435 4444 493 4495 τὸ
533 4445 832 4514 ἁμάρτημα
871 4444 1136 4514 διαφέρει·
1172 4437 1246 4496 ὧν
1279 4444 1335 4496 δὲ
1366 4445 1744 4514 παραπλήσιον
1785 4448 1845 4499 τὸ

1942 3267 2157 3321 Davidis
2201 3266 2356 3320 adert
2389 3265 2574 3328 verba,
2626 3265 2678 3316 in
2736 3263 2932 3330 quibus
2989 3261 3220 3327 primum
3289 3258 3504 3326 quidem

1943 3358 2200 3428 Spiritum
2233 3368 2480 3412 sanctum
2515 3372 2610 3425 per
2641 3355 2788 3407 illum
2818 3352 2962 3420 loqui
3008 3351 3100 3410 ait,
3155 3350 3349 3403 deinde
3381 3364 3507 3401 vero

1940 3448 2528 3511 confirmat,eamdem
2577 3445 2644 3498 ab
2699 3444 2805 3498 illis
2852 3442 2986 3512 exigi
3041 3456 3274 3509 prunam,
3313 3441 3400 3508 qui
3455 3447 3509 3490 et

1942 3556 2086 3593 nunc
2114 3539 2396 3607 praceptis
2457 3537 2665 3589 Domini
2724 3536 3096 3601 immorigeras
3155 3547 3314 3585 aures
3369 3547 3506 3600 prte—

1943 3632 2125 3694 beant,
2176 3641 2230 3684 et
2283 3630 2375 3699 qui
2415 3629 2540 3682 olim
2605 3639 2847 3696 tempore
2923 3623 3356 3679 cxacerbationis
3416 3639 3509 3676 cor

1942 3721 2468 3775 suumoblirmarint.
2531 3718 2772 3784 Quorum
2825 3734 2950 3772 vero
3001 3732 3156 3785 pcena
3187 3715 3505 3776 esteadcm,

1943 3828 2128 3866 eorum
2156 3827 2258 3866 nec
2291 3812 2488 3866 delicta
2535 3810 2818 3876 dillerunt;
2888 3825 3118 3878 quorum
3161 3824 3288 3860 vero
3332 3805 3509 3860 simile

1942 3908 2025 3953 est
2054 3909 2333 3968 peccatum
2367 3941 2382 3964 ,
2447 3915 2636 3952 eorum
2688 3909 2920 3966 utraque
2976 3912 3100 3964 pars
3149 3896 3201 3949 in
3253 3896 3507 3948 eumdem

1944 3988 2110 4041 Deum
2165 4003 2416 4057 peccasse
2471 3987 2834 4042 convincitur.
2873 3987 2941 4040 At
2999 3997 3258 4038 strenuus
3311 3985 3397 4037 ille
3455 3993 3506 4037 et

1945 4080 2183 4135 fervidus
2213 4079 2458 4133 veritatis
2483 4089 2691 4132 amator
2748 4094 2815 4132 ne
2847 4079 2898 4131 in
2935 4079 3020 4131 his
3049 4078 3267 4145 quidem
3294 4075 3509 4143 acquie-

1944 4172 2069 4235 scit,
2100 4179 2159 4225 ut
2187 4171 2372 4241 gratia:
2399 4171 2570 4240 legem
2601 4173 2813 4239 jungat,
2840 4181 3002 4239 atque
3055 4172 3170 4224 lucc
3203 4167 3506 4223 communia

1946 4262 2118 4315 Patris
2151 4271 2204 4315 et
2227 4261 2345 4313 Filii
2373 4276 2494 4316 esse
2520 4263 2792 4325 ostendat,
2820 4262 2914 4316 sed
2942 4271 3146 4324 monet,
3183 4259 3509 4314 exacerban-

1947 4360 2025 4404 tes
2081 4350 2207 4404 olim
2241 4347 2424 4404 Mosen
2451 4389 2465 4414 ,
2517 4360 2570 4404 et
2621 4366 2716 4418 per
2757 4366 2880 4404 eum
2928 4350 3092 4403 Deum
3140 4351 3313 4419 ipsum
3343 4391 3355 4409 ,
3397 4363 3505 4400 non

1947 4447 2108 4499 alium
2140 4455 2399 4509 tentasse,
2435 4460 2595 4514 quam
2629 4446 2776 4498 illum
2805 4461 2965 4513 quem
3008 4442 3244 4512 Spiritus
3287 4451 3508 4494 sant-tus

281 4533 609 4603 ἁμάρτημα,
632 4534 834 4586 τούτων
857 4533 1088 4602 ἑκατέρα
1121 4535 1274 4602 μερὶς
1299 4535 1377 4598 εἰς
1408 4534 1496 4586 τὸν
1525 4536 1686 4588 αὐτὸν
1709 4537 1839 4588 Θεὸν
1875 4533 1918 4586 D

1875 4533 1918 4586 D
1947 4539 2260 4591 annuntiet:
2287 4537 2349 4590 In
2376 4538 2458 4589 die
2487 4537 2655 4601 enim,
2690 4537 2881 4604 inquit,
2907 4536 3228 4598 tentationis,
3257 4536 3309 4586 in
3336 4535 3507 4586 deser-

357 4654 400 4685 ¹⁶
428 4654 586 4708 Item.
619 4669 694 4715 XI.
723 4653 790 4707 '56
891 4653 934 4684 ⁸⁷
970 4650 1133 4706 Hebr.
1173 4667 1257 4714 ιιι,
1290 4651 1344 4704 2.

1423 4654 1466 4684 ¹⁸
1491 4651 1653 4705 llebr.
1691 4670 1770 4718 ιιι,
1805 4681 1857 4708 υ.

1374 4787 1606 4842 νΑἰὶΙΔΕ
1649 4789 2025 4846 LECTIONES
2065 4791 2150 4844 ET
2181 4791 2411 4845 NOT.‘E.

352 4911 465 4980 (ιο)
490 4909 564 4980 Ita
583 4922 710 4973 ms.;
726 4908 826 4980 sed
852 4908 992 4980 forte
1011 4907 1293 4980 legendum
1315 4917 1398 4960 est
1421 4907 1576 4980 Θεοῦ,
1594 4908 1735 4974 quod
1762 4924 1827 4961 es

280 4976 609 5048 compendio
635 4978 1025 5048 seriptionisin
1053 4994 1182 5048 mss.
1207 4979 1401 5048 usitato
1426 4976 1487 5028 θυ
1518 4978 1672 5031 facile
1699 4979 1844 5030 nasci

282 5046 478 5118 potu—it.
517 5047 701 5118 Neque
741 5046 887 5102 enim
917 5046 979 5098 τὺ
1019 5046 1112 5098 σοῦ
1160 5046 1336 5100 locum
1385 5046 1582 5101 habere
1622 5048 1709 5102 hic
1755 5064 1846 5115 per

281 5116 552 5173 Sermonis
586 5116 779 5170 seriem
811 5124 1010 5185 potest.

353 5189 466 5255 (41)
499 5189 784 5252 Δηλονότι
814 5184 1111 5253 ἀρχιερέα.
1151 5185 1316 5238 Recte
1351 5185 1442 5255 ita
1500 5185 1672 5240 eludit
1709 5184 1851 5240 Pho-

285 5254 393 5312 tius
426 5255 730 5310 calumnias
755 5271 947 5309 omnes
975 5271 1096 5324 qua:
1138 5255 1284 5308 nasci
1315 5254 1553 5322 alioquin
1577 5267 1847 5324 poterant,

283 5329 328 5380 si
379 5327 440 5378 τὸ
474 5327 646 5377 ποιεῖν
690 5326 852 5378 αὐτὸν
888 5325 952 5378 ad
998 5324 1273 5378 Christum
1324 5325 1498 5392 ipsum
1537 5325 1848 5379 referretur.

287 5395 514 5450 Scilicet
553 5394 775 5447 verbum
811 5396 982 5446 ποιεῖν
1023 5394 1108 5446 hic
1143 5394 1285 5445 idem
1329 5402 1433 5458 est,
1473 5395 1615 5459 quod
1659 5399 1850 5447 consti-

287 5478 464 5530 tuere,
499 5465 842 5531 inaugurare.
875 5464 988 5518 Hoc
1022 5478 1185 5516 sensu
1215 5462 1441 5515 Joannis
1487 5480 1598 5525 XIX,
1636 5463 1732 5526 12,
1767 5465 1852 5516 di-

286 5535 430 5587 cilur
468 5535 641 5586 ποιεῖν
685 5534 876 5585 ἐαυτὸν
925 5532 1169 5601 βασιλέα,
1212 5541 1266 5585 et
1296 5533 1363 5586 de
1392 5532 1607 5586 Christo
1643 5533 1852 5587 Marcus

287 5605 363 5656 ait
388 5618 437 5656 c.
475 5618 555 5665 ιιι,
592 5601 679 5663 lt,
708 5602 851 5670 quod
878 5603 1097 5672 ἐποίησε
1121 5601 1346 5672 δώδεκα,
1379 5601 1432 5654 id
1454 5611 1554 5664 est,
1581 5601 1729 5672 elegit
1758 5618 1850 5656 seu

289 5673 569 5742 constituit
586 5673 877 5742 duodecim.
909 5671 1049 5742 Lege
1073 5685 1198 5742 qua:
1231 5671 1298 5724 ad
1327 5671 1848 5742 huncposteriorern

293 5743 474 5795 locum
510 5741 789 5794 adnotavit
816 5742 884 5793 cl.
923 5740 1036 5794 Jac.
1071 5741 1349 5802 Elsncrus,
1379 5741 1433 5794 in
1468 5740 1617 5794 Notis
1645 5742 1757 5795 suis
1790 5743 1840 5794 in

292 5810 355 5863 Ν.
389 5810 449 5863 Τ.
480 5828 494 5875 ;
528 5825 588 5864 ac
613 5810 799 5865 confer
830 5819 1086 5879 praeterea
1123 5810 1328 5865 Erasmi
1370 5810 1628 5865 Schmidii
1661 5811 1842 5879 exqui.

1937 4910 2068 4962 sitas
2113 4909 2595 4962 Animadversiones
2638 4909 2707 4959 ad
2737 4906 2805 4960 Ν.
2841 4906 2895 4959 Τ.
2938 4922 3099 4974 super
3151 4905 3312 4959 Hebr.
3341 4922 3420 4966 ιιι.
3451 4907 3507 4960 2.

2016 4979 2126 5047 (42)
2159 4977 2634 5032 Κατασκευιὶσαι.
2666 4977 2744 5031 lla
2774 4978 2892 5045 lego
2923 4992 3019 5045 pro
3047 4975 3504 5038 κατεσκευάσθαι,

1946 5049 2090 5117 quod
2121 5058 2237 5101 erat
2264 5049 2316 5100 in
2351 5063 2451 5100 ms.

2020 5119 2130 5186 (45)
2177 5117 2411 5180 Τέλους.
2449 5117 2523 5170 lta
2557 5115 2780 5186 restituo
2810 5131 2874 5167 ex
2918 5115 3034 5183 ipso
3063 5115 3181 5169 loco
3231 5114 3455 5170 Paulino
3492 5133 3506 5168 :

1950 5185 2048 5241 ms.
2092 5186 2236 5239 enim
2275 5187 2533 5240 mendose
2564 5185 2854 5239 exhibebat
2880 5186 3088 5237 τοῦτον.

2023 5257 2132 5326 (44)
2183 5258 2568 5323 Χρηματίσαι.
2623 5255 2821 5326 Eadem
2873 5257 3107 5326 notione
3137 5255 3360 5309 verbum
3408 5255 3510 5308 hoc

1953 5324 2244 5394 usUrpatur
2270 5325 2319 5377 in
2340 5325 2804 5388 Actihusapostol.
2826 5325 3000 5383 x1326.
3026 5324 3279 5378 ubiJoan.
3305 5326 3508 5394 Grego-

1955 5399 2082 5458 rius,
2109 5395 2188 5446 vir
2212 5395 2575 5456 doctissimus,
2602 5396 2651 5446 in
2677 5394 2820 5446 notis
2845 5395 2908 5446 ad
2938 5395 3178 5460 qmedam
3216 5395 3508 5462 Scriptura:

1952 5467 2088 5525 loca,
2121 5481 2172 5532 p.
2207 5465 2327 5528 162,
2354 5465 2624 5526 observat,
2651 5464 2912 5530 ejusmodi
2942 5465 3175 5516 nominis
3207 5464 3506 5530 impositio-

1953 5550 2076 5588 nem
2100 5535 2314 5601 proprie
2346 5533 2590 5596 indicari,
2622 5549 2739 5599 qme
2762 5532 3072 5584 solemniter
3100 5535 3206 5585 fiat.
3238 5533 3433 5584 Confer
3456 5542 3509 5584 ct

1952 5604 2222 5656 Lamberti
2284 5603 2385 5656 Bos
2433 5601 2819 5656 Observationes
2880 5603 2948 5654 ad
3003 5601 3204 5654 Novum
3242 5601 3506 5662 Trstam.,

1953 5690 2004 5741 p.
2042 5673 2162 5738 l07,
2190 5673 2280 5742 qui
2316 5673 2454 5725 facta
2488 5673 2754 5743 inprimis,
2797 5672 2991 5740 quibus
3029 5689 3220 5726 nomen
3270 5683 3507 5740 paretur,

1954 5743 2103 5797 innui
2141 5743 2438 5797 contendit.
