4222 6432
262 382 365 445 149

1270 391 1562 451 CONTRA
1603 392 2053 453 MANICI-IIEOS
2093 395 2322 454 LIBER
2358 397 2469 454 IlI.

3385 390 3483 452 150

272 494 485 562 Ἀαρὼν
525 493 611 547 διὰ
640 496 880 559 Μωσέως
910 498 1122 566 χρίσας,
1179 499 1274 551 καὶ
1324 501 1603 571 οὐδέτερος
1632 502 1824 553 ἑαυτὸν
1852 500 1902 557 Α
1929 512 1939 556 1

1813 500 1902 557 ιΑ
1929 512 2009 556 ter
2042 519 2229 558 corum
2277 504 2572 558 sacerdotis
2620 500 2813 555 summi
2846 499 3049 551 honore
3093 514 3151 550 se
3196 498 3480 556 mactavit.

257 586 513 648 ἐδόξασεν
542 587 819 655 ἀρχιερέα,
850 587 963 638 ἀλλ’
994 590 1020 639 ό
1040 587 1272 651 καλέσας
1298 590 1522 652 αὐτούς·
1555 591 1670 652 πῶς
1703 591 1822 660 οὐχὶ

261 678 357 729 καὶ
382 676 448 727 τὰ
470 676 568 743 τῆς
589 675 728 738 Νέας
759 679 851 729 καὶ
872 678 938 729 τὰ.
981 680 1077 746 τῆς
1103 679 1341 742 Παλαιᾶς
1368 680 1460 731 τοῦ
1490 682 1653 733 αὐτοῦ
1687 683 1824 734 είσιν

273 765 509 831 ’Λγαθοῦ
533 766 625 817 καὶ
669 767 805 834 ἔργα
839 769 931 819 καὶ
956 769 1145 837 vitiat;
1187 766 1331 840 'Apa
1379 772 1433 823 δὲ
1464 772 1823 839 ήάποστασία

260 857 357 907 ἐπὶ
386 856 544 908 πλέον
574 858 1005 925 ἀναισχυντοῠσα
1033 860 1126 911 καὶ
1152 860 1246 929 τὴν
1270 860 1527 929 ἀλήθειαν
1566 862 1656 913 τὸν
1696 862 1827 928 Χρι-

264 946 391 997 στὸν
420 945 771 1013 ψευδολογίας
846 948 1107 1015 γράφοιτο
1162 950 1419 1018 γραφήν;
1484 950 1540 1000 Ὁ
1584 949 1683 1015 μὲν
1719 950 1827 1018 γὰρ

263 1032 412 1097 λέγει
440 1047 451 1057 ·
496 1034 839 1087 Ἐλεύσεται
875 1039 907 1087 ό
940 1036 1044 1088 τοῦ
1076 1038 1307 1103 κόσμου
1346 1038 1563 1104 ἅρχων,
1616 1038 1709 1089 καὶ
1760 1038 1829 1089 ἐν

265 1119 395 1186 ἐμοὶ
432 1119 677 1188 εὑρήσει
712 1122 910 1176 οὐδέν.
957 1124 1021 1175 'H
1072 1123 1127 1175 δὲ
1173 1125 1403 1192 λέγουσα
1452 1126 1514 1178 τὸ
1564 1125 1743 1195 σῶμα,
1802 1126 1829 1177 ὃ

265 1212 479 1282 ἐφόρει.
514 1212 736 1281 πλάσμα
764 1210 901 1267 εἶναι
948 1215 1043 1267 τοῦ
1096 1217 1361 1287 Πονηροῦ,
1406 1218 1501 1287 τῆς
1546 1220 1829 1288 Ἀληθείας

268 1302 331 1355 τὸ
380 1300 575 1369 ψεῦδος
610 1303 866 1372 καταχέει
916 1305 1149 1375 πικρῶς.
1186 1307 1292 1359 Καὶ
1330 1308 1358 1359 ὁ
1404 1310 1500 1376 μὲν
1532 1308 1607 1371 ὡς
1640 1310 1832 1361 Δεσπό-

267 1407 368 1460 της
395 1392 617 1443 πάντων
648 1393 741 1444 καὶ
789 1394 991 1462 Κύριος
1019 1397 1112 1447 καὶ
1168 1397 1517 1466 δημιουργὸς,
1567 1398 1655 1450 ὅτε
1696 1399 1831 1471 πρὸς

268 1480 521 1534 ἑκούσιον
544 1484 638 1534 καὶ
687 1484 951 1553 σωτήριον
1001 1486 1093 1539 τοῦ
1144 1488 1351 1555 κόσμου
1388 1488 1560 1551 πάθος
1596 1490 1833 1559 παρεγέ-

268 1592 410 1635 νετο,
448 1575 650 1645 Κύριον
707 1578 895 1628 ἑαυτὸν
936 1578 1029 1630 καὶ
1078 1579 1177 1648 τῆς
1212 1581 1332 1631 ὄνου
1374 1582 1468 1631 καὶ
1522 1578 1616 1632 τοῦ
1652 1578 1831 1632 πώλου

269 1666 525 1733 ἀπέφηνε
550 1666 683 1735 πρὸς
717 1667 841 1727 τοὺς
876 1666 1142 1737 μαθητάς.
1193 1670 1299 1720 Καὶ
1348 1670 1453 1737 γὰρ
1502 1670 1835 1740 δημιουργή-

273 1772 423 1824 ματα
473 1758 567 1808 καὶ
617 1758 717 1825 τῆς
750 1756 944 1810 ἑαυτοῦ
982 1758 1301 1828 κυριότητος
1352 1762 1445 1812 καὶ
1489 1760 1829 1822 δεσποτείας,

1933 594 2025 646 sed
2067 594 2109 646 is
2135 594 2225 661 qui
2273 609 2366 647 eos
2398 592 2639 654 vocavit,
2683 588 2955 659 quomodo
2992 603 3096 640 non
3126 602 3211 639 res
3252 584 3385 639 Novi
3434 596 3489 638 ct

1931 680 2140 736 Veteris
2172 682 2496 736 Testamenti
2529 680 2766 749 ejusdem
2792 677 2915 732 boni
2946 676 3037 729 Dei
3069 685 3123 729 et
3149 691 3309 744 opera
3363 684 3485 728 sunt

1932 782 1986 827 et
2015 774 2349 842 leges?Num
2385 789 2512 827 vero
2533 771 2847 825 defectionis
2881 769 3033 822 turba
3062 807 3076 831 ,
3129 767 3268 820 facta
3305 768 3485 833 impu-

1932 863 2166 923 dentior.
2190 863 2485 927 Christum,
2521 862 2797 914 veritatem
2825 861 3019 929 ipsam,
3050 858 3314 912 mendacii
3358 866 3485 910 uota

1933 952 2239 1006 insimulare
2267 953 2617 1007 audeat?llle
2672 952 2815 1004 enim
2874 950 2985 1003 ait:
3027 949 3198 1002 Veniet
3248 949 3485 1015 princeps

1932 1044 2133 1107 mundi,
2155 1053 2201 1095 et
2233 1045 2287 1096 in
2319 1059 2397 1095 me
2430 1044 2655 1095 inveniet
2687 1040 2816 1093 nihil
2845 1041 2908 1092 ".
2947 1040 3063 1108 Ipsa
3094 1052 3226 1093 vero
3268 1053 3485 1106 corpus,

1934 1133 2078 1201 quod
2103 1133 2536 1196 circumferebat,
2562 1140 2862 1186 creaturam
2891 1130 3014 1182 mali
3048 1129 3353 1191 venditans,
3386 1128 3489 1180 Ve-

1936 1224 2147 1277 ritatem
2189 1223 2453 1276 virulente
2480 1222 2743 1275 mendacii
2793 1220 2989 1290 arguit.
3050 1219 3225 1286 Atque
3252 1218 3338 1269 ille
3367 1216 3490 1284 qui—

1936 1314 2080 1374 dem,
2105 1321 2164 1365 ut
2201 1312 2459 1365 Dominus
2487 1312 2724 1364 omnium
2752 1321 2805 1363 et
2835 1310 3100 1379 superior,
3131 1317 3184 1362 et
3210 1306 3491 1368 Conditor,

1936 1403 2150 1471 quando
2178 1402 2242 1455 ad
2275 1402 2602 1470 passionem,
2658 1402 2860 1455 mundo
2893 1400 3230 1469 profuturam
3254 1439 3268 1462 ,
3304 1408 3493 1467 sponte

1938 1507 2031 1543 sua
2055 1491 2319 1550 veniebat,
2348 1504 2407 1541 se
2434 1497 2486 1541 et
2515 1489 2679 1542 asina:
2699 1497 2752 1541 et
2776 1488 2900 1556 pulli
2928 1489 3207 1541 dominum
3234 1488 3495 1540 adversus

1937 1581 2229 1649 discipulos
2282 1581 2607 1634 declarabat.
2663 1578 2791 1630 Nam
2821 1588 3094 1631 creaturas
3127 1572 3369 1632 dominio
3396 1592 3494 1630 suo

1939 1681 1993 1725 ct
2027 1672 2253 1740 imperio
2281 1687 2431 1741 asque
2460 1672 2715 1734 vindicat,
2756 1686 2817 1723 ac
2865 1672 3144 1730 mundum,
3178 1679 3232 1722 et
3278 1685 3395 1738 qua:
3437 1669 3491 1721 in

1940 1779 2003 1816 co
2030 1774 2173 1817 sunt.
2204 1763 2327 1817 Ideo
2356 1764 2455 1817 ait:
2491 1764 2549 1817 Si
2575 1763 2689 1831 quis
2715 1763 3001 1829 quidquam
3041 1761 3178 1812 vobis
3205 1761 3393 1811 dixerit
3417 1761 3495 1812 di—

270 1845 466 1917 ὦσπερ
495 1848 523 1899 ό
547 1848 748 1916 κόσμος
779 1850 872 1900 καὶ
902 1849 970 1901 τά
999 1852 1057 1901 ὲν
1086 1850 1255 1919 αὐτῷ,
1290 1849 1435 1902 οὕτω
1482 1852 1576 1902 καὶ
1636 1851 1827 1903 ταῦτα.
1870 1846 1907 1897 Β
1934 1885 1937 1900 ‹

1826 1895 1827 1901 η
1870 1846 1907 1897 Β
1934 1855 2065 1906 cite:
2098 1854 2348 1906 Dominus
2389 1854 2495 1906 illis
2526 1869 2651 1919 opus
2701 1852 2873 1904 habet.
2906 1851 3096 1903 Statim
3126 1867 3242 1904 vero
3271 1852 3493 1902 dimittet

268 1940 363 1989 Διό
391 1955 555 2007 φησιν
575 1954 589 1967 ·
634 1938 773 1991 Ἐάν
803 1956 890 2003 τις
915 1939 1053 2007 εἴπῃ
1088 1941 1229 2007 ὑμῖν
1282 1959 1354 2006 τι,
1380 1942 1580 2007 ἐρεῖτε,
1633 1943 1722 1994 ὅτι
1775 1944 1835 1994 '0

269 2031 489 2096 Κύριος
514 2028 712 2082 αὐτῶν
742 2030 950 2095 χρείαν
996 2029 1140 2097 ἔχει.
1182 2030 1421 2096 Εὐθέως
1460 2032 1528 2083 δὲ
1584 2033 1861 2086 ἀποστε-’

268 2120 495 2189 λεῖμῖ)
533 2119 703 2172 αὑτά.
731 2120 835 2172 Καὶ
855 2120 882 2171 ὁ
925 2121 1021 2189 μὲν
1060 2122 1292 2189 Χριστὸς
1314 2121 1515 2190 Κύριον
1546 2122 1736 2175 ἑαυτὸν
1762 2123 1835 2185 ὡς

269 2211 500 2280 κτίστης
529 2212 625 2279 τῆς
656 2228 714 2263 τε
760 2212 881 2263 ὄνου
936 2213 1029 2264 καὶ
1091 2212 1185 2263 τοῦ
1223 2212 1405 2265 πώλου
1451 2213 1636 2280 λέγει·
1699 2217 1730 2281 ἡ
1779 2214 1834 2266 δὲ

268 2302 580 2353 ἀποστασία
645 2301 742 2354 οὐκ
780 2302 1029 2371 ἀνέχεται
1083 2300 1261 2365 τοῦτο,
1326 2301 1463 2354 ἀλλὰ
1518 2302 1616 2369 τῆς
1670 2300 1834 2353 αὑτοῦ

270 2392 520 2453 ἐξουσίας
540 2392 857 2461 ἀρπάζουσα
889 2392 992 2444 ὑπὸ
1015 2392 1113 2461 τὴν
1136 2392 1495 2462 δημιουργίαν
1528 2394 1711 2446 τάττει
1740 2392 1832 2445 τοῦ

286 2484 537 2553 Ἐχθροῦ.
577 2485 721 2537 Ἔδει
750 2484 889 2548 δὲ,εί
940 2486 1067 2554 μήτι
1093 2486 1237 2546 ἄλλο,
1281 2486 1666 2555 δυσωπηθῑψαι
1710 2488 1835 2550 τοὺς

272 2577 664 2643 ἁδυσωπὴτους
704 2576 917 2638 καὶτὰς
952 2575 1115 2639 ἄλλας
1150 2576 1244 2628 τοῦ
1287 2577 1572 2629 θεσπεσίου
1626 2577 1834 2629 Παύλου

274 2667 480 2732 φωνάς.
522 2667 751 2732 Λέγουσι
805 2666 912 2735 γὰρ
958 2660 1139 2730 αὗται,
1176 2667 1397 2736 μείζονα
1426 2668 1522 2734 μὲν
1546 2665 1641 2718 τοῦ
1700 2667 1834 2735 dum.

278 2757 507 2824 μοκότος
550 2757 629 2825 τῷ
676 2756 924 2827 ’Δὸραὰμ
977 2760 1051 2829 μὴ
1100 2755 1235 2810 εἷναι
1290 2758 1471 2828 ἕτερον
1527 2758 1688 2822 Θεὸν,
1746 2758 1838 2810 καὶ

273 2851 613 2919 ἀμετάθετον
641 2852 699 2903 ὲν
722 2852 841 2911 ταῖς
883 2849 1233 2917 ἐπαγγελίαις
1257 2889 1271 2911 ,
1322 2851 1413 2901 καὶ
1450 2848 1708 2902 ἀδύνατον
1738 2850 1859 2917 ab:

276 2940 369 2991 τὸν
388 2938 690 3007 ψεύσασθαι
725 2938 930 3008 (οὕτως
955 2938 1102 3007 αὐτῷ
1130 2938 1190 2990 τὸ
1228 2940 1324 3007 τῆς
1342 2938 1594 3007 ἀληθείας
1624 2939 1839 3007 ἀξίωμα

277 3028 677 3099 συνουσίωται)
710 3030 802 3081 καὶ
830 3030 927 3097 τῆς
961 3032 991 3098 ἡ
1003 3028 1118 3098 μῶν
1145 3028 1252 3080 τῶν
1308 3029 1646 3097 Χριστιανῶν
1691 3030 1840 3081 ἐλπί-

275 3123 366 3183 δος
397 3121 657 3191 παροχέα.
691 3120 797 3171 Καὶ
830 3120 936 3187 γάρ
964 3137 1094 3187 φησι
1117 3135 1128 3146 ·
1167 3119 1248 3180 Τῴ
1275 3118 1341 3170 δὲ
1385 3119 1839 3188 Ἀϐραὰμὲπαγ-
1866 3166 1908 3222 C

280 3218 631 3287 γειλάμενος
666 3218 696 3268 ό
744 3215 905 3278 Θεὸς,
935 3214 1062 3266 ἐπεὶ
1119 3215 1243 3266 κατ’
1272 3212 1518 3277 οὐδενὸς
1570 3208 1695 3280 εἶχε
1716 3215 1840 3282 μεί-

285 3310 456 3372 ζονος
511 3307 742 3374 ὀμόσαι,
769 3304 963 3373 ὤμοσε
986 3303 1111 3357 καθ’
1133 3304 1349 3357 ἑαυτοῦ
1373 3304 1589 3371 λέγων,
1620 3322 1674 3356 κ.
1713 3321 1763 3356 τ.
1789 3304 1838 3355 λ.

283 3398 479 3459 καὶώς
530 3395 999 3464 μακροθυμήσας
1060 3397 1092 3446 o'
1148 3394 1399 3462 Ἀϐραὰμ
1451 3395 1704 3461 ἐπέτυχε
1732 3394 1839 3459 τῆς

287 3485 682 3553 ἐπαγγελίας·
735 3484 828 3534 καὶ
873 3483 976 3545 ὃτι,
1006 3481 1381 3547 ,Βουλόμενος
1414 3482 1446 3533 ό
1477 3480 1658 3545 αὐτὸς
1700 3480 1841 3544 Θεὸς

286 3576 720 3644 περισσότερον
772 3571 1063 3635 ἐπιδεῖξαι
1122 3571 1245 3636 τοῖς
1286 3572 1686 3638 κληρονόμοις
1734 3569 1843 3638 τῆς

284 3663 886 3737 ἐπαγγελίας,οίτινές
936 3664 1101 3730 ἐσμεν
1133 3663 1313 3730 ἡμεῖς,
1368 3660 1433 3712 τὸ
1483 3660 1845 3728 ἀμετάθετον

286 3759 399 3827 τῆς
428 3755 668 3823 βουλῆς
698 3754 881 3807 αὑτοῦ
921 3752 1308 3821 ἐμεσίτευσεν
1365 3748 1553 3818 ὅρκῳ·
1604 3750 1705 3804 ἳνα
1748 3749 1845 3804 διὰ

285 3852 399 3905 δύο
448 3845 801 3915 πραγμάτων
854 3843 1241 3912 ἀμεταθέτων,
1295 3842 1364 3894 ἐν
1417 3837 1507 3907 οἷς
1548 3842 1846 3896 ἀδύνατον

287 3942 635 4013 ψεύσασθαι
678 3936 845 3999 Θεὸν,
887 3937 1141 4002 ἰσχυρὰν
1162 3933 1543 4001 παράκλησιν
1584 3934 1838 4001 ἔχωμεν,

290 4033 447 4093 Τίνες
466 4029 608 4099 (48);
641 4027 828 4094 Ἡμεῖς
845 4027 893 4078 οἱ
907 4024 1307 4091 καταφυγόντες
1326 4024 1595 4094 κρατῆσαι
1612 4024 1707 4092 τῆς
1726 4041 1847 4093 προ-

292 4120 551 4187 κειμένης
578 4116 811 4177 ὲλπίδος.
841 4115 1143 4185 Προσέσχες
1166 4114 1276 4183 (49)
1302 4114 1446 4176 ὅπως
1476 4113 1697 4182 μείζονα
1718 4114 1848 4166 Θεὸν

289 4210 482 4263 οὐδένα
508 4207 654 4275 λέγει
678 4207 861 4277 ἕτερον
899 4204 993 4256 τοῦ
1037 4204 1407 4273 παρασχόντος
1439 4204 1529 4255 τὸν
1580 4204 1739 4271 ὅρκον
1771 4202 1848 4272 τῷ

306 4301 589 4370 Ἀδραάμς
634 4297 751 4361 πῶς
788 4298 843 4349 δὲ
896 4297 1075 4364 πάσης
1126 4296 1287 4349 αὐτὸν
1343 4294 1594 4364 ἀληθείας
1639 4297 1844 4364 ἀνακη-

292 4395 473 4463 ρύττει
504 4391 687 4461 πηγήν
712 4407 726 4455 ;
753 4391 897 4451 ὃπως
918 4388 975 4440 δὲ
1008 4388 1165 4456 ἡμεῖς
1206 4388 1255 4438 ol.
1286 4386 1713 4449 πεπιστευκότες
1767 4389 1846 4448 είς

1936 1943 2029 1995 illa
2059 1944 2126 1996 ".
2163 1944 2231 1997 Et
2256 1944 2505 1997 Christus
2537 1943 2776 2010 quidem,
2812 1951 2869 1995 ut
2898 1941 3168 2003 conditor,
3206 1942 3494 1993 Dominum

1936 2050 1993 2089 sc
2017 2045 2071 2089 et
2094 2036 2259 2090 asinae
2281 2044 2335 2090 et
2358 2035 2487 2104 pulli
2519 2044 2703 2088 vocat:
2732 2043 2788 2088 at
2817 2043 3180 2103 apostatarum
3214 2032 3373 2086 factio
3392 2033 3492 2085 hoc

1936 2141 2043 2179 non
2066 2125 2187 2189 fert,
2216 2126 2309 2180 sed
2333 2125 2582 2195 potestati
2617 2126 2733 2193 ejus
2768 2125 3069 2192 surripiens
3099 2124 3351 2191 potestati
3400 2123 3495 2176 ho.

1936 2217 2031 2269 stis
2048 2216 2282 2283 subjicit.
2308 2218 2376 2269 At
2406 2215 2648 2269 homines
2676 2215 2820 2267 omni
2844 2213 3048 2282 pudore
3067 2228 3266 2267 vacuos
3294 2214 3495 2281 pudere

1937 2304 2163 2357 debebat
2186 2305 2268 2358 vel
2295 2304 2363 2358 ob
2390 2304 2553 2358 divini
2586 2305 2732 2357 Pauli
2757 2306 2990 2357 oracula.
3036 2305 3124 2356 Illa
3152 2304 3297 2356 enim
3351 2302 3493 2354 amr—

1937 2404 2106 2458 mant,
2144 2395 2403 2463 majorem
2434 2410 2519 2459 eo,
2569 2396 2657 2462 qui
2690 2395 2953 2463 juraverit
2981 2395 3288 2447 Abrahamo
3321 2435 3336 2458 ,
3387 2408 3495 2446 non

1936 2498 2057 2537 esse
2087 2482 2250 2536 alium
2292 2482 2481 2545 Deum,
2511 2497 2741 2549 eumque
2772 2483 2826 2535 in
2880 2482 3332 2552 promissionibus
3383 2484 3497 2536 suis

1937 2573 2347 2635 immutabilem,
2385 2581 2437 2626 et
2489 2572 2577 2641 qui
2609 2573 2822 2625 mentiri
2878 2588 2983 2625 non
3020 2572 3189 2641 possit
3222 2574 3350 2642 (quo
3375 2574 3497 2643 ipso

1938 2666 2135 2718 veritas
2180 2674 2431 2734 tanquam
2462 2666 2527 2717 ad
2558 2666 2846 2719 essentiam
2871 2666 2985 2733 ejus
3009 2667 3288 2734 pertinens
3318 2667 3497 2721 decla-

1940 2758 2122 2825 ratur)
2169 2764 2469 2824 nostrzeque
2509 2756 2941 2808 Christianorum
2975 2756 3087 2824 spei
3140 2766 3327 2811 auctor
3358 2758 3488 2811 exsi-

1940 2856 2062 2900 stat.
2095 2846 2179 2898 Ait
2201 2844 2343 2898 enim
2387 2863 2399 2898 :
2428 2845 2722 2897 Abrahamo
2754 2862 2871 2898 vero
2901 2846 3160 2912 pollicitus
3186 2847 3341 2910 Deus,
3374 2850 3497 2917 quia

1939 2954 2027 3002 per
2056 2937 2307 3003 majorem
2327 2937 2512 3003 jurare
2553 2953 2653 2988 non
2705 2939 2892 3005 potuit,
2928 2954 3020 3004 per
3084 2940 3309 3005 seipsum
3340 2941 3499 3006 jura-

1940 3026 2031 3089 vit,
2060 3026 2235 3077 dicens
2267 3024 2309 3056 “
2336 3042 2350 3089 ;
2384 3034 2513 3089 etc.;
2538 3025 2664 3078 item
2687 3026 2828 3093 quod
2866 3028 3211 3090 Abrahamus,
3246 3030 3500 3095 patientia

1940 3117 2157 3184 probata
2185 3118 2574 3181 promissionem
2607 3128 2788 3169 nactus
2828 3127 2901 3171 est
2935 3120 3016 3181 '5;
3062 3135 3161 3173 nec
3193 3136 3324 3183 non,
3358 3122 3501 3189 quod

1944 3208 2084 3261 idem
2116 3207 2269 3268 Deus,
2305 3209 2475 3259 adhuc
2498 3210 2665 3277 magis
2692 3211 2979 3263 hwredibus
3004 3213 3378 3277 promissionis,
3411 3213 3501 3281 qui

1943 3313 2043 3351 nos
2071 3312 2279 3359 sumus,
2314 3298 2589 3351 consilium
2611 3316 2763 3352 suum
2796 3310 2850 3352 ut
2883 3317 2981 3353 non
3013 3302 3262 3354 mutabile
3292 3305 3502 3355 demon-

1942 3398 2223 3451 straturus,
2258 3388 2640 3456 jusjurandum
2685 3392 3011 3459 interposuit,
3052 3402 3107 3443 ut
3140 3408 3230 3458 per
3259 3392 3360 3444 duo
3402 3409 3502 3445 non

1944 3478 2239 3541 mutabilia,
2262 3478 2313 3529 in
2337 3479 2518 3546 quibus
2548 3480 2730 3548 fallere
2760 3480 2900 3532 Deus
2923 3498 3023 3533 non
3054 3491 3240 3549 potest,
3294 3483 3504 3548 ﬁrmum

1945 3567 2189 3622 solatium
2226 3568 2509 3621 habeamus
2542 3569 2607 3621 ".
2648 3568 2919 3633 Quinam?
2962 3570 3070 3623 Nos
3109 3571 3363 3635 omnino,
3408 3574 3497 3641 qui

1945 3657 2286 3728 confugimus
2315 3658 2381 3712 ad
2404 3659 2691 3713 tenendam
2724 3674 2874 3729 spem
2908 3662 3270 3729 propositam?
3309 3662 3505 3716 Obser-

1946 3753 2154 3809 vastine
2202 3752 2348 3823 quod
2377 3752 2546 3807 Deum
2572 3752 2701 3805 dicit
2732 3766 2836 3803 non
2869 3752 3036 3803 alium
3062 3752 3129 3805 ab
3162 3768 3226 3805 eo
3273 3755 3363 3821 qui
3391 3754 3505 3822 jus-

1942 3845 2232 3917 jurandum
2262 3847 2568 3900 Abrahamo
2599 3846 2882 3914 praestitit;
2909 3845 3052 3914 quod
3084 3845 3332 3899 eumdem
3362 3848 3503 3899 veri-

1953 3938 2076 3990 tatis
2109 3937 2312 3989 fontem
2348 3936 2639 4004 przedicat;
2686 3935 2826 4003 quod
2859 3942 2913 3986 et
2949 3950 3068 3996 nos,
3100 3936 3190 4004 qui
3239 3937 3507 3991 credimus

1949 4028 2003 4081 in
2042 4028 2337 4091 Christum,
2372 4027 2497 4081 inde
2528 4027 2793 4081 habemus
2823 4027 3073 4081 solatium
3105 4037 3159 4081 et
3188 4029 3329 4081 vires
3356 4044 3505 4096 spem

1948 4120 2279 4187 pr0posilam
2314 4119 2714 4186 consequendi?
2748 4118 2845 4171 Ubi
2898 4119 3060 4188 igitur
3098 4120 3279 4172 Bonus
3329 4120 3418 4173 ille
3452 4129 3507 4174 et

1948 4207 2118 4262 Malus
2148 4219 2252 4269 est,
2282 4209 2372 4261 tibi
2422 4217 2507 4261 est
2550 4207 2639 4261 illa
2679 4209 2880 4281 veteris
2919 4218 2973 4263 et
3027 4211 3152 4262 novi
3199 4211 3507 4264 testamenti

1948 4300 2183 4355 divisio?
2214 4300 2349 4364 Quis
2375 4314 2505 4353 vero
2560 4308 2677 4361 est.
2733 4300 2823 4368 qui
2885 4316 3082 4353 nevum
3124 4310 3505 4354 testamentum

1949 4389 2109 4442 etiam
2151 4403 2314 4456 super
2360 4388 2578 4440 domum
2627 4387 2763 4441 Juda
2798 4387 3063 4456 perfecit?
3110 4387 3224 4441 Nisi
3279 4388 3379 4456 ipsi
3412 4389 3504 4441 tibi

289 4483 525 4552 Χριστὸν
558 4480 765 4533 ἐκεῖθεν
786 4479 979 4548 ἔχομεν
1027 4476 1367 4545 παράκλησιν
1393 4476 1489 4528 καὶ
1542 4477 1694 4544 ἰσχὺν
1748 4478 1846 4545 τῆς
1879 4486 1921 4540 D
1952 4494 1956 4530 1

1836 4494 1846 4539 ;
1879 4486 1921 4540 ι)
1952 4477 2277 4547 respondere
2308 4476 2500 4544 placet,
2533 4477 2658 4530 audi
2692 4476 2911 4529 Paulum
2962 4477 3240 4531 doctorem
3276 4492 3503 4545 respon-

290 4574 661 4644 προκειμένης
730 4570 940 4631 ἐλπίδος
1012 4568 1321 4638 κρατῆσαι;
1385 4566 1494 4619 Ποῦ
1565 4567 1741 4620 τοίνυν
1820 4570 1850 4619 ὁ

302 4665 531 4733 Ἀγαθδς
558 4666 651 4716 καὶ
674 4665 702 4715 ό
755 4660 1017 4730 Πονηρὸς,
1050 4660 1199 4727 καὶὴ
1242 4659 1339 4727 τῆς
1391 4659 1632 4720 Παλαιᾶς
1686 4676 1851 4712 κατα-

289 4756 469 4824 τομή;
519 4754 612 4815 Τίς
664 4752 720 4805 δὲ
762 4750 921 4804 πάλιν
968 4750 1112 4802 ἐστὶν
1143 4749 1171 4801 ὁ
1218 4748 1314 4817 τὴν
1345 4748 1536 4816 καινὴν
1584 4748 1849 4818 διαθήκην

292 4846 636 4905 συντελέσας,
664 4844 757 4896 καὶ
792 4842 883 4894 ἐπὶ
907 4842 997 4893 τὸν
1033 4836 1177 4893 οἷκον
1220 4838 1385 4892 Ἰούδα
1412 4856 1425 4904 ;
1451 4840 1511 4892 Εἰ
1560 4840 1634 4909 μὴ
1673 4840 1849 4909 βούλει

289 4939 475 5007 λέγειν
527 4934 705 4997 αὐτὸς,
753 4933 982 4987 ἄκουσον
1039 4930 1131 4983 τοῦ
1198 4928 1555 5000 μυσταγωγοῦ
1595 4931 1841 4997 λέγοντος

292 5026 509 5085 Παύλου
537 5040 551 5054 ·
594 5024 740 5092 λέγει
791 5022 899 5092 γὰρ
946 5020 1045 5084 τὰς
1092 5020 1434 5091 προφητικὰς
1472 5018 1841 5089 οἰκειούμενος

1946 4571 2162 4624 dentem
2190 4586 2204 4633 ;
2238 4568 2528 4637 respondet
2549 4568 2691 4621 enim
2732 4568 3046 4635 prophetica
3076 4568 3329 4621 vaticinia
3352 4568 3508 4621 adhi-

1947 4660 2119 4714 beas:
2155 4658 2284 4710 Ecce
2309 4660 2417 4710 dies
2457 4658 2683 4719 veniunt,
2717 4657 2793 4708 ait
2828 4656 3098 4719 Dominus,
3131 4666 3180 4709 et
3232 4658 3506 4723 perﬁciam

1946 4767 2097 4817 super
2125 4752 2334 4802 domum
2364 4749 2502 4802 .Iuda
2532 4757 2899 4800 testamentum
2944 4765 3151 4802 novum.
3182 4748 3395 4803 Adhibe
3424 4789 3437 4811 .
3474 4765 3506 4803 0

1948 4845 2130 4904 homo,
2165 4842 2438 4895 mentem!
2471 4839 2589 4893 Non
2625 4841 2908 4893 secundum
2958 4850 3323 4893 testamentum
3368 4844 3507 4909 quod

1952 4936 2044 5005 feci
2079 4936 2312 5002 patribus
2358 4948 2570 4995 eorum,
2603 4933 2655 4983 in
2684 4932 2766 4983 die
2802 4930 2893 4983 illo
2920 4969 2935 4994 ,
2976 4946 3073 5000 quo
3123 4947 3308 4982 manus
3330 4946 3507 4983 eorum

1952 5024 2300 5092 apprehendi,
2340 5039 2455 5075 cum
2495 5023 2790 5075 reducerem
2835 5037 2920 5074 eos
2956 5036 3019 5073 ea:
3069 5020 3295 5090 Egypto
3326 5037 3343 5074 :
3370 5020 3506 5085 quod

366 5170 411 5202 ¹²
441 5167 597 5223 Joan.
622 5182 732 5231 ιιν,
765 5165 855 5221 50.
932 5165 978 5197 ”
997 5163 1182 5223 Matth.
1214 5178 1289 5227 ιι,
1321 5163 1373 5218 5.
1453 5164 1495 5193 "
1526 5161 1689 5216 llebr.
1736 5179 1808 5224 vr,
1844 5164 1927 5217 15.
2005 5167 2033 5195 ’³

1063 5164 1182 5223 ιιιιι.
1214 5178 1289 5227 xt,
1321 5163 1373 5218 5.
1453 5164 1495 5193 "
1526 5161 1689 5216 llebr.
1736 5179 1808 5224 vr,
1844 5164 1927 5217 15.
2005 5167 2049 5197 ’⁵
2076 5166 2207 5219 ibid.
2247 5164 2332 5218 15.
2410 5163 2455 5194 ⁸⁸
2485 5163 2615 5218 ibid.
2647 5165 2730 5217 17.

1304 5294 1538 5348 VARle
1583 5294 1963 5353 LECTIONES
2004 5296 2090 5350 ΕΤ
2120 5295 2352 5352 ΝΟΤᾸΕ.

372 5408 921 5483 (ΔηηἊποστελεῐ.
981 5408 1293 5483 lta_scripsi
1362 5421 1425 5483 ex
1466 5414 1613 5483 textu
1670 5410 1853 5483 sancti

294 5474 661 5552 evangelista
693 5495 789 5548 pro
844 5479 1179 5552 ᾁποστέλλει,
1216 5474 1383 5552 '__quod
1438 5489 1539 5527 ms.
1598 5474 1850 5552 habebat.

294 5542 554 5620 Quamvis
578 5542 721 5622 enim
764 5548 900 5622 et_in
929 5548 1156 5622 reliquis
1185 5542 1385 5622 aliquid
1430 5552 1602 5622 mutet
1638 5542 1848 5622 Noster,

297 5612 415 5678 haec
438 5632 617 5675 tamen
648 5619 699 5670 in
735 5618 899 5672 verbo
929 5618 1032 5672 isto
1052 5612 1356 5672 'diversitas
1396 5612 1462 5665 ab
1500 5613 1618 5680 ejus
1667 5618 1845 5671 consi-

296 5696 367 5749 lio
393 5707 498 5744 non
536 5689 771 5757 profecta
802 5688 1033 5741 videtur.

369 5762 480 5819 (48)
516 5760 718 5821 Τίνες;
750 5757 821 5812 lla
864 5758 1348 5827 interpuugcndam
1389 5776 1586 5815 censeo
1637 5759 1842 5817 oratio-

1956 5426 2077 5463 ncm
2118 5412 2259 5465 hanc
2290 5427 2388 5480 pro
2408 5427 2493 5473 eo,
2530 5411 2671 5478 quod
2699 5426 2802 5464 ms.
2845 5421 3026 5463 notam
3070 5411 3504 5480 interrogationis

1954 5481 2122 5533 refert
2151 5481 2217 5533 ad
2247 5491 2571 5549 sequentem
2580 5496 2779 5549 vocem
2808 5481 3039 5540 ἐλπίδος.

2022 5550 2130 5617 (19)
2157 5548 2520 5617 Προσέσχες.
2553 5548 2804 5603 Fortasse
2848 5549 3132 5617 legendum
3169 5549 3500 5617 imperative.

1952 5622 2205 5686 πρόσχες,
2262 5622 2311 5673 ἱ‹Ι
2371 5629 2447 5671 est
2501 5621 2730 5683 attende,
2792 5634 2893 5685 qua
2940 5633 3070 5671 voce
3135 5633 3275 5685 saepe
3337 5623 3504 5672 utitur

1950 5688 2138 5742 Noster
