4222 6432
720 385 813 455 151
1874 385 2135 447 ΡΙΙΟΤΙΙ
2174 384 2387 445 PATR]

1874 385 2135 447 PIIOTII
2174 384 2675 447 PATRIARCHE
2715 386 2823 449 ΟΡ.

721 504 818 574 feci
831 517 941 572 ego,
974 498 1167 569 inquit,
1206 513 1313 551 non
1350 512 1497 561 vero,
1546 512 1645 552 ceu
1680 509 1735 552 tu
1766 499 1869 563 ais,
1921 498 2115 560 malus,
2145 500 2283 567 quod
2315 504 2363 560 Α

2315 504 2363 560 Α
2397 499 2852 570 πρταγορεύσεις·
2924 497 3079 554 Ἰδοὺ
3153 498 3364 567 ἡμέραι
3442 500 3739 567 ἔρχονται.
3789 496 3950 565 λέγει

720 594 816 662 feci
874 589 1106 657 patribus
1149 603 1328 641 eorum
1355 588 1424 638 ’⁷.
1453 586 1519 640 Et
1551 586 1711 655 paulo
1739 596 1891 653 post:
1922 585 2008 638 Illi
2046 602 2145 639 non
2170 601 2284 653 per-
2384 636 2387 645 ,

2281 615 2284 623 ι
2384 594 2619 659 Κύριος,
2656 593 2754 645 καὶ
2775 590 3127 646 συντελέσω
3164 591 3265 643 ἐπὶ
3309 589 3416 643 τὸν
3468 590 3637 643 οἷκον
3698 588 3948 656 Ἰσραὴλ

719 684 958 735 stiterunt
990 680 1043 730 in
1069 686 1375 731 testamento
1401 693 1532 741 meo,
1556 686 1603 729 et
1634 694 1724 745 ego
1745 676 1940 745 neglexi
1966 694 2051 729 eos
2068 678 2127 725 "'.
2152 676 2284 740 Quis
2384 709 2386 734 ;

2384 684 2483 736 καὶ
2546 684 2644 735 ἐπὶ
2696 683 2803 736 τὸν
2858 683 3026 736 οἷκον
3104 680 3299 736 Ἰούδα
3380 682 3673 748 διαθήκην
3733 680 3952 746 καινὴν

721 774 807 826 illa
840 770 1116 840 loquitur?
1153 768 1411 823 Dominus
1450 768 1647 837 inquit,
1674 778 1728 821 at
1758 784 1864 821 non
1908 767 2097 822 Malus.
2140 767 2280 822 Sub~
2385 792 2388 823 4

2385 773 2747 843 (ὲπίστρεψον,
2780 773 3053 844 ἄνθρωπε,
3107 774 3200 825 τὸν
3255 771 3447 839 νοῦν),
3501 774 3574 825 οὺ
3634 772 3782 824 κατὰ
3839 770 3953 836 τὴν

716 866 894 935 jungit
925 864 1103 918 enim:
1148 862 1254 915 Hoc
1292 870 1366 913 est
1399 870 1787 925 testamentum,
1824 863 1961 925 quod
2008 862 2283 929 disponam
2382 898 2383 907 η

2382 864 2675 931 διαθήκην
2702 863 2783 931 ἢν
2835 864 3096 931 ἐποίησα
3164 863 3288 928 τοῖς
3315 862 3615 929 πατράσιν
3656 862 3856 915 αὐτῶν
3881 862 3952 914 ἐν

721 972 813 1025 ego
838 954 1014 1007 domui
1046 951 1262 1006 Israelis
1292 961 1407 1018 post
1442 953 1549 1005 dies
1581 953 1670 1005 Iros
1690 993 1702 1015 ,
1730 953 1896 1021 inquit
1928 951 2179 1004 Dominus
2204 951 2280 1013 ”;
2383 977 2388 990 ι

2383 955 2600 1024 ἡμέρᾳ,
2677 952 3109 1023 ἐπιλαϐομένου
3173 970 3291 1021 μου
3380 952 3491 1020 τῆς
3572 952 3769 1019 χειρὸς
3848 952 3954 1005 αὐ-

722 1046 1003 1114 disponam
1033 1059 1153 1114 ego,
1189 1059 1297 1097 non
1328 1045 1496 1097 alius:
1531 1044 1818 1112 disponam
1846 1056 1943 1112 ego
1965 1057 2187 1103 novum,
2225 1052 2284 1095 ut
2384 1066 2389 1089 <

2384 1046 2547 1109 τῶν,
2607 1045 2923 1114 ἐξαγαγεῖν
3003 1043 3228 1108 αὐτοὺς
3309 1042 3379 1106 ἐξ
3458 1044 3806 1111 Αἰγύπτου,
3875 1040 3957 1109 ῆν

722 1136 960 1204 disposui
994 1142 1247 1189 etvetus.
1279 1134 1547 1198 Videsne,
1599 1133 1873 1203 quomodo
1931 1134 2129 1188 iterum
2180 1134 2283 1187 ite-
2380 1157 2389 1189 ι

2380 1138 2658 1204 ἐποίησα,
2684 1137 2848 1207 φησὶν
2872 1176 2887 1202 ,
2924 1134 3036 1188 ἀλλ’
3063 1135 3203 1204 οὐχὶ,
3235 1134 3309 1196 ὡς
3333 1136 3396 1186 σὺ
3418 1134 3619 1201 λέγεις,
3648 1136 3677 1185 ὁ
3698 1133 3952 1201 πονηρὸς,

724 1242 951 1296 rumque
989 1225 1190 1281 Paulus
1214 1227 1464 1281 eumdem
1515 1236 1569 1281 et
1618 1227 1818 1280 veteris
1846 1235 1901 1290 et
1954 1226 2078 1280 novi
2116 1235 2281 1281 testa-
2384 1246 2391 1279 τ

2384 1227 2465 1295 ἦν
2542 1228 2800 1294 ἐποίησα
2884 1226 3009 1292 τοῖς
3086 1224 3389 1293 πατράσιν
3476 1223 3698 1278 αὐτῶν.
3786 1219 3951 1276 Εἶτα·

725 1318 890 1371 menti
918 1326 1192 1371 auctorem
1237 1317 1519 1371 celebret?
1571 1316 1852 1382 Quomodo
1912 1332 2040 1371 vero
2097 1327 2282 1371 sancta
2375 1335 2392 1372 Α

2375 1319 2549 1372 Αὐτοὶ
2592 1320 2703 1371 οὐκ
2752 1316 3067 1386 ἐνέμειναν
3086 1317 3173 1383 ,ἐν
3209 1315 3285 1383 τῇ
3338 1315 3591 1381 διαθήκῃ
3622 1331 3761 1384 μου,
3798 1314 3960 1382 κάτπὼ

727 1416 853 1460 sunt
885 1413 940 1460 et
976 1407 1172 1458 Sancta
1196 1416 1509 1459 sanctorum
1542 1407 1651 1466 illa,
1686 1423 1807 1475 qua:
1837 1405 1901 1459 ad
1929 1416 2085 1460 vetus
2112 1408 2281 1475 perti-
2382 1428 2394 1462 ι

2382 1411 2661 1478 ἠμέληκα
2685 1408 2904 1463 αὐτῶν.
2932 1408 3029 1469 Τίς
3079 1410 3107 1461 ὀ
3156 1408 3361 1476 Myer);
3428 1407 3488 1460 Ὀ
3536 1406 3739 1477 Κύριός
3769 1422 3956 1474 φησιν,

726 1508 873 1561 nent,
902 1498 947 1550 si
978 1514 1006 1550 a
1037 1497 1176 1551 Malo
1204 1506 1319 1551 orta
1354 1498 1519 1551 sunt?
1539 1498 1626 1550 Ait
1654 1498 1799 1551 enim
1826 1520 1835 1551 :
1871 1498 2281 1552 Tabernaculum
2382 1519 2393 1553 t

2382 1500 2495 1553 ἀλλ’
2530 1502 2629 1569 οὐχ
2661 1500 2690 1551 ὁ
2715 1499 2976 1570 Πονηρός.
2995 1499 3221 1566 Ἐπάγει
3250 1498 3383 1567 γὰρ,
3421 1498 3585 1564 Αὕτη
3612 1498 3649 1564 η
3678 1496 3955 1564 διαθήκη,

727 1588 871 1649 prius
893 1586 1114 1638 habebat
1153 1595 1414 1654 prazcepta
1446 1586 1656 1651 cultus,
1686 1596 1736 1639 et
1778 1597 2016 1640 sanctum
2054 1590 2282 1641 munda-
2386 1612 2394 1645 ι

2386 1592 2465 1660 ἧν
2494 1592 2851 1660 διαθήσομαι
2892 1589 2972 1656 τῷ
3016 1591 3163 1657 οἴκῳ
3198 1590 3438 1659 Ἰσραὴλ
3475 1590 3621 1657 μετὰ
3654 1590 3760 1657 τὰς
3812 1590 3957 1658 ἠμέ-

730 1697 872 1740 num,
898 1688 946 1730 et
989 1677 1384 1730 tabernaculum
1431 1686 1688 1731 structum
1716 1687 1787 1730 est
1826 1679 2064 1743 primus,
2102 1679 2157 1729 in
2183 1694 2283 1745 quo
2375 1701 2397 1750 ι

2375 1698 2490 1750 ρας
2558 1682 2813 1747 ὲκείνας,
2845 1680 3005 1749 λέγει
3080 1681 3293 1748 Κύριος
3325 1697 3340 1711 ο
3403 1680 3731 1751 διαθήσομαι
3807 1678 3956 1747 ἐγὼ,

729 1766 1303 1832 candelabrum,mensa
1330 1777 1375 1820 et
1391 1767 1676 1835 propositio
1702 1782 1897 1833 panum
1922 1777 2176 1836 eratque
2198 1768 2282 1820 di-

728 1862 863 1911 citur
904 1866 1087 1912 sancta
1131 1874 1149 1909 :

732 1949 927 2002 Sancta
964 1960 1262 2001 sanctorum
1287 1947 1350 2000 ³⁸.
1389 1946 1667 2011 Quomodo
1702 1948 1878 2015 itaque
1917 1948 2111 2001 Sancta
2163 1964 2288 2002 san-

730 2050 939 2093 ctorum
965 2039 1205 2100 fuerunt,
1244 2038 1331 2092 ubi
1372 2055 1499 2090 arca
1532 2055 1698 2092 aurea
1749 2038 1927 2090 habuit
1988 2055 2208 2100 manna,
2240 2050 2287 2091 et

732 2131 876 2198 virga
902 2128 1123 2181 Aaronis
1154 2130 1380 2197 reposita
1408 2129 1530 2197 fuit,
1560 2140 1608 2181 et
1649 2128 1842 2182 tabula:
1878 2131 2217 2182 testamenti?
2239 2140 2288 2183 et

731 2221 985 2289 quomodo
1034 2218 1315 2274 Clterubim
1347 2221 1529 2289 gloria
1558 2221 1929 2274 obumbrarunt
1984 2220 2079 2273 illa
2104 2221 2178 2283 7",
2214 2220 2288 2273 si-

731 2312 946 2381 quidem
979 2312 1092 2365 ha‘c
1128 2321 1394 2380 pnecepta
1423 2320 1542 2365 erat
1564 2312 1811 2380 principii
1853 2312 1979 2365 mali
2007 2321 2061 2366 et
2095 2312 2288 2366 adver-

733 2404 937 2457 santis?
978 2402 1261 2467 Quomodo
1289 2418 1419 2456 vero
1460 2403 1598 2456 idem
1627 2404 1811 2472 gratize
1849 2417 2027 2471 prasco
2073 2402 2288 2463 clamat,

734 2496 883 2549 verbo
918 2496 1125 2563 quidem
1161 2494 1251 2546 Dei
1298 2504 1490 2562 parata
1522 2511 1627 2546 esse
1656 2495 1848 2547 swcula
1872 2536 1884 2556 ,
1926 2503 1973 2545 et
2004 2493 2068 2545 ab
2114 2500 2289 2545 eodem

735 2588 843 2641 Deo
866 2604 925 2640 ex
959 2603 1062 2639 non
1097 2586 1467 2653 apparentibus
1490 2587 1715 2639 risibilia
1753 2588 1894 2653 [acta
1929 2586 2013 2635 “?
2040 2586 2095 2637 Si
2146 2584 2288 2637 enim

737 2677 965 2731 visibilia
994 2678 1160 2731 verbo
1196 2677 1325 2731 fecit
1359 2678 1520 2743 Deus,
1550 2678 1688 2730 sicut
1714 2686 1767 2731 et
1792 2677 2003 2740 saecula,
2024 2678 2295 2745 quomodo

737 2779 993 2838 apostata:
1028 2769 1190 2821 alium
1230 2770 1446 2838 quidem
1488 2768 1698 2837 ﬁngunt
1744 2769 2034 2822 visibilium
2063 2809 2077 2831 ,
2127 2769 2291 2823 alium

739 2861 1153 2930 intelligibilium
1205 2861 1582 2914 conditorem?
1640 2864 1704 2914 Et
1761 2876 1922 2927 quam
1982 2860 2149 2913 multa
2194 2862 2293 2913 alia

738 2952 921 3005 afferri
956 2961 1196 3019 possent,
1218 2966 1315 3020 per
1340 2966 1459 3019 quae
1491 2950 1757 3005 sententia
1790 2959 2161 3018 apostatarum
2186 2952 2295 3007 Deo

739 3044 963 3098 adversa
990 3051 1044 3095 et
1070 3041 1171 3095 sibi
1204 3042 1302 3110 ipsi
1330 3056 1435 3095 non
1464 3051 1738 3105 constans,
1769 3042 2107 3096 confuteturl
2147 3043 2293 3108 Quo-

742 3134 904 3188 modo
929 3132 1073 3186 enim
1105 3132 1281 3185 bonus
1313 3131 1453 3185 Deus
1474 3132 1681 3200 justum
1711 3148 1831 3187 esse
1866 3141 2095 3186 testatur
2153 3134 2296 3186 Abe-

743 3226 868 3285 lem,
893 3225 937 3277 si
972 3223 1095 3276 mali
1120 3222 1313 3277 fuisset
1342 3222 1660 3285 conditoris,
1694 3232 1747 3277 et
1792 3228 2063 3291 quomodo
2093 3224 2301 3278 sacriﬁ-

744 3315 885 3368 cium
911 3314 1030 3383 ejus
1079 3314 1329 3382 recepit,
1393 3315 1703 3383 donumque
1748 3316 1865 3383 ejus
1900 3314 2004 3369 ﬁde
2060 3315 2301 3369 oblatum

746 3404 945 3457 Paulus
992 3405 1239 3457 nuntiat?
1262 3405 1386 3457 Fide
1414 3406 1579 3469 enim,
1610 3406 1802 3473 inquit,
1833 3406 1959 3459 Abel
1992 3409 2304 3475 sacriﬁcium

746 3511 855 3562 prce
888 3495 1022 3547 Cain
1049 3497 1231 3548 obtulit
1283 3497 1409 3559 Deo,
1448 3514 1541 3564 per
1591 3515 1746 3566 quam
1773 3500 1949 3565 justus
2002 3502 2305 3555 declaratus

745 3596 841 3648 est,
881 3596 1101 3641 testante
1125 3604 1279 3656 super
1312 3590 1460 3641 donis
1495 3590 1607 3655 ejus
1642 3589 1745 3642 Deo
1777 3591 1840 3643 ”.
1867 3592 2146 3655 Quomodo
2177 3609 2305 3647 vero

747 3678 868 3732 ﬁdei
895 3694 1029 3747 opus
1056 3688 1137 3733 est
1171 3680 1449 3734 translatio
1490 3680 1727 3744 Enochi,
1779 3689 1832 3735 et
1864 3684 2134 3750 quomodo
2188 3683 2304 3752 pla-

745 3770 857 3825 cnit
884 3769 1035 3824 Deo?
1062 3779 1117 3824 et
1167 3772 1436 3839 quomodo
1472 3772 1697 3828 credere
1740 3784 1953 3843 oportet
1993 3791 2115 3829 eum
2147 3817 2161 3841 ,
2213 3777 2303 3845 qui

748 3864 1003 3917 accedere
1032 3863 1143 3916 vult
1168 3864 1232 3917 ad
1263 3864 1453 3925 Deum,
1486 3865 1676 3918 horum
1710 3866 2093 3919 beneﬁciorum
2119 3877 2306 3921 aucto-

748 3966 884 4015 rem,
918 3953 1061 4021 quod
1090 3954 1326 4021 primum
1361 3955 1577 4022 quidem
1604 3955 1718 4023 ipse
1746 3964 1847 4017 est,
1878 3957 1969 4024 qui
2015 3972 2142 4011 vere
2191 3958 2305 4010 cxi-

749 4039 863 4105 stit,
885 4048 939 4093 et
970 4041 1235 4094 mercedis
1258 4052 1446 4095 auctor
1476 4050 1587 4107 est;
1621 4043 1662 4095 si
1689 4042 1879 4107 Malus,
1936 4044 2307 4115 malorumque

748 4145 971 4200 operum
996 4142 1146 4185 actor
1179 4133 1484 4193 exsisteret,
1516 4134 1620 4188 Sed
1649 4136 1772 4203 quid
1796 4138 2006 4200 attinet,
2034 4138 2303 4207 sigillatim

750 4234 1034 4275 recensere
1064 4223 1202 4287 illos,
1235 4223 1325 4291 qui
1365 4223 1417 4275 in
1476 4224 1643 4276 veteri
1680 4234 2004 4279 testamento
2055 4227 2305 4280 eminue-

751 4319 897 4375 runt,
932 4328 1270 4383 quorumque
1292 4314 1533 4367 omnium
1564 4314 1617 4367 in
1648 4315 1818 4368 Deum
1848 4316 2010 4370 ﬁdem
2042 4318 2303 4381 celebrat,

750 4403 975 4467 Nnehi,
1006 4414 1153 4474 puta.
1208 4414 1263 4459 et
1313 4405 1627 4469 Abrahami,
1657 4414 1711 4458 et
1739 4405 1902 4459 lsaaei
1937 4445 1952 4468 ,
2003 4415 2059 4460 et
2090 4405 2303 4471 Jacobi,

2388 1774 2488 1824 οὐκ
2519 1773 2706 1836 ἄλλος·
2736 1772 3060 1842 διαθήσομαι
3094 1770 3203 1839 ἑγὼ
3230 1771 3327 1841 τὴν
3356 1771 3566 1839 καινὴν,
3594 1770 3669 1832 ὡς
3700 1769 3961 1839 διεθέμην

1203 1867 1250 1910 et
1286 1860 1419 1925 quod
1460 1868 1574 1925 post
1626 1859 1904 1910 secundum
1955 1858 2122 1911 velum
2171 1867 2285 1911 erat
2321 1858 2361 1881 ”
2393 1865 2487 1917 καὶ
2539 1863 2638 1933 τὴν
2690 1862 2870 1914 scalari

2321 1858 2361 1881 ”
2393 1865 2487 1917 καὶ
2539 1863 2638 1933 τὴν
2690 1862 2944 1914 παλαιάν.
2984 1862 3144 1931 Ὁρᾷς
3193 1860 3310 1923 πῶς
3360 1861 3472 1914 ἄνω
3534 1860 3625 1912 καὶ
3671 1860 3821 1912 κάτω
3867 1861 3961 1911 τὸν

2394 1953 2554 2005 αὑτὸν
2612 1952 2705 2005 καὶ
2760 1952 2859 2019 τῆς
2923 1950 3164 2013 Παλαιᾶς
3206 1950 3299 2002 καὶ
3345 1949 3443 2019 τῆς
3503 1949 3645 2011 Νέας
3686 1948 3962 2019 Διαθήκης

2396 2044 2688 2114 νομοθέτην
2736 2046 2763 2096 ὁ
2822 2041 3030 2103 Παῦλος
3083 2043 3332 2110 ἁνυμνεῖς
3418 2040 3539 2102 Πῶς
3611 2040 3657 2091 δ’
3707 2038 3772 2093 ἂν
3832 2041 3962 2108 ἅγια

2396 2137 2485 2187 καὶ
2522 2134 2692 2201 ἁγίων
2738 2133 2898 2199 Ἀγια
2928 2132 2993 2183 τὰ
3014 2132 3111 2200 τῆς
3144 2131 3412 2201 προτέρας
3453 2129 3746 2199 Διαθήκης,
3778 2132 3827 2182 εἰ
3859 2148 3960 2183 πο-

2395 2225 2564 2295 νηρᾶς
2597 2222 2917 2291 νομοθεσίας
2964 2217 3066 2292 ἦνς
3110 2223 3274 2289 Λέγει
3320 2221 3430 2292 γὰρ
3455 2236 3470 2252 ο
3498 2218 3642 2290 Ετχε
3676 2221 3714 2288 η
3759 2220 3959 2288 πρώτη

2396 2313 2594 2382 σκηνὴ
2628 2312 2989 2381 δικαιώματα
3021 2313 3302 2379 λατρείας
3345 2313 3414 2365 τό
3444 2328 3509 2365 τε
3536 2312 3708 2381 ἅγιον
3746 2328 3961 2380 κοσμι-

2400 2410 2529 2473 κόν,
2583 2406 2679 2459 καί
2718 2405 2921 2472 σκηνή
2955 2404 3411 2471 κατεσκευάσθη
3441 2404 3721 2473 ἡπρώτη.
3776 2406 3872 2456 ‘Er
3922 2399 3962 2475 ᾖ

2401 2501 2437 2567 ἢ
2464 2517 2527 2553 τε
2552 2499 2775 2566 λυχνία
2810 2499 2906 2550 καὶ
2943 2499 2980 2565 ἡ
3021 2495 3276 2564 τράπεζα
3320 2497 3414 2549 καὶ
3447 2497 3485 2560 ἢ
3518 2498 3797 2564 πρόθεσις
3842 2495 3962 2548 τῶν

2398 2592 2610 2659 ἀρτων,
2648 2590 2779 2656 ἣτις
2809 2588 3043 2659 λέγεται
3086 2588 3269 2654 Ἅγια.
3296 2588 3403 2641 Καὶ
3432 2587 3469 2653 ἡ
3498 2586 3646 2655 μετὰ
3666 2585 3780 2653 τὴν
3809 2585 3963 2653 πρώ-

2400 2700 2513 2749 την
2549 2680 2811 2749 σκηνὴν,
2892 2680 3031 2750 ἅγια
3056 2678 3187 2751 (50),
3229 2679 3328 2732 καὶ
3384 2678 3568 2747 ἁγίων
3602 2678 3793 2746 Ἅγια,
3823 2680 3894 2732 ὲν
3922 2672 3963 2749 ᾖ

2400 2774 2665 2843 στάμνος
2711 2774 2828 2842 μὲν
2852 2768 2973 2841 εἶχε
3001 2773 3066 2825 τὸ
3111 2772 3312 2839 μάννα
3355 2769 3579 2838 χρυσῆ,
3612 2769 3709 2821 καί
3737 2768 3965 2835 ῥάϐδος

2402 2866 2468 2919 δὲ
2538 2865 2815 2919 ἀπέκειτο
2872 2865 2979 2917 τοῦ
3040 2862 3285 2931 Ἀαρὼν,
3336 2861 3433 2915 καὶ
3466 2864 3526 2915 αι
3584 2860 3813 2925 πλάκες
3852 2859 3967 2925 τῆς

2403 2956 2709 3022 διαθήκης.
2745 2954 2855 3007 Καὶ
2906 2954 3021 3016 πῶς
3069 2953 3345 3024 Χερουϐὶμ
3392 2953 3549 3021 δόξης
3605 2953 3966 3014 κατεσκίαςεν

2404 3045 2540 3099 αὐτὰ
2562 3086 2576 3110 ,
2624 3047 2671 3097 εἰ
2721 3046 2819 3114 τῆς
2853 3044 3139 3097 ὲπιῆούλου
3186 3045 3282 3097 καὶ
3317 3046 3557 3113 πονηρᾶς
3589 3043 3763 3113 ἀρχῆς
3792 3042 3967 3095 ταῦτα

2404 3137 2801 3207 προστάγματα
2828 3131 2927 3205 ἧν;
2957 3135 3078 3197 Πῶς
3117 3135 3173 3186 δὲ
3220 3134 3382 3187 πάλιν
3432 3136 3460 3186 ὁ
3489 3134 3649 3196 αὐτὸς
3689 3134 3785 3201 τῆς
3808 3134 3967 3202 χάρι-

2404 3246 2496 3285 τος
2556 3226 2729 3296 κῆρυξ
2779 3226 2897 3295 βοᾷ,
2950 3224 3165 3292 ῥήματι
3217 3225 3333 3291 μὲν
3377 3224 3525 3277 Θεοῦ
3576 3224 3966 3290 κατηρτίσθαι

2406 3315 2547 3377 τοὺς
2579 3313 2816 3378 αἰῶνας,
2849 3315 3005 3380 παρὰ
3031 3313 3135 3365 τοῦ
3156 3311 3341 3365 αὑτοῦ
3362 3313 3428 3365 δὲ
3457 3311 3604 3365 Θεοῦ
3626 3313 3694 3365 ἐκ
3723 3312 3808 3380 μὴ
3834 3329 3969 3379 φαι-

2404 3405 2674 3474 νομένων
2705 3405 2817 3475 (51)
2850 3405 2919 3457 τὰ
2938 3405 3289 3468 ,ϐλεπόμενα
3319 3402 3629 3472 τενέσθαι;
3668 3405 3729 3455 El
3756 3405 3863 3472 γὰρ
3897 3406 3969 3456 τὰ

2408 3496 2713 3564 βλεπέμενα
2776 3497 2978 3565 ῥήματι
3025 3495 3323 3562 πεποίηκεν
3363 3496 3389 3546 ὁ
3443 3494 3594 3555 Θεὸς,
3650 3493 3838 3563 ὥσπερ
3874 3497 3971 3546 καὶ

2407 3590 2535 3649 τοὺς
2571 3586 2789 3648 αἰῶνας,
2820 3586 3006 3655 ἕτερον
3032 3584 3129 3654 μὲν
3160 3586 3383 3638 πλάττει
3413 3584 3519 3637 τῶν
3552 3584 3899 3653 βλεπομένων
3932 3587 3967 3652 ὴ

2406 3677 2710 3729 ἀποστασία
2763 3674 3112 3744 δημιουργὸν,
3164 3674 3349 3744 ἕτερον
3382 3673 3438 3725 δὲ
3474 3674 3581 3726 τῶν
3625 3674 3967 3742 νοουμένωνς

2406 3768 2552 3820 Πόσα
2581 3768 2644 3820 ἄν
2678 3783 2760 3829 τις
2790 3764 2938 3837 εἴπῃ,
2970 3766 3065 3817 καὶ
3096 3765 3182 3817 διὰ
3207 3766 3386 3817 πόσων
3410 3768 3507 3835 τῆς
3538 3765 3877 3827 ἀποστασίας
3906 3765 3973 3817 τὸ

2406 3860 2669 3928 οεομάχον
2700 3858 2793 3910 καὶ
2848 3857 3148 3910 ἀσύστατον
3176 3856 3422 3927 διελέγχῃ
3442 3857 3595 3927 (52);
3628 3857 3753 3920 Πῶς
3800 3858 3910 3925 γὰρ
3940 3858 3971 3908 ὁ

2406 3950 2607 4016 ἀγαθὸς
2662 3950 2793 4011 Θεὸς
2825 3948 3031 4000 δίκαιον
3083 3950 3348 4017 μαρτυρεῖ
3373 3949 3464 3999 τὸν
3497 3947 3684 4011 Ἀϐελ,
3710 3948 3758 4000 ει
3798 3965 3969 4015 πονη-

2410 4043 2506 4111 ρᾶς
2539 4041 2786 4101 πλάσεως
2815 4035 2903 4108 ἦν,
2941 4040 3035 4091 καὶ
3060 4040 3158 4108 τὴν
3208 4037 3377 4091 αὑτοῦ
3416 4037 3608 4090 ουσίαν
3644 4038 3972 4107 προσεδέξα-

2407 4141 2515 4194 το,τ
2546 4133 2641 4184 καὶ
2686 4131 2746 4182 τὸ
2778 4131 2951 4200 δῶρον
3000 4129 3164 4183 αὐτοῦ
3196 4129 3405 4192 Παῦλος
3452 4130 3633 4182 πίστει
3666 4128 3966 4198 κηρύσσεις

2406 4226 2611 4278 Πίστει
2672 4221 2801 4289 γὰρ,
2878 4222 3064 4290 φησὶν,
3118 4223 3299 4274 Ἀϐελ
3340 4222 3562 4274 θυσίαν
3601 4220 3760 4287 παρά
3817 4221 3974 4274 Κάῖν

2407 4313 2783 4384 προσήνεγκε
2821 4311 2901 4376 τῷ
2931 4310 3071 4376 Θεῷ,
3109 4312 3181 4364 δι’
3208 4307 3284 4380 ἧς
3327 4310 3701 4380 ἐμαρτυρήθη
3738 4310 3973 4377 δίκαιος

2405 4402 2559 4459 εἶναι
2579 4420 2592 4433 ο
2638 4403 3083 4472 μαρτυροῦντος
3107 4402 3204 4455 ἐπὶ
3250 4401 3372 4468 τοῖς
3394 4401 3603 4469 δώροις
3638 4401 3829 4455 αὐτοῦ
3862 4401 3970 4455 τοῦ

752 4510 1000 4562 ιιιειιιιιιε,
1054 4514 1148 4551 eos
1179 4512 1287 4551 non
1342 4497 1515 4549 solum
1550 4511 1646 4565 per
1687 4504 1850 4550 totam
1892 4498 2052 4551 vitam
2118 4498 2305 4553 ﬁdeles
2332 4498 2419 4556 Dl

2299 4517 2305 4550 ι
2332 4498 2385 4556 Ι)
2413 4496 2579 4550 Θεοῦ.
2614 4495 2737 4557 Πῶς
2770 4494 2825 4547 δὲ
2853 4494 3087 4556 πίστεως
3118 4493 3209 4545 καὶ
3242 4494 3273 4561 ἡ
3312 4493 3601 4563 μετάθεσις
3633 4493 3727 4546 τοῦ
3770 4492 3966 4561 Ἑνὼχ,

750 4588 933 4651 fuisse,
958 4587 1053 4640 sed
1090 4598 1144 4639 et
1165 4584 1457 4639 secundum
1488 4584 1641 4638 ﬁdem
1670 4594 1985 4653 praesentem
2025 4586 2186 4641 vitam
2212 4588 2307 4642 de-

2410 4588 2503 4641 καὶ
2532 4586 2649 4649 πῶς
2695 4585 3029 4656 εὺηρέστησε
3060 4582 3138 4654 τῷ
3158 4584 3306 4653 Θεῷς
3336 4586 3435 4639 καὶ
3472 4584 3591 4649 πῶς
3636 4585 3716 4638 δεῖ
3746 4584 3971 4638 πιστεῦ-

817 4747 860 4777 ’⁷
888 4746 1091 4801 Jerem.
1122 4763 1270 4812 xxxi,
1305 4748 1493 4802 51-53.
1569 4748 1613 4779 "
1636 4747 1799 4801 Hebr.
1834 4762 1951 4810 vm,
1978 4748 2093 4803 8-9.
2170 4750 2213 4781 "
2254 4749 2384 4804 ibid.
2426 4750 2484 4804 10

2299 4749 2384 4803 ἠδ.
2426 4750 2511 4804 lO.
2585 4748 2629 4780 ³ο
2674 4746 2836 4801 llebr.
2881 4761 2956 4808 Ix,
2990 4746 3045 4797 2.
3120 4746 3160 4777 ³⁸
3199 4745 3330 4799 ibid.
3361 4746 3414 4799 ι.
3491 4745 3535 4777 ³³
3566 4743 3729 4799 llebr.
3770 4761 3863 4806 χι,
3913 4745 3966 4799 5.

750 4817 794 4847 ³⁸
832 4817 962 4870 ibid.
996 4818 1048 4870 4.

1840 4910 2074 4965 VARUE
2111 4910 2489 4969 LECTIONES
2524 4910 2612 4964 ET
2651 4909 2879 4965 NOTAE).

823 5000 935 5069 (50)
967 5004 1125 5056 Μετὰ
1148 5002 1262 5071 τὴν
1285 5003 1523 5070 πρώτην
1546 5002 1788 5067 σκηνὴν
1810 5001 1963 5069 ἅγια.
1996 5003 2166 5057 Aliter
2197 5005 2312 5059 hac

750 5072 1001 5142 leguntur
1024 5073 1076 5124 in
1110 5082 1258 5127 textu
1307 5073 1545 5140 Apostoli
1577 5071 1764 5124 Graeco
1793 5072 1825 5122 Ι.
1861 5088 1935 5142 (ι),
1962 5090 2013 5125 v.
2047 5074 2080 5125 5
2111 5092 2122 5127 :
2152 5074 2312 5127 Μετὰ

750 5141 823 5194 se
838 5143 903 5194 τὸ
934 5141 1218 5208 δεύτερον
1265 5144 1688 5207 καταπέτασμα
1713 5141 1912 5206 σκηνὴ
1944 5143 1980 5207 ἡ
2016 5143 2309 5210 λεγομένη

754 5210 926 5278 "Arta
954 5211 1156 5277 ἁγίων.
1207 5213 1378 5281 Atque
1426 5212 1513 5265 hic
1557 5224 1749 5281 sensus
1780 5211 1956 5263 clarus
1994 5222 2095 5274 est,
2127 5213 2217 5281 qui
2257 5212 2309 5265 in

750 5281 951 5343 verbis,
985 5290 1145 5348 prout
1176 5282 1261 5335 hic
1290 5279 1609 5343 alierumur,
1649 5279 1844 5332 frustra
1870 5279 2311 5349 quernum—Hinc

751 5356 807 5400 et
840 5350 891 5401 in
920 5352 1166 5403 versione
1194 5362 1413 5405 secutus
1440 5367 1555 5403 sum
1582 5349 1862 5416 scriptoris
1902 5351 2042 5403 sacri
2078 5360 2303 5405 textum.

755 5416 1082 5489 _Varietatem
1123 5430 1303 5474 autem
1354 5421 1573 5473 librario
1622 5417 2001 5489 negligentiori
2046 5429 2175 5489 puto
2205 5422 2301 5473 tri-

752 5486 1043 5557 lmendam,
1105 5490 1227 5557 quia
1274 5489 1589 5557 Eulhymius
1627 5488 1678 5539 in
1740 5485 1999 5555 Panoplia
2046 5485 2174 5549 ~sua,
2214 5490 2302 5543 ubi

756 5553 930 5608 Pbotii
1007 5553 1147 5611 hanc
1224 5553 1653 5613 dissertationem
1721 5553 1904 5608 contra
1982 5557 2305 5611 Maniclueos

754 5626 1015 5745 fxctltrpit,
1045 5630 1223 5682 locum
1252 5630 1491 5697 Apostoli
1518 5627 1691 5688 alIert,
1721 5636 1881 5691 prout
1909 5628 1961 5680 in
1988 5637 2135 5681 textu
2154 5643 2306 5681 sacro

781 5712 856 5745 "2|
891 5711 971 5745 ur.

781 5711 971 5762 --guur.

824 5783 936 5843 (δι)
980 5787 1069 5838 Ἐκ
1093 5788 1178 5855 μίι
1206 5790 1595 5860 φαινομένων.
1644 5792 1715 5845 ιω
1752 5790 1943 5843 Noster
1988 5805 2082 5856 pro
2143 5790 2214 5855 μὴ
2246 5790 2305 5839 1::

2410 5002 2767 5082 φαινομένῳν,
2819 5002 2962 5082 quod
3020 5000 3234 5080 codices
3287 5010 3489 5082 omnes
3547 5004 3603 5051 et
3676 4996 3970 5082 scriptores

2407 5066 2777 5131 ecclesiastici,
2810 5066 2854 5124 si
2913 5070 3233 5137 Gregorium
3287 5066 3619 5137 Nyssenum,
3644 5067 3969 5122 observante

2410 5141 2592 5204 Millio,
2622 5140 2878 5209 excipias,
2903 5136 3184 5195 exhibent.
3220 5136 3351 5209 Quae
3382 5146 3563 5189 autem
3611 5136 3969 5209 bine_nasea-

2412 5221 2496 5265 tur
2522 5225 2715 5263 sensus
2744 5204 3092 5271 'diﬁ‘ercntia,
3126 5207 3411 5261 ostendere
3438 5214 3665 5259 conatur
3712 5204 3971 5259 Melehior

2413 5279 2804 5350 Leydeekerus,
2858 5279 2911 5332 in
2946 5277 3301 5350 Arclia'ologia
3342 5291 3514 5350 sacra,
3577 5274 3708 5328 diss.
3740 5290 3778 5334 ι.
3820 5274 3845 5339 §
3880 5276 3969 5336 53,

2411 5345 2530 5419 pagi.
2567 5350 2650 5402 l7.
2686 5349 2956 5403 Caeterum
3000 5350 3142 5417 quod
3180 5345 3388 5399 Hebraei
3436 5353 3627 5397 vocant
3678 5353 3835 5401 NYDJ
3881 5353 3969 5429 VR

2410 5442 2461 5496 id
2498 5441 2600 5495 dici
2634 5450 2811 5510 potest
2841 5440 3025 5496 Graece
3056 5439 3128 5509 μὴ
3163 5438 3509 5510 φαινόιιενρν,
3532 5444 3680 5510 recte
3711 5447 3970 5510 monente

2410 5504 2725 5564 doctissimo
2780 5508 3019 5565 Gustavo
3052 5504 3282 5577 Georgio
3332 5504 3599 5561 ’Zeltnero
3630 5505 3684 5559 in
3736 5504 3963 5559 Dissert.

2411 5582 2471 5633 de
2497 5580 3038 5645 Bircatllamminim,
3078 5596 3129 5648 p.
3174 5578 3259 5631 76.

2485 5650 2593 5715 (52)
2625 5650 2928 5716 Διελέγχῃ.
2951 5644 3032 5704 Ιιε
3059 5644 3234 5702 scribo
3251 5662 3347 5715 pro
3374 5644 3657 5715 διελέγχει,
3689 5645 3833 5716 quod
3864 5660 3965 5698 ms.

2413 5720 2721 5772 exhibebat.
2788 5718 2897 5773 lloe
2922 5720 3064 5773 enim
3126 5718 3275 5786 jubet
3306 5716 3633 5772 antecedens
3662 5716 3789 5785 εἴπῃ
3844 5730 3967 5770 cum

2422 5790 2527 5850 πῶς
2560 5799 2704 5845 recte
2736 5788 2803 5842 ita
2842 5790 3104 5857 junctum.
