4222 6432
248 402 354 471 153
1268 405 1559 468 CONTRA
1597 404 1915 467 MANICII/

1813 403 2050 465 IlItEOS
2087 404 2315 465 LIBER
2344 405 2455 469 III.
3383 408 3480 471 154

247 538 341 574 σαι
379 522 471 573 τὸν
499 521 935 591 προσερχόμενον
958 518 1033 588 τῷ
1071 517 1215 589 Θεῷ,
1265 518 1341 589 τῷ
1379 518 1553 573 ταῦτα
1583 520 1811 589 ὲνεργη-
1844 525 1885 581 Α

1844 525 1885 581 Α
1916 517 2184 586 posuisse,
2207 532 2373 585 seque
2396 516 2711 587 peregrinos
2732 527 2788 573 et
2822 517 3060 573 advenas
3085 518 3287 589 fragilis
3318 519 3479 589 hujus

249 614 390 677 κδτι,
424 612 637 682 πρῶτον
673 610 772 679 μὲν
802 612 884 663 ὅτι
907 608 1068 670 αὑτός
1113 610 1261 662 ἐστιν
1288 611 1316 661 6
1353 608 1554 677 κυρίως
1592 606 1689 671 ὢν,
1721 608 1816 659 καὶ
1913 634 1916 654 ‹

1813 646 1816 657 ,
1913 607 2354 663 commorationis
2384 608 2701 672 credidisse,
2726 624 2903 678 neque
2928 611 3101 663 vereri
3124 610 3309 673 Deum,
3335 610 3480 681 ipsos

247 706 330 757 ὅτι
366 699 766 773 μισθαποδότης
816 698 1048 766 γίνεται,
1078 699 1126 750 εί
1147 696 1383 767 πονηρὸς
1425 690 1493 766 ἦν
1525 695 1621 747 καὶ
1651 711 1817 762 πονη-

1811 721 1817 730 ·
1914 698 2243 753 domesticos
2268 714 2396 753 suos
2429 715 2641 764 vocare,
2676 708 2770 753 aut
2804 707 2862 753 ut
2900 700 3141 769 ipsorum
3179 701 3348 756 Deum
3397 704 3478 756 in-

253 794 363 864 ρῶν
398 793 575 862 ἔργων
596 787 935 857 αύτουργ6ς;
976 787 1087 841 Καὶ
1110 787 1160 839 τί
1184 787 1265 839 δεῖ
1291 785 1413 838 καθ’
1439 785 1669 837 ἕκαστον
1731 782 1816 834 λέ-
1914 808 1920 820 ε

1809 812 1816 823 ·
1914 790 2126 853 vocari;
2158 806 2316 858 quem
2351 792 2567 844 autem?
2611 806 2758 854 eum,
2793 792 2885 859 qui
2914 791 3043 860 ipsis
3078 794 3353 847 ccclestcm
3399 795 3476 847 ci—

250 902 370 953 γειν
400 883 510 936 τῶν
539 885 596 935 ὲν
624 885 689 952 τῇ
724 882 937 950 Παλαιᾷ
970 878 1408 948 διαπρεψάντων,
1446 895 1519 929 ων
1563 875 1817 928 ἁπάντων

1811 890 1817 918 ι
1917 880 2135 934 vitalem
2165 890 2465 949 paraverat.
2493 881 2775 947 Quomodo
2798 898 2929 937 vero
2960 883 3069 937 illis
3122 884 3344 937 caeleste
3390 899 3478 937 re-

252 978 436 1029 πίστιν
468 974 905 1044 ὲπιμαρτύρεται
932 970 1029 1040 τὴν
1056 972 1133 1031 είς
1170 970 1260 1021 τὸν
1292 969 1445 1031 Θεὸν,
1475 966 1567 1020 τοῦ
1597 985 1655 1019 τε
1680 965 1805 1019 Νῶε

1920 986 2084 1042 gnum
2114 980 2374 1041 parasset,
2408 972 2513 1026 nisi
2544 974 2599 1027 in
2624 973 2728 1027 vita
2769 982 2829 1027 ut
2864 974 3005 1029 servi
3028 974 3146 1042 ejus
3181 985 3481 1043 praecepto-

250 1068 419 1136 φημὶ,
449 1067 544 1118 καὶ
572 1064 665 1117 τοῦ
714 1064 981 1133 Ἀδραὰμ,
1016 1064 1110 1115 καὶ
1179 1060 1383 1125 Ἰσαὰκ,
1426 1062 1519 1112 καὶ
1562 1060 1623 1113 ού
1659 1060 1817 1129 μόνον

1815 1078 1817 1095 '
1922 1081 2149 1133 rumque
2173 1066 2291 1134 eius
2322 1068 2701 1122 observatores
2737 1068 2903 1137 agniti
2929 1066 3181 1131 fuissent,
3213 1068 3482 1137 ﬁdemque

250 1156 479 1219 πιστοὺς
511 1159 568 1209 tv
606 1155 713 1225 ὅλῳ
738 1154 815 1224 τῷ
847 1154 965 1224 βίῳ,
998 1153 1132 1207 ἀλλὰ
1174 1153 1270 1205 καὶ
1299 1153 1440 1205 κατὰ
1468 1152 1567 1223 τὴν
1614 1150 1818 1218 πίστιν,

1815 1194 1818 1212 .
1924 1155 2077 1225 ipsi,
2141 1174 2373 1227 quorum
2406 1160 2633 1214 omnino
2677 1160 2918 1214 celestis
2963 1159 3155 1214 civitas
3198 1160 3482 1229 praemium

252 1247 455 1309 αὐτοὺς
498 1246 783 1299 ἀπολιπεῖν
830 1244 930 1315 τὴν
981 1242 1261 1314 παροῦσαν
1312 1243 1481 1311 ζωὴν,
1516 1243 1610 1295 καὶ
1637 1242 1819 1308 ξένους

1924 1258 2028 1313 est,
2058 1263 2183 1304 cum
2216 1265 2350 1321 pura
2397 1259 2453 1306 et
2500 1250 2818 1306 intemerata
2876 1251 3218 1307 confessione
3271 1266 3486 1306 servas-

251 1337 483 1399 ὲαυτοὺς
516 1337 607 1388 καὶ
630 1333 931 1403 παροίκους
956 1334 1056 1404 τῆς
1103 1333 1372 1404 ἑπικήρου
1401 1330 1643 1402 νομίζειν
1668 1333 1819 1386 πολι-
1927 1340 2090 1393 sem?

252 1427 428 1491 τείας,
477 1426 678 1495 καὶμὴ
723 1424 1147 1494 ἐπαισχύνεσθαι
1199 1424 1291 1477 τὸν
1349 1424 1504 1488 Θεὸν,
1560 1425 1795 1489 οἰκείους
1830 1444 1890 1480 τε
1926 1430 2038 1501 (53)
2084 1431 2250 1485 αὐτοῦ
2288 1433 2549 1504 νομίζειν,
2576 1433 2672 1487 καὶ
2732 1433 2866 1487 Θεὸν
2904 1434 3068 1487 αὐτὸν
3113 1433 3229 1503 (54)
3292 1435 3488 1486 ἐπικα-

254 1518 468 1571 λεῖσθαι
494 1535 509 1550 ·
567 1519 749 1583 ποτον;
796 1516 886 1569 τὸν
939 1515 1278 1587 ήτοιμακότα
1334 1515 1434 1584 τὴν
1485 1516 1809 1586 ιπουράνιον
1853 1519 2006 1573 πόλιν
2033 1522 2238 1586 αὐτοῖς.
2266 1525 2389 1588 Πῶς
2420 1526 2530 1596 γὰρ
2560 1525 2746 1588 αὐτοῖς
2788 1525 2887 1594 τὴν
2950 1525 3204 1596 οὐράνιον
3262 1523 3489 1594 ἡτοιμά-

256 1632 395 1668 σατο
433 1612 730 1684 βασιλείαν,
792 1611 841 1665 εί
874 1611 949 1682 μὴ
993 1611 1184 1663 τούτου
1227 1609 1321 1664 καὶ
1356 1608 1686 1679 θεράποντες
1736 1614 1828 1666 καὶ
1863 1615 1971 1668 τῶν
2033 1620 2476 1688 προσταγμάτων
2506 1618 2747 1687 φύλακες
2797 1618 3156 1689 ἐγνωρίζοντο
3196 1618 3287 1670 διὰ
3351 1616 3488 1685 βίου,

256 1706 355 1759 καὶ
411 1704 512 1775 τὴν
566 1703 747 1756 πίστιν
793 1700 941 1772 αὐτῷ
988 1700 1336 1766 διεσώσαντο,
1381 1694 1464 1762 οἷς
1516 1699 1750 1755 ἔπαθλον
1782 1706 1815 1773 ὴ
1892 1706 2145 1775 οὐράνιος
2194 1708 2369 1773 πόλις,
2418 1708 2666 1780 καθαράν
2703 1725 2764 1761 τε
2810 1710 2909 1762 καὶ
2955 1708 3187 1778 ἄμικτον
3256 1707 3492 1777 ἀμφιδο-

256 1799 378 1852 λίαν
407 1798 518 1867 (55)
541 1813 557 1862 ;

332 1895 432 1949 ll".
459 1895 531 1946 Σὺ
555 1894 608 1947 δὲ
630 1893 765 1962 μηδὲ
783 1893 881 1961 τὴν
897 1892 1093 1945 ἄθυτον
1114 1893 1205 1944 καὶ
1227 1892 1538 1962 θαυμασίαν
1577 1893 1827 1964 ’Δόραὰμ
1860 1895 1904 1954 Β
1998 1894 1999 1898 “

1821 1932 1827 1945 .
1860 1895 1904 1954 Β
1998 1890 2142 1945 XIII.
2176 1892 2255 1945 Tu
2290 1906 2418 1945 vero
2437 1906 2540 1945 nec
2561 1891 2809 1944 mirabile
2835 1890 2965 1945 illud
2989 1898 3044 1943 et
3071 1905 3175 1943 non
3200 1899 3488 1943 mactatum

259 1984 455 2037 θυσίαν
484 1982 870 2052 παραδράμῃς,
929 1980 1064 2034 Θεοῦ
1111 1982 1211 2050 μὲν
1265 1980 1664 2051 ὲκζητήσαντος
1695 1983 1826 2034 ταύ-

1825 2011 1826 2017 ι
1926 1984 2217 2038 Abrahami
2249 1983 2569 2037 sacriﬁcium
2603 1982 2911 2052 praeterito,
2967 1982 3110 2051 quod
3140 1982 3282 2035 Deus
3311 1983 3492 2051 τιςᾳυί-

260 2088 388 2141 την,
421 2070 515 2123 καὶ
549 2071 644 2139 τὴν
670 2068 896 2138 γνώμην
931 2069 1337 2137 ἀποδεξαμένου
1368 2086 1381 2099 ·
1412 2071 1505 2122 τοῦ
1535 2071 1590 2122 δὲ
1619 2068 1825 2139 προθύ-

1821 2100 1825 2108 ι
1927 2076 2097 2139 rebat,
2125 2076 2572 2145 propositumque
2606 2075 2724 2143 ejus
2753 2074 3015 2143 probabat
3042 2090 3056 2139 ;
3086 2075 3228 2127 sicut
3251 2073 3488 2126 vicissim

264 2179 385 2232 μως
432 2162 764 2225 πεισθέντος,
798 2161 892 2213 καὶ
931 2160 991 2214 ού
1022 2161 1336 2224 πεισθέντος
1360 2161 1544 2231 μόνον,
1572 2160 1708 2214 ἀλλὰ
1735 2162 1827 2213 καὶ

262 2251 675 2313 πιστεύσαντος,
706 2252 788 2303 ὅτι
813 2250 1037 2313 δυνατός
1065 2251 1213 2303 ἐστιν
1250 2251 1279 2303 6
1309 2250 1439 2314 Θεὸς
1474 2250 1568 2304 καὶ
1596 2252 1826 2324 νεκροὺς

263 2344 499 2412 ἐγεῖραι.
531 2342 628 2394 Διά
656 2342 813 2394 τοῦτο
847 2343 1121 2410 λογίζεται
1150 2342 1247 2411 μὲν
1275 2342 1425 2412 αὑτῷ
1452 2343 1529 2405 είς
1550 2340 1829 2395 δικαιοσύ-

263 2451 387 2503 νην,
416 2433 477 2485 τὸ
510 2434 775 2505 πατρικὸν
799 2433 855 2484 δὲ
887 2433 1106 2502 ἀξίωμα
1131 2434 1190 2485 ού
1225 2433 1365 2486 κατὰ
1396 2436 1493 2501 τῆς
1519 2432 1640 2484 τότε
1668 2432 1830 2501 μόνον

264 2527 481 2593 γενεᾶς,
544 2525 679 2577 ἀλλὰ
734 2527 827 2577 καὶ
860 2526 996 2594 μετὰ
1048 2524 1242 2582 ταῦτα.
1301 2524 1588 2593 λαμϐάνει,
1649 2523 1831 2585 καθὼς

266 2617 605 2686 γέγραπται,
634 2618 713 2669 ὅτι
740 2617 970 2683 Πατέρα
1008 2614 1257 2669 πολλῶν
1273 2615 1461 2671 ἐθνῶν
1488 2613 1718 2668 τέθεικά
1735 2630 1828 2681 σε,

267 2711 586 2763 κατέναντι
615 2705 686 2764 οὗ
717 2709 1042 2761 ἐπίστευσε
1086 2703 1223 2774 Θεῷ.
1261 2708 1370 2760 Καὶ
1403 2707 1641 2777 πρόσχες
1674 2708 1831 2777 ἀκρι-

269 2803 403 2864 6ῶς,
436 2802 581 2865 τίνος
619 2801 765 2868 λέγει
809 2800 967 2853 Θεοῦ.
1048 2800 1272 2866 Ἐπάγει
1323 2800 1430 2870 γὰρ
1481 2800 1747 2852 διδάσκων
1804 2801 1833 2851 ὁ

268 2895 500 2957 Παῦλος,
529 2893 635 2947 τοῦ
661 2892 1087 2957 ζωοποιοῦντος
1108 2893 1250 2957 τοὺς
1284 2892 1556 2959 νεκροὺς,
1593 2892 1691 2944 καί
1727 2908 1833 2944 κα-

268 2984 527 3048 λοῦντος
545 2982 617 3035 τὰ
638 2985 724 3051 μὴ
757 2984 901 3036 ὄντα
927 2984 1003 3047 ὼς
1050 2982 1226 3035 ὄνταο
1258 2982 1354 3033 καὶ
1390 2983 1548 3035 πάλιν
1578 2998 1590 3011 ο
1625 2985 1733 3047 Eli:
1766 2981 1833 3033 δὲ

268 3075 387 3138 τὴν
416 3073 777 3140 ἐπαγγελίαν
796 3073 900 3125 τοῦ
927 3071 1073 3125 Θεοῦ
1099 3074 1169 3125 οὐ
1190 3072 1451 3138 διεκρίθη
1472 3072 1545 3137 τῇ
1560 3072 1831 3138 ἀπιστίᾳ,

268 3164 408 3218 ἀλλ’
442 3162 857 3231 ἐνεδυναμώοη
910 3162 983 3229 τῇ
1038 3163 1258 3225 πίστει,
1318 3161 1461 3226 δοὺς
1525 3160 1713 3223 δόξαν
1757 3160 1835 3225 τῷ

1927 2164 1971 2220 is
1998 2165 2377 2233 (Abrahamus)
2412 2179 2520 2217 non
2549 2163 2753 2218 invitus
2792 2164 3019 2233 parebat
3042 2205 3055 2228 ,
3116 2178 3217 2218 nec
3267 2164 3491 2232 parebat

1927 2253 2122 2317 solum,
2143 2253 2237 2307 sed
2265 2259 2319 2306 et
2342 2252 2618 2314 credebat,
2642 2252 2812 2305 Deum
2846 2262 2901 2306 et
2960 2262 3205 2306 mortuos
3256 2253 3492 2305 excitam

1928 2361 2107 2417 posse.
2140 2345 2430 2414 Propterea
2463 2345 2764 2415 imputatur
2792 2346 2893 2399 hoc
2918 2346 2963 2400 ei
2993 2345 3045 2399 iu
3070 2344 3332 2413 justitiam
3362 2385 3375 2407 ,
3410 2346 3491 2413 ip-

1929 2454 2092 2507 seque
2115 2448 2373 2509 prmterea
2407 2438 2572 2507 patris
2617 2439 2831 2492 titulum
2864 2453 2972 2491 non
3014 2437 3065 2491 in
3104 2438 3249 2491 illam
3284 2426 3524 2489 tantuiu'

1930 2531 2022 2585 sed
2058 2538 2111 2583 et
2170 2540 2454 2583 secuturas
2506 2530 2885 2598 generationes
2928 2528 3140 2595 accipit,
3171 2526 3311 2580 sicut
3356 2526 3491 2579 scri-

1933 2630 2079 2687 ptum
2131 2628 2213 2673 est
2248 2638 2260 2673 :
2290 2618 2585 2673 Multarum
2630 2620 2859 2687 gentium
2890 2628 3091 2685 patrem
3139 2627 3186 2669 te
3229 2616 3487 2668 constitui.

1933 2712 2036 2764 Pro
2060 2728 2159 2779 quo
2187 2711 2405 2764 credidit
2436 2710 2545 2763 Deo
2602 2710 2668 2763 “.
2706 2710 2787 2763 Tu
2837 2725 2965 2764 vero
3014 2710 3182 2778 probe
3238 2709 3491 2769 observa,

1932 2819 2089 2871 quem
2115 2803 2203 2856 hic
2244 2804 2492 2871 loquatur
2526 2802 2715 2854 Deum.
2752 2801 3042 2871 Subiungit
3094 2802 3240 2853 enim
3295 2801 3499 2853 docens

1934 2893 2161 2945 Paulus:
2201 2892 2493 2958 Viviﬁcanti
2532 2900 2786 2951 mortuos,
2818 2900 2867 2944 ct
2902 2891 3108 2945 vocanti
3137 2908 3197 2943 ca
3244 2905 3360 2959 qua»:
3396 2904 3499 2941 non

1932 2994 2072 3047 sunt,
2099 2994 2353 3051 tanquam
2401 2984 2503 3036 sint
2532 2984 2595 3037 ³⁵.
2636 2982 2701 3034 Et
2757 2984 2991 3035 iterum:
3046 2981 3118 3034 Dc
3158 2982 3501 3047 promissione

1934 3092 2051 3128 vero
2079 3074 2171 3128 Dei
2198 3090 2298 3125 non
2323 3074 2584 3126 dubitavit
2615 3089 2707 3141 per
2734 3072 3181 3130 incredulitatem,
3206 3072 3295 3123 sed
3330 3074 3501 3139 patina

1937 3165 2275 3232 conﬁrmatus
2313 3163 2531 3231 callide,
2575 3166 2706 3217 dans
2745 3163 2851 3215 Deo
2882 3163 3108 3231 gloriam
3145 3161 3208 3213 ³⁸.
3245 3160 3498 3221 Videsne,

272 3252 417 3317 Θεῷ.
452 3252 633 3323 Ὁρᾷς,
664 3252 746 3312 τίς
784 3247 852 3321 ἦν
879 3252 907 3302 6
934 3254 990 3303 ὲν
1014 3251 1161 3320 νόμῳ
1200 3250 1296 3302 καὶ
1324 3252 1634 3319 προφήταις
1665 3249 1833 3318 λαλή-
1861 3242 1902 3295 C
1938 3286 1939 3297 η

1832 3242 1902 3295 κο
1938 3257 2059 3325 quis
2094 3256 2339 3319 fueritis,
2376 3256 2469 3323 qui
2510 3254 2562 3307 in
2587 3255 2703 3323 lege
2745 3265 2801 3308 et
2838 3254 3121 3322 prophetis
3151 3254 3365 3307 locutus
3398 3262 3499 3312 est,

272 3364 396 3408 σας,
426 3345 507 3397 ὅτι
539 3344 637 3397 ούκ
670 3343 827 3406 ἀλλος
858 3345 1001 3411 παρὰ
1048 3345 1137 3394 τὸν
1181 3343 1548 3412 χαρισάμενον
1572 3344 1705 3410 ἡμῖν
1734 3342 1831 3412 τὴν

270 3435 584 3508 χάριν,ἀλλ⁹
611 3436 790 3495 αὑτός.
832 3435 1057 3500 Ἐπὰγει
1080 3437 1187 3505 γάρ
1213 3453 1224 3465 ι
1254 3453 1271 3484 ι
1299 3435 1411 3487 Οὐκ
1438 3434 1653 3502 ὲγράςρη
1685 3434 1737 3485 δὲ
1768 3434 1834 3485 δι’

272 3528 439 3580 αὐτὸν
481 3526 657 3595 μόνον,
684 3526 817 3577 ἀλλὰ
845 3524 939 3577 καὶ
968 3525 1033 3577 δι’
1089 3527 1254 3593 ἡμᾶς,
1288 3520 1367 3585 οἷς
1422 3525 1602 3592 μέλλει
1631 3525 1836 3589 λογίζε-

274 3619 402 3671 σθαι
432 3617 542 3679 τοῖς
575 3615 957 3669 πιστεύσουσιν
991 3618 1083 3667 ἐπὶ
1111 3618 1197 3667 τὸν
1243 3615 1531 3682 ἐγείραντα
1576 3616 1665 3665 τὸν
1722 3614 1836 3667 Κύ-

276 3724 393 3777 ριον
430 3704 585 3775 ἡμῶν
641 3705 849 3775 Ἰησοῦν
899 3705 1130 3775 Χριστὸν
1160 3708 1222 3757 ἐκ
1276 3705 1503 3775 νεκρῶν.
1539 3723 1555 3755 ι
1584 3704 1837 3757 Οὐκοῦνό

276 3798 491 3865 πατέρα
518 3796 726 3850 πολλῶν
761 3795 928 3849 ἐθνῶν
976 3796 1197 3865 θέμενος
1230 3795 1320 3847 τὸν
1364 3794 1635 3865 Ἀϐραὰμ,
1670 3796 1835 3863 ὅρκον

276 3889 533 3957 ὑποσχὼν
564 3886 734 3956 αύτῷ,
765 3887 792 3939 ὁ
832 3889 888 3938 ἐν
917 3889 1032 3949 ταῖς
1067 3885 1425 3952 ἐπαγγελίαις
1456 3884 1836 3951 ἀδιάψευστος,

276 3983 305 4033 6
355 3980 423 4032 τὰ
454 3978 530 4049 μὴ
582 3978 710 4031 ὄντα
762 3977 941 4029 καλῶν
973 3977 1046 4041 ὼς
1097 3977 1245 4041 ὄντα,
1305 3977 1332 4027 ὁ
1386 3975 1663 4039 ζωοποιῶν
1712 3975 1837 4037 τοὺς

276 4072 533 4140 νεκροὺς,
576 4070 739 4131 αὐτός
768 4070 915 4121 ἐστιν
959 4069 988 4119 ὁ
1027 4069 1244 4139 ἐγείρας
1296 4066 1386 4118 τὸν
1431 4068 1631 4135 Κύριον
1682 4065 1839 4135 ἡμῶν

291 4161 502 4232 Ἰησοῦν
534 4160 766 4229 Χριστὸν
797 4162 859 4213 ὲκ
879 4159 1108 4229 νεκρῶν
1142 4159 1244 4211 κᾶν
1272 4158 1350 4222 ,τὸ
1373 4158 1471 4227 τῆς
1501 4157 1841 4221 ἁποστασίας

274 4252 520 4321 ὀλέθριον
557 4252 812 4321 φρόνημα
838 4252 917 4311 είς
945 4250 1036 4302 δύο
1057 4248 1375 4312 δεσποτείας
1412 4250 1505 4303 καὶ
1554 4249 1709 4312 θεοὺς
1742 4265 1839 4301 κα-

276 4342 550 4413 ταμερίζῃ
602 4341 819 4401 αὐτούς.
867 4342 938 4393 Σὺ
968 4340 1025 4392 δέ
1061 4357 1151 4409 μοι
1202 4340 1297 4393 καὶ⁵
1336 4341 1462 4402 τοὺς
1511 4340 1755 4404 λοιποὺς,
1788 4338 1838 4390 οἶ

279 4433 595 4504 περιφανῶς
637 4432 954 4502 ἐδείχθησαν
997 4434 1053 4483 ὲν
1106 4433 1170 4500 τῇ
1225 4429 1441 4500 ιίαλαιᾷ
1495 4429 1838 4499 βεϐιωκότες,

280 4525 617 4593 ὲπιλογίζου,
653 4525 743 4576 τὸν
786 4523 1056 4593 Ἀδραὰμ,
1100 4522 1190 4574 τὸν
1237 4521 1454 4586 Ἰακὼϐ,
1490 4521 1579 4573 τὸν
1622 4520 1837 4591 Ἰωσὴφ,

1940 3347 2146 3401 scilicet
2172 3362 2278 3399 non
2315 3346 2565 3400 diversus
2599 3346 2667 3399 ab
2701 3362 2788 3409 eo,
2836 3346 2928 3413 qui
2959 3345 3119 3398 nobis
3158 3345 3384 3414 largitus
3423 3352 3505 3397 est

1940 3438 2182 3507 gratiam,
2216 3437 2309 3490 sed
2336 3438 2497 3490 idem.
2531 3437 2693 3491 Addit
2734 3438 2911 3489 enim:
2942 3455 2959 3487 ι
2992 3437 3107 3489 Non
3140 3452 3266 3491 vero
3304 3437 3503 3505 scripta

1941 3530 2056 3582 haec
2079 3537 2204 3581 sunt
2231 3536 2452 3596 propter
2486 3530 2663 3596 ipsum
2696 3528 2895 3592 solum,
2924 3528 3016 3581 sed
3044 3536 3099 3581 et
3128 3536 3349 3596 propter
3381 3542 3501 3589 nos,

1938 3620 2133 3689 quibus
2174 3620 2425 3687 imputari
2475 3620 2656 3679 debet,
2690 3619 2979 3673 credituris
3028 3634 3226 3687 nempe
3259 3620 3311 3671 in
3354 3634 3501 3677 eum.

1937 3710 2023 3779 qui
2055 3709 2339 3762 Dominum
2366 3718 2615 3762 nostrum
2651 3708 2835 3762 Jesum
2864 3708 3140 3763 Christum
3175 3723 3239 3763 ex
3272 3709 3505 3761 mortuis

1938 3802 2191 3857 excitavit
2218 3802 2316 3857 "".
2348 3820 2364 3852 ι
2390 3801 2652 3870 ltaqucis,
2676 3802 2764 3871 qui
2795 3800 3159 3855 Abrahamum
3214 3805 3503 3854 multarum

1938 3892 2175 3964 gentium
2222 3902 2430 3961 patrem
2474 3892 2775 3953 constituit,
2811 3892 2905 3961 qui
2970 3892 3349 3961 jusjurandum
3404 3893 3503 3960 ipsi

1941 3984 2207 4053 prazstitit,
2234 3984 2325 4051 qui
2356 3984 2409 4036 in
2442 3984 2896 4051 promissionibus
2928 4000 3036 4037 non
3067 3982 3223 4045 fallit,
3267 3983 3357 4053 qui
3392 3999 3501 4037 non

1940 4073 2254 4129 exsistentia
2288 4082 2442 4127 vocat
2469 4084 2528 4127 ut
2558 4073 2873 4127 exsistentia
2895 4112 2911 4137 ,
2952 4075 3045 4142 qui
3087 4072 3324 4127 viviﬁcat
3361 4088 3507 4125 mor-

1942 4172 2082 4225 tuos,
2107 4163 2247 4217 idem
2275 4172 2377 4226 est,
2402 4163 2493 4231 qui
2525 4163 2809 4217 suscitavit
2833 4164 3124 4217 Dominum
3150 4171 3397 4217 nostrum
3419 4163 3507 4217 ch

1940 4270 2057 4309 sum
2079 4255 2353 4308 Christum
2381 4272 2444 4309 ex
2474 4256 2702 4309 mortuis
2750 4274 2762 4310 :
2790 4255 3003 4310 etiamsi
3032 4255 3334 4324 perniciosa
3383 4254 3499 4307 hzec

1940 4354 2301 4415 apostatarum
2328 4347 2573 4401 doctrina
2602 4348 2654 4401 in
2678 4348 2787 4402 duo
2816 4347 3041 4417 imperia
3078 4356 3134 4401 et
3166 4347 3297 4402 deos
3318 4346 3509 4399 distiu—

1940 4449 2085 4508 gnat.
2125 4438 2205 4492 Tu
2232 4454 2359 4493 vero
2388 4448 2442 4493 et
2467 4440 2725 4509 reliquos,
2748 4440 2840 4509 qui
2872 4440 2927 4493 in
2964 4438 3135 4493 veteri
3176 4444 3505 4492 testamento

1943 4546 2051 4598 prae
2085 4531 2294 4584 caeteris
2318 4540 2812 4585 commonstrantur
2840 4571 2854 4594 ,
2908 4530 3204 4601 perpende,
3251 4528 3501 4582 Abraha-

281 4618 443 4670 αὑτὸν
476 4616 565 4667 τὸν
588 4616 810 4677 Μωσέα,
845 4612 935 4674 οὓς
966 4615 1023 4664 ὲν
1058 4613 1261 4682 ὲπαίνῳ
1292 4611 1611 4681 ποιούμενος
1646 4612 1673 4662 ὁ
1701 4610 1840 4662 [Ιαῦ-
1867 4601 1917 4657 D
1946 4639 1948 4671 λ

1837 4601 1917 4657 πῙ)
1946 4635 2112 4681 mum,
2147 4618 2428 4682 Iacobum,
2479 4616 2773 4688 insephum
2813 4660 2826 4682 ,
2874 4618 3050 4687 ipsum
3098 4616 3260 4671 etiam
3296 4615 3504 4672 Mosen.

280 4712 371 4771 λος
404 4710 495 4762 καὶ
518 4712 615 4777 τὴν
662 4707 845 4759 πίστιν
900 4705 1077 4757 αὐτῶν
1111 4704 1380 4772 ὲξυμνῶν,
1431 4705 1558 4773 περὶ
1588 4702 1681 4755 τοῦ
1717 4706 1842 4756 Μω-

1942 4728 2078 4781 quos
2099 4710 2272 4781 dignis
2304 4710 2554 4763 laudibus
2578 4710 2861 4777 excipiens
2915 4708 3114 4761 Paulus
3138 4748 3152 4773 ,
3206 4721 3505 4771 eorumque

282 4802 419 4862 σὲως
442 4799 816 4869 προστίθησιν
845 4798 973 4850 Ὀτι
1000 4796 1097 4849 καὶ
1130 4796 1233 4848 τὸν
1258 4796 1597 4863 ὀνειδισμὸν
1613 4795 1841 4860 ὑπέστη
1941 4810 1949 4857 ι

1839 4816 1841 4840 ι
1941 4800 2100 4857 ﬁdem
2132 4804 2432 4862 celebrans.
2452 4801 2518 4854 de
2543 4800 2688 4853 Mose
2720 4802 2866 4854 addit
2888 4818 2900 4853 :
2919 4799 3069 4865 Quod
3091 4808 3138 4851 et
3165 4796 3506 4867 ignominiam

279 4898 388 4951 τοῦ
420 4895 696 4963 Χριστοῦ.
755 4894 918 4961 Λέγει
952 4894 1059 4963 γὰρ
1107 4894 1343 4963 ῥήμασιν
1382 4892 1563 4953 αὐτοῖς
1614 4892 1843 4960 μείζονα
1940 4909 1946 4942 l

1836 4908 1843 4941 ι
1940 4894 2131 4949 Christi
2160 4894 2429 4960 pertulerit
2454 4893 2517 4944 ³⁷.
2552 4892 2693 4945 Dicit
2725 4892 2868 4945 enim
2896 4931 2909 4953 ,
2966 4890 3109 4958 quod
3150 4886 3503 4958 ignominiam

282 4987 393 5040 τῶν
446 4986 720 5055 Αἰγύπτου
774 4986 1063 5055 θησαυρῶν
1116 4983 1465 5054 ἡγησάμενος
1516 4983 1607 5035 τὸν
1650 4984 1842 5036 ὀνειδι-
1939 4990 1949 5036 l

1835 5013 1842 5022 -
1939 4985 2141 5040 Christi
2178 4985 2445 5039 thesauris
2470 4983 2684 5054 Egypti
2714 4984 2977 5053 potiorem
3004 4982 3273 5044 habuerit,
3318 4995 3379 5034 ea
3436 4979 3502 5031 de.

284 5079 423 5149 σμὸν
451 5077 546 5131 τοῦ
578 5076 836 5147 Χριστοῦ,
894 5076 987 5129 καὶ
1036 5076 1134 5145 τὴν
1181 5075 1394 5128 αἰτίαν·
1433 5074 1707 5127 ἀπέϐλεπε
1735 5074 1839 5143 γὰρ
1946 5100 1951 5126 ‹

1946 5094 2127 5144 causa,
2165 5078 2288 5146 quia
2341 5076 2639 5147 respexerit
2688 5075 3030 5137 mercedem,
3083 5089 3244 5143 quam
3301 5072 3508 5126 scilicet

283 5172 365 5231 είς
413 5169 511 5238 τὴν
585 5166 1028 5237 μισθαποδοσίαν,
1082 5166 1151 5234 ἢν
1202 5164 1443 5232 δηλονότι
1502 5164 1725 5225 δυνατὸς
1771 5160 1839 5232 ἦν
1946 5166 1950 5219 ξ

1946 5166 2089 5221 Deus
2111 5168 2209 5236 ipsi
2241 5177 2493 5237 prtestare
2517 5168 2773 5237 potuerit.
2812 5166 2919 5221 Sed
2952 5166 3089 5221 nihil
3120 5166 3333 5227 attinet,
3364 5164 3508 5216 viros

349 5315 396 5345 "
418 5315 577 5368 Rom.
606 5329 680 5379 tv,
708 5313 795 5367 17.
860 5313 904 5345 ³⁸
928 5312 1055 5366 ibid.
1095 5312 1181 5368 i9.
1259 5312 1303 5343 ³⁸
1334 5311 1463 5366 ibid.
1489 5311 1578 5365 20.
1655 5311 1719 5342 ³⁸⁸
1745 5311 1875 5366 ibid.
1906 5312 1995 5367 95.

860 5313 904 5345 ⁸⁸
928 5312 1055 5366 ibid.
1095 5312 1181 5368 i9.
1259 5312 1303 5343 ³⁸
1334 5311 1463 5366 ibid.
1489 5311 1578 5365 20.
1655 5311 1719 5342 ³⁶’
1745 5311 1875 5366 ibid.
1906 5312 1995 5367 95.
2071 5311 2114 5342 ³⁷
2146 5309 2311 5364 llebr.
2336 5327 2409 5376 χι,
2441 5310 2522 5363 26.

1364 5426 1598 5482 VARI/ﬂ
1633 5425 2016 5483 LECTIONES
2046 5425 2131 5480 ET
2164 5424 2394 5480 NOTZE.

358 5520 471 5585 (53)
528 5520 795 5585 Οίκειόυς
819 5537 899 5573 τε.
960 5519 1280 5575 Subindicat
1350 5520 1525 5573 locum
1556 5516 1840 5571 I‘aulinuni
2014 5519 2025 5578 ί

2014 5516 2124 5584 (53)
2151 5513 2561 5586 γἉμριόολίᾳν.
2595 5510 2793 5586 Nescio
2822 5507 2949 5586 quid
2997 5506 3097 5561 sibi
3133 5505 3233 5586 hoc
3260 5504 3378 5586 loco
3409 5503 3509 5586 ista

284 5570 487 5660 Ep‘liés'.
524 5570 898 5660 ιιέιθξίῇβ
964 5570 1277 5575 ““’”’””
1314 5570 1361 5660 ς
1412 5570 1487 5660 ’,ς
1558 5570 1618 5660 λ
1944 5603 1951 5617 τ

1944 5570 2045 5639 γοὲι
2080 5570 2236 5660 velit:
2262 5570 2650 5660 Malimlegere
2676 5570 2986 5660 δμολρῆιαν,
3021 5586 3115 5630 aut
3155 5575 3330 5660 simile
3356 5574 3507 5660 quid.

360 5659 473 5735 (βξ)
511 5648 721 5735 Ai‘irdr.
757 5658 934 5735 Malim
986 5660 1164 5735 legere
1197 5658 1396 5735 αὐτῶν.
1429 5656 1483 5713 Id
1535 5658 1681 5735 enim
1715 5654 1839 5735 sibi,
1946 5656 2203 5735 perquod
2238 5648 2741 5724 caiifessio,scilicet
2770 5649 2912 5714 lidei,
2943 5648 3009 5703 de
3024 5661 3129 5715 qua
3160 5655 3285 5700 ante
3306 5658 3508 5705 sermo.

288 5729 341 5783 ni
366 5728 537 5790 fallor,
570 5727 793 5782 Photius
840 5730 972 5793 vult,
1002 5725 1167 5783 DEum
1196 5728 1479 5782 credentes
1517 5725 1845 5780 domesticos
1949 5725 2236 5779 iudicetur.

287 5814 416 5851 suos
454 5798 744 5857 appellare.
781 5814 837 5851 se
876 5815 1002 5853 vero
1032 5814 1215 5855 eorum
1257 5799 1419 5851 Ili-um
1457 5798 1636 5852 vocari
1687 5794 1837 5848 velle»
