4222 6432
726 390 828 456 155

1856 385 2112 446 PlIOTII
2150 382 2655 444 PATRIARCIIXE
2693 380 2798 440 (ΞΡ.

3834 368 3937 434 156

723 503 984 573 ejusmodi
1017 499 1386 556 enumerando
1440 512 1787 568 percensere.
1838 498 2081 569 Occupat
2134 497 2280 551 enim
2311 501 2390 557 Αι

2311 501 2356 557 Α
2385 498 2686 564 παρασχεῖν
2735 492 2884 564 αὐτῷ
2925 495 2952 546 ὁ
2997 493 3149 555 Θεός.
3189 493 3296 545 Καὶ
3353 493 3404 544 τί
3458 492 3538 544 δεῖ
3597 491 3950 561 καταριθμεῖν

724 609 822 648 nos
855 593 1070 647 divinus
1099 593 1199 656 vir,
1231 590 1480 658 inquiens
1513 607 1525 641 :
1557 589 1768 642 Deseret
1797 606 1878 642 me
1913 599 2114 659 tempus
2149 590 2284 642 reci-

723 695 918 738 tantem
951 686 1015 737 de
1045 684 1292 744 Gideone,
1325 680 1550 746 Baraco,
1576 680 1810 734 Simsone
1832 690 1879 734 et
1895 680 2138 750 Jep/ttlra,
2178 680 2284 733 Da-

725 775 837 828 bide
872 776 1015 838 item,
1041 772 1286 827 Samuele
1313 780 1362 824 et
1387 770 1673 838 prophetis,
1708 770 1798 838 qui
1823 786 1914 837 per
1931 770 2086 838 ﬁdem
2107 769 2280 822 debel-

722 865 899 915 larunt
920 878 1102 931 regna,
1144 861 1348 928 operati
1374 870 1496 912 sunt
1521 859 1824 927 justitiam,
1867 859 2128 911 consecuti
2161 868 2281 911 sunt

720 952 1113 1020 promissiones,
1150 966 1244 1002 ora
1274 949 1478 1001 leonum
1508 947 1890 1008 continuerunt,
1924 947 2281 998 exstinxerunt

719 1042 822 1093 vim
871 1040 1026 1109 ignis,
1081 1041 1369 1108 effugerunt
1417 1055 1510 1090 ora
1560 1037 1753 1107 gladii,
1797 1036 2119 1088 corroborati
2159 1042 2279 1088 sunt

719 1137 786 1189 ab
824 1133 1220 1203 infirmitate".
1273 1132 1469 1185 Postea
1516 1137 1734 1184 sanctas
1777 1146 1965 1183 eorum
2016 1139 2072 1182 et
2115 1128 2279 1181 mira-

720 1228 857 1280 biles
893 1226 1140 1279 actiones
1163 1222 1616 1292 etperpessiones
1644 1229 1775 1274 utet
1795 1220 2278 1274 commorationem

719 1319 771 1370 in
802 1317 1020 1370 deserto
1072 1331 1135 1368 ac
1167 1315 1484 1384 patientiam
1519 1312 1752 1366 dicendo
1782 1321 2102 1380 persecutus
2147 1312 2278 1365 sub-

713 1408 913 1478 iungit,
946 1407 1144 1472 Quibus
1178 1407 1398 1458 mundus
1422 1421 1522 1457 non
1550 1415 1660 1456 erat
1692 1404 1878 1472 dignus
1909 1403 1976 1455 ³⁸.
2008 1403 2119 1456 lmo
2149 1417 2278 1457 vero

717 1500 783 1553 ad
808 1499 1162 1553 imitationem
1181 1513 1368 1550 eorum
1392 1512 1490 1549 nos
1513 1497 1868 1557 excitaturus,
1885 1509 2086 1563 eosque
2109 1495 2280 1548 instar

721 1590 1062 1643 ineitamenti
1100 1590 1166 1642 ad
1219 1588 1457 1641 studium
1493 1588 1712 1641 virtutis
1752 1588 1909 1640 nobis
1941 1602 2274 1656 proponens,

721 1681 870 1733 addit
901 1697 915 1735 :
950 1680 1170 1732 Tantam
1218 1681 1463 1732 habentes
1512 1679 1906 1746 circumjectam
1938 1681 2148 1732 testium
2178 1696 2278 1731 nu-

717 1768 848 1831 bem,
879 1767 1114 1834 deposito
1138 1769 1278 1818 omni
1317 1783 1488 1831 onere,
1529 1776 1575 1818 et
1606 1777 1816 1833 peccato
1847 1784 1935 1820 nos
1961 1767 2272 1820 circumval-

2385 586 2510 646 τοὺς
2567 585 2797 655 ἇνδρας;
2867 583 3161 654 Προλαϐὼν
3211 583 3318 653 γὰρ
3370 585 3519 653 ἡμᾶς
3570 586 3598 636 ὁ
3659 585 3951 653 μετάρσιος

2385 675 2668 743 ἄνθρωπός
2719 691 2922 743 φησιν’
2995 673 3325 738 Ἐπιλείψει
3361 688 3438 739 με
3492 670 3888 738 διηγούμενον
3918 673 3950 720 ό

2384 766 2603 833 χρόνος
2626 765 2757 830 περὶ
2797 763 3052 824 Γεδεὼν,
3085 761 3285 829 Βαράκ
3311 778 3374 814 τε
3411 761 3509 814 καὶ
3557 759 3820 827 Σαμψὼν
3851 758 3950 809 καὶ

2397 855 2643 922 Ἰεφθάε,
2675 855 2854 908 Δαυΐδ
2883 872 2945 907 τε
2979 854 3074 907 καί
3102 853 3386 922 Σαμουὴλ
3417 853 3515 905 καί
3569 849 3686 903 τῶν
3720 865 3951 916 προφη-

2382 943 2519 1006 τῶν,
2551 943 2608 995 οἳ
2645 943 2743 996 διὰ
2775 944 3033 1006 πίστεως
3068 943 3555 1010 κατηγωνίσαντο
3599 938 3947 1003 βασιλείας,

2381 1034 2736 1101 εἰργάσαντο
2770 1033 3190 1100 δικαιοσύνην,
3226 1033 3524 1099 ἐπέτυχον
3550 1027 3947 1097 ἐπαγγελιῶν,

2381 1124 2648 1192 ἔφραξαν
2675 1124 2941 1193 στόματα
2963 1125 3226 1178 λεόντων
3250 1123 3384 1194 (56),
3405 1121 3671 1175 ἔσϐεσαν
3691 1121 3950 1184 δύναμιν

2381 1209 2605 1275 πυρὸς,
2658 1209 2885 1277 ἔφυγον
2949 1212 3217 1278 στόματα
3277 1209 3613 1278 μαχαίρας,
3656 1208 3946 1260 ἐνεδυνα-

2375 1300 2666 1368 μώθησαν
2696 1300 2815 1355 ἀπὸ
2844 1301 3184 1366 ἀσθενείας.
3217 1297 3350 1353 Εἶτα
3373 1299 3463 1352 καὶ
3496 1301 3563 1352 τὰ
3597 1299 3726 1374 ἱερὴ
3749 1300 3958 1358 merae

2382 1393 2473 1443 καὶ
2512 1391 2794 1461 θαυμάσια
2831 1391 2964 1461 ἔργα
2991 1392 3086 1444 καὶ⁵
3147 1391 3293 1461 πάθη
3344 1389 3584 1458 διεξιὼν,
3637 1396 3732 1448 καὶ
3767 1398 3868 1466 τὴν
3893 1398 3952 1448 ἐν

2381 1483 2584 1552 ἐρημίᾳ
2604 1483 2884 1552 διατριϐὴν
2908 1484 2998 1534 καὶ
3014 1482 3337 1554 καρτερίαν,
3360 1487 3578 1555 ἐπάγει,
3595 1481 3708 1541 Ὧν
3733 1490 3846 1542 οὐκ
3877 1485 3958 1556 ἦν

2379 1574 2547 1637 ἄξιος
2569 1577 2600 1626 ό
2629 1576 2874 1641 κόσμος.
2903 1574 2975 1624 Ub
3010 1573 3177 1643 μόνον
3193 1575 3271 1638 δὲ,
3294 1576 3430 1628 ἀλλὰ
3454 1577 3547 1628 καὶ
3570 1578 3706 1647 πρὸς
3736 1577 3836 1646 τὴν
3851 1578 3954 1628 αὐ-

2379 1667 2487 1718 τῶν
2519 1667 2795 1733 διεγείρων
2821 1666 2968 1734 ἡμᾶς
3001 1665 3258 1737 μίμησιν,
3299 1667 3393 1719 καὶ
3417 1667 3605 1738 ὥσπερ
3663 1668 3952 1737 παράκλη-

2383 1774 2464 1809 σιν
2492 1759 2571 1819 είς
2605 1757 2805 1826 ἀρετῆς
2833 1755 3121 1825 ἀντίληψιν
3153 1757 3394 1819 ἐκείνους
3414 1757 3689 1827 προτιθεὶς
3753 1757 3917 1824 ἐπιφέ
3947 1789 3952 1794 ι

718 1854 880 1918 lante,
917 1857 969 1906 in
1003 1856 1263 1922 patientia
1297 1871 1572 1907 curramus
1603 1871 1656 1906 tu
1687 1856 1862 1907 stadio
1894 1857 2038 1908 nobis
2087 1872 2275 1924 propo-
2307 1826 2347 1880 Β
2380 1872 2385 1918 |

2307 1826 2347 1880 Β
2380 1865 2460 1919 ρει
2492 1865 2506 1879 ·
2544 1847 2843 1902 Τοσοῦτον
2865 1847 3113 1916 ἔχοντες
3149 1826 3557 1915 περικείμενον
3589 1847 3734 1916 ἡμῖν
3763 1846 3950 1914 νέφος

715 1944 836 2005 sita,
873 1943 1198 2010 respicientes
1230 1945 1281 1994 iu
1321 1943 1441 2009 ﬁdei
1493 1953 1760 1995 auctorem
1809 1951 1855 1994 et
1886 1953 2275 1995 consummato-

718 2047 827 2082 rem
851 2029 1048 2090 Iesum,
1079 2031 1166 2099 qui
1189 2039 1262 2082 est
1294 2030 1549 2082 Dominus
1581 2040 1754 2082 noster
1777 2028 1933 2083 Iesus
1952 2030 2270 2085 Christus“.

715 2121 904 2188 Itaque
950 2121 995 2174 is
1031 2120 1152 2174 ﬁdei
1194 2121 1358 2185 illius,
1414 2120 1466 2172 in
1499 2136 1599 2187 qua
1634 2130 1814 2188 patres
1849 2121 2021 2174 nostri
2060 2121 2272 2174 candidi

714 2219 770 2261 ct
798 2209 932 2262 lirmi
962 2219 1392 2278 permanserant,
1425 2220 1612 2262 auctor
1635 2210 1756 2272 fuit,
1788 2219 1840 2262 et
1888 2221 2088 2264 nostra)
2121 2228 2273 2280 aeque

716 2312 780 2350 ac
814 2297 1026 2349 illorum
1058 2296 1245 2349 salutis
1275 2306 1698 2349 consummator.
1731 2296 1885 2360 Quod
1913 2298 1956 2350 si
1979 2313 2106 2351 vero
2137 2299 2272 2352 nihil

713 2390 860 2441 aliud
888 2390 956 2441 ab
985 2403 1170 2443 errore
1198 2389 1315 2441 illos
1347 2404 1621 2450 revocare,
1664 2398 1716 2442 ct
1761 2390 1826 2442 ad
1858 2393 2111 2458 pietatem
2153 2409 2274 2461 per-

717 2481 927 2533 trahere
979 2487 1183 2549 posset,
1227 2489 1376 2534 certe
1410 2481 1635 2535 decebat
1667 2496 1759 2534 eos
1813 2483 1896 2534 vel
1947 2497 2010 2536 ex
2047 2485 2111 2536 iis
2154 2500 2273 2552 qua:

717 2586 839 2622 mox
897 2569 1218 2634 alierentur,
1285 2571 1565 2623 veritatem
1623 2587 1936 2640 agnoscere.
1993 2573 2075 2626 Ait
2127 2575 2271 2628 enim

719 2659 920 2713 l'aulus
959 2676 972 2712 :
1011 2657 1147 2720 Quid
1177 2659 1339 2727 igitur
1371 2661 1600 2712 dicemus
1622 2662 1647 2712 .9
1697 2659 1841 2712 Nam
1883 2661 1965 2714 lea:
1989 2675 2274 2728 peccatum

715 2757 824 2804 est?
871 2753 1012 2804 Absit
1035 2751 1112 2803 "l
1146 2751 1209 2804 Et
1236 2752 1360 2804 alibi
1396 2770 1409 2804 :
1446 2751 1582 2804 Novi
1618 2754 1777 2817 enim,
1811 2761 1945 2822 quod
1991 2755 2072 2806 lea:
2119 2755 2273 2822 spiri-

715 2844 875 2896 tualis
901 2854 996 2905 est,
1027 2862 1117 2915 ego
1152 2861 1270 2898 vero
1293 2846 1526 2897 carnalis
1569 2861 1685 2896 sum
1707 2845 1773 2897 δ’.
1809 2844 1875 2898 Ει
1905 2847 2097 2899 iterum
2133 2865 2145 2899 :
2175 2845 2274 2900 De-

715 2937 994 3006 lectorlegc
1016 2940 1293 2991 secundum
1327 2939 1624 2990 interiorem
1643 2937 1904 2988 horninem
1925 2937 1982 2988 ".
2023 2936 2230 2991 Rursus
2257 2955 2269 2990 :

717 3029 903 3098 Itaque
936 3031 1042 3097 ipse
1071 3046 1162 3098 ego
1189 3040 1356 3082 mente
1395 3029 1600 3094 quidem
1652 3028 1817 3080 servio
1841 3026 1937 3094 legi
1967 3027 2080 3091 Dei,
2115 3044 2272 3080 carne

2371 1940 2704 2007 μαρτύρων,
2756 1939 2938 2005 (ig-xcv
2986 1939 3340 2007 ἀποθέμενοι
3387 1939 3604 2002 πάντα,
3671 1939 3768 1990 καὶ
3832 1940 3949 2004 τὴν

2375 2030 2807 2096 εὐπερίστατον
2836 2029 3150 2098 ἁμαρτίαν,
3182 2030 3258 2082 δι’
3298 2029 3610 2098 ὑπομονῆς
3648 2029 3949 2096 τρέχωμεν

2372 2123 2456 2184 εὶς
2482 2120 2590 2172 τὸν
2613 2120 3010 2188 προκείμενον
3042 2121 3187 2187 ἡμῖν
3214 2118 3434 2189 ἀγῶνα,
3488 2119 3827 2188 ἀφορῶντες
3858 2124 3946 2185 είς

2371 2214 2476 2265 τὸν
2497 2211 2604 2279 τῆς
2622 2213 2882 2277 πίστεως
2898 2213 3164 2280 ἀρχηγὸν
3179 2212 3273 2264 καί
3299 2212 3621 2278 τελειωτὴν
3657 2211 3901 2278 Ἰησοῦν
3927 2227 3940 2240 ο

2371 2307 2438 2371 ὅς
2465 2306 2636 2358 ἐστιν
2659 2308 2690 2358 ό
2724 2307 2941 2373 Κύριος
2974 2304 3144 2373 ἡμῶν
3184 2305 3423 2371 Ἰησοῦς
3465 2306 3735 2373 Χριστός.
3775 2306 3939 2356 Ὥστε

2371 2398 2465 2450 καὶ
2486 2400 2552 2465 τῇ
2582 2401 2638 2449 ὲν
2740 2398 2917 2448 πίστει
2943 2398 3176 2463 γενναῖοι
3212 2396 3304 2448 καὶ
3334 2395 3539 2465 βέξῖαιοι
3567 2396 3943 2464 μεμενήκασιν

2370 2491 2418 2542 οἱ
2448 2491 2686 2558 πατέρες
2717 2488 2893 2556 ἡμῶν,
2931 2489 3154 2556 γέγονεν
3172 2487 3434 2557 ἀρχηγὸς,
3468 2486 3559 2538 καὶ
3580 2487 3679 2554 τῆς
3704 2486 3859 2554 ἡμῶν
3883 2503 3940 2538 τε

2371 2579 2635 2632 κάκείνων
2669 2580 2941 2646 σωτηρίας
2960 2579 3269 2644 τελειωτής.
3312 2579 3372 2629 Εἰ
3407 2579 3462 2629 δέ
3515 2583 3608 2630 καὶ
3663 2578 3828 2644 μηδὲν
3872 2572 3941 2645 ἦν

2371 2672 2552 2738 ἕτερον
2577 2670 2674 2738 τῆς
2710 2670 2916 2738 πλάνης
2947 2670 3143 2730 αὐτοὺς
3169 2669 3528 2738 ἀποστρέψαι,
3552 2669 3646 2721 καὶ
3676 2668 3941 2736 μεθελκύ-

2373 2778 2460 2814 σαι
2495 2762 2593 2828 τὴν
2619 2760 2899 2812 εὐσέϐειαν
2933 2759 3274 2829 βιαζόμενον,
3305 2761 3418 2811 ἀλλ’
3447 2756 3539 2812 οὖν
3569 2760 3845 2830 προσῆκον
3873 2755 3941 2826 ἦν

2370 2855 2550 2916 αὐτοῖς
2572 2851 2661 2904 διὰ
2686 2852 2794 2904 τῶν
2830 2853 3221 2922 ῥηθησομένων
3248 2853 3441 2906 θᾶττον
3476 2852 3805 2920 μεταμαθεῖν
3841 2852 3943 2918 τὴν

2369 2938 2649 3006 ἀλήθειαν.
2679 2937 2839 3004 Λέγει
2871 2938 2977 3009 γὰρ
3008 2942 3034 2991 ό
3066 2939 3274 3002 Παῦλος
3302 2957 3313 2968 '
3354 2941 3412 2992 Τί
3452 2935 3569 2992 οὖν
3591 2938 3879 3004 ὲροῦμεν;
3905 2941 3939 2990 ό

2368 3030 2553 3096 νόμος
2581 3027 2872 3097 ἀμαρτία;
2919 3028 3004 3097 μὴ
3046 3029 3296 3097 γένοιτο.
3355 3032 3464 3083 Καὶ
3532 3029 3691 3081 πάλιν
3721 3045 3733 3058 ·
3795 3025 3940 3079 Οἶδα

714 3139 830 3174 rero
860 3123 958 3192 legi
983 3123 1180 3188 peccati
1207 3122 1270 3172 "‘.
1297 3120 1431 3174 Caro
1457 3120 1595 3171 enim
1613 3118 1926 3184 concupiscit
1959 3126 2136 3169 contra
2160 3118 2267 3183 spi-
2295 3153 2337 3213 C
2371 3135 2381 3183 τ

2295 3153 2337 3213 C
2371 3116 2480 3185 γὰρ
2539 3119 2628 3170 ὅτι
2667 3121 2698 3170 ό
2736 3120 2918 3184 νόμος
2982 3121 3381 3187 πνευματικός
3458 3120 3646 3184 ἐστιν,
3703 3117 3818 3186 ἐγὼ
3872 3117 3941 3168 δε·

713 3216 894 3273 ritum,
954 3213 1167 3281 spiritus
1223 3227 1344 3263 vero
1402 3220 1587 3262 contra
1637 3225 1847 3261 carnem
1894 3208 1958 3270 ",
2007 3208 2109 3260 hoc
2159 3217 2264 3268 est,

712 3305 912 3367 anima,
945 3303 1242 3358 secundum
1266 3302 1555 3370 imaginem
1589 3299 1681 3353 Dei
1715 3299 1953 3362 condita,
1979 3299 2267 3366 etcorpori

713 3395 778 3447 ab
804 3393 992 3446 eadem
1028 3407 1189 3445 manu
1213 3392 1446 3444 formato
1478 3391 1688 3458 juncta,
1720 3389 1789 3443 ad
1820 3389 2085 3458 originem
2113 3403 2266 3442 suam

713 3479 990 3533 transferri
1017 3479 1184 3547 cupit.
1223 3478 1358 3531 Caro
1389 3492 1538 3539 vero,
1573 3476 1623 3530 id
1659 3483 1762 3537 est,
1798 3475 2040 3528 carnales
2062 3474 2269 3544 cupidi-

713 3582 850 3626 tates
877 3571 969 3638 (ita
984 3571 1128 3625 enim
1153 3579 1204 3624 et
1233 3572 1332 3624 sub
1351 3569 1529 3638 priore
1552 3578 1605 3622 et
1627 3568 1729 3622 sub
1752 3568 2049 3637 posteriore
2075 3567 2265 3637 gratia,

709 3665 833 3733 quia
861 3679 955 3732 pro
986 3664 1178 3733 gratia,
1218 3663 1389 3731 gratia
1424 3661 1581 3715 nobis
1612 3660 1734 3714 data
1769 3668 1872 3724 est,
1911 3659 2141 3712 allectus
2173 3661 2268 3712 hos

711 3751 981 3820 appellare
1019 3750 1094 3802 las
1126 3750 1250 3817 est),
1280 3749 1381 3813 hac,
1406 3749 1647 3816 inquam,
1681 3746 1926 3800 carnales
1946 3745 2269 3814 cupiditates

717 3858 824 3895 non
853 3842 1007 3896 facile
1033 3841 1296 3894 voluntati
1321 3840 1514 3895 anima:
1545 3837 1939 3902 obsecundant,
1958 3838 2052 3891 sed
2081 3837 2270 3907 saepis-

710 3946 844 3984 snne
905 3940 959 3984 et
992 3931 1224 4001 graviter
1255 3930 1555 3990 decertant,
1585 3928 1783 3980 malum
1815 3927 2076 3980 habentes
2117 3943 2268 3980 com-

711 4021 1034 4085 militonem,
1055 4020 1157 4073 nisi
1180 4019 1300 4088 quis
1329 4019 1556 4088 vigilans
1585 4016 1845 4080 studiose,
1870 4024 1922 4068 et
1954 4031 2049 4084 per
2076 4031 2262 4085 preces

709 4125 1005 4178 supernum
1032 4119 1357 4164 consecutus
1392 4109 1652 4176 impetum
1697 4105 1763 4159 de
1797 4105 1901 4159 illis
1929 4106 2253 4175 triumphat.

2370 3210 2657 3274 σαρκικός
2684 3210 2800 3275 είμι
2824 3225 2835 3236 ·
2887 3208 2978 3260 καί
3011 3226 3024 3238 ·
3063 3209 3402 3277 Συνήδομαι
3437 3209 3514 3273 τῷ
3573 3210 3731 3276 νόμῳ
3778 3209 3929 3260 κατὰ

2367 3297 2611 3350 τὸνὲσω
2657 3297 2990 3364 ἄνθρωπον.
3027 3300 3134 3352 Καὶ
3169 3301 3328 3352 πάλιν
3351 3315 3366 3332 ο
3430 3302 3569 3366 Ἀρα
3598 3299 3710 3368 μὲν
3751 3301 3942 3364 αὐτὸς

2367 3389 2477 3457 ἐγὼ
2515 3389 2593 3452 τῷ
2625 3390 2740 3457 μὲν
2757 3390 2852 3442 νοῒ
2883 3389 3199 3444 δουλεύσω
3220 3392 3381 3458 νόμῳ
3415 3390 3582 3452 Θεοῦ,
3614 3389 3688 3456 τῇ
3709 3389 3775 3441 δὲ
3791 3406 3941 3456 σαρ-

2367 3480 2424 3532 κὶ
2457 3480 2615 3547 νόμῳ
2646 3479 2957 3547 ἁμαρτίας.
2989 3480 3098 3533 Καὶ
3122 3483 3232 3550 γὰρ
3259 3482 3296 3547 ἠ
3330 3481 3448 3550 μὲν
3476 3482 3631 3548 σὰρξ
3665 3480 3948 3547 ἐπιθυμεῖ

2367 3571 2514 3622 κατὰ
2553 3570 2658 3623 τοῦ
2696 3571 3056 3638 πνεύματος,
3096 3571 3162 3624 τό
3207 3571 3274 3623 δὲ
3316 3570 3554 3638 πνεῦμα
3602 3573 3753 3624 κατὰ
3821 3569 3936 3636 τῆς

2365 3661 2612 3728 σαρκὸς,
2661 3662 2938 3715 τουτέστιν
2967 3665 3001 3732 ἡ
3067 3661 3166 3731 μὲν
3215 3663 3360 3732 ψυχὴ
3411 3663 3531 3714 κατ’
3562 3662 3746 3715 εἰκόνα
3794 3661 3937 3715 Θεοῦ

2367 3752 2730 3821 γεγενημένη,
2755 3752 2848 3803 καὶ
2885 3752 2964 3822 τῷ
3001 3753 3385 3804 διαπλασθέντι
3426 3752 3574 3822 παρὰ
3605 3752 3702 3820 τῆς
3764 3751 3936 3817 αὐτῆς

2366 3844 2546 3913 χειρὸς
2599 3842 2808 3912 σώματι
2833 3843 3163 3909 συναφθεῖσα
3190 3844 3325 3914 πρὸς
3343 3844 3403 3896 τὸ
3432 3842 3742 3912 ἀρχέτυπον
3771 3841 3937 3895 πόθον

2369 3935 2480 4003 ἔχει
2508 3935 2896 4004 ἀναφέρεσθαι.
2953 3935 3018 3987 Ἢ
3040 3935 3094 3986 δέ
3130 3936 3287 4004 σὰρξ,
3309 3936 3445 4004 ὅπερ
3467 3935 3615 3988 ἐστὶν
3644 3935 3700 3987 αἱ
3738 3950 3934 4002 σαρκι-

2375 4026 2468 4077 καὶ
2500 4026 2786 4096 ἐπιθυμίαι
2814 4043 2826 4056 ’
2855 4026 3017 4096 (οὓτω
3045 4026 3151 4095 γάρ
3192 4027 3306 4077 ἐστι
3339 4027 3431 4077 καὶ
3467 4026 3533 4095 τῇ
3562 4025 3691 4095 πρὶν
3741 4025 3833 4076 καὶ
3865 4027 3932 4094 τῇ

2369 4112 2484 4180 μετ’
2515 4113 2684 4182 αὐτὴν
2704 4114 2886 4184 χάριτι
2921 4129 2934 4144 ο
2965 4113 3058 4166 καὶ
3091 4116 3196 4182 γὰρ
3225 4113 3344 4165 ἀντὶ
3371 4114 3588 4182 χάριτος
3617 4113 3773 4183 χάρις
3801 4114 3933 4182 ἡμῖν

706 4199 863 4269 ἐδόθη
895 4199 1005 4268 (57)
1032 4198 1099 4250 τὰ
1136 4197 1359 4250 τοιαῦτα
1389 4194 1851 4265 κατονομάζεσθαι
1890 4196 2078 4265 πάθη).
2133 4189 2303 4250 Αὖται
2341 4196 2432 4254 οὖν
2467 4202 2523 4254 αἱ
2558 4205 2816 4272 σαρκικαὶ
2855 4203 3138 4274 ἐπιθυμίαι
3163 4204 3222 4255 οὐ
3263 4203 3459 4273 ῥᾳδίως
3501 4204 3816 4255 συνέπονται
3855 4203 3934 4271 τῷ

708 4291 969 4358 θελήματι
1012 4289 1109 4356 τῆς
1148 4287 1348 4357 ψυχῆς,
1396 4287 1508 4339 ἀλλ’
1547 4287 1638 4338 ἐπὶ
1671 4286 1886 4348 πολλοῖς
1929 4286 2020 4338 καὶ
2052 4288 2255 4356 σφόδρα
2291 4290 2653 4360 διαμάχονται
2682 4293 2774 4345 τὸν
2831 4294 3067 4364 πονηρὸν
3098 4294 3319 4362 ἔχουσαι
3395 4293 3819 4360 συναγωνιστὴν,
3879 4287 3930 4344 εἰ

711 4382 782 4460 μῂ
802 4381 1100 4460 τις-νήφων
1133 4379 1230 4449 μὲν
1253 4378 1548 4448 ἐπιμελῶς,
1577 4377 1748 4430 ἕλκων
1796 4377 1854 4430 δὲ
1879 4378 1966 4431 διὰ
1990 4379 2297 4449 προσευχῆς
2333 4383 2426 4434 καὶ
2463 4382 2561 4452 τὴν
2604 4382 2808 4436 ἄνωθεν
2877 4385 3070 4454 ῥοπὴν,
3132 4386 3322 4455 στήσει
3350 4385 3608 4454 τρόπαιον
3661 4386 3780 4436 κατ’
3827 4385 3928 4436 αὺο

705 4452 813 4502 τῶν
843 4450 974 4518 (58).

776 4534 2263 4605 XIV.Sedundenonnihildivertit,eoregrediaturora-
2291 4538 2343 4596 D
2440 4540 2538 4590 IA'.
2584 4536 2722 4589 Ἀλλ’
2741 4537 2912 4589 ὅθενὸ
2959 4536 3115 4604 λόγος
3175 4537 3375 4607 μικρὸν
3401 4537 3706 4607 παρεξῆλθε
3756 4538 3926 4590 πάλιν

709 4633 804 4683 tio.
821 4627 1097 4681 Praedictis
1124 4628 1267 4682 enim
1285 4627 1432 4681 addit
1455 4628 1572 4680 haec
1597 4627 1810 4681 dicens:
1833 4624 2019 4694 Itaque
2041 4624 2122 4677 lex
2140 4625 2257 4693 qni-

705 4723 820 4774 dem
839 4729 1021 4773 sancta
1039 4729 1195 4782 est,et
1205 4730 1518 4787 prazceptum
1531 4727 1788 4782 sanctum,
1819 4727 1866 4771 et
1877 4718 2080 4786 justum
2112 4725 2159 4769 et
2178 4715 2260 4769 bo-

706 4823 830 4865 num
846 4812 957 4868 “.U
967 4812 1018 4866 bi
1034 4812 1238 4866 clarum
1254 4820 1337 4866 est
1369 4828 1475 4866 non
1495 4813 1654 4866 aliam
1672 4811 1843 4881 legem
1856 4825 1974 4866 esse
1991 4817 2258 4872 sanctam,

778 4969 822 5000 ³⁸
858 4964 1020 5021 Hebr.
1050 4982 1107 5021 ιι
1131 5009 1146 5032 ,
1176 4967 1277 5033 35,
1316 4968 1406 5024 54.
1499 4969 1542 5000 ⁸⁹
1583 4970 1714 5024 ibid.
1751 4968 1839 5025 38.

702 5039 750 5076 ιδ’
784 5038 912 5093 ibid.
948 5037 1039 5094 25.
1114 5037 1160 5071 ⁸⁵
1183 5038 1420 5094 ibid.26.
1493 5039 1538 5071 “
1578 5040 1713 5094 ibid.
1751 5040 1837 5093 12.

1931 4969 1975 5001 ⁵⁸
2023 4969 2186 5023 Hebr.
2214 4984 2321 5035 xu,
2353 4969 2374 5022 1
2403 5009 2419 5036 ,
2457 4971 2510 5024 2.

2365 4629 2622 4682 ἐπανίτω.
2662 4628 2786 4689 Τοῖς
2828 4627 2936 4696 γὰρ
2962 4629 3383 4698 προειρημένοις
3413 4629 3671 4680 συνάπτει
3701 4628 3880 4696 λέγων
3913 4645 3928 4659 ⁸

2365 4721 2546 4773 Ὥστε
2576 4717 2741 4787 ὁμὲν
2771 4718 2953 4784 νόμος
2985 4719 3170 4786 ἅγιος,
3208 4720 3304 4772 καί
3333 4721 3368 4786 ἠ
3399 4719 3617 4784 ἐντολὴ
3644 4719 3803 4787 ἁγία,
3832 4721 3929 4773 καί

2363 4809 2582 4874 δικαία,
2622 4809 2720 4861 καί
2747 4807 2959 4876 ἀγαθή,
3005 4809 3115 4862 Καὶ
3143 4809 3323 4879 δῆλον,
3380 4810 3455 4872 ὼς
3500 4809 3599 4862 οὐκ
3655 4809 3790 4878 ἄλλη
3832 4810 3931 4879 μὲν

3598 4967 3646 4999 ⁸³
3673 4966 3804 5022 ibid.
3837 4967 3928 5020 23.

2606 4970 2647 5002 δ’
2689 4969 2848 5026 Rom.
2879 4987 2989 5036 vn,
3024 4971 3077 5024 5.
3175 4969 3219 5002 “
3259 4968 3390 5024 ibid.
3415 4966 3502 5023 Η.

1875 5195 2110 5251 νΑιιιιΕ
2154 5192 2540 5250 LECTIONES
2580 5191 2669 5246 ET
2701 5189 2936 5247 NOTAE.

780 5351 889 5421 (56)
918 5354 1188 5406 Λεόντων
1249 5352 1538 5418 στόματα.
1573 5354 1698 5408 Haec
1730 5352 1785 5406 in
1833 5368 1934 5407 ms.
1989 5352 2264 5408 desidera-

704 5421 924 5484 bantur,
960 5421 1158 5492 omissa
1191 5424 1398 5477 scilicet
1423 5422 1645 5492 librarii,
1673 5439 1702 5476 a
1730 5422 1957 5492 repetita
1983 5438 2116 5477 voce
2138 5425 2258 5476 στό-

711 5509 856 5559 ματα
880 5491 1117 5561 decepti,
1146 5491 1493 5561 negligentia.

781 5562 893 5626 (ΞΠ)
932 5558 1091 5614 Ἀντί
1135 5558 1376 5629 χάριτος
1403 5561 1594 5630 χάρις.
1645 5561 1820 5616 Locus
1857 5569 1941 5615 est
1967 5558 2191 5615 Joannis
2222 5577 2262 5625 ι,

708 5629 798 5694 46,
832 5645 991 5698 qmm
1025 5632 1154 5700 \jarii
1188 5632 1332 5685 varie
1383 5629 1739 5700 explicarunt.
1785 5633 1919 5685 Cum
1957 5633 2169 5693 Nostro,
2202 5632 2264 5683 ad

711 5700 880 5767 legem
906 5707 961 5752 cl.
1007 5699 1375 5769 Evangeliurn.
1432 5699 1686 5764 tanquam
1730 5702 1910 5770 gratiae
1950 5701 2269 5754 documenta

714 5780 812 5824 sibi
841 5771 1074 5825 invicem
1102 5771 1466 5836 suecedcutia,
1499 5785 1554 5826 re
1573 5771 1843 5840 ινίςίοιιιρ,
1891 5788 1955 5824 ex
2003 5771 2274 5825 veteribus

2368 5351 2575 5407 faciunt
2600 5351 3038 5420 Chrysostomus,
3061 5346 3210 5420 hom.
3253 5346 3338 5420 li,
3373 5345 3426 5399 in
3461 5343 3642 5405 Joan.,
3675 5337 3931 5420 etJ'heo-

2355 5421 2425 5491 ph
2467 5422 2657 5484 laetus,
2679 5407 2732 5472 iri
2755 5419 2812 5472 h.
2834 5420 2894 5482 ι.;
2926 5434 2993 5472 ex
3014 5407 3405 5471 recentioribus
3428 5427 3576 5474 vero,
3601 5419 3725 5480 post
3738 5407 3930 5489 Bezam

2358 5500 2413 5543 et
2431 5437 2736 5543 iieinsiutn.
2758 5488 3052 5542 novissime
3084 5487 3216 5540 llev.
3244 5486 3498 5539 Salomon
3529 5480 3841 5543 Deylingtus
3868 5479 3924 5532 in

2358 5500 2413 5544 et

2481 5479 2736 5552 einsiutn,
2758 5479 3052 5542 novissime
3084 5487 3216 5540 llev.
3244 5486 3498 5539 Salomon
3529 5479 3841 5550 Deylingius
3868 5479 3924 5532 in

2363 5558 2653 5614 Observatt.
2679 5558 2864 5614 sacris.
2907 5564 3045 5625 part.
3083 5571 3163 5615 Ill,
3206 5552 3464 5607 uum.’53.

2437 5631 2548 5696 (58)
2578 5626 2807 5682 Αὐτῶν.
2852 5618 2928 5696 us
2955 5625 3056 5696 legi
3085 5625 3239 5696 jubet
3262 5637 3432 5696 nexus
3456 5621 3741 5682 orationis.
3799 5618 3927 5696 quia

2368 5689 2548 5752 sermo
2577 5709 2660 5750 est
2693 5699 2760 5750 de
2790 5689 3108 5764 ἐπιθυμίαις
3161 5693 3210 5746 ἰη
3245 5693 3474 5762 plurium
3527 5705 3783 5746 numero.
3832 5689 3926 5740 Ms.

2375 5768 2605 5824 habebat
2635 5767 2826 5830 αὐτῆς.
