4222 6432
304 405 407 474 157

1290 418 1585 481 CONTRA
1624 420 2081 483 MANICH/EOS
2120 421 2353 483 LIBER
2397 422 2513 483 III.

3421 420 3521 488 158

297 522 454 591 ἁγία,
493 522 624 592 ἄλλη
647 523 927 588 δὶδικαία,
964 524 1097 597 ἄλλη
1140 526 1194 580 δι
1218 526 1417 599 ἀγαθὴ,
1444 530 1560 584 ἀλλ’
1599 532 1632 601 ἠ
1668 529 1860 583 ἀὐτοῦ
1890 534 1936 590 Α

1852 531 1860 579 i
1890 534 1936 590 Α
1965 529 2362 598 aliamjustam,
2385 528 2541 581 aliam
2565 527 2778 592 bonam,
2811 540 2970 597 quam
2998 526 3175 597 ipsum
3208 527 3341 599 legis
3378 546 3519 601 prta»

296 612 394 666 τοῦ
420 612 587 684 νόμου
605 616 791 687 ιντολὴ
806 618 898 669 καὶ
925 616 1019 670 τοῦ
1051 618 1213 671 αὐτοῦ
1234 618 1369 672 Θεοῦ
1396 622 1488 688 καὶ
1506 621 1739 684 δικαίου,
1765 622 1858 674 καὶ

298 706 481 773 ἁγίου,
516 708 609 759 καὶ
634 706 862 775 ἀγαθοῦ.
902 708 991 773 Ἐξ
1026 705 1085 765 οὗ
1112 710 1221 780 γὰρ
1253 710 1406 781 βρύει
1444 712 1503 764 τδ
1551 710 1707 779 ἅγιον
1768 712 1862 765 καὶ

294 794 505 849 δίκαιον
528 796 621 849 καὶ
639 797 862 863 ἀγαθὸν,
898 801 1128 869 χορηγὸς
1170 799 1272 868 μέν
1301 800 1416 852 ἔστι
1469 800 1669 852 τούτων
1701 800 1862 863 αὐτὸς

296 888 393 942 καὶ
425 888 549 959 δοτή
561 906 613 959 ρ.
647 890 803 942 Κατὰ
829 891 889 943 τὸ
914 891 1085 944 αίτιον
1112 891 1167 944 δὲ
1200 892 1303 963 πρὸ
1332 893 1568 957 πάντων,
1589 886 1662 947 ὦν
1680 893 1858 956 ἄλλοις

296 983 594 1051 μετασχεῖν
626 983 918 1052 παρέσχεν,
952 984 1115 1046 αὐτὸς
1143 984 1377 1053 ὑπάρχει
1427 984 1622 1048 ταῦτα,
1660 986 1720 1038 οὐ
1765 1001 1859 1054 με·

294 1071 533 1140 τασχὼν,
564 1064 625 1124 οὗ
660 1070 729 1125 δι’
764 1072 1207 1142 ὑπερϐλὺζουσαν
1247 1072 1559 1143 ἁγαθότητα
1616 1075 1853 1143 μετέχει,

293 1161 393 1213 καὶ
420 1161 459 1215 ἃ
491 1162 739 1232 μετέσχε,
770 1164 1059 1233 μετουσίας
1077 1164 1424 1231 ἀγαθοειδοῦς
1450 1165 1583 1233 (59).
1622 1164 1730 1217 Καὶ
1763 1164 1858 1218 άλ-

292 1250 463 1320 λαχοῦ
494 1252 552 1304 δὲ
576 1252 737 1306 πάλιν
764 1255 793 1306 6
830 1254 989 1316 αὐτὸς
1018 1254 1116 1323 τῆς
1143 1254 1398 1323 ἀληθείας
1422 1255 1594 1324 κήρυξ
1629 1253 1759 1323 βοᾷῆ
1786 1254 1855 1307 Τὸ

292 1342 584 1411 δικαίωμα
609 1344 983 1412 πληροῦσθαι
1012 1346 1116 1399 τοῦ
1145 1348 1332 1414 νόμον
1360 1346 1429 1398 ἐν
1454 1345 1577 1409 τοῖς
1592 1346 1675 1413 μὴ
1707 1347 1855 1399 κατὰ

290 1432 494 1498 σάρκα
525 1434 975 1501 περιπατοῦσιν,
1016 1436 1177 1490 ἀλλὰ
1221 1436 1371 1489 κατὰ
1400 1435 1852 1503 πνεῦμα,’τουτ-

291 1524 468 1584 ιστιν,
502 1524 561 1577 ἂν
590 1519 670 1587 οἷς
696 1526 751 1578 αἱ
780 1527 1013 1596 πονηραὶ
1039 1526 1266 1598 πράξεις
1300 1529 1393 1580 καὶ
1424 1528 1731 1597 ὑποσποραὶ
1758 1527 1851 1580 τοῦ

302 1616 561 1686 Ἐχθροῦξ,
598 1620 689 1670 καὶ
716 1619 782 1673 τὰ
816 1620 1189 1690 ἁμαρτήματα
1217 1622 1367 1691 ἰσχὺν
1397 1624 1494 1675 οὐκ
1516 1624 1649 1693 ἔχει,
1684 1624 1852 1693 ἀλλ’ἢ

290 1705 436 1757 κατὰ
485 1705 723 1776 πνεῦμα,
764 1709 1042 1762 τουτέστιν
1092 1712 1123 1780 ἡ
1177 1712 1297 1763 κατ’
1352 1713 1551 1782 ἀρετὴν
1576 1714 1670 1765 καὶ
1704 1714 1852 1770 οείαν

292 1795 611 1862 συνέργειαν
644 1797 1001 1866 κατορθοῦται
1025 1798 1287 1852 πολιτεία.
1323 1801 1384 1853 Et
1413 1801 1465 1853 δὲ
1488 1800 1548 1853 τὸ
1579 1803 1849 1872 δικαίωμα

1964 628 2202 689 ceptum,
2235 628 2289 675 et
2316 619 2556 689 ejusdem
2582 618 2675 673 Dei
2707 618 2991 689 tumjusti,
3020 628 3131 674 tum
3174 622 3372 685 sancti,
3406 633 3517 677 tum

1962 711 2108 764 boni.
2140 709 2213 762 Ex
2236 710 2497 779 quoenim
2510 709 2733 763 scaturit
2756 718 3022 775 sanctum,
3042 718 3097 765 et
3114 710 3339 780 justum,
3358 722 3412 768 et
3428 714 3522 768 bo-

1960 814 2112 865 num,
2128 800 2269 854 idem
2293 810 2374 855 est
2399 800 2611 853 illorum
2631 809 2819 854 auctor
2831 809 2885 854 et
2909 801 3145 870 largitor.
3178 802 3235 855 In
3253 813 3515 872 quantum

1959 908 2089 947 vero
2113 907 2273 947 causa
2296 902 2398 959 est,
2420 891 2560 945 idem
2585 908 2694 961 prae
2711 892 2963 947 omnibus
2981 909 3042 947 ea
3064 894 3246 947 omnia
3271 905 3372 959 est,
3393 912 3517 966 quo-

1959 999 2078 1037 rum
2101 982 2235 1035 alios
2260 982 2555 1051 participes
2580 981 2727 1043 fecit,
2752 982 2960 1035 etiamsi
2985 998 3093 1036 non
3136 984 3329 1038 eodem
3356 987 3516 1040 modo

1959 1072 2231 1141 possideat
2254 1089 2268 1135 ;
2302 1087 2366 1125 ex
2394 1072 2549 1140 cujus
2567 1071 2728 1124 etiam
2754 1070 2995 1125 bonitate
3042 1073 3517 1142 superabundante

1962 1162 2019 1216 llt
2041 1171 2121 1223 ut,
2162 1162 2423 1231 quidquid
2454 1163 2573 1232 ejus
2621 1162 2893 1231 particeps
2927 1171 3029 1226 est,
3058 1164 3110 1215 ln
3136 1164 3517 1220 communione

1957 1252 2506 1307 Boniformiexsistat.
2530 1252 2595 1305 Et
2618 1252 2741 1304 alibi
2764 1252 2902 1304 idem
2929 1253 3177 1305 veritatis
3202 1269 3379 1321 praeco
3402 1256 3515 1308 cla-

1956 1352 2086 1403 mat.
2118 1354 2374 1411 prwcepta
2415 1344 2538 1413 legis
2560 1343 2767 1411 impleri
2802 1345 2855 1396 in
2885 1344 2971 1406 iis,
2994 1346 3081 1412 qui
3110 1362 3209 1398 non
3235 1349 3515 1399 secundum

1955 1452 2167 1489 carnem
2184 1437 2474 1500 ambulant,
2489 1436 2576 1489 sed
2588 1437 2868 1489 secundum
2880 1437 3121 1503 spiritum
3135 1438 3205 1502 ",
3219 1438 3319 1491 hoc
3336 1447 3437 1502 est,
3460 1437 3511 1490 in

1954 1527 2149 1594 quibus
2169 1526 2408 1580 actiones
2421 1528 2574 1579 malae
2594 1536 2646 1580 et
2668 1526 2872 1581 semina
2888 1527 3077 1586 hostis.
3094 1536 3148 1581 et
3165 1536 3381 1596 peccata
3408 1526 3513 1581 vim

1954 1632 2060 1671 non
2082 1617 2301 1675 habent.
2320 1617 2413 1670 sed
2430 1610 2573 1669 ratio
2590 1617 2710 1671 vita:
2729 1617 3023 1671 secundum
3061 1618 3333 1687 spiritum,
3354 1618 3405 1671 id
3429 1627 3511 1672 est

1954 1708 2206 1762 virtutem
2229 1717 2280 1761 et
2299 1707 2388 1762 Dei
2405 1709 2662 1761 auxilium
2682 1708 2978 1762 ordinatur.
2994 1708 3148 1774 Quod
3170 1709 3214 1762 si
3232 1723 3359 1762 vero
3373 1723 3513 1778 prte-

1956 1806 2107 1867 cepta
2137 1799 2267 1866 legis
2298 1815 2406 1853 non
2436 1814 2465 1852 a
2496 1800 2865 1867 peccatoribus
2894 1808 2949 1853 et
2977 1800 3134 1869 genio
3192 1798 3515 1869 indulgenti-

283 1884 384 1939 τοῦ
412 1887 580 1956 νόμου
607 1888 706 1940 οὐκ
729 1863 795 1941 ὲν.
822 1892 934 1952 τοῖς
962 1890 1237 1959 ὲμπαθέσι
1265 1893 1359 1943 καὶ
1388 1894 1733 1963 ἁμαρτωλοῖς
1756 1863 1846 1948 τεο
1882 1863 1926 1920 Β

1882 1863 1926 1920 Β
1954 1863 2053 1940 bus
2083 1863 2395 1956 impientur,
2429 1863 2524 1941 sed
2556 1902 2584 1939 a
2613 1863 3004 1955 spiritualibus‘
3026 1896 3078 1939 et
3109 1886 3291 1939 divino
3316 1863 3513 1939 auxilio

284 1976 484 2039 λεῖται,
518 1976 630 2030 ἀλλ’
688 1978 746 2029 ἐν
780 1981 889 2040 τοῖς
921 1984 1308 2051 πνευματικοῖς
1359 1983 1450 2035 καὶ
1486 1983 1849 2057 θεοσυνεργή-

280 2083 417 2129 τοις,
451 2066 568 2129 πῶς
589 2068 648 2120 οὗ
679 2069 962 2137 φρίττουσι
1000 2070 1180 2137 λέγειν
1215 2072 1345 2125 αὐτὸ
1397 2076 1641 2144 πονηρᾶς
1692 2094 1847 2146 νομο-

282 2157 505 2222 θεσίαςς
543 2160 707 2211 Πάλιν
727 2160 781 2212 δὲ
807 2162 862 2213 ὲν
884 2160 1062 2225 ἄλλοις
1094 2163 1155 2215 τὸ
1183 2163 1444 2231 διάπυρον
1483 2166 1586 2235 τῆς
1615 2167 1847 2233 πίστεως

279 2247 447 2300 αὑτοῦ
484 2250 573 2301 καὶ
603 2250 697 2303 τοῦ
757 2252 962 2316 πάντας
1010 2253 1258 2307 σπεύδειν
1307 2255 1565 2327 σωθῆναι,
1624 2259 1716 2311 καὶ
1762 2260 1844 2321 είς

280 2340 423 2409 ὅπερ
479 2340 640 2393 αὖτὶν
689 2342 717 2394 6
751 2342 979 2413 σφοδρὸς
1025 2344 1162 2413 ἔρως
1207 2346 1392 2411 ἐκίνει,
1443 2348 1694 2418 κατέχειν
1748 2350 1847 2403 οὐκ

282 2430 446 2499 ἔχων,
477 2432 753 2484 τουτέστιν
776 2435 854 2495 εἰς
883 2432 943 2485 τὸ
966 2435 1277 2509 πάνταςτῷ
1309 2438 1529 2508 Χριστῷ
1564 2456 1845 2509 προσαγα-

281 2525 421 2588 γεῖν·
465 2524 753 2591 Ηὺχόμην
779 2523 892 2593 ἐγὼ
912 2525 1093 2591 αὐτὸς
1127 2526 1389 2592 ἀνάθεμα
1417 2524 1568 2581 εἶναι
1598 2530 1716 2584 ἀπὸ
1738 2531 1844 2585 τοῦ

280 2613 543 2679 Χριστοῦ
567 2614 716 2681 ὑπὲρ
745 2612 863 2667 τῶν
894 2615 1173 2684 ἀδελφῶν
1213 2636 1331 2685 μου
1373 2619 1491 2672 τῶν
1537 2621 1847 2691 συγγενῶν

276 2724 401 2775 μου
429 2706 577 2759 κατὰ
608 2706 823 2775 σάρκα,
868 2708 1080 2779 μεγάλῃ
1110 2710 1302 2779 κράζει
1326 2715 1390 2782 τῇ
1414 2716 1562 2788 φωνῇ
1594 2729 1607 2741 ·
1651 2709 1738 2766 ὧν
1787 2717 1847 2769 ιιι

280 2796 564 2865 διαθῆκαι
609 2800 706 2851 καί
753 2802 813 2853 αἱ
857 2802 1201 2869 νομοθεσίαι
1239 2804 1338 2855 καὶ
1390 2808 1450 2857 αι
1496 2804 1846 2875 ἐπαγγελίαι

282 2890 383 2942 καὶ
411 2891 474 2942 αι
505 2889 787 2957 λατρεῖαι,
829 2892 925 2944 καὶ
956 2880 1398 2962 περιφανέστατα
1420 2897 1655 2959 δεικνὺς,
1683 2897 1847 2951 πόθεν

281 2978 459 3034 ταῦτα
492 2982 584 3033 καὶ
612 2980 753 3045 τίνος
782 2983 1014 3053 ἤρτηται
1042 2985 1327 3053 προνοίας·
1366 2986 1431 3039 '0
1454 2984 1537 3039 ὢν
1560 2986 1658 3040 ἐστι
1688 2986 1844 3041 πάν-

281 3087 404 3123 των
460 3070 604 3135 Θεὸς
655 3073 979 3140 εὐλογητὸς
1031 3077 1118 3140 εις
1168 3076 1309 3142 τοὺς
1357 3076 1596 3143 αἰῶνας.
1647 3078 1842 3148 Ἀμήν.

1950 1976 2109 2041 nixis,
2142 1976 2412 2044 quomodo
2434 1992 2539 2029 non
2577 1976 2805 2029 horrent
2830 1976 2916 2029 illa
2942 1976 3005 2029 ad
3037 1974 3231 2029 Malum
3280 1976 3516 2031 referre?

1949 2066 2087 2120 Alibi
2118 2067 2259 2120 idem
2291 2066 2561 2120 fervorem
2588 2066 2710 2121 ﬁdei
2735 2082 2869 2127 sum,
2902 2066 3248 2135 studiumque
3273 2067 3512 2119 omnium

1948 2161 2173 2214 salutem
2205 2159 2579 2228 promovendi,
2610 2159 2888 2212 continere
2915 2173 3025 2211 non
3058 2160 3261 2220 valens,
3295 2167 3387 2211 aut
3421 2174 3509 2213 re-

1948 2252 2181 2321 primere
2215 2250 2290 2313 id,
2325 2250 2389 2303 ad
2420 2250 2564 2319 quod
2594 2249 2772 2319 ipsum
2802 2250 3097 2303 vehemens
3121 2264 3274 2302 amor
3294 2264 3511 2319 permo-

1947 2343 2125 2403 vebat,
2156 2340 2397 2394 studium
2435 2340 2642 2394 scilicet
2676 2352 2868 2392 omnes
2899 2338 2965 2391 ad
2996 2338 3271 2392 Christum
3313 2340 3512 2407 perdu-

1947 2432 2126 2494 cendi,
2154 2429 2288 2483 elata
2316 2445 2447 2483 voce
2470 2430 2667 2483 clamat
2694 2446 2705 2481 :
2740 2427 2978 2496 Optarim
3002 2444 3093 2497 ego
3107 2429 3213 2495 ipse
3230 2430 3511 2481 anathema

1947 2539 2055 2577 esse
2081 2539 2112 2574 a
2132 2520 2336 2576 Christo
2366 2538 2459 2589 pro
2498 2520 2748 2590 fratribus
2780 2520 2906 2573 meis
2926 2559 2940 2583 ,
2977 2520 3103 2572 mihi
3129 2520 3265 2587 quod
3293 2521 3363 2572 ad
3396 2536 3514 2572 car-

1946 2630 2059 2668 nem
2081 2614 2331 2683 cognatis,
2368 2629 2587 2682 quorum
2613 2622 2729 2665 sunt
2756 2620 3087 2674 testamenta,
3112 2621 3160 2663 et
3178 2611 3440 2681 legislatio
3462 2622 3513 2665 et

1945 2705 2309 2772 promissiones
2335 2714 2380 2757 et
2413 2704 2586 2757 cultus
2615 2702 2680 2767 ⁸⁸,
2730 2702 2861 2767 Qua
2887 2702 3068 2756 omnia
3103 2702 3247 2757 unde
3270 2701 3511 2771 profecta

1886 2800 1887 2803 “
1946 2803 2054 2856 sint
2079 2811 2133 2854 et
2156 2816 2185 2854 a
2217 2800 2371 2868 cujus
2398 2814 2527 2851 cura
2555 2798 2849 2867 pendeant,
2882 2797 3180 2850 clarissime
3204 2795 3380 2860 docet,
3428 2796 3511 2849 in-

1943 2892 2135 2962 quiens
2160 2907 2179 2944 :
2213 2890 2313 2953 Qui
2338 2899 2411 2942 est
2440 2892 2597 2957 super
2635 2890 2810 2940 omnia
2840 2888 2978 2941 Deus
3008 2887 3303 2940 benedictus
3327 2887 3383 2939 in
3414 2902 3511 2941 sa:-

1945 2986 2085 3039 cuia.
2117 2985 2281 3037 Amen
2315 2983 2382 3036 δ’.
2418 2982 2603 3050 Itaque
2626 2981 2740 3046 Dei,
2769 2996 2934 3046 super
2956 2979 3155 3034 'omnia
3180 2978 3509 3041 exsistentis.

1946 3086 2073 3131 sunt
2100 3083 2155 3129 et
2188 3076 2353 3145 leges,
2386 3081 2441 3127 et
2467 3074 2645 3127 cultus
2671 3080 2723 3127 et
2749 3071 3155 3142 promissiones,
3218 3071 3275 3124 in
3316 3070 3512 3139 quibus

285 3162 453 3215 Ὥστε
484 3162 578 3215 τοῦ
610 3164 702 3216 επὶ
728 3165 943 3217 πάντων
965 3163 1098 3218 Θεοῦ
1126 3168 1218 3218 καὶ
1248 3168 1303 3219 αί
1328 3170 1637 3238 νομοθεσίαι
1670 3173 1761 3225 καὶ
1783 3175 1840 3226 αί
1873 3183 1915 3241 c

1873 3183 1915 3241 α
1952 3179 2129 3242 patres
2157 3169 2478 3239 placuerunt
2516 3164 2645 3227 Deo,
2681 3173 2735 3219 et
2782 3179 2846 3218 ex
2876 3163 3097 3233 quibus,
3128 3162 3269 3232 quod
3309 3162 3375 3215 ad
3407 3162 3509 3215 lut-

283 3254 531 3321 λατρεῖαι
574 3257 666 3307 καὶ
695 3258 752 3309 αί
788 3258 1129 3325 ἐπαγγελίαι,
1159 3261 1215 3312 ἐν
1271 3256 1360 3324 αἷς
1404 3262 1453 3314 oi
1481 3263 1712 3335 πατέρες
1753 3267 1843 3320 εὑ-

281 3345 598 3419 ηρέστησαν
629 3346 765 3416 Θεῷ,
802 3350 893 3403 καὶ
925 3350 981 3413 ἐξ
1006 3343 1079 3401 ὧν
1114 3352 1252 3404 κατά
1284 3352 1343 3403 τὸ
1368 3352 1705 3423 ἀνθρώπινον
1752 3357 1845 3409 άν-

284 3435 617 3506 εϐλάστησεν
656 3440 683 3490 6
726 3439 976 3507 Χριστός.
1007 3442 1116 3519 Καὶ
1147 3444 1204 3495 ἐν
1256 3444 1435 3507 ἄλλοις
1458 3446 1511 3498 δὲ
1544 3448 1697 3516 λόγον
1746 3451 1843 3521 μὲν

284 3526 629 3583 ἀδιάπτωτον
658 3530 750 3581 τοῦ
795 3530 929 3582 Θεοῦ
961 3531 1049 3583 τὸν
1104 3534 1399 3589 Μωσαῖκὸν
1457 3538 1615 3607 νόμον
1648 3541 1839 3609 ὑμνεῖ·

287 3616 373 3668 Οὐ
395 3616 505 3683 γὰρ
526 3616 887 3681 ἐκπέπτωκε,
919 3618 1103 3688 φησὶν,
1128 3622 1159 3672 ὀ
1184 3620 1365 3689 λόγος
1394 3624 1498 3676 τοῦ
1520 3625 1684 3677 Θεοῦ.
1710 3626 1844 3696 Περὶ

283 3704 343 3757 δέ
366 3722 429 3773 γε
458 3706 549 3758 τοῦ
583 3707 774 3759 Ἰακὼϐ
802 3710 890 3760 καὶ
936 3708 1028 3760 τοῦ
1066 3709 1237 3762 Ἠσαῦ
1290 3712 1666 3783 διαλαμϐάνων
1710 3717 1839 3786 (60),

281 3799 364 3863 ὡς
393 3800 427 3851 ό
434 3797 645 3865 μείζων
667 3799 981 3853 δουλεύσει
1000 3800 1077 3864 τῷ
1096 3801 1386 3868 ἐλάττονι,
1431 3807 1709 3875 μονονουχὶ
1754 3808 1844 3860 καὶ

281 3891 411 3952 τοὺς
439 3890 713 3955 πάλαιτῖκ
737 3891 942 3959 πλάνης
991 3894 1266 3962 ὑπηρέτας
1305 3897 1662 3966 ἐπιστομίζει.
1708 3902 1843 3969 Φησὶ

282 3981 395 4052 γάρ
419 3997 433 4011 ·
466 3981 558 4047 Μὴ
606 3982 809 4037 ἀδικία
863 3985 1020 4050 παρὰ
1052 3984 1129 4050 τῷ
1167 3986 1328 4050 Θεῷ;
1358 3986 1441 4054 μὴ
1482 3988 1726 4055 γένοιτο.
1760 3991 1843 4055 Τῷ

281 4073 395 4147 τὰρ
431 4073 630 4129 Μωσδῖ
648 4074 827 4143 λέγει’
862 4077 1143 4141 Ἐλεήσω,
1174 4078 1243 4131 ὃν
1291 4078 1367 4131 ἂν
1391 4079 1557 4145 ἐλεῶ,
1607 4082 1701 4134 καί
1758 4084 1837 4135 ol-

280 4164 597 4235 κτειρήσω,
619 4164 689 4218 ὃν
705 4165 780 4217 ἂν
805 4167 1086 4233 οἰκτείρω.
1114 4168 1222 4221 Καὶ
1267 4169 1351 4221 ἵνα
1386 4171 1458 4240 μὴ
1492 4172 1616 4244 δόξῃ
1659 4190 1743 4234 τις
1784 4172 1842 4237 ἐξ

280 4254 501 4312 οίκείων
529 4257 705 4309 πόνων
734 4257 829 4309 καὶ
864 4257 1101 4326 ίδρὼτων
1137 4261 1300 4329 χωρίς
1329 4260 1426 4331 τῆς
1471 4262 1675 4316 άνωοεν
1720 4282 1842 4319 συν·-

281 4346 504 4419 εργείας
528 4346 588 4398 τὸ
618 4348 723 4400 πᾶν
760 4348 994 4399 ἐκτελεῖν
1026 4349 1132 4401 τῶν
1169 4352 1634 4421 κατορθωμάτων,
1670 4361 1841 4409 συνεί-

281 4452 366 4507 ρει
382 4452 398 4467 ⁶
422 4438 554 4507 Ἄρα
574 4433 703 4500 οὖν,
718 4436 789 4489 ὃν
810 4436 1169 4503 θέλει.ἐλεεῖ,
1189 4441 1261 4493 ὃν
1281 4442 1457 4505 θέλει,
1486 4448 1835 4513 σκληρύνει.

1945 3261 2281 3323 inanitatem,
2324 3266 2475 3312 ortus
2504 3266 2587 3312 est
2609 3255 2879 3311 Christus.
2906 3254 3048 3308 Alibi
3090 3253 3375 3308 Mosaicam
3430 3252 3508 3307 le-

1945 3364 2063 3420 gem
2080 3357 2139 3402 ut
2166 3348 2389 3403 verbum
2407 3346 2497 3399 Dei
2514 3361 2621 3399 non
2648 3346 2859 3399 irritum
2878 3344 3135 3399 celebrat.
3156 3342 3333 3413 Neque
3351 3343 3508 3405 enim,

1945 3440 2143 3510 inquit,
2184 3440 2367 3492 cecidit
2395 3437 2603 3491 verbum
2635 3437 2747 3489 Dei.
2782 3435 2925 3490 idem
2969 3434 3169 3505 aliquid
3211 3433 3277 3487 de
3307 3432 3509 3486 Jacobo

1944 3539 1996 3585 et
2020 3531 2201 3585 Esauo
2216 3545 2508 3599 occupans,
2541 3536 2676 3599 quod
2709 3532 2901 3583 scilicet
2934 3530 3109 3598 major
3150 3530 3367 3582 serviret
3408 3527 3508 3580 mi-

1946 3623 2079 3685 nori,
2116 3621 2312 3675 erroris
2353 3621 2699 3676 administros
2724 3630 2832 3674 tam
2869 3630 3100 3684 veteres,
3134 3634 3294 3689 quam
3317 3634 3508 3672 recens

1943 3719 2181 3771 exortos.
2212 3696 2473 3765 confutat.
2505 3710 2593 3765 Ait
2615 3713 2759 3765 enim
2780 3730 2792 3765 :
2816 3710 2951 3766 Num
2984 3711 3245 3779 injustitia
3271 3719 3346 3763 est
3366 3709 3507 3778 apud

1947 3803 2151 3855 Deum?
2193 3802 2378 3853 Absit!
2408 3803 2536 3855 Mosi
2569 3805 2701 3856 enim
2735 3804 2901 3871 inquit
2952 3819 2969 3855 :
3027 3801 3321 3863 Miserebor,
3353 3800 3507 3868 cujus

1946 3894 2241 3955 miserebor,
2265 3902 2312 3945 et
2336 3895 2553 3948 clemens
2576 3910 2682 3955 ero,
2703 3894 2785 3945 cui
2804 3893 3022 3945 clemens
3044 3909 3129 3945 ero
3144 3892 3207 3948 ’°.
3228 3892 3373 3945 Etne
3388 3892 3507 3960 quis

1942 3988 2193 4056 Opinetur
2216 4003 2271 4041 se
2307 4003 2404 4041 suo
2426 3985 2607 4038 labore
2637 3990 2690 4037 et
2720 3983 2921 4037 sudore
2956 3982 3073 4036 sine
3103 3982 3285 4036 divino
3310 3982 3507 4035 auxilio

1942 4088 2207 4147 praecepta
2234 4078 2414 4131 omnia
2442 4076 2703 4147 perﬁcere
2726 4089 2906 4145 posse,
2942 4074 3219 4143 subiungit
3254 4091 3267 4127 :
3300 4073 3505 4141 Itaque,

1942 4170 2090 4236 cujus
2119 4170 2250 4233 vult,
2289 4170 2577 4229 miseretur,
2596 4176 2643 4220 et
2674 4183 2822 4235 quem
2852 4165 2978 4230 vult,
3011 4165 3224 4217 indurat
3251 4166 3317 4217 ⁸¹.
3349 4163 3506 4217 Eum-

1943 4261 2064 4313 dem
2097 4260 2276 4330 itaque
2307 4259 2472 4313 Deum
2507 4257 2813 4319 celebrans,
2866 4266 3120 4325 tauquam
3170 4254 3261 4323 qui
3296 4254 3507 4308 miseri-

1941 4352 2139 4407 cordia:
2166 4352 2219 4406 in
2252 4352 2371 4405 illos
2392 4350 2482 4419 qui
2507 4349 2680 4418 ipsum
2726 4347 3035 4415 respiciant,
3087 4345 3207 4399 fons
3262 4346 3502 4409 exsistat,

1942 4445 2298 4514 superborum
2341 4456 2469 4497 vero
2514 4448 2568 4494 et
2623 4439 2887 4492 elatorum
2928 4436 3125 4490 fastum
3163 4450 3227 4490 ac
3255 4435 3502 4503 superci-

277 4505 388 4580 τὸν
417 4505 581 4581 aiith
616 4529 748 4582 Θεὸν
776 4531 869 4582 καὶ
895 4530 988 4585 τοῦ
1015 4532 1195 4596 ἐλέους
1229 4537 1339 4596 sui;
1363 4536 1496 4600 πρὸς
1511 4505 1669 4588 αὐτὸν
1697 4538 1834 4608 δρῶ-
1864 4505 1915 4563 D
1942 4536 1944 4586 1

1830 4505 2069 4588 .Dlium
2131 4535 2395 4603 deprimat
2450 4543 2502 4586 at
2560 4540 2836 4593 coerceat;
2911 4527 3192 4586 eumdem,
3255 4524 3497 4597 inquam,

278 4634 365 4673 σιν
389 4617 699 4688 ὑπάρχοντα
733 4622 936 4691 πηγὴν,
968 4623 1060 4675 καὶ
1077 4622 1183 4675 τῶν
1202 4624 1283 4687 είς
1318 4625 1491 4695 ὀφρὺν
1514 4627 1835 4697 ἐπηρμένων
1931 4623 1945 4676 Ι

1830 4650 1835 4673 ι
1931 4623 2123 4684 Deum.
2180 4623 2269 4693 qui
2313 4630 2396 4675 est
2456 4621 2613 4675 Pater
2654 4617 2863 4672 Domini
2904 4615 3074 4669 nostri
3103 4613 3234 4669 Jesu
3272 4612 3497 4671 Christi.

274 4706 640 4776 διελέγχοντα,
689 4709 781 4763 καὶ
809 4709 1237 4776 καταϐάλλοντα,
1288 4711 1347 4764 τὸ
1392 4712 1705 4776 ἀλαζονικὸν
1746 4716 1835 4767 καὶ
1930 4732 1941 4767 ι

1826 4732 1835 4767 ι
1930 4722 2203 4768 amantem
2234 4713 2514 4767 hominum
2540 4722 2594 4765 et
2616 4711 2815 4763 bonum
2836 4707 3138 4770 celebrans,
3174 4718 3493 4773 omnesque,

277 4797 513 4868 σκληρόν
542 4815 557 4829 ο
593 4800 682 4853 τὸν
708 4801 870 4856 αὑτὸν
894 4802 949 4855 δὲ
980 4802 1133 4869 Θεὸν,
1159 4804 1216 4868 ὃς
1243 4806 1356 4857 ἔστι
1388 4806 1573 4875 Πατὴρ
1608 4806 1701 4859 τοῦ
1722 4809 1833 4859 Κυο
1933 4822 1944 4859 1

1829 4839 1833 4847 -
1933 4815 1991 4859 ut
2018 4804 2117 4875 ipsi
2149 4804 2429 4865 obediant,
2490 4800 2670 4854 nullus
2702 4814 2829 4853 vero
2884 4798 3120 4862 resistat,
3167 4794 3496 4865 argumentis

276 4890 396 4959 ρίου
420 4890 575 4959 ἡμῶν
618 4892 792 4963 Ἰησοῦ
810 4894 1043 4963 Χριστοῦ
1075 4895 1456 4966 φιλάνθρωπον
1506 4899 1598 4951 καὶ
1633 4898 1835 4966 ἀγαθὸν
1937 4920 1943 4947 ι

1829 4916 1835 4941 ν
1937 4896 2251 4951 domesticis
2296 4903 2351 4948 et
2406 4908 2469 4947 ex
2520 4890 2831 4945 abscondita
2875 4903 3055 4941 rerum
3100 4886 3496 4957 gubernatione

275 4981 551 5049 ἁνυμνῶν,
573 4983 668 5037 καὶ
697 4986 1009 5056 πειθαρχεῖν
1051 4988 1148 5057 μὲν
1172 4988 1321 5058 αὐτῷ
1373 4990 1595 5053 πάντας,
1638 4990 1837 5059 μηδένα
1940 5015 1942 5034 ι

1825 5008 1837 5042 ι
1940 4989 2115 5043 ductis
2136 4988 2545 5046 exhortaturus,
2580 4982 2857 5050 subjungit
2891 4998 2903 5033 :
2945 4979 3238 5042 Enimvero,
3271 4995 3300 5029 ο
3323 4979 3492 5041 homo,

274 5070 329 5123 δὲ
363 5072 855 5136 κατεξανίστασοαι
882 5077 969 5131 διὰ
1004 5079 1111 5131 τῶν
1148 5079 1359 5133 οἴκοθεν
1404 5081 1678 5149 λογισμῶν
1735 5084 1833 5153 τῆς
1932 5108 1941 5138 ι

1827 5102 1833 5143 ,'
1932 5087 2045 5156 quis
2079 5094 2133 5136 tu
2168 5100 2218 5136 es
2247 5082 2555 5150 respondens
2583 5077 2688 5131 Deo
2714 5076 2799 5127 "?
2846 5074 3089 5142 Cumque
3123 5080 3307 5141 postea
3343 5085 3494 5122 cum-

272 5163 583 5245 άπορῤήτου
602 5168 979 5237 κυϐερνήσεως
996 5170 1159 5226 αὑτοῦ
1176 5173 1425 5245 ἐπιφέρει
1446 5192 1457 5203 ·
1480 5176 1718 5229 Μενοῦν
1740 5193 1824 5244 γε,
1929 5196 1939 5231 ι

1822 5221 1824 5234 .
1929 5178 2049 5231 dem
2081 5176 2223 5229 clare
2243 5173 2593 5227 Conditorem
2614 5167 3002 5229 renuntiasset,
3026 5179 3128 5218 nec
3143 5162 3489 5217 Conditorem

268 5244 317 5311 ὦ
350 5250 641 5319 ἄνθρωπε,
679 5256 760 5309 σὺ
812 5259 899 5323 τίς
927 5254 987 5311 εἴ
1040 5262 1075 5313 δ
1132 5244 1716 5333 ἀνταποκρινόμενος
1750 5264 1827 5330 τῷ
1926 5283 1935 5321 ι

1825 5293 1827 5308 ι
1926 5268 2121 5331 solum,
2158 5264 2251 5318 sed
2283 5262 2592 5333 etjudicem
2616 5258 2944 5319 absolutum,
2977 5265 3031 5309 ct
3079 5253 3170 5323 qui
3203 5252 3492 5319 unicuique

344 5406 389 5437 "
415 5405 574 5460 Rom.
615 5422 728 5469 \‘tlt,
756 5409 804 5462 ι.
884 5408 929 5441 ⁸⁸
965 5410 1120 5467 Rom.
1154 5429 1229 5480 lx,
1254 5415 1307 5479 5,
1382 5417 1425 5448 “
1454 5418 1582 5472 ibid.
1614 5419 1667 5473 5.
1742 5420 1786 5450 “
1826 5419 1956 5474 ibid.
1991 5420 2011 5473 Ι

1217 5415 1307 5480 p5,
1382 5417 1425 5448 “
1454 5418 1582 5472 ibid.
1614 5419 1667 5473 5.
1742 5420 1786 5450 ⁸⁸
1826 5419 1956 5474 ibid.
1991 5419 2075 5473 15.
2154 5418 2195 5449 ⁸⁸
2228 5416 2359 5471 ibid.
2399 5416 2482 5471 l8.
2558 5417 2601 5448 ⁵¹
2630 5412 2759 5467 ibid.
2794 5412 2884 5467 20.

1342 5589 1570 5645 νΑιιιΑε
1610 5591 1987 5647 LECTIONES
2048 5591 2132 5645 ET
2174 5588 2404 5645 ΝΟΤᾹΞ.

338 5671 913 5752 (ϐῦχξΑγαθοε-ιδοῢς.
938 5674 1013 5729 lla
1044 5676 1160 5746 lego
1187 5694 1285 5747 pro
1312 5681 1659 5749 ἀγαθοειδῶς,
1681 5685 1823 5752 quod
1934 5699 2002 5737 ne

1815 5685 1823 5737 l
1934 5699 2077 5745 nem,
2105 5698 2223 5752 qua:
2254 5681 2367 5735 ﬁeri
2402 5689 2629 5750 poterat.
2665 5677 2992 5752 Hanc_enim
3025 5675 3171 5752 verbi
3194 5674 3353 5752 istius
3379 5675 3482 5752 lioc

268 5739 360 5799 esi
386 5741 439 5795 in
465 5739 568 5797 “Si
871 5739 881 5741 ν
1097 5739 1123 5746 ⁷
1187 5739 1203 5747 ’
1359 5739 1370 5749 ’
1624 5739 1658 5748 ”
1698 5739 1712 5752 ’
1930 5739 2364 5807 Ιοςοήὃιίοηοηι
2398 5739 2517 5804 esse
2554 5763 2771 5803 censeo.
2799 5748 2999 5800 Confer
3058 5745 3328 5799 Lamberti
3378 5745 3483 5802 Bos

348 5811 459 5882 (60)
500 5814 943 5886 Διαλαμϐιίνων,
979 5834 1251 5893 occupans.
1282 5821 1497 5878 Scilicet
1542 5824 1812 5897 cxceptio-
1925 5824 2015 5877 Am

1597 5824 1812 5897 :ccptio-
1925 5822 2405 5877 Animadversiones
2425 5822 2493 5873 ad
2517 5819 2806 5887 Scriptores
2836 5817 3058 5880 Crarcos,
3096 5830 3148 5884 p.
3180 5816 3264 5869 86.
