  <div class='ocr_page' id='page_1' title='image "/cluster/home/n/w/nwhite01/storage/ocr_20150623/102/nnc1.0046979620/087.png"; bbox 0 0 4222 6432; ppageno 0'>
   <div class='ocr_carea' id='block_1_1' title="bbox 713 394 812 457">
    <p class='ocr_par' dir='ltr' id='par_1_1' title="bbox 713 394 812 457">
     <span class='ocr_line' id='line_1_1' title="bbox 713 394 812 457; baseline -0.02 0"><span class='ocrx_word' id='word_1_1' title='bbox 713 394 812 457; x_wconf 78' lang='grc'><strong>159</strong></span> 
     </span>
    </p>
   </div>
   <div class='ocr_carea' id='block_1_2' title="bbox 1827 396 2783 459">
    <p class='ocr_par' dir='ltr' id='par_1_2' title="bbox 1827 396 2783 459">
     <span class='ocr_line' id='line_1_2' title="bbox 1827 396 2783 459; baseline 0.001 -1"><span class='ocrx_word' id='word_1_2' title='bbox 1827 398 2086 458; x_wconf 85' lang='grc' dir='ltr'><strong>ΡΙΙΟΤΙΙ</strong></span> <span class='ocrx_word' id='word_1_3' title='bbox 2136 396 2636 458; x_wconf 68' lang='grc' dir='ltr'><strong>ΡΑΤΒΙΑΒΟΗᾸΞ</strong></span> <span class='ocrx_word' id='word_1_4' title='bbox 2673 396 2783 459; x_wconf 89' lang='lat' dir='ltr'><strong>CP.</strong></span> 
     </span>
    </p>
   </div>
   <div class='ocr_carea' id='block_1_3' title="bbox 3836 388 3938 452">
    <p class='ocr_par' dir='ltr' id='par_1_3' title="bbox 3836 388 3938 452">
     <span class='ocr_line' id='line_1_3' title="bbox 3836 388 3938 452; baseline -0.02 0"><span class='ocrx_word' id='word_1_5' title='bbox 3836 388 3938 452; x_wconf 80' lang='lat'><strong>160</strong></span> 
     </span>
    </p>
   </div>
   <div class='ocr_carea' id='block_1_4' title="bbox 707 505 2374 578">
    <p class='ocr_par' dir='ltr' id='par_1_4' title="bbox 707 506 2358 578">
     <span class='ocr_line' id='line_1_4' title="bbox 707 506 2358 578; baseline 0.001 -14"><span class='ocrx_word' id='word_1_6' title='bbox 707 511 783 575; x_wconf 87' lang='lat' dir='ltr'><strong>id,</strong></span> <span class='ocrx_word' id='word_1_7' title='bbox 822 507 966 577; x_wconf 92' lang='lat' dir='ltr'><strong>quod</strong></span> <span class='ocrx_word' id='word_1_8' title='bbox 1005 506 1262 575; x_wconf 85' lang='lat' dir='ltr'><strong>judicium</strong></span> <span class='ocrx_word' id='word_1_9' title='bbox 1293 506 1470 572; x_wconf 75' lang='lat' dir='ltr'><strong>all&#39;ert,</strong></span> <span class='ocrx_word' id='word_1_10' title='bbox 1522 507 1760 578; x_wconf 84' lang='lat' dir='ltr'><strong>irrogare</strong></span> <span class='ocrx_word' id='word_1_11' title='bbox 1792 511 1983 578; x_wconf 90' lang='lat' dir='ltr'><strong>possit,</strong></span> <span class='ocrx_word' id='word_1_12' title='bbox 2030 510 2280 564; x_wconf 91' lang='lat' dir='ltr'><strong>eumdem</strong></span> <span class='ocrx_word' id='word_1_13' title='bbox 2309 509 2358 566; x_wconf 78' lang='grc' dir='ltr'><strong>Α</strong></span> 
     </span>
    </p>
   </div>
   <div class='ocr_carea' id='block_1_5' title="bbox 2266 505 3933 578">
    <p class='ocr_par' dir='ltr' id='par_1_5' title="bbox 2266 505 3933 576">
     <span class='ocr_line' id='line_1_5' title="bbox 2266 505 3933 576; baseline -0.002 -15"><span class='ocrx_word' id='word_1_14' title='bbox 2266 525 2280 561; x_wconf 86' lang='grc' dir='ltr'><strong>ι</strong></span> <span class='ocrx_word' id='word_1_15' title='bbox 2309 509 2358 566; x_wconf 78' lang='grc' dir='ltr'><strong>Α</strong></span> <span class='ocrx_word' id='word_1_16' title='bbox 2385 508 2546 572; x_wconf 84' lang='grc' dir='ltr'><strong>Θεῷ;</strong></span> <span class='ocrx_word' id='word_1_17' title='bbox 2581 505 2713 561; x_wconf 75' lang='grc' dir='ltr'>Εἶτα</span> <span class='ocrx_word' id='word_1_18' title='bbox 2748 508 2935 560; x_wconf 90' lang='grc' dir='ltr'>τοῦτον</span> <span class='ocrx_word' id='word_1_19' title='bbox 2981 507 3221 576; x_wconf 81' lang='grc' dir='ltr'>πλάστην</span> <span class='ocrx_word' id='word_1_20' title='bbox 3273 509 3536 576; x_wconf 77' lang='grc' dir='ltr'><strong>λαμπρῶς</strong></span> <span class='ocrx_word' id='word_1_21' title='bbox 3588 505 3933 574; x_wconf 77' lang='grc' dir='ltr'>ἀνακράζων.</span> 
     </span>
    </p>
   </div>
   <div class='ocr_carea' id='block_1_6' title="bbox 711 597 2274 668">
    <p class='ocr_par' dir='ltr' id='par_1_6' title="bbox 711 597 2274 668">
     <span class='ocr_line' id='line_1_6' title="bbox 711 597 2274 668; baseline 0 -16"><span class='ocrx_word' id='word_1_22' title='bbox 711 601 785 652; x_wconf 91' lang='lat' dir='ltr'><strong>ait</strong></span> <span class='ocrx_word' id='word_1_23' title='bbox 815 599 889 650; x_wconf 92' lang='lat' dir='ltr'><strong>ira</strong></span> <span class='ocrx_word' id='word_1_24' title='bbox 917 598 1042 650; x_wconf 80' lang='lat' dir='ltr'><strong>ferri</strong></span> <span class='ocrx_word' id='word_1_25' title='bbox 1076 597 1128 648; x_wconf 90' lang='lat' dir='ltr'><strong>in</strong></span> <span class='ocrx_word' id='word_1_26' title='bbox 1157 613 1300 660; x_wconf 85' lang='lat' dir='ltr'><strong>vasa,</strong></span> <span class='ocrx_word' id='word_1_27' title='bbox 1337 598 1389 650; x_wconf 92' lang='lat' dir='ltr'><strong>in</strong></span> <span class='ocrx_word' id='word_1_28' title='bbox 1422 599 1645 652; x_wconf 80' lang='lat' dir='ltr'><strong>exitium</strong></span> <span class='ocrx_word' id='word_1_29' title='bbox 1670 610 1876 668; x_wconf 87' lang='lat' dir='ltr'><strong>parata,</strong></span> <span class='ocrx_word' id='word_1_30' title='bbox 1915 601 2131 654; x_wconf 76' lang='lat' dir='ltr'><strong>divitias</strong></span> <span class='ocrx_word' id='word_1_31' title='bbox 2175 617 2274 653; x_wconf 90' lang='lat' dir='ltr'><strong>au-</strong></span> 
     </span>
    </p>
   </div>
   <div class='ocr_carea' id='block_1_7' title="bbox 715 688 2279 758">
    <p class='ocr_par' dir='ltr' id='par_1_7' title="bbox 715 688 2279 758">
     <span class='ocr_line' id='line_1_7' title="bbox 715 688 2279 758; baseline 0.002 -17"><span class='ocrx_word' id='word_1_32' title='bbox 715 700 820 742; x_wconf 90' lang='lat' dir='ltr'><strong>tem</strong></span> <span class='ocrx_word' id='word_1_33' title='bbox 844 688 1021 756; x_wconf 64' lang='lat' dir='ltr'><strong>gloria:</strong></span> <span class='ocrx_word' id='word_1_34' title='bbox 1074 704 1184 741; x_wconf 74' lang='lat' dir='ltr'><strong>sua:</strong></span> <span class='ocrx_word' id='word_1_35' title='bbox 1217 689 1436 757; x_wconf 75' lang='lat' dir='ltr'><strong>largiter</strong></span> <span class='ocrx_word' id='word_1_36' title='bbox 1473 689 1752 757; x_wconf 91' lang='lat' dir='ltr'><strong>impertire</strong></span> <span class='ocrx_word' id='word_1_37' title='bbox 1798 691 1903 744; x_wconf 89' lang='lat' dir='ltr'><strong>illis</strong></span> <span class='ocrx_word' id='word_1_38' title='bbox 1945 693 2035 758; x_wconf 88' lang='lat' dir='ltr'><strong>qui</strong></span> <span class='ocrx_word' id='word_1_39' title='bbox 2068 693 2279 744; x_wconf 81' lang='lat' dir='ltr'><strong>miseri-</strong></span> 
     </span>
    </p>
   </div>
   <div class='ocr_carea' id='block_1_8' title="bbox 713 779 2277 851">
    <p class='ocr_par' dir='ltr' id='par_1_8' title="bbox 713 779 2277 851">
     <span class='ocr_line' id='line_1_8' title="bbox 713 779 2277 851; baseline 0.001 -19"><span class='ocrx_word' id='word_1_40' title='bbox 713 781 895 833; x_wconf 90' lang='lat' dir='ltr'><strong>cordia</strong></span> <span class='ocrx_word' id='word_1_41' title='bbox 925 794 1022 832; x_wconf 79' lang='lat' dir='ltr'><strong>sua</strong></span> <span class='ocrx_word' id='word_1_42' title='bbox 1049 779 1190 847; x_wconf 83' lang='lat' dir='ltr'><strong>digni</strong></span> <span class='ocrx_word' id='word_1_43' title='bbox 1221 779 1350 831; x_wconf 92' lang='lat' dir='ltr'><strong>sint.</strong></span> <span class='ocrx_word' id='word_1_44' title='bbox 1382 781 1556 847; x_wconf 80' lang='lat' dir='ltr'><strong>Atque</strong></span> <span class='ocrx_word' id='word_1_45' title='bbox 1587 781 1748 848; x_wconf 86' lang='lat' dir='ltr'><strong>hujus</strong></span> <span class='ocrx_word' id='word_1_46' title='bbox 1775 782 1936 835; x_wconf 90' lang='lat' dir='ltr'><strong>etiam</strong></span> <span class='ocrx_word' id='word_1_47' title='bbox 1971 799 2077 835; x_wconf 91' lang='lat' dir='ltr'><strong>non</strong></span> <span class='ocrx_word' id='word_1_48' title='bbox 2109 782 2277 851; x_wconf 89' lang='lat' dir='ltr'><strong>parti-</strong></span> 
     </span>
    </p>
   </div>
   <div class='ocr_carea' id='block_1_9' title="bbox 712 870 2280 939">
    <p class='ocr_par' dir='ltr' id='par_1_9' title="bbox 712 870 2280 939">
     <span class='ocr_line' id='line_1_9' title="bbox 712 870 2280 939; baseline 0.001 -16"><span class='ocrx_word' id='word_1_49' title='bbox 712 872 862 939; x_wconf 90' lang='lat' dir='ltr'><strong>cipes</strong></span> <span class='ocrx_word' id='word_1_50' title='bbox 886 870 1056 922; x_wconf 81' lang='lat' dir='ltr'><strong>factos</strong></span> <span class='ocrx_word' id='word_1_51' title='bbox 1077 885 1195 922; x_wconf 89' lang='lat' dir='ltr'><strong>esse</strong></span> <span class='ocrx_word' id='word_1_52' title='bbox 1227 870 1462 932; x_wconf 81' lang='lat' dir='ltr'><strong>nuntiat,</strong></span> <span class='ocrx_word' id='word_1_53' title='bbox 1489 881 1819 939; x_wconf 66' lang='lat' dir='ltr'><strong>prazparatos</strong></span> <span class='ocrx_word' id='word_1_54' title='bbox 1847 873 2054 926; x_wconf 89' lang='lat' dir='ltr'><strong>scilicet</strong></span> <span class='ocrx_word' id='word_1_55' title='bbox 2079 882 2132 925; x_wconf 89' lang='lat' dir='ltr'><strong>et</strong></span> <span class='ocrx_word' id='word_1_56' title='bbox 2156 883 2280 925; x_wconf 85' lang='lat' dir='ltr'><strong>ante</strong></span> 
     </span>
    </p>
   </div>
   <div class='ocr_carea' id='block_1_10' title="bbox 713 959 2282 1029">
    <p class='ocr_par' dir='ltr' id='par_1_10' title="bbox 713 959 2282 1029">
     <span class='ocr_line' id='line_1_10' title="bbox 713 959 2282 1029; baseline 0.001 -15"><span class='ocrx_word' id='word_1_57' title='bbox 713 969 932 1014; x_wconf 82' lang='lat' dir='ltr'><strong>vocatos</strong></span> <span class='ocrx_word' id='word_1_58' title='bbox 943 959 1006 1011; x_wconf 86' lang='lat' dir='ltr'><strong>ad</strong></span> <span class='ocrx_word' id='word_1_59' title='bbox 1027 959 1335 1011; x_wconf 86' lang='lat' dir='ltr'><strong>lruitionem</strong></span> <span class='ocrx_word' id='word_1_60' title='bbox 1355 959 1644 1025; x_wconf 91' lang='lat' dir='ltr'><strong>bonorum,</strong></span> <span class='ocrx_word' id='word_1_61' title='bbox 1660 969 1910 1029; x_wconf 84' lang='lat' dir='ltr'><strong>tanquam</strong></span> <span class='ocrx_word' id='word_1_62' title='bbox 1929 963 2020 1029; x_wconf 91' lang='lat' dir='ltr'><strong>qui</strong></span> <span class='ocrx_word' id='word_1_63' title='bbox 2046 963 2282 1016; x_wconf 86' lang='lat' dir='ltr'><strong>credide-</strong></span> 
     </span>
    </p>
   </div>
   <div class='ocr_carea' id='block_1_11' title="bbox 717 1048 2280 1106">
    <p class='ocr_par' dir='ltr' id='par_1_11' title="bbox 717 1048 2280 1106">
     <span class='ocr_line' id='line_1_11' title="bbox 717 1048 2280 1106; baseline 0.003 -4"><span class='ocrx_word' id='word_1_64' title='bbox 717 1051 822 1102; x_wconf 89' lang='lat' dir='ltr'><strong>rint</strong></span> <span class='ocrx_word' id='word_1_65' title='bbox 845 1050 895 1101; x_wconf 92' lang='lat' dir='ltr'><strong>in</strong></span> <span class='ocrx_word' id='word_1_66' title='bbox 917 1048 1200 1102; x_wconf 91' lang='lat' dir='ltr'><strong>Dominum</strong></span> <span class='ocrx_word' id='word_1_67' title='bbox 1221 1059 1467 1102; x_wconf 90' lang='lat' dir='ltr'><strong>nostrum</strong></span> <span class='ocrx_word' id='word_1_68' title='bbox 1480 1049 1666 1103; x_wconf 82' lang='lat' dir='ltr'><strong>.Iesum</strong></span> <span class='ocrx_word' id='word_1_69' title='bbox 1688 1050 2132 1106; x_wconf 82' lang='lat' dir='ltr'><strong>Cbristum.Alibi</strong></span> <span class='ocrx_word' id='word_1_70' title='bbox 2152 1068 2280 1106; x_wconf 87' lang='lat' dir='ltr'><strong>vero</strong></span> 
     </span>
    </p>
   </div>
   <div class='ocr_carea' id='block_1_12' title="bbox 717 1140 2282 1212">
    <p class='ocr_par' dir='ltr' id='par_1_12' title="bbox 717 1140 2282 1212">
     <span class='ocr_line' id='line_1_12' title="bbox 717 1140 2282 1212; baseline 0.001 -18"><span class='ocrx_word' id='word_1_71' title='bbox 717 1141 913 1194; x_wconf 85' lang='lat' dir='ltr'><strong>iterum</strong></span> <span class='ocrx_word' id='word_1_72' title='bbox 938 1140 1207 1204; x_wconf 87' lang='lat' dir='ltr'><strong>scribens,</strong></span> <span class='ocrx_word' id='word_1_73' title='bbox 1223 1142 1364 1207; x_wconf 88' lang='lat' dir='ltr'><strong>quod</strong></span> <span class='ocrx_word' id='word_1_74' title='bbox 1389 1157 1574 1194; x_wconf 86' lang='lat' dir='ltr'><strong>verum</strong></span> <span class='ocrx_word' id='word_1_75' title='bbox 1595 1142 1761 1194; x_wconf 90' lang='lat' dir='ltr'><strong>Deum</strong></span> <span class='ocrx_word' id='word_1_76' title='bbox 1781 1144 1964 1212; x_wconf 70' lang='lat' dir='ltr'><strong>gratiae</strong></span> <span class='ocrx_word' id='word_1_77' title='bbox 1979 1159 2090 1197; x_wconf 77' lang='lat' dir='ltr'><strong>sua:</strong></span> <span class='ocrx_word' id='word_1_78' title='bbox 2108 1144 2282 1212; x_wconf 82' lang='lat' dir='ltr'><strong>pceni-</strong></span> 
     </span>
    </p>
   </div>
   <div class='ocr_carea' id='block_1_13' title="bbox 718 1231 2284 1302">
    <p class='ocr_par' dir='ltr' id='par_1_13' title="bbox 718 1231 2284 1302">
     <span class='ocr_line' id='line_1_13' title="bbox 718 1231 2284 1302; baseline 0.003 -19"><span class='ocrx_word' id='word_1_79' title='bbox 718 1241 830 1283; x_wconf 89' lang='lat' dir='ltr'><strong>tere</strong></span> <span class='ocrx_word' id='word_1_80' title='bbox 849 1246 954 1283; x_wconf 92' lang='lat' dir='ltr'><strong>non</strong></span> <span class='ocrx_word' id='word_1_81' title='bbox 975 1231 1164 1299; x_wconf 87' lang='lat' dir='ltr'><strong>possit,</strong></span> <span class='ocrx_word' id='word_1_82' title='bbox 1184 1241 1239 1283; x_wconf 92' lang='lat' dir='ltr'><strong>et</strong></span> <span class='ocrx_word' id='word_1_83' title='bbox 1261 1231 1404 1299; x_wconf 90' lang='lat' dir='ltr'><strong>quod</strong></span> <span class='ocrx_word' id='word_1_84' title='bbox 1427 1232 1545 1299; x_wconf 85' lang='lat' dir='ltr'><strong>ejus</strong></span> <span class='ocrx_word' id='word_1_85' title='bbox 1571 1232 1657 1286; x_wconf 82' lang='lat' dir='ltr'><strong>lue</strong></span> <span class='ocrx_word' id='word_1_86' title='bbox 1668 1233 1736 1285; x_wconf 93' lang='lat' dir='ltr'><strong>rit</strong></span> <span class='ocrx_word' id='word_1_87' title='bbox 1758 1234 1991 1302; x_wconf 82' lang='lat' dir='ltr'><strong>populus</strong></span> <span class='ocrx_word' id='word_1_88' title='bbox 2026 1235 2284 1288; x_wconf 82' lang='lat' dir='ltr'><strong>israeliti-</strong></span> 
     </span>
    </p>
   </div>
   <div class='ocr_carea' id='block_1_14' title="bbox 718 1321 2287 1393">
    <p class='ocr_par' dir='ltr' id='par_1_14' title="bbox 718 1321 2287 1393">
     <span class='ocr_line' id='line_1_14' title="bbox 718 1321 2287 1393; baseline 0.003 -21"><span class='ocrx_word' id='word_1_89' title='bbox 718 1335 837 1381; x_wconf 93' lang='lat' dir='ltr'><strong>cus,</strong></span> <span class='ocrx_word' id='word_1_90' title='bbox 859 1329 914 1372; x_wconf 91' lang='lat' dir='ltr'><strong>et</strong></span> <span class='ocrx_word' id='word_1_91' title='bbox 930 1321 1034 1382; x_wconf 73' lang='lat' dir='ltr'><strong>lex,</strong></span> <span class='ocrx_word' id='word_1_92' title='bbox 1057 1329 1420 1389; x_wconf 64' lang='lat' dir='ltr'><strong>etprteccpta,</strong></span> <span class='ocrx_word' id='word_1_93' title='bbox 1453 1331 1507 1374; x_wconf 90' lang='lat' dir='ltr'><strong>et</strong></span> <span class='ocrx_word' id='word_1_94' title='bbox 1539 1323 1682 1390; x_wconf 90' lang='lat' dir='ltr'><strong>quod</strong></span> <span class='ocrx_word' id='word_1_95' title='bbox 1719 1338 1825 1376; x_wconf 90' lang='lat' dir='ltr'><strong>non</strong></span> <span class='ocrx_word' id='word_1_96' title='bbox 1861 1339 2050 1377; x_wconf 89' lang='lat' dir='ltr'><strong>omnes</strong></span> <span class='ocrx_word' id='word_1_97' title='bbox 2065 1333 2287 1393; x_wconf 83' lang='lat' dir='ltr'><strong>propter</strong></span> 
     </span>
    </p>
   </div>
   <div class='ocr_carea' id='block_1_15' title="bbox 723 1410 2286 1480">
    <p class='ocr_par' dir='ltr' id='par_1_15' title="bbox 723 1410 2286 1480">
     <span class='ocr_line' id='line_1_15' title="bbox 723 1410 2286 1480; baseline 0.003 -18"><span class='ocrx_word' id='word_1_98' title='bbox 723 1410 1201 1478; x_wconf 60' lang='lat' dir='ltr'><strong>transgressionem</strong></span> <span class='ocrx_word' id='word_1_99' title='bbox 1227 1426 1257 1463; x_wconf 90' lang='lat' dir='ltr'><strong>a</strong></span> <span class='ocrx_word' id='word_1_100' title='bbox 1278 1411 1506 1464; x_wconf 77' lang='lat' dir='ltr'><strong>filiorum</strong></span> <span class='ocrx_word' id='word_1_101' title='bbox 1525 1412 1648 1480; x_wconf 87' lang='lat' dir='ltr'><strong>jure</strong></span> <span class='ocrx_word' id='word_1_102' title='bbox 1678 1414 1985 1476; x_wconf 83' lang='lat' dir='ltr'><strong>removerit,</strong></span> <span class='ocrx_word' id='word_1_103' title='bbox 2010 1413 2086 1467; x_wconf 87' lang='lat' dir='ltr'><strong>ait</strong></span> <span class='ocrx_word' id='word_1_104' title='bbox 2111 1414 2286 1466; x_wconf 82' lang='lat' dir='ltr'><strong>:Num</strong></span> 
     </span>
    </p>
   </div>
   <div class='ocr_carea' id='block_1_16' title="bbox 721 1501 2278 1573">
    <p class='ocr_par' dir='ltr' id='par_1_16' title="bbox 721 1501 2278 1573">
     <span class='ocr_line' id='line_1_16' title="bbox 721 1501 2278 1573; baseline 0.003 -21"><span class='ocrx_word' id='word_1_105' title='bbox 721 1502 909 1566; x_wconf 77' lang='lat' dir='ltr'><strong>repulit</strong></span> <span class='ocrx_word' id='word_1_106' title='bbox 950 1501 1084 1554; x_wconf 86' lang='lat' dir='ltr'><strong>Deus</strong></span> <span class='ocrx_word' id='word_1_107' title='bbox 1116 1501 1362 1569; x_wconf 83' lang='lat' dir='ltr'><strong>populum</strong></span> <span class='ocrx_word' id='word_1_108' title='bbox 1386 1519 1558 1562; x_wconf 86' lang='lat' dir='ltr'><strong>suum,</strong></span> <span class='ocrx_word' id='word_1_109' title='bbox 1595 1520 1746 1571; x_wconf 85' lang='lat' dir='ltr'><strong>quem</strong></span> <span class='ocrx_word' id='word_1_110' title='bbox 1783 1507 2127 1573; x_wconf 74' lang='lat' dir='ltr'><strong>prwcognovit</strong></span> <span class='ocrx_word' id='word_1_111' title='bbox 2157 1505 2278 1556; x_wconf 68' lang='grc'><strong>⁵³⁸⁸2</strong></span> 
     </span>
    </p>
   </div>
   <div class='ocr_carea' id='block_1_17' title="bbox 723 1591 2286 1661">
    <p class='ocr_par' dir='ltr' id='par_1_17' title="bbox 723 1591 2286 1661">
     <span class='ocr_line' id='line_1_17' title="bbox 723 1591 2286 1661; baseline 0.006 -19"><span class='ocrx_word' id='word_1_112' title='bbox 723 1591 1183 1659; x_wconf 87' lang='lat' dir='ltr'><strong>l&#39;crspieuumque</strong></span> <span class='ocrx_word' id='word_1_113' title='bbox 1214 1591 1440 1656; x_wconf 81' lang='lat' dir='ltr'><strong>faciens,</strong></span> <span class='ocrx_word' id='word_1_114' title='bbox 1460 1609 1619 1661; x_wconf 83' lang='lat' dir='ltr'><strong>quem</strong></span> <span class='ocrx_word' id='word_1_115' title='bbox 1656 1595 1826 1647; x_wconf 90' lang='lat' dir='ltr'><strong>Deum</strong></span> <span class='ocrx_word' id='word_1_116' title='bbox 1875 1595 2038 1656; x_wconf 83' lang='lat' dir='ltr'><strong>dicat.</strong></span> <span class='ocrx_word' id='word_1_117' title='bbox 2063 1607 2118 1650; x_wconf 90' lang='lat' dir='ltr'><strong>et</strong></span> <span class='ocrx_word' id='word_1_118' title='bbox 2141 1598 2286 1651; x_wconf 89' lang='lat' dir='ltr'><strong>unde</strong></span> 
     </span>
    </p>
   </div>
   <div class='ocr_carea' id='block_1_18' title="bbox 727 1681 2283 1754">
    <p class='ocr_par' dir='ltr' id='par_1_18' title="bbox 727 1681 2283 1754">
     <span class='ocr_line' id='line_1_18' title="bbox 727 1681 2283 1754; baseline 0.006 -23"><span class='ocrx_word' id='word_1_119' title='bbox 727 1682 859 1733; x_wconf 87' lang='lat' dir='ltr'><strong>lidcs</strong></span> <span class='ocrx_word' id='word_1_120' title='bbox 889 1681 978 1733; x_wconf 88' lang='lat' dir='ltr'><strong>liat</strong></span> <span class='ocrx_word' id='word_1_121' title='bbox 1009 1683 1152 1750; x_wconf 89' lang='lat' dir='ltr'><strong>quod</strong></span> <span class='ocrx_word' id='word_1_122' title='bbox 1184 1683 1441 1750; x_wconf 92' lang='lat' dir='ltr'><strong>populum</strong></span> <span class='ocrx_word' id='word_1_123' title='bbox 1469 1699 1624 1736; x_wconf 91' lang='lat' dir='ltr'><strong>suum</strong></span> <span class='ocrx_word' id='word_1_124' title='bbox 1656 1701 1762 1736; x_wconf 91' lang='lat' dir='ltr'><strong>non</strong></span> <span class='ocrx_word' id='word_1_125' title='bbox 1798 1685 2074 1754; x_wconf 87' lang='lat' dir='ltr'><strong>repulerit,</strong></span> <span class='ocrx_word' id='word_1_126' title='bbox 2098 1688 2283 1741; x_wconf 86' lang='lat' dir='ltr'><strong>addit:</strong></span> 
     </span>
    </p>
   </div>
   <div class='ocr_carea' id='block_1_19' title="bbox 728 1770 2287 1843">
    <p class='ocr_par' dir='ltr' id='par_1_19' title="bbox 728 1770 2287 1843">
     <span class='ocr_line' id='line_1_19' title="bbox 728 1770 2287 1843; baseline 0.005 -23"><span class='ocrx_word' id='word_1_127' title='bbox 728 1770 867 1822; x_wconf 87' lang='lat' dir='ltr'><strong>Nam</strong></span> <span class='ocrx_word' id='word_1_128' title='bbox 907 1782 954 1824; x_wconf 89' lang='lat' dir='ltr'><strong>et</strong></span> <span class='ocrx_word' id='word_1_129' title='bbox 979 1774 1087 1840; x_wconf 85' lang='lat' dir='ltr'><strong>ipse</strong></span> <span class='ocrx_word' id='word_1_130' title='bbox 1124 1789 1215 1843; x_wconf 89' lang='lat' dir='ltr'><strong>ego</strong></span> <span class='ocrx_word' id='word_1_131' title='bbox 1250 1772 1468 1826; x_wconf 86' lang='lat' dir='ltr'><strong>Iraelita</strong></span> <span class='ocrx_word' id='word_1_132' title='bbox 1487 1791 1698 1835; x_wconf 75' lang='lat' dir='ltr'><strong>sum,ex</strong></span> <span class='ocrx_word' id='word_1_133' title='bbox 1719 1776 1914 1827; x_wconf 77' lang='lat' dir='ltr'><strong>semine</strong></span> <span class='ocrx_word' id='word_1_134' title='bbox 1941 1777 2214 1842; x_wconf 81' lang='lat' dir='ltr'><strong>Abraami,</strong></span> <span class='ocrx_word' id='word_1_135' title='bbox 2239 1787 2287 1830; x_wconf 90' lang='lat' dir='ltr'><strong>et</strong></span> 
     </span>
    </p>
   </div>
   <div class='ocr_carea' id='block_1_20' title="bbox 725 1862 2276 1936">
    <p class='ocr_par' dir='ltr' id='par_1_20' title="bbox 725 1862 2276 1936">
     <span class='ocr_line' id='line_1_20' title="bbox 725 1862 2276 1936; baseline 0.007 -24"><span class='ocrx_word' id='word_1_136' title='bbox 725 1863 862 1913; x_wconf 88' lang='lat' dir='ltr'><strong>tribu</strong></span> <span class='ocrx_word' id='word_1_137' title='bbox 893 1862 1214 1932; x_wconf 82' lang='lat' dir='ltr'><strong>Bcnjaminis</strong></span> <span class='ocrx_word' id='word_1_138' title='bbox 1236 1866 1300 1918; x_wconf 80' lang='lat'><strong>&quot;.</strong></span> <span class='ocrx_word' id='word_1_139' title='bbox 1336 1865 1517 1932; x_wconf 85' lang='lat' dir='ltr'><strong>Itaque</strong></span> <span class='ocrx_word' id='word_1_140' title='bbox 1537 1867 1628 1933; x_wconf 90' lang='lat' dir='ltr'><strong>qui</strong></span> <span class='ocrx_word' id='word_1_141' title='bbox 1667 1883 1772 1919; x_wconf 93' lang='lat' dir='ltr'><strong>non</strong></span> <span class='ocrx_word' id='word_1_142' title='bbox 1808 1869 2004 1936; x_wconf 85' lang='lat' dir='ltr'><strong>repulit</strong></span> <span class='ocrx_word' id='word_1_143' title='bbox 2032 1868 2276 1935; x_wconf 84' lang='lat' dir='ltr'><strong>Paulum,</strong></span> 
     </span>
    </p>
   </div>
   <div class='ocr_carea' id='block_1_21' title="bbox 725 1953 2284 2029">
    <p class='ocr_par' dir='ltr' id='par_1_21' title="bbox 725 1953 2284 2029">
     <span class='ocr_line' id='line_1_21' title="bbox 725 1953 2284 2029; baseline 0.008 -27"><span class='ocrx_word' id='word_1_144' title='bbox 725 1953 816 2004; x_wconf 81' lang='lat' dir='ltr'><strong>sed</strong></span> <span class='ocrx_word' id='word_1_145' title='bbox 843 1969 965 2007; x_wconf 90' lang='lat' dir='ltr'><strong>eum</strong></span> <span class='ocrx_word' id='word_1_146' title='bbox 1022 1955 1231 2009; x_wconf 82' lang='lat' dir='ltr'><strong>vocavit</strong></span> <span class='ocrx_word' id='word_1_147' title='bbox 1281 1956 1334 2008; x_wconf 90' lang='lat' dir='ltr'><strong>in</strong></span> <span class='ocrx_word' id='word_1_148' title='bbox 1405 1957 1746 2021; x_wconf 88' lang='lat' dir='ltr'><strong>electionem,</strong></span> <span class='ocrx_word' id='word_1_149' title='bbox 1773 1958 1912 2012; x_wconf 90' lang='lat' dir='ltr'><strong>idem</strong></span> <span class='ocrx_word' id='word_1_150' title='bbox 1951 1970 2056 2021; x_wconf 88' lang='lat' dir='ltr'><strong>est,</strong></span> <span class='ocrx_word' id='word_1_151' title='bbox 2084 1961 2177 2029; x_wconf 89' lang='lat' dir='ltr'><strong>qui</strong></span> <span class='ocrx_word' id='word_1_152' title='bbox 2229 1972 2284 2015; x_wconf 88' lang='lat' dir='ltr'><strong>et</strong></span> 
     </span>
    </p>
   </div>
   <div class='ocr_carea' id='block_1_22' title="bbox 727 2042 2286 2122">
    <p class='ocr_par' dir='ltr' id='par_1_22' title="bbox 727 2042 2286 2122">
     <span class='ocr_line' id='line_1_22' title="bbox 727 2042 2286 2122; baseline 0.009 -29"><span class='ocrx_word' id='word_1_153' title='bbox 727 2042 996 2105; x_wconf 86' lang='lat' dir='ltr'><strong>Israelem.</strong></span> <span class='ocrx_word' id='word_1_154' title='bbox 1031 2046 1286 2114; x_wconf 91' lang='lat' dir='ltr'><strong>populum</strong></span> <span class='ocrx_word' id='word_1_155' title='bbox 1313 2063 1495 2111; x_wconf 90' lang='lat' dir='ltr'><strong>suum,</strong></span> <span class='ocrx_word' id='word_1_156' title='bbox 1526 2049 1580 2102; x_wconf 91' lang='lat' dir='ltr'><strong>in</strong></span> <span class='ocrx_word' id='word_1_157' title='bbox 1625 2049 1766 2104; x_wconf 90' lang='lat' dir='ltr'><strong>idem</strong></span> <span class='ocrx_word' id='word_1_158' title='bbox 1807 2051 2008 2118; x_wconf 91' lang='lat' dir='ltr'><strong>posuit,</strong></span> <span class='ocrx_word' id='word_1_159' title='bbox 2051 2068 2286 2122; x_wconf 89' lang='lat' dir='ltr'><strong>eumque</strong></span> 
     </span>
    </p>
   </div>
   <div class='ocr_carea' id='block_1_23' title="bbox 727 2135 2212 2208">
    <p class='ocr_par' dir='ltr' id='par_1_23' title="bbox 727 2135 2212 2208">
     <span class='ocr_line' id='line_1_23' title="bbox 727 2135 2212 2208; baseline 0.006 -23"><span class='ocrx_word' id='word_1_160' title='bbox 727 2149 833 2186; x_wconf 91' lang='lat' dir='ltr'><strong>non</strong></span> <span class='ocrx_word' id='word_1_161' title='bbox 859 2135 1072 2202; x_wconf 89' lang='lat' dir='ltr'><strong>repulit,</strong></span> <span class='ocrx_word' id='word_1_162' title='bbox 1102 2137 1195 2190; x_wconf 88' lang='lat' dir='ltr'><strong>sed</strong></span> <span class='ocrx_word' id='word_1_163' title='bbox 1235 2151 1332 2204; x_wconf 91' lang='lat' dir='ltr'><strong>per</strong></span> <span class='ocrx_word' id='word_1_164' title='bbox 1359 2137 1516 2190; x_wconf 82' lang='lat' dir='ltr'><strong>[idem</strong></span> <span class='ocrx_word' id='word_1_165' title='bbox 1569 2137 1621 2189; x_wconf 90' lang='lat' dir='ltr'><strong>in</strong></span> <span class='ocrx_word' id='word_1_166' title='bbox 1653 2137 1930 2192; x_wconf 86' lang='lat' dir='ltr'><strong>Christum</strong></span> <span class='ocrx_word' id='word_1_167' title='bbox 1973 2140 2212 2208; x_wconf 79' lang='lat' dir='ltr'><strong>perfecit.</strong></span> 
     </span>
    </p>
   </div>
   <div class='ocr_carea' id='block_1_24' title="bbox 2379 597 3939 670">
    <p class='ocr_par' dir='ltr' id='par_1_24' title="bbox 2379 597 3939 670">
     <span class='ocr_line' id='line_1_24' title="bbox 2379 597 3939 670; baseline -0.003 -19"><span class='ocrx_word' id='word_1_168' title='bbox 2379 600 2472 651; x_wconf 78' lang='grc' dir='ltr'>καὶ</span> <span class='ocrx_word' id='word_1_169' title='bbox 2507 601 2566 652; x_wconf 87' lang='grc' dir='ltr'><strong>ού</strong></span> <span class='ocrx_word' id='word_1_170' title='bbox 2599 599 2844 670; x_wconf 92' lang='grc' dir='ltr'>πλάστην</span> <span class='ocrx_word' id='word_1_171' title='bbox 2863 600 3041 668; x_wconf 82' lang='grc' dir='ltr'>μόνον,</span> <span class='ocrx_word' id='word_1_172' title='bbox 3059 599 3192 651; x_wconf 70' lang='grc' dir='ltr'>ἀλλὰ</span> <span class='ocrx_word' id='word_1_173' title='bbox 3216 599 3311 654; x_wconf 80' lang='grc' dir='ltr'>καὶ</span> <span class='ocrx_word' id='word_1_174' title='bbox 3343 599 3535 668; x_wconf 81' lang='grc' dir='ltr'>κριτὴν</span> <span class='ocrx_word' id='word_1_175' title='bbox 3570 597 3939 662; x_wconf 77' lang='grc' dir='ltr'><strong>αὐτεξούσιον,</strong></span> 
     </span>
    </p>
   </div>
   <div class='ocr_carea' id='block_1_25' title="bbox 2381 690 3938 759">
    <p class='ocr_par' dir='ltr' id='par_1_25' title="bbox 2381 690 3938 759">
     <span class='ocr_line' id='line_1_25' title="bbox 2381 690 3938 759; baseline -0.004 -15"><span class='ocrx_word' id='word_1_176' title='bbox 2381 694 2472 745; x_wconf 77' lang='grc' dir='ltr'><strong>καὶ</strong></span> <span class='ocrx_word' id='word_1_177' title='bbox 2500 691 2594 743; x_wconf 79' lang='grc' dir='ltr'><strong>τοῦ</strong></span> <span class='ocrx_word' id='word_1_178' title='bbox 2621 692 2894 759; x_wconf 85' lang='grc' dir='ltr'>διανέμειν</span> <span class='ocrx_word' id='word_1_179' title='bbox 2923 691 3138 758; x_wconf 77' lang='grc' dir='ltr'><strong>ἑκάστῳ</strong></span> <span class='ocrx_word' id='word_1_180' title='bbox 3162 690 3298 758; x_wconf 81' lang='lat' dir='ltr'><strong>(Gl),</strong></span> <span class='ocrx_word' id='word_1_181' title='bbox 3331 690 3398 741; x_wconf 83' lang='grc' dir='ltr'><strong>ἂν</strong></span> <span class='ocrx_word' id='word_1_182' title='bbox 3430 690 3463 757; x_wconf 80' lang='grc' dir='ltr'>ἠ</span> <span class='ocrx_word' id='word_1_183' title='bbox 3492 690 3674 758; x_wconf 85' lang='grc' dir='ltr'>κρίσις</span> <span class='ocrx_word' id='word_1_184' title='bbox 3718 691 3938 756; x_wconf 72' lang='grc' dir='ltr'>ᾕνεγκε,</span> 
     </span>
    </p>
   </div>
   <div class='ocr_carea' id='block_1_26' title="bbox 2379 778 3944 848">
    <p class='ocr_par' dir='ltr' id='par_1_26' title="bbox 2379 778 3944 848">
     <span class='ocr_line' id='line_1_26' title="bbox 2379 778 3944 848; baseline 0.001 -16"><span class='ocrx_word' id='word_1_185' title='bbox 2379 780 2664 848; x_wconf 78' lang='grc' dir='ltr'><strong>δεσπότην,</strong></span> <span class='ocrx_word' id='word_1_186' title='bbox 2689 782 2788 846; x_wconf 78' lang='grc' dir='ltr'><strong>τὴν</strong></span> <span class='ocrx_word' id='word_1_187' title='bbox 2820 779 2919 848; x_wconf 83' lang='grc' dir='ltr'>μὲν</span> <span class='ocrx_word' id='word_1_188' title='bbox 2950 778 3118 847; x_wconf 80' lang='grc' dir='ltr'>ὀργὴν</span> <span class='ocrx_word' id='word_1_189' title='bbox 3144 780 3328 847; x_wconf 81' lang='grc' dir='ltr'>φέρειν</span> <span class='ocrx_word' id='word_1_190' title='bbox 3365 779 3694 843; x_wconf 77' lang='grc' dir='ltr'><strong>ἐκδιδάσκει,</strong></span> <span class='ocrx_word' id='word_1_191' title='bbox 3744 780 3838 832; x_wconf 76' lang='grc' dir='ltr'>ἐπὶ</span> <span class='ocrx_word' id='word_1_192' title='bbox 3876 782 3944 833; x_wconf 75' lang='grc' dir='ltr'><strong>τά</strong></span> 
     </span>
    </p>
   </div>
   <div class='ocr_carea' id='block_1_27' title="bbox 2384 870 3945 941">
    <p class='ocr_par' dir='ltr' id='par_1_27' title="bbox 2384 870 3945 941">
     <span class='ocr_line' id='line_1_27' title="bbox 2384 870 3945 941; baseline -0.001 -17"><span class='ocrx_word' id='word_1_193' title='bbox 2384 872 2551 940; x_wconf 85' lang='grc' dir='ltr'>σκεύη</span> <span class='ocrx_word' id='word_1_194' title='bbox 2573 873 2638 924; x_wconf 78' lang='grc' dir='ltr'><strong>τὰ</strong></span> <span class='ocrx_word' id='word_1_195' title='bbox 2667 871 3074 941; x_wconf 70' lang='grc' dir='ltr'><strong>κατηρτισμένα</strong></span> <span class='ocrx_word' id='word_1_196' title='bbox 3100 873 3178 932; x_wconf 83' lang='grc' dir='ltr'><strong>είς</strong></span> <span class='ocrx_word' id='word_1_197' title='bbox 3209 870 3484 924; x_wconf 79' lang='grc' dir='ltr'>ἀπώλειαν</span> <span class='ocrx_word' id='word_1_198' title='bbox 3502 884 3517 899; x_wconf 87' lang='grc'>⁶</span> <span class='ocrx_word' id='word_1_199' title='bbox 3545 870 3636 922; x_wconf 85' lang='grc' dir='ltr'><strong>τὸν</strong></span> <span class='ocrx_word' id='word_1_200' title='bbox 3687 871 3744 922; x_wconf 85' lang='grc' dir='ltr'>δὲ</span> <span class='ocrx_word' id='word_1_201' title='bbox 3783 871 3945 922; x_wconf 65' lang='grc' dir='ltr'>πλοῦν</span> 
     </span>
    </p>
   </div>
   <div class='ocr_carea' id='block_1_28' title="bbox 2381 960 3942 1032">
    <p class='ocr_par' dir='ltr' id='par_1_28' title="bbox 2381 960 3942 1032">
     <span class='ocr_line' id='line_1_28' title="bbox 2381 960 3942 1032; baseline -0.001 -16"><span class='ocrx_word' id='word_1_202' title='bbox 2381 982 2472 1016; x_wconf 91' lang='grc' dir='ltr'><strong>τον</strong></span> <span class='ocrx_word' id='word_1_203' title='bbox 2501 965 2598 1031; x_wconf 77' lang='grc' dir='ltr'><strong>τῆς</strong></span> <span class='ocrx_word' id='word_1_204' title='bbox 2623 963 2778 1032; x_wconf 71' lang='grc' dir='ltr'>δόξης</span> <span class='ocrx_word' id='word_1_205' title='bbox 2807 962 2973 1016; x_wconf 81' lang='grc' dir='ltr'>αὑτοῦ</span> <span class='ocrx_word' id='word_1_206' title='bbox 2999 965 3110 1024; x_wconf 87' lang='grc' dir='ltr'>τοῖς</span> <span class='ocrx_word' id='word_1_207' title='bbox 3141 961 3234 1014; x_wconf 92' lang='grc' dir='ltr'><strong>τοῦ</strong></span> <span class='ocrx_word' id='word_1_208' title='bbox 3261 961 3444 1024; x_wconf 82' lang='grc' dir='ltr'>ἐλέους</span> <span class='ocrx_word' id='word_1_209' title='bbox 3462 960 3942 1028; x_wconf 74' lang='grc' dir='ltr'>ἐπιδαψιλεύεσθαι</span> 
     </span>
    </p>
   </div>
   <div class='ocr_carea' id='block_1_29' title="bbox 2385 1048 3938 1125">
    <p class='ocr_par' dir='ltr' id='par_1_29' title="bbox 2385 1048 3938 1125">
     <span class='ocr_line' id='line_1_29' title="bbox 2385 1048 3938 1125; baseline -0.004 -17"><span class='ocrx_word' id='word_1_210' title='bbox 2385 1057 2571 1122; x_wconf 81' lang='grc' dir='ltr'>ἀξίοις.</span> <span class='ocrx_word' id='word_1_211' title='bbox 2604 1050 2679 1108; x_wconf 79' lang='grc' dir='ltr'>Οῦ</span> <span class='ocrx_word' id='word_1_212' title='bbox 2705 1057 2797 1108; x_wconf 81' lang='grc' dir='ltr'><strong>καὶ</strong></span> <span class='ocrx_word' id='word_1_213' title='bbox 2818 1056 2963 1125; x_wconf 78' lang='grc' dir='ltr'>ἡμᾶς</span> <span class='ocrx_word' id='word_1_214' title='bbox 3013 1052 3276 1122; x_wconf 80' lang='grc' dir='ltr'><strong>μετόχους</strong></span> <span class='ocrx_word' id='word_1_215' title='bbox 3333 1049 3743 1118; x_wconf 78' lang='grc' dir='ltr'><strong>εὐαγγελίζεται</strong></span> <span class='ocrx_word' id='word_1_216' title='bbox 3795 1048 3938 1103; x_wconf 81' lang='grc' dir='ltr'>εἶναι</span> 
     </span>
    </p>
   </div>
   <div class='ocr_carea' id='block_1_30' title="bbox 2386 1142 3946 1217">
    <p class='ocr_par' dir='ltr' id='par_1_30' title="bbox 2386 1142 3946 1217">
     <span class='ocr_line' id='line_1_30' title="bbox 2386 1142 3946 1217; baseline -0.003 -19"><span class='ocrx_word' id='word_1_217' title='bbox 2386 1149 2481 1201; x_wconf 80' lang='grc' dir='ltr'><strong>ᾰτε</strong></span> <span class='ocrx_word' id='word_1_218' title='bbox 2512 1146 2577 1217; x_wconf 82' lang='grc' dir='ltr'>δὴ</span> <span class='ocrx_word' id='word_1_219' title='bbox 2605 1145 3148 1216; x_wconf 82' lang='grc' dir='ltr'>προητοιμασμένους</span> <span class='ocrx_word' id='word_1_220' title='bbox 3197 1143 3292 1196; x_wconf 73' lang='grc' dir='ltr'>καὶ</span> <span class='ocrx_word' id='word_1_221' title='bbox 3334 1142 3809 1212; x_wconf 77' lang='grc' dir='ltr'>προκεκλημένους</span> <span class='ocrx_word' id='word_1_222' title='bbox 3867 1143 3946 1203; x_wconf 86' lang='grc' dir='ltr'>εἰς</span> 
     </span>
    </p>
   </div>
   <div class='ocr_carea' id='block_1_31' title="bbox 2385 1234 3946 1309">
    <p class='ocr_par' dir='ltr' id='par_1_31' title="bbox 2385 1234 3946 1309">
     <span class='ocr_line' id='line_1_31' title="bbox 2385 1234 3946 1309; baseline -0.004 -19"><span class='ocrx_word' id='word_1_223' title='bbox 2385 1240 2483 1309; x_wconf 82' lang='grc' dir='ltr'><strong>τὴν</strong></span> <span class='ocrx_word' id='word_1_224' title='bbox 2514 1239 2815 1291; x_wconf 79' lang='grc' dir='ltr'><strong>ἀπόλαυσιν</strong></span> <span class='ocrx_word' id='word_1_225' title='bbox 2846 1237 2955 1289; x_wconf 84' lang='grc' dir='ltr'><strong>τῶν</strong></span> <span class='ocrx_word' id='word_1_226' title='bbox 2977 1235 3220 1303; x_wconf 82' lang='grc' dir='ltr'><strong>ἀγαθῶν,</strong></span> <span class='ocrx_word' id='word_1_227' title='bbox 3243 1237 3368 1296; x_wconf 81' lang='grc' dir='ltr'>τοὺς</span> <span class='ocrx_word' id='word_1_228' title='bbox 3401 1235 3833 1294; x_wconf 80' lang='grc' dir='ltr'><strong>πεπιστευκότας</strong></span> <span class='ocrx_word' id='word_1_229' title='bbox 3867 1234 3946 1293; x_wconf 79' lang='grc' dir='ltr'><strong>είς</strong></span> 
     </span>
    </p>
   </div>
   <div class='ocr_carea' id='block_1_32' title="bbox 2384 1322 3948 1398">
    <p class='ocr_par' dir='ltr' id='par_1_32' title="bbox 2384 1322 3948 1398">
     <span class='ocr_line' id='line_1_32' title="bbox 2384 1322 3948 1398; baseline -0.006 -15"><span class='ocrx_word' id='word_1_230' title='bbox 2384 1331 2475 1383; x_wconf 77' lang='grc' dir='ltr'>τὸν</span> <span class='ocrx_word' id='word_1_231' title='bbox 2517 1329 2721 1398; x_wconf 77' lang='grc' dir='ltr'>Κύριον</span> <span class='ocrx_word' id='word_1_232' title='bbox 2769 1328 2925 1398; x_wconf 80' lang='grc' dir='ltr'>ἡμῶν</span> <span class='ocrx_word' id='word_1_233' title='bbox 2975 1326 3184 1396; x_wconf 79' lang='grc' dir='ltr'>Ἰησοῦν</span> <span class='ocrx_word' id='word_1_234' title='bbox 3224 1325 3479 1396; x_wconf 86' lang='grc' dir='ltr'>Χριστόν.</span> <span class='ocrx_word' id='word_1_235' title='bbox 3533 1324 3621 1376; x_wconf 81' lang='grc' dir='ltr'>Ἐν</span> <span class='ocrx_word' id='word_1_236' title='bbox 3656 1324 3836 1385; x_wconf 77' lang='grc' dir='ltr'>ἄλλοις</span> <span class='ocrx_word' id='word_1_237' title='bbox 3891 1322 3948 1374; x_wconf 77' lang='grc' dir='ltr'>δὲ</span> 
     </span>
    </p>
   </div>
   <div class='ocr_carea' id='block_1_33' title="bbox 2385 1410 3944 1486">
    <p class='ocr_par' dir='ltr' id='par_1_33' title="bbox 2385 1410 3944 1486">
     <span class='ocr_line' id='line_1_33' title="bbox 2385 1410 3944 1486; baseline -0.006 -17"><span class='ocrx_word' id='word_1_238' title='bbox 2385 1417 2545 1469; x_wconf 86' lang='grc' dir='ltr'>πάλιν</span> <span class='ocrx_word' id='word_1_239' title='bbox 2568 1416 2985 1486; x_wconf 81' lang='grc' dir='ltr'>ἀμεταμέλητον</span> <span class='ocrx_word' id='word_1_240' title='bbox 3016 1415 3174 1484; x_wconf 82' lang='grc' dir='ltr'>χάριν</span> <span class='ocrx_word' id='word_1_241' title='bbox 3204 1414 3533 1482; x_wconf 82' lang='grc' dir='ltr'>ἀναγράφων</span> <span class='ocrx_word' id='word_1_242' title='bbox 3563 1413 3658 1466; x_wconf 91' lang='grc' dir='ltr'><strong>τοῦ</strong></span> <span class='ocrx_word' id='word_1_243' title='bbox 3683 1410 3944 1480; x_wconf 76' lang='grc' dir='ltr'>ἀληθινοῦ</span> 
     </span>
    </p>
   </div>
   <div class='ocr_carea' id='block_1_34' title="bbox 2384 1501 3948 1576">
    <p class='ocr_par' dir='ltr' id='par_1_34' title="bbox 2384 1501 3948 1576">
     <span class='ocr_line' id='line_1_34' title="bbox 2384 1501 3948 1576; baseline -0.004 -17"><span class='ocrx_word' id='word_1_244' title='bbox 2384 1507 2539 1570; x_wconf 83' lang='grc' dir='ltr'>Θεοῦ,</span> <span class='ocrx_word' id='word_1_245' title='bbox 2565 1507 2657 1559; x_wconf 70' lang='grc' dir='ltr'>καὶ</span> <span class='ocrx_word' id='word_1_246' title='bbox 2679 1507 2759 1558; x_wconf 78' lang='grc' dir='ltr'>ὅτι</span> <span class='ocrx_word' id='word_1_247' title='bbox 2794 1507 3001 1557; x_wconf 82' lang='grc' dir='ltr'>ἐκείνου</span> <span class='ocrx_word' id='word_1_248' title='bbox 3037 1502 3104 1575; x_wconf 82' lang='grc' dir='ltr'>ἦν</span> <span class='ocrx_word' id='word_1_249' title='bbox 3133 1506 3161 1556; x_wconf 85' lang='grc' dir='ltr'>ὀ</span> <span class='ocrx_word' id='word_1_250' title='bbox 3204 1505 3542 1576; x_wconf 69' lang='grc' dir='ltr'>Ίσραηλίτης</span> <span class='ocrx_word' id='word_1_251' title='bbox 3584 1504 3733 1565; x_wconf 76' lang='grc' dir='ltr'>λαὸς,</span> <span class='ocrx_word' id='word_1_252' title='bbox 3779 1503 3875 1553; x_wconf 81' lang='grc' dir='ltr'>καὶ</span> <span class='ocrx_word' id='word_1_253' title='bbox 3915 1501 3948 1567; x_wconf 86' lang='grc' dir='ltr'><strong>ἡ</strong></span> 
     </span>
    </p>
   </div>
   <div class='ocr_carea' id='block_1_35' title="bbox 2387 1591 3948 1666">
    <p class='ocr_par' dir='ltr' id='par_1_35' title="bbox 2387 1591 3948 1666">
     <span class='ocr_line' id='line_1_35' title="bbox 2387 1591 3948 1666; baseline -0.006 -16"><span class='ocrx_word' id='word_1_254' title='bbox 2387 1597 2695 1666; x_wconf 75' lang='grc' dir='ltr'>νομοθεσία,</span> <span class='ocrx_word' id='word_1_255' title='bbox 2733 1597 2920 1649; x_wconf 79' lang='grc' dir='ltr'>καὶτὰ</span> <span class='ocrx_word' id='word_1_256' title='bbox 2959 1595 3374 1665; x_wconf 76' lang='grc' dir='ltr'>προστάγματα,</span> <span class='ocrx_word' id='word_1_257' title='bbox 3423 1594 3518 1646; x_wconf 75' lang='grc' dir='ltr'>καὶ</span> <span class='ocrx_word' id='word_1_258' title='bbox 3558 1595 3639 1645; x_wconf 84' lang='grc' dir='ltr'><strong>ὅτι</strong></span> <span class='ocrx_word' id='word_1_259' title='bbox 3691 1592 3764 1660; x_wconf 85' lang='grc' dir='ltr'>μὴ</span> <span class='ocrx_word' id='word_1_260' title='bbox 3809 1591 3948 1642; x_wconf 86' lang='grc' dir='ltr'>πάν-</span> 
     </span>
    </p>
   </div>
   <div class='ocr_carea' id='block_1_36' title="bbox 2383 1678 3950 1756">
    <p class='ocr_par' dir='ltr' id='par_1_36' title="bbox 2383 1678 3950 1756">
     <span class='ocr_line' id='line_1_36' title="bbox 2383 1678 3950 1756; baseline -0.008 -15"><span class='ocrx_word' id='word_1_261' title='bbox 2383 1707 2472 1751; x_wconf 89' lang='grc' dir='ltr'><strong>τες</strong></span> <span class='ocrx_word' id='word_1_262' title='bbox 2509 1688 2597 1740; x_wconf 76' lang='grc' dir='ltr'>διὰ</span> <span class='ocrx_word' id='word_1_263' title='bbox 2655 1688 2752 1756; x_wconf 82' lang='grc' dir='ltr'><strong>τὴν</strong></span> <span class='ocrx_word' id='word_1_264' title='bbox 2793 1687 2949 1738; x_wconf 89' lang='grc' dir='ltr'>ἐνίων</span> <span class='ocrx_word' id='word_1_265' title='bbox 3011 1684 3318 1754; x_wconf 76' lang='grc' dir='ltr'>παράϐασιν</span> <span class='ocrx_word' id='word_1_266' title='bbox 3369 1683 3468 1751; x_wconf 71' lang='grc' dir='ltr'>τῆς</span> <span class='ocrx_word' id='word_1_267' title='bbox 3529 1680 3794 1740; x_wconf 79' lang='grc' dir='ltr'>υἱοθεσίας</span> <span class='ocrx_word' id='word_1_268' title='bbox 3863 1678 3950 1740; x_wconf 79' lang='grc' dir='ltr'>ἐξο</span> 
     </span>
    </p>
   </div>
   <div class='ocr_carea' id='block_1_37' title="bbox 2389 1768 3947 1846">
    <p class='ocr_par' dir='ltr' id='par_1_37' title="bbox 2389 1768 3947 1846">
     <span class='ocr_line' id='line_1_37' title="bbox 2389 1768 3947 1846; baseline -0.008 -17"><span class='ocrx_word' id='word_1_269' title='bbox 2389 1777 2641 1846; x_wconf 79' lang='grc' dir='ltr'>εκήρυξε,</span> <span class='ocrx_word' id='word_1_270' title='bbox 2668 1776 2830 1846; x_wconf 84' lang='grc' dir='ltr'>φησίν</span> <span class='ocrx_word' id='word_1_271' title='bbox 2851 1792 2865 1805; x_wconf 69' lang='grc' dir='ltr'><strong><em>υ</em></strong></span> <span class='ocrx_word' id='word_1_272' title='bbox 2894 1775 2988 1840; x_wconf 75' lang='grc' dir='ltr'><strong>Μὴ</strong></span> <span class='ocrx_word' id='word_1_273' title='bbox 3023 1773 3303 1829; x_wconf 73' lang='grc' dir='ltr'>ἀπώσατο</span> <span class='ocrx_word' id='word_1_274' title='bbox 3326 1775 3358 1826; x_wconf 81' lang='grc' dir='ltr'><strong><em>ό</em></strong></span> <span class='ocrx_word' id='word_1_275' title='bbox 3376 1772 3513 1836; x_wconf 81' lang='grc' dir='ltr'>Θεὸς</span> <span class='ocrx_word' id='word_1_276' title='bbox 3543 1773 3648 1823; x_wconf 83' lang='grc' dir='ltr'>τὸν</span> <span class='ocrx_word' id='word_1_277' title='bbox 3668 1769 3818 1822; x_wconf 78' lang='grc' dir='ltr'>λαὸν</span> <span class='ocrx_word' id='word_1_278' title='bbox 3839 1768 3947 1818; x_wconf 81' lang='grc' dir='ltr'><strong>αὑ-</strong></span> 
     </span>
    </p>
   </div>
   <div class='ocr_carea' id='block_1_38' title="bbox 2389 1857 3950 1934">
    <p class='ocr_par' dir='ltr' id='par_1_38' title="bbox 2389 1857 3950 1934">
     <span class='ocr_line' id='line_1_38' title="bbox 2389 1857 3950 1934; baseline -0.009 -13"><span class='ocrx_word' id='word_1_279' title='bbox 2389 1869 2516 1933; x_wconf 86' lang='grc' dir='ltr'>τοῦ,</span> <span class='ocrx_word' id='word_1_280' title='bbox 2543 1867 2614 1920; x_wconf 85' lang='grc' dir='ltr'>ὃν</span> <span class='ocrx_word' id='word_1_281' title='bbox 2644 1866 2945 1934; x_wconf 79' lang='grc' dir='ltr'>προέγνω;</span> <span class='ocrx_word' id='word_1_282' title='bbox 2981 1865 3088 1916; x_wconf 72' lang='grc' dir='ltr'>Καὶ</span> <span class='ocrx_word' id='word_1_283' title='bbox 3133 1864 3343 1923; x_wconf 79' lang='grc' dir='ltr'>δεικνὺς</span> <span class='ocrx_word' id='word_1_284' title='bbox 3372 1862 3615 1932; x_wconf 79' lang='grc' dir='ltr'>ἐναργῶς</span> <span class='ocrx_word' id='word_1_285' title='bbox 3659 1860 3776 1911; x_wconf 92' lang='grc' dir='ltr'>τίνα</span> <span class='ocrx_word' id='word_1_286' title='bbox 3817 1857 3950 1908; x_wconf 81' lang='grc' dir='ltr'>Θεὸν</span> 
     </span>
    </p>
   </div>
   <div class='ocr_carea' id='block_1_39' title="bbox 2391 1949 3953 2026">
    <p class='ocr_par' dir='ltr' id='par_1_39' title="bbox 2391 1949 3953 2026">
     <span class='ocr_line' id='line_1_39' title="bbox 2391 1949 3953 2026; baseline -0.009 -15"><span class='ocrx_word' id='word_1_287' title='bbox 2391 1959 2562 2026; x_wconf 82' lang='grc' dir='ltr'>λέγει,</span> <span class='ocrx_word' id='word_1_288' title='bbox 2589 1959 2680 2010; x_wconf 71' lang='grc' dir='ltr'><strong>καὶ</strong></span> <span class='ocrx_word' id='word_1_289' title='bbox 2707 1956 2920 2024; x_wconf 83' lang='grc' dir='ltr'>πόθενή</span> <span class='ocrx_word' id='word_1_290' title='bbox 2947 1956 3150 2018; x_wconf 81' lang='grc' dir='ltr'>πίστις,</span> <span class='ocrx_word' id='word_1_291' title='bbox 3169 1955 3248 2007; x_wconf 88' lang='grc' dir='ltr'>ὃτι</span> <span class='ocrx_word' id='word_1_292' title='bbox 3271 1953 3362 2005; x_wconf 85' lang='grc' dir='ltr'>τὸν</span> <span class='ocrx_word' id='word_1_293' title='bbox 3388 1951 3514 2005; x_wconf 64' lang='grc' dir='ltr'>λαὸν</span> <span class='ocrx_word' id='word_1_294' title='bbox 3543 1949 3707 2003; x_wconf 86' lang='grc' dir='ltr'>αὑτοῦ</span> <span class='ocrx_word' id='word_1_295' title='bbox 3747 1949 3823 2018; x_wconf 81' lang='grc' dir='ltr'>μὴ</span> <span class='ocrx_word' id='word_1_296' title='bbox 3849 1949 3953 1998; x_wconf 83' lang='grc' dir='ltr'>ἁπ-</span> 
     </span>
    </p>
   </div>
   <div class='ocr_carea' id='block_1_40' title="bbox 2394 2037 3952 2114">
    <p class='ocr_par' dir='ltr' id='par_1_40' title="bbox 2394 2037 3952 2114">
     <span class='ocr_line' id='line_1_40' title="bbox 2394 2037 3952 2114; baseline -0.007 -14"><span class='ocrx_word' id='word_1_297' title='bbox 2394 2047 2589 2100; x_wconf 87' lang='grc' dir='ltr'>ὠσατο.</span> <span class='ocrx_word' id='word_1_298' title='bbox 2622 2046 2731 2100; x_wconf 74' lang='grc' dir='ltr'><strong>Καὶ</strong></span> <span class='ocrx_word' id='word_1_299' title='bbox 2778 2045 2886 2114; x_wconf 77' lang='grc' dir='ltr'>γὰρ</span> <span class='ocrx_word' id='word_1_300' title='bbox 2932 2045 3067 2114; x_wconf 81' lang='grc' dir='ltr'>ἐγὼ,</span> <span class='ocrx_word' id='word_1_301' title='bbox 3105 2043 3672 2113; x_wconf 73' lang='grc' dir='ltr'>φησὶν,’1σραηλὶτης</span> <span class='ocrx_word' id='word_1_302' title='bbox 3724 2040 3837 2106; x_wconf 82' lang='grc' dir='ltr'>είμί</span> <span class='ocrx_word' id='word_1_303' title='bbox 3883 2037 3952 2090; x_wconf 79' lang='grc' dir='ltr'><strong>ἐκ</strong></span> 
     </span>
    </p>
   </div>
   <div class='ocr_carea' id='block_1_41' title="bbox 2396 2128 3952 2208">
    <p class='ocr_par' dir='ltr' id='par_1_41' title="bbox 2396 2128 3952 2208">
     <span class='ocr_line' id='line_1_41' title="bbox 2396 2128 3952 2208; baseline -0.007 -15"><span class='ocrx_word' id='word_1_304' title='bbox 2396 2139 2735 2208; x_wconf 82' lang='grc' dir='ltr'>σπέρματος</span> <span class='ocrx_word' id='word_1_305' title='bbox 2774 2137 3047 2204; x_wconf 73' lang='grc' dir='ltr'>Ἀϐραὰμ,</span> <span class='ocrx_word' id='word_1_306' title='bbox 3071 2134 3272 2205; x_wconf 75' lang='grc' dir='ltr'>φυλῆς</span> <span class='ocrx_word' id='word_1_307' title='bbox 3293 2135 3590 2202; x_wconf 80' lang='grc' dir='ltr'>Βενιαμίν.</span> <span class='ocrx_word' id='word_1_308' title='bbox 3642 2133 3798 2182; x_wconf 82' lang='grc' dir='ltr'>Ὥστε</span> <span class='ocrx_word' id='word_1_309' title='bbox 3822 2132 3850 2182; x_wconf 84' lang='grc' dir='ltr'>ὁ</span> <span class='ocrx_word' id='word_1_310' title='bbox 3877 2128 3952 2198; x_wconf 83' lang='grc' dir='ltr'>μὴ</span> 
     </span>
    </p>
   </div>
   <div class='ocr_carea' id='block_1_42' title="bbox 727 2222 3950 2304">
    <p class='ocr_par' dir='ltr' id='par_1_42' title="bbox 727 2222 3950 2304">
     <span class='ocr_line' id='line_1_42' title="bbox 727 2222 3950 2304; baseline -0.001 -29"><span class='ocrx_word' id='word_1_311' title='bbox 727 2226 1084 2294; x_wconf 81' lang='grc' dir='ltr'>ἀπωσάμενος</span> <span class='ocrx_word' id='word_1_312' title='bbox 1112 2227 1340 2291; x_wconf 84' lang='grc' dir='ltr'>Παῦλον,</span> <span class='ocrx_word' id='word_1_313' title='bbox 1376 2228 1509 2280; x_wconf 79' lang='grc' dir='ltr'>ἀλλὰ</span> <span class='ocrx_word' id='word_1_314' title='bbox 1540 2229 1772 2292; x_wconf 77' lang='grc' dir='ltr'>καλέσας</span> <span class='ocrx_word' id='word_1_315' title='bbox 1794 2230 1969 2296; x_wconf 80' lang='grc' dir='ltr'>,αὑτὸν</span> <span class='ocrx_word' id='word_1_316' title='bbox 2008 2233 2088 2293; x_wconf 75' lang='grc' dir='ltr'><strong>είς</strong></span> <span class='ocrx_word' id='word_1_317' title='bbox 2129 2233 2375 2304; x_wconf 79' lang='grc' dir='ltr'>ἐκλογὴν,</span> <span class='ocrx_word' id='word_1_318' title='bbox 2411 2226 2565 2293; x_wconf 81' lang='grc' dir='ltr'>οῦτός</span> <span class='ocrx_word' id='word_1_319' title='bbox 2589 2232 2735 2282; x_wconf 86' lang='grc' dir='ltr'>ἐστιν</span> <span class='ocrx_word' id='word_1_320' title='bbox 2771 2228 2909 2281; x_wconf 79' lang='grc' dir='ltr'>ὁκαὶ</span> <span class='ocrx_word' id='word_1_321' title='bbox 2940 2228 3058 2278; x_wconf 65' lang='grc' dir='ltr'>ττὸν</span> <span class='ocrx_word' id='word_1_322' title='bbox 3133 2225 3345 2293; x_wconf 76' lang='grc' dir='ltr'>Ἰσραὴλ</span> <span class='ocrx_word' id='word_1_323' title='bbox 3402 2222 3745 2290; x_wconf 66' lang='grc' dir='ltr'>λαὸνξαύτοῦ</span> <span class='ocrx_word' id='word_1_324' title='bbox 3785 2223 3950 2292; x_wconf 82' lang='grc' dir='ltr'>θέμε-</span> 
     </span>
    </p>
   </div>
   <div class='ocr_carea' id='block_1_43' title="bbox 729 2317 3501 2393">
    <p class='ocr_par' dir='ltr' id='par_1_43' title="bbox 729 2317 3501 2393">
     <span class='ocr_line' id='line_1_43' title="bbox 729 2317 3501 2393; baseline 0 -25"><span class='ocrx_word' id='word_1_325' title='bbox 729 2334 836 2378; x_wconf 79' lang='grc' dir='ltr'>νος,</span> <span class='ocrx_word' id='word_1_326' title='bbox 866 2317 957 2367; x_wconf 85' lang='grc' dir='ltr'>καὶ</span> <span class='ocrx_word' id='word_1_327' title='bbox 1004 2317 1077 2386; x_wconf 83' lang='grc' dir='ltr'>μὴ</span> <span class='ocrx_word' id='word_1_328' title='bbox 1110 2318 1468 2388; x_wconf 82' lang='grc' dir='ltr'>ἀπωσάμενος</span> <span class='ocrx_word' id='word_1_329' title='bbox 1506 2321 1711 2385; x_wconf 88' lang='grc' dir='ltr'>τοῦτον,</span> <span class='ocrx_word' id='word_1_330' title='bbox 1745 2321 1878 2373; x_wconf 81' lang='grc' dir='ltr'>ἀλλά</span> <span class='ocrx_word' id='word_1_331' title='bbox 1925 2323 2012 2375; x_wconf 83' lang='grc' dir='ltr'><strong>διὰ</strong></span> <span class='ocrx_word' id='word_1_332' title='bbox 2053 2326 2149 2393; x_wconf 77' lang='grc' dir='ltr'>τῆς</span> <span class='ocrx_word' id='word_1_333' title='bbox 2204 2329 2438 2388; x_wconf 80' lang='grc' dir='ltr'>πίστεως</span> <span class='ocrx_word' id='word_1_334' title='bbox 2481 2325 2578 2392; x_wconf 79' lang='grc' dir='ltr'>τῆς</span> <span class='ocrx_word' id='word_1_335' title='bbox 2611 2324 2688 2384; x_wconf 84' lang='grc' dir='ltr'>εἰς</span> <span class='ocrx_word' id='word_1_336' title='bbox 2720 2321 2950 2391; x_wconf 82' lang='grc' dir='ltr'>Χριστὸν</span> <span class='ocrx_word' id='word_1_337' title='bbox 2967 2319 3255 2379; x_wconf 75' lang='grc' dir='ltr'>τελειώσας</span> <span class='ocrx_word' id='word_1_338' title='bbox 3289 2318 3501 2379; x_wconf 80' lang='grc' dir='ltr'>αὐτούς.</span> 
     </span>
    </p>
   </div>
   <div class='ocr_carea' id='block_1_44' title="bbox 805 2406 2296 2478">
    <p class='ocr_par' dir='ltr' id='par_1_44' title="bbox 805 2406 2296 2478">
     <span class='ocr_line' id='line_1_44' title="bbox 805 2406 2296 2478; baseline 0.007 -19"><span class='ocrx_word' id='word_1_339' title='bbox 805 2406 915 2459; x_wconf 77' lang='lat' dir='ltr'><strong>XV.</strong></span> <span class='ocrx_word' id='word_1_340' title='bbox 946 2408 1082 2461; x_wconf 75' lang='lat' dir='ltr'><strong>Alibi</strong></span> <span class='ocrx_word' id='word_1_341' title='bbox 1121 2410 1360 2478; x_wconf 87' lang='lat' dir='ltr'><strong>ejusdem</strong></span> <span class='ocrx_word' id='word_1_342' title='bbox 1393 2411 1484 2465; x_wconf 91' lang='lat' dir='ltr'><strong>Dei</strong></span> <span class='ocrx_word' id='word_1_343' title='bbox 1527 2421 1580 2464; x_wconf 91' lang='lat' dir='ltr'><strong>et</strong></span> <span class='ocrx_word' id='word_1_344' title='bbox 1620 2421 1772 2465; x_wconf 85' lang='lat' dir='ltr'><strong>vetus</strong></span> <span class='ocrx_word' id='word_1_345' title='bbox 1802 2423 1854 2466; x_wconf 76' lang='lat' dir='ltr'><strong>et</strong></span> <span class='ocrx_word' id='word_1_346' title='bbox 1886 2428 2084 2466; x_wconf 81' lang='lat' dir='ltr'><strong>novem</strong></span> <span class='ocrx_word' id='word_1_347' title='bbox 2134 2425 2296 2469; x_wconf 90' lang='lat' dir='ltr'><strong>testa-</strong></span> 
     </span>
    </p>
   </div>
   <div class='ocr_carea' id='block_1_45' title="bbox 732 2500 2291 2571">
    <p class='ocr_par' dir='ltr' id='par_1_45' title="bbox 732 2500 2291 2571">
     <span class='ocr_line' id='line_1_45' title="bbox 732 2500 2291 2571; baseline 0.006 -22"><span class='ocrx_word' id='word_1_348' title='bbox 732 2506 970 2550; x_wconf 77' lang='lat' dir='ltr'><strong>mentum</strong></span> <span class='ocrx_word' id='word_1_349' title='bbox 1003 2513 1122 2551; x_wconf 88' lang='lat' dir='ltr'><strong>esse</strong></span> <span class='ocrx_word' id='word_1_350' title='bbox 1144 2500 1502 2567; x_wconf 89' lang='lat' dir='ltr'><strong>proclamans,</strong></span> <span class='ocrx_word' id='word_1_351' title='bbox 1539 2503 1608 2554; x_wconf 88' lang='lat' dir='ltr'><strong>ita</strong></span> <span class='ocrx_word' id='word_1_352' title='bbox 1672 2512 1731 2554; x_wconf 93' lang='lat' dir='ltr'><strong>ut</strong></span> <span class='ocrx_word' id='word_1_353' title='bbox 1773 2501 1877 2555; x_wconf 86' lang='lat' dir='ltr'><strong>hoc</strong></span> <span class='ocrx_word' id='word_1_354' title='bbox 1910 2512 2166 2571; x_wconf 91' lang='lat' dir='ltr'><strong>tanquam</strong></span> <span class='ocrx_word' id='word_1_355' title='bbox 2227 2523 2291 2560; x_wconf 80' lang='lat' dir='ltr'><strong>ex</strong></span> 
     </span>
    </p>
   </div>
   <div class='ocr_carea' id='block_1_46' title="bbox 734 2588 2291 2662">
    <p class='ocr_par' dir='ltr' id='par_1_46' title="bbox 734 2588 2291 2662">
     <span class='ocr_line' id='line_1_46' title="bbox 734 2588 2291 2662; baseline 0.006 -22"><span class='ocrx_word' id='word_1_356' title='bbox 734 2588 876 2642; x_wconf 84' lang='lat' dir='ltr'><strong>illius</strong></span> <span class='ocrx_word' id='word_1_357' title='bbox 902 2589 1080 2642; x_wconf 89' lang='lat' dir='ltr'><strong>radice</strong></span> <span class='ocrx_word' id='word_1_358' title='bbox 1111 2591 1542 2659; x_wconf 84' lang='lat' dir='ltr'><strong>progerminarit,</strong></span> <span class='ocrx_word' id='word_1_359' title='bbox 1574 2601 1872 2662; x_wconf 91' lang='lat' dir='ltr'><strong>utrumque</strong></span> <span class='ocrx_word' id='word_1_360' title='bbox 1903 2610 2030 2647; x_wconf 80' lang='lat' dir='ltr'><strong>vero</strong></span> <span class='ocrx_word' id='word_1_361' title='bbox 2087 2597 2291 2650; x_wconf 83' lang='lat' dir='ltr'><strong>sancti-</strong></span> 
     </span>
    </p>
   </div>
   <div class='ocr_carea' id='block_1_47' title="bbox 2465 2405 3948 2479">
    <p class='ocr_par' dir='ltr' id='par_1_47' title="bbox 2465 2405 3948 2479">
     <span class='ocr_line' id='line_1_47' title="bbox 2465 2405 3948 2479; baseline -0.007 -10"><span class='ocrx_word' id='word_1_362' title='bbox 2465 2417 2561 2469; x_wconf 83' lang='lat' dir='ltr'><strong>IE&#39;.</strong></span> <span class='ocrx_word' id='word_1_363' title='bbox 2598 2416 2762 2468; x_wconf 75' lang='grc' dir='ltr'>Πάλιν</span> <span class='ocrx_word' id='word_1_364' title='bbox 2800 2413 2855 2466; x_wconf 85' lang='grc' dir='ltr'>δὲ</span> <span class='ocrx_word' id='word_1_365' title='bbox 2903 2411 2994 2464; x_wconf 89' lang='grc' dir='ltr'><strong>τοῦ</strong></span> <span class='ocrx_word' id='word_1_366' title='bbox 3031 2412 3148 2472; x_wconf 69' lang='grc' dir='ltr'>ἐνὸς</span> <span class='ocrx_word' id='word_1_367' title='bbox 3177 2409 3311 2462; x_wconf 86' lang='grc' dir='ltr'>Θεοῦ</span> <span class='ocrx_word' id='word_1_368' title='bbox 3354 2410 3452 2479; x_wconf 81' lang='grc' dir='ltr'><strong>τήν</strong></span> <span class='ocrx_word' id='word_1_369' title='bbox 3480 2425 3538 2460; x_wconf 85' lang='grc' dir='ltr'>τε</span> <span class='ocrx_word' id='word_1_370' title='bbox 3593 2407 3829 2460; x_wconf 71' lang='grc' dir='ltr'>Παλαιὰν</span> <span class='ocrx_word' id='word_1_371' title='bbox 3862 2405 3948 2458; x_wconf 52' lang='grc' dir='ltr'>κατ</span> 
     </span>
    </p>
   </div>
   <div class='ocr_carea' id='block_1_48' title="bbox 2389 2498 3949 2575">
    <p class='ocr_par' dir='ltr' id='par_1_48' title="bbox 2389 2498 3949 2575">
     <span class='ocr_line' id='line_1_48' title="bbox 2389 2498 3949 2575; baseline -0.007 -16"><span class='ocrx_word' id='word_1_372' title='bbox 2389 2509 2487 2575; x_wconf 81' lang='grc' dir='ltr'>τὴν</span> <span class='ocrx_word' id='word_1_373' title='bbox 2519 2506 2720 2574; x_wconf 80' lang='grc' dir='ltr'>Καινὴν</span> <span class='ocrx_word' id='word_1_374' title='bbox 2752 2502 3162 2571; x_wconf 85' lang='grc' dir='ltr'>ἀνακηρύττων,</span> <span class='ocrx_word' id='word_1_375' title='bbox 3196 2502 3286 2552; x_wconf 77' lang='grc' dir='ltr'>καὶ</span> <span class='ocrx_word' id='word_1_376' title='bbox 3335 2499 3410 2561; x_wconf 87' lang='grc' dir='ltr'>ὡς</span> <span class='ocrx_word' id='word_1_377' title='bbox 3463 2501 3524 2551; x_wconf 90' lang='grc' dir='ltr'><strong>ἐκ</strong></span> <span class='ocrx_word' id='word_1_378' title='bbox 3558 2498 3710 2568; x_wconf 75' lang='grc' dir='ltr'>ῥίζης</span> <span class='ocrx_word' id='word_1_379' title='bbox 3739 2498 3949 2566; x_wconf 65' lang='grc' dir='ltr'>ἐκείνης</span> 
     </span>
    </p>
   </div>
   <div class='ocr_carea' id='block_1_49' title="bbox 2389 2592 3953 2667">
    <p class='ocr_par' dir='ltr' id='par_1_49' title="bbox 2389 2592 3953 2667">
     <span class='ocr_line' id='line_1_49' title="bbox 2389 2592 3953 2667; baseline -0.006 -17"><span class='ocrx_word' id='word_1_380' title='bbox 2389 2598 2586 2667; x_wconf 81' lang='grc' dir='ltr'>ταύτην</span> <span class='ocrx_word' id='word_1_381' title='bbox 2610 2595 2886 2666; x_wconf 82' lang='grc' dir='ltr'>προελθεῖν</span> <span class='ocrx_word' id='word_1_382' title='bbox 2925 2595 3019 2646; x_wconf 76' lang='grc' dir='ltr'><strong>καὶ</strong></span> <span class='ocrx_word' id='word_1_383' title='bbox 3037 2593 3320 2660; x_wconf 82' lang='grc' dir='ltr'>ἁγιότητος</span> <span class='ocrx_word' id='word_1_384' title='bbox 3345 2593 3613 2659; x_wconf 79' lang='grc' dir='ltr'>ἑκατέραν</span> <span class='ocrx_word' id='word_1_385' title='bbox 3642 2592 3953 2658; x_wconf 75' lang='grc' dir='ltr'>μετασχεῖν,</span> 
     </span>
    </p>
   </div>
   <div class='ocr_carea' id='block_1_50' title="bbox 737 2675 2404 2752">
    <p class='ocr_par' dir='ltr' id='par_1_50' title="bbox 737 2675 2404 2748">
     <span class='ocr_line' id='line_1_50' title="bbox 737 2675 2404 2748; baseline 0.004 -19"><span class='ocrx_word' id='word_1_386' title='bbox 737 2676 858 2730; x_wconf 88' lang='lat' dir='ltr'><strong>tatis</strong></span> <span class='ocrx_word' id='word_1_387' title='bbox 875 2675 945 2729; x_wconf 90' lang='lat' dir='ltr'><strong>sit</strong></span> <span class='ocrx_word' id='word_1_388' title='bbox 971 2676 1254 2746; x_wconf 85' lang='lat' dir='ltr'><strong>particeps,</strong></span> <span class='ocrx_word' id='word_1_389' title='bbox 1281 2678 1357 2732; x_wconf 89' lang='lat' dir='ltr'><strong>ait</strong></span> <span class='ocrx_word' id='word_1_390' title='bbox 1385 2677 1470 2732; x_wconf 86' lang='lat' dir='ltr'><strong>:Si</strong></span> <span class='ocrx_word' id='word_1_391' title='bbox 1490 2696 1609 2732; x_wconf 85' lang='lat' dir='ltr'><strong>vero</strong></span> <span class='ocrx_word' id='word_1_392' title='bbox 1630 2683 1876 2748; x_wconf 79' lang='lat' dir='ltr'><strong>primitia:</strong></span> <span class='ocrx_word' id='word_1_393' title='bbox 1894 2695 2112 2747; x_wconf 80' lang='lat' dir='ltr'><strong>sancta&#39;,</strong></span> <span class='ocrx_word' id='word_1_394' title='bbox 2135 2687 2294 2738; x_wconf 85' lang='lat' dir='ltr'><strong>etiam</strong></span> <span class='ocrx_word' id='word_1_395' title='bbox 2389 2703 2404 2736; x_wconf 69' lang='grc' dir='ltr'><strong>ι</strong></span> 
     </span>
    </p>
   </div>
   <div class='ocr_carea' id='block_1_51' title="bbox 2285 2675 3952 2752">
    <p class='ocr_par' dir='ltr' id='par_1_51' title="bbox 2285 2680 3952 2752">
     <span class='ocr_line' id='line_1_51' title="bbox 2285 2680 3952 2752; baseline -0.004 -15"><span class='ocrx_word' id='word_1_396' title='bbox 2285 2704 2294 2738; x_wconf 88' lang='grc' dir='ltr'><strong>ι</strong></span> <span class='ocrx_word' id='word_1_397' title='bbox 2389 2685 2531 2737; x_wconf 72' lang='grc' dir='ltr'>οὕτω</span> <span class='ocrx_word' id='word_1_398' title='bbox 2557 2685 2719 2752; x_wconf 79' lang='grc' dir='ltr'>φησίν</span> <span class='ocrx_word' id='word_1_399' title='bbox 2741 2696 2754 2709; x_wconf 81' lang='grc'><strong><em>⁸</em></strong></span> <span class='ocrx_word' id='word_1_400' title='bbox 2779 2687 2843 2735; x_wconf 83' lang='lat' dir='ltr'><strong>El</strong></span> <span class='ocrx_word' id='word_1_401' title='bbox 2866 2683 2932 2735; x_wconf 82' lang='grc' dir='ltr'>δὲ</span> <span class='ocrx_word' id='word_1_402' title='bbox 2954 2683 2990 2748; x_wconf 74' lang='grc' dir='ltr'><strong><em>ἡ</em></strong></span> <span class='ocrx_word' id='word_1_403' title='bbox 3014 2680 3254 2749; x_wconf 80' lang='grc' dir='ltr'>ἀπαρχὴ</span> <span class='ocrx_word' id='word_1_404' title='bbox 3280 2681 3436 2748; x_wconf 81' lang='grc' dir='ltr'>ἁγία,</span> <span class='ocrx_word' id='word_1_405' title='bbox 3465 2681 3563 2734; x_wconf 76' lang='grc' dir='ltr'>καὶ</span> <span class='ocrx_word' id='word_1_406' title='bbox 3602 2681 3664 2732; x_wconf 84' lang='grc' dir='ltr'>τὸ</span> <span class='ocrx_word' id='word_1_407' title='bbox 3694 2682 3952 2747; x_wconf 60' lang='grc' dir='ltr'>φύραμα·</span> 
     </span>
    </p>
   </div>
   <div class='ocr_carea' id='block_1_52' title="bbox 735 2765 2291 2832">
    <p class='ocr_par' dir='ltr' id='par_1_52' title="bbox 735 2765 2291 2832">
     <span class='ocr_line' id='line_1_52' title="bbox 735 2765 2291 2832; baseline 0.006 -18"><span class='ocrx_word' id='word_1_408' title='bbox 735 2780 908 2815; x_wconf 86' lang='lat' dir='ltr'><strong>massa</strong></span> <span class='ocrx_word' id='word_1_409' title='bbox 931 2765 1028 2816; x_wconf 84' lang='lat' dir='ltr'><strong>erit</strong></span> <span class='ocrx_word' id='word_1_410' title='bbox 1057 2782 1070 2816; x_wconf 89' lang='lat'><strong>:</strong></span> <span class='ocrx_word' id='word_1_411' title='bbox 1102 2774 1149 2817; x_wconf 86' lang='lat' dir='ltr'><strong>et</strong></span> <span class='ocrx_word' id='word_1_412' title='bbox 1171 2766 1216 2817; x_wconf 87' lang='lat' dir='ltr'><strong>si</strong></span> <span class='ocrx_word' id='word_1_413' title='bbox 1243 2767 1399 2818; x_wconf 70' lang='lat' dir='ltr'><strong>radix</strong></span> <span class='ocrx_word' id='word_1_414' title='bbox 1441 2779 1648 2832; x_wconf 87' lang='lat' dir='ltr'><strong>sancta,</strong></span> <span class='ocrx_word' id='word_1_415' title='bbox 1680 2772 1840 2822; x_wconf 83' lang='lat' dir='ltr'><strong>etiam</strong></span> <span class='ocrx_word' id='word_1_416' title='bbox 1904 2774 2040 2824; x_wconf 88' lang='lat' dir='ltr'><strong>rami</strong></span> <span class='ocrx_word' id='word_1_417' title='bbox 2071 2775 2137 2824; x_wconf 64' lang='grc'><strong>⁵³.</strong></span> <span class='ocrx_word' id='word_1_418' title='bbox 2172 2775 2236 2826; x_wconf 84' lang='grc' dir='ltr'>Ει</span> <span class='ocrx_word' id='word_1_419' title='bbox 2279 2792 2291 2824; x_wconf 92' lang='lat'><strong>:</strong></span> 
     </span>
    </p>
   </div>
   <div class='ocr_carea' id='block_1_53' title="bbox 737 2853 2295 2926">
    <p class='ocr_par' dir='ltr' id='par_1_53' title="bbox 737 2853 2295 2926">
     <span class='ocr_line' id='line_1_53' title="bbox 737 2853 2295 2926; baseline 0.006 -22"><span class='ocrx_word' id='word_1_420' title='bbox 737 2853 854 2904; x_wconf 86' lang='lat' dir='ltr'><strong>Non</strong></span> <span class='ocrx_word' id='word_1_421' title='bbox 879 2863 934 2905; x_wconf 90' lang='lat' dir='ltr'><strong>tu</strong></span> <span class='ocrx_word' id='word_1_422' title='bbox 955 2855 1182 2907; x_wconf 88' lang='lat' dir='ltr'><strong>radicem</strong></span> <span class='ocrx_word' id='word_1_423' title='bbox 1210 2856 1437 2923; x_wconf 78' lang='lat' dir='ltr'><strong>fers,sed</strong></span> <span class='ocrx_word' id='word_1_424' title='bbox 1459 2859 1613 2911; x_wconf 79' lang='lat' dir='ltr'><strong>radix</strong></span> <span class='ocrx_word' id='word_1_425' title='bbox 1636 2870 1682 2912; x_wconf 91' lang='lat' dir='ltr'><strong>te</strong></span> <span class='ocrx_word' id='word_1_426' title='bbox 1700 2863 1764 2926; x_wconf 68' lang='lat'><strong>5’;</strong></span> <span class='ocrx_word' id='word_1_427' title='bbox 1787 2861 1912 2913; x_wconf 89' lang='lat' dir='ltr'><strong>item</strong></span> <span class='ocrx_word' id='word_1_428' title='bbox 1936 2881 1946 2912; x_wconf 89' lang='lat'><strong>:</strong></span> <span class='ocrx_word' id='word_1_429' title='bbox 1968 2861 2024 2914; x_wconf 88' lang='lat' dir='ltr'><strong>Si</strong></span> <span class='ocrx_word' id='word_1_430' title='bbox 2049 2862 2182 2915; x_wconf 81' lang='lat' dir='ltr'><strong>Deus</strong></span> <span class='ocrx_word' id='word_1_431' title='bbox 2208 2881 2295 2914; x_wconf 78' lang='lat' dir='ltr'><strong>ra-</strong></span> 
     </span>
    </p>
   </div>
   <div class='ocr_carea' id='block_1_54' title="bbox 738 2944 2298 3016">
    <p class='ocr_par' dir='ltr' id='par_1_54' title="bbox 738 2944 2298 3016">
     <span class='ocr_line' id='line_1_54' title="bbox 738 2944 2298 3016; baseline 0.008 -24"><span class='ocrx_word' id='word_1_432' title='bbox 738 2944 854 3005; x_wconf 88' lang='lat' dir='ltr'><strong>mis,</strong></span> <span class='ocrx_word' id='word_1_433' title='bbox 880 2951 1070 2995; x_wconf 86' lang='lat' dir='ltr'><strong>natura</strong></span> <span class='ocrx_word' id='word_1_434' title='bbox 1123 2945 1335 3009; x_wconf 85' lang='lat' dir='ltr'><strong>talibus,</strong></span> <span class='ocrx_word' id='word_1_435' title='bbox 1363 2963 1463 2999; x_wconf 91' lang='lat' dir='ltr'><strong>non</strong></span> <span class='ocrx_word' id='word_1_436' title='bbox 1501 2952 1725 3016; x_wconf 79' lang='lat' dir='ltr'><strong>pepercit</strong></span> <span class='ocrx_word' id='word_1_437' title='bbox 1765 2952 2099 3015; x_wconf 85' lang='lat' dir='ltr'><strong>(ceciderunt</strong></span> <span class='ocrx_word' id='word_1_438' title='bbox 2153 2954 2298 3005; x_wconf 87' lang='lat' dir='ltr'><strong>enim</strong></span> 
     </span>
    </p>
   </div>
   <div class='ocr_carea' id='block_1_55' title="bbox 739 3033 2297 3103">
    <p class='ocr_par' dir='ltr' id='par_1_55' title="bbox 739 3033 2297 3103">
     <span class='ocr_line' id='line_1_55' title="bbox 739 3033 2297 3103; baseline 0.006 -17"><span class='ocrx_word' id='word_1_439' title='bbox 739 3033 978 3087; x_wconf 79' lang='lat' dir='ltr'><strong>membra</strong></span> <span class='ocrx_word' id='word_1_440' title='bbox 1017 3033 1182 3088; x_wconf 88' lang='lat' dir='ltr'><strong>Deum</strong></span> <span class='ocrx_word' id='word_1_441' title='bbox 1217 3039 1537 3090; x_wconf 88' lang='lat' dir='ltr'><strong>tentantium</strong></span> <span class='ocrx_word' id='word_1_442' title='bbox 1566 3041 1616 3091; x_wconf 91' lang='lat' dir='ltr'><strong>in</strong></span> <span class='ocrx_word' id='word_1_443' title='bbox 1647 3042 1882 3103; x_wconf 63' lang='lat' dir='ltr'><strong>desnto,</strong></span> <span class='ocrx_word' id='word_1_444' title='bbox 1924 3053 1977 3094; x_wconf 88' lang='lat' dir='ltr'><strong>et</strong></span> <span class='ocrx_word' id='word_1_445' title='bbox 2013 3059 2133 3096; x_wconf 91' lang='lat' dir='ltr'><strong>reos</strong></span> <span class='ocrx_word' id='word_1_446' title='bbox 2193 3043 2297 3096; x_wconf 86' lang='lat' dir='ltr'><strong>cri-</strong></span> 
     </span>
    </p>
   </div>
   <div class='ocr_carea' id='block_1_56' title="bbox 2400 2770 3960 2843">
    <p class='ocr_par' dir='ltr' id='par_1_56' title="bbox 2400 2770 3960 2843">
     <span class='ocr_line' id='line_1_56' title="bbox 2400 2770 3960 2843; baseline -0.006 -13"><span class='ocrx_word' id='word_1_447' title='bbox 2400 2779 2492 2830; x_wconf 79' lang='grc' dir='ltr'>καὶ</span> <span class='ocrx_word' id='word_1_448' title='bbox 2523 2780 2574 2829; x_wconf 85' lang='grc' dir='ltr'>εἱ</span> <span class='ocrx_word' id='word_1_449' title='bbox 2604 2778 2639 2842; x_wconf 73' lang='grc' dir='ltr'><strong><em>ἡ</em></strong></span> <span class='ocrx_word' id='word_1_450' title='bbox 2654 2776 2784 2842; x_wconf 74' lang='grc' dir='ltr'>ῥίζα</span> <span class='ocrx_word' id='word_1_451' title='bbox 2803 2777 2959 2843; x_wconf 79' lang='grc' dir='ltr'>ἁγία,</span> <span class='ocrx_word' id='word_1_452' title='bbox 2988 2774 3085 2826; x_wconf 80' lang='grc' dir='ltr'>καὶ</span> <span class='ocrx_word' id='word_1_453' title='bbox 3112 2777 3164 2825; x_wconf 75' lang='lat' dir='ltr'><strong>oi</strong></span> <span class='ocrx_word' id='word_1_454' title='bbox 3187 2773 3396 2824; x_wconf 79' lang='grc' dir='ltr'>κλάδοι</span> <span class='ocrx_word' id='word_1_455' title='bbox 3420 2787 3432 2800; x_wconf 82' lang='grc'><em>’</em></span> <span class='ocrx_word' id='word_1_456' title='bbox 3467 2773 3596 2824; x_wconf 87' lang='grc' dir='ltr'>καί·</span> <span class='ocrx_word' id='word_1_457' title='bbox 3625 2773 3705 2824; x_wconf 85' lang='grc' dir='ltr'><em>Οὺ</em></span> <span class='ocrx_word' id='word_1_458' title='bbox 3732 2770 3814 2823; x_wconf 86' lang='grc' dir='ltr'>σὺ</span> <span class='ocrx_word' id='word_1_459' title='bbox 3846 2770 3960 2835; x_wconf 81' lang='grc' dir='ltr'><strong>τὴν</strong></span> 
     </span>
    </p>
   </div>
   <div class='ocr_carea' id='block_1_57' title="bbox 2392 2861 3961 2935">
    <p class='ocr_par' dir='ltr' id='par_1_57' title="bbox 2392 2861 3961 2935">
     <span class='ocr_line' id='line_1_57' title="bbox 2392 2861 3961 2935; baseline -0.004 -16"><span class='ocrx_word' id='word_1_460' title='bbox 2392 2867 2561 2935; x_wconf 75' lang='grc' dir='ltr'>ῥίζαν</span> <span class='ocrx_word' id='word_1_461' title='bbox 2584 2866 2928 2929; x_wconf 61' lang='grc' dir='ltr'>,εἀστιὶξεις,</span> <span class='ocrx_word' id='word_1_462' title='bbox 2964 2865 3100 2918; x_wconf 78' lang='grc' dir='ltr'>ἀλλ’</span> <span class='ocrx_word' id='word_1_463' title='bbox 3128 2865 3162 2930; x_wconf 77' lang='grc' dir='ltr'><strong><em>ἡ</em></strong></span> <span class='ocrx_word' id='word_1_464' title='bbox 3187 2861 3317 2929; x_wconf 73' lang='grc' dir='ltr'>ῥίζα</span> <span class='ocrx_word' id='word_1_465' title='bbox 3350 2862 3422 2914; x_wconf 87' lang='grc' dir='ltr'>σέ</span> <span class='ocrx_word' id='word_1_466' title='bbox 3443 2879 3455 2890; x_wconf 87' lang='grc'><strong>·</strong></span> <span class='ocrx_word' id='word_1_467' title='bbox 3494 2861 3620 2914; x_wconf 87' lang='grc' dir='ltr'>καί·</span> <span class='ocrx_word' id='word_1_468' title='bbox 3646 2862 3716 2912; x_wconf 81' lang='lat' dir='ltr'><strong>El</strong></span> <span class='ocrx_word' id='word_1_469' title='bbox 3746 2864 3778 2913; x_wconf 87' lang='grc' dir='ltr'><em>ό</em></span> <span class='ocrx_word' id='word_1_470' title='bbox 3816 2863 3961 2926; x_wconf 80' lang='grc' dir='ltr'>Θεὸς</span> 
     </span>
    </p>
   </div>
   <div class='ocr_carea' id='block_1_58' title="bbox 2402 2953 3962 3024">
    <p class='ocr_par' dir='ltr' id='par_1_58' title="bbox 2402 2953 3962 3024">
     <span class='ocr_line' id='line_1_58' title="bbox 2402 2953 3962 3024; baseline -0.006 -12"><span class='ocrx_word' id='word_1_471' title='bbox 2402 2960 2518 3012; x_wconf 85' lang='grc' dir='ltr'><strong>τῶν</strong></span> <span class='ocrx_word' id='word_1_472' title='bbox 2579 2959 2727 3010; x_wconf 80' lang='grc' dir='ltr'>κατὰ</span> <span class='ocrx_word' id='word_1_473' title='bbox 2777 2959 2964 3024; x_wconf 70' lang='grc' dir='ltr'>φύσιν</span> <span class='ocrx_word' id='word_1_474' title='bbox 2997 2955 3233 3008; x_wconf 82' lang='grc' dir='ltr'>κλάδων</span> <span class='ocrx_word' id='word_1_475' title='bbox 3281 2957 3391 3006; x_wconf 83' lang='grc' dir='ltr'>οὐκ</span> <span class='ocrx_word' id='word_1_476' title='bbox 3429 2955 3707 3021; x_wconf 60' lang='grc' dir='ltr'>ἐφείσατο</span> <span class='ocrx_word' id='word_1_477' title='bbox 3764 2953 3962 3020; x_wconf 81' lang='grc' dir='ltr'>(ἔπεσε</span> 
     </span>
    </p>
   </div>
   <div class='ocr_carea' id='block_1_59' title="bbox 2403 3043 3965 3117">
    <p class='ocr_par' dir='ltr' id='par_1_59' title="bbox 2403 3043 3965 3117">
     <span class='ocr_line' id='line_1_59' title="bbox 2403 3043 3965 3117; baseline -0.008 -16"><span class='ocrx_word' id='word_1_478' title='bbox 2403 3052 2508 3117; x_wconf 79' lang='grc' dir='ltr'><strong>γάρ</strong></span> <span class='ocrx_word' id='word_1_479' title='bbox 2539 3048 2646 3100; x_wconf 83' lang='grc' dir='ltr'>τῶν</span> <span class='ocrx_word' id='word_1_480' title='bbox 2682 3045 3222 3116; x_wconf 46' lang='grc' dir='ltr'>ἐκπειρασάντιι·ν,τά</span> <span class='ocrx_word' id='word_1_481' title='bbox 3255 3044 3490 3097; x_wconf 74' lang='grc' dir='ltr'>κῶλαέν</span> <span class='ocrx_word' id='word_1_482' title='bbox 3513 3046 3578 3112; x_wconf 84' lang='grc' dir='ltr'><strong>τῇ</strong></span> <span class='ocrx_word' id='word_1_483' title='bbox 3616 3044 3824 3110; x_wconf 78' lang='grc' dir='ltr'>ἐρήμῳ,</span> <span class='ocrx_word' id='word_1_484' title='bbox 3869 3043 3965 3092; x_wconf 68' lang='grc' dir='ltr'><strong>καὶ</strong></span> 
     </span>
    </p>
   </div>
   <div class='ocr_carea' id='block_1_60' title="bbox 740 3108 2407 3205">
    <p class='ocr_par' dir='ltr' id='par_1_60' title="bbox 740 3108 2407 3197">
     <span class='ocr_line' id='line_1_60' title="bbox 740 3108 2407 3197; baseline 0.007 -21"><span class='ocrx_word' id='word_1_485' title='bbox 740 3125 900 3178; x_wconf 85' lang='lat' dir='ltr'><strong>minis</strong></span> <span class='ocrx_word' id='word_1_486' title='bbox 931 3125 1109 3178; x_wconf 75' lang='lat' dir='ltr'><strong>multa:</strong></span> <span class='ocrx_word' id='word_1_487' title='bbox 1142 3138 1530 3194; x_wconf 82' lang='lat' dir='ltr'><strong>oppresserunt</strong></span> <span class='ocrx_word' id='word_1_488' title='bbox 1555 3133 1770 3197; x_wconf 63' lang='lat' dir='ltr'><strong>parum),</strong></span> <span class='ocrx_word' id='word_1_489' title='bbox 1811 3149 1933 3183; x_wconf 82' lang='lat' dir='ltr'><strong>cave</strong></span> <span class='ocrx_word' id='word_1_490' title='bbox 1956 3149 2017 3184; x_wconf 80' lang='lat' dir='ltr'><strong>ne</strong></span> <span class='ocrx_word' id='word_1_491' title='bbox 2045 3133 2180 3185; x_wconf 87' lang='lat' dir='ltr'><strong>idem</strong></span> <span class='ocrx_word' id='word_1_492' title='bbox 2208 3151 2297 3186; x_wconf 76' lang='lat' dir='ltr'><strong>nec</strong></span> <span class='ocrx_word' id='word_1_493' title='bbox 2323 3108 2366 3166; x_wconf 65' lang='grc' dir='ltr'>α</span> <span class='ocrx_word' id='word_1_494' title='bbox 2402 3160 2407 3172; x_wconf 72' lang='grc' dir='ltr'><strong>ι</strong></span> 
     </span>
    </p>
   </div>
   <div class='ocr_carea' id='block_1_61' title="bbox 2296 3108 3963 3205">
    <p class='ocr_par' dir='ltr' id='par_1_61' title="bbox 2296 3108 3963 3205">
     <span class='ocr_line' id='line_1_61' title="bbox 2296 3108 3963 3205; baseline -0.006 -14"><span class='ocrx_word' id='word_1_495' title='bbox 2296 3108 2366 3166; x_wconf 76' lang='lat' dir='ltr'><strong>‘C</strong></span> <span class='ocrx_word' id='word_1_496' title='bbox 2402 3108 2568 3190; x_wconf 72' lang='grc' dir='ltr'>πολλὰ</span> <span class='ocrx_word' id='word_1_497' title='bbox 2600 3138 2731 3191; x_wconf 73' lang='grc' dir='ltr'>ἄλλα</span> <span class='ocrx_word' id='word_1_498' title='bbox 2776 3108 3005 3205; x_wconf 69' lang='grc' dir='ltr'>μετῆλθε</span> <span class='ocrx_word' id='word_1_499' title='bbox 3036 3108 3181 3202; x_wconf 85' lang='grc' dir='ltr'>πάθη</span> <span class='ocrx_word' id='word_1_500' title='bbox 3223 3136 3349 3195; x_wconf 76' lang='grc' dir='ltr'>τοὺς</span> <span class='ocrx_word' id='word_1_501' title='bbox 3383 3108 3659 3189; x_wconf 56' lang='grc' dir='ltr'>ὑπαιτίους</span> <span class='ocrx_word' id='word_1_502' title='bbox 3681 3108 3731 3200; x_wconf 19' lang='lat' dir='ltr'><strong>)i,</strong></span> <span class='ocrx_word' id='word_1_503' title='bbox 3751 3108 3963 3199; x_wconf 63' lang='grc' dir='ltr'><em>μήπως</em></span> 
     </span>
    </p>
   </div>
   <div class='ocr_carea' id='block_1_62' title="bbox 743 3216 2410 3294">
    <p class='ocr_par' dir='ltr' id='par_1_62' title="bbox 743 3216 2410 3285">
     <span class='ocr_line' id='line_1_62' title="bbox 743 3216 2410 3285; baseline 0.005 -19"><span class='ocrx_word' id='word_1_504' title='bbox 743 3216 835 3268; x_wconf 88' lang='lat' dir='ltr'><strong>tibi</strong></span> <span class='ocrx_word' id='word_1_505' title='bbox 885 3231 1088 3284; x_wconf 84' lang='lat' dir='ltr'><strong>parcat,</strong></span> <span class='ocrx_word' id='word_1_506' title='bbox 1140 3232 1304 3285; x_wconf 85' lang='lat' dir='ltr'><strong>seque</strong></span> <span class='ocrx_word' id='word_1_507' title='bbox 1342 3235 1444 3271; x_wconf 88' lang='lat' dir='ltr'><strong>non</strong></span> <span class='ocrx_word' id='word_1_508' title='bbox 1482 3219 1646 3270; x_wconf 87' lang='lat' dir='ltr'><strong>alium</strong></span> <span class='ocrx_word' id='word_1_509' title='bbox 1679 3219 1795 3281; x_wconf 90' lang='lat' dir='ltr'><strong>tibi,</strong></span> <span class='ocrx_word' id='word_1_510' title='bbox 1847 3221 2011 3271; x_wconf 91' lang='lat' dir='ltr'><strong>alium</strong></span> <span class='ocrx_word' id='word_1_511' title='bbox 2046 3221 2168 3284; x_wconf 90' lang='lat' dir='ltr'><strong>illis,</strong></span> <span class='ocrx_word' id='word_1_512' title='bbox 2203 3223 2298 3275; x_wconf 82' lang='lat' dir='ltr'><strong>sed</strong></span> <span class='ocrx_word' id='word_1_513' title='bbox 2377 3242 2410 3282; x_wconf 76' lang='grc' dir='ltr'><em>ο.</em></span> 
     </span>
    </p>
   </div>
   <div class='ocr_carea' id='block_1_63' title="bbox 2296 3216 3963 3294">
    <p class='ocr_par' dir='ltr' id='par_1_63' title="bbox 2296 3223 3963 3294">
     <span class='ocr_line' id='line_1_63' title="bbox 2296 3223 3963 3294; baseline -0.008 -10"><span class='ocrx_word' id='word_1_514' title='bbox 2296 3268 2298 3272; x_wconf 58' lang='grc' dir='ltr'><strong>ι</strong></span> <span class='ocrx_word' id='word_1_515' title='bbox 2377 3235 2434 3283; x_wconf 72' lang='grc' dir='ltr'><strong>’ό</strong></span> <span class='ocrx_word' id='word_1_516' title='bbox 2459 3231 2640 3294; x_wconf 85' lang='grc' dir='ltr'>αὐτὸς</span> <span class='ocrx_word' id='word_1_517' title='bbox 2663 3227 2803 3280; x_wconf 84' lang='grc' dir='ltr'>οὐδὲ</span> <span class='ocrx_word' id='word_1_518' title='bbox 2822 3227 2936 3280; x_wconf 90' lang='grc' dir='ltr'><strong>σοῦ</strong></span> <span class='ocrx_word' id='word_1_519' title='bbox 2957 3229 3257 3294; x_wconf 70' lang='grc' dir='ltr'>φείσηται,</span> <span class='ocrx_word' id='word_1_520' title='bbox 3281 3225 3378 3276; x_wconf 84' lang='grc' dir='ltr'><strong>οὑκ</strong></span> <span class='ocrx_word' id='word_1_521' title='bbox 3404 3225 3558 3286; x_wconf 80' lang='grc' dir='ltr'>ἄλλος</span> <span class='ocrx_word' id='word_1_522' title='bbox 3590 3224 3688 3292; x_wconf 85' lang='grc' dir='ltr'><strong>μὲν</strong></span> <span class='ocrx_word' id='word_1_523' title='bbox 3719 3223 3963 3282; x_wconf 77' lang='grc' dir='ltr'>ἐκείνων,</span> 
     </span>
    </p>
   </div>
   <div class='ocr_carea' id='block_1_64' title="bbox 740 3308 2300 3379">
    <p class='ocr_par' dir='ltr' id='par_1_64' title="bbox 740 3308 2300 3379">
     <span class='ocr_line' id='line_1_64' title="bbox 740 3308 2300 3379; baseline 0.002 -18"><span class='ocrx_word' id='word_1_524' title='bbox 740 3311 989 3362; x_wconf 89' lang='lat' dir='ltr'><strong>eumdem</strong></span> <span class='ocrx_word' id='word_1_525' title='bbox 1025 3326 1268 3378; x_wconf 91' lang='lat' dir='ltr'><strong>prorsus,</strong></span> <span class='ocrx_word' id='word_1_526' title='bbox 1295 3310 1560 3363; x_wconf 77' lang='lat' dir='ltr'><strong>exhibeat.</strong></span> <span class='ocrx_word' id='word_1_527' title='bbox 1591 3308 1655 3362; x_wconf 88' lang='lat' dir='ltr'><strong>Et</strong></span> <span class='ocrx_word' id='word_1_528' title='bbox 1683 3309 1875 3361; x_wconf 85' lang='lat' dir='ltr'><strong>iterum</strong></span> <span class='ocrx_word' id='word_1_529' title='bbox 1902 3329 1912 3361; x_wconf 94' lang='lat'>:</span> <span class='ocrx_word' id='word_1_530' title='bbox 1959 3309 2082 3362; x_wconf 83' lang='lat' dir='ltr'><strong>Vide</strong></span> <span class='ocrx_word' id='word_1_531' title='bbox 2123 3313 2300 3379; x_wconf 78' lang='lat' dir='ltr'><strong>itaque</strong></span> 
     </span>
    </p>
   </div>
   <div class='ocr_carea' id='block_1_65' title="bbox 744 3401 2301 3472">
    <p class='ocr_par' dir='ltr' id='par_1_65' title="bbox 744 3401 2301 3472">
     <span class='ocr_line' id='line_1_65' title="bbox 744 3401 2301 3472; baseline 0.001 -19"><span class='ocrx_word' id='word_1_532' title='bbox 744 3403 1112 3472; x_wconf 84' lang='lat' dir='ltr'><strong>benignitatem</strong></span> <span class='ocrx_word' id='word_1_533' title='bbox 1149 3412 1196 3456; x_wconf 88' lang='lat' dir='ltr'><strong>et</strong></span> <span class='ocrx_word' id='word_1_534' title='bbox 1221 3403 1545 3454; x_wconf 74' lang='lat' dir='ltr'><strong>severitatem</strong></span> <span class='ocrx_word' id='word_1_535' title='bbox 1570 3403 1589 3453; x_wconf 73' lang='grc' dir='ltr'><strong>ί</strong></span> <span class='ocrx_word' id='word_1_536' title='bbox 1619 3401 1787 3468; x_wconf 89' lang='lat' dir='ltr'><strong>Cujus</strong></span> <span class='ocrx_word' id='word_1_537' title='bbox 1818 3403 2032 3454; x_wconf 89' lang='lat' dir='ltr'><strong>autem?</strong></span> <span class='ocrx_word' id='word_1_538' title='bbox 2059 3403 2261 3456; x_wconf 81' lang='lat' dir='ltr'><strong>Christi</strong></span> <span class='ocrx_word' id='word_1_539' title='bbox 2287 3442 2301 3466; x_wconf 94' lang='lat'><strong>,</strong></span> 
     </span>
    </p>
   </div>
   <div class='ocr_carea' id='block_1_66' title="bbox 2403 3307 3969 3382">
    <p class='ocr_par' dir='ltr' id='par_1_66' title="bbox 2403 3307 3969 3382">
     <span class='ocr_line' id='line_1_66' title="bbox 2403 3307 3969 3382; baseline -0.006 -11"><span class='ocrx_word' id='word_1_540' title='bbox 2403 3319 2557 3382; x_wconf 84' lang='grc' dir='ltr'>ἄλλος</span> <span class='ocrx_word' id='word_1_541' title='bbox 2590 3319 2646 3370; x_wconf 79' lang='grc' dir='ltr'><strong>δὲ</strong></span> <span class='ocrx_word' id='word_1_542' title='bbox 2695 3315 2786 3368; x_wconf 92' lang='grc' dir='ltr'><strong>σοῦ</strong></span> <span class='ocrx_word' id='word_1_543' title='bbox 2811 3356 2824 3379; x_wconf 91' lang='grc'><strong>,</strong></span> <span class='ocrx_word' id='word_1_544' title='bbox 2859 3316 2972 3368; x_wconf 83' lang='grc' dir='ltr'>ἀλλ’</span> <span class='ocrx_word' id='word_1_545' title='bbox 3021 3317 3048 3366; x_wconf 89' lang='grc' dir='ltr'>ὁ</span> <span class='ocrx_word' id='word_1_546' title='bbox 3079 3314 3259 3376; x_wconf 81' lang='grc' dir='ltr'>αὐτός.</span> <span class='ocrx_word' id='word_1_547' title='bbox 3309 3315 3416 3365; x_wconf 71' lang='grc' dir='ltr'><strong>Καὶ</strong></span> <span class='ocrx_word' id='word_1_548' title='bbox 3458 3313 3616 3366; x_wconf 85' lang='grc' dir='ltr'>πάλιν</span> <span class='ocrx_word' id='word_1_549' title='bbox 3641 3326 3657 3342; x_wconf 82' lang='grc'><em>’</em></span> <span class='ocrx_word' id='word_1_550' title='bbox 3693 3313 3810 3366; x_wconf 86' lang='grc' dir='ltr'>Ἰδε</span> <span class='ocrx_word' id='word_1_551' title='bbox 3854 3307 3969 3365; x_wconf 91' lang='grc' dir='ltr'>οὗν</span> 
     </span>
    </p>
   </div>
   <div class='ocr_carea' id='block_1_67' title="bbox 2405 3402 3969 3478">
    <p class='ocr_par' dir='ltr' id='par_1_67' title="bbox 2405 3402 3969 3478">
     <span class='ocr_line' id='line_1_67' title="bbox 2405 3402 3969 3478; baseline -0.006 -16"><span class='ocrx_word' id='word_1_552' title='bbox 2405 3411 2780 3478; x_wconf 83' lang='grc' dir='ltr'>χρηστότητα</span> <span class='ocrx_word' id='word_1_553' title='bbox 2809 3408 2902 3459; x_wconf 80' lang='grc' dir='ltr'><strong>καί</strong></span> <span class='ocrx_word' id='word_1_554' title='bbox 2941 3407 3293 3473; x_wconf 77' lang='grc' dir='ltr'>ἀποτομίαν.</span> <span class='ocrx_word' id='word_1_555' title='bbox 3337 3405 3526 3468; x_wconf 88' lang='grc' dir='ltr'>Τίνος;</span> <span class='ocrx_word' id='word_1_556' title='bbox 3559 3402 3792 3471; x_wconf 76' lang='grc' dir='ltr'>Χριστοῦ</span> <span class='ocrx_word' id='word_1_557' title='bbox 3815 3445 3828 3467; x_wconf 92' lang='grc'><strong>,</strong></span> <span class='ocrx_word' id='word_1_558' title='bbox 3869 3403 3969 3454; x_wconf 75' lang='grc' dir='ltr'><strong>ἐπὶ</strong></span> 
     </span>
    </p>
   </div>
   <div class='ocr_carea' id='block_1_68' title="bbox 747 3490 2414 3566">
    <p class='ocr_par' dir='ltr' id='par_1_68' title="bbox 747 3492 2414 3566">
     <span class='ocr_line' id='line_1_68' title="bbox 747 3492 2414 3566; baseline 0.001 -23"><span class='ocrx_word' id='word_1_559' title='bbox 747 3492 1073 3544; x_wconf 82' lang='lat' dir='ltr'><strong>severitatem</strong></span> <span class='ocrx_word' id='word_1_560' title='bbox 1105 3493 1311 3558; x_wconf 85' lang='lat' dir='ltr'><strong>quidem</strong></span> <span class='ocrx_word' id='word_1_561' title='bbox 1361 3492 1415 3542; x_wconf 85' lang='lat' dir='ltr'><strong>in</strong></span> <span class='ocrx_word' id='word_1_562' title='bbox 1458 3492 1648 3558; x_wconf 79' lang='lat' dir='ltr'><strong>lapsos,</strong></span> <span class='ocrx_word' id='word_1_563' title='bbox 1683 3493 1736 3543; x_wconf 88' lang='lat' dir='ltr'><strong>in</strong></span> <span class='ocrx_word' id='word_1_564' title='bbox 1780 3503 1826 3543; x_wconf 89' lang='lat' dir='ltr'><strong>te</strong></span> <span class='ocrx_word' id='word_1_565' title='bbox 1850 3509 1966 3544; x_wconf 87' lang='lat' dir='ltr'><strong>vero</strong></span> <span class='ocrx_word' id='word_1_566' title='bbox 2013 3493 2304 3560; x_wconf 83' lang='lat' dir='ltr'><strong>bcnignitu-</strong></span> <span class='ocrx_word' id='word_1_567' title='bbox 2400 3525 2414 3566; x_wconf 45' lang='grc' dir='ltr'><em>Α</em></span> 
     </span>
    </p>
   </div>
   <div class='ocr_carea' id='block_1_69' title="bbox 2297 3490 3964 3566">
    <p class='ocr_par' dir='ltr' id='par_1_69' title="bbox 2297 3490 3964 3566">
     <span class='ocr_line' id='line_1_69' title="bbox 2297 3490 3964 3566; baseline -0.008 -15"><span class='ocrx_word' id='word_1_568' title='bbox 2297 3521 2304 3529; x_wconf 92' lang='grc'>·</span> <span class='ocrx_word' id='word_1_569' title='bbox 2400 3498 2515 3566; x_wconf 81' lang='grc' dir='ltr'><strong>μὲν</strong></span> <span class='ocrx_word' id='word_1_570' title='bbox 2557 3497 2695 3560; x_wconf 86' lang='grc' dir='ltr'>τοὺς</span> <span class='ocrx_word' id='word_1_571' title='bbox 2748 3496 3040 3555; x_wconf 78' lang='grc' dir='ltr'>πεσόντας</span> <span class='ocrx_word' id='word_1_572' title='bbox 3083 3493 3435 3560; x_wconf 70' lang='grc' dir='ltr'>ἀποτομίαν,</span> <span class='ocrx_word' id='word_1_573' title='bbox 3475 3491 3571 3543; x_wconf 78' lang='grc' dir='ltr'><strong>ἐπὶ</strong></span> <span class='ocrx_word' id='word_1_574' title='bbox 3601 3490 3670 3541; x_wconf 81' lang='grc' dir='ltr'>δὲ</span> <span class='ocrx_word' id='word_1_575' title='bbox 3713 3491 3788 3542; x_wconf 86' lang='grc' dir='ltr'>σὲ</span> <span class='ocrx_word' id='word_1_576' title='bbox 3817 3508 3964 3556; x_wconf 70' lang='grc' dir='ltr'>χρη-</span> 
     </span>
    </p>
   </div>
   <div class='ocr_carea' id='block_1_70' title="bbox 749 3583 2308 3651">
    <p class='ocr_par' dir='ltr' id='par_1_70' title="bbox 749 3583 2308 3651">
     <span class='ocr_line' id='line_1_70' title="bbox 749 3583 2308 3651; baseline 0 -15"><span class='ocrx_word' id='word_1_577' title='bbox 749 3595 849 3638; x_wconf 88' lang='lat' dir='ltr'><strong>tem</strong></span> <span class='ocrx_word' id='word_1_578' title='bbox 871 3585 935 3636; x_wconf 81' lang='grc'><strong>⁵⁶.</strong></span> <span class='ocrx_word' id='word_1_579' title='bbox 961 3585 1096 3650; x_wconf 84' lang='lat' dir='ltr'><strong>Quid</strong></span> <span class='ocrx_word' id='word_1_580' title='bbox 1117 3599 1242 3637; x_wconf 83' lang='lat' dir='ltr'><strong>vero</strong></span> <span class='ocrx_word' id='word_1_581' title='bbox 1269 3583 1366 3636; x_wconf 85' lang='lat' dir='ltr'><strong>sibi</strong></span> <span class='ocrx_word' id='word_1_582' title='bbox 1399 3583 1584 3636; x_wconf 84' lang='lat' dir='ltr'><strong>volunt</strong></span> <span class='ocrx_word' id='word_1_583' title='bbox 1607 3583 1874 3651; x_wconf 71' lang='lat' dir='ltr'><strong>primitim,</strong></span> <span class='ocrx_word' id='word_1_584' title='bbox 1908 3594 1962 3636; x_wconf 92' lang='lat' dir='ltr'><strong>et</strong></span> <span class='ocrx_word' id='word_1_585' title='bbox 2024 3599 2220 3646; x_wconf 88' lang='lat' dir='ltr'><strong>massa,</strong></span> <span class='ocrx_word' id='word_1_586' title='bbox 2254 3594 2308 3636; x_wconf 91' lang='lat' dir='ltr'><strong>et</strong></span> 
     </span>
    </p>
   </div>
   <div class='ocr_carea' id='block_1_71' title="bbox 752 3674 2305 3744">
    <p class='ocr_par' dir='ltr' id='par_1_71' title="bbox 752 3674 2305 3744">
     <span class='ocr_line' id='line_1_71' title="bbox 752 3674 2305 3744; baseline -0.001 -15"><span class='ocrx_word' id='word_1_587' title='bbox 752 3677 926 3739; x_wconf 73' lang='lat' dir='ltr'><strong>radix,</strong></span> <span class='ocrx_word' id='word_1_588' title='bbox 962 3687 1018 3730; x_wconf 93' lang='lat' dir='ltr'><strong>et</strong></span> <span class='ocrx_word' id='word_1_589' title='bbox 1066 3677 1221 3741; x_wconf 88' lang='lat' dir='ltr'><strong>rami,</strong></span> <span class='ocrx_word' id='word_1_590' title='bbox 1250 3685 1303 3730; x_wconf 88' lang='lat' dir='ltr'><strong>et</strong></span> <span class='ocrx_word' id='word_1_591' title='bbox 1356 3686 1545 3744; x_wconf 88' lang='lat' dir='ltr'><strong>sponte</strong></span> <span class='ocrx_word' id='word_1_592' title='bbox 1604 3675 1734 3740; x_wconf 92' lang='lat' dir='ltr'><strong>nati,</strong></span> <span class='ocrx_word' id='word_1_593' title='bbox 1766 3686 1818 3729; x_wconf 89' lang='lat' dir='ltr'><strong>et</strong></span> <span class='ocrx_word' id='word_1_594' title='bbox 1857 3689 1951 3744; x_wconf 87' lang='lat' dir='ltr'><strong>per</strong></span> <span class='ocrx_word' id='word_1_595' title='bbox 1995 3674 2305 3730; x_wconf 83' lang='lat' dir='ltr'><strong>insitionem</strong></span> 
     </span>
    </p>
   </div>
   <div class='ocr_carea' id='block_1_72' title="bbox 749 3767 2310 3836">
    <p class='ocr_par' dir='ltr' id='par_1_72' title="bbox 749 3767 2310 3836">
     <span class='ocr_line' id='line_1_72' title="bbox 749 3767 2310 3836; baseline -0.001 -16"><span class='ocrx_word' id='word_1_596' title='bbox 749 3769 905 3832; x_wconf 88' lang='lat' dir='ltr'><strong>tales,</strong></span> <span class='ocrx_word' id='word_1_597' title='bbox 945 3769 1051 3822; x_wconf 91' lang='lat' dir='ltr'><strong>nisi</strong></span> <span class='ocrx_word' id='word_1_598' title='bbox 1105 3769 1247 3836; x_wconf 87' lang='lat' dir='ltr'><strong>quod</strong></span> <span class='ocrx_word' id='word_1_599' title='bbox 1299 3768 1729 3821; x_wconf 83' lang='lat' dir='ltr'><strong>convenientiam</strong></span> <span class='ocrx_word' id='word_1_600' title='bbox 1784 3779 1837 3820; x_wconf 90' lang='lat' dir='ltr'><strong>et</strong></span> <span class='ocrx_word' id='word_1_601' title='bbox 1879 3767 2213 3828; x_wconf 84' lang='lat' dir='ltr'><strong>alliuitatcm,</strong></span> <span class='ocrx_word' id='word_1_602' title='bbox 2255 3777 2310 3819; x_wconf 91' lang='lat' dir='ltr'><strong>et</strong></span> 
     </span>
    </p>
   </div>
   <div class='ocr_carea' id='block_1_73' title="bbox 752 3858 2310 3928">
    <p class='ocr_par' dir='ltr' id='par_1_73' title="bbox 752 3858 2310 3928">
     <span class='ocr_line' id='line_1_73' title="bbox 752 3858 2310 3928; baseline 0 -18"><span class='ocrx_word' id='word_1_603' title='bbox 752 3859 1014 3928; x_wconf 81' lang='lat' dir='ltr'><strong>originem</strong></span> <span class='ocrx_word' id='word_1_604' title='bbox 1059 3859 1125 3911; x_wconf 84' lang='lat' dir='ltr'><strong>ab</strong></span> <span class='ocrx_word' id='word_1_605' title='bbox 1160 3859 1348 3912; x_wconf 91' lang='lat' dir='ltr'><strong>eodem</strong></span> <span class='ocrx_word' id='word_1_606' title='bbox 1382 3858 1685 3926; x_wconf 84' lang='lat' dir='ltr'><strong>legislature</strong></span> <span class='ocrx_word' id='word_1_607' title='bbox 1716 3858 2087 3920; x_wconf 81' lang='lat' dir='ltr'><strong>derivandam,</strong></span> <span class='ocrx_word' id='word_1_608' title='bbox 2125 3858 2310 3911; x_wconf 83' lang='lat' dir='ltr'><strong>claris-</strong></span> 
     </span>
    </p>
   </div>
   <div class='ocr_carea' id='block_1_74' title="bbox 754 3949 2312 4004">
    <p class='ocr_par' dir='ltr' id='par_1_74' title="bbox 754 3949 2312 4004">
     <span class='ocr_line' id='line_1_74' title="bbox 754 3949 2312 4004; baseline -0.001 -2"><span class='ocrx_word' id='word_1_609' title='bbox 754 3952 888 4003; x_wconf 76' lang='lat' dir='ltr'><strong>sima</strong></span> <span class='ocrx_word' id='word_1_610' title='bbox 920 3965 1051 4003; x_wconf 82' lang='lat' dir='ltr'><strong>voce</strong></span> <span class='ocrx_word' id='word_1_611' title='bbox 1079 3950 1391 4003; x_wconf 89' lang='lat' dir='ltr'><strong>inculcant?</strong></span> <span class='ocrx_word' id='word_1_612' title='bbox 1414 3951 1505 4002; x_wconf 84' lang='lat' dir='ltr'><strong>Ait</strong></span> <span class='ocrx_word' id='word_1_613' title='bbox 1526 3964 1653 4004; x_wconf 92' lang='lat' dir='ltr'><strong>vero</strong></span> <span class='ocrx_word' id='word_1_614' title='bbox 1683 3949 1876 4002; x_wconf 90' lang='lat' dir='ltr'><strong>iterum</strong></span> <span class='ocrx_word' id='word_1_615' title='bbox 1900 3949 1964 4002; x_wconf 88' lang='lat' dir='ltr'><strong>de</strong></span> <span class='ocrx_word' id='word_1_616' title='bbox 1999 3950 2102 4002; x_wconf 91' lang='lat' dir='ltr'><strong>illis</strong></span> <span class='ocrx_word' id='word_1_617' title='bbox 2141 3950 2312 4003; x_wconf 82' lang='lat' dir='ltr'><strong>Israe-</strong></span> 
     </span>
    </p>
   </div>
   <div class='ocr_carea' id='block_1_75' title="bbox 754 4040 2310 4107">
    <p class='ocr_par' dir='ltr' id='par_1_75' title="bbox 754 4040 2310 4107">
     <span class='ocr_line' id='line_1_75' title="bbox 754 4040 2310 4107; baseline 0.001 -15"><span class='ocrx_word' id='word_1_618' title='bbox 754 4042 882 4102; x_wconf 89' lang='lat' dir='ltr'><strong>litis,</strong></span> <span class='ocrx_word' id='word_1_619' title='bbox 915 4041 1002 4107; x_wconf 87' lang='lat' dir='ltr'><strong>qui</strong></span> <span class='ocrx_word' id='word_1_620' title='bbox 1063 4041 1128 4093; x_wconf 92' lang='lat' dir='ltr'><strong>ad</strong></span> <span class='ocrx_word' id='word_1_621' title='bbox 1186 4040 1387 4094; x_wconf 87' lang='lat' dir='ltr'><strong>Christi</strong></span> <span class='ocrx_word' id='word_1_622' title='bbox 1443 4041 1598 4094; x_wconf 84' lang='lat' dir='ltr'><strong>[idem</strong></span> <span class='ocrx_word' id='word_1_623' title='bbox 1659 4041 1897 4094; x_wconf 89' lang='lat' dir='ltr'><strong>nondum</strong></span> <span class='ocrx_word' id='word_1_624' title='bbox 1933 4041 2310 4094; x_wconf 88' lang='lat' dir='ltr'><strong>accesserint:</strong></span> 
     </span>
    </p>
   </div>
   <div class='ocr_carea' id='block_1_76' title="bbox 757 4130 2316 4199">
    <p class='ocr_par' dir='ltr' id='par_1_76' title="bbox 757 4130 2316 4199">
     <span class='ocr_line' id='line_1_76' title="bbox 757 4130 2316 4199; baseline 0 -17"><span class='ocrx_word' id='word_1_625' title='bbox 757 4130 1052 4183; x_wconf 83' lang='lat' dir='ltr'><strong>Secundum</strong></span> <span class='ocrx_word' id='word_1_626' title='bbox 1079 4131 1419 4199; x_wconf 81' lang='lat' dir='ltr'><strong>Evangelium</strong></span> <span class='ocrx_word' id='word_1_627' title='bbox 1459 4132 1669 4199; x_wconf 83' lang='lat' dir='ltr'><strong>quidem</strong></span> <span class='ocrx_word' id='word_1_628' title='bbox 1715 4131 1914 4183; x_wconf 86' lang='lat' dir='ltr'><strong>inimici</strong></span> <span class='ocrx_word' id='word_1_629' title='bbox 1943 4141 2061 4183; x_wconf 85' lang='lat' dir='ltr'><strong>sunt</strong></span> <span class='ocrx_word' id='word_1_630' title='bbox 2103 4141 2316 4198; x_wconf 88' lang='lat' dir='ltr'><strong>propter</strong></span> 
     </span>
    </p>
   </div>
   <div class='ocr_carea' id='block_1_77' title="bbox 757 4220 2314 4289">
    <p class='ocr_par' dir='ltr' id='par_1_77' title="bbox 757 4220 2314 4289">
     <span class='ocr_line' id='line_1_77' title="bbox 757 4220 2314 4289; baseline 0.001 -19"><span class='ocrx_word' id='word_1_631' title='bbox 757 4221 1159 4283; x_wconf 84' lang='lat' dir='ltr'><strong>nos,sccundum</strong></span> <span class='ocrx_word' id='word_1_632' title='bbox 1176 4221 1472 4272; x_wconf 87' lang='lat' dir='ltr'><strong>electionem</strong></span> <span class='ocrx_word' id='word_1_633' title='bbox 1489 4237 1606 4272; x_wconf 88' lang='lat' dir='ltr'><strong>vero</strong></span> <span class='ocrx_word' id='word_1_634' title='bbox 1629 4220 1800 4272; x_wconf 84' lang='lat' dir='ltr'><strong>dilecti</strong></span> <span class='ocrx_word' id='word_1_635' title='bbox 1820 4231 2029 4288; x_wconf 88' lang='lat' dir='ltr'><strong>propter</strong></span> <span class='ocrx_word' id='word_1_636' title='bbox 2059 4231 2232 4289; x_wconf 87' lang='lat' dir='ltr'><strong>patres</strong></span> <span class='ocrx_word' id='word_1_637' title='bbox 2249 4221 2314 4271; x_wconf 88' lang='grc'><strong>⁸⁷.</strong></span> 
     </span>
    </p>
   </div>
   <div class='ocr_carea' id='block_1_78' title="bbox 759 4309 2318 4365">
    <p class='ocr_par' dir='ltr' id='par_1_78' title="bbox 759 4309 2318 4365">
     <span class='ocr_line' id='line_1_78' title="bbox 759 4309 2318 4365; baseline 0.001 -3"><span class='ocrx_word' id='word_1_638' title='bbox 759 4309 836 4362; x_wconf 89' lang='lat' dir='ltr'><strong>lbi</strong></span> <span class='ocrx_word' id='word_1_639' title='bbox 867 4325 995 4364; x_wconf 90' lang='lat' dir='ltr'><strong>sane</strong></span> <span class='ocrx_word' id='word_1_640' title='bbox 1021 4325 1116 4364; x_wconf 89' lang='lat' dir='ltr'><strong>eos</strong></span> <span class='ocrx_word' id='word_1_641' title='bbox 1176 4309 1401 4364; x_wconf 87' lang='lat' dir='ltr'><strong>dilectos</strong></span> <span class='ocrx_word' id='word_1_642' title='bbox 1455 4311 1824 4365; x_wconf 83' lang='lat' dir='ltr'><strong>declaraturus</strong></span> <span class='ocrx_word' id='word_1_643' title='bbox 1859 4311 2194 4364; x_wconf 82' lang='lat' dir='ltr'><strong>vocationem</strong></span> <span class='ocrx_word' id='word_1_644' title='bbox 2227 4310 2318 4363; x_wconf 88' lang='lat' dir='ltr'><strong>Dei</strong></span> 
     </span>
    </p>
   </div>
   <div class='ocr_carea' id='block_1_79' title="bbox 2407 3579 3968 3654">
    <p class='ocr_par' dir='ltr' id='par_1_79' title="bbox 2407 3579 3968 3654">
     <span class='ocr_line' id='line_1_79' title="bbox 2407 3579 3968 3654; baseline -0.008 -12"><span class='ocrx_word' id='word_1_645' title='bbox 2407 3590 2684 3654; x_wconf 79' lang='grc' dir='ltr'>στότητα.</span> <span class='ocrx_word' id='word_1_646' title='bbox 2726 3587 2789 3637; x_wconf 87' lang='grc' dir='ltr'>Τί</span> <span class='ocrx_word' id='word_1_647' title='bbox 2818 3586 2862 3638; x_wconf 85' lang='grc' dir='ltr'>δ’</span> <span class='ocrx_word' id='word_1_648' title='bbox 2890 3587 2955 3638; x_wconf 84' lang='grc' dir='ltr'><strong>ἂν</strong></span> <span class='ocrx_word' id='word_1_649' title='bbox 2988 3583 3259 3653; x_wconf 88' lang='grc' dir='ltr'>βούλοιντο</span> <span class='ocrx_word' id='word_1_650' title='bbox 3293 3586 3324 3649; x_wconf 83' lang='grc' dir='ltr'>ἡ</span> <span class='ocrx_word' id='word_1_651' title='bbox 3356 3581 3613 3651; x_wconf 80' lang='grc' dir='ltr'>ἀπαρχὴ,</span> <span class='ocrx_word' id='word_1_652' title='bbox 3658 3581 3749 3632; x_wconf 72' lang='grc' dir='ltr'>καὶ</span> <span class='ocrx_word' id='word_1_653' title='bbox 3778 3581 3837 3630; x_wconf 85' lang='grc' dir='ltr'><strong>τὸ</strong></span> <span class='ocrx_word' id='word_1_654' title='bbox 3867 3579 3968 3645; x_wconf 80' lang='grc' dir='ltr'><strong>φύ-</strong></span> 
     </span>
    </p>
   </div>
   <div class='ocr_carea' id='block_1_80' title="bbox 2413 3671 3967 3748">
    <p class='ocr_par' dir='ltr' id='par_1_80' title="bbox 2413 3671 3967 3748">
     <span class='ocr_line' id='line_1_80' title="bbox 2413 3671 3967 3748; baseline -0.006 -19"><span class='ocrx_word' id='word_1_655' title='bbox 2413 3695 2580 3748; x_wconf 82' lang='grc' dir='ltr'>ραμα.</span> <span class='ocrx_word' id='word_1_656' title='bbox 2615 3676 2763 3744; x_wconf 68' lang='grc' dir='ltr'><strong>καὶὴ</strong></span> <span class='ocrx_word' id='word_1_657' title='bbox 2799 3674 2942 3746; x_wconf 71' lang='grc' dir='ltr'>ῥίζα,</span> <span class='ocrx_word' id='word_1_658' title='bbox 2986 3674 3078 3725; x_wconf 77' lang='grc' dir='ltr'><strong>καὶ</strong></span> <span class='ocrx_word' id='word_1_659' title='bbox 3113 3675 3160 3724; x_wconf 91' lang='grc' dir='ltr'>οἱ</span> <span class='ocrx_word' id='word_1_660' title='bbox 3198 3673 3401 3734; x_wconf 78' lang='grc' dir='ltr'>κλάδοι,</span> <span class='ocrx_word' id='word_1_661' title='bbox 3445 3673 3536 3722; x_wconf 69' lang='grc' dir='ltr'><strong>καὶ</strong></span> <span class='ocrx_word' id='word_1_662' title='bbox 3565 3673 3612 3721; x_wconf 84' lang='grc' dir='ltr'>οἱ</span> <span class='ocrx_word' id='word_1_663' title='bbox 3646 3671 3967 3735; x_wconf 64' lang='grc' dir='ltr'>αὐτοφυεῖς,</span> 
     </span>
    </p>
   </div>
   <div class='ocr_carea' id='block_1_81' title="bbox 2411 3761 3971 3836">
    <p class='ocr_par' dir='ltr' id='par_1_81' title="bbox 2411 3761 3971 3836">
     <span class='ocr_line' id='line_1_81' title="bbox 2411 3761 3971 3836; baseline -0.004 -17"><span class='ocrx_word' id='word_1_664' title='bbox 2411 3767 2506 3820; x_wconf 68' lang='grc' dir='ltr'><strong>καὶ</strong></span> <span class='ocrx_word' id='word_1_665' title='bbox 2534 3769 2580 3818; x_wconf 78' lang='grc' dir='ltr'>οἱ</span> <span class='ocrx_word' id='word_1_666' title='bbox 2617 3768 2683 3819; x_wconf 83' lang='grc' dir='ltr'>δι’</span> <span class='ocrx_word' id='word_1_667' title='bbox 2715 3766 3134 3836; x_wconf 84' lang='grc' dir='ltr'>ἐγκεντρίσεως,</span> <span class='ocrx_word' id='word_1_668' title='bbox 3167 3766 3214 3815; x_wconf 80' lang='grc' dir='ltr'>εἰ</span> <span class='ocrx_word' id='word_1_669' title='bbox 3252 3765 3326 3833; x_wconf 77' lang='grc' dir='ltr'>μὴ</span> <span class='ocrx_word' id='word_1_670' title='bbox 3363 3764 3458 3830; x_wconf 81' lang='grc' dir='ltr'>τὴν</span> <span class='ocrx_word' id='word_1_671' title='bbox 3495 3761 3848 3830; x_wconf 77' lang='grc' dir='ltr'>ἀλληλουχίαν</span> <span class='ocrx_word' id='word_1_672' title='bbox 3881 3762 3971 3812; x_wconf 72' lang='grc' dir='ltr'>καὶ</span> 
     </span>
    </p>
   </div>
   <div class='ocr_carea' id='block_1_82' title="bbox 2416 3853 3974 3927">
    <p class='ocr_par' dir='ltr' id='par_1_82' title="bbox 2416 3853 3974 3927">
     <span class='ocr_line' id='line_1_82' title="bbox 2416 3853 3974 3927; baseline -0.008 -15"><span class='ocrx_word' id='word_1_673' title='bbox 2416 3860 2729 3927; x_wconf 78' lang='grc' dir='ltr'>συγγένειαν</span> <span class='ocrx_word' id='word_1_674' title='bbox 2754 3899 2768 3923; x_wconf 94' lang='grc'><strong>,</strong></span> <span class='ocrx_word' id='word_1_675' title='bbox 2810 3859 2900 3910; x_wconf 72' lang='grc' dir='ltr'><strong>καὶ</strong></span> <span class='ocrx_word' id='word_1_676' title='bbox 2939 3859 3018 3909; x_wconf 80' lang='grc' dir='ltr'><strong>ὅτι</strong></span> <span class='ocrx_word' id='word_1_677' title='bbox 3060 3856 3152 3907; x_wconf 92' lang='grc' dir='ltr'><strong>τοῦ</strong></span> <span class='ocrx_word' id='word_1_678' title='bbox 3194 3853 3357 3906; x_wconf 88' lang='grc' dir='ltr'>αὑτοῦ</span> <span class='ocrx_word' id='word_1_679' title='bbox 3398 3853 3687 3922; x_wconf 74' lang='grc' dir='ltr'>νομοθέτου</span> <span class='ocrx_word' id='word_1_680' title='bbox 3715 3892 3730 3916; x_wconf 93' lang='grc'><strong>,</strong></span> <span class='ocrx_word' id='word_1_681' title='bbox 3772 3854 3974 3918; x_wconf 68' lang='grc' dir='ltr'>ιρωναῖς</span> 
     </span>
    </p>
   </div>
   <div class='ocr_carea' id='block_1_83' title="bbox 2412 3942 3975 4020">
    <p class='ocr_par' dir='ltr' id='par_1_83' title="bbox 2412 3942 3975 4020">
     <span class='ocr_line' id='line_1_83' title="bbox 2412 3942 3975 4020; baseline -0.007 -18"><span class='ocrx_word' id='word_1_682' title='bbox 2412 3950 2660 4020; x_wconf 81' lang='grc' dir='ltr'>δηλοῦσιν</span> <span class='ocrx_word' id='word_1_683' title='bbox 2710 3949 3161 4018; x_wconf 73' lang='grc' dir='ltr'>ἐναργεστάταιςς</span> <span class='ocrx_word' id='word_1_684' title='bbox 3201 3946 3335 4014; x_wconf 78' lang='grc' dir='ltr'>Φησὶ</span> <span class='ocrx_word' id='word_1_685' title='bbox 3385 3945 3441 3996; x_wconf 88' lang='grc' dir='ltr'><strong>δέ</strong></span> <span class='ocrx_word' id='word_1_686' title='bbox 3490 3944 3651 3995; x_wconf 83' lang='grc' dir='ltr'>πάλιν</span> <span class='ocrx_word' id='word_1_687' title='bbox 3696 3943 3823 4011; x_wconf 75' lang='grc' dir='ltr'>περὶ</span> <span class='ocrx_word' id='word_1_688' title='bbox 3867 3942 3975 3992; x_wconf 82' lang='grc' dir='ltr'>τῶν</span> 
     </span>
    </p>
   </div>
   <div class='ocr_carea' id='block_1_84' title="bbox 2414 4032 3975 4110">
    <p class='ocr_par' dir='ltr' id='par_1_84' title="bbox 2414 4032 3975 4110">
     <span class='ocr_line' id='line_1_84' title="bbox 2414 4032 3975 4110; baseline -0.006 -18"><span class='ocrx_word' id='word_1_689' title='bbox 2414 4041 2564 4093; x_wconf 76' lang='grc' dir='ltr'>οῦτεω</span> <span class='ocrx_word' id='word_1_690' title='bbox 2591 4043 2654 4110; x_wconf 83' lang='grc' dir='ltr'>τῇ</span> <span class='ocrx_word' id='word_1_691' title='bbox 2695 4041 2876 4090; x_wconf 81' lang='grc' dir='ltr'>πίστει</span> <span class='ocrx_word' id='word_1_692' title='bbox 2907 4036 3141 4108; x_wconf 84' lang='grc' dir='ltr'>Χριστοῦ</span> <span class='ocrx_word' id='word_1_693' title='bbox 3171 4035 3724 4105; x_wconf 79' lang='grc' dir='ltr'>προσδεδραμηκότων</span> <span class='ocrx_word' id='word_1_694' title='bbox 3767 4032 3975 4100; x_wconf 82' lang='grc' dir='ltr'>Ἰσραη-</span> 
     </span>
    </p>
   </div>
   <div class='ocr_carea' id='block_1_85' title="bbox 2415 4118 3972 4193">
    <p class='ocr_par' dir='ltr' id='par_1_85' title="bbox 2415 4118 3972 4193">
     <span class='ocr_line' id='line_1_85' title="bbox 2415 4118 3972 4193; baseline -0.004 -12"><span class='ocrx_word' id='word_1_695' title='bbox 2415 4130 2596 4182; x_wconf 78' lang='grc' dir='ltr'><strong>λιτῶν⁹</strong></span> <span class='ocrx_word' id='word_1_696' title='bbox 2637 4129 2794 4182; x_wconf 80' lang='grc' dir='ltr'>Κατὰ</span> <span class='ocrx_word' id='word_1_697' title='bbox 2817 4128 2932 4193; x_wconf 84' lang='grc' dir='ltr'><strong>μὲν</strong></span> <span class='ocrx_word' id='word_1_698' title='bbox 2971 4125 3036 4176; x_wconf 88' lang='grc' dir='ltr'><strong>τὸ</strong></span> <span class='ocrx_word' id='word_1_699' title='bbox 3060 4123 3424 4191; x_wconf 49' lang='lat' dir='ltr'><strong>Euan-Litore</strong></span> <span class='ocrx_word' id='word_1_700' title='bbox 3451 4121 3646 4190; x_wconf 77' lang='grc' dir='ltr'>ἐχθροὶ</span> <span class='ocrx_word' id='word_1_701' title='bbox 3694 4121 3768 4173; x_wconf 83' lang='grc' dir='ltr'>δι’</span> <span class='ocrx_word' id='word_1_702' title='bbox 3794 4118 3972 4187; x_wconf 70' lang='grc' dir='ltr'><strong>ἡμᾶς.</strong></span> 
     </span>
    </p>
   </div>
   <div class='ocr_carea' id='block_1_86' title="bbox 2419 4211 3974 4281">
    <p class='ocr_par' dir='ltr' id='par_1_86' title="bbox 2419 4211 3974 4281">
     <span class='ocr_line' id='line_1_86' title="bbox 2419 4211 3974 4281; baseline -0.006 -9"><span class='ocrx_word' id='word_1_703' title='bbox 2419 4221 2565 4272; x_wconf 78' lang='grc' dir='ltr'>κατὰ</span> <span class='ocrx_word' id='word_1_704' title='bbox 2614 4218 2680 4269; x_wconf 82' lang='grc' dir='ltr'>δὲ</span> <span class='ocrx_word' id='word_1_705' title='bbox 2734 4215 2993 4281; x_wconf 74' lang='grc' dir='ltr'>ἐκλογὴν</span> <span class='ocrx_word' id='word_1_706' title='bbox 3041 4214 3330 4280; x_wconf 75' lang='grc' dir='ltr'>ἀγαπητοί</span> <span class='ocrx_word' id='word_1_707' title='bbox 3382 4212 3477 4264; x_wconf 82' lang='grc' dir='ltr'>διὰ</span> <span class='ocrx_word' id='word_1_708' title='bbox 3518 4211 3658 4276; x_wconf 81' lang='grc' dir='ltr'>τοὺς</span> <span class='ocrx_word' id='word_1_709' title='bbox 3694 4211 3974 4277; x_wconf 72' lang='grc' dir='ltr'>πατέρας.</span> 
     </span>
    </p>
   </div>
   <div class='ocr_carea' id='block_1_87' title="bbox 2422 4301 3978 4375">
    <p class='ocr_par' dir='ltr' id='par_1_87' title="bbox 2422 4301 3978 4375">
     <span class='ocr_line' id='line_1_87' title="bbox 2422 4301 3978 4375; baseline -0.006 -14"><span class='ocrx_word' id='word_1_710' title='bbox 2422 4309 2584 4361; x_wconf 81' lang='grc' dir='ltr'>Ὅθεν</span> <span class='ocrx_word' id='word_1_711' title='bbox 2634 4305 2806 4375; x_wconf 80' lang='grc' dir='ltr'>δηλῶν</span> <span class='ocrx_word' id='word_1_712' title='bbox 2858 4305 2938 4356; x_wconf 75' lang='grc' dir='ltr'><strong>ὅτι</strong></span> <span class='ocrx_word' id='word_1_713' title='bbox 2970 4303 3273 4372; x_wconf 76' lang='grc' dir='ltr'>ἀγαπητοὶ,</span> <span class='ocrx_word' id='word_1_714' title='bbox 3319 4302 3379 4353; x_wconf 74' lang='grc' dir='ltr'><strong>τὸ</strong></span> <span class='ocrx_word' id='word_1_715' title='bbox 3421 4301 3830 4371; x_wconf 83' lang='grc' dir='ltr'>ἀμεταμέλητον</span> <span class='ocrx_word' id='word_1_716' title='bbox 3867 4302 3978 4352; x_wconf 82' lang='grc' dir='ltr'>τῶν</span> 
     </span>
    </p>
   </div>
   <div class='ocr_carea' id='block_1_88' title="bbox 761 4393 2428 4482">
    <p class='ocr_par' dir='ltr' id='par_1_88' title="bbox 761 4403 2428 4482">
     <span class='ocr_line' id='line_1_88' title="bbox 761 4403 2428 4482; baseline 0 -28"><span class='ocrx_word' id='word_1_717' title='bbox 761 4412 1044 4465; x_wconf 89' lang='lat' dir='ltr'><strong>memorat,</strong></span> <span class='ocrx_word' id='word_1_718' title='bbox 1093 4418 1252 4470; x_wconf 91' lang='lat' dir='ltr'><strong>quem</strong></span> <span class='ocrx_word' id='word_1_719' title='bbox 1306 4404 1567 4454; x_wconf 90' lang='lat' dir='ltr'><strong>donorum</strong></span> <span class='ocrx_word' id='word_1_720' title='bbox 1609 4419 1828 4454; x_wconf 91' lang='lat' dir='ltr'><strong>suorum</strong></span> <span class='ocrx_word' id='word_1_721' title='bbox 1889 4403 2152 4470; x_wconf 61' lang='lat' dir='ltr'><strong>poenitere</strong></span> <span class='ocrx_word' id='word_1_722' title='bbox 2208 4418 2314 4454; x_wconf 79' lang='lat' dir='ltr'><strong>non</strong></span> <span class='ocrx_word' id='word_1_723' title='bbox 2348 4423 2428 4482; x_wconf 50' lang='grc' dir='ltr'><strong>οη</strong></span> 
     </span>
    </p>
   </div>
   <div class='ocr_carea' id='block_1_89' title="bbox 2307 4393 3974 4482">
    <p class='ocr_par' dir='ltr' id='par_1_89' title="bbox 2307 4393 3974 4482">
     <span class='ocr_line' id='line_1_89' title="bbox 2307 4393 3974 4482; baseline -0.005 -28"><span class='ocrx_word' id='word_1_724' title='bbox 2307 4420 2391 4482; x_wconf 70' lang='lat' dir='ltr'><strong>1D</strong></span> <span class='ocrx_word' id='word_1_725' title='bbox 2427 4399 2774 4472; x_wconf 82' lang='grc' dir='ltr'>χαρισμάτων</span> <span class='ocrx_word' id='word_1_726' title='bbox 2837 4397 2929 4447; x_wconf 62' lang='grc' dir='ltr'><strong>καὶ⁵</strong></span> <span class='ocrx_word' id='word_1_727' title='bbox 2990 4393 3086 4462; x_wconf 80' lang='grc' dir='ltr'>τὴν</span> <span class='ocrx_word' id='word_1_728' title='bbox 3144 4393 3332 4461; x_wconf 81' lang='grc' dir='ltr'>κλῆσιν</span> <span class='ocrx_word' id='word_1_729' title='bbox 3388 4394 3626 4462; x_wconf 87' lang='grc' dir='ltr'>παράγει</span> <span class='ocrx_word' id='word_1_730' title='bbox 3669 4393 3762 4444; x_wconf 81' lang='grc' dir='ltr'><strong>τοῦ</strong></span> <span class='ocrx_word' id='word_1_731' title='bbox 3819 4394 3974 4446; x_wconf 89' lang='grc' dir='ltr'>Θεοῦ.</span> 
     </span>
    </p>
   </div>
   <div class='ocr_carea' id='block_1_90' title="bbox 763 4491 2318 4560">
    <p class='ocr_par' dir='ltr' id='par_1_90' title="bbox 763 4491 2318 4560">
     <span class='ocr_line' id='line_1_90' title="bbox 763 4491 2318 4560; baseline -0.001 -16"><span class='ocrx_word' id='word_1_732' title='bbox 763 4493 952 4560; x_wconf 78' lang='lat' dir='ltr'><strong>possit.</strong></span> <span class='ocrx_word' id='word_1_733' title='bbox 978 4491 1242 4544; x_wconf 84' lang='lat' dir='ltr'><strong>Donorum</strong></span> <span class='ocrx_word' id='word_1_734' title='bbox 1265 4493 1398 4542; x_wconf 82' lang='lat' dir='ltr'><strong>enim</strong></span> <span class='ocrx_word' id='word_1_735' title='bbox 1427 4501 1700 4542; x_wconf 84' lang='lat' dir='ltr'><strong>suorumet</strong></span> <span class='ocrx_word' id='word_1_736' title='bbox 1723 4491 2005 4542; x_wconf 85' lang='lat' dir='ltr'><strong>vocationis</strong></span> <span class='ocrx_word' id='word_1_737' title='bbox 2029 4491 2189 4542; x_wconf 87' lang='lat' dir='ltr'><strong>Deunt</strong></span> <span class='ocrx_word' id='word_1_738' title='bbox 2213 4507 2318 4557; x_wconf 77' lang='lat' dir='ltr'><strong>pm-</strong></span> 
     </span>
    </p>
   </div>
   <div class='ocr_carea' id='block_1_91' title="bbox 763 4580 2320 4647">
    <p class='ocr_par' dir='ltr' id='par_1_91' title="bbox 763 4580 2320 4647">
     <span class='ocr_line' id='line_1_91' title="bbox 763 4580 2320 4647; baseline 0 -14"><span class='ocrx_word' id='word_1_739' title='bbox 763 4583 924 4634; x_wconf 86' lang='lat' dir='ltr'><strong>nitere</strong></span> <span class='ocrx_word' id='word_1_740' title='bbox 954 4599 1052 4633; x_wconf 85' lang='lat' dir='ltr'><strong>non</strong></span> <span class='ocrx_word' id='word_1_741' title='bbox 1075 4592 1234 4647; x_wconf 88' lang='lat' dir='ltr'><strong>potest</strong></span> <span class='ocrx_word' id='word_1_742' title='bbox 1260 4581 1327 4632; x_wconf 83' lang='grc'><strong>⁵⁸.</strong></span> <span class='ocrx_word' id='word_1_743' title='bbox 1349 4581 1410 4632; x_wconf 80' lang='lat' dir='ltr'><strong>Et</strong></span> <span class='ocrx_word' id='word_1_744' title='bbox 1435 4599 1446 4632; x_wconf 89' lang='lat'><strong>:</strong></span> <span class='ocrx_word' id='word_1_745' title='bbox 1478 4580 1602 4643; x_wconf 77' lang='lat' dir='ltr'><strong>Qua-</strong></span> <span class='ocrx_word' id='word_1_746' title='bbox 1626 4590 1745 4632; x_wconf 87' lang='lat' dir='ltr'><strong>ante</strong></span> <span class='ocrx_word' id='word_1_747' title='bbox 1774 4582 1966 4647; x_wconf 84' lang='lat' dir='ltr'><strong>scripta</strong></span> <span class='ocrx_word' id='word_1_748' title='bbox 1991 4589 2129 4642; x_wconf 84' lang='lat' dir='ltr'><strong>sunt,</strong></span> <span class='ocrx_word' id='word_1_749' title='bbox 2159 4581 2212 4632; x_wconf 86' lang='lat' dir='ltr'><strong>in</strong></span> <span class='ocrx_word' id='word_1_750' title='bbox 2235 4598 2320 4633; x_wconf 80' lang='lat' dir='ltr'><strong>ve-</strong></span> 
     </span>
    </p>
   </div>
   <div class='ocr_carea' id='block_1_92' title="bbox 763 4672 2319 4740">
    <p class='ocr_par' dir='ltr' id='par_1_92' title="bbox 763 4672 2319 4740">
     <span class='ocr_line' id='line_1_92' title="bbox 763 4672 2319 4740; baseline -0.002 -14"><span class='ocrx_word' id='word_1_751' title='bbox 763 4683 925 4726; x_wconf 87' lang='lat' dir='ltr'><strong>stram</strong></span> <span class='ocrx_word' id='word_1_752' title='bbox 943 4675 1231 4734; x_wconf 75' lang='lat' dir='ltr'><strong>doctrinam</strong></span> <span class='ocrx_word' id='word_1_753' title='bbox 1250 4673 1442 4738; x_wconf 86' lang='lat' dir='ltr'><strong>scripta</strong></span> <span class='ocrx_word' id='word_1_754' title='bbox 1465 4682 1602 4724; x_wconf 82' lang='lat' dir='ltr'><strong>sunt.</strong></span> <span class='ocrx_word' id='word_1_755' title='bbox 1633 4672 1777 4724; x_wconf 84' lang='lat' dir='ltr'><strong>Cur?</strong></span> <span class='ocrx_word' id='word_1_756' title='bbox 1803 4681 1857 4723; x_wconf 87' lang='lat' dir='ltr'><strong>ut</strong></span> <span class='ocrx_word' id='word_1_757' title='bbox 1882 4689 1973 4740; x_wconf 85' lang='lat' dir='ltr'><strong>per</strong></span> <span class='ocrx_word' id='word_1_758' title='bbox 2005 4672 2319 4738; x_wconf 77' lang='lat' dir='ltr'><strong>patientiam</strong></span> 
     </span>
    </p>
   </div>
   <div class='ocr_carea' id='block_1_93' title="bbox 764 4761 2320 4830">
    <p class='ocr_par' dir='ltr' id='par_1_93' title="bbox 764 4761 2320 4830">
     <span class='ocr_line' id='line_1_93' title="bbox 764 4761 2320 4830; baseline -0.003 -14"><span class='ocrx_word' id='word_1_759' title='bbox 764 4773 811 4817; x_wconf 86' lang='lat' dir='ltr'><strong>et</strong></span> <span class='ocrx_word' id='word_1_760' title='bbox 837 4763 1237 4816; x_wconf 88' lang='lat' dir='ltr'><strong>consolationem</strong></span> <span class='ocrx_word' id='word_1_761' title='bbox 1265 4761 1674 4829; x_wconf 82' lang='lat' dir='ltr'><strong>Scripturarum,</strong></span> <span class='ocrx_word' id='word_1_762' title='bbox 1711 4762 1810 4814; x_wconf 90' lang='lat' dir='ltr'><strong>sub</strong></span> <span class='ocrx_word' id='word_1_763' title='bbox 1837 4763 2034 4830; x_wconf 86' lang='lat' dir='ltr'><strong>quibus</strong></span> <span class='ocrx_word' id='word_1_764' title='bbox 2062 4773 2215 4813; x_wconf 67' lang='lat' dir='ltr'><strong>vetus</strong></span> <span class='ocrx_word' id='word_1_765' title='bbox 2237 4763 2320 4813; x_wconf 85' lang='lat' dir='ltr'><strong>in-</strong></span> 
     </span>
    </p>
   </div>
   <div class='ocr_carea' id='block_1_94' title="bbox 767 4851 2320 4924">
    <p class='ocr_par' dir='ltr' id='par_1_94' title="bbox 767 4851 2320 4924">
     <span class='ocr_line' id='line_1_94' title="bbox 767 4851 2320 4924; baseline -0.001 -17"><span class='ocrx_word' id='word_1_766' title='bbox 767 4855 1019 4924; x_wconf 81' lang='lat' dir='ltr'><strong>telligitur</strong></span> <span class='ocrx_word' id='word_1_767' title='bbox 1065 4862 1468 4918; x_wconf 88' lang='lat' dir='ltr'><strong>testamentum,</strong></span> <span class='ocrx_word' id='word_1_768' title='bbox 1511 4869 1652 4920; x_wconf 86' lang='lat' dir='ltr'><strong>spem</strong></span> <span class='ocrx_word' id='word_1_769' title='bbox 1698 4853 1980 4905; x_wconf 85' lang='lat' dir='ltr'><strong>habeamus</strong></span> <span class='ocrx_word' id='word_1_770' title='bbox 2004 4853 2070 4904; x_wconf 85' lang='lat'><strong>&quot;.</strong></span> <span class='ocrx_word' id='word_1_771' title='bbox 2118 4851 2320 4905; x_wconf 87' lang='lat' dir='ltr'><strong>Deinde</strong></span> 
     </span>
    </p>
   </div>
   <div class='ocr_carea' id='block_1_95' title="bbox 766 4943 2323 5012">
    <p class='ocr_par' dir='ltr' id='par_1_95' title="bbox 766 4943 2323 5012">
     <span class='ocr_line' id='line_1_95' title="bbox 766 4943 2323 5012; baseline -0.001 -15"><span class='ocrx_word' id='word_1_772' title='bbox 766 4959 952 4998; x_wconf 71' lang='lat' dir='ltr'><strong>rerum</strong></span> <span class='ocrx_word' id='word_1_773' title='bbox 994 4944 1160 4996; x_wconf 89' lang='lat' dir='ltr'><strong>Deum</strong></span> <span class='ocrx_word' id='word_1_774' title='bbox 1194 4943 1459 5012; x_wconf 80' lang='lat' dir='ltr'><strong>patientia:</strong></span> <span class='ocrx_word' id='word_1_775' title='bbox 1495 4955 1548 4996; x_wconf 91' lang='lat' dir='ltr'><strong>et</strong></span> <span class='ocrx_word' id='word_1_776' title='bbox 1579 4943 1961 4997; x_wconf 88' lang='lat' dir='ltr'><strong>consolationis</strong></span> <span class='ocrx_word' id='word_1_777' title='bbox 2007 4943 2173 4996; x_wconf 87' lang='lat' dir='ltr'><strong>Deum</strong></span> <span class='ocrx_word' id='word_1_778' title='bbox 2206 4959 2323 4996; x_wconf 89' lang='lat' dir='ltr'><strong>esse</strong></span> 
     </span>
    </p>
   </div>
   <div class='ocr_carea' id='block_1_96' title="bbox 767 5035 2323 5105">
    <p class='ocr_par' dir='ltr' id='par_1_96' title="bbox 767 5035 2323 5105">
     <span class='ocr_line' id='line_1_96' title="bbox 767 5035 2323 5105; baseline -0.002 -15"><span class='ocrx_word' id='word_1_779' title='bbox 767 5039 1182 5091; x_wconf 79' lang='lat' dir='ltr'><strong>conﬁrmaturus</strong></span> <span class='ocrx_word' id='word_1_780' title='bbox 1211 5037 1386 5105; x_wconf 89' lang='lat' dir='ltr'><strong>(absit</strong></span> <span class='ocrx_word' id='word_1_781' title='bbox 1415 5037 1579 5099; x_wconf 89' lang='lat' dir='ltr'><strong>enim,</strong></span> <span class='ocrx_word' id='word_1_782' title='bbox 1614 5046 1670 5088; x_wconf 92' lang='lat' dir='ltr'><strong>ut</strong></span> <span class='ocrx_word' id='word_1_783' title='bbox 1702 5035 1839 5088; x_wconf 76' lang='lat' dir='ltr'><strong>seni</strong></span> <span class='ocrx_word' id='word_1_784' title='bbox 1870 5035 1989 5088; x_wconf 84' lang='lat' dir='ltr'><strong>Mali</strong></span> <span class='ocrx_word' id='word_1_785' title='bbox 2017 5037 2150 5088; x_wconf 90' lang='lat' dir='ltr'><strong>adeo</strong></span> <span class='ocrx_word' id='word_1_786' title='bbox 2179 5037 2323 5088; x_wconf 80' lang='lat' dir='ltr'><strong>insa-</strong></span> 
     </span>
    </p>
   </div>
   <div class='ocr_carea' id='block_1_97' title="bbox 770 5125 2322 5193">
    <p class='ocr_par' dir='ltr' id='par_1_97' title="bbox 770 5125 2322 5193">
     <span class='ocr_line' id='line_1_97' title="bbox 770 5125 2322 5193; baseline -0.004 -11"><span class='ocrx_word' id='word_1_787' title='bbox 770 5130 940 5192; x_wconf 90' lang='lat' dir='ltr'><strong>niant,</strong></span> <span class='ocrx_word' id='word_1_788' title='bbox 1001 5138 1060 5182; x_wconf 91' lang='lat' dir='ltr'><strong>ut</strong></span> <span class='ocrx_word' id='word_1_789' title='bbox 1087 5128 1291 5181; x_wconf 88' lang='lat' dir='ltr'><strong>hostem</strong></span> <span class='ocrx_word' id='word_1_790' title='bbox 1323 5127 1492 5179; x_wconf 91' lang='lat' dir='ltr'><strong>Deum</strong></span> <span class='ocrx_word' id='word_1_791' title='bbox 1523 5126 1908 5178; x_wconf 81' lang='lat' dir='ltr'><strong>consolationis</strong></span> <span class='ocrx_word' id='word_1_792' title='bbox 1940 5135 1991 5176; x_wconf 73' lang='lat' dir='ltr'><strong>ct</strong></span> <span class='ocrx_word' id='word_1_793' title='bbox 2052 5125 2322 5193; x_wconf 71' lang='lat' dir='ltr'><strong>patientia:</strong></span> 
     </span>
    </p>
   </div>
   <div class='ocr_carea' id='block_1_98' title="bbox 771 5215 2324 5289">
    <p class='ocr_par' dir='ltr' id='par_1_98' title="bbox 771 5215 2324 5289">
     <span class='ocr_line' id='line_1_98' title="bbox 771 5215 2324 5289; baseline -0.005 -17"><span class='ocrx_word' id='word_1_794' title='bbox 771 5221 1082 5289; x_wconf 85' lang='lat' dir='ltr'><strong>appellent),</strong></span> <span class='ocrx_word' id='word_1_795' title='bbox 1115 5220 1260 5272; x_wconf 83' lang='lat' dir='ltr'><strong>addit</strong></span> <span class='ocrx_word' id='word_1_796' title='bbox 1285 5237 1296 5270; x_wconf 90' lang='lat'><strong>:</strong></span> <span class='ocrx_word' id='word_1_797' title='bbox 1331 5219 1468 5270; x_wconf 89' lang='lat' dir='ltr'><strong>Deus</strong></span> <span class='ocrx_word' id='word_1_798' title='bbox 1491 5234 1606 5269; x_wconf 87' lang='lat' dir='ltr'><strong>vero</strong></span> <span class='ocrx_word' id='word_1_799' title='bbox 1635 5217 1900 5282; x_wconf 78' lang='lat' dir='ltr'><strong>patientia:</strong></span> <span class='ocrx_word' id='word_1_800' title='bbox 1923 5226 1969 5268; x_wconf 89' lang='lat' dir='ltr'><strong>ct</strong></span> <span class='ocrx_word' id='word_1_801' title='bbox 1999 5215 2324 5268; x_wconf 84' lang='lat' dir='ltr'><strong>consolatio-</strong></span> 
     </span>
    </p>
   </div>
   <div class='ocr_carea' id='block_1_99' title="bbox 774 5308 2325 5374">
    <p class='ocr_par' dir='ltr' id='par_1_99' title="bbox 774 5308 2325 5374">
     <span class='ocr_line' id='line_1_99' title="bbox 774 5308 2325 5374; baseline 0.001 -16"><span class='ocrx_word' id='word_1_802' title='bbox 774 5308 851 5358; x_wconf 86' lang='lat' dir='ltr'><strong>nis</strong></span> <span class='ocrx_word' id='word_1_803' title='bbox 871 5309 951 5360; x_wconf 87' lang='lat' dir='ltr'><strong>det</strong></span> <span class='ocrx_word' id='word_1_804' title='bbox 974 5308 1130 5370; x_wconf 83' lang='lat' dir='ltr'><strong>vobis,</strong></span> <span class='ocrx_word' id='word_1_805' title='bbox 1157 5319 1210 5360; x_wconf 87' lang='lat' dir='ltr'><strong>ut</strong></span> <span class='ocrx_word' id='word_1_806' title='bbox 1254 5309 1386 5360; x_wconf 87' lang='lat' dir='ltr'><strong>idem</strong></span> <span class='ocrx_word' id='word_1_807' title='bbox 1439 5311 1575 5361; x_wconf 89' lang='lat' dir='ltr'><strong>inter</strong></span> <span class='ocrx_word' id='word_1_808' title='bbox 1631 5326 1714 5362; x_wconf 80' lang='lat' dir='ltr'><strong>vos</strong></span> <span class='ocrx_word' id='word_1_809' title='bbox 1754 5312 2012 5374; x_wconf 88' lang='lat' dir='ltr'><strong>sentiatis,</strong></span> <span class='ocrx_word' id='word_1_810' title='bbox 2047 5312 2325 5363; x_wconf 87' lang='lat' dir='ltr'><strong>secundum</strong></span> 
     </span>
    </p>
   </div>
   <div class='ocr_carea' id='block_1_100' title="bbox 775 5397 2328 5462">
    <p class='ocr_par' dir='ltr' id='par_1_100' title="bbox 775 5397 2328 5462">
     <span class='ocr_line' id='line_1_100' title="bbox 775 5397 2328 5462; baseline 0 -12"><span class='ocrx_word' id='word_1_811' title='bbox 775 5397 1036 5450; x_wconf 83' lang='lat' dir='ltr'><strong>Christum</strong></span> <span class='ocrx_word' id='word_1_812' title='bbox 1082 5397 1282 5462; x_wconf 87' lang='lat' dir='ltr'><strong>Jcsum,</strong></span> <span class='ocrx_word' id='word_1_813' title='bbox 1315 5409 1368 5450; x_wconf 90' lang='lat' dir='ltr'><strong>ut</strong></span> <span class='ocrx_word' id='word_1_814' title='bbox 1417 5415 1516 5451; x_wconf 89' lang='lat' dir='ltr'><strong>uno</strong></span> <span class='ocrx_word' id='word_1_815' title='bbox 1542 5400 1720 5452; x_wconf 84' lang='lat' dir='ltr'><strong>animo</strong></span> <span class='ocrx_word' id='word_1_816' title='bbox 1761 5411 1810 5452; x_wconf 89' lang='lat' dir='ltr'><strong>et</strong></span> <span class='ocrx_word' id='word_1_817' title='bbox 1856 5417 1956 5452; x_wconf 89' lang='lat' dir='ltr'><strong>uno</strong></span> <span class='ocrx_word' id='word_1_818' title='bbox 1977 5417 2063 5453; x_wconf 89' lang='lat' dir='ltr'><strong>ore</strong></span> <span class='ocrx_word' id='word_1_819' title='bbox 2105 5401 2328 5453; x_wconf 84' lang='lat' dir='ltr'><strong>laudetis</strong></span> 
     </span>
    </p>
   </div>
   <div class='ocr_carea' id='block_1_101' title="bbox 843 5533 1987 5656">
    <p class='ocr_par' dir='ltr' id='par_1_101' title="bbox 843 5533 1987 5656">
     <span class='ocr_line' id='line_1_101' title="bbox 843 5533 1987 5656; baseline 0.003 -72"><span class='ocrx_word' id='word_1_820' title='bbox 843 5533 1214 5656; x_wconf 54' lang='lat' dir='ltr'><strong>&quot;“liomJt.</strong></span> <span class='ocrx_word' id='word_1_821' title='bbox 1258 5535 1308 5587; x_wconf 74' lang='grc' dir='ltr'>ι.</span> <span class='ocrx_word' id='word_1_822' title='bbox 1386 5535 1430 5567; x_wconf 75' lang='grc' dir='ltr'><strong>η</strong></span> <span class='ocrx_word' id='word_1_823' title='bbox 1461 5534 1589 5588; x_wconf 90' lang='lat' dir='ltr'><strong>ibid.</strong></span> <span class='ocrx_word' id='word_1_824' title='bbox 1665 5535 1860 5589; x_wconf 71' lang='lat' dir='ltr'><strong>“ibid.</strong></span> <span class='ocrx_word' id='word_1_825' title='bbox 1906 5535 1987 5588; x_wconf 78' lang='lat' dir='ltr'><strong>te.</strong></span> 
     </span>
    </p>
   </div>
   <div class='ocr_carea' id='block_1_102' title="bbox 780 5619 942 5669">
    <p class='ocr_par' dir='ltr' id='par_1_102' title="bbox 780 5619 942 5669">
     <span class='ocr_line' id='line_1_102' title="bbox 780 5619 942 5669; baseline -0.019 -11"><span class='ocrx_word' id='word_1_826' title='bbox 780 5619 864 5669; x_wconf 75' lang='lat' dir='ltr'><strong>xv,</strong></span> <span class='ocrx_word' id='word_1_827' title='bbox 891 5619 942 5656; x_wconf 69' lang='lat'><strong>4.</strong></span> 
     </span>
    </p>
   </div>
   <div class='ocr_carea' id='block_1_103' title="bbox 2066 5523 2797 5587">
    <p class='ocr_par' dir='ltr' id='par_1_103' title="bbox 2066 5523 2797 5587">
     <span class='ocr_line' id='line_1_103' title="bbox 2066 5523 2797 5587; baseline -0.022 2"><span class='ocrx_word' id='word_1_828' title='bbox 2066 5537 2110 5566; x_wconf 80' lang='lat'>”</span> <span class='ocrx_word' id='word_1_829' title='bbox 2153 5535 2281 5587; x_wconf 88' lang='lat' dir='ltr'><strong>ibid.</strong></span> <span class='ocrx_word' id='word_1_830' title='bbox 2310 5532 2391 5585; x_wconf 79' lang='grc'><strong>18.</strong></span> <span class='ocrx_word' id='word_1_831' title='bbox 2469 5528 2514 5560; x_wconf 79' lang='grc'><strong>⁵⁸</strong></span> <span class='ocrx_word' id='word_1_832' title='bbox 2542 5525 2672 5579; x_wconf 89' lang='lat' dir='ltr'><strong>ibid.</strong></span> <span class='ocrx_word' id='word_1_833' title='bbox 2707 5523 2797 5575; x_wconf 67' lang='lat'><strong>22.</strong></span> 
     </span>
    </p>
   </div>
   <div class='ocr_carea' id='block_1_104' title="bbox 2430 4483 3980 4561">
    <p class='ocr_par' dir='ltr' id='par_1_104' title="bbox 2430 4483 3980 4561">
     <span class='ocr_line' id='line_1_104' title="bbox 2430 4483 3980 4561; baseline -0.007 -15"><span class='ocrx_word' id='word_1_834' title='bbox 2430 4489 2864 4561; x_wconf 80' lang='grc' dir='ltr'>Ἀμεταμέλητα</span> <span class='ocrx_word' id='word_1_835' title='bbox 2916 4485 3058 4554; x_wconf 75' lang='grc' dir='ltr'>γὰρ,</span> <span class='ocrx_word' id='word_1_836' title='bbox 3103 4483 3258 4552; x_wconf 74' lang='grc' dir='ltr'>φησὶ,</span> <span class='ocrx_word' id='word_1_837' title='bbox 3306 4489 3377 4536; x_wconf 84' lang='grc' dir='ltr'><strong>τὰ</strong></span> <span class='ocrx_word' id='word_1_838' title='bbox 3420 4485 3757 4552; x_wconf 84' lang='grc' dir='ltr'>χαρίσματα</span> <span class='ocrx_word' id='word_1_839' title='bbox 3796 4483 3894 4535; x_wconf 79' lang='grc' dir='ltr'><strong>καί</strong></span> <span class='ocrx_word' id='word_1_840' title='bbox 3945 4487 3980 4548; x_wconf 76' lang='grc' dir='ltr'>ἡ</span> 
     </span>
    </p>
   </div>
   <div class='ocr_carea' id='block_1_105' title="bbox 2417 4573 3982 4652">
    <p class='ocr_par' dir='ltr' id='par_1_105' title="bbox 2417 4573 3982 4652">
     <span class='ocr_line' id='line_1_105' title="bbox 2417 4573 3982 4652; baseline -0.019 -11"><span class='ocrx_word' id='word_1_841' title='bbox 2417 4585 2637 4652; x_wconf 79' lang='grc' dir='ltr'>κλῆσις</span> <span class='ocrx_word' id='word_1_842' title='bbox 2659 4579 2762 4632; x_wconf 86' lang='grc' dir='ltr'><strong>τοῦ</strong></span> <span class='ocrx_word' id='word_1_843' title='bbox 2788 4577 2954 4629; x_wconf 85' lang='grc' dir='ltr'>Θεοῦ.</span> <span class='ocrx_word' id='word_1_844' title='bbox 2999 4575 3106 4628; x_wconf 79' lang='grc' dir='ltr'>Καί</span> <span class='ocrx_word' id='word_1_845' title='bbox 3132 4592 3142 4603; x_wconf 77' lang='grc'><strong><em>⁸</em></strong></span> <span class='ocrx_word' id='word_1_846' title='bbox 3179 4573 3726 4642; x_wconf 61' lang='grc' dir='ltr'>ὀσαιπροεγράρη,</span> <span class='ocrx_word' id='word_1_847' title='bbox 3751 4575 3837 4637; x_wconf 76' lang='grc' dir='ltr'>εις</span> <span class='ocrx_word' id='word_1_848' title='bbox 3869 4575 3982 4639; x_wconf 73' lang='grc' dir='ltr'><strong>τὴν</strong></span> 
     </span>
    </p>
   </div>
   <div class='ocr_carea' id='block_1_106' title="bbox 2418 4663 3983 4744">
    <p class='ocr_par' dir='ltr' id='par_1_106' title="bbox 2418 4663 3983 4744">
     <span class='ocr_line' id='line_1_106' title="bbox 2418 4663 3983 4744; baseline -0.008 -15"><span class='ocrx_word' id='word_1_849' title='bbox 2418 4673 2704 4744; x_wconf 72' lang='grc' dir='ltr'>ἡμετέραν</span> <span class='ocrx_word' id='word_1_850' title='bbox 2730 4667 3128 4720; x_wconf 77' lang='grc' dir='ltr'>διδασκαλίαν</span> <span class='ocrx_word' id='word_1_851' title='bbox 3152 4663 3489 4732; x_wconf 57' lang='grc' dir='ltr'>προεγράφη</span> <span class='ocrx_word' id='word_1_852' title='bbox 3513 4681 3523 4692; x_wconf 78' lang='lat'>&#39;</span> <span class='ocrx_word' id='word_1_853' title='bbox 3551 4665 3690 4716; x_wconf 87' lang='grc' dir='ltr'>διατί</span> <span class='ocrx_word' id='word_1_854' title='bbox 3713 4681 3726 4727; x_wconf 78' lang='grc' dir='ltr'><strong>ς</strong></span> <span class='ocrx_word' id='word_1_855' title='bbox 3758 4666 3856 4715; x_wconf 79' lang='grc' dir='ltr'>ἵνα</span> <span class='ocrx_word' id='word_1_856' title='bbox 3887 4665 3983 4717; x_wconf 77' lang='grc' dir='ltr'>διὰ</span> 
     </span>
    </p>
   </div>
   <div class='ocr_carea' id='block_1_107' title="bbox 2417 4753 3983 4835">
    <p class='ocr_par' dir='ltr' id='par_1_107' title="bbox 2417 4753 3983 4835">
     <span class='ocr_line' id='line_1_107' title="bbox 2417 4753 3983 4835; baseline -0.01 -14"><span class='ocrx_word' id='word_1_857' title='bbox 2417 4767 2526 4835; x_wconf 83' lang='grc' dir='ltr'>τῆς</span> <span class='ocrx_word' id='word_1_858' title='bbox 2573 4758 2882 4830; x_wconf 72' lang='grc' dir='ltr'>ὑπομονῆς</span> <span class='ocrx_word' id='word_1_859' title='bbox 2924 4756 3020 4809; x_wconf 76' lang='grc' dir='ltr'><strong>καί</strong></span> <span class='ocrx_word' id='word_1_860' title='bbox 3054 4755 3159 4823; x_wconf 80' lang='grc' dir='ltr'>τῆς</span> <span class='ocrx_word' id='word_1_861' title='bbox 3199 4753 3634 4821; x_wconf 75' lang='grc' dir='ltr'>παρακλήσεως</span> <span class='ocrx_word' id='word_1_862' title='bbox 3676 4753 3794 4806; x_wconf 86' lang='grc' dir='ltr'>τῶν</span> <span class='ocrx_word' id='word_1_863' title='bbox 3835 4756 3983 4819; x_wconf 83' lang='grc' dir='ltr'>Γρα-</span> 
     </span>
    </p>
   </div>
   <div class='ocr_carea' id='block_1_108' title="bbox 2425 4842 3981 4927">
    <p class='ocr_par' dir='ltr' id='par_1_108' title="bbox 2425 4842 3981 4927">
     <span class='ocr_line' id='line_1_108' title="bbox 2425 4842 3981 4927; baseline -0.008 -19"><span class='ocrx_word' id='word_1_864' title='bbox 2425 4857 2572 4927; x_wconf 67' lang='grc' dir='ltr'>φῶν,</span> <span class='ocrx_word' id='word_1_865' title='bbox 2610 4854 2642 4906; x_wconf 82' lang='grc' dir='ltr'><strong>ἆ</strong></span> <span class='ocrx_word' id='word_1_866' title='bbox 2685 4852 2878 4917; x_wconf 84' lang='grc' dir='ltr'>ἐστινὴ</span> <span class='ocrx_word' id='word_1_867' title='bbox 2913 4848 3144 4912; x_wconf 78' lang='grc' dir='ltr'>Παλαιὰ,</span> <span class='ocrx_word' id='word_1_868' title='bbox 3174 4847 3286 4912; x_wconf 77' lang='grc' dir='ltr'>τὴν</span> <span class='ocrx_word' id='word_1_869' title='bbox 3313 4845 3530 4897; x_wconf 77' lang='grc' dir='ltr'>ἐλπίδα</span> <span class='ocrx_word' id='word_1_870' title='bbox 3563 4845 3810 4912; x_wconf 79' lang='grc' dir='ltr'>ἔχωμεν.</span> <span class='ocrx_word' id='word_1_871' title='bbox 3855 4842 3981 4896; x_wconf 74' lang='grc' dir='ltr'>Εἶτα</span> 
     </span>
    </p>
   </div>
   <div class='ocr_carea' id='block_1_109' title="bbox 2425 4931 3983 5014">
    <p class='ocr_par' dir='ltr' id='par_1_109' title="bbox 2425 4931 3983 5014">
     <span class='ocr_line' id='line_1_109' title="bbox 2425 4931 3983 5014; baseline -0.006 -23"><span class='ocrx_word' id='word_1_872' title='bbox 2425 4946 2523 5014; x_wconf 74' lang='grc' dir='ltr'><strong>τῆς</strong></span> <span class='ocrx_word' id='word_1_873' title='bbox 2547 4939 2820 5009; x_wconf 70' lang='grc' dir='ltr'>ὑπομονῆς</span> <span class='ocrx_word' id='word_1_874' title='bbox 2851 4936 2944 4988; x_wconf 79' lang='grc' dir='ltr'>καὶ</span> <span class='ocrx_word' id='word_1_875' title='bbox 2969 4935 3063 5002; x_wconf 85' lang='grc' dir='ltr'><strong>τῆς</strong></span> <span class='ocrx_word' id='word_1_876' title='bbox 3097 4933 3490 5003; x_wconf 82' lang='grc' dir='ltr'>παρακλήσεως</span> <span class='ocrx_word' id='word_1_877' title='bbox 3510 4931 3638 4982; x_wconf 80' lang='grc' dir='ltr'>Θεὸν</span> <span class='ocrx_word' id='word_1_878' title='bbox 3677 4931 3983 4999; x_wconf 82' lang='grc' dir='ltr'>ἀνακηρύτ-</span> 
     </span>
    </p>
   </div>
   <div class='ocr_carea' id='block_1_110' title="bbox 2428 5021 3985 5098">
    <p class='ocr_par' dir='ltr' id='par_1_110' title="bbox 2428 5021 3985 5098">
     <span class='ocr_line' id='line_1_110' title="bbox 2428 5021 3985 5098; baseline -0.013 -9"><span class='ocrx_word' id='word_1_879' title='bbox 2428 5055 2530 5090; x_wconf 85' lang='grc' dir='ltr'><strong>των</strong></span> <span class='ocrx_word' id='word_1_880' title='bbox 2553 5034 2640 5084; x_wconf 82' lang='grc' dir='ltr'><strong>τὸν</strong></span> <span class='ocrx_word' id='word_1_881' title='bbox 2669 5030 2919 5098; x_wconf 74' lang='grc' dir='ltr'>ἀληθινὸν</span> <span class='ocrx_word' id='word_1_882' title='bbox 2943 5025 3071 5077; x_wconf 76' lang='grc' dir='ltr'>Θεὸν</span> <span class='ocrx_word' id='word_1_883' title='bbox 3109 5024 3186 5092; x_wconf 87' lang='grc' dir='ltr'>(ού</span> <span class='ocrx_word' id='word_1_884' title='bbox 3217 5024 3322 5092; x_wconf 76' lang='grc' dir='ltr'><strong>γάρ</strong></span> <span class='ocrx_word' id='word_1_885' title='bbox 3347 5022 3410 5074; x_wconf 83' lang='grc' dir='ltr'><strong>ἂν</strong></span> <span class='ocrx_word' id='word_1_886' title='bbox 3436 5021 3519 5090; x_wconf 88' lang='grc' dir='ltr'><strong>εῖη</strong></span> <span class='ocrx_word' id='word_1_887' title='bbox 3549 5022 3680 5081; x_wconf 73' lang='grc' dir='ltr'>Θεὸς</span> <span class='ocrx_word' id='word_1_888' title='bbox 3701 5022 3985 5090; x_wconf 75' lang='grc' dir='ltr'>παρακλή-</span> 
     </span>
    </p>
   </div>
   <div class='ocr_carea' id='block_1_111' title="bbox 2427 5111 3984 5187">
    <p class='ocr_par' dir='ltr' id='par_1_111' title="bbox 2427 5111 3984 5187">
     <span class='ocr_line' id='line_1_111' title="bbox 2427 5111 3984 5187; baseline -0.01 -9"><span class='ocrx_word' id='word_1_889' title='bbox 2427 5142 2562 5187; x_wconf 90' lang='grc' dir='ltr'>σεως</span> <span class='ocrx_word' id='word_1_890' title='bbox 2593 5122 2683 5174; x_wconf 72' lang='grc' dir='ltr'><strong>καὶ</strong></span> <span class='ocrx_word' id='word_1_891' title='bbox 2716 5117 2987 5186; x_wconf 77' lang='grc' dir='ltr'>ὑπομονῆς</span> <span class='ocrx_word' id='word_1_892' title='bbox 3009 5157 3022 5180; x_wconf 94' lang='grc'><strong>,</strong></span> <span class='ocrx_word' id='word_1_893' title='bbox 3055 5115 3164 5166; x_wconf 79' lang='grc' dir='ltr'>οὐδ’</span> <span class='ocrx_word' id='word_1_894' title='bbox 3194 5115 3259 5164; x_wconf 87' lang='grc' dir='ltr'><strong>ἂν</strong></span> <span class='ocrx_word' id='word_1_895' title='bbox 3290 5113 3445 5164; x_wconf 82' lang='grc' dir='ltr'>πλέον</span> <span class='ocrx_word' id='word_1_896' title='bbox 3483 5115 3764 5178; x_wconf 86' lang='grc' dir='ltr'>ἐκμανοῖεν</span> <span class='ocrx_word' id='word_1_897' title='bbox 3811 5114 3858 5162; x_wconf 76' lang='lat' dir='ltr'><strong>oi</strong></span> <span class='ocrx_word' id='word_1_898' title='bbox 3892 5111 3984 5164; x_wconf 90' lang='grc' dir='ltr'><strong>τοῦ</strong></span> 
     </span>
    </p>
   </div>
   <div class='ocr_carea' id='block_1_112' title="bbox 2429 5201 3983 5282">
    <p class='ocr_par' dir='ltr' id='par_1_112' title="bbox 2429 5201 3983 5282">
     <span class='ocr_line' id='line_1_112' title="bbox 2429 5201 3983 5282; baseline -0.01 -16"><span class='ocrx_word' id='word_1_899' title='bbox 2429 5211 2670 5282; x_wconf 85' lang='grc' dir='ltr'>Πονηροῦ</span> <span class='ocrx_word' id='word_1_900' title='bbox 2703 5206 3097 5280; x_wconf 84' lang='grc' dir='ltr'>οεράποντες,ὁ</span> <span class='ocrx_word' id='word_1_901' title='bbox 3137 5202 3396 5274; x_wconf 80' lang='grc' dir='ltr'>Ἐχθρὸς),</span> <span class='ocrx_word' id='word_1_902' title='bbox 3436 5202 3496 5254; x_wconf 89' lang='grc' dir='ltr'><em>Ὀ</em></span> <span class='ocrx_word' id='word_1_903' title='bbox 3530 5201 3597 5252; x_wconf 88' lang='grc' dir='ltr'>δὲ</span> <span class='ocrx_word' id='word_1_904' title='bbox 3632 5202 3793 5266; x_wconf 83' lang='grc' dir='ltr'>Θεὸς,</span> <span class='ocrx_word' id='word_1_905' title='bbox 3829 5203 3983 5268; x_wconf 66' lang='grc' dir='ltr'>φησι,</span> 
     </span>
    </p>
   </div>
   <div class='ocr_carea' id='block_1_113' title="bbox 2433 5290 3985 5371">
    <p class='ocr_par' dir='ltr' id='par_1_113' title="bbox 2433 5290 3985 5371">
     <span class='ocr_line' id='line_1_113' title="bbox 2433 5290 3985 5371; baseline -0.011 -12"><span class='ocrx_word' id='word_1_906' title='bbox 2433 5304 2539 5371; x_wconf 79' lang='grc' dir='ltr'>τῆς</span> <span class='ocrx_word' id='word_1_907' title='bbox 2563 5297 2872 5369; x_wconf 83' lang='grc' dir='ltr'>ὑπομονῆς</span> <span class='ocrx_word' id='word_1_908' title='bbox 2902 5296 2998 5348; x_wconf 77' lang='grc' dir='ltr'><strong>καί</strong></span> <span class='ocrx_word' id='word_1_909' title='bbox 3035 5293 3145 5362; x_wconf 87' lang='grc' dir='ltr'>τῆς</span> <span class='ocrx_word' id='word_1_910' title='bbox 3183 5293 3616 5362; x_wconf 75' lang='grc' dir='ltr'>παρακλήσεως</span> <span class='ocrx_word' id='word_1_911' title='bbox 3658 5290 3777 5360; x_wconf 78' lang='grc' dir='ltr'>δῴη</span> <span class='ocrx_word' id='word_1_912' title='bbox 3810 5291 3985 5359; x_wconf 76' lang='grc' dir='ltr'>ὑμῖν,</span> 
     </span>
    </p>
   </div>
   <div class='ocr_carea' id='block_1_114' title="bbox 2435 5379 3990 5456">
    <p class='ocr_par' dir='ltr' id='par_1_114' title="bbox 2435 5379 3990 5456">
     <span class='ocr_line' id='line_1_114' title="bbox 2435 5379 3990 5456; baseline -0.012 -8"><span class='ocrx_word' id='word_1_913' title='bbox 2435 5395 2500 5448; x_wconf 85' lang='grc' dir='ltr'>τὸ</span> <span class='ocrx_word' id='word_1_914' title='bbox 2556 5392 2699 5445; x_wconf 80' lang='grc' dir='ltr'>αὐτὸ</span> <span class='ocrx_word' id='word_1_915' title='bbox 2747 5385 2988 5456; x_wconf 69' lang='grc' dir='ltr'>φρονεῖν</span> <span class='ocrx_word' id='word_1_916' title='bbox 3038 5384 3107 5437; x_wconf 84' lang='grc' dir='ltr'><strong>ἐν</strong></span> <span class='ocrx_word' id='word_1_917' title='bbox 3153 5383 3474 5447; x_wconf 81' lang='grc' dir='ltr'>ἀλλήλοις,</span> <span class='ocrx_word' id='word_1_918' title='bbox 3532 5381 3680 5434; x_wconf 79' lang='grc' dir='ltr'>κατὰ</span> <span class='ocrx_word' id='word_1_919' title='bbox 3729 5379 3990 5446; x_wconf 79' lang='grc' dir='ltr'>Χριστὸν</span> 
     </span>
    </p>
   </div>
   <div class='ocr_carea' id='block_1_115' title="bbox 2872 5509 3985 5572">
    <p class='ocr_par' dir='ltr' id='par_1_115' title="bbox 2872 5509 3985 5572">
     <span class='ocr_line' id='line_1_115' title="bbox 2872 5509 3985 5572; baseline -0.012 1"><span class='ocrx_word' id='word_1_920' title='bbox 2872 5521 2916 5551; x_wconf 87' lang='grc'><strong>⁸⁷</strong></span> <span class='ocrx_word' id='word_1_921' title='bbox 2957 5519 3084 5572; x_wconf 66' lang='lat' dir='ltr'><strong>ibid.</strong></span> <span class='ocrx_word' id='word_1_922' title='bbox 3119 5517 3208 5570; x_wconf 69' lang='lat'><strong>28.</strong></span> <span class='ocrx_word' id='word_1_923' title='bbox 3287 5518 3330 5549; x_wconf 85' lang='grc'><strong>⁵³</strong></span> <span class='ocrx_word' id='word_1_924' title='bbox 3390 5514 3516 5569; x_wconf 88' lang='lat' dir='ltr'><strong>ibid.</strong></span> <span class='ocrx_word' id='word_1_925' title='bbox 3550 5512 3640 5567; x_wconf 72' lang='lat'><strong>29.</strong></span> <span class='ocrx_word' id='word_1_926' title='bbox 3702 5511 3746 5542; x_wconf 73' lang='grc'>⁵³</span> <span class='ocrx_word' id='word_1_927' title='bbox 3826 5509 3985 5562; x_wconf 82' lang='lat' dir='ltr'><strong>Rom.</strong></span> 
     </span>
    </p>
   </div>
   <div class='ocr_carea' id='block_1_116' title="bbox 1846 5659 2893 5722">
    <p class='ocr_par' dir='ltr' id='par_1_116' title="bbox 1846 5659 2893 5722">
     <span class='ocr_line' id='line_1_116' title="bbox 1846 5659 2893 5722; baseline -0.008 -2"><span class='ocrx_word' id='word_1_928' title='bbox 1846 5668 2077 5721; x_wconf 68' lang='lat' dir='ltr'><strong>VARI/Ii</strong></span> <span class='ocrx_word' id='word_1_929' title='bbox 2120 5665 2498 5722; x_wconf 76' lang='lat' dir='ltr'><strong>LECTIONES</strong></span> <span class='ocrx_word' id='word_1_930' title='bbox 2537 5665 2621 5716; x_wconf 85' lang='lat' dir='ltr'><strong>ET</strong></span> <span class='ocrx_word' id='word_1_931' title='bbox 2663 5659 2893 5715; x_wconf 66' lang='grc' dir='ltr'><strong>ΝΟΤίΕ.</strong></span> 
     </span>
    </p>
   </div>
   <div class='ocr_carea' id='block_1_117' title="bbox 856 5753 2523 5833">
    <p class='ocr_par' dir='ltr' id='par_1_117' title="bbox 856 5763 2523 5833">
     <span class='ocr_line' id='line_1_117' title="bbox 856 5763 2523 5833; baseline -0.001 -16"><span class='ocrx_word' id='word_1_932' title='bbox 856 5767 966 5833; x_wconf 85' lang='lat'><strong>(6|)</strong></span> <span class='ocrx_word' id='word_1_933' title='bbox 995 5767 1268 5832; x_wconf 67' lang='lat' dir='ltr'><strong>&#39;E‘xtia&#39;rtp.</strong></span> <span class='ocrx_word' id='word_1_934' title='bbox 1296 5765 1452 5820; x_wconf 80' lang='lat' dir='ltr'><strong>Forte</strong></span> <span class='ocrx_word' id='word_1_935' title='bbox 1480 5765 1566 5819; x_wconf 87' lang='lat' dir='ltr'><strong>hic</strong></span> <span class='ocrx_word' id='word_1_936' title='bbox 1583 5766 1778 5819; x_wconf 77' lang='lat' dir='ltr'><strong>excidit</strong></span> <span class='ocrx_word' id='word_1_937' title='bbox 1803 5767 1848 5829; x_wconf 73' lang='grc' dir='ltr'>ὃ,</span> <span class='ocrx_word' id='word_1_938' title='bbox 1869 5765 2089 5833; x_wconf 83' lang='lat' dir='ltr'><strong>quotlad</strong></span> <span class='ocrx_word' id='word_1_939' title='bbox 2120 5781 2336 5818; x_wconf 77' lang='lat' dir='ltr'><strong>sensum</strong></span> <span class='ocrx_word' id='word_1_940' title='bbox 2369 5763 2523 5832; x_wconf 80' lang='lat' dir='ltr'><strong>imple</strong></span> 
     </span>
    </p>
   </div>
   <div class='ocr_carea' id='block_1_118' title="bbox 1518 5753 3185 5833">
    <p class='ocr_par' dir='ltr' id='par_1_118' title="bbox 1521 5753 3185 5833">
     <span class='ocr_line' id='line_1_118' title="bbox 1521 5753 3185 5833; baseline -0.01 -15"><span class='ocrx_word' id='word_1_941' title='bbox 1521 5765 1778 5819; x_wconf 78' lang='lat' dir='ltr'><strong>icexcidit</strong></span> <span class='ocrx_word' id='word_1_942' title='bbox 1803 5765 2089 5833; x_wconf 65' lang='lat' dir='ltr'><strong>6,quotlad</strong></span> <span class='ocrx_word' id='word_1_943' title='bbox 2120 5781 2336 5818; x_wconf 76' lang='lat' dir='ltr'><strong>sensum</strong></span> <span class='ocrx_word' id='word_1_944' title='bbox 2369 5763 2697 5832; x_wconf 80' lang='lat' dir='ltr'><strong>implendum</strong></span> <span class='ocrx_word' id='word_1_945' title='bbox 2730 5755 2923 5824; x_wconf 86' lang='lat' dir='ltr'><strong>tequiri</strong></span> <span class='ocrx_word' id='word_1_946' title='bbox 2957 5753 3185 5806; x_wconf 75' lang='lat' dir='ltr'><strong>\idetur.</strong></span> 
     </span>
    </p>
   </div>
  </div>
