4222 6432
230 395 327 459 161

1213 395 1508 456 CONTRA
1548 391 2003 453 MANICHEOS
2036 390 2265 451 LIBER
2305 390 2418 451 IIl.

3360 399 3459 464 182

243 513 509 582 Ἰησοῦν,
536 514 635 568 ινα
658 512 1035 584 ὁμοθυμαδὸν
1058 512 1128 567 ἐν
1146 512 1236 566 ἐνί
1261 513 1510 579 στόματι
1533 510 1812 575 δοξάζητε
1839 513 1879 571 Α

1839 513 1888 571 Α
1915 506 2136 561 Patrem
2162 506 2373 560 Domini
2392 505 2555 559 nostri
2565 503 2691 559 Jesu
2710 504 2898 562 Christi
2918 507 2980 558 ".
2995 505 3110 563 Non
3130 509 3294 564 alium
3308 520 3469 582 atque

231 605 341 656 τὸν
382 603 613 669 Πατέρα
655 605 763 657 τοῦ
811 604 1031 670 Κυρίου
1070 601 1241 671 ἡμῶν
1279 601 1482 666 Ἰησοῦ
1520 598 1803 667 Χριστοῦ.

232 696 348 747 Οὐχ
381 696 541 748 ἀλλον
590 696 682 746 καὶ
720 695 914 756 ἄλλον,
950 694 1085 747 ἀλλά
1124 694 1214 746 τὸν
1259 693 1807 762 προκαταγγείλαντα

234 786 336 854 μὲν
374 786 474 855 τὴν
497 786 707 839 ἐλευσιν
740 785 835 839 τοῦ
873 786 1002 838 Υίοῦ
1022 826 1037 850 ,
1069 785 1421 856 παρασχόντα
1450 786 1505 838 δὲ
1534 786 1636 847 τάς
1661 786 1807 853 Γρα-

232 878 360 943 φάς,
393 877 697 930 καλέσαντα
719 878 776 930 δὲ
807 880 885 940 είς
910 877 1125 947 τὴνιτοῦ
1154 876 1285 930 Υίοῦ
1311 876 1475 930 αὑτοῦ
1496 877 1699 938 πίστιν,
1717 875 1807 927 τὸν

232 968 334 1035 τῆς
361 970 767 1038 παρακλήσεως
796 971 888 1022 καὶ
930 970 1206 1039 ὑπομονῆς
1240 970 1393 1034 Θεὸν,
1426 969 1518 1021 τὸν
1540 968 1641 1037 τῆς
1674 970 1805 1037 ὁμο-

234 1058 511 1127 φροσύνης
562 1059 795 1129 δοτῆρα,
842 1052 904 1113 οῦ
941 1062 1021 1124 είς
1071 1060 1228 1127 δόξαν
1270 1060 1603 1130 προσέλαϐεν
1659 1060 1807 1128 ἡμᾶς

230 1152 261 1202 6
313 1151 588 1220 Χριστὸς,
617 1151 864 1214 διάκονος
920 1152 1287 1221 γεγενημένος
1334 1153 1433 1221 τῆς
1481 1150 1804 1220 περιτομῆς.

247 1241 334 1292 Ἐν
387 1240 570 1303 ἀλλοις
620 1240 675 1293 δὲ
713 1242 876 1295 πάλιν
919 1242 1115 1309 φησίν·
1162 1240 1667 1308 Περιτετμημένος
1720 1255 1809 1303 τις

233 1331 506 1396 sanan,-
557 1330 641 1399 μὴ
706 1330 1095 1383 ἐπισπάσθω·
1164 1329 1233 1381 ἐν
1289 1330 1655 1396 ἀκροϐυστίᾳ
1718 1345 1807 1392 τις

234 1421 496 1488 ἐκλήθη;
525 1423 611 1489 μὴ
660 1422 1126 1489 περιτεμνέσθω·
1190 1420 1229 1486 ή
1285 1419 1571 1489 περιτομὴ
1630 1418 1809 1472 οὐδέν

232 1511 362 1563 ἐστι
386 1527 399 1539 ·
436 1512 532 1562 καὶ
576 1511 612 1575 ὴ
638 1512 1023 1579 ζάκροϐυστία
1053 1509 1233 1563 οὐδέν
1274 1510 1446 1562 ἐστιν
1468 1526 1481 1540 ·
1526 1505 1643 1561 εἶτα
1673 1510 1804 1578 πρό-

234 1617 359 1669 σχες
384 1602 398 1652 l
430 1599 591 1653 ἀλλὰ
618 1599 866 1665 τήρησις
895 1597 1160 1651 ἐντολῶν
1193 1598 1363 1651 Θεοῦ.
1397 1599 1469 1650 Οὐ
1500 1598 1655 1649 θεῶν.
1685 1598 1806 1647 Τῶν

229 1692 285 1743 δὲ
337 1691 569 1743 ἐντολῶν
616 1693 649 1760 ή
706 1692 806 1760 μὲν
852 1690 1103 1742 ἐκέλευσε
1150 1690 1607 1760 περιτέμνεσθαι,
1661 1692 1693 1757 ἡ
1749 1689 1805 1741 δὲ

233 1783 343 1853 μή·
380 1776 457 1835 ὧν
506 1782 769 1850 ἑκάτερον
806 1770 919 1849 (62)
945 1782 1136 1833 ἀνεῖπε
1167 1779 1262 1831 τοῦ
1307 1780 1473 1834 αὐτοῦ
1504 1779 1662 1843 Θεοῦ,
1691 1778 1806 1831 ἀλλ’

230 1874 351 1942 οὐχὶ
380 1873 539 1925 θεῶν.
574 1872 736 1924 Ὥστε
769 1868 849 1935 εἷς
872 1870 1003 1933 Θεὸς
1030 1872 1058 1923 6
1087 1871 1345 1939 ἀληθινὸς
1375 1872 1469 1923 καὶ
1499 1871 1687 1939 Πατὴρ
1712 1868 1801 1921 τοῦ

231 1966 439 2033 Κυρίου
480 1963 633 2033 ἡμῶν
676 1962 850 2032 Ἰησοῦ
882 1963 1142 2031 Χριστοῦ,
1176 1964 1203 2014 6
1236 1962 1333 2015 καὶ
1368 1960 1466 2031 τὴν
1505 1961 1803 2030 περιτομὴν

226 2056 318 2109 διὰ
366 2056 461 2108 τοῦ
511 2055 761 2125 Ἀϐραὰμ
793 2056 871 2116 είς
921 2054 1223 2123 μυστηρίου
1258 2052 1534 2104 τελείωσιν
1589 2052 1801 2121 χρόνοις

228 2149 559 2219 ὡρισμένοις
603 2147 755 2211 δοὺς,
805 2148 898 2199 καὶ
946 2147 1072 2208 τοὺς
1110 2147 1169 2197 ὲν
1207 2144 1543 2215 ἀκροϐυστία
1579 2144 1668 2197 διά
1709 2144 1803 2197 τοῦ

230 2243 364 2293 Υἱοῦ
395 2238 561 2294 αὑτοῦ
592 2238 992 2309 προσειληφώς.

304 2333 406 2385 IE'.
468 2330 727 2400 Ἐτέρωθι
767 2330 823 2383 δὲ
872 2330 1186 2398 λέγει-,Δεῖ
1208 2330 1275 2384 τὸ
1319 2329 1583 2399 φθαρτὸν
1631 2327 1804 2381 τοῦτο

231 2426 423 2491 (ποῖον
465 2423 497 2492 ἢ
530 2423 592 2474 τὸ
622 2422 891 2491 ἡμέτερον
921 2422 1145 2492 σῶμα;)
1177 2422 1549 2476 ἐνδύσασθαι
1583 2422 1805 2489 ἀφθαρ-

230 2518 403 2581 σίαν,
434 2515 728 2585 φησὶ,(63),
758 2514 857 2567 καί
883 2514 948 2567 τὸ
976 2515 1197 2580 θνητὸν
1228 2514 1404 2568 τοῦτο
1434 2514 1804 2567 ἐνδύσασθαι

230 2608 594 2662 ἀθανασίαν.
628 2607 738 2659 Καὶ
764 2606 877 2669 πῶς
906 2607 1053 2659 ἐστιν
1080 2606 1285 2673 ἀγαθοῦ
1316 2605 1476 2669 Θεοῦ,
1504 2608 1549 2658 εί
1580 2606 1804 2675 πλάσμα

229 2696 299 2769 ἧν
333 2699 396 2750 τὸ
426 2698 583 2767 σῶμα
620 2696 715 2749 τοῦ
757 2698 1002 2766 Πονηροῦ
1031 2737 1045 2761 ,
1089 2698 1154 2750 ὲκ
1188 2696 1428 2765 φθαρτοῦ
1465 2699 1562 2766 μὲν
1585 2698 1807 2766 ἄφθαρ-

232 2809 363 2853 τον,
401 2790 466 2842 ὲκ
519 2790 575 2841 δὲ
621 2787 816 2857 θνητοῦ
871 2788 1139 2841 ἀθάνατον
1185 2789 1317 2841 αὐτὸ
1370 2790 1805 2857 μετασκευάσαι;

235 2880 371 2931 Ὅτε
401 2880 509 2947 γάρ
536 2878 595 2929 τὸ
622 2878 855 2946 πονηρὸν
890 2876 1048 2946 σῶμα
1073 2878 1165 2930 καὶ
1195 2877 1420 2946 πλάσμα
1444 2878 1537 2929 τοῦ
1564 2877 1805 2947 Πονηρλῦ

234 2975 299 3022 ἐκ
345 2968 543 3039 θνητοῦ
587 2969 687 3033 μὲν
731 2970 811 3028 είς
844 2968 1174 3035 ἀθανασίαν,
1208 2972 1287 3032 είς
1320 2969 1630 3039 ἀφθαρσίαν
1658 2970 1713 3021 δὲ
1746 2971 1809 3021 ὲκ

235 3061 481 3131 φθαρτοῦ
506 3079 578 3114 πα
588 3062 655 3131 ρά
670 3061 764 3113 τοῦ
787 3060 992 3128 ἀγαθοῦ
1016 3062 1355 3131 μεταποιηθῇ
1378 3062 1533 3128 Θεοῦ,
1560 3062 1619 3113 οὐ
1650 3063 1809 3131 μόνον

235 3158 339 3209 οὐκ
382 3154 669 3225 ἀληθεύσει
721 3156 749 3207 6
790 3154 947 3221 λόγος
996 3157 1024 3207 6
1069 3155 1489 3224 γεγραμμένος,
1524 3156 1605 3207 ὅτι
1655 3159 1807 3210 Κατ·
1837 3184 1879 3241 C

234 3250 426 3317 επόθη
471 3251 504 3301 ό
539 3246 791 3313 θάνατος
816 3249 903 3312 εις
931 3246 1115 3312 νῖκος,
1151 3249 1244 3300 καὶ
1276 3248 1357 3299 ὅτι
1387 3249 1479 3299 ἐπὶ
1519 3247 1663 3300 τέλει
1702 3247 1809 3299 τῶν

237 3341 453 3393 αἰώνων
506 3340 721 3393 πάντων
754 3341 1100 3403 ἐκπεσεῖται,
1150 3338 1244 3391 καὶ
1292 3332 1367 3390 ὧν
1416 3338 1562 3400 ὅπως
1608 3338 1809 3407 δήποτε

237 3428 449 3501 ἦρχενὸ
476 3431 719 3500 Ἐχθρὸς,
744 3427 831 3483 οἷα
859 3430 1266 3500 προσκειμένων
1292 3428 1458 3481 αὐτοῦ
1486 3432 1599 3491 τοῖς
1631 3430 1811 3499 ἔργοις

240 3526 335 3577 τοῦ
379 3524 622 3592 Πονηροῦ
647 3539 658 3551 ’
698 3522 832 3575 ἀλλά
878 3523 971 3575 καὶ
1005 3522 1064 3572 τὸ
1108 3522 1378 3574 ἀνάπαλιν
1423 3520 1721 3590 τηνικαῦτα
1754 3521 1813 3571 τὸ

242 3618 447 3686 κράτος
486 3615 901 3685 ἀναμφήριστόν
934 3631 991 3666 τε
1030 3615 1123 3667 καὶ
1156 3612 1437 3682 ἀδιάδοχον
1468 3614 1681 3682 σχήσει,
1718 3608 1811 3662 τοῦ

243 3706 438 3776 θνητοῦ
475 3708 568 3758 καὶ
613 3706 852 3775 φθαρτοῦ
902 3706 1222 3772 πλάσματος
1264 3702 1430 3757 αὐτοῦ
1486 3706 1563 3764 είς
1612 3703 1811 3756 ἀθανα-

244 3798 367 3849 σίαν
420 3799 514 3848 καὶ
548 3796 855 3863 ἀφθαρσίαν
907 3796 1239 3863 ἀνηγμένου.
1286 3794 1431 3863 Ὅρα.
1471 3794 1529 3845 δέ
1564 3810 1654 3862 μοι
1686 3793 1813 3844 κάν-

239 3888 431 3941 τεῦθεν
479 3888 567 3940 τὸν
631 3888 860 3939 πλοῦτον
909 3888 1008 3955 τῆς
1067 3886 1258 3954 σοφίας
1315 3884 1551 3945 Παύλου,
1587 3885 1684 3952 ἣν,
1737 3884 1812 3946 ὡς

240 3980 416 4031 ἔοικεν
438 4016 451 4039 ,
478 3975 665 4046 ἀρθεὶς
687 3976 776 4028 τὸν
800 3977 980 4044 τρίτον
1000 3975 1111 4046 (64)
1133 3974 1383 4045 οὐρανοῦ,
1404 3974 1644 4043 δμυήθη,
1664 3974 1811 4035 ὅπως

236 4070 501 4139 διαφορὰν
544 4069 640 4138 μὲν
685 4069 783 4134 τῆς
813 4068 1021 4135 Καινῆς
1056 4067 1150 4119 καὶ
1176 4067 1274 4135 τῆς
1319 4066 1555 4127 Παλαιᾶς
1584 4065 1809 4131 είσάγει.

242 4160 575 4230 Προόλέπων
627 4160 683 4212 δὲ
735 4159 832 4229 τὴν
888 4160 1225 4212 ἀποστασίαν
1269 4156 1362 4209 καὶ
1408 4159 1587 4209 πᾶσαν
1643 4155 1812 4225 αὐτῆς

240 4252 528 4303 ἐκκόπτων
579 4249 994 4319 ματαιολογίαν,
1042 4249 1204 4310 εὐθὺς
1248 4246 1412 4300 πάλιν
1460 4246 1632 4299 ταῦτα
1690 4262 1813 4298 συν-

241 4346 515 4415 επιφέρει.
570 4346 733 4412 Λέγει
790 4345 885 4413 μὲν
945 4344 1051 4413 γὰρ
1090 4343 1258 4410 (65),’
1291 4344 1431 4397 ὥστε
1481 4340 1553 4391 El
1606 4358 1697 4405 τις
1744 4340 1813 4392 ἐν

241 4436 476 4504 Χριστῷ
524 4436 703 4503 καινὴ
754 4436 972 4500 κτίσις,
1003 4433 1439 4497 ἀνακαινίζεσθε·
1482 4433 1553 4485 τὰ
1595 4430 1812 4498 ἀρχαῖα

1909 599 2098 661 alium,
2126 598 2217 651 sed
2249 613 2396 663 eum,
2427 597 2519 665 qui
2557 607 2683 651 ante
2722 600 2997 653 nuntiavit
3034 600 3324 656 adventum
3353 602 3469 660 Filii

1908 687 2131 756 sui,qui
2177 687 2488 756 Scripturas
2537 688 2776 755 tradidit,
2816 690 3018 758 quique
3073 691 3139 744 ad
3206 693 3362 748 [idem
3415 696 3469 750 in

1909 776 2102 831 Filium
2138 793 2297 832 suum
2362 778 2599 843 vocavit,
2636 779 2802 833 Deum
2836 781 3224 837 consolationis
3257 794 3312 837 et
3375 801 3471 854 pa-

1908 870 2133 935 tientia,
2166 872 2472 925 concordize
2498 872 2762 937 datorem,
2794 873 2847 925 in
2895 875 3051 943 cujus
3101 875 3323 945 gloriam
3373 894 3469 931 nos

1908 966 2204 1032 assumpsit
2242 965 2518 1028 Christus,
2546 966 2794 1021 minister
2816 967 3242 1023 circumcisionis
3274 970 3465 1023 factus.

1907 1054 2048 1109 Alibi
2082 1070 2208 1109 vero
2238 1054 2431 1109 iterum
2470 1056 2546 1109 ait
2584 1075 2597 1109 :
2638 1055 2989 1111 Circumcisus
3027 1057 3219 1126 aliquis
3256 1068 3469 1111 vocatus

1907 1154 2001 1206 est,
2047 1162 2109 1199 ne
2147 1148 2429 1209 attrahat;
2454 1146 2822 1217 (pratputium)
2866 1150 2922 1200 in
2979 1149 3234 1215 ρητριιιὶο
3280 1149 3470 1217 aliquis

1907 1246 2117 1289 vocatus
2164 1246 2260 1302 est,
2293 1255 2356 1291 ne
2377 1240 2815 1293 circumcidatur:
2842 1238 3161 1293 circumcisio
3191 1242 3319 1293 nihil
3373 1252 3469 1300 est,

1907 1337 1954 1380 et
1986 1329 2301 1395 prwputium
2329 1329 2459 1380 nihil
2495 1339 2567 1382 est
2595 1330 2636 1359 “
2673 1348 2685 1383 :
2718 1331 2935 1384 attende
2962 1346 3089 1383 vero
3132 1330 3198 1383 ad
3234 1346 3465 1399 sequen-

1909 1417 1982 1471 tia
2002 1436 2014 1469 :
2035 1419 2124 1470 sed
2151 1419 2441 1471 observatio
2490 1421 2858 1473 mandatorum
2891 1422 2984 1473 Dei
3009 1423 3073 1484 “,
3092 1437 3198 1474 non
3222 1421 3465 1475 deorum.

1907 1507 2214 1562 Mandatum
2258 1524 2389 1563 vero
2428 1510 2760 1578 aliudjussit
2790 1512 3297 1575 circumcidi,aliud
3358 1527 3469 1565 non

1908 1598 2034 1652 item
2069 1616 2081 1652 :
2116 1609 2168 1651 et
2192 1607 2485 1667 utrumque
2507 1608 2684 1654 tamen
2716 1603 2957 1670 ejusdem
2981 1604 3055 1657 ait
3083 1618 3201 1657 esse
3225 1604 3339 1667 Dei,
3362 1620 3468 1657 non

1906 1700 2085 1743 autem
2122 1690 2369 1744 deorum.
2401 1692 2585 1760 Itaque
2618 1709 2758 1746 unus
2779 1694 2918 1748 Deus
2948 1710 3107 1748 verus
3132 1703 3232 1757 est,
3259 1705 3313 1747 et
3362 1692 3468 1747 Pa-

1908 1788 1990 1833 ter
2012 1780 2224 1833 Domini
2255 1782 2423 1835 nostri
2443 1781 2571 1836 Jesu
2613 1784 2832 1847 Christi,
2864 1785 2955 1853 qui
3008 1795 3062 1839 et
3099 1786 3470 1840 circumcisio-

1836 1860 1878 1915 Β
1907 1886 2029 1924 nem
2066 1888 2157 1940 per
2185 1874 2555 1926 Abrahamum
2593 1873 2645 1926 in
2671 1877 2907 1943 mysterii
2941 1878 3467 1931 consummationem

1909 1972 2152 2032 tempore
2207 1964 2433 2019 deﬁnito
2470 1967 2669 2028 sanxit,
2696 1982 2917 2036 eosque,
2941 1969 3033 2037 qui
3097 1970 3151 2022 in
3207 1969 3469 2039 praeputio

1909 2063 2088 2119 erant,
2123 2071 2221 2125 per
2247 2055 2443 2110 Filium
2478 2071 2639 2112 suum
2673 2058 2739 2111 ad
2774 2074 2832 2112 se
2861 2060 3084 2130 recepit.

1979 2332 2093 2386 XV.
2127 2333 2266 2389 Alibi
2289 2350 2422 2390 vero
2472 2354 2485 2390 :
2548 2336 2754 2406 Oportet
2776 2340 3111 2409 corruptibile
3138 2343 3233 2396 hoc
3278 2344 3471 2414 (quod-

1907 2442 2030 2481 nam
2067 2442 2197 2482 vero
2233 2428 2379 2483 aliud
2411 2444 2573 2498 quam
2603 2446 2802 2499 corpus
2838 2435 3143 2502 nostrum?)
3162 2436 3377 2491 induere
3397 2438 3474 2491 in-

1907 2520 2414 2587 corruptibilitatem,
2442 2532 2491 2575 et
2526 2524 2745 2577 mortale
2790 2524 2884 2577 hoc
2935 2526 3385 2581 immortalitatem
3406 2530 3470 2581 “.

1907 2609 2190 2674 Quomodo
2214 2625 2344 2665 vero
2376 2612 2529 2667 decet
2555 2613 2719 2667 Deum
2745 2614 2970 2681 bonum,
3000 2617 3044 2671 si
3082 2631 3281 2687 corpus
3321 2634 3474 2676 crea-

1910 2712 2029 2756 tura
2047 2702 2168 2757 Mali
2184 2712 2347 2767 esset,
2370 2718 2435 2757 ex
2450 2706 2785 2773 corruptibili
2805 2706 3019 2774 quidem
3038 2709 3473 2780 incorruptibile,

1907 2808 1973 2847 ex
2007 2794 2219 2847 mortali
2255 2808 2386 2848 vero
2432 2794 2612 2849 facere
2651 2797 2992 2852 immortale?
3014 2799 3070 2853 Si
3101 2801 3247 2855 enim
3280 2814 3477 2872 corpus

1909 2884 2108 2937 malum
2129 2892 2184 2937 et
2200 2893 2447 2937 creatura
2465 2886 2588 2939 mali
2607 2902 2671 2940 cx
2690 2888 2901 2941 mortali
2921 2890 2972 2941 in
2992 2890 3472 2959 immortalitatem,

1911 2990 1974 3028 ex
1999 2975 2336 3043 corruptibili
2354 2990 2481 3029 vero
2504 2976 2555 3029 in
2575 2976 3144 3047 incorruptibilitatem
3160 2996 3189 3035 a
3210 2982 3317 3037 Deo
3335 2984 3478 3038 bono

1913 3065 2321 3127 transferretur,
2360 3080 2465 3119 non
2524 3067 2697 3120 solum
2744 3084 2852 3121 non
2900 3086 3086 3125 verum
3122 3071 3283 3137 foret,
3332 3075 3475 3144 quod

1912 3159 2174 3227 scriptum
2199 3169 2313 3213 est:
2337 3157 2479 3212 Mors
2495 3161 2738 3229 absorpta
2762 3172 2833 3213 est
2861 3163 2914 3213 in
2929 3164 3201 3215 victoriam
3221 3164 3285 3231 “,
3303 3181 3481 3235 quon-

1912 3264 2019 3317 que
2063 3250 2113 3302 in
2151 3251 2257 3303 line
2288 3250 2608 3304 seculorum
2642 3252 2853 3305 excidet
2883 3252 2949 3306 iis
2977 3254 3252 3319 omnibus,
3282 3255 3335 3309 in
3358 3271 3479 3326 quae

1911 3340 2038 3392 olim
2073 3348 2394 3406 potestatem
2449 3339 2637 3394 habuit
2664 3340 2856 3406 hostis,
2889 3351 3144 3411 tanquam
3171 3344 3320 3408 talia,
3359 3363 3480 3415 quae

1912 3432 2165 3500 operibus
2185 3431 2302 3499 ejus
2340 3430 2496 3485 malis
2532 3433 2935 3486 accommodata
2960 3434 3105 3498 sint;
3138 3435 3233 3488 sed
3274 3446 3324 3489 et
3354 3452 3481 3490 con-

1915 3521 2079 3574 traria
2132 3521 2237 3573 illis
2292 3521 2471 3573 omnia
2507 3522 2807 3575 certissime
2859 3522 3274 3592 ﬁrmissimeque
3303 3526 3481 3579 locum

1914 3612 2211 3675 habebunt,
2239 3612 2281 3665 si
2313 3611 2557 3665 mortalis
2584 3621 2639 3665 et
2667 3612 3035 3680 corruptibilis
3063 3614 3183 3683 ejus
3230 3628 3481 3671 creatura

1915 3704 2236 3757 immortalis
2259 3711 2311 3756 et
2330 3718 2359 3755 a
2379 3704 2727 3771 corruptione
2766 3703 2935 3757 libera
2963 3705 3170 3759 reddita
3193 3706 3373 3761 fuerit.
3399 3708 3478 3761 Τι·

1912 3810 2044 3849 vero
2065 3795 2186 3848 vide
2220 3794 2353 3847 mihi
2377 3794 2535 3848 ethic
2560 3795 2777 3848 divitias
2801 3796 3077 3862 sapientia:
3112 3795 3261 3850 Pauli
3295 3799 3479 3866 (quam

1917 3886 1971 3939 in
2007 3886 2225 3939 tertium
2251 3884 2449 3938 cmlum
2473 3885 2718 3939 sublatus
2752 3885 3009 3939 didicisse
3063 3887 3321 3957 videtur),
3346 3905 3483 3958 quo,

1914 3974 2077 4028 modo
2117 3973 2481 4027 diﬂ‘erentiam
2512 3974 2637 4027 novi
2664 3982 2717 4027 et
2749 3976 2945 4027 veteris
2971 3977 3276 4029 testamenti
3312 3992 3479 4047 expo-

1916 4074 2029 4118 nat.
2059 4063 2369 4118 Praevidens
2393 4078 2525 4117 vero
2555 4065 2883 4133 apostasiam
2930 4065 3089 4129 hanc,
3113 4066 3338 4135 ejusque
3390 4085 3480 4121 va-

1919 4155 2155 4224 niloquia
2209 4155 2389 4207 omnia
2445 4168 2756 4213 eversurus.
2784 4155 2963 4208 statim
3026 4156 3128 4209 ista
3182 4158 3477 4227 subjungit.

1919 4246 2006 4299 Ait
2030 4245 2175 4299 enim
2214 4262 2226 4297 :
2264 4243 2323 4297 Si
2358 4245 2472 4312 quis
2511 4245 2566 4296 in
2592 4242 2821 4307 Christo,
2850 4255 3039 4297 natura
3072 4263 3225 4311 nova,
3255 4262 3482 4304 renove-

1919 4333 2271 4396 mini,vetera
2304 4332 2646 4394 transierunt,
2683 4349 2797 4385 ecce
2841 4336 3016 4386 omnia
3041 4336 3183 4403 facta
3226 4346 3345 4388 sunt
3390 4355 3481 4390 no-

1916 4441 1980 4477 va
1996 4425 2061 4477 ⁸⁸.
2083 4423 2164 4478 Tu
2195 4438 2322 4478 vero
2350 4424 2469 4477 vide
2490 4422 2856 4493 prudentiam,
2880 4426 3197 4494 sapientiam
3218 4437 3273 4481 et
3292 4428 3479 4483 dexte-

240 4527 554 4595 παρῆλθεν
578 4568 593 4591 ,
650 4526 779 4581 ιδοὺ
810 4528 1016 4595 γέγονε
1053 4528 1124 4579 τὰ
1164 4526 1362 4578 πάντα
1400 4524 1596 4578 καινά.
1669 4523 1809 4575 Ἀλλ’
1838 4513 1879 4571 1]

1838 4513 1890 4571 D
1916 4517 2128 4571 ritatem
2158 4516 2284 4571 viri.
2318 4519 2506 4569 Omnia
2538 4534 2679 4580 vero,
2707 4517 2900 4585 inquit,
2939 4518 2989 4571 id
3023 4528 3105 4572 est
3158 4528 3212 4572 et
3239 4529 3393 4575 vetus
3425 4532 3479 4577 et

239 4622 342 4687 ὅρα
373 4619 434 4670 τὺ
459 4616 785 4687 δραστήριον
816 4619 908 4669 καὶ
939 4617 1099 4684 σοφδν
1130 4616 1223 4669 καὶ
1258 4615 1560 4685 περιδέξιον
1588 4613 1682 4666 τοῦ
1714 4615 1810 4666 ἀν-

239 4709 389 4776 δρός.
428 4708 502 4760 Τὰ
533 4707 601 4759 δὲ
622 4707 837 4772 πάντα,
882 4708 1033 4776 φησὶ,
1066 4708 1213 4774 καὶή
1248 4705 1360 4758 Νέα
1383 4704 1623 4775 δηλονότι
1654 4704 1745 4757 καὶ
1776 4704 1809 4773 ἠ

1910 4626 2110 4666 novum
2156 4619 2563 4675 testamentum,
2599 4628 2661 4664 ea:
2687 4610 2794 4663 Deo
2825 4621 2966 4676 sunt,
3000 4614 3088 4681 qui
3127 4616 3476 4667 reconciliavit

1910 4718 2001 4755 nos
2021 4702 2120 4755 sibi
2144 4702 2242 4769 ipsi
2256 4716 2348 4770 per
2364 4701 2646 4755 Dominum
2675 4702 3101 4756 nostrumJesum
3123 4705 3382 4759 Christum
3408 4708 3473 4761 “.

244 4800 478 4863 Παλαιὰ,
514 4799 581 4851 ὲκ
608 4798 712 4851 τοῦ
754 4798 923 4861 Θεοῦ,
970 4799 1078 4851 τοῦ
1122 4796 1614 4859 καταιλάξαντος
1657 4792 1815 4861 ἡμᾶς

1910 4794 2096 4860 Itaque
2144 4793 2317 4846 bonus
2358 4791 2519 4846 Pater
2548 4792 2852 4847 Servatoris
2896 4796 3063 4847 nostri
3100 4798 3226 4850 .lesu
3277 4797 3475 4850 Christi

242 4886 471 4953 ἐαυτῷ,
520 4887 617 4941 διὰ
659 4888 767 4941 τοῦ
807 4888 1028 4955 Κυρίου
1062 4888 1230 4955 ἡμῶν
1286 4884 1480 4952 Ἰησοῦ
1532 4883 1811 4951 Χριστοῦ.

1912 4884 2056 4937 idem
2079 4894 2195 4937 erat
2234 4891 2288 4936 et
2332 4883 2485 4937 dator
2529 4893 2584 4936 et
2627 4894 2941 4953 procurator
2982 4895 3036 4938 et
3069 4898 3257 4940 auctor
3298 4903 3474 4941 rerum

244 4978 459 5031 Οὐκοῦν
492 4981 588 5032 καὶ
641 4979 754 5031 τῶν
788 4978 1166 5049 παρελθόντων
1210 4978 1304 5030 καὶ
1330 4977 1438 5030 τῶν
1467 4976 1751 5045 παρόντων
1787 4975 1815 5025 6

1913 4973 2306 5042 praeteritarum
2336 4982 2391 5027 ct
2438 4975 2810 5042 praesentium.
2860 4974 3143 5039 Quomodo
3195 4992 3323 5030 vero
3356 4993 3476 5031 cor-

242 5069 338 5120 τοῦ
371 5069 620 5139 Σωτῆρος
666 5068 822 5140 ἡμῶν
860 5068 1034 5138 Ἰησοῦ
1068 5067 1306 5137 Χριστοῦ
1352 5066 1554 5134 ἀγαθὸς
1589 5066 1812 5134 Πατὴρ,

1913 5080 2016 5133 pus
2068 5072 2313 5117 creatura
2382 5064 2552 5117 hostis
2609 5064 2793 5130 fuerit,
2825 5080 2945 5120 eum
3016 5067 3155 5122 idem
3201 5084 3229 5121 a
3271 5068 3475 5138 Spiritui

317 5224 363 5257 ⁸⁸
396 5219 551 5279 Rom.
584 5237 671 5285 xv,
700 5221 752 5275 5.
826 5218 915 5272 "1
948 5217 1073 5275 Cor.
1105 5217 1310 5283 “1,13.
1388 5216 1433 5248 ⁸¹
1455 5217 1586 5270 ibid.
1662 5214 1708 5245 ⁸³
1750 5212 1766 5266 Ι
1797 5211 1921 5267 Cor.
1955 5228 2045 5276 xv,
2073 5209 2159 5263 53.
2238 5210 2281 5241 “
2305 5209 2431 5263 ibid.
2463 5208 2548 5263 54.
2626 5211 2669 5240 ⁸⁸
2701 5210 2743 5263 ll
2766 5210 2891 5267 Cor.
2918 5228 2966 5276 ν,
2993 5213 3077 5265 17.
3156 5214 3201 5244 ⁸⁸
3235 5213 3363 5270 ibid.
3389 5217 3472 5270 18.

592 5335 613 5349 “
1374 5349 1605 5404 νΑιιιΑε
1645 5343 2025 5402 LECTIONES
2070 5341 2157 5395 ET
2198 5339 2429 5395 NOTAE.

328 5458 441 5530 (6‘2)
481 5456 816 5530 Ἑκάτερον.
849 5450 926 5505 lta
948 5444 1289 5499 scribendum
1319 5453 1401 5498 est
1422 5458 1519 5512 pro
1548 5440 1811 5508 ἑκατέρω,

248 5526 795 5603 ίιυδβ-ῐηξλιὲδίέἔκ
951 5592 963 5603 .
1082 5591 1093 5603 .

324 5578 439 5666 [εἷδῇ
467 5578 641 5661 φησι.
671 5591 909 5666 Verbum
951 5592 1051 5666 h_oc
1082 5591 1256 5666 locum
1301 5585 1391 5638 hic
1425 5580 1626 5666 librarii
1659 5578 1813 5666 culpa

251 5649 515 5728 mutasse,
537 5649 593 5717 ct
620 5663 684 5715 ad
721 5662 875 5730 σῶμα
907 5660 1400 5730 τείετεηάυηιλεξςρ
1432 5652 1627 5730 οτςιιο..
1648 5649 1815 5730 Alme-

251 5717 457 5795 ἔὲῖιξιὶἐ
475 5717 638 5790 enim
670 5717 815 5799 λέγεί
846 5732 981 5803 regit
1012 5729 1233 5801 phrasin
1262 5721 1579 5777 ἐνδύσασθαι
1608 5717 1815 5790 ἀφθαρ-

253 5810 397 5865 σίαν.

1983 5435 2094 5505 (64)
2132 5434 2242 5505 Τὸν
2280 5432 2498 5505 τρίτον.
2525 5432 2598 5485 lta
2628 5447 2731 5485 ms.
2751 5434 2832 5505 Et
2853 5434 3210 5505 grammaticae
3240 5437 3477 5491 rationes

1915 5515 1968 5577 et
1994 5502 2195 5577 sensus
2226 5503 2327 5577 legi
2369 5503 2598 5577 jubentt
2621 5504 2765 5571 quod
2794 5502 2835 5553 ll
2876 5502 3001 5556 Cor.
3030 5518 3125 5566 xu,
3160 5505 3212 5566 2,
3258 5506 3475 5577 legitur,

1914 5574 2018 5637 ἕως
2047 5572 2140 5626 τοῦ
2169 5573 2350 5641 τρίτου
2374 5573 2623 5641 οὐρανοῦ.

1986 5643 2095 5711 (65)
2167 5640 2655 5711 Ἀνακαινίζεσθε.
2705 5640 2937 5693 Verbum
2971 5642 3073 5695 hoc
3106 5643 3479 5709 explicationis

1918 5713 2033 5765 loco
2065 5728 2094 5765 a
2127 5710 2321 5783 Photin
2349 5711 2586 5783 additum
2625 5725 2741 5763 esse
2777 5722 2925 5777 puto,
2972 5722 3029 5763 ut
3071 5714 3476 5783 intelligeretur,

1919 5792 2164 5837 sanctum
2197 5780 2511 5851 Apostolum
2534 5795 2685 5834 nova:
2710 5790 2971 5835 creatura:
3000 5780 3450 5855 studium'urgere
