4222 6432
750 409 851 474 163

1872 397 2134 460 PllOTlI
2174 393 2677 456 PATRIARCH/E
2716 398 2823 459 ΟΡ.

3882 388 3986 457 ια

749 533 906 577 actus
927 518 1274 575 oratorisaia:
1292 514 1607 573 vaticinium
1629 513 1974 577 adhibeat,ct
1994 511 2174 565 dicat:
2205 506 2309 561 Vos
2341 514 2385 571 Α
2414 536 2416 555 ι

2341 514 2385 571 Α
2414 510 2574 572 αὐτὸς
2604 506 2671 581 ἦν
2697 512 2792 564 καὶ
2821 510 3005 582 δοτὴρ,
3039 510 3133 590 καὶ
3162 505 3470 580 προνοητὴς
3501 508 3597 562 καὶ
3628 507 3981 579 δημιουργός.

748 615 887 667 enim
945 612 1189 680 templum
1252 610 1346 662 Dei
1410 609 1512 661 vivi
1561 608 1723 668 estis;
1770 606 1900 658 sicut
1956 602 2088 655 dixit
2151 599 2307 662 Deus,

752 703 886 768 Quia
931 701 1171 753 habitabo
1219 701 1273 750 in
1307 697 1433 759 illis,
1461 706 1508 748 et
1555 692 1857 753 ambulabo,
1886 700 1933 743 et
1960 707 2047 742 ero
2102 688 2311 740 illorum

756 798 913 859 Deus,
931 795 1031 861 ipsi
1051 809 1168 846 vero
1191 799 1344 843 erunt
1367 790 1495 841 mihi
1517 787 1737 856 populus
1754 785 1818 836 ⁸⁷.
1844 783 1901 835 Si
1925 782 2085 851 igitur
2114 776 2311 831 Christi

746 904 846 941 nos
874 900 1061 940 sumus
1093 882 1375 950 templum,
1418 890 1577 949 prout
1626 877 1821 931 Paulus
1871 876 2087 934 clamat,
2124 880 2311 923 testem

747 979 982 1034 all‘erens
1010 976 1229 1037 Isaiam,
1260 988 1436 1041 neque
1452 971 1591 1024 alius
1612 969 1712 1022 fuit
1730 966 1995 1034 Deus,qui
2012 960 2309 1032 perlsaiam

748 1073 960 1125 loeutus
974 1076 1075 1132 est,
1099 1082 1260 1136 quam
1276 1065 1392 1132 ipsc
1407 1063 1500 1115 Dei
1516 1061 1702 1122 Filius,
1732 1059 1889 1126 cujus
1903 1054 2159 1123 templum
2176 1050 2315 1104 divi-

747 1179 850 1217 nus
879 1161 1077 1215 Paulus
1104 1174 1203 1213 nos
1229 1171 1349 1210 esse
1395 1153 1565 1215 novit,
1593 1162 1646 1206 et
1668 1151 1802 1205 tales
1853 1157 2027 1209 vocat,
2054 1145 2142 1199 ubi
2201 1154 2317 1197 tan-

748 1255 871 1308 dem
902 1262 985 1307 est
1008 1259 1251 1306 creatura
1291 1245 1453 1300 Mali?
1482 1244 1575 1298 ubi
1596 1244 1704 1297 duo
1735 1251 1789 1296 et
1818 1238 2067 1309 opposita
2102 1234 2202 1289 sibi
2230 1232 2315 1286 in-

749 1346 919 1395 vicem
956 1338 1216 1409 principia
1240 1337 1261 1388 ?

2409 599 2531 661 Πῶς
2559 600 2605 652 δ’
2631 601 2699 654 ἂν
2731 602 2816 671 εἴη
2845 602 3068 672 πλάσμα
3086 603 3146 654 τὸ
3176 603 3336 670 σῶμα
3358 600 3454 653 τοῦ
3497 599 3856 669 Ἐχθροῦ,τοῦ
3886 600 3989 653 αὑ-

2409 688 2500 741 τοῦ
2528 694 2973 764 πνευματοςρόρου
2997 695 3247 763 ῥήτορος,
3271 692 3371 759 τὴν
3403 693 3629 744 Ἡσαΐου
3647 690 3989 762 προφητείαν

2409 780 2781 849 οἰκειουμένου
2812 784 2908 835 καὶ
2953 784 3200 851 λέγοντος
3222 799 3237 813 ο
3274 782 3473 850 ’Υμεῖς
3507 782 3653 846 ναὸς
3685 780 3796 849 γὰρ
3835 779 3986 834 Θεοῦ

2409 872 2549 925 ἐστε
2578 870 2820 939 ζῶντος·
2851 875 3044 941 καθὼς
3072 872 3240 928 εἶπεν
3265 876 3298 927 ὀ
3334 874 3500 938 Θεὸς,
3532 872 3653 925 Ὅτι
3685 871 3986 933 ἐγοικήσω

2411 966 2481 1016 ὲν
2509 965 2714 1031 αὐτοῖς
2741 969 2837 1019 καὶ
2883 967 3375 1035 ἐμπεριπατήσω·
3409 966 3509 1018 καί
3534 967 3744 1031 ἔσομαι
3786 960 3988 1016 αὐτῶν

2416 1055 2577 1119 Θεὸς,
2618 1057 2715 1109 καὶ
2761 1059 2929 1112 αὐτοὶ
2980 1059 3225 1112 ἔσονταί
3249 1075 3351 1125 μοι
3391 1057 3585 1120 λαός’;
3616 1054 3677 1105 Εἰ
3727 1051 3821 1104 οῦν
3853 1052 3989 1119 Χρι-

2417 1145 2541 1198 στοῦ
2577 1147 2676 1215 μὲν
2723 1150 2884 1218 ἡμεῖς
2905 1148 3051 1213 ναὸς,
3097 1147 3172 1209 ὡς
3208 1147 3417 1210 Παῦλος
3455 1146 3573 1214 βοᾷ,
3615 1144 3868 1212 μάρτυρα
3893 1140 3988 1191 τὸν

2428 1234 2655 1287 Ἡσαΐαν
2715 1238 3003 1304 προῖστάς,
3055 1238 3149 1290 καὶ
3199 1237 3297 1289 οὐκ
3342 1236 3496 1295 ἄλλος
3548 1226 3616 1304 ἦν
3659 1231 3812 1292 Θεδςι
3859 1230 3888 1280 6
3928 1228 3990 1279 ἐν

2432 1325 2627 1397 Ἡσαΐᾳ
2648 1327 2905 1395 λαλήσας,
2932 1328 3046 1381 ἀλλ’
3071 1329 3235 1391 αὐτὸς
3258 1331 3285 1380 6
3306 1327 3399 1380 τοῦ
3430 1326 3564 1379 Θεοῦ
3595 1322 3742 1388 Υἱὸς,
3765 1318 3827 1376 06
3858 1319 3989 1372 ναὸν

748 1434 892 1502 ἡμᾶς
938 1434 966 1483 6
1022 1430 1307 1487 θεσπέσιος
1342 1422 1551 1485 Παῦλος
1597 1419 1704 1475 alii;
1737 1421 1832 1473 καλ⁵
1875 1415 2157 1472 ἀποκαλεῖ.
2208 1409 2309 1463 ποῦ
2349 1413 2409 1466 τὸ
2444 1415 2670 1487 πλάσμα
2708 1418 2804 1471 τοῦ
2839 1418 3122 1490 Πονηροῦς
3171 1418 3273 1471 ποῦ
3308 1419 3365 1472 δὲ
3437 1418 3472 1487 ἡ
3527 1412 3688 1469 διπλῖ
3752 1415 3845 1468 καὶ
3892 1415 3990 1466 ἀν-

747 1525 1029 1593 τικειμένη
1056 1523 1195 1593 ἀρχή
1217 1536 1233 1584 ;

818 1618 956 1672 XVI.
982 1616 1149 1669 Porro
1166 1614 1307 1667 idem
1324 1622 1574 1681 retegens
1602 1606 1849 1662 veritatis
1872 1603 2070 1659 lucem.
2106 1608 2313 1663 nosque

751 1710 816 1762 ad
851 1710 1140 1777 puritatem
1182 1716 1236 1759 et
1262 1703 1625 1757 secessionem
1654 1699 1721 1750 ab
1761 1693 1988 1762 impuris
2014 1687 2314 1743 faciendam

749 1801 1085 1859 cohortatus,
1116 1796 1243 1849 utin
1277 1794 1417 1847 ﬁlios
1444 1801 1499 1844 et
1526 1791 1664 1843 ﬁlias
1700 1786 1793 1839 Dei
1851 1784 2170 1840 referamur,
2200 1778 2311 1829 ait:

2485 1588 2602 1655 le'.
2658 1592 2775 1645 Ἔτι
2804 1591 2860 1644 δὲ
2904 1591 3302 1646 ἀνακαλύπτων
3337 1592 3397 1644 τὸ
3428 1593 3529 1661 τῆς
3558 1589 3815 1659 ἀληθείας
3855 1590 3988 1658 φέγο

2414 1697 2530 1747 γος,
2564 1680 2655 1733 καὶ
2691 1681 2965 1749 καθαροὺς
2994 1684 3141 1752 ἡμᾶς
3184 1682 3278 1734 καὶ
3322 1680 3737 1750 ἀφωρισμένους
3769 1696 3990 1749 παραγ-

2414 1771 2621 1838 γέλλων
2649 1768 2785 1826 εἶναι
2814 1773 2923 1825 τῶν
2960 1774 3284 1844 ἀκαθάρτων
3307 1812 3323 1836 ,
3353 1773 3432 1837 ὠς
3460 1772 3536 1823 ἂν
3566 1772 3653 1835 είς
3690 1769 3863 1835 υἱοὺς
3890 1769 3990 1823 καί

764 1890 860 1941 νοις
886 1888 1024 1941 enim
1046 1887 1191 1939 eritis
1233 1883 1357 1936 mihi
1384 1884 1437 1934 in
1465 1882 1601 1949 ﬁlios
1638 1890 1683 1932 et
1718 1878 1855 1945 ﬁlias
1873 1877 1938 1927 ".
1973 1874 2316 1926 Commcmo-
2350 1894 2390 1949 η
2418 1872 2431 1915 t

2350 1894 2390 1949 η
2418 1865 2775 1932 θυγατέρας,
2808 1866 3001 1933 ἐπάγει
3032 1867 3124 1919 καὶ
3152 1867 3242 1918 τὸν
3270 1863 3737 1933 ἐπαγγειλάμενον
3773 1861 3952 1916 ταῦτα
3974 1902 3988 1928 ,

754 1992 834 2035 rat
863 1996 993 2034 vero
1028 1979 1189 2032 etiam
1207 1992 1352 2041 eum,
1374 1974 1466 2043 qui
1492 1975 1607 2027 haec
1644 1970 1715 2024 sit
1732 1968 2024 2038 pollicitus,
2048 1963 2190 2032 quod
2209 1959 2314 2014 sci-

755 2074 877 2127 licet
904 2071 1161 2123 Dominus
1201 2068 1272 2121 sit
1302 2066 1670 2133 omnipotens.
1704 2060 1873 2114 Simul
1910 2059 2072 2112 etiam
2118 2052 2315 2116 innuit,

752 2166 819 2219 ad
844 2180 980 2234 quos
1013 2162 1323 2232 pertineant
1353 2159 1435 2212 hae
1464 2155 1870 2227 promissiones,
1897 2162 2090 2216 nempe
2121 2146 2186 2199 ad
2219 2159 2318 2197 nos

754 2274 851 2328 per
868 2266 1068 2326 patres.
1103 2251 1392 2321 Subjungit
1415 2250 1558 2304 enim
1585 2265 1599 2301 ι
1622 2247 1742 2301 "(PC
1765 2247 1921 2315 igitur
1944 2240 2198 2309 promissa
2222 2236 2319 2287 Ita-

753 2355 945 2415 bentes,
978 2348 1173 2410 dilecti,
1196 2344 1526 2414 puri/icemus
1550 2357 1639 2393 nos
1687 2340 1825 2408 ipsos
1863 2336 1928 2388 ab
1952 2333 2186 2387 omnibus
2214 2345 2322 2383 sor-

753 2444 901 2496 dibus
934 2442 1107 2495 carnis
1140 2450 1189 2493 et
1242 2438 1476 2506 spiritus,
1510 2433 1831 2502 perﬁcientes
1852 2426 2321 2494 sanctiﬁcationem

754 2538 809 2588 in
836 2536 1017 2587 timore
1042 2533 1134 2585 Dei
1176 2533 1243 2585 “.
1269 2530 1452 2597 Itaque
1506 2526 1666 2579 nobis
1710 2525 1825 2577 haec
1873 2520 2136 2589 promissa
2180 2515 2318 2569 facta

755 2634 904 2688 sunt,
938 2622 1095 2675 initio
1120 2621 1261 2673 facto
1318 2634 1349 2671 a
1388 2617 1653 2686 patribus.
1685 2614 1749 2667 Et
1798 2610 1954 2678 cujus
1977 2608 2070 2662 Dei
2119 2606 2208 2659 ille
2235 2613 2320 2658 est

756 2715 1013 2786 p0pulus,
1046 2710 1289 2781 ejusdem
1314 2724 1503 2762 sumus
1533 2716 1585 2760 ct
1612 2721 1751 2759 nos:
1803 2712 1858 2755 et
1890 2703 2029 2755 sicut
2070 2698 2319 2752 homines

757 2807 877 2878 puri
908 2804 1151 2873 castique
1186 2801 1389 2856 veteris
1415 2797 1720 2854 testamenti
1763 2795 2019 2862 templum
2042 2798 2169 2846 sunt
2200 2789 2317 2853 Dei,

758 2898 831 2951 ita
856 2909 1069 2965 quoque
1097 2892 1217 2963 puri
1248 2892 1303 2945 in
1333 2905 1474 2945 novo
1503 2895 1827 2943 testamento
1874 2883 2132 2951 templum
2172 2878 2320 2947 ejus-

758 2988 880 3042 dem
926 2987 1018 3040 Dei
1051 2994 1197 3040 sunt.
1228 2983 1363 3036 Dum
1417 2992 1598 3035 autem
1661 2993 1784 3031 eum
1816 2976 2159 3029 conditorem
2201 2987 2322 3025 om-

758 3080 910 3133 nium
937 3079 1077 3130 idem
1110 3074 1351 3130 veritatis
1376 3088 1550 3143 praeco
1599 3067 1897 3139 saepissime
1921 3064 2175 3135 appellat,
2207 3078 2317 3115 non

759 3172 938 3224 minus
984 3170 1202 3223 Patrem
1251 3166 1467 3219 Domini
1515 3164 1685 3218 nostri
1739 3162 1867 3216 Jesu
1903 3156 2126 3222 Christi,
2156 3170 2315 3226 quam

759 3277 947 3316 verum
977 3260 1095 3328 ejus
1120 3258 1315 3312 Filium
1359 3256 1635 3325 praedicat,
1663 3255 1716 3307 in
1746 3253 1813 3307 iis
1850 3266 2065 3320 quoque
2089 3250 2242 3314 locis,
2266 3248 2319 3300 in
2346 3224 2389 3284 (ἶ

764 3352 965 3422 quibus
993 3349 1220 3419 gratiam
1280 3347 1381 3401 sibi
1425 3346 1628 3410 datam,
1661 3354 1715 3399 et
1774 3346 1884 3398 vim
1938 3342 2179 3413 mysterii
2221 3340 2320 3395 sibi

765 3442 954 3497 crediti
996 3440 1252 3494 celebrat.
1302 3437 1527 3492 Moncns
1582 3438 1749 3499 enim,
1776 3436 1899 3498 sibi,
1941 3434 2162 3489 minimo
2200 3448 2321 3486 om-

763 3533 938 3595 nium,
992 3532 1172 3585 datam
1202 3544 1322 3583 esse
1362 3529 1584 3598 gratiam
1630 3525 1988 3581 annuntiandi
2028 3523 2322 3594 gentilibus

763 3622 981 3677 divitias
1014 3617 1508 3688 imperscrutabiles
1538 3616 1757 3681 Christi,
1777 3624 1831 3669 et
1860 3613 2091 3669 docendi
2111 3626 2319 3679 omnes,

764 3729 884 3782 quae
952 3712 1024 3763 sit
1086 3708 1385 3763 meonomia
1444 3709 1679 3777 mystcrii
1730 3722 1760 3761 a
1814 3706 2026 3760 saeculis
2095 3706 2149 3759 in
2208 3704 2319 3757 Deo

762 3799 1101 3865 absconditi;
1163 3798 1342 3852 statim
1384 3797 1568 3851 addit:
1604 3796 1705 3860 Qui
1746 3797 1923 3848 omnia
1983 3795 2177 3847 creavit
2228 3809 2320 3861 per

761 3894 938 3946 Iesum
989 3889 1271 3944 Christum.
1322 3889 1507 3956 itaque
1570 3886 1812 3938 omnium
1875 3884 2120 3937 conditor
2163 3884 2321 3936 Pater

763 3993 864 4045 est,
917 3981 1157 4035 omnium
1203 3994 1333 4033 vero
1392 3978 1641 4033 conditor
1690 3977 1849 4031 etiam
1920 3976 2105 4029 Filius.
2171 3974 2321 4028 Sicut

762 4075 907 4127 enim
964 4081 1173 4136 natura,
1222 4072 1294 4125 ita
1357 4079 1411 4125 et
1475 4079 1747 4139 potestas,
1812 4074 1867 4121 et
1934 4066 2240 4135 imperium,
2269 4074 2322 4118 ct

765 4166 1020 4233 potentia,
1050 4174 1102 4217 et
1142 4162 1343 4216 crcatio
1382 4162 1671 4216 visibilium
1712 4159 1952 4214 omnium
1992 4165 2047 4211 et
2079 4156 2320 4210 invisibi-

765 4258 917 4321 lium,
937 4270 1002 4308 ac
1025 4269 1203 4307 rerum
1239 4268 1301 4306 ex
1324 4267 1431 4305 non
1454 4251 1841 4305 exsistentibus
1862 4249 1929 4303 ad
1948 4246 2318 4302 exsistentiant

765 4345 1047 4416 productio
1094 4343 1403 4396 communia
1452 4341 1666 4409 utrique
1713 4350 1768 4394 et
1796 4340 2024 4393 indivisa
2074 4346 2221 4391 sunt.
2254 4336 2319 4390 Et

765 4444 891 4506 post
913 4450 1081 4505 pauca
1114 4450 1127 4486 :
1161 4431 1446 4500 Propterea
1477 4433 1625 4500 [lecto
1651 4446 1820 4499 genua
1851 4445 1964 4481 mea
1996 4429 2066 4481 ad
2101 4428 2317 4480 Patrem

766 4527 976 4581 Domini
1006 4525 1167 4578 nostri
1211 4524 1332 4577 Jesu
1363 4522 1573 4586 Christi,
1601 4538 1663 4574 ea:
1689 4538 1789 4591 quo
1821 4522 1985 4573 omnis
2024 4520 2316 4588 paternitas
2346 4547 2393 4602 ι)

763 4625 818 4674 in
847 4621 970 4673 casto
1000 4628 1045 4671 et
1074 4619 1129 4670 in
1156 4626 1294 4669 terra
1338 4617 1639 4668 nominatur
1678 4616 1742 4667 ⁷ο.
1775 4611 1966 4667 Omnis
2002 4612 2316 4680 paternitas,

766 4710 973 4779 inquit,
1006 4723 1115 4761 non
1175 4716 1355 4760 autem
1390 4722 1404 4758 :
1441 4706 1640 4774 aliqua,
1690 4703 1794 4756 alia
1841 4717 1971 4755 vero
2012 4717 2122 4755 non
2168 4702 2318 4755 item.

763 4801 949 4868 Neque
990 4799 1057 4853 de
1106 4798 1252 4852 omni
1304 4796 1507 4851 caelesti
1558 4796 1733 4849 solum
1790 4796 2059 4863 loquitur,
2116 4793 2208 4847 sed
2255 4795 2321 4848 de

764 4894 935 4955 omni,
958 4893 1073 4946 sive
1097 4892 1371 4945 emlestem
1392 4889 1557 4953 dicas,
1579 4888 1693 4941 sive
1712 4896 2045 4952 terrestrem,
2066 4887 2182 4939 sive
2199 4901 2320 4939 om-

762 5000 907 5049 nem,
960 4984 1073 5037 sive
1118 4992 1324 5051 partem
1361 4998 1374 5033 :
1410 4979 1652 5034 omnium
1706 4979 1921 5031 illorum
1965 4977 2212 5031 conditor
2238 4983 2321 5029 est

767 5077 909 5129 Deus
935 5082 990 5128 et
1012 5072 1174 5126 Pater
1221 5071 1435 5125 Domini
1487 5072 1658 5125 nostri
1709 5068 1837 5124 Jesu
1882 5070 2087 5125 Christi
2123 5088 2136 5122 :
2166 5085 2231 5123 ex
2257 5083 2323 5123 eo

762 5164 905 5217 enim
956 5162 1133 5216 omnis
1181 5160 1476 5229 paternitas
1522 5159 1577 5211 in
1625 5157 1760 5212 cmlo
1789 5158 1922 5211 etin
1962 5168 2141 5223 terra,
2179 5156 2320 5209 sicut

764 5253 907 5305 clare
938 5250 1136 5303 Paulus
1155 5290 1168 5316 ,
1202 5258 1473 5317 spectator
1517 5248 1657 5302 idem
1685 5257 1739 5301 et
1766 5248 1956 5301 doctor
1987 5263 2165 5300 rerum
2192 5247 2317 5299 abs-

764 5342 1137 5402 conditarum,
1196 5338 1549 5407 pronuntiat,
1609 5338 1939 5389 nominatur.
2001 5336 2139 5389 Alibi
2192 5351 2321 5388 vero

766 5433 957 5488 eodem
986 5432 1142 5485 modo
1172 5431 1236 5485 de
1270 5430 1377 5484 Deo
1401 5430 1676 5483 disserens
1709 5429 1782 5482 ait
1813 5447 1825 5482 :
1858 5429 1967 5483 Una
2002 5428 2156 5495 ﬁdes,
2185 5443 2318 5480 unus

768 5528 1086 5595 baptismus,
1136 5540 1268 5575 unus
1307 5521 1443 5574 Deus
1478 5530 1525 5573 et
1571 5521 1736 5574 Pater
1791 5521 2052 5581 omnium,
2106 5520 2195 5585 qui
2252 5527 2323 5569 est

764 5633 916 5683 super
966 5615 1139 5668 omnia
1180 5622 1227 5664 et
1266 5628 1355 5679 per
1387 5611 1595 5675 omnia,
1628 5621 1675 5664 et
1716 5611 1769 5662 in
1810 5610 1951 5663 nobis
1989 5608 2223 5661 omnibus
2256 5608 2322 5661 ⁷⁸.

2418 1955 2501 2007 ὅτι
2546 1955 2749 2024 Κύριός
2786 1958 2903 2008 ἑστι
2932 1958 3353 2025 παντοκράτωρ·
3391 1954 3771 2008 συνδιαπλέκει
3798 1954 3855 2005 δὲ
3893 1952 3993 2006 καὶ

2421 2044 2554 2113 πρὸς
2596 2047 2747 2108 τίνας
2798 2048 2853 2100 αἱ
2901 2047 3256 2116 ἐπαγγελίαι,
3304 2047 3385 2099 ὅτι
3441 2046 3530 2099 διὰ
3582 2046 3691 2097 τῶν
3735 2046 3993 2114 πατέρων

2419 2133 2554 2202 πρὸς
2587 2136 2771 2204 ἡμᾶς·
2823 2137 3071 2206 ἐπιφέρει
3131 2137 3276 2207 γάρ’
3324 2137 3548 2201 Ταύτας
3602 2129 3715 2189 οὖν
3740 2136 3995 2202 ἔχοντες

2418 2226 2524 2291 τὰς
2544 2228 2922 2298 ἐπαγγελίας,
2951 2232 3267 2298 ἀγαπητοί,
3299 2231 3713 2299 καθαρίσωμεν
3732 2228 3993 2294 ἑαυτοὺς

2418 2319 2537 2371 ἀπὸ
2571 2322 2798 2387 παντὸς
2826 2323 3146 2391 μολυσμοῦ
3190 2323 3415 2389 σαρκὸς
3456 2321 3555 2375 καί
3607 2322 3948 2390 πνεύματος
3974 2360 3991 2383 ,

2418 2410 2839 2478 ἐπιτελοῦντες
2881 2413 3224 2483 ἁγιωσύνην
3271 2415 3341 2467 ἐν
3386 2414 3548 2482 φόϐῳ
3595 2412 3763 2467 Θεοῦ.
3821 2412 3991 2464 Ὥστε

2419 2504 2581 2572 ἡμεῖς
2607 2505 2705 2573 μὲν
2727 2506 3115 2576 ὲπηγγέλμεθα
3142 2507 3337 2571 ταῦτα,
3359 2506 3674 2575 ἀρξαμένης
3693 2505 3791 2573 τῆς
3814 2507 3991 2570 ἐπαγ-

2418 2594 2605 2661 γελίας
2633 2597 2744 2649 ἀπὸ
2770 2596 2879 2649 τῶν
2909 2598 3184 2667 πατέρων.
3213 2599 3324 2650 Καὶ
3355 2590 3527 2665 οὗπερ
3559 2599 3766 2658 ἐκεῖνος
3790 2594 3820 2646 ὁ
3857 2593 3990 2656 λαὸς

2419 2684 2574 2751 Θεοῦ,
2596 2686 2687 2739 τοῦ
2716 2686 2881 2740 αὐτοῦ
2904 2687 2997 2740 καὶ
3018 2689 3179 2757 ἡμεῖς
3197 2705 3210 2718 ·
3238 2688 3332 2739 καὶ
3355 2687 3429 2750 ὡς
3459 2686 3567 2739 τῶν
3596 2687 3654 2738 ὲν
3681 2688 3747 2755 τῇ
3773 2683 3990 2755 Παλαιᾷ

2417 2779 2468 2831 οἱ
2499 2780 2734 2849 καθαροὶ
2763 2780 2890 2843 ναὸς
2919 2780 3012 2832 τοῦ
3033 2780 3190 2842 Θεοῦ,
3213 2778 3354 2833 οὕτω
3380 2783 3472 2832 καί⁵
3500 2780 3551 2831 οί
3577 2780 3632 2831 ὲν
3661 2781 3727 2848 τῇ
3746 2777 3863 2847 Νέᾳ
3885 2794 3989 2829 κα-

2419 2869 2577 2939 θαροὶ
2604 2871 2727 2933 ναὸς
2753 2870 2847 2923 τοῦ
2874 2869 3040 2925 αὐτοῦ
3070 2871 3228 2923 Θεοῦ.
3262 2870 3504 2939 κτίστην
3530 2868 3587 2921 δὲ
3622 2869 3842 2923 πάντων
3879 2867 3990 2921 πά-

2419 2960 2501 3012 λιν
2527 2960 2827 3025 πολλάκιςὸ
2849 2962 3011 3024 αὐτὸς
3032 2962 3133 3030 τῆς
3158 2962 3412 3030 ἀληθείας
3434 2959 3766 3028 διαγγέλλων
3788 2958 3988 3029 κῆρυξ,

2418 3055 2511 3108 τόν
2541 3071 2599 3107 τε
2628 3054 2847 3123 Πατέρα
2863 3055 2957 3107 τοῦ
2990 3054 3192 3123 Κυρίου
3211 3053 3367 3121 ἡμῶν
3401 3051 3575 3121 Ἰησοῦ
3601 3050 3861 3121 Χριστοῦ,
3891 3053 3991 3104 καὶ

2420 3145 2583 3199 αὑτὸν
2621 3145 2709 3198 τὸν
2740 3143 2993 3213 ἀληθινὸν
3026 3142 3190 3196 αὑτοῦ
3230 3143 3358 3196 Υίὺν
3393 3143 3545 3196 οὐδὲν
3580 3135 3743 3212 ἦττον
3776 3159 3991 3211 καταγ-

2422 3239 2619 3307 γέλλει,
2646 3239 2739 3291 καὶ
2761 3238 2819 3291 ὲν
2847 3230 3107 3306 οἷςιὺμνει
3128 3236 3227 3307 τὴν
3247 3237 3405 3307 χάριν
3426 3236 3522 3307 τὴν
3544 3236 3790 3290 δοθεῖσαν
3812 3236 3988 3305 αὐτῷ,

2424 3330 2516 3382 καὶ.
2562 3328 2655 3381 τοῦ
2695 3326 3221 3387 καταπιστευθέντος
3255 3326 3558 3396 μυστηρίου
3601 3326 3700 3396 τὴν
3732 3327 3986 3395 δύναμιν.

2422 3418 2607 3471 Εἰπὼν
2618 3418 2745 3487 γὰρ,
2764 3417 2839 3479 ὡς
2862 3436 2879 3468 ι
2899 3414 3056 3487 Ἐμοὶ
3082 3417 3158 3487 τῷ
3174 3418 3569 3488 ἐλαχιστοτέρῳ
3591 3418 3808 3470 πάντων
3830 3419 3989 3487 ἐδόθη

2423 3511 2455 3578 ὴ
2496 3508 2655 3577 χάρις
2700 3508 2838 3576 αὕτη
2892 3510 2950 3560 ἐν
2986 3510 3098 3570 τοῖς
3143 3508 3350 3560 ἔθνεσιν
3391 3506 3849 3575 εὐαγγελίσασθαι
3896 3508 3990 3561 τὸν

2421 3600 2823 3669 ἀνεξιχνίαστον
2882 3598 3108 3653 πλοῦτον
3160 3598 3256 3652 τοῦ
3310 3600 3547 3668 Χριστοῦ
3601 3602 3695 3653 καὶ
3752 3601 3987 3669 φωτίσαι

2421 3689 2650 3753 πάντας,
2698 3690 2780 3753 τίς
2809 3692 2842 3759 ἡ
2878 3689 3162 3759 οἰκονομία
3196 3685 3292 3741 τοῦ
3327 3689 3627 3758 μυστηρίου
3663 3689 3758 3742 τοῦ
3782 3692 3988 3743 ἀποκε-

2420 3782 2737 3851 κρυμμένου
2767 3781 2877 3834 ἀπὸ
2903 3780 3013 3833 τῶν
3043 3780 3253 3834 αἰώνων
3270 3782 3326 3834 ὲν
3344 3781 3421 3849 τῷ
3437 3780 3607 3850 Θεῷ,ι
3635 3780 3832 3834 αὐτίκα
3859 3800 3991 3834 συν-

2422 3876 2583 3925 άπτει
2605 3888 2618 3902 ·
2640 3871 2716 3939 τῷ
2742 3870 2813 3923 τὰ
2829 3871 3024 3924 πάντα
3050 3871 3322 3924 κτίσαντι
3341 3871 3436 3923 διὰ
3468 3870 3662 3937 Ἰησοῦ
3691 3874 3950 3939 Χριστοῦ
3970 3891 3985 3904 ·

2421 3964 2559 4017 ὥστε
2597 3962 2812 4016 πάντων
2847 3959 2945 4029 μὲν
2972 3961 3195 4030 κτίστης
3218 3963 3245 4013 6
3283 3958 3487 4031 Πατὴρ,
3522 3963 3739 4015 πάντων
3766 3964 3825 4016 δὲ
3872 3965 3982 4017 κτί.

2423 4073 2552 4125 στης
2569 4057 2596 4108 6
2611 4056 2760 4118 Υἱός.
2777 4053 2969 4107 Κοινὺν
2992 4054 3099 4121 γὰρ
3120 4053 3212 4105 καὶ
3232 4052 3523 4121 ἀδιάφορον
3543 4053 3731 4124 ὥσπερ
3748 4055 3781 4123 ἡ
3800 4056 3984 4122 φύσις,

2422 4149 2518 4201 καὶ
2546 4148 2581 4217 ἡ
2610 4146 2833 4211 ἐξουσία
2862 4146 2957 4199 καὶ
2981 4146 3014 4214 ὴ
3042 4143 3310 4213 βασιλεία,
3345 4146 3440 4196 καὶ
3463 4147 3495 4212 ὴ
3525 4144 3856 4216 δημιουργία
3877 4148 3990 4199 τῶν

2421 4237 2634 4308 ὁρατῶν
2656 4255 2715 4289 τε
2748 4237 2963 4289 πάντων
2986 4235 3080 4288 καὶ
3114 4235 3381 4303 ἀοράτων,
3415 4234 3510 4286 καὶ
3546 4236 3579 4304 ἠ
3603 4234 3663 4297 ἐξ
3687 4236 3787 4287 οἰκ
3814 4236 3988 4289 ὄντων

2420 4332 2500 4390 εἰς
2528 4328 2589 4379 τὸ
2631 4324 2772 4380 εἶναι
2802 4326 3100 4396 προαγωγὴ
3125 4326 3217 4377 καὶ
3243 4326 3512 4388 οὖσίωσις.
3565 4327 3674 4379 Καὶ
3713 4330 3830 4396 μετ’
3871 4329 3989 4380 ὀλί-

2420 4437 2541 4488 γον·
2580 4420 2799 4472 Τούτου
2826 4416 2999 4486 χάριν
3054 4415 3297 4484 κάμπτω
3331 4415 3401 4469 τὰ
3439 4415 3658 4484 γόνατὰ
3682 4434 3803 4485 μου
3835 4420 3989 4485 πρὸς

2420 4514 2527 4567 τὸν
2550 4512 2779 4579 Πατέρα
2798 4510 2905 4564 τοῦ
2933 4512 3149 4576 Κυρίου
3174 4509 3340 4576 ήμῶν
3378 4509 3579 4576 Ἰησοῦ
3614 4512 3892 4579 Χριστοῦ,
3916 4514 3988 4578 ἐξ

2422 4600 2493 4659 οὗ
2523 4603 2691 4658 πᾶσα
2719 4602 2933 4669 πατριὰ
2966 4601 3035 4651 ἐν
3064 4599 3297 4667 οὐρανῷ
3324 4601 3420 4652 καί
3452 4600 3549 4653 ἐπὶ
3576 4601 3688 4669 γῆς
3714 4602 3988 4670 ὀνομάᾱς-

2421 4715 2533 4749 ται.
2560 4727 2627 4735 -
2656 4692 2831 4747 Πᾶσα
2861 4695 3098 4759 πατριὰ,
3129 4694 3312 4760 φησὶν,
3344 4691 3497 4760 οὐχί·
3548 4693 3633 4754 τὶς
3664 4694 3783 4761 μὲν,
3821 4696 3906 4758 τὶς
3939 4697 3988 4748 δ’

2418 4785 2501 4854 οὓ,
2528 4786 2648 4839 οὐδὲ
2681 4787 2828 4838 πᾶσα
2856 4786 2886 4852 ἡ
2933 4783 3179 4851 οὐράνιος
3230 4783 3388 4850 μόνη,
3419 4782 3554 4835 ἀλλὰ
3595 4784 3696 4836 κᾶν
3734 4785 3989 4853 οὐράνιον

2418 4879 2602 4947 εἴπῃς,
2652 4876 2754 4929 κᾶν
2805 4875 3067 4939 ἐπίγειον,
3129 4874 3230 4926 κᾶν
3263 4874 3447 4943 μέρος,
3497 4875 3703 4928 τούτων
3731 4878 3990 4930 ἀπάντων

2421 4969 2537 5020 ἐστὶ
2562 4964 2893 5036 δημιουργὸς
2922 4966 2950 5016 ὁ
2980 4962 3110 5023 Θεὸς
3131 4963 3225 5015 καὶ
3257 4964 3445 5031 Πατὴρ
3468 4962 3564 5015 τοῦ
3591 4964 3795 5034 Κυρίου
3826 4966 3991 5035 ἡμῶν

2434 5059 2609 5129 Ἰησοῦ
2632 5057 2864 5126 Χριστοῦ
2891 5072 2904 5086 °
2942 5055 3001 5119 ἐξ
3023 5054 3188 5107 αὐτοῦ
3214 5054 3322 5123 γὰρ
3367 5056 3516 5107 πᾶσα
3549 5058 3755 5125 πατριά
3802 5058 3861 5110 ὲν
3891 5057 3988 5110 οὗ·

2425 5148 2571 5220 ρανῷ
2601 5149 2696 5201 καὶ
2724 5146 2819 5199 ἐπὶ
2850 5146 2973 5213 γῆς,
2998 5144 3073 5206 ὡς
3121 5143 3487 5212 ἀνακηρύττει
3527 5142 3796 5213 λαμπρῶς
3824 5145 3852 5197 6
3878 5144 3992 5197 τῶν

2424 5242 2748 5311 ἀπορρήτων
2781 5239 2873 5291 καὶ
2908 5236 3102 5304 θεατὴς
3128 5236 3223 5287 καὶ
3267 5234 3604 5298 διδάσκαλος,
3638 5235 3988 5301 ὀνομάζεται.

2423 5335 2530 5387 Καὶ
2546 5336 2601 5385 ὲν
2619 5330 2796 5391 ἄλλοις
2821 5328 2960 5381 δὲτὰ
2985 5327 3119 5378 αὐτὰ
3147 5326 3433 5391 θεολογῶν,
3454 5320 3555 5389 Εἲς
3574 5314 3809 5393 Κύριος,
3828 5328 3991 5393 φησὶ,

2423 5426 2531 5491 μία
2559 5424 2780 5485 πίστις,
2835 5418 2903 5471 ἐν
2930 5417 3263 5483 βάπτισμα,
3315 5411 3404 5481 εἷς
3446 5416 3589 5481 Θεὸς
3629 5417 3727 5469 καί
3786 5416 3995 5485 Πατὴρ

2428 5515 2684 5577 πάντων,
2720 5514 2751 5564 ὀ
2791 5509 2888 5562 ἐπὶ
2935 5508 3193 5571 πάντων,
3224 5507 3321 5558 καὶ
3370 5506 3468 5559 διὰ
3507 5505 3766 5573 πάντων,
3795 5506 3894 5560 καί
3921 5510 3997 5559 ἐν

2429 5606 2616 5661 πᾶσιν
2641 5604 2804 5673 ἡμῖν.
2848 5600 3189 5653 ’Δδιάστατον
3226 5598 3281 5648 δὲ
3310 5598 3404 5649 καὶ
3454 5597 3768 5671 ἀμέριστον,
3798 5597 3948 5651 diem
3961 5616 3995 5670 ρ

835 5796 875 5827 ⁸⁷
912 5795 952 5850 ll
977 5796 1098 5849 Cor.
1130 5814 1200 5864 v1,
1239 5797 1317 5850 16.
1396 5798 1438 5828 ⁸⁸
1469 5795 1599 5850 ibid.
1642 5796 1720 5849 18.
1798 5796 1840 5827 ⁸⁹
1880 5794 2071 5849 "Cor.
2107 5810 2201 5859 ιιι,
2246 5794 2290 5847 l.
2369 5795 2411 5825 7°
2443 5794 2502 5863 ΕΙ

1798 5796 1840 5827 ⁸²
1880 5794 1923 5849 ll
1947 5794 2071 5849 Cor.
2107 5810 2201 5859 vn,
2246 5794 2290 5847 Ι.
2369 5795 2411 5825 ⁷ο
2443 5794 2642 5863 Ephes.
2674 5807 2755 5859 ιιι,
2787 5791 2869 5845 Η.
2946 5793 2985 5823 ⁷¹
3030 5788 3225 5859 Ephes.
3262 5802 3334 5855 tv,
3363 5786 3396 5843 5
