4222 6432
252 423 359 486 165

1272 428 1562 489 CONTRA
1601 431 2054 491 MANICH/EOS
2091 432 2318 492 LIBER
2358 434 2470 493 III.

3387 435 3485 503 166

246 538 349 604 τὴν
376 534 538 602 φύσιν
560 536 654 586 καὶ
684 536 745 587 τὸ
776 536 1010 605 θέλημα,
1049 536 1192 590 οὕτω
1219 540 1312 591 καὶ
1328 540 1426 609 τὴν
1454 542 1819 611 δημιουργίαν
1846 550 1894 604 Λ

1816 561 1819 579 ι
1846 550 1894 604 Λ
1919 545 2163 613 Cumque
2218 546 2359 597 idem
2396 554 2582 597 nosset
2610 543 2819 598 Patrem
2847 554 2902 598 ct
2930 545 3141 612 Filium,
3171 547 3313 603 sicut
3340 553 3483 618 quod

248 628 345 678 καὶ
378 628 439 678 τὸ
477 627 676 694 κράτος
729 626 881 688 εἰδὼς
913 627 1006 679 τοῦ
1043 630 1273 699 Πατρός,
1307 633 1401 683 καὶ
1442 632 1537 683 τοῦ
1572 632 1724 696 Υῑοῦ,
1752 634 1820 687 τὰ

248 718 390 770 αὐτὰ
423 720 518 770 καὶ
548 718 794 787 περὶτοῦ
820 720 1071 788 Σωτῆρος
1112 725 1651 794 πεπαρῤησιασμένῃ
1684 725 1819 792 κρά-

248 807 331 869 ζει
354 812 527 875 φωνῇ.
572 809 673 860 Ἐν
699 808 858 873 αὐτῷ
887 812 1016 877 τὰρ,
1046 814 1201 880 φησὶ,
1224 814 1469 880 ἐκτίσθη
1496 816 1567 867 τὰ
1600 819 1815 869 πάντα.

247 898 491 965 Πρόσεχε
516 912 528 925 ·
556 899 629 949 Τὰ
657 900 873 960 πάντα,
894 902 960 952 τὰ
992 905 1047 953 ἐν
1080 905 1193 963 τοῖς
1234 904 1483 972 οὐρανοῖς
1513 906 1607 957 καὶ
1632 906 1700 959 τὰ
1726 907 1818 959 ὲπὶ

244 986 347 1053 τῆς
370 987 491 1055 γῆς.
546 988 654 1039 Καὶ
705 990 792 1041 ῖνα
826 990 901 1059 μὴ
945 995 977 1060 ἡ
1037 996 1200 1061 μανία
1234 994 1432 1064 λήρους
1464 996 1656 1059 ἄλλους
1698 1000 1817 1060 ταῖς

248 1077 423 1145 ἱεραῖς
456 1082 657 1143 φωναῖς
698 1080 963 1151 ὑποϐάλῃ,
1017 1082 1096 1135 ἔτι
1150 1086 1288 1139 κατὰ
1336 1088 1616 1156 συνέχειαν
1657 1089 1815 1154 ἐπεξ-

246 1171 485 1233 ηγείται,
507 1169 623 1220 τίνα
649 1170 755 1220 εἰσὶ
786 1172 852 1223 τὰ
881 1174 939 1223 ὲν
976 1177 1088 1236 τοῖς
1120 1176 1367 1245 οὐρανοῖς
1398 1182 1488 1231 καὶ
1514 1180 1580 1232 τὰ
1599 1182 1690 1233 ἐπὶ
1718 1182 1815 1249 τῆς

247 1258 374 1322 γῆς,
410 1260 491 1309 ὅτι
522 1259 588 1310 τὰ
618 1261 786 1325 ὁρατά
812 1263 906 1313 καὶ
934 1264 1003 1315 τὰ
1035 1266 1263 1333 ἀόρατα,
1295 1269 1388 1318 καὶ
1434 1269 1608 1323 ταῦτα
1642 1272 1816 1323 πάντα

246 1348 305 1397 ὲν
341 1347 492 1415 αύτῷ
531 1365 664 1417 φησι
695 1351 961 1415 ἐκτίσθαι,
1003 1357 1096 1407 καὶ
1120 1357 1188 1405 δι’
1216 1358 1378 1409 αὑτοῦ
1406 1361 1500 1411 καὶ
1530 1361 1607 1423 εἰς
1630 1362 1813 1416 αὐτόν.

250 1435 374 1497 [Ιὼς
397 1432 491 1487 οὖν
526 1438 558 1505 ἡ
586 1440 922 1508 ἀποστατικὴ
946 1442 1117 1495 λύσσα
1156 1447 1263 1499 τῶν
1300 1450 1397 1518 μὲν
1420 1451 1630 1519 ὁρατῶν
1658 1454 1817 1506 ἄλλον

249 1526 503 1608 πράττει,
529 1530 782 1597 ποιητὴν,
834 1532 990 1584 ἄλλον
1020 1535 1075 1586 δὲ
1126 1537 1231 1589 τῶν
1275 1541 1564 1608 ἁορὰτων;
1602 1545 1664 1595 Εἰ
1710 1545 1817 1614 γὰρ

250 1618 431 1668 πάντα
469 1617 556 1669 διὰ
606 1620 841 1687 Χριστοῦ
874 1623 965 1673 καὶ
1012 1627 1090 1687 εἰς
1133 1627 1368 1695 Χριστὸν
1406 1630 1671 1694 ἔκτισται,
1724 1636 1818 1687 καὶ

249 1707 413 1767 αὐτός
445 1710 559 1759 ἐστι
592 1711 696 1777 πρὸ
728 1713 967 1778 πάντων,
1002 1718 1093 1767 καὶ
1126 1717 1194 1768 τὰ
1226 1718 1402 1770 πάντα
1433 1722 1489 1772 ἐν
1512 1724 1662 1791 αύτῷ
1687 1742 1813 1777 συν-

249 1798 475 1865 έστηκε,
512 1798 613 1850 ποῦ
653 1803 693 1869 ἡ
723 1802 1049 1872 δημιουργία
1088 1807 1183 1858 τοῦ
1232 1810 1489 1879 Ἐχθροῦς
1517 1816 1622 1866 Καὶ
1654 1817 1815 1878 αὐτὸς

1917 635 1983 685 ad
2026 620 2272 686 naturam
2303 642 2358 687 et
2386 633 2741 697 voluntatem,
2779 633 2852 686 ita
2887 644 2941 687 ct
2977 636 3117 703 quod
3154 637 3217 690 ad
3249 640 3485 693 creatio-

1918 738 2039 776 nem
2080 733 2136 776 et
2162 725 2477 791 potentiam,
2517 724 2908 790 inseparabiles
2946 740 3065 778 esse
3093 736 3149 779 et
3197 728 3480 793 indivisos,

1915 816 2103 866 eadem
2136 814 2297 867 etiam
2335 814 2402 867 de
2438 812 2725 867 Servatore
2752 816 2921 868 libera
2951 832 3080 869 voce
3123 818 3479 887 proloquitur.

1914 907 1977 961 In
2002 907 2114 975 ipso
2133 908 2290 972 enim,
2312 906 2585 974 inquiens,
2605 917 2780 959 creata
2796 920 2911 959 sunt
2938 910 3114 960 omnia
3137 910 3205 961 ν’.
3228 911 3475 966 Attende.

1916 996 2125 1061 Omnia,
2149 1014 2265 1065 quae
2295 998 2346 1050 in
2376 998 2529 1052 cmlis
2556 1009 2611 1051 et
2656 1000 2706 1050 in
2735 1008 2875 1052 terra
2907 1012 3055 1053 sunt.
3088 1002 3153 1054 Et
3185 1017 3253 1055 ne
3288 1002 3479 1057 insana

1916 1089 2113 1139 cohors
2140 1104 2308 1157 nugas
2356 1104 2482 1140 suas
2511 1090 2689 1142 verbis
2724 1090 2893 1142 sacris
2930 1090 3223 1155 aﬂricaret,
3259 1091 3312 1144 in
3339 1084 3493 1148 serie

1915 1178 2178 1231 orationis
2224 1179 2500 1241 edisserit,
2550 1195 2795 1247 quamam
2845 1180 2953 1233 sint
2982 1195 3045 1232 ea
3075 1181 3126 1232 in
3162 1184 3312 1235 caelis
3340 1194 3394 1237 et
3425 1185 3477 1237 iu

1916 1276 2091 1333 terra;
2120 1269 2278 1321 docet
2314 1270 2458 1322 enim
2496 1269 2727 1321 visibilia
2756 1279 2812 1322 et
2874 1271 3187 1334 invisibilia,
3218 1282 3273 1325 et
3297 1275 3479 1327 omnia

1916 1360 1969 1412 in
2002 1375 2066 1412 eo
2094 1367 2277 1411 creata
2317 1375 2456 1423 esse,
2508 1370 2560 1412 et
2602 1376 2697 1429 per
2724 1376 2867 1425 eum,
2905 1368 2959 1413 et
2992 1362 3046 1413 in
3082 1362 3278 1430 ipsum.
3330 1364 3480 1427 Quo-

1916 1449 2075 1501 modo
2114 1448 2295 1517 itaque
2335 1459 2701 1517 apostatarum
2739 1452 2915 1504 rabies
2964 1451 3126 1503 alium
3163 1453 3477 1519 visibilium,

1915 1539 2079 1592 alium
2153 1541 2506 1593 invisibilium
2569 1557 2750 1593 rerum
2817 1542 3153 1595 conditorem
3204 1543 3371 1597 facit?
3423 1545 3478 1599 Si

1915 1629 2061 1683 cnim
2114 1630 2297 1683 omnia
2346 1644 2442 1698 per
2492 1629 2767 1682 Christum
2794 1640 2849 1683 et
2878 1630 2928 1682 iu
2974 1630 3249 1684 Christum
3297 1645 3480 1687 creata

1916 1728 2066 1780 sunt,
2099 1725 2154 1770 et
2183 1719 2324 1771 idem
2348 1728 2430 1771 est
2454 1728 2579 1772 ante
2605 1721 2809 1784 omnia,
2838 1729 2891 1772 et
2918 1722 3096 1773 omnia
3129 1723 3180 1773 in
3213 1722 3330 1790 ipso
3350 1740 3478 1777 con-

1917 1809 2134 1871 sistunt,
2188 1810 2277 1861 ubi
2314 1810 2525 1863 tandem
2568 1820 2649 1862 est
2677 1811 2882 1864 crcatio
2935 1811 3141 1864 hostis?
3192 1813 3331 1866 Sane
3367 1815 3481 1883 ipse

251 1886 354 1954 μὲν
375 1890 403 1938 ὁ
432 1888 655 1954 ’Δγαθὸς
682 1894 945 1959 προάγει·
966 1896 1219 1963 προάγων
1246 1872 1553 1969 διε-συνέχει,
1580 1872 1815 1974 συνέχωῦ
1843 1872 1889 1929 Β

1809 1872 1815 1951 i
1843 1872 1889 1929 Β
1918 1900 2007 1953 ille
2030 1901 2205 1953 bonus
2231 1902 2371 1954 Deus
2393 1902 2673 1970 producit;
2708 1903 3015 1969 producens
3046 1917 3169 1954 vero
3200 1905 3476 1971 continet;

247 1976 305 2026 δὲ
332 1978 425 2027 καὶ
468 1978 563 2043 τῆς
614 1979 872 2047 διαμονῆς
916 1989 1243 2052 προνοεῖται.
1302 1990 1394 2041 Ἐκ
1442 1993 1601 2055 ποίας
1651 1996 1815 2065 ἄλλης

248 2067 530 2134 ἐνεργείας
567 2068 795 2120 δώσουσι
854 2072 961 2121 τῶν
1004 2073 1096 2124 τοῦ
1138 2075 1270 2128 Θεοῦ
1315 2078 1815 2150 δημιουργημὰτων

248 2154 346 2219 τὴν
368 2155 611 2219 ἐξουσίαν
636 2158 711 2225 τῷ
747 2160 970 2229 Ἐχθρῷ,
991 2164 1038 2213 εἰ
1072 2167 1143 2233 μὴ
1173 2167 1278 2234 ἄρα
1310 2168 1374 2220 δι’
1393 2172 1589 2237 αὐτῶν,
1614 2177 1671 2226 ἐν
1687 2169 1729 2240 ᾧ
1754 2194 1813 2228 τε

250 2244 538 2313 πληρωταὶ
570 2249 674 2299 τῶν
692 2248 1009 2319 θελημάτων
1036 2257 1140 2306 εἰσὶ
1180 2259 1272 2310 τοῦ
1309 2261 1532 2330 Ἐχθροῦ
1550 2305 1564 2329 ,
1590 2268 1682 2317 καὶ
1695 2268 1752 2319 ὲν

251 2336 327 2405 μὴ
361 2338 664 2406 πεφρίκασι
689 2340 974 2411 θεομαχεῖν
996 2360 1009 2410 ;
1033 2341 1190 2399 Οὗτοι
1220 2351 1327 2421 γὰρ
1358 2354 1496 2407 κατὰ
1518 2356 1613 2407 τοῦ
1633 2358 1812 2410 κοινοῦ

248 2428 522 2480 Δεσπότου
558 2433 651 2481 καὶ
684 2431 923 2486 πλάστου
981 2438 1154 2507 στόμα
1198 2441 1564 2509 πλατύναντες
1605 2448 1814 2518 δύσφη-

250 2537 374 2587 μον,
418 2522 513 2572 καὶ
541 2522 681 2574 κατὰ
704 2525 802 2593 τῆς
834 2525 1228 2601 δημιουργικῆς
1253 2535 1417 2587 αὑτοῦ
1446 2538 1811 2611 ἐπανιστάμε-

250 2627 331 2661 νοι
369 2612 707 2681 κυριότητος,
757 2616 849 2667 καὶ
904 2621 1013 2680 τοῖς
1059 2622 1310 2685 ὲκτόποις
1348 2626 1577 2679 πάθεσιν
1604 2630 1813 2685 ὑποκα-

250 2702 607 2765 τακλίναντες
652 2707 899 2771 ἑαυτοὺς,
942 2710 1001 2773 ἐξ
1039 2706 1113 2764 ὧν
1148 2731 1204 2765 τε
1245 2714 1592 2787 θεομαχοῦσι,
1627 2724 1720 2773 καὶ
1757 2722 1814 2788 ἐξ

250 2787 325 2845 ὧν
348 2793 519 2862 δρῶσι
556 2797 623 2847 τὰ
652 2796 882 2865 ἄθεσμα,
924 2802 1149 2865 ἑαυτοὺς
1182 2804 1566 2877 ύπὲφηνανδὼς
1602 2787 1816 2882 ἀληθῶς

249 2882 711 2953 δημιουργήματα
746 2889 839 2938 καὶ
861 2889 1077 2953 δούλους
1107 2893 1198 2945 τοῦ
1228 2896 1473 2965 Ἐχθροῦ.
1504 2892 1572 2968 Ὦ
1597 2902 1703 2971 γάρ
1732 2920 1816 2965 τις

249 2972 504 3039 ἣττηται,
533 2974 705 3044 τούτῳ
733 2978 824 3029 καὶ
850 2979 1186 3034 δεδούλωται.
1226 2984 1366 3035 Ἀλλ’
1386 2986 1573 3057 ὥσπερ
1598 2991 1816 3055 ἑκόντες

253 3062 391 3128 πρὸς
419 3062 490 3113 τὰ
537 3063 685 3133 πάθη
720 3070 1148 3139 κατασυρόμενοι
1184 3074 1318 3144 (66),
1358 3078 1451 3128 καὶ
1494 3082 1634 3133 κατὰ
1660 3082 1816 3134 τοῦτο

1916 1990 2203 2043 continens
2252 2006 2380 2044 vero
2413 1993 2671 2060 prospicit
2704 2003 2761 2044 ut
2787 1999 3171 2059 'pcrsevcrcnt.
3201 1994 3317 2057 Quo
3352 2010 3482 2049 vero

1915 2080 2023 2133 alio
2074 2090 2395 2150 argumento
2443 2083 2582 2135 hosti
2628 2092 2946 2151 potestatem
2992 2085 3042 2135 in
3073 2094 3350 2139 creaturas
3389 2088 3480 2141 Dci

1916 2172 2285 2237 vindicabunt,
2322 2190 2478 2242 quam
2510 2191 2575 2227 ex
2609 2190 2694 2235 eo,
2728 2175 2868 2242 quod
2920 2175 3019 2242 ipsi
3060 2176 3351 2243 perficiunt
3386 2195 3480 2231 vo-

1915 2262 2174 2314 luntatem
2230 2263 2441 2326 hostis,
2488 2272 2543 2315 et
2590 2277 2698 2314 non
2754 2275 3012 2316 verentur
3066 2266 3233 2320 Deum
3302 2269 3477 2337 ipsum

1915 2353 2255 2423 oppugnare?
2308 2352 2412 2423 Ipsi
2461 2355 2636 2418 enim,
2701 2354 2828 2407 dum
2890 2366 3080 2409 contra
3138 2373 3478 2414 communem

1916 2442 2200 2496 Dominum
2232 2451 2283 2498 et
2332 2446 2672 2498 conditorem
2739 2446 2940 2501 infame
2970 2463 3031 2501 os
3063 2450 3347 2517 aperiunt,
3384 2450 3482 2504 do-

1916 2534 2250 2603 miniumque
2288 2536 2445 2605 ejus,
2484 2540 2627 2604 quod
2684 2537 2923 2590 Creatori
2972 2542 3263 2608 competit,
3310 2556 3486 2610 oppu-

1915 2635 2109 2695 gnant,
2162 2627 2626 2696 insolentibusquc
2690 2627 2975 2685 aﬂcctibus
3040 2633 3244 2700 seipsos
3314 2634 3483 2702 subji-

1914 2719 2085 2783 ciunt,
2136 2728 2249 2772 tum
2283 2734 2460 2789 pugna
2490 2735 2586 2773 sua
2618 2720 2672 2773 in
2708 2722 2896 2785 Deum,
2931 2732 3044 2775 tum
3076 2724 3278 2778 illicitis
3308 2726 3481 2779 actio-

1914 2810 2075 2864 nibus
2113 2812 2362 2879 probant,
2404 2826 2461 2865 se
2498 2812 2648 2880 ipsos
2689 2827 2818 2866 vere
2863 2823 3143 2867 creaturas
3191 2824 3245 2869 et
3295 2831 3483 2872 servos

1916 2900 2086 2955 hostis
2137 2917 2278 2955 esse.
2310 2902 2353 2953 A
2387 2917 2493 2970 quo
2545 2903 2687 2955 enim
2749 2904 2943 2971 aliquis
3007 2905 3184 2958 victus
3237 2914 3361 2970 est,
3414 2908 3483 2961 ab

1914 2988 2102 3041 eodem
2154 2989 2206 3041 in
2257 2991 2573 3042 servitutem
2626 2998 2707 3043 est
2764 2991 3036 3046 redactus.
3089 2992 3243 3047 Sicut
3299 3005 3480 3047 autem

1916 3088 2107 3147 sponte
2138 3088 2323 3133 nostra
2354 3081 2405 3133 in
2438 3080 2663 3133 affectus
2702 3091 2919 3135 nostros
2949 3083 3161 3151 abrepti
3186 3084 3480 3151 providen-

249 3154 350 3257 τῇς
373 3154 769 3256 δἾμιουργικῆς
806 3160 1066 3257 Ιίρονοίας
1101 3166 1193 3214 καὶ
1214 3166 1307 3234 τῆς
1340 3167 1474 3236 πρὸς
1503 3172 1593 3222 τὸν
1622 3172 1811 3242 ἁληοι-
1834 3197 1878 3257 C

1834 3197 1878 3257 ρ
1922 3169 1992 3222 tia
2026 3170 2294 3223 Creatoris
2341 3171 2565 3238 ejusque
2598 3180 2655 3224 ut
2681 3172 2790 3223 veri
2826 3172 3120 3225 conditoris
3142 3175 3483 3241 possessione

251 3244 343 3294 νὸν
374 3244 620 3312 πλάστην
672 3247 994 3310 οἰκειώσεως
1032 3252 1411 3325 διαπίπτομεν,
1452 3259 1543 3312 τὸν
1576 3262 1816 3332 Πονηρὸν

250 3331 305 3381 δὲ
335 3332 602 3402 δεσπότην
631 3336 843 3399 ἑαυτοῖς
877 3340 1261 3412 ἐπεισάγομεν,
1308 3351 1401 3399 καὶ
1433 3350 1533 3419 τὴν
1567 3331 1817 3420 γλῶσσαν

249 3424 463 3485 όξύνειν
512 3424 651 3477 κατὰ
696 3427 790 3478 τοῦ
841 3431 1126 3500 εὐεργέτου
1175 3438 1266 3487 καὶ
1319 3440 1552 3494 πλάστου
1582 3446 1686 3498 ὑπὸ
1722 3449 1815 3501 τοῦ

255 3514 524 3579 Πολεμίου
552 3518 988 3588 ἀναπεισοόμεθα
1017 3541 1029 3553 ·
1060 3524 1229 3588 οὕτως
1274 3528 1338 3579 ἂν
1384 3533 1491 3584 τῶν
1538 3538 1722 3591 παθῶν
1756 3541 1818 3593 τὸ

256 3599 446 3699 σκότος
471 3602 814 3673 ἐκφύγωμεν,
852 3610 946 3661 καὶ
994 3613 1094 3681 τήν
1141 3632 1197 3667 τε
1229 3617 1404 3689 ψυχὴν
1435 3625 1525 3674 καὶ
1559 3626 1619 3677 τὺ
1662 3629 1816 3699 σῶμα

252 3690 389 3741 Θεοῦ
425 3692 880 3765 δημιουργήματα
915 3704 1207 3771 ἐπιγνῶναι
1256 3709 1590 3783 θελήσωμεν,
1620 3720 1815 3773 αὐτίκα

256 3781 353 3846 μὲν
380 3781 674 3850 ἐλαύνομεν
690 3787 783 3855 τῆς
807 3790 927 3841 καθ’
950 3793 1103 3861 ἡμῶν
1128 3801 1439 3867 τυραννίδος
1464 3781 1553 3857 τὸν
1571 3809 1811 3879 Ἐχθρδν,

254 3875 348 3973 iui.
408 3875 703 3973 ὀφθαλμοῖς
776 3884 989 3953 ὁρῶμεν
1059 3894 1488 3963 κεκαθαρμένοις
1548 3875 1815 3973 μηδεμίαν

252 3966 441 4033 ἔχοντα
469 3966 590 4018 καθ’
616 3972 769 4037 ἡμῶν
806 3978 939 4044 μήτε
973 3979 1140 4047 ἰσχὺν,
1172 3983 1305 4050 μήτε
1338 3966 1648 4058 κυριότήτα,
1682 3966 1813 4048 αλλὰ

254 4061 705 4128 συμπατούμενοι
725 4064 817 4114 καὶ
842 4064 1236 4137 διαγελώμενον
1266 4073 1352 4140 ὑφ’
1379 4076 1554 4143 ἡμῶν,
1578 4081 1736 4132 αὐτόν
1754 4100 1811 4134 τε

251 4144 347 4195 καὶ
382 4147 559 4198 πᾶσαν
598 4150 764 4201 αὑτοῦ
813 4152 913 4221 τὴν
958 4154 1205 4226 δύναμιν.
1252 4162 1374 4213 Ἐπὶ
1424 4166 1651 4219 ἀσπίδα
1683 4169 1808 4236 γὰρ,

254 4235 409 4300 φησὶ,
447 4236 541 4288 καὶ
575 4239 949 4300 βασιλίσκων
974 4244 1232 4314 ἐπιϐήσῃ
1253 4251 1347 4301 καὶ
1375 4235 1811 4323 κίιταπατήσεις

250 4329 470 4380 λέοντα
492 4330 589 4380 καὶ
614 4331 929 4397 δράκοντα.
974 4336 1115 4399 Ἕως
1146 4341 1188 4390 δ’
1214 4340 1278 4392 ἂν
1301 4345 1420 4404 ταῖς
1452 4345 1811 4418 ψυχοφθόροις

252 4417 462 4484 ἡδοναῖς
492 4420 840 4489 ἰλυσπώμεθα
865 4425 997 4491 (6Ἱ),
1039 4428 1132 4480 καὶ
1161 4431 1333 4483 ὀπίσω
1362 4434 1468 4487 τῶν
1485 4417 1807 4507 ἐπιθυμιῶν,

1917 3260 2234 3325 excidimus,
2288 3262 2525 3315 vicissim
2565 3276 2696 3314 vero
2745 3262 2946 3315 malum
2991 3262 3273 3316 dominum
3320 3265 3481 3319 nobis

1917 3352 2253 3417 asciscimus,
2302 3362 2358 3407 et
2402 3355 2468 3407 ad
2511 3354 2805 3408 acuendam
2849 3354 2903 3407 in
2947 3355 3344 3410 henefactorrtn
3380 3358 3483 3411 lin-

1915 3458 2070 3511 gnam
2099 3443 2167 3496 ab
2196 3444 2349 3496 hoste
2374 3442 2565 3495 adduci
2589 3459 2687 3496 nos
2717 3444 2985 3511 patimur;
3008 3445 3165 3505 ita,si
3190 3445 3479 3502 affectuum

1915 3532 2196 3602 caliginem
2229 3531 2519 3601 fugiamus,
2551 3533 2706 3585 facile
2732 3542 2785 3586 et
2814 3535 3049 3586 animam
3077 3544 3132 3588 et
3154 3549 3353 3602 corpus
3381 3553 3480 3605 pro

1916 3625 2175 3678 creaturis
2251 3625 2341 3678 Dei
2408 3640 2700 3692 agnoscere
2766 3625 3043 3690 velimus,
3116 3636 3227 3678 tum
3300 3628 3477 3683 statim

1917 3717 2125 3769 hostem
2162 3733 2189 3769 a
2226 3717 2503 3785 tyrannica
2534 3717 2584 3768 in
2623 3732 2722 3769 nos
2775 3716 2999 3783 imperio
3042 3717 3389 3785 repellimus,
3423 3728 3479 3772 ct

1916 3810 2065 3877 puris
2095 3808 2264 3861 oculis
2283 3823 2403 3861 cum
2430 3808 2571 3859 nulla
2604 3807 2864 3860 adversus
2893 3822 2992 3861 nos
3020 3808 3069 3860 vi
3093 3816 3187 3861 aut
3213 3818 3477 3878 potestate

1916 3899 2284 3962 instructum,
2340 3899 2433 3952 sed
2488 3899 2861 3951 (-onculcalum
2920 3899 3099 3966 potius
3138 3914 3167 3951 a
3212 3901 3369 3955 nobis
3424 3912 3478 3956 rt

1914 4002 2034 4039 cum
2066 3987 2213 4039 omni
2245 4002 2340 4039 sua
2380 3987 2620 4055 potentia
2657 3987 2889 4040 ludibrio
2918 3988 3160 4040 habitum
3205 3991 3474 4059 conSpici-

1913 4092 2055 4129 mus.
2100 4074 2267 4143 Super
2298 4077 2479 4143 aspide
2507 4079 2666 4138 enim,
2697 4077 2893 4146 inquit,
2920 4088 2967 4129 et
2997 4079 3238 4132 basilisca
3267 4084 3476 4148 gradie-

1914 4170 2006 4229 ris,
2047 4168 2342 4237 leonemque
2386 4178 2433 4221 et
2462 4171 2739 4222 draconem
2791 4171 3110 4223 conculcabis
3142 4173 3206 4225 ⁷³.
3248 4172 3473 4236 Quando

1913 4272 2042 4310 vero
2073 4258 2122 4309 in
2156 4259 2550 4326 voluptatibus,
2595 4259 2789 4311 animm
2843 4260 3105 4327 pestibus,
3145 4263 3468 4327 volutamur,

1914 4355 1968 4397 et
1996 4346 2337 4413 cupiditates,
2366 4347 2417 4398 in
2450 4362 2585 4415 quas
2633 4348 2803 4400 hostis
2849 4364 2948 4401 nos
2997 4348 3243 4417 impellit,
3293 4363 3470 4406 secta-

1914 4453 2055 4500 mur,
2088 4452 2150 4490 ae
2190 4446 2300 4490 tum
2348 4437 2529 4506 lingua
2580 4446 2691 4489 tum
2731 4438 2839 4490 vita
2895 4438 3073 4491 minus
3104 4448 3159 4493 et
3194 4440 3320 4495 boni
3377 4444 3468 4498 D.i

250 4506 385 4573 πρὸς
416 4506 479 4568 ἂς
523 4510 665 4577 ἡμᾶς
688 4512 714 4561 ό
758 4512 977 4581 Ἐχθρὸς
1026 4520 1271 4580 συνωθεῖ,
1304 4506 1676 4593 πορευώμεθα,
1718 4533 1812 4584 καὶ
1836 4522 1889 4579 Ι)
1916 4543 1917 4546 ‘

1799 4522 1889 4582 1D
1916 4528 2082 4579 nostri
2117 4536 2366 4580 naturam
2395 4538 2448 4581 et
2483 4529 2788 4596 imperium,
2820 4541 2874 4585 et
2906 4535 3123 4588 creandi
3151 4535 3466 4606 dignitatem

248 4597 535 4664 τέμνωμεν
565 4602 627 4667 τῇ
656 4600 871 4674 γλώσσῃ
900 4605 991 4657 καὶ
1030 4606 1106 4674 τῷ
1130 4608 1248 4677 βίῳ,
1275 4614 1365 4663 καὶ
1407 4614 1711 4686 δικάζωμεν
1734 4624 1811 4685 είς

253 4688 569 4777 μαχομένας
601 4691 795 4759 μοίρας
835 4694 925 4745 τοῦ
978 4697 1181 4762 ἀγαθοῦ
1215 4702 1307 4753 καὶ
1342 4704 1457 4766 ἐνὸς
1484 4706 1616 4758 Θεοῦ
1660 4710 1813 4777 ἡμῶν

248 4774 347 4842 τὴν
388 4775 550 4841 φύσιν
582 4780 674 4830 καὶ
712 4781 811 4849 τὴν
859 4781 1155 4849 βασιλείαν,
1190 4791 1282 4841 καὶ
1317 4792 1377 4843 τὸ
1408 4794 1508 4860 τῆς
1556 4774 1812 4867 δημιουρ-

250 4863 374 4927 γίας
412 4863 647 4934 ὸξὶωμα,
678 4869 937 4938 οὐμενοῦν
972 4874 1070 4926 οὐκ
1104 4875 1168 4928 ἂν
1203 4880 1357 4946 ἡμῶν
1383 4881 1556 4935 οὐδενὶ
1602 4886 1809 4949 γένοιτο

245 4956 344 5021 τῆς
385 4956 835 5026 ύπεξυυσιότητος
880 4962 973 5013 καὶ
1016 4968 1328 5033 τυραννίδος
1378 4970 1807 5042 ἐλευθερωθῆναι

244 5046 334 5099 τοῦ
375 5047 622 5118 Ἐχθροῦ,
676 5052 770 5103 καὶ
802 5053 931 5123 πρὸς
961 5055 1051 5106 τὸν
1096 5057 1513 5131 ἀληθινὸνήμῶν
1544 5065 1673 5116 Θεὸν
1712 5067 1805 5118 καὶ

246 5136 513 5207 πλάστην,
555 5141 647 5192 καὶ
675 5141 734 5193 τὺ
758 5142 873 5210 φῶς
908 5144 1005 5213 τῆς
1032 5148 1110 5208 εἰς
1142 5150 1301 5204 αὑτὸν
1345 5153 1622 5217 εύσεὸείας
1648 5158 1804 5208 ἐναυ-

244 5229 537 5298 γασθῆναι.
586 5231 681 5283 Διὰ
710 5232 815 5301 γὰρ
843 5234 934 5286 τοῦ
971 5236 1151 5305 σχίσαι
1185 5239 1282 5308 τὴν
1330 5243 1456 5310 μίαν
1483 5246 1653 5314 ἀρχὴν
1710 5247 1801 5299 καὶ

314 5421 359 5455 ”
388 5420 588 5492 Ephes.
619 5442 691 5487 iv,
713 5427 764 5479 6.
841 5428 884 5458 "
909 5428 1048 5482 Psal.
1078 5448 1160 5494 xc,
1199 5434 1277 5485 15.

1910 4632 2156 4671 secamus
2191 4628 2246 4671 et
2280 4619 2332 4670 in
2369 4618 2643 4687 oppositas
2689 4630 2869 4687 partes
2902 4622 3212 4687 dividimus,
3264 4627 3468 4679 nemini

1909 4718 2155 4760 nostrum
2201 4717 2309 4761 tam
2358 4709 2513 4764 beato
2550 4724 2668 4763 esse
2704 4710 2913 4775 licebit,
2946 4722 3004 4765 ut
3046 4714 3113 4767 ab
3158 4715 3327 4769 hostis
3375 4731 3469 4770 su-

1909 4813 2090 4865 prema
2122 4808 2384 4865 potestate
2412 4808 2466 4851 ct
2494 4799 2770 4867 tyrannide
2800 4800 3080 4866 liberetur,
3110 4813 3162 4858 et
3189 4806 3255 4859 ad
3282 4824 3466 4861 verum

1911 4887 2075 4941 Deum
2127 4898 2371 4941 nostrum
2413 4904 2475 4941 ac
2513 4889 2848 4943 conditorem
2903 4893 3183 4963 lucemque
3228 4898 3465 4965 pietatis,

1915 4977 2014 5044 ipsi
2057 4977 2378 5045 probandae,
2430 4978 2775 5045 perducatur.
2822 4980 2988 5033 Deum
3038 4985 3180 5038 enim
3222 5001 3466 5041 secamus

1916 5083 2084 5122 unum
2114 5078 2167 5121 et
2197 5068 2333 5121 idem
2365 5069 2712 5137 principium,
2740 5079 2793 5123 et
2822 5086 2918 5125 nos
2944 5073 3012 5126 ab
3048 5074 3164 5144 ipso
3190 5078 3463 5133 abstrahi-

1910 5174 2051 5221 mus,
2102 5169 2259 5227 atque
2312 5160 2448 5212 adeo
2495 5176 2679 5212 verum
2730 5170 3023 5216 creatorem
3077 5175 3129 5219 et
3178 5166 3460 5222 Dominum

1912 5253 2264 5321 abrogamus,
2316 5251 2522 5317 hostis,
2575 5250 2675 5305 hoc
2710 5251 2825 5320 ipso
2870 5270 3116 5326 magnam
3149 5256 3199 5309 in
3235 5273 3333 5312 nos
3365 5276 3461 5328 p0-

1344 5568 1573 5625 VARIAS
1614 5573 1994 5629 LECTIONES
2039 5575 2125 5628 ΕΤ
2156 5575 2382 5629 NOTAE.

313 5673 425 5758 ((3.6)
461 5677 956 5758 h’gtrzavpduerOt.
990 5680 1065 5758 Ita
1094 5681 1206 5758 lege
1233 5698 1327 5758 pro
1356 5692 1791 5758 κατασυρὸμενα,

240 5743 385 5823 quod
416 5743 962 5823 codexqexhibettac
1008 5752 1048 5801 si
1101 5743 1169 5805 ad
1201 5743 1342 5823 τὲάθη
1378 5772 1476 5809 vox
1512 5743 1789 5815 reierenda

241 5813 335 5876 sit,
365 5826 487 5865 cum
506 5813 685 5882 potius
706 5815 769 5869 ad
796 5816 1007 5880 ἑκόντες
1034 5824 1305 5889 pertinere
1332 5813 1501 5883 nexus
1533 5813 1789 5886 orationis

1902 5693 2545 5833 fsiiilitl'a‘tilvo'zdmeﬂa.
2581 5763 2651 5817 De
2682 5765 2784 5817 hoc
2806 5764 2968 5817 verbo
3004 5766 3115 5833 lege
3149 5766 3454 5829 Samuclem

1899 5829 2219 5886 Bochartum
2243 5832 2294 5885 in
2330 5833 2627 5887 Hierozoiro
2659 5877 2670 5901 ,
2705 5846 2841 5903 part.
2876 5851 2931 5896 ll,
2965 5852 3015 5903 p.
3055 5829 3174 5889 798.
