4222 6432
769 389 865 451 167

1922 392 2181 453 ΡΗΟΤΙΙ
2219 392 2722 452 ΡΑΤΒΙΑΠΟΗΕ
2763 393 2871 453 CP.

3895 387 3999 450 168

765 508 1012 553 tcstatcm
1055 507 1268 559 nactus,
1301 512 1424 550 cum
1465 513 1659 569 magna
1698 499 1932 554 cllicacia
1964 517 2061 554 nos
2088 500 2330 569 impellit,
2361 506 2409 560 Α

2361 506 2409 560 Α
2436 500 2637 568 ταύτης
2664 501 2807 568 ἡμᾶς
2830 499 3030 559 αὑτοὺς
3060 496 3390 566 ἀπορρῆξαι,
3413 497 3507 548 καὶ
3537 495 3630 548 τὸν
3665 494 3763 563 μὲν
3805 493 3999 562 ἀληθι-

764 606 900 658 quos
956 591 1163 643 scilicet
1211 591 1314 643 sibi
1359 593 1430 644 ita
1477 592 1588 658 jam
1647 592 1910 646 obnoxios
1969 594 2224 655 reddidit,
2275 601 2334 645 ut

765 691 981 735 creator
1014 692 1067 736 et
1094 683 1354 735 Dominus
1384 683 1706 751 appelletur.
1742 683 1859 748 Quo
1893 685 2021 752 quid
2055 686 2138 738 vel
2168 683 2334 737 mise-

765 789 881 826 rum
912 775 1082 843 magis
1119 775 1200 827 vel
1231 774 1454 842 impium
1488 776 1714 844 c0gitari
1747 776 1959 844 potest?
2005 776 2332 829 Accedimus

763 866 989 927 scilicet.
1025 867 1212 919 relicto
1258 866 1542 930 Creatore,
1574 868 1638 920 ad
1673 868 1902 928 hostem,
1937 877 1989 919 et
2021 868 2332 920 deserentes

765 955 1106 1010 Servatorein
1151 957 1217 1010 ad
1265 957 1596 1026 perditorcm
1647 959 1915 1012 currimus
1952 976 1965 1011 :
2003 959 2329 1026 despicimus

762 1065 908 1109 eum,
957 1049 1050 1116 qui
1096 1063 1320 1115 regnum
1371 1049 1629 1102 caelorum
1661 1049 1819 1102 nobis
1853 1048 2028 1111 aﬂ‘ert,
2074 1047 2162 1114 qui
2203 1062 2330 1100 vero

761 1139 825 1190 ad
870 1153 1082 1206 poenam
1120 1138 1223 1190 sibi
1269 1147 1507 1205 paratam
1563 1152 1663 1190 nos
1716 1138 1998 1205 pertraltit,
2043 1152 2169 1189 eum
2207 1151 2329 1188 eum

761 1229 939 1283 studio
983 1238 1275 1290 sectamur,
1308 1237 1361 1282 et
1394 1243 1518 1282 cum
1555 1229 1843 1297 deceptore
1882 1228 2094 1297 decepti
2141 1227 2241 1295 ipsi
2275 1227 2330 1280 in

763 1320 1062 1388 gehennam
1094 1319 1234 1387 ignis
1262 1319 1447 1372 aeterni
1489 1320 1839 1374 condemnari
1874 1319 2146 1373 volumus.

2433 591 2518 642 νὺν
2549 589 2777 658 ποιητὴν
2822 590 2913 641 καὶ
2943 589 3220 657 Δεσπότην
3255 586 3550 654 ἀθετῆσαι,
3587 585 3829 653 μεγάλην
3872 584 3998 635 καθ’

2429 681 2585 749 ἡμῶν
2643 680 2934 747 λαμϐάνων
2964 679 3060 747 τὴν
3105 679 3280 748 ἀρχὴν
3313 678 3340 728 ὁ
3381 676 3630 744 Ἐχθρὸς,
3665 673 3841 726 πείθει
3871 674 3996 725 τότε

2433 775 2568 842 μετά
2599 773 2799 841 πολλῆς
2848 773 2946 840 τῆς
2985 771 3254 835 ἐξουσίας,
3303 769 3394 831 οὓς
3426 769 3524 838 ἤδη
3556 769 3746 820 ἔλαϐεν
3789 766 3996 818 ὑποκύ-

2428 865 2632 933 ψαντας
2656 865 2817 916 αὑτοῦ
2841 867 2958 924 ταῖς
2976 865 3195 932 ὁρμαῖς,
3221 864 3315 914 καὶ
3335 862 3562 930 ποιητὴν
3597 859 3691 910 καὶ
3716 859 3998 925 Δεσπότην

2429 955 2590 1008 αὑτὸν
2619 955 2990 1023 ἁνομολογεῖν.
3022 955 3129 1006 Καὶ
3153 954 3204 1004 τί
3231 954 3294 1004 ἂν
3324 953 3411 1021 εἴη
3434 950 3624 1003 τούτου
3643 947 3996 1016 ἁθλιώτερον;

2429 1046 2828 1110 Καταλιπόντες
2856 1049 2949 1099 τὸν
2999 1045 3340 1117 Δημιουργὸν
3389 1043 3739 1111 προέλθωμεν
3771 1039 3881 1108 (68)
3916 1039 3999 1107 τῷ

2441 1138 2666 1208 Ἐχθρῷ,
2715 1139 2808 1190 καὶ
2861 1139 2952 1190 τὸν
2981 1137 3206 1206 Σωτῆρα
3257 1134 3528 1203 φυγόντας
3559 1133 3634 1202 τῷ
3685 1129 3998 1200 φθοροποιῷ

2427 1229 2813 1297 προσδραμεῖν,
2848 1229 2942 1281 καὶ
2970 1228 3061 1279 τὸν
3091 1226 3397 1296 παρέχοντα
3426 1225 3525 1294 μὲν
3548 1224 3644 1294 τὴν
3673 1225 3782 1276 τῶν
3813 1224 3989 1291 οὐρα-

2429 1321 2533 1373 νῶν
2574 1320 2849 1390 βασιλείαν
2901 1319 3200 1386 ὑπεριδεῖν,
3231 1319 3309 1387 τῷ
3347 1317 3402 1369 δὲ
3434 1317 3570 1386 πρὸς
3615 1316 3714 1385 τὴν
3763 1317 3998 1383 ἡτοιμα-’

763 1410 966 1479 σμένην
987 1408 1134 1477 αὑτῷ
1170 1409 1387 1460 κόλασιν
1408 1411 1618 1461 ἕλκοντι
1661 1409 1965 1470 σπουδαίως
1992 1409 2430 1475 κατακολουθεῖν,
2484 1413 2580 1464 καὶ
2603 1413 2683 1474 είς
2707 1412 2804 1482 τὴν
2830 1410 3055 1478 γέενναν
3108 1396 3220 1475 guis
3287 1407 3645 1466 ἀτελευτήτου
3714 1406 3885 1474 πυρὸς
3914 1406 3997 1474 τῷ

762 1499 1036 1552 ἀπατεῶνι
1065 1500 1190 1561 τοὺς
1221 1499 1598 1566 ἀπατηθέντας
1630 1499 2214 1566 συγκαταδικάζεσοαι.

835 1589 992 1643 XVII.
1033 1593 1129 1653 At,
1166 1605 1198 1643 0
1232 1606 1329 1644 vos
1377 1599 1584 1644 naturae
1639 1600 1838 1645 nostra:
1890 1601 1944 1644 ct
1993 1590 2322 1653 ereationis,

761 1697 868 1747 quo
897 1690 1074 1733 tamen
1109 1680 1252 1734 dono
1279 1689 1333 1734 et
1358 1680 1479 1748 jure
1512 1681 1811 1744 excidistis,
1858 1682 2168 1749 participes,
2209 1681 2321 1732 evi-

2503 1591 2603 1644 IZ'.
2650 1590 2810 1652 Ἀλλ’,
2843 1585 2886 1642 ῶ
2925 1588 3171 1642 κοινωνοὶ
3217 1589 3314 1656 τῆς
3343 1588 3500 1658 ἡμῶν
3529 1587 3742 1655 φύσεως
3780 1588 3874 1640 καὶ
3902 1587 3997 1656 δη-

2431 1679 2742 1746 μιουργίας,
2775 1680 2876 1730 κᾶν
2905 1678 3150 1746 ἐξέστητε
3182 1680 3282 1747 τῆς
3317 1678 3545 1747 δωρεᾶς,
3584 1677 3684 1744 ὀψὲ
3708 1675 3839 1742 γοῦν
3863 1678 3994 1744 ἀνα·

761 1772 922 1838 gilate
991 1771 1205 1824 tandem
1268 1769 1591 1837 aliquando,
1640 1779 1693 1822 et
1740 1769 1954 1822 animas
2011 1779 2216 1822 vestras
2255 1768 2319 1822 ad
2356 1790 2428 1861 B'

2356 1808 2396 1861 Β
2426 1770 2690 1839 νήψαντες
2733 1771 3097 1840 ἐπιστρέψατε
3129 1770 3227 1832 τὰς
3267 1770 3491 1837 καρδίας
3531 1768 3683 1837 ὑμῶν
3717 1767 3855 1837 πρὸς
3899 1768 3994 1819 τὸν

761 1873 1108 1912 communem
1155 1858 1438 1911 Dominum
1472 1868 1526 1911 et
1559 1857 1893 1912 conditorem
1927 1869 2196 1920 nostrum,
2235 1859 2323 1911 be-

762 1948 1092 2001 nefactorem
1151 1947 1277 2000 item
1325 1956 1379 2001 et
1421 1946 1796 2016 provisorem,
1867 1950 2195 2012 convertite,
2258 1947 2321 2000 ad

761 2055 905 2104 cum,
959 2040 1198 2106 inquam,
1248 2039 1338 2105 qui
1387 2055 1585 2107 corpus
1636 2039 1912 2104 formavit,
1962 2041 2051 2107 qui
2086 2042 2321 2092 animam

762 2129 1079 2196 inspiravit,
1117 2130 1208 2196 qui
1241 2137 1457 2197 propter
1493 2145 1590 2182 vos
1622 2143 1839 2182 carnem
1882 2129 2196 2197 assumpsit,
2231 2129 2322 2197 qui

763 2219 924 2272 homo
954 2217 1144 2284 factus
1175 2229 1288 2283 est,
1321 2227 1375 2271 et
1413 2218 1704 2271 crucilixus
1727 2257 1742 2279 ,
1777 2227 1830 2270 et
1870 2218 2322 2274 resurrectionem

763 2313 984 2380 proprio
1026 2328 1126 2366 suo
1176 2327 1403 2380 corpore
1457 2311 1716 2365 restituit.
1776 2311 2068 2380 Agttosrite
2123 2312 2322 2363 bonum

763 2405 883 2470 ejus
938 2404 1190 2467 Patrem,
1245 2403 1338 2470 qui
1390 2417 1484 2469 per
1536 2401 1730 2454 Filium
1780 2409 1832 2452 ct
1867 2400 2124 2468 Spiritum
2165 2417 2322 2454 suum

765 2503 1013 2546 sanctum
1044 2493 1224 2545 omnia
1247 2509 1312 2546 ex
1340 2508 1447 2546 non
1472 2491 1854 2547 exsistentibus
1898 2492 2166 2559 produxit,
2196 2492 2324 2544 visi-

767 2587 892 2638 bilia
937 2595 991 2638 et
1038 2585 1364 2648 invisibilia,
1415 2594 1713 2653 potestates
1734 2623 1749 2648 ,
1784 2594 1838 2638 et
1869 2585 2202 2652 principatus
2227 2624 2242 2647 ,
2273 2593 2326 2637 et

767 2678 940 2744 ipsum
955 2693 1170 2745 quoque
1190 2679 1419 2741 hostem;
1441 2691 1546 2728 non
1566 2677 1782 2744 quidem
1799 2676 2014 2728 malitia:
2030 2677 2324 2744 quidquam

769 2771 843 2821 illi
873 2769 1116 2822 tribuens
1145 2787 1157 2821 :
1192 2769 1362 2822 absit!
1397 2767 1670 2836 quomodo
1711 2768 1854 2820 enim
1891 2783 1918 2819 a
1947 2768 2090 2821 bono
2125 2771 2325 2821 malum

769 2861 1033 2928 proficisci
1055 2860 1272 2928 posset?
1307 2859 1399 2911 sed
1428 2859 1688 2912 bonitatis
1709 2859 2026 2926 participem
2058 2859 2287 2911 reddens
2310 2898 2324 2922 ,

766 2969 927 3020 quam
964 2953 1080 3020 ipse
1111 2951 1164 3003 in
1188 2950 1448 3004 malitiam
1471 2950 1759 3014 convertit,
1793 2965 1899 3002 non
1933 2950 2112 3002 minus
2147 2950 2326 3016 acilli,

765 3045 856 3112 qui
893 3044 991 3111 ipsi
1037 3058 1184 3096 nunc
1225 3041 1618 3110 obsequuntur.
1649 3039 1783 3093 Nam
1817 3051 1872 3094 et
1912 3042 2010 3106 illi,
2043 3053 2326 3110 postquam

2428 1861 2604 1913 κοινὸν
2628 1862 2902 1931 Δεσπότην
2925 1867 3017 1914 καὶ
3039 1861 3399 1930 Δημιουργὸν.
3426 1861 3562 1929 πρὸς
3582 1861 3673 1912 τὸν
3696 1861 3994 1930 εὐεργέτην

2427 1953 2520 2005 καί
2558 1955 2883 2022 προνοητὴν,
2907 1952 3042 2020 πρὸς
3060 1953 3151 2004 τὸν
3188 1951 3560 2004 διαπλάσαντα
3589 1950 3649 2002 τὸ
3683 1951 3869 2018 σῶμα,
3897 1952 3994 2001 καὶ

2427 2043 2809 2111 ὲμπνεύσαντα
2835 2043 2933 2113 τὴν
2964 2043 3163 2112 ψυχὴν,
3206 2043 3342 2112 πρὸς
3363 2043 3453 2094 τὸν
3497 2042 3564 2094 δι’
3593 2043 3738 2110 ἡμᾶς
3771 2058 3994 2110 σαρκω-

2427 2134 2606 2198 θέντα,
2641 2137 2733 2186 καὶ
2763 2134 3273 2202 ένανθρωπήσαντα,
3310 2134 3404 2184 καὶ
3437 2133 3840 2202 σταυρωθέντα,
3899 2134 3994 2184 καὶ

2425 2226 2522 2294 τὴν
2544 2227 2835 2279 ἀνάστασιν
2851 2227 2939 2278 διὰ
2954 2225 3047 2278 τοῦ
3076 2225 3277 2278 οίκείου
3305 2223 3553 2293 σώματος
3581 2225 3991 2292 έγκαινίσαντα.

2439 2318 2736 2385 Ἐπίγνιυτε
2781 2319 2874 2371 τὶν
2927 2318 3128 2384 ἀγαθὸν
3175 2319 3394 2388 Πατέρα
3447 2317 3632 2379 αὑτοῦ,
3665 2318 3724 2381 ὃς
3777 2317 3868 2369 διά
3892 2315 3992 2369 τοῦ

2429 2409 2556 2462 Υίοῦ
2595 2410 2691 2461 καὶ
2716 2409 2804 2462 διὰ
2841 2408 2934 2462 τοῦ
2955 2409 3111 2475 ἁγίου
3143 2409 3458 2478 Πνεὺματος
3481 2409 3643 2461 αὑτοῦ
3673 2411 3852 2462 πάντα
3883 2411 3994 2461 ὑπ-

2427 2499 2652 2566 ἐστησεν
2679 2501 2743 2552 ἐκ
2775 2500 2848 2568 μὴ
2896 2499 3086 2561 ὅντων,
3121 2500 3190 2551 τὰ
3215 2499 3385 2568 ὀρατά
3417 2500 3512 2552 καὶ
3539 2499 3607 2552 τὰ
3633 2500 3866 2569 ἀόρατα,
3893 2501 3994 2561 τὰς

2426 2587 2704 2654 δυνάμεις,
2728 2590 2826 2648 τὰς
2849 2587 3118 2650 ἐξουσίας,
3143 2590 3236 2640 καὶ
3258 2588 3420 2639 αὑτὸν
3442 2589 3533 2640 τὸν
3551 2589 3763 2657 ἐχθρὸν,
3793 2591 3856 2642 οὑ
3891 2607 3995 2640 πο-

2427 2679 2616 2746 νηρίας
2676 2677 2956 2745 μεταδοὺς.
3003 2679 3132 2747 μήτι
3182 2677 3437 2745 γένηταιί
3496 2678 3660 2732 πόθεν
3691 2679 3797 2747 γὰρ
3830 2678 3888 2730 ὲν
3914 2679 3997 2747 τῷ

2428 2767 2614 2836 ἀγαθῷ
2641 2769 2673 2836 ἡ
2707 2768 2986 2837 μετάδοσις
3011 2768 3102 2818 τοῦ
3136 2767 3337 2832 κακοῦ;
3363 2768 3478 2820 ἀλλ’
3505 2767 3837 2838 ἁγαθότητος
3858 2771 3996 2822 ἀπό-

2428 2858 2620 2911 λαυσιν
2645 2858 2962 2928 παρασχὼν,
2993 2861 3057 2928 ἣν
3088 2861 3295 2920 ἐκεῖνος
3333 2859 3629 2927 μετέϐαλεν
3658 2861 3736 2922 είς
3769 2860 3992 2924 κακίαν,

2428 2950 2614 3018 ὥσπερ
2637 2951 2730 3002 καὶ
2755 2951 2804 3001 οἱ
2835 2950 2927 3003 νῦν
2959 2949 3379 3018 πειθαρχοῦντες
3419 2949 3587 3018 αὑτῷ.
3631 2949 3740 3000 Kal.
3768 2949 3878 3017 γὰρ
3901 2949 3996 3001 καὶ

2429 3034 2575 3093 οὗτοι
2610 3041 2866 3102 λαὸόντες
2906 3041 3048 3109 μέγα
3105 3040 3308 3106 ἀγαθὸν
3346 3041 3406 3091 τὸ
3459 3039 3854 3091 αὑτοδέσποτον
3886 3039 3997 3093 τῶν

768 3135 1053 3204 imperium
1081 3135 1131 3187 in
1162 3133 1424 3186 rationem
1449 3148 1625 3197 suam,
1647 3148 1898 3201 magnum
1932 3148 2061 3186 sane
2085 3133 2286 3185 bonunt
2309 3171 2324 3195 ,
2351 3136 2395 3195 (ζ
2427 3133 2435 3182 1

2351 3136 2395 3195 Ω
2427 3132 2722 3200 λογισμῶν,
2758 3133 2824 3184 δι’
2853 3124 2914 3183 οὗ
2944 3132 3038 3183 καὶ
3064 3131 3306 3198 πλάστης
3337 3131 3684 3195 είκονίζεται,
3709 3129 3997 3200 μετέστρε-

768 3227 909 3278 nacti
950 3235 1097 3290 sunt,
1144 3240 1237 3293 per
1265 3224 1408 3293 quod
1441 3224 1555 3293 ipse
1580 3225 1745 3278 etiam
1775 3223 1998 3277 Creator
2029 3239 2325 3292 reprrescn-

770 3327 931 3382 tatur,
961 3317 1016 3370 id
1045 3317 1282 3385 quidem,
1315 3331 1472 3368 usum
1504 3315 1622 3383 ejus
1655 3325 2044 3384 pervertentes,
2075 3316 2126 3368 in
2155 3316 2327 3368 maxi-

771 3421 915 3461 mum
944 3407 1145 3460 malum
1197 3406 1670 3460 transformarunt.
1701 3405 1856 3470 Quod
1886 3408 2027 3459 enim
2062 3408 2129 3459 ad
2160 3408 2324 3460 Crea-

773 3507 938 3549 torem
990 3494 1314 3547 laudandum
1350 3502 1706 3563 acceperant,
1737 3508 1801 3547 eo
1835 3494 1900 3547 ad
1941 3495 2325 3547 celebrandum

770 3586 976 3638 hostem
1014 3585 1095 3638 usi
1149 3594 1320 3638 sunt:
1354 3594 1408 3636 et
1446 3600 1554 3652 quo
1593 3592 1737 3637 recte
1784 3584 1866 3637 usi
1915 3584 2028 3637 ﬁeri
2079 3595 2327 3653 poterant

770 3677 1010 3730 lia-redes
1046 3675 1193 3744 regni
1240 3676 1505 3738 caelestis,
1537 3691 1601 3729 eo
1627 3677 1779 3728 abusi
1828 3677 2126 3745 gehennam
2169 3678 2323 3746 ignis,

767 3767 980 3820 diabolo
1028 3767 1241 3834 parati,
1293 3767 1496 3836 ingredi
1548 3766 1864 3820 allaborant.
1917 3767 2019 3819 Sed
2081 3768 2324 3833 evigilate

771 3861 1004 3924 tandem,
1036 3861 1258 3930 surgite,
1291 3861 1528 3930 vigilate,
1569 3871 1627 3914 ut
1657 3871 1894 3929 potestas
1937 3861 2106 3914 hostis
2144 3863 2323 3931 repel-

769 3952 908 4004 latur
957 3967 986 4004 a
1032 3953 1221 4016 vobis;
1278 3967 1455 4020 neque
1497 3953 1562 4006 ad
1593 3967 1688 4006 vos
1735 3953 1902 4021 rapite
1958 3953 2201 4020 Apostoli
2242 3953 2323 4006 vel

768 4041 948 4108 potius
1013 4041 1247 4109 Spiritus
1317 4042 1490 4094 sancti
1552 4042 1930 4110 praedictiones
2001 4043 2320 4111 implendas.

766 4131 1000 4198 Spiritus
1030 4132 1174 4185 enim
1221 4131 1425 4186 diserte
1452 4131 1527 4185 ait
1571 4148 1586 4184 :
1630 4131 1830 4185 Ultimis
1865 4134 2177 4198 temporibus
2208 4137 2322 4202 qui-

767 4225 890 4276 dam
916 4239 949 4276 a
1001 4224 1100 4290 ﬁde
1144 4228 1417 4288 recedent,
1470 4223 1791 4277 attendentes
1820 4225 2030 4292 spiritui
2059 4225 2250 4277 erroris
2275 4235 2322 4277 et

767 4317 1014 4368 doctrinis
1043 4317 1438 4380 dwmoniorum,
1473 4333 1563 4383 per
1601 4317 1896 4384 hypocrisin
1926 4315 2320 4384 falsiloquom"!

768 4423 985 4475 quarunt
1007 4408 1319 4459 conscientia
1353 4409 1588 4460 cauterio
1614 4409 1787 4460 inusta
1813 4418 1919 4461 est:
1947 4409 2322 4474 prohibentium

2432 3221 2538 3289 ψαν
2586 3220 2765 3284 τοῦτο,
2796 3222 2897 3290 τὴν
2941 3221 3135 3290 χρῆσιν
3190 3221 3356 3272 αὑτοῦ
3398 3220 3806 3290 διαφθείραντες
3857 3221 3996 3290 πρδς

2433 3314 2656 3383 ἔσχατον
2677 3314 2844 3366 κακόν
2865 3329 2879 3344 ο
2897 3313 2964 3365 δι’
2985 3331 3046 3366 ου
3073 3315 3142 3379 γά
3151 3331 3181 3383 ρ
3199 3313 3385 3382 ὑμνεῖν
3405 3313 3596 3366 ἔλαϐον
3620 3313 3712 3366 τὸν
3736 3313 3801 3383 δη
3811 3332 3999 3384 μιουρο

2433 3406 2547 3472 γὸν,
2576 3405 2747 3474 τούτῳ
2777 3405 2910 3476 πρὸς
2928 3405 3127 3475 ὕμνους
3155 3408 3454 3476 ἐχρήσαντο
3481 3405 3575 3459 τοῦ
3615 3406 3861 3476 Ἐχθροῦ.
3889 3408 3999 3459 Καὶ

2434 3497 2514 3549 ὅτι
2545 3491 2588 3563 ᾧ
2634 3497 2948 3566 χρωμένους
2975 3497 3099 3565 ἐνῆν
3138 3498 3237 3565 τῆς
3287 3497 3394 3548 τῶν
3424 3497 3670 3565 οὐρανῶν
3719 3495 3998 3564 βασιλείας

2435 3589 2802 3658 κληρονόμους
2855 3587 3127 3655 γενέσθαι,
3158 3587 3330 3655 τούτῳ
3369 3585 3790 3656 παραχρώμενοι
3826 3603 3996 3638 σπου-

2433 3679 2650 3743 δάζουσι
2679 3679 2774 3747 τὴν
2795 3679 3016 3744 γέενναν
3037 3677 3129 3729 τοῦ
3159 3677 3349 3745 πυρὸς,
3375 3678 3402 3729 ὃ
3429 3678 3753 3746 ἡτοίμασται
3779 3677 3858 3747 τῷ
3876 3678 3996 3731 δια-

2433 3770 2594 3838 δόλῳ,
2621 3767 2890 3820 ὑπελθεῖν.
2923 3767 3060 3818 Ἀλλ’
3083 3767 3411 3836 ἀνανήψατε,
3430 3767 3773 3836 διανάστητε,
3791 3784 3998 3838 γρηγο-

2436 3864 2656 3931 ρήσατε,
2671 3860 2810 3912 ὥστε
2826 3861 2917 3912 τοῦ
2945 3860 3067 3927 Ἐχθ
3079 3860 3171 3928 ροῦ
3187 3860 3284 3929 τὴν
3300 3861 3546 3922 ἐξουσίαν
3577 3862 3998 3929 ἀποσκευασθῆ-

2436 3970 2520 4005 vat
2543 3953 2634 4020 ἀφ’
2668 3953 2841 4022 ὑμῶν,
2884 3951 3016 4020 μηδὲ
3049 3952 3131 4017 ἐφ’
3157 3951 3297 4020 ὑμᾶς
3323 3951 3705 4020 παραστήσατε
3730 3951 3829 4012 τὰς
3859 3953 3996 4004 ἀπο-

2435 4045 2681 4106 στολικάς
2702 4045 3058 4113 προφητείας,
3080 4041 3275 4110 μᾶλλον
3297 4041 3352 4092 δὲ
3379 4042 3476 4104 τὰς
3511 4041 3605 4094 τοῦ
3645 4041 3960 4110 Πνεὺματος
3976 4081 3993 4102 .

2436 4138 2834 4208 πληρουμένας.
2875 4135 2983 4188 Καὶ
3011 4135 3118 4202 γὰρ
3143 4136 3205 4186 τὸ
3235 4133 3455 4202 Πνεῦμα
3488 4131 3664 4202 ῥητῶς
3696 4133 3871 4198 λέγει·
3898 4133 3996 4185 Ἐν

2436 4231 2703 4297 ὑστέροις
2750 4227 2975 4294 καιροῖς
3021 4225 3478 4292 ἀποστήσονταί
3527 4239 3686 4289 τινες
3734 4223 3846 4292 τῆς
3894 4228 3993 4278 πί-

2443 4335 2618 4385 ττεως
2641 4320 3355 4387 προσέχοντεςξπνεύμασι
3384 4316 3619 4382 πλάνης
3639 4315 3750 4386 (69)
3781 4317 3880 4368 καί
3909 4317 3993 4368 διο

2431 4411 2788 4475 δασκαλίαις
2845 4409 3159 4479 δαιμόνων,
3227 4410 3538 4475 ὑποκρίσει
3601 4406 3994 4477 ψευδολόγων

769 4498 977 4561 nubere,
1011 4498 1307 4566 jubentium
1361 4499 1615 4551 abstinere
1674 4516 1704 4550 a
1751 4500 1873 4551 cibis
1914 4515 2038 4568 quos
2090 4499 2225 4552 Deus
2272 4500 2324 4551 in
2359 4481 2436 4554 υς

2322 4481 2402 4549 τι)
2430 4501 3024 4569 κεκαυτηριασμένων
3077 4501 3190 4567 τὴν
3238 4499 3396 4552 ἰδίαν
3445 4498 3821 4564 συνείδησιν,
3879 4515 3989 4549 κω-

767 4603 918 4638 usum
946 4589 1171 4640 condidit
1205 4589 1248 4619 "
1285 4606 1299 4654 ;
1342 4605 1482 4657 quze,
1532 4589 1723 4658 inquit,
1779 4589 1938 4651 Deus,
1988 4605 2095 4644 non
2146 4601 2324 4645 autem

769 4677 939 4731 hostis
979 4679 1243 4733 condidit.
1297 4679 1506 4745 Quibus
1550 4683 1769 4736 autem?
1820 4681 2119 4742 Fidelibus,
2153 4691 2208 4735 et
2237 4683 2322 4746 iis,

766 4769 858 4836 qui
902 4770 1188 4823 veritatem
1241 4781 1596 4842 agnoverunt,
1651 4773 1895 4842 quodne
1928 4774 2067 4827 ullus
2113 4772 2204 4827 tibi
2235 4787 2321 4826 er-

767 4857 919 4914 randi
978 4867 1274 4928 przetextus
1327 4861 1706 4931 relinquatur,
1775 4862 1956 4916 statim
2023 4861 2318 4932 subjungit.

835 5039 882 5066 "
921 5035 936 5090 Ι
980 5035 1124 5090 Tim.
1166 5053 1241 5102 tv,
1272 5039 1383 5093 1-5.

2424 4595 2696 4647 λυόντων
2732 4592 2958 4662 γαμεῖν,
3000 4591 3326 4658 ἀπέχεσθαι
3350 4589 3676 4659 βρωμάτων
3714 4591 3751 4642 d
3780 4591 3814 4642 ό
3844 4589 3990 4652 Θεὸς

2424 4687 2664 4738 ἔκτισεν
2688 4688 2772 4749 είς
2813 4685 3177 4752 μετάληψιν.
3215 4687 3282 4737 Ἀ
3303 4725 3318 4749 ,
3366 4685 3548 4752 φησὶν,
3579 4685 3607 4735 ὁ
3643 4681 3796 4745 Θεὸς,
3830 4681 3929 4750 οὑχ
3957 4680 3991 4730 ὁ

2435 4775 2656 4845 Ἐχθρὸς
2689 4775 2890 4828 ἔκτισε.
2923 4776 3028 4828 Καὶ
3055 4775 3228 4838 τίσιν;
3269 4775 3353 4827 ἵνα
3385 4773 3622 4843 μηδεμία
3664 4787 3747 4824 σοι
3779 4770 3984 4838 πλάνης

2421 4869 2692 4938 πρόφασις
2715 4866 3009 4938 ὑπολειφθῇ
3044 4869 3157 4930 τοῖς
3189 4869 3400 4929 πιστοῖς
3434 4866 3595 4929 εὐθὺς
3624 4864 3984 4935 συναρμόττει

1844 5146 2073 5201 νΑΙῖΙᾸΞ
2125 5146 2508 5202 LECTIONES
2541 5149 2626 5203 ET
2657 5150 2885 5206 NOTAE.

840 5288 948 5353 (68)
986 5288 1415 5358 Προέλθωμεν,
1445 5286 1623 5342 Series
1662 5287 1922 5358 orationis
1955 5287 2132 5356 legere
2175 5289 2327 5358 jubet

770 5359 1052 5477 ἔροελοεῖν
1086 5357 1204 5424 μὲν,
1237 5358 1377 5410 sicut
1408 5357 1461 5410 in
1505 5357 1856 5426 sequentibus
1880 5359 2120 5411 occurrit
2151 5375 2323 5429 προσ-

805 5430 1025 5477 οαιιεῖν.
1056 5439 1159 5477 etc.

839 5430 1025 5480 ausiv.
1056 5439 1159 5480 etc.

803 5445 1251 5564 ρῗθίθδίνῖἵὲάονης.
1286 5498 1362 5551 Ita
1395 5497 1450 5550 in
1495 5497 1596 5551 hoc
1631 5496 1782 5550 Pauli
1807 5497 1926 5550 loco
1970 5497 2154 5565 legunt
2190 5514 2326 5550 non-

773 5567 901 5620 nulli
933 5581 997 5618 cx
1026 5569 1299 5620 veteribus
1339 5568 1649 5620 doctoribus
1687 5582 1781 5635 pro
1814 5566 2052 5630 πλάνοις,
2088 5569 2227 5635 quod
2271 5569 2323 5620 in

774 5584 901 5620 num
933 5584 997 5618 ex
1026 5584 1299 5620 veteribus
1339 5584 1649 5620 doctoribus
1723 5584 1781 5619 ro
1814 5584 2052 5630 πλανοις,
2088 5584 2227 5635 quoa
2271 5584 2314 5619 tn

774 5635 1048 5690 liodiernis
1095 5636 1372 5690 codicibus
1423 5646 1614 5706 exstat.
1665 5584 1754 5690 ἑξεῖ
1809 5645 1862 5689 et
1898 5639 2052 5703 pauci
2099 5636 2314 5706 quidam

775 5720 935 5775 manu
959 5706 1160 5759 exarati
1181 5707 1424 5759 eamdem
1441 5703 1737 5760 'lectionem
1765 5715 2086 5775 sequuntur,
2116 5703 2229 5759 sive
2253 5723 2317 5759 ex

774 5774 914 5833 facili
975 5776 1252 5851 utriusque
1301 5777 1465 5842 vocis,
1523 5790 1588 5830 ex
1639 5774 2317 5849 eadem’pronuntiatioue

2423 5299 2562 5361 orta,
2593 5292 3005 5358 permutatione,
3035 5292 3150 5345 sive
3177 5308 3272 5360 per
3291 5294 3553 5361 glossema
3586 5310 3650 5348 ex
3681 5294 3882 5350 ann.
3907 5311 3983 5360 tv,

2424 5360 2474 5421 6,
2539 5361 2796 5427 petitum,
2851 5378 2970 5429 quae
3027 5361 3185 5414 Millii
3243 5360 3326 5417 est
3386 5366 3674 5418 sententia.
3727 5365 3804 5418 lbi
3837 5366 3983 5420 enim

2423 5429 2888 5499 nvsapanlivrjg
2933 5441 3282 5485 memoratur.
3327 5432 3500 5486 Nolim
3545 5449 3672 5487 sane
3711 5450 3833 5487 cum
3867 5434 3982 5488 Jos.

2424 5499 2596 5570 Medo,
2615 5497 2693 5561 τὸ,
2715 5497 2941 5566 πλάνης,
2959 5516 3056 5568 pro
3078 5503 3313 5570 genuina
3340 5503 3572 5557 lectione
3605 5504 3804 5557 habere
3825 5514 3878 5557 et
3913 5505 3984 5557 de

2423 5567 2727 5640 i_dolotatria_
2764 5567 3258 5640 explic;ire,jquod
3305 5582 3591 5640 utrumque
3645 5573 3689 5626 is
3736 5576 3864 5628 facit
3921 5575 3982 5627 in

2425 5637 2763 5706 Fragmentis
2809 5639 2998 5692 sacris.
3052 5637 3168 5693 Non
3218 5651 3323 5694 tam
3371 5637 3519 5696 enim
3555 5644 3622 5696 de
3676 5643 3980 5696 idololatria

2425 5707 2724 5774 speciatim,
2769 5723 2928 5786 quam
2959 5709 3026 5760 de
3054 5711 3216 5764 variis
3250 5712 3523 5786 erroribus
3559 5727 3863 5767 sermonem
3891 5711 3981 5768 hic

2427 5793 2564 5845 esse,
2597 5780 2875 5847 sequentia
2901 5790 3162 5829 commata
3190 5780 3454 5841 evincunt
