  <div class='ocr_page' id='page_1' title='image "/cluster/home/n/w/nwhite01/storage/ocr_20150623/102/nnc1.0046979620/092.png"; bbox 0 0 4222 6432; ppageno 0'>
   <div class='ocr_carea' id='block_1_1' title="bbox 286 419 390 484">
    <p class='ocr_par' dir='ltr' id='par_1_1' title="bbox 286 419 390 484">
     <span class='ocr_line' id='line_1_1' title="bbox 286 419 390 484; baseline 0.019 -2"><span class='ocrx_word' id='word_1_1' title='bbox 286 419 390 484; x_wconf 84' lang='lat'><strong>169</strong></span> 
     </span>
    </p>
   </div>
   <div class='ocr_carea' id='block_1_2' title="bbox 1308 423 2507 485">
    <p class='ocr_par' dir='ltr' id='par_1_2' title="bbox 1308 423 2507 485">
     <span class='ocr_line' id='line_1_2' title="bbox 1308 423 2507 485; baseline 0.002 -2"><span class='ocrx_word' id='word_1_2' title='bbox 1308 424 1600 484; x_wconf 75' lang='lat' dir='ltr'><strong>CONTRA</strong></span> <span class='ocrx_word' id='word_1_3' title='bbox 1638 423 2088 484; x_wconf 72' lang='lat' dir='ltr'><strong>MANICII/EOS</strong></span> <span class='ocrx_word' id='word_1_4' title='bbox 2126 424 2354 484; x_wconf 79' lang='lat' dir='ltr'><strong>LIBER</strong></span> <span class='ocrx_word' id='word_1_5' title='bbox 2392 424 2507 485; x_wconf 87' lang='lat' dir='ltr'><strong>III.</strong></span> 
     </span>
    </p>
   </div>
   <div class='ocr_carea' id='block_1_3' title="bbox 3419 427 3518 492">
    <p class='ocr_par' dir='ltr' id='par_1_3' title="bbox 3419 427 3518 492">
     <span class='ocr_line' id='line_1_3' title="bbox 3419 427 3518 492; baseline 0 0"><span class='ocrx_word' id='word_1_6' title='bbox 3419 427 3518 492; x_wconf 83' lang='lat'><strong>170</strong></span> 
     </span>
    </p>
   </div>
   <div class='ocr_carea' id='block_1_4' title="bbox 285 531 1952 609">
    <p class='ocr_par' dir='ltr' id='par_1_4' title="bbox 285 531 1931 604">
     <span class='ocr_line' id='line_1_4' title="bbox 285 531 1931 604; baseline 0 -18"><span class='ocrx_word' id='word_1_7' title='bbox 285 536 383 586; x_wconf 82' lang='grc' dir='ltr'>καὶ</span> <span class='ocrx_word' id='word_1_8' title='bbox 432 533 770 600; x_wconf 74' lang='grc' dir='ltr'><strong>ἐπεγνωκόσι</strong></span> <span class='ocrx_word' id='word_1_9' title='bbox 797 531 897 602; x_wconf 77' lang='grc' dir='ltr'>τὴν</span> <span class='ocrx_word' id='word_1_10' title='bbox 920 531 1200 603; x_wconf 78' lang='grc' dir='ltr'>ἀλήθειαν.</span> <span class='ocrx_word' id='word_1_11' title='bbox 1228 531 1389 584; x_wconf 81' lang='grc' dir='ltr'>’Ὥστε</span> <span class='ocrx_word' id='word_1_12' title='bbox 1422 536 1532 598; x_wconf 76' lang='grc' dir='ltr'>πᾶς</span> <span class='ocrx_word' id='word_1_13' title='bbox 1567 536 1668 604; x_wconf 85' lang='grc' dir='ltr'>μὲν</span> <span class='ocrx_word' id='word_1_14' title='bbox 1705 536 1732 587; x_wconf 83' lang='grc' dir='ltr'><strong>ὁ</strong></span> <span class='ocrx_word' id='word_1_15' title='bbox 1768 551 1861 587; x_wconf 82' lang='grc' dir='ltr'>πι-</span> <span class='ocrx_word' id='word_1_16' title='bbox 1892 545 1931 595; x_wconf 75' lang='grc' dir='ltr'><strong>Α</strong></span> 
     </span>
    </p>
   </div>
   <div class='ocr_carea' id='block_1_5' title="bbox 1856 531 3523 609">
    <p class='ocr_par' dir='ltr' id='par_1_5' title="bbox 1856 535 3523 609">
     <span class='ocr_line' id='line_1_5' title="bbox 1856 535 3523 609; baseline 0.006 -22"><span class='ocrx_word' id='word_1_17' title='bbox 1856 565 1861 574; x_wconf 91' lang='lat'><strong><em>-</em></strong></span> <span class='ocrx_word' id='word_1_18' title='bbox 1892 545 1931 595; x_wconf 75' lang='grc' dir='ltr'><strong>Α</strong></span> <span class='ocrx_word' id='word_1_19' title='bbox 1962 535 2148 603; x_wconf 83' lang='lat' dir='ltr'><strong>Itaque</strong></span> <span class='ocrx_word' id='word_1_20' title='bbox 2184 536 2354 588; x_wconf 81' lang='lat' dir='ltr'><strong>fidelis</strong></span> <span class='ocrx_word' id='word_1_21' title='bbox 2385 537 2585 598; x_wconf 91' lang='lat' dir='ltr'><strong>omnis,</strong></span> <span class='ocrx_word' id='word_1_22' title='bbox 2631 546 2685 590; x_wconf 86' lang='lat' dir='ltr'><strong>et</strong></span> <span class='ocrx_word' id='word_1_23' title='bbox 2708 537 2800 604; x_wconf 91' lang='lat' dir='ltr'><strong>qui</strong></span> <span class='ocrx_word' id='word_1_24' title='bbox 2831 536 3113 591; x_wconf 84' lang='lat' dir='ltr'><strong>veritatem</strong></span> <span class='ocrx_word' id='word_1_25' title='bbox 3147 539 3386 609; x_wconf 79' lang='lat' dir='ltr'><strong>agnovit,</strong></span> <span class='ocrx_word' id='word_1_26' title='bbox 3420 545 3523 598; x_wconf 88' lang='lat' dir='ltr'><strong>scit</strong></span> 
     </span>
    </p>
   </div>
   <div class='ocr_carea' id='block_1_6' title="bbox 285 611 1855 693">
    <p class='ocr_par' dir='ltr' id='par_1_6' title="bbox 285 611 1855 693">
     <span class='ocr_line' id='line_1_6' title="bbox 285 611 1855 693; baseline 0.002 -19"><span class='ocrx_word' id='word_1_27' title='bbox 285 626 413 684; x_wconf 65' lang='grc' dir='ltr'>στος</span> <span class='ocrx_word' id='word_1_28' title='bbox 453 625 545 674; x_wconf 84' lang='grc' dir='ltr'>καὶ</span> <span class='ocrx_word' id='word_1_29' title='bbox 593 623 920 690; x_wconf 75' lang='grc' dir='ltr'><strong>ἐπεγνωκὼς</strong></span> <span class='ocrx_word' id='word_1_30' title='bbox 956 623 1058 693; x_wconf 83' lang='grc' dir='ltr'>τὴν</span> <span class='ocrx_word' id='word_1_31' title='bbox 1102 623 1363 692; x_wconf 83' lang='grc' dir='ltr'>ἀλήθειαν</span> <span class='ocrx_word' id='word_1_32' title='bbox 1386 611 1494 677; x_wconf 74' lang='grc' dir='ltr'>ὂῖδε</span> <span class='ocrx_word' id='word_1_33' title='bbox 1552 626 1731 677; x_wconf 90' lang='grc' dir='ltr'>πάντα</span> <span class='ocrx_word' id='word_1_34' title='bbox 1761 628 1855 678; x_wconf 76' lang='grc' dir='ltr'><strong>καὶ</strong></span> 
     </span>
    </p>
   </div>
   <div class='ocr_carea' id='block_1_7' title="bbox 288 712 1855 784">
    <p class='ocr_par' dir='ltr' id='par_1_7' title="bbox 288 712 1855 784">
     <span class='ocr_line' id='line_1_7' title="bbox 288 712 1855 784; baseline 0.003 -20"><span class='ocrx_word' id='word_1_35' title='bbox 288 713 429 781; x_wconf 86' lang='grc' dir='ltr'><strong>μετά</strong></span> <span class='ocrx_word' id='word_1_36' title='bbox 466 714 704 777; x_wconf 81' lang='grc' dir='ltr'>πάντων,</span> <span class='ocrx_word' id='word_1_37' title='bbox 737 716 830 766; x_wconf 77' lang='grc' dir='ltr'>καὶ</span> <span class='ocrx_word' id='word_1_38' title='bbox 869 715 938 767; x_wconf 81' lang='grc' dir='ltr'>τὰ</span> <span class='ocrx_word' id='word_1_39' title='bbox 974 714 1240 784; x_wconf 84' lang='grc' dir='ltr'>βρώματα</span> <span class='ocrx_word' id='word_1_40' title='bbox 1283 716 1554 784; x_wconf 77' lang='grc' dir='ltr'>κτίσματα</span> <span class='ocrx_word' id='word_1_41' title='bbox 1584 712 1725 768; x_wconf 75' lang='grc' dir='ltr'>εἶναι</span> <span class='ocrx_word' id='word_1_42' title='bbox 1762 715 1855 768; x_wconf 83' lang='grc' dir='ltr'>τοῦ</span> 
     </span>
    </p>
   </div>
   <div class='ocr_carea' id='block_1_8' title="bbox 283 802 1856 874">
    <p class='ocr_par' dir='ltr' id='par_1_8' title="bbox 283 802 1856 874">
     <span class='ocr_line' id='line_1_8' title="bbox 283 802 1856 874; baseline 0.003 -20"><span class='ocrx_word' id='word_1_43' title='bbox 283 802 496 867; x_wconf 79' lang='grc' dir='ltr'>ἀγαθοῦ</span> <span class='ocrx_word' id='word_1_44' title='bbox 529 803 684 858; x_wconf 83' lang='grc' dir='ltr'>Θεοῦ.</span> <span class='ocrx_word' id='word_1_45' title='bbox 743 806 803 856; x_wconf 90' lang='lat'><strong>&#39;0</strong></span> <span class='ocrx_word' id='word_1_46' title='bbox 838 805 896 856; x_wconf 81' lang='grc' dir='ltr'>δὲ</span> <span class='ocrx_word' id='word_1_47' title='bbox 931 807 1012 866; x_wconf 88' lang='grc' dir='ltr'><strong>είς</strong></span> <span class='ocrx_word' id='word_1_48' title='bbox 1055 805 1240 874; x_wconf 68' lang='grc' dir='ltr'>ἕτερον</span> <span class='ocrx_word' id='word_1_49' title='bbox 1277 807 1561 874; x_wconf 80' lang='grc' dir='ltr'><strong>ἀναφέρων</strong></span> <span class='ocrx_word' id='word_1_50' title='bbox 1587 806 1644 870; x_wconf 79' lang='grc' dir='ltr'><strong>ἐξ</strong></span> <span class='ocrx_word' id='word_1_51' title='bbox 1675 806 1856 858; x_wconf 77' lang='grc' dir='ltr'>αὐτῶν</span> 
     </span>
    </p>
   </div>
   <div class='ocr_carea' id='block_1_9' title="bbox 283 887 1851 965">
    <p class='ocr_par' dir='ltr' id='par_1_9' title="bbox 283 887 1851 965">
     <span class='ocr_line' id='line_1_9' title="bbox 283 887 1851 965; baseline 0.003 -22"><span class='ocrx_word' id='word_1_52' title='bbox 283 911 427 953; x_wconf 82' lang='grc' dir='ltr'>τινα,</span> <span class='ocrx_word' id='word_1_53' title='bbox 484 888 638 954; x_wconf 71' lang='grc' dir='ltr'>οὗτός</span> <span class='ocrx_word' id='word_1_54' title='bbox 690 895 806 945; x_wconf 74' lang='grc' dir='ltr'>ἐστι</span> <span class='ocrx_word' id='word_1_55' title='bbox 857 896 986 963; x_wconf 78' lang='grc' dir='ltr'>περὶ</span> <span class='ocrx_word' id='word_1_56' title='bbox 1040 887 1102 946; x_wconf 74' lang='grc' dir='ltr'>οὗ</span> <span class='ocrx_word' id='word_1_57' title='bbox 1142 897 1203 947; x_wconf 78' lang='grc' dir='ltr'>τὸ</span> <span class='ocrx_word' id='word_1_58' title='bbox 1254 897 1409 963; x_wconf 82' lang='grc' dir='ltr'>ᾶγιον</span> <span class='ocrx_word' id='word_1_59' title='bbox 1443 893 1561 948; x_wconf 86' lang='grc' dir='ltr'>εἷπε</span> <span class='ocrx_word' id='word_1_60' title='bbox 1596 896 1851 965; x_wconf 80' lang='grc' dir='ltr'><strong>Πνεῦμα·</strong></span> 
     </span>
    </p>
   </div>
   <div class='ocr_carea' id='block_1_10' title="bbox 288 985 1855 1054">
    <p class='ocr_par' dir='ltr' id='par_1_10' title="bbox 288 985 1855 1054">
     <span class='ocr_line' id='line_1_10' title="bbox 288 985 1855 1054; baseline 0.005 -22"><span class='ocrx_word' id='word_1_61' title='bbox 288 985 504 1033; x_wconf 78' lang='grc' dir='ltr'>Ἔστιν</span> <span class='ocrx_word' id='word_1_62' title='bbox 556 985 589 1035; x_wconf 84' lang='lat' dir='ltr'><strong>d</strong></span> <span class='ocrx_word' id='word_1_63' title='bbox 643 985 1078 1053; x_wconf 79' lang='grc' dir='ltr'>προσεσχηκὼς</span> <span class='ocrx_word' id='word_1_64' title='bbox 1118 987 1420 1054; x_wconf 77' lang='grc' dir='ltr'><strong>πνεύμασι</strong></span> <span class='ocrx_word' id='word_1_65' title='bbox 1465 987 1703 1054; x_wconf 73' lang='grc' dir='ltr'>πλάνης</span> <span class='ocrx_word' id='word_1_66' title='bbox 1759 988 1855 1039; x_wconf 82' lang='grc' dir='ltr'><strong>καί</strong></span> 
     </span>
    </p>
   </div>
   <div class='ocr_carea' id='block_1_11' title="bbox 286 1072 1858 1148">
    <p class='ocr_par' dir='ltr' id='par_1_11' title="bbox 286 1072 1858 1148">
     <span class='ocr_line' id='line_1_11' title="bbox 286 1072 1858 1148; baseline 0.004 -24"><span class='ocrx_word' id='word_1_67' title='bbox 286 1072 709 1139; x_wconf 71' lang='grc' dir='ltr'>διδασκαλίαις</span> <span class='ocrx_word' id='word_1_68' title='bbox 740 1073 1083 1143; x_wconf 81' lang='grc' dir='ltr'><strong>δαιμονίων,</strong></span> <span class='ocrx_word' id='word_1_69' title='bbox 1129 1079 1223 1130; x_wconf 76' lang='grc' dir='ltr'>καὶ</span> <span class='ocrx_word' id='word_1_70' title='bbox 1273 1079 1368 1147; x_wconf 85' lang='grc' dir='ltr'>τῆς</span> <span class='ocrx_word' id='word_1_71' title='bbox 1420 1079 1652 1147; x_wconf 81' lang='grc' dir='ltr'>ἀληθοῦς</span> <span class='ocrx_word' id='word_1_72' title='bbox 1698 1080 1858 1148; x_wconf 80' lang='grc' dir='ltr'>ἡμῶν</span> 
     </span>
    </p>
   </div>
   <div class='ocr_carea' id='block_1_12' title="bbox 286 1164 1858 1238">
    <p class='ocr_par' dir='ltr' id='par_1_12' title="bbox 286 1164 1858 1238">
     <span class='ocr_line' id='line_1_12' title="bbox 286 1164 1858 1238; baseline 0.005 -25"><span class='ocrx_word' id='word_1_73' title='bbox 286 1166 393 1214; x_wconf 82' lang='grc' dir='ltr'><strong>τῶν</strong></span> <span class='ocrx_word' id='word_1_74' title='bbox 428 1165 770 1229; x_wconf 81' lang='grc' dir='ltr'><strong>Χριστιανῶν</strong></span> <span class='ocrx_word' id='word_1_75' title='bbox 818 1166 1053 1229; x_wconf 89' lang='grc' dir='ltr'>πίστεως</span> <span class='ocrx_word' id='word_1_76' title='bbox 1107 1167 1448 1237; x_wconf 84' lang='grc' dir='ltr'>ἀποστάτης·</span> <span class='ocrx_word' id='word_1_77' title='bbox 1502 1170 1631 1238; x_wconf 75' lang='grc' dir='ltr'>περὶ</span> <span class='ocrx_word' id='word_1_78' title='bbox 1659 1164 1733 1223; x_wconf 83' lang='grc' dir='ltr'>ὧν</span> <span class='ocrx_word' id='word_1_79' title='bbox 1765 1171 1858 1222; x_wconf 78' lang='grc' dir='ltr'><strong>καὶ</strong></span> 
     </span>
    </p>
   </div>
   <div class='ocr_carea' id='block_1_13' title="bbox 285 1254 1853 1330">
    <p class='ocr_par' dir='ltr' id='par_1_13' title="bbox 285 1254 1853 1330">
     <span class='ocr_line' id='line_1_13' title="bbox 285 1254 1853 1330; baseline 0.006 -27"><span class='ocrx_word' id='word_1_80' title='bbox 285 1254 516 1321; x_wconf 78' lang='grc' dir='ltr'>ἑτέρωθι</span> <span class='ocrx_word' id='word_1_81' title='bbox 564 1256 592 1306; x_wconf 88' lang='grc' dir='ltr'>ὁ</span> <span class='ocrx_word' id='word_1_82' title='bbox 633 1254 726 1306; x_wconf 77' lang='grc' dir='ltr'>τοῦ</span> <span class='ocrx_word' id='word_1_83' title='bbox 775 1256 1094 1325; x_wconf 81' lang='grc' dir='ltr'>Πνεύματος</span> <span class='ocrx_word' id='word_1_84' title='bbox 1146 1257 1428 1327; x_wconf 82' lang='grc' dir='ltr'><strong>ὑποφήτης</strong></span> <span class='ocrx_word' id='word_1_85' title='bbox 1487 1261 1853 1330; x_wconf 72' lang='grc' dir='ltr'><strong>προφητεύει·</strong></span> 
     </span>
    </p>
   </div>
   <div class='ocr_carea' id='block_1_14' title="bbox 300 1346 1857 1419">
    <p class='ocr_par' dir='ltr' id='par_1_14' title="bbox 300 1346 1857 1419">
     <span class='ocr_line' id='line_1_14' title="bbox 300 1346 1857 1419; baseline 0.006 -23"><span class='ocrx_word' id='word_1_86' title='bbox 300 1347 405 1396; x_wconf 84' lang='grc' dir='ltr'>Ἐν</span> <span class='ocrx_word' id='word_1_87' title='bbox 427 1346 713 1412; x_wconf 78' lang='grc' dir='ltr'><strong>ἐσχάταις</strong></span> <span class='ocrx_word' id='word_1_88' title='bbox 734 1347 1001 1414; x_wconf 80' lang='grc' dir='ltr'><strong>ἡμέραις,</strong></span> <span class='ocrx_word' id='word_1_89' title='bbox 1026 1348 1220 1414; x_wconf 87' lang='grc' dir='ltr'>λέγων,</span> <span class='ocrx_word' id='word_1_90' title='bbox 1243 1350 1642 1416; x_wconf 77' lang='grc' dir='ltr'><strong>ἐνστήσονται</strong></span> <span class='ocrx_word' id='word_1_91' title='bbox 1669 1352 1857 1419; x_wconf 84' lang='grc' dir='ltr'>καιροὶ</span> 
     </span>
    </p>
   </div>
   <div class='ocr_carea' id='block_1_15' title="bbox 287 1436 1856 1509">
    <p class='ocr_par' dir='ltr' id='par_1_15' title="bbox 287 1436 1856 1509">
     <span class='ocr_line' id='line_1_15' title="bbox 287 1436 1856 1509; baseline 0.008 -26"><span class='ocrx_word' id='word_1_92' title='bbox 287 1436 573 1499; x_wconf 82' lang='grc' dir='ltr'>χαλεποί·</span> <span class='ocrx_word' id='word_1_93' title='bbox 607 1436 850 1488; x_wconf 79' lang='grc' dir='ltr'>ἔσονται</span> <span class='ocrx_word' id='word_1_94' title='bbox 878 1437 986 1504; x_wconf 78' lang='grc' dir='ltr'>γὰρ</span> <span class='ocrx_word' id='word_1_95' title='bbox 1025 1440 1077 1489; x_wconf 79' lang='grc' dir='ltr'>οὶ</span> <span class='ocrx_word' id='word_1_96' title='bbox 1114 1437 1407 1505; x_wconf 80' lang='grc' dir='ltr'>ἄνθρωποι</span> <span class='ocrx_word' id='word_1_97' title='bbox 1430 1441 1727 1507; x_wconf 71' lang='grc' dir='ltr'>φίλαυτοι,</span> <span class='ocrx_word' id='word_1_98' title='bbox 1763 1460 1856 1509; x_wconf 73' lang='grc' dir='ltr'>φι-</span> 
     </span>
    </p>
   </div>
   <div class='ocr_carea' id='block_1_16' title="bbox 287 1520 1858 1596">
    <p class='ocr_par' dir='ltr' id='par_1_16' title="bbox 287 1520 1858 1596">
     <span class='ocr_line' id='line_1_16' title="bbox 287 1520 1858 1596; baseline 0.008 -26"><span class='ocrx_word' id='word_1_99' title='bbox 287 1520 596 1586; x_wconf 74' lang='grc' dir='ltr'>λάργυροι,</span> <span class='ocrx_word' id='word_1_100' title='bbox 625 1523 908 1588; x_wconf 73' lang='grc' dir='ltr'><strong>ἀλαζόνες</strong></span> <span class='ocrx_word' id='word_1_101' title='bbox 927 1564 942 1588; x_wconf 95' lang='grc'><strong>,</strong></span> <span class='ocrx_word' id='word_1_102' title='bbox 967 1525 1345 1594; x_wconf 76' lang='grc' dir='ltr'>βλάσφημοι,</span> <span class='ocrx_word' id='word_1_103' title='bbox 1378 1529 1661 1596; x_wconf 74' lang='grc' dir='ltr'><strong>γονεῦσιν</strong></span> <span class='ocrx_word' id='word_1_104' title='bbox 1693 1532 1858 1584; x_wconf 81' lang='grc' dir='ltr'>ἀπει-</span> 
     </span>
    </p>
   </div>
   <div class='ocr_carea' id='block_1_17' title="bbox 287 1611 1858 1690">
    <p class='ocr_par' dir='ltr' id='par_1_17' title="bbox 287 1611 1858 1690">
     <span class='ocr_line' id='line_1_17' title="bbox 287 1611 1858 1690; baseline 0.011 -34"><span class='ocrx_word' id='word_1_105' title='bbox 287 1611 435 1673; x_wconf 77' lang='grc' dir='ltr'><strong>θεῖς.</strong></span> <span class='ocrx_word' id='word_1_106' title='bbox 471 1613 577 1661; x_wconf 76' lang='grc' dir='ltr'>Καὶ</span> <span class='ocrx_word' id='word_1_107' title='bbox 615 1612 682 1662; x_wconf 84' lang='grc' dir='ltr'>τὰ</span> <span class='ocrx_word' id='word_1_108' title='bbox 710 1612 844 1665; x_wconf 80' lang='grc' dir='ltr'>ἄλλα</span> <span class='ocrx_word' id='word_1_109' title='bbox 888 1615 1156 1669; x_wconf 77' lang='grc' dir='ltr'><strong>ἀκόλουθα</strong></span> <span class='ocrx_word' id='word_1_110' title='bbox 1205 1619 1521 1686; x_wconf 81' lang='grc' dir='ltr'><strong>καταλέγων</strong></span> <span class='ocrx_word' id='word_1_111' title='bbox 1563 1621 1732 1690; x_wconf 87' lang='grc' dir='ltr'>πάθη,</span> <span class='ocrx_word' id='word_1_112' title='bbox 1758 1622 1858 1690; x_wconf 83' lang='grc' dir='ltr'><strong>τῆς</strong></span> 
     </span>
    </p>
   </div>
   <div class='ocr_carea' id='block_1_18' title="bbox 288 1701 1859 1780">
    <p class='ocr_par' dir='ltr' id='par_1_18' title="bbox 288 1701 1859 1780">
     <span class='ocr_line' id='line_1_18' title="bbox 288 1701 1859 1780; baseline 0.013 -34"><span class='ocrx_word' id='word_1_113' title='bbox 288 1701 628 1767; x_wconf 69' lang='grc' dir='ltr'>προφητείας</span> <span class='ocrx_word' id='word_1_114' title='bbox 683 1703 856 1772; x_wconf 82' lang='grc' dir='ltr'><strong>πέρας</strong></span> <span class='ocrx_word' id='word_1_115' title='bbox 919 1709 1184 1760; x_wconf 86' lang='grc' dir='ltr'>ποιεῖται·</span> <span class='ocrx_word' id='word_1_116' title='bbox 1243 1711 1563 1778; x_wconf 62' lang='grc' dir='ltr'>Μόρφωσιν</span> <span class='ocrx_word' id='word_1_117' title='bbox 1614 1713 1859 1780; x_wconf 67' lang='grc' dir='ltr'>ἔχοντες</span> 
     </span>
    </p>
   </div>
   <div class='ocr_carea' id='block_1_19' title="bbox 288 1793 1857 1869">
    <p class='ocr_par' dir='ltr' id='par_1_19' title="bbox 288 1793 1857 1869">
     <span class='ocr_line' id='line_1_19' title="bbox 288 1793 1857 1869; baseline 0.008 -28"><span class='ocrx_word' id='word_1_118' title='bbox 288 1793 624 1857; x_wconf 76' lang='grc' dir='ltr'>εὐσεϐείας,</span> <span class='ocrx_word' id='word_1_119' title='bbox 650 1794 763 1859; x_wconf 79' lang='grc' dir='ltr'>τὴν</span> <span class='ocrx_word' id='word_1_120' title='bbox 789 1797 857 1848; x_wconf 81' lang='grc' dir='ltr'>δὲ</span> <span class='ocrx_word' id='word_1_121' title='bbox 878 1797 1134 1866; x_wconf 82' lang='grc' dir='ltr'>δύναμιν</span> <span class='ocrx_word' id='word_1_122' title='bbox 1163 1800 1350 1866; x_wconf 75' lang='grc' dir='ltr'>αὐτῆς</span> <span class='ocrx_word' id='word_1_123' title='bbox 1373 1803 1714 1869; x_wconf 71' lang='grc' dir='ltr'><strong>ἠρνημένοι.</strong></span> <span class='ocrx_word' id='word_1_124' title='bbox 1750 1803 1857 1856; x_wconf 72' lang='grc' dir='ltr'><strong>Καὶ</strong></span> 
     </span>
    </p>
   </div>
   <div class='ocr_carea' id='block_1_20' title="bbox 1955 625 3519 686">
    <p class='ocr_par' dir='ltr' id='par_1_20' title="bbox 1955 625 3519 686">
     <span class='ocr_line' id='line_1_20' title="bbox 1955 625 3519 686; baseline 0.005 -10"><span class='ocrx_word' id='word_1_125' title='bbox 1955 625 2139 677; x_wconf 87' lang='lat' dir='ltr'><strong>omnia</strong></span> <span class='ocrx_word' id='word_1_126' title='bbox 2189 635 2244 679; x_wconf 93' lang='lat' dir='ltr'><strong>et</strong></span> <span class='ocrx_word' id='word_1_127' title='bbox 2280 642 2400 678; x_wconf 86' lang='lat' dir='ltr'><strong>cum</strong></span> <span class='ocrx_word' id='word_1_128' title='bbox 2433 626 2685 679; x_wconf 91' lang='lat' dir='ltr'><strong>omnibus</strong></span> <span class='ocrx_word' id='word_1_129' title='bbox 2714 627 2879 681; x_wconf 90' lang='lat' dir='ltr'><strong>etiam</strong></span> <span class='ocrx_word' id='word_1_130' title='bbox 2907 627 3060 682; x_wconf 87' lang='lat' dir='ltr'><strong>cibos</strong></span> <span class='ocrx_word' id='word_1_131' title='bbox 3092 640 3368 686; x_wconf 88' lang='lat' dir='ltr'><strong>creaturas</strong></span> <span class='ocrx_word' id='word_1_132' title='bbox 3394 632 3519 685; x_wconf 91' lang='lat' dir='ltr'><strong>boni</strong></span> 
     </span>
    </p>
   </div>
   <div class='ocr_carea' id='block_1_21' title="bbox 1958 716 3519 787">
    <p class='ocr_par' dir='ltr' id='par_1_21' title="bbox 1958 716 3519 787">
     <span class='ocr_line' id='line_1_21' title="bbox 1958 716 3519 787; baseline 0.005 -19"><span class='ocrx_word' id='word_1_133' title='bbox 1958 716 2052 769; x_wconf 84' lang='lat' dir='ltr'><strong>Dei</strong></span> <span class='ocrx_word' id='word_1_134' title='bbox 2089 733 2232 770; x_wconf 89' lang='lat' dir='ltr'><strong>esse.</strong></span> <span class='ocrx_word' id='word_1_135' title='bbox 2265 717 2367 782; x_wconf 84' lang='lat' dir='ltr'><strong>Qui</strong></span> <span class='ocrx_word' id='word_1_136' title='bbox 2395 733 2526 771; x_wconf 90' lang='lat' dir='ltr'><strong>vero</strong></span> <span class='ocrx_word' id='word_1_137' title='bbox 2550 719 2795 786; x_wconf 66' lang='lat' dir='ltr'><strong>quaedam</strong></span> <span class='ocrx_word' id='word_1_138' title='bbox 2829 735 2893 773; x_wconf 81' lang='lat' dir='ltr'><strong>ex</strong></span> <span class='ocrx_word' id='word_1_139' title='bbox 2921 721 3028 774; x_wconf 89' lang='lat' dir='ltr'><strong>illis</strong></span> <span class='ocrx_word' id='word_1_140' title='bbox 3049 721 3115 774; x_wconf 90' lang='lat' dir='ltr'><strong>ad</strong></span> <span class='ocrx_word' id='word_1_141' title='bbox 3137 721 3302 774; x_wconf 88' lang='lat' dir='ltr'><strong>alium</strong></span> <span class='ocrx_word' id='word_1_142' title='bbox 3333 723 3519 787; x_wconf 91' lang='lat' dir='ltr'><strong>refert,</strong></span> 
     </span>
    </p>
   </div>
   <div class='ocr_carea' id='block_1_22' title="bbox 1957 807 3521 882">
    <p class='ocr_par' dir='ltr' id='par_1_22' title="bbox 1957 807 3521 882">
     <span class='ocr_line' id='line_1_22' title="bbox 1957 807 3521 882; baseline 0.006 -22"><span class='ocrx_word' id='word_1_143' title='bbox 1957 807 2003 860; x_wconf 90' lang='lat' dir='ltr'><strong>is</strong></span> <span class='ocrx_word' id='word_1_144' title='bbox 2027 815 2131 871; x_wconf 87' lang='lat' dir='ltr'><strong>est,</strong></span> <span class='ocrx_word' id='word_1_145' title='bbox 2167 809 2235 861; x_wconf 89' lang='lat' dir='ltr'><strong>de</strong></span> <span class='ocrx_word' id='word_1_146' title='bbox 2272 825 2378 877; x_wconf 92' lang='lat' dir='ltr'><strong>quo</strong></span> <span class='ocrx_word' id='word_1_147' title='bbox 2406 811 2642 878; x_wconf 74' lang='lat' dir='ltr'><strong>Spiritus</strong></span> <span class='ocrx_word' id='word_1_148' title='bbox 2670 819 2890 864; x_wconf 88' lang='lat' dir='ltr'><strong>sanctus</strong></span> <span class='ocrx_word' id='word_1_149' title='bbox 2927 812 3001 864; x_wconf 86' lang='lat' dir='ltr'><strong>ait</strong></span> <span class='ocrx_word' id='word_1_150' title='bbox 3035 829 3048 867; x_wconf 91' lang='lat'>:</span> <span class='ocrx_word' id='word_1_151' title='bbox 3087 812 3202 876; x_wconf 84' lang='lat' dir='ltr'><strong>Est,</strong></span> <span class='ocrx_word' id='word_1_152' title='bbox 3233 815 3321 882; x_wconf 85' lang='lat' dir='ltr'><strong>qui</strong></span> <span class='ocrx_word' id='word_1_153' title='bbox 3351 827 3521 869; x_wconf 85' lang='lat' dir='ltr'><strong>atten-</strong></span> 
     </span>
    </p>
   </div>
   <div class='ocr_carea' id='block_1_23' title="bbox 1955 900 3519 970">
    <p class='ocr_par' dir='ltr' id='par_1_23' title="bbox 1955 900 3519 970">
     <span class='ocr_line' id='line_1_23' title="bbox 1955 900 3519 970; baseline 0.006 -19"><span class='ocrx_word' id='word_1_154' title='bbox 1955 900 2031 952; x_wconf 88' lang='lat' dir='ltr'><strong>dit</strong></span> <span class='ocrx_word' id='word_1_155' title='bbox 2072 901 2340 968; x_wconf 77' lang='lat' dir='ltr'><strong>spiritibus</strong></span> <span class='ocrx_word' id='word_1_156' title='bbox 2405 903 2598 954; x_wconf 82' lang='lat' dir='ltr'><strong>erroris</strong></span> <span class='ocrx_word' id='word_1_157' title='bbox 2657 913 2702 953; x_wconf 82' lang='lat' dir='ltr'><strong>et</strong></span> <span class='ocrx_word' id='word_1_158' title='bbox 2752 903 3000 954; x_wconf 73' lang='lat' dir='ltr'><strong>doctrinis</strong></span> <span class='ocrx_word' id='word_1_159' title='bbox 3043 910 3360 970; x_wconf 75' lang='lat' dir='ltr'><strong>dwmonum,</strong></span> <span class='ocrx_word' id='word_1_160' title='bbox 3408 917 3519 961; x_wconf 87' lang='lat' dir='ltr'><strong>eta</strong></span> 
     </span>
    </p>
   </div>
   <div class='ocr_carea' id='block_1_24' title="bbox 1956 992 3519 1052">
    <p class='ocr_par' dir='ltr' id='par_1_24' title="bbox 1956 992 3519 1052">
     <span class='ocr_line' id='line_1_24' title="bbox 1956 992 3519 1052; baseline 0.006 -9"><span class='ocrx_word' id='word_1_161' title='bbox 1956 1007 2082 1044; x_wconf 90' lang='lat' dir='ltr'><strong>vera</strong></span> <span class='ocrx_word' id='word_1_162' title='bbox 2114 992 2543 1046; x_wconf 88' lang='lat' dir='ltr'><strong>Christianorum</strong></span> <span class='ocrx_word' id='word_1_163' title='bbox 2583 993 2685 1046; x_wconf 84' lang='lat' dir='ltr'><strong>ﬁde</strong></span> <span class='ocrx_word' id='word_1_164' title='bbox 2710 993 2953 1046; x_wconf 78' lang='lat' dir='ltr'><strong>delector</strong></span> <span class='ocrx_word' id='word_1_165' title='bbox 2977 994 3000 1045; x_wconf 88' lang='lat'><strong>?</strong></span> <span class='ocrx_word' id='word_1_166' title='bbox 3028 996 3100 1050; x_wconf 87' lang='lat' dir='ltr'><strong>De</strong></span> <span class='ocrx_word' id='word_1_167' title='bbox 3135 998 3331 1052; x_wconf 78' lang='lat' dir='ltr'><strong>talibus</strong></span> <span class='ocrx_word' id='word_1_168' title='bbox 3358 999 3519 1052; x_wconf 90' lang='lat' dir='ltr'><strong>etiam</strong></span> 
     </span>
    </p>
   </div>
   <div class='ocr_carea' id='block_1_25' title="bbox 1957 1078 3522 1149">
    <p class='ocr_par' dir='ltr' id='par_1_25' title="bbox 1957 1078 3522 1149">
     <span class='ocr_line' id='line_1_25' title="bbox 1957 1078 3522 1149; baseline 0.006 -20"><span class='ocrx_word' id='word_1_169' title='bbox 1957 1078 2082 1131; x_wconf 80' lang='lat' dir='ltr'><strong>alibi</strong></span> <span class='ocrx_word' id='word_1_170' title='bbox 2110 1078 2343 1148; x_wconf 87' lang='lat' dir='ltr'><strong>Spiritus</strong></span> <span class='ocrx_word' id='word_1_171' title='bbox 2389 1090 2613 1134; x_wconf 90' lang='lat' dir='ltr'><strong>sanctus</strong></span> <span class='ocrx_word' id='word_1_172' title='bbox 2652 1096 2828 1149; x_wconf 64' lang='lat' dir='ltr'><strong>prteco</strong></span> <span class='ocrx_word' id='word_1_173' title='bbox 2872 1083 3236 1136; x_wconf 78' lang='lat' dir='ltr'><strong>vaticinatur:</strong></span> <span class='ocrx_word' id='word_1_174' title='bbox 3286 1083 3354 1138; x_wconf 90' lang='lat' dir='ltr'><strong>In</strong></span> <span class='ocrx_word' id='word_1_175' title='bbox 3391 1087 3522 1140; x_wconf 87' lang='lat' dir='ltr'><strong>ulti-</strong></span> 
     </span>
    </p>
   </div>
   <div class='ocr_carea' id='block_1_26' title="bbox 1958 1168 3518 1240">
    <p class='ocr_par' dir='ltr' id='par_1_26' title="bbox 1958 1168 3518 1240">
     <span class='ocr_line' id='line_1_26' title="bbox 1958 1168 3518 1240; baseline 0.006 -23"><span class='ocrx_word' id='word_1_176' title='bbox 1958 1168 2055 1219; x_wconf 85' lang='lat' dir='ltr'><strong>mis</strong></span> <span class='ocrx_word' id='word_1_177' title='bbox 2091 1168 2287 1231; x_wconf 84' lang='lat' dir='ltr'><strong>diebus,</strong></span> <span class='ocrx_word' id='word_1_178' title='bbox 2343 1169 2616 1236; x_wconf 81' lang='lat' dir='ltr'><strong>inquiens,</strong></span> <span class='ocrx_word' id='word_1_179' title='bbox 2657 1180 2893 1236; x_wconf 86' lang='lat' dir='ltr'><strong>tempora</strong></span> <span class='ocrx_word' id='word_1_180' title='bbox 2941 1171 3171 1240; x_wconf 61' lang='lat' dir='ltr'><strong>diﬁcilia</strong></span> <span class='ocrx_word' id='word_1_181' title='bbox 3225 1173 3518 1227; x_wconf 81' lang='lat' dir='ltr'><strong>imminent.</strong></span> 
     </span>
    </p>
   </div>
   <div class='ocr_carea' id='block_1_27' title="bbox 1963 1256 3518 1333">
    <p class='ocr_par' dir='ltr' id='par_1_27' title="bbox 1963 1256 3518 1333">
     <span class='ocr_line' id='line_1_27' title="bbox 1963 1256 3518 1333; baseline 0.008 -26"><span class='ocrx_word' id='word_1_182' title='bbox 1963 1256 2130 1309; x_wconf 84' lang='lat' dir='ltr'><strong>Erunt</strong></span> <span class='ocrx_word' id='word_1_183' title='bbox 2156 1261 2292 1311; x_wconf 87' lang='lat' dir='ltr'><strong>enim</strong></span> <span class='ocrx_word' id='word_1_184' title='bbox 2322 1261 2551 1312; x_wconf 83' lang='lat' dir='ltr'><strong>homines</strong></span> <span class='ocrx_word' id='word_1_185' title='bbox 2579 1261 2659 1311; x_wconf 83' lang='lat' dir='ltr'><strong>sui</strong></span> <span class='ocrx_word' id='word_1_186' title='bbox 2690 1271 2948 1323; x_wconf 83' lang='lat' dir='ltr'><strong>amantes,</strong></span> <span class='ocrx_word' id='word_1_187' title='bbox 2982 1262 3154 1328; x_wconf 85' lang='lat' dir='ltr'><strong>avari,</strong></span> <span class='ocrx_word' id='word_1_188' title='bbox 3188 1274 3518 1333; x_wconf 80' lang='lat' dir='ltr'><strong>arrogantes.</strong></span> 
     </span>
    </p>
   </div>
   <div class='ocr_carea' id='block_1_28' title="bbox 1959 1349 3522 1419">
    <p class='ocr_par' dir='ltr' id='par_1_28' title="bbox 1959 1349 3522 1419">
     <span class='ocr_line' id='line_1_28' title="bbox 1959 1349 3522 1419; baseline 0.006 -19"><span class='ocrx_word' id='word_1_189' title='bbox 1959 1349 2261 1416; x_wconf 82' lang='lat' dir='ltr'><strong>blasphemi,</strong></span> <span class='ocrx_word' id='word_1_190' title='bbox 2291 1351 2590 1417; x_wconf 85' lang='lat' dir='ltr'><strong>parentibus</strong></span> <span class='ocrx_word' id='word_1_191' title='bbox 2616 1351 2958 1419; x_wconf 81' lang='lat' dir='ltr'><strong>immorigeri.</strong></span> <span class='ocrx_word' id='word_1_192' title='bbox 2997 1352 3300 1408; x_wconf 81' lang='lat' dir='ltr'><strong>Recensitis</strong></span> <span class='ocrx_word' id='word_1_193' title='bbox 3326 1357 3522 1411; x_wconf 86' lang='lat' dir='ltr'><strong>deinde</strong></span> 
     </span>
    </p>
   </div>
   <div class='ocr_carea' id='block_1_29' title="bbox 1959 1438 3518 1510">
    <p class='ocr_par' dir='ltr' id='par_1_29' title="bbox 1959 1438 3518 1510">
     <span class='ocr_line' id='line_1_29' title="bbox 1959 1438 3518 1510; baseline 0.006 -19"><span class='ocrx_word' id='word_1_194' title='bbox 1959 1438 2077 1492; x_wconf 91' lang='lat' dir='ltr'><strong>aliis</strong></span> <span class='ocrx_word' id='word_1_195' title='bbox 2103 1440 2372 1494; x_wconf 90' lang='lat' dir='ltr'><strong>similibus</strong></span> <span class='ocrx_word' id='word_1_196' title='bbox 2410 1439 2646 1510; x_wconf 82' lang='lat' dir='ltr'><strong>ﬂagitiis,</strong></span> <span class='ocrx_word' id='word_1_197' title='bbox 2680 1444 2916 1494; x_wconf 79' lang='lat' dir='ltr'><strong>vaticinii</strong></span> <span class='ocrx_word' id='word_1_198' title='bbox 2970 1445 3114 1496; x_wconf 85' lang='lat' dir='ltr'><strong>hunc</strong></span> <span class='ocrx_word' id='word_1_199' title='bbox 3157 1445 3285 1498; x_wconf 82' lang='lat' dir='ltr'><strong>facit</strong></span> <span class='ocrx_word' id='word_1_200' title='bbox 3313 1447 3473 1500; x_wconf 76' lang='lat' dir='ltr'><strong>finem</strong></span> <span class='ocrx_word' id='word_1_201' title='bbox 3505 1466 3518 1502; x_wconf 89' lang='lat'>:</span> 
     </span>
    </p>
   </div>
   <div class='ocr_carea' id='block_1_30' title="bbox 1959 1531 3518 1606">
    <p class='ocr_par' dir='ltr' id='par_1_30' title="bbox 1959 1531 3518 1606">
     <span class='ocr_line' id='line_1_30' title="bbox 1959 1531 3518 1606; baseline 0.006 -24"><span class='ocrx_word' id='word_1_202' title='bbox 1959 1531 2056 1592; x_wconf 78' lang='lat' dir='ltr'><strong>Qui</strong></span> <span class='ocrx_word' id='word_1_203' title='bbox 2080 1532 2269 1585; x_wconf 83' lang='lat' dir='ltr'><strong>habent</strong></span> <span class='ocrx_word' id='word_1_204' title='bbox 2286 1535 2510 1602; x_wconf 78' lang='lat' dir='ltr'><strong>formam</strong></span> <span class='ocrx_word' id='word_1_205' title='bbox 2532 1536 2760 1600; x_wconf 86' lang='lat' dir='ltr'><strong>pietatis,</strong></span> <span class='ocrx_word' id='word_1_206' title='bbox 2781 1537 2881 1587; x_wconf 81' lang='lat' dir='ltr'><strong>vim</strong></span> <span class='ocrx_word' id='word_1_207' title='bbox 2899 1552 3018 1587; x_wconf 80' lang='lat' dir='ltr'><strong>vero</strong></span> <span class='ocrx_word' id='word_1_208' title='bbox 3041 1537 3152 1605; x_wconf 79' lang='lat' dir='ltr'><strong>ejus</strong></span> <span class='ocrx_word' id='word_1_209' title='bbox 3175 1537 3434 1606; x_wconf 86' lang='lat' dir='ltr'><strong>abnegant</strong></span> <span class='ocrx_word' id='word_1_210' title='bbox 3453 1540 3518 1592; x_wconf 85' lang='lat'><strong>&quot;.</strong></span> 
     </span>
    </p>
   </div>
   <div class='ocr_carea' id='block_1_31' title="bbox 1961 1619 3521 1684">
    <p class='ocr_par' dir='ltr' id='par_1_31' title="bbox 1961 1619 3521 1684">
     <span class='ocr_line' id='line_1_31' title="bbox 1961 1619 3521 1684; baseline 0.004 -12"><span class='ocrx_word' id='word_1_211' title='bbox 1961 1619 2024 1671; x_wconf 83' lang='lat' dir='ltr'><strong>Et</strong></span> <span class='ocrx_word' id='word_1_212' title='bbox 2069 1624 2504 1684; x_wconf 87' lang='lat' dir='ltr'><strong>quemadmodum</strong></span> <span class='ocrx_word' id='word_1_213' title='bbox 2568 1623 2767 1678; x_wconf 82' lang='lat' dir='ltr'><strong>Jannes</strong></span> <span class='ocrx_word' id='word_1_214' title='bbox 2829 1634 2877 1676; x_wconf 90' lang='lat' dir='ltr'><strong>et</strong></span> <span class='ocrx_word' id='word_1_215' title='bbox 2923 1625 3158 1678; x_wconf 83' lang='lat' dir='ltr'><strong>Jambres</strong></span> <span class='ocrx_word' id='word_1_216' title='bbox 3221 1629 3521 1683; x_wconf 78' lang='lat' dir='ltr'><strong>restiterunt</strong></span> 
     </span>
    </p>
   </div>
   <div class='ocr_carea' id='block_1_32' title="bbox 1961 1709 3519 1786">
    <p class='ocr_par' dir='ltr' id='par_1_32' title="bbox 1961 1709 3519 1786">
     <span class='ocr_line' id='line_1_32' title="bbox 1961 1709 3519 1786; baseline 0.006 -26"><span class='ocrx_word' id='word_1_217' title='bbox 1961 1709 2109 1772; x_wconf 83' lang='lat' dir='ltr'><strong>Mosi,</strong></span> <span class='ocrx_word' id='word_1_218' title='bbox 2144 1711 2217 1762; x_wconf 87' lang='lat' dir='ltr'><strong>ita</strong></span> <span class='ocrx_word' id='word_1_219' title='bbox 2250 1720 2298 1762; x_wconf 88' lang='lat' dir='ltr'><strong>et</strong></span> <span class='ocrx_word' id='word_1_220' title='bbox 2328 1711 2409 1763; x_wconf 87' lang='lat' dir='ltr'><strong>illi</strong></span> <span class='ocrx_word' id='word_1_221' title='bbox 2442 1714 2685 1767; x_wconf 85' lang='lat' dir='ltr'><strong>resistunt</strong></span> <span class='ocrx_word' id='word_1_222' title='bbox 2719 1715 2783 1766; x_wconf 78' lang='grc'><strong>⁷⁸.</strong></span> <span class='ocrx_word' id='word_1_223' title='bbox 2824 1715 2899 1766; x_wconf 92' lang='lat' dir='ltr'><strong>lbi</strong></span> <span class='ocrx_word' id='word_1_224' title='bbox 2927 1717 3208 1786; x_wconf 82' lang='lat' dir='ltr'><strong>eonjungit</strong></span> <span class='ocrx_word' id='word_1_225' title='bbox 3240 1718 3519 1773; x_wconf 83' lang='lat' dir='ltr'><strong>veritatem</strong></span> 
     </span>
    </p>
   </div>
   <div class='ocr_carea' id='block_1_33' title="bbox 1961 1802 3522 1874">
    <p class='ocr_par' dir='ltr' id='par_1_33' title="bbox 1961 1802 3522 1874">
     <span class='ocr_line' id='line_1_33' title="bbox 1961 1802 3522 1874; baseline 0.007 -21"><span class='ocrx_word' id='word_1_226' title='bbox 1961 1817 2084 1854; x_wconf 91' lang='lat' dir='ltr'><strong>cum</strong></span> <span class='ocrx_word' id='word_1_227' title='bbox 2118 1802 2287 1866; x_wconf 86' lang='lat' dir='ltr'><strong>Mose,</strong></span> <span class='ocrx_word' id='word_1_228' title='bbox 2323 1820 2415 1858; x_wconf 87' lang='lat' dir='ltr'><strong>eos</strong></span> <span class='ocrx_word' id='word_1_229' title='bbox 2464 1815 2644 1859; x_wconf 89' lang='lat' dir='ltr'><strong>autem</strong></span> <span class='ocrx_word' id='word_1_230' title='bbox 2683 1808 2795 1874; x_wconf 85' lang='lat' dir='ltr'><strong>qui,</strong></span> <span class='ocrx_word' id='word_1_231' title='bbox 2833 1810 3046 1861; x_wconf 83' lang='lat' dir='ltr'><strong>veritati</strong></span> <span class='ocrx_word' id='word_1_232' title='bbox 3094 1810 3368 1874; x_wconf 88' lang='lat' dir='ltr'><strong>resistant,</strong></span> <span class='ocrx_word' id='word_1_233' title='bbox 3401 1827 3522 1865; x_wconf 90' lang='lat' dir='ltr'><strong>cum</strong></span> 
     </span>
    </p>
   </div>
   <div class='ocr_carea' id='block_1_34' title="bbox 287 1861 1954 1959">
    <p class='ocr_par' dir='ltr' id='par_1_34' title="bbox 287 1861 1932 1958">
     <span class='ocr_line' id='line_1_34' title="bbox 287 1861 1932 1958; baseline 0.009 -26"><span class='ocrx_word' id='word_1_234' title='bbox 287 1881 362 1932; x_wconf 79' lang='grc' dir='ltr'>ὃν</span> <span class='ocrx_word' id='word_1_235' title='bbox 417 1883 636 1946; x_wconf 65' lang='grc' dir='ltr'>τρόπον</span> <span class='ocrx_word' id='word_1_236' title='bbox 716 1885 951 1952; x_wconf 81' lang='grc' dir='ltr'>Ἰαννῆς</span> <span class='ocrx_word' id='word_1_237' title='bbox 997 1861 1097 1940; x_wconf 67' lang='grc' dir='ltr'>καὶ</span> <span class='ocrx_word' id='word_1_238' title='bbox 1166 1861 1438 1958; x_wconf 55' lang='grc' dir='ltr'>Ἰαμιῖρῆς</span> <span class='ocrx_word' id='word_1_239' title='bbox 1486 1861 1860 1958; x_wconf 62' lang='grc' dir='ltr'>ἀνθέστηκεν</span> <span class='ocrx_word' id='word_1_240' title='bbox 1888 1861 1932 1920; x_wconf 75' lang='grc' dir='ltr'><strong>Β</strong></span> 
     </span>
    </p>
   </div>
   <div class='ocr_carea' id='block_1_35' title="bbox 1854 1861 3521 1959">
    <p class='ocr_par' dir='ltr' id='par_1_35' title="bbox 1854 1861 3521 1959">
     <span class='ocr_line' id='line_1_35' title="bbox 1854 1861 3521 1959; baseline 0.01 -17"><span class='ocrx_word' id='word_1_241' title='bbox 1854 1911 1860 1924; x_wconf 73' lang='grc' dir='ltr'><strong>ι</strong></span> <span class='ocrx_word' id='word_1_242' title='bbox 1888 1861 1932 1920; x_wconf 75' lang='grc' dir='ltr'><strong>Β</strong></span> <span class='ocrx_word' id='word_1_243' title='bbox 1959 1891 2132 1948; x_wconf 84' lang='lat' dir='ltr'><strong>Janne</strong></span> <span class='ocrx_word' id='word_1_244' title='bbox 2165 1905 2219 1948; x_wconf 85' lang='lat' dir='ltr'><strong>et</strong></span> <span class='ocrx_word' id='word_1_245' title='bbox 2245 1894 2481 1950; x_wconf 81' lang='lat' dir='ltr'><strong>Jambre.</strong></span> <span class='ocrx_word' id='word_1_246' title='bbox 2503 1898 2555 1949; x_wconf 89' lang='lat' dir='ltr'><strong>Si</strong></span> <span class='ocrx_word' id='word_1_247' title='bbox 2589 1915 2715 1951; x_wconf 88' lang='lat' dir='ltr'><strong>vero</strong></span> <span class='ocrx_word' id='word_1_248' title='bbox 2745 1899 2917 1954; x_wconf 85' lang='lat' dir='ltr'><strong>Moses</strong></span> <span class='ocrx_word' id='word_1_249' title='bbox 2948 1909 3002 1954; x_wconf 90' lang='lat' dir='ltr'><strong>et</strong></span> <span class='ocrx_word' id='word_1_250' title='bbox 3029 1903 3227 1957; x_wconf 85' lang='lat' dir='ltr'><strong>veritas</strong></span> <span class='ocrx_word' id='word_1_251' title='bbox 3258 1905 3308 1956; x_wconf 92' lang='lat' dir='ltr'><strong>in</strong></span> <span class='ocrx_word' id='word_1_252' title='bbox 3334 1906 3521 1959; x_wconf 83' lang='lat' dir='ltr'><strong>eadem</strong></span> 
     </span>
    </p>
   </div>
   <div class='ocr_carea' id='block_1_36' title="bbox 288 1970 1856 2049">
    <p class='ocr_par' dir='ltr' id='par_1_36' title="bbox 288 1970 1856 2049">
     <span class='ocr_line' id='line_1_36' title="bbox 288 1970 1856 2049; baseline 0.008 -27"><span class='ocrx_word' id='word_1_253' title='bbox 288 1970 511 2033; x_wconf 66' lang='grc' dir='ltr'>Μωυσεῖ,</span> <span class='ocrx_word' id='word_1_254' title='bbox 538 1972 691 2024; x_wconf 78' lang='grc' dir='ltr'>οὕτω</span> <span class='ocrx_word' id='word_1_255' title='bbox 727 1976 824 2026; x_wconf 77' lang='grc' dir='ltr'><strong>καί</strong></span> <span class='ocrx_word' id='word_1_256' title='bbox 867 1972 1029 2029; x_wconf 83' lang='grc' dir='ltr'>οὗτοι</span> <span class='ocrx_word' id='word_1_257' title='bbox 1061 1979 1449 2032; x_wconf 82' lang='grc' dir='ltr'>ἀνθίστανται</span> <span class='ocrx_word' id='word_1_258' title='bbox 1481 1979 1555 2047; x_wconf 79' lang='grc' dir='ltr'>τῇ</span> <span class='ocrx_word' id='word_1_259' title='bbox 1585 1983 1856 2049; x_wconf 76' lang='grc' dir='ltr'>ἀληθείᾳ.</span> 
     </span>
    </p>
   </div>
   <div class='ocr_carea' id='block_1_37' title="bbox 291 2064 1856 2144">
    <p class='ocr_par' dir='ltr' id='par_1_37' title="bbox 291 2064 1856 2144">
     <span class='ocr_line' id='line_1_37' title="bbox 291 2064 1856 2144; baseline 0.008 -32"><span class='ocrx_word' id='word_1_260' title='bbox 291 2064 401 2113; x_wconf 69' lang='grc' dir='ltr'>Καὶ</span> <span class='ocrx_word' id='word_1_261' title='bbox 434 2065 542 2132; x_wconf 74' lang='grc' dir='ltr'>γὰρ</span> <span class='ocrx_word' id='word_1_262' title='bbox 585 2067 885 2118; x_wconf 82' lang='grc' dir='ltr'>συντάττει⁶</span> <span class='ocrx_word' id='word_1_263' title='bbox 911 2066 1010 2137; x_wconf 83' lang='grc' dir='ltr'><strong>τὴν</strong></span> <span class='ocrx_word' id='word_1_264' title='bbox 1060 2069 1158 2138; x_wconf 89' lang='grc' dir='ltr'>μὲν</span> <span class='ocrx_word' id='word_1_265' title='bbox 1200 2071 1459 2140; x_wconf 84' lang='grc' dir='ltr'>ἀλήθειαν</span> <span class='ocrx_word' id='word_1_266' title='bbox 1508 2071 1586 2140; x_wconf 85' lang='grc' dir='ltr'>τῷ</span> <span class='ocrx_word' id='word_1_267' title='bbox 1615 2075 1856 2144; x_wconf 78' lang='grc' dir='ltr'>Μωῦσῇ,</span> 
     </span>
    </p>
   </div>
   <div class='ocr_carea' id='block_1_38' title="bbox 289 2156 1860 2236">
    <p class='ocr_par' dir='ltr' id='par_1_38' title="bbox 289 2156 1860 2236">
     <span class='ocr_line' id='line_1_38' title="bbox 289 2156 1860 2236; baseline 0.011 -34"><span class='ocrx_word' id='word_1_268' title='bbox 289 2156 415 2214; x_wconf 64' lang='grc' dir='ltr'>τοὺς</span> <span class='ocrx_word' id='word_1_269' title='bbox 445 2156 502 2205; x_wconf 80' lang='grc' dir='ltr'><strong>δὲ</strong></span> <span class='ocrx_word' id='word_1_270' title='bbox 540 2158 938 2224; x_wconf 74' lang='grc' dir='ltr'><strong>ἀνθεστηκότας</strong></span> <span class='ocrx_word' id='word_1_271' title='bbox 986 2165 1046 2230; x_wconf 80' lang='grc' dir='ltr'>τῇ</span> <span class='ocrx_word' id='word_1_272' title='bbox 1082 2161 1309 2232; x_wconf 70' lang='grc' dir='ltr'>ἀληθείᾳ</span> <span class='ocrx_word' id='word_1_273' title='bbox 1335 2163 1412 2232; x_wconf 86' lang='grc' dir='ltr'>τῷ</span> <span class='ocrx_word' id='word_1_274' title='bbox 1456 2165 1624 2234; x_wconf 84' lang='grc' dir='ltr'>Ἰαννῇ</span> <span class='ocrx_word' id='word_1_275' title='bbox 1659 2167 1752 2219; x_wconf 78' lang='grc' dir='ltr'><strong>καὶ</strong></span> <span class='ocrx_word' id='word_1_276' title='bbox 1781 2168 1860 2236; x_wconf 85' lang='grc' dir='ltr'>τῷ</span> 
     </span>
    </p>
   </div>
   <div class='ocr_carea' id='block_1_39' title="bbox 304 2240 1856 2328">
    <p class='ocr_par' dir='ltr' id='par_1_39' title="bbox 304 2240 1856 2328">
     <span class='ocr_line' id='line_1_39' title="bbox 304 2240 1856 2328; baseline 0.012 -38"><span class='ocrx_word' id='word_1_277' title='bbox 304 2240 554 2310; x_wconf 78' lang='grc' dir='ltr'><strong>Ἰαμῦρῇ.</strong></span> <span class='ocrx_word' id='word_1_278' title='bbox 622 2245 681 2295; x_wconf 87' lang='lat' dir='ltr'><strong>Ei</strong></span> <span class='ocrx_word' id='word_1_279' title='bbox 738 2245 794 2296; x_wconf 87' lang='grc' dir='ltr'>δὲ</span> <span class='ocrx_word' id='word_1_280' title='bbox 845 2247 1083 2318; x_wconf 83' lang='grc' dir='ltr'>Μωῦσῆς</span> <span class='ocrx_word' id='word_1_281' title='bbox 1124 2252 1221 2320; x_wconf 85' lang='grc' dir='ltr'><strong>μὲν</strong></span> <span class='ocrx_word' id='word_1_282' title='bbox 1249 2254 1340 2304; x_wconf 77' lang='grc' dir='ltr'><strong>καὶ</strong></span> <span class='ocrx_word' id='word_1_283' title='bbox 1377 2255 1407 2322; x_wconf 85' lang='grc' dir='ltr'><strong>ή</strong></span> <span class='ocrx_word' id='word_1_284' title='bbox 1449 2255 1671 2325; x_wconf 85' lang='grc' dir='ltr'>ἀλήθεια</span> <span class='ocrx_word' id='word_1_285' title='bbox 1707 2261 1762 2308; x_wconf 83' lang='grc' dir='ltr'>ὲν</span> <span class='ocrx_word' id='word_1_286' title='bbox 1790 2261 1856 2328; x_wconf 82' lang='grc' dir='ltr'>τῇ</span> 
     </span>
    </p>
   </div>
   <div class='ocr_carea' id='block_1_40' title="bbox 290 2335 1860 2419">
    <p class='ocr_par' dir='ltr' id='par_1_40' title="bbox 290 2335 1860 2419">
     <span class='ocr_line' id='line_1_40' title="bbox 290 2335 1860 2419; baseline 0.012 -36"><span class='ocrx_word' id='word_1_287' title='bbox 290 2335 430 2403; x_wconf 75' lang='grc' dir='ltr'>αὐτῇ</span> <span class='ocrx_word' id='word_1_288' title='bbox 463 2335 635 2399; x_wconf 79' lang='grc' dir='ltr'>τάξει,</span> <span class='ocrx_word' id='word_1_289' title='bbox 697 2338 901 2408; x_wconf 72' lang='grc' dir='ltr'>Ἰαννῆς</span> <span class='ocrx_word' id='word_1_290' title='bbox 940 2341 996 2394; x_wconf 83' lang='grc' dir='ltr'>δὲ</span> <span class='ocrx_word' id='word_1_291' title='bbox 1027 2344 1119 2394; x_wconf 76' lang='grc' dir='ltr'>καὶ</span> <span class='ocrx_word' id='word_1_292' title='bbox 1159 2345 1414 2415; x_wconf 78' lang='grc' dir='ltr'>Ἰαμϐρῆς</span> <span class='ocrx_word' id='word_1_293' title='bbox 1443 2348 1554 2416; x_wconf 85' lang='lat'><strong>(70)</strong></span> <span class='ocrx_word' id='word_1_294' title='bbox 1589 2349 1860 2419; x_wconf 82' lang='grc' dir='ltr'>σύστοιχοι</span> 
     </span>
    </p>
   </div>
   <div class='ocr_carea' id='block_1_41' title="bbox 291 2427 1860 2506">
    <p class='ocr_par' dir='ltr' id='par_1_41' title="bbox 291 2427 1860 2506">
     <span class='ocr_line' id='line_1_41' title="bbox 291 2427 1860 2506; baseline 0.011 -30"><span class='ocrx_word' id='word_1_295' title='bbox 291 2429 404 2487; x_wconf 87' lang='grc' dir='ltr'>τοῖς</span> <span class='ocrx_word' id='word_1_296' title='bbox 436 2427 847 2498; x_wconf 80' lang='grc' dir='ltr'>ἀνθισταμένοις</span> <span class='ocrx_word' id='word_1_297' title='bbox 885 2435 949 2503; x_wconf 76' lang='grc' dir='ltr'>τῇ</span> <span class='ocrx_word' id='word_1_298' title='bbox 993 2434 1248 2506; x_wconf 76' lang='grc' dir='ltr'>ἀληθείᾳ,</span> <span class='ocrx_word' id='word_1_299' title='bbox 1293 2438 1406 2499; x_wconf 82' lang='grc' dir='ltr'>πῶς</span> <span class='ocrx_word' id='word_1_300' title='bbox 1440 2439 1500 2491; x_wconf 85' lang='grc' dir='ltr'><strong>οὐ</strong></span> <span class='ocrx_word' id='word_1_301' title='bbox 1535 2440 1654 2492; x_wconf 85' lang='grc' dir='ltr'>κατ’</span> <span class='ocrx_word' id='word_1_302' title='bbox 1684 2442 1860 2494; x_wconf 86' lang='grc' dir='ltr'>αὐτῶν</span> 
     </span>
    </p>
   </div>
   <div class='ocr_carea' id='block_1_42' title="bbox 290 2513 1861 2596">
    <p class='ocr_par' dir='ltr' id='par_1_42' title="bbox 290 2513 1861 2596">
     <span class='ocr_line' id='line_1_42' title="bbox 290 2513 1861 2596; baseline 0.015 -35"><span class='ocrx_word' id='word_1_303' title='bbox 290 2513 322 2579; x_wconf 78' lang='grc' dir='ltr'>ἡ</span> <span class='ocrx_word' id='word_1_304' title='bbox 351 2514 663 2581; x_wconf 70' lang='grc' dir='ltr'>προφητεία</span> <span class='ocrx_word' id='word_1_305' title='bbox 701 2516 872 2570; x_wconf 83' lang='grc' dir='ltr'>ταῦτα</span> <span class='ocrx_word' id='word_1_306' title='bbox 900 2524 1194 2590; x_wconf 84' lang='grc' dir='ltr'>προεῖπεν;</span> <span class='ocrx_word' id='word_1_307' title='bbox 1229 2526 1291 2576; x_wconf 85' lang='grc' dir='ltr'>Οί</span> <span class='ocrx_word' id='word_1_308' title='bbox 1317 2526 1425 2596; x_wconf 85' lang='grc' dir='ltr'>γὰρ</span> <span class='ocrx_word' id='word_1_309' title='bbox 1455 2528 1593 2580; x_wconf 88' lang='grc' dir='ltr'><strong>κατά</strong></span> <span class='ocrx_word' id='word_1_310' title='bbox 1619 2531 1861 2594; x_wconf 85' lang='grc' dir='ltr'>Μωσέως</span> 
     </span>
    </p>
   </div>
   <div class='ocr_carea' id='block_1_43' title="bbox 292 2603 1861 2688">
    <p class='ocr_par' dir='ltr' id='par_1_43' title="bbox 292 2603 1861 2688">
     <span class='ocr_line' id='line_1_43' title="bbox 292 2603 1861 2688; baseline 0.015 -36"><span class='ocrx_word' id='word_1_311' title='bbox 292 2603 597 2667; x_wconf 83' lang='grc' dir='ltr'>λυττῶντες</span> <span class='ocrx_word' id='word_1_312' title='bbox 619 2607 968 2664; x_wconf 77' lang='grc' dir='ltr'>ἀνθίστανται</span> <span class='ocrx_word' id='word_1_313' title='bbox 1000 2613 1098 2682; x_wconf 82' lang='grc' dir='ltr'><strong>μὲν</strong></span> <span class='ocrx_word' id='word_1_314' title='bbox 1127 2617 1192 2682; x_wconf 81' lang='grc' dir='ltr'>τῇ</span> <span class='ocrx_word' id='word_1_315' title='bbox 1226 2616 1474 2688; x_wconf 76' lang='grc' dir='ltr'>ἀληθείᾳ,</span> <span class='ocrx_word' id='word_1_316' title='bbox 1519 2622 1861 2676; x_wconf 72' lang='grc' dir='ltr'>συνίστανται</span> 
     </span>
    </p>
   </div>
   <div class='ocr_carea' id='block_1_44' title="bbox 289 2695 1858 2786">
    <p class='ocr_par' dir='ltr' id='par_1_44' title="bbox 289 2695 1858 2786">
     <span class='ocr_line' id='line_1_44' title="bbox 289 2695 1858 2786; baseline 0.015 -41"><span class='ocrx_word' id='word_1_317' title='bbox 289 2695 350 2745; x_wconf 78' lang='grc' dir='ltr'>δὲ</span> <span class='ocrx_word' id='word_1_318' title='bbox 396 2699 488 2748; x_wconf 81' lang='grc' dir='ltr'><strong>καὶ</strong></span> <span class='ocrx_word' id='word_1_319' title='bbox 541 2701 981 2771; x_wconf 76' lang='grc' dir='ltr'>συνδυσφημοῦσι</span> <span class='ocrx_word' id='word_1_320' title='bbox 1026 2705 1102 2774; x_wconf 77' lang='grc' dir='ltr'>τῷ</span> <span class='ocrx_word' id='word_1_321' title='bbox 1145 2707 1316 2777; x_wconf 84' lang='grc' dir='ltr'>Ίαννῇ</span> <span class='ocrx_word' id='word_1_322' title='bbox 1353 2711 1445 2762; x_wconf 76' lang='grc' dir='ltr'>καὶ</span> <span class='ocrx_word' id='word_1_323' title='bbox 1486 2711 1564 2781; x_wconf 83' lang='grc' dir='ltr'>τῷ</span> <span class='ocrx_word' id='word_1_324' title='bbox 1611 2713 1858 2786; x_wconf 80' lang='grc' dir='ltr'>Ἰαμϐρῇ.</span> 
     </span>
    </p>
   </div>
   <div class='ocr_carea' id='block_1_45' title="bbox 293 2784 1861 2864">
    <p class='ocr_par' dir='ltr' id='par_1_45' title="bbox 293 2784 1861 2864">
     <span class='ocr_line' id='line_1_45' title="bbox 293 2784 1861 2864; baseline 0.014 -28"><span class='ocrx_word' id='word_1_325' title='bbox 293 2786 406 2838; x_wconf 79' lang='grc' dir='ltr'><strong>Καὶ</strong></span> <span class='ocrx_word' id='word_1_326' title='bbox 433 2788 490 2851; x_wconf 74' lang='grc' dir='ltr'><strong>ἐξ</strong></span> <span class='ocrx_word' id='word_1_327' title='bbox 524 2784 584 2838; x_wconf 71' lang='grc' dir='ltr'>οὒ</span> <span class='ocrx_word' id='word_1_328' title='bbox 611 2789 837 2855; x_wconf 79' lang='grc' dir='ltr'>ψεύδους</span> <span class='ocrx_word' id='word_1_329' title='bbox 873 2794 1190 2864; x_wconf 80' lang='grc' dir='ltr'>ἐπήρθησαν</span> <span class='ocrx_word' id='word_1_330' title='bbox 1221 2799 1271 2849; x_wconf 77' lang='lat' dir='ltr'><strong>oi</strong></span> <span class='ocrx_word' id='word_1_331' title='bbox 1316 2801 1538 2854; x_wconf 79' lang='grc' dir='ltr'>παλαιοὶ</span> <span class='ocrx_word' id='word_1_332' title='bbox 1560 2784 1861 2857; x_wconf 81' lang='grc' dir='ltr'>ἀποστάται</span> 
     </span>
    </p>
   </div>
   <div class='ocr_carea' id='block_1_46' title="bbox 294 2877 1861 2954">
    <p class='ocr_par' dir='ltr' id='par_1_46' title="bbox 294 2877 1861 2954">
     <span class='ocr_line' id='line_1_46' title="bbox 294 2877 1861 2954; baseline 0.015 -30"><span class='ocrx_word' id='word_1_333' title='bbox 294 2877 488 2927; x_wconf 77' lang='grc' dir='ltr'>στάσιν</span> <span class='ocrx_word' id='word_1_334' title='bbox 520 2878 660 2930; x_wconf 85' lang='grc' dir='ltr'><strong>κατὰ</strong></span> <span class='ocrx_word' id='word_1_335' title='bbox 686 2881 926 2944; x_wconf 84' lang='grc' dir='ltr'>Μωσέως</span> <span class='ocrx_word' id='word_1_336' title='bbox 957 2886 1290 2954; x_wconf 83' lang='grc' dir='ltr'>ἀναστῆσαι,</span> <span class='ocrx_word' id='word_1_337' title='bbox 1331 2889 1418 2941; x_wconf 89' lang='grc' dir='ltr'><strong>διά</strong></span> <span class='ocrx_word' id='word_1_338' title='bbox 1450 2890 1543 2943; x_wconf 82' lang='grc' dir='ltr'>τοῦ</span> <span class='ocrx_word' id='word_1_339' title='bbox 1572 2893 1734 2946; x_wconf 83' lang='grc' dir='ltr'>αὑτοῦ</span> <span class='ocrx_word' id='word_1_340' title='bbox 1769 2896 1861 2946; x_wconf 83' lang='grc' dir='ltr'>καὶ</span> 
     </span>
    </p>
   </div>
   <div class='ocr_carea' id='block_1_47' title="bbox 291 2966 1859 3052">
    <p class='ocr_par' dir='ltr' id='par_1_47' title="bbox 291 2966 1859 3052">
     <span class='ocr_line' id='line_1_47' title="bbox 291 2966 1859 3052; baseline 0.015 -38"><span class='ocrx_word' id='word_1_341' title='bbox 291 2966 342 3016; x_wconf 73' lang='grc' dir='ltr'>οἱ</span> <span class='ocrx_word' id='word_1_342' title='bbox 373 2966 483 3017; x_wconf 84' lang='grc' dir='ltr'>νέοι</span> <span class='ocrx_word' id='word_1_343' title='bbox 511 2966 936 3034; x_wconf 77' lang='grc' dir='ltr'>ήλαζονεύσαντο</span> <span class='ocrx_word' id='word_1_344' title='bbox 966 2975 1107 3026; x_wconf 85' lang='grc' dir='ltr'><strong>κατά</strong></span> <span class='ocrx_word' id='word_1_345' title='bbox 1129 2993 1186 3027; x_wconf 88' lang='grc' dir='ltr'><strong>τε</strong></span> <span class='ocrx_word' id='word_1_346' title='bbox 1219 2977 1325 3029; x_wconf 82' lang='grc' dir='ltr'>τῶν</span> <span class='ocrx_word' id='word_1_347' title='bbox 1354 2980 1659 3034; x_wconf 86' lang='grc' dir='ltr'>Μωσαῐκῶν</span> <span class='ocrx_word' id='word_1_348' title='bbox 1681 3000 1859 3052; x_wconf 85' lang='grc' dir='ltr'>γραμ-</span> 
     </span>
    </p>
   </div>
   <div class='ocr_carea' id='block_1_48' title="bbox 295 3057 1861 3140">
    <p class='ocr_par' dir='ltr' id='par_1_48' title="bbox 295 3057 1861 3140">
     <span class='ocr_line' id='line_1_48' title="bbox 295 3057 1861 3140; baseline 0.014 -35"><span class='ocrx_word' id='word_1_349' title='bbox 295 3057 508 3122; x_wconf 81' lang='grc' dir='ltr'><strong>μάτων,</strong></span> <span class='ocrx_word' id='word_1_350' title='bbox 542 3060 635 3110; x_wconf 83' lang='grc' dir='ltr'>καὶ</span> <span class='ocrx_word' id='word_1_351' title='bbox 663 3060 755 3112; x_wconf 84' lang='grc' dir='ltr'><strong>τοῦ</strong></span> <span class='ocrx_word' id='word_1_352' title='bbox 785 3062 954 3115; x_wconf 82' lang='grc' dir='ltr'>ταῦτα</span> <span class='ocrx_word' id='word_1_353' title='bbox 985 3066 1446 3136; x_wconf 84' lang='grc' dir='ltr'>νομοθετήσαντος</span> <span class='ocrx_word' id='word_1_354' title='bbox 1463 3075 1748 3140; x_wconf 84' lang='grc' dir='ltr'>τυραννίδα</span> <span class='ocrx_word' id='word_1_355' title='bbox 1777 3093 1861 3126; x_wconf 81' lang='grc' dir='ltr'>κι-</span> 
     </span>
    </p>
   </div>
   <div class='ocr_carea' id='block_1_49' title="bbox 1961 1984 3524 2061">
    <p class='ocr_par' dir='ltr' id='par_1_49' title="bbox 1961 1984 3524 2061">
     <span class='ocr_line' id='line_1_49' title="bbox 1961 1984 3524 2061; baseline 0.008 -26"><span class='ocrx_word' id='word_1_356' title='bbox 1961 1984 2133 2037; x_wconf 89' lang='lat' dir='ltr'><strong>classe</strong></span> <span class='ocrx_word' id='word_1_357' title='bbox 2163 1995 2311 2044; x_wconf 86' lang='lat' dir='ltr'><strong>sunt,</strong></span> <span class='ocrx_word' id='word_1_358' title='bbox 2356 1985 2560 2039; x_wconf 85' lang='lat' dir='ltr'><strong>Jannes</strong></span> <span class='ocrx_word' id='word_1_359' title='bbox 2593 1997 2770 2041; x_wconf 81' lang='lat' dir='ltr'><strong>autem</strong></span> <span class='ocrx_word' id='word_1_360' title='bbox 2811 1999 2860 2042; x_wconf 86' lang='lat' dir='ltr'><strong>et</strong></span> <span class='ocrx_word' id='word_1_361' title='bbox 2896 1990 3143 2044; x_wconf 73' lang='lat' dir='ltr'><strong>Jambres</strong></span> <span class='ocrx_word' id='word_1_362' title='bbox 3195 1995 3524 2061; x_wconf 83' lang='lat' dir='ltr'><strong>respondent</strong></span> 
     </span>
    </p>
   </div>
   <div class='ocr_carea' id='block_1_50' title="bbox 1963 2075 3523 2149">
    <p class='ocr_par' dir='ltr' id='par_1_50' title="bbox 1963 2075 3523 2149">
     <span class='ocr_line' id='line_1_50' title="bbox 1963 2075 3523 2149; baseline 0.009 -22"><span class='ocrx_word' id='word_1_363' title='bbox 1963 2075 2026 2129; x_wconf 91' lang='lat' dir='ltr'><strong>iis</strong></span> <span class='ocrx_word' id='word_1_364' title='bbox 2055 2077 2145 2144; x_wconf 93' lang='lat' dir='ltr'><strong>qui</strong></span> <span class='ocrx_word' id='word_1_365' title='bbox 2179 2077 2435 2131; x_wconf 90' lang='lat' dir='ltr'><strong>resistunt</strong></span> <span class='ocrx_word' id='word_1_366' title='bbox 2469 2080 2701 2143; x_wconf 87' lang='lat' dir='ltr'><strong>veritati,</strong></span> <span class='ocrx_word' id='word_1_367' title='bbox 2759 2083 3032 2149; x_wconf 87' lang='lat' dir='ltr'><strong>quomodo</strong></span> <span class='ocrx_word' id='word_1_368' title='bbox 3085 2100 3192 2136; x_wconf 88' lang='lat' dir='ltr'><strong>non</strong></span> <span class='ocrx_word' id='word_1_369' title='bbox 3243 2086 3409 2140; x_wconf 87' lang='lat' dir='ltr'><strong>etiam</strong></span> <span class='ocrx_word' id='word_1_370' title='bbox 3457 2089 3523 2141; x_wconf 89' lang='lat' dir='ltr'><strong>de</strong></span> 
     </span>
    </p>
   </div>
   <div class='ocr_carea' id='block_1_51' title="bbox 1962 2168 3520 2239">
    <p class='ocr_par' dir='ltr' id='par_1_51' title="bbox 1962 2168 3520 2239">
     <span class='ocr_line' id='line_1_51' title="bbox 1962 2168 3520 2239; baseline 0.008 -19"><span class='ocrx_word' id='word_1_371' title='bbox 1962 2168 2064 2221; x_wconf 84' lang='lat' dir='ltr'><strong>illis</strong></span> <span class='ocrx_word' id='word_1_372' title='bbox 2092 2170 2374 2237; x_wconf 84' lang='lat' dir='ltr'><strong>prophetia</strong></span> <span class='ocrx_word' id='word_1_373' title='bbox 2404 2171 2518 2224; x_wconf 64' lang='lat' dir='ltr'><strong>haec</strong></span> <span class='ocrx_word' id='word_1_374' title='bbox 2566 2172 2884 2239; x_wconf 84' lang='lat' dir='ltr'><strong>accipienda</strong></span> <span class='ocrx_word' id='word_1_375' title='bbox 2922 2183 3000 2228; x_wconf 86' lang='lat' dir='ltr'><strong>est</strong></span> <span class='ocrx_word' id='word_1_376' title='bbox 3030 2175 3054 2225; x_wconf 69' lang='grc' dir='ltr'><strong><em>Ῥ</em></strong></span> <span class='ocrx_word' id='word_1_377' title='bbox 3105 2174 3182 2228; x_wconf 93' lang='lat' dir='ltr'><strong>Illi</strong></span> <span class='ocrx_word' id='word_1_378' title='bbox 3219 2177 3361 2229; x_wconf 90' lang='lat' dir='ltr'><strong>enim</strong></span> <span class='ocrx_word' id='word_1_379' title='bbox 3394 2179 3520 2232; x_wconf 92' lang='lat' dir='ltr'><strong>dum</strong></span> 
     </span>
    </p>
   </div>
   <div class='ocr_carea' id='block_1_52' title="bbox 1961 2257 3519 2333">
    <p class='ocr_par' dir='ltr' id='par_1_52' title="bbox 1961 2257 3519 2333">
     <span class='ocr_line' id='line_1_52' title="bbox 1961 2257 3519 2333; baseline 0.008 -22"><span class='ocrx_word' id='word_1_380' title='bbox 1961 2258 2014 2311; x_wconf 90' lang='lat' dir='ltr'><strong>in</strong></span> <span class='ocrx_word' id='word_1_381' title='bbox 2071 2257 2254 2312; x_wconf 82' lang='lat' dir='ltr'><strong>Mosen</strong></span> <span class='ocrx_word' id='word_1_382' title='bbox 2311 2259 2633 2325; x_wconf 90' lang='lat' dir='ltr'><strong>insaniunt,</strong></span> <span class='ocrx_word' id='word_1_383' title='bbox 2688 2262 2949 2317; x_wconf 83' lang='lat' dir='ltr'><strong>resistunt</strong></span> <span class='ocrx_word' id='word_1_384' title='bbox 3005 2265 3224 2333; x_wconf 85' lang='lat' dir='ltr'><strong>quidem</strong></span> <span class='ocrx_word' id='word_1_385' title='bbox 3273 2269 3519 2333; x_wconf 89' lang='lat' dir='ltr'><strong>veritati,</strong></span> 
     </span>
    </p>
   </div>
   <div class='ocr_carea' id='block_1_53' title="bbox 1961 2349 3523 2430">
    <p class='ocr_par' dir='ltr' id='par_1_53' title="bbox 1961 2349 3523 2430">
     <span class='ocr_line' id='line_1_53' title="bbox 1961 2349 3523 2430; baseline 0.008 -28"><span class='ocrx_word' id='word_1_386' title='bbox 1961 2349 2235 2418; x_wconf 84' lang='lat' dir='ltr'><strong>conjuncti</strong></span> <span class='ocrx_word' id='word_1_387' title='bbox 2267 2367 2396 2406; x_wconf 88' lang='lat' dir='ltr'><strong>vero</strong></span> <span class='ocrx_word' id='word_1_388' title='bbox 2429 2362 2704 2408; x_wconf 90' lang='lat' dir='ltr'><strong>suntcum</strong></span> <span class='ocrx_word' id='word_1_389' title='bbox 2731 2352 2906 2409; x_wconf 78' lang='lat' dir='ltr'><strong>Janne</strong></span> <span class='ocrx_word' id='word_1_390' title='bbox 2937 2366 2990 2409; x_wconf 91' lang='lat' dir='ltr'><strong>et</strong></span> <span class='ocrx_word' id='word_1_391' title='bbox 3011 2356 3253 2420; x_wconf 84' lang='lat' dir='ltr'><strong>.lambre,</strong></span> <span class='ocrx_word' id='word_1_392' title='bbox 3290 2375 3523 2430; x_wconf 89' lang='lat' dir='ltr'><strong>cumque</strong></span> 
     </span>
    </p>
   </div>
   <div class='ocr_carea' id='block_1_54' title="bbox 1964 2442 3523 2516">
    <p class='ocr_par' dir='ltr' id='par_1_54' title="bbox 1964 2442 3523 2516">
     <span class='ocr_line' id='line_1_54' title="bbox 1964 2442 3523 2516; baseline 0.01 -24"><span class='ocrx_word' id='word_1_393' title='bbox 1964 2442 2028 2496; x_wconf 92' lang='lat' dir='ltr'><strong>iis</strong></span> <span class='ocrx_word' id='word_1_394' title='bbox 2065 2443 2488 2498; x_wconf 88' lang='lat' dir='ltr'><strong>calumniantur.</strong></span> <span class='ocrx_word' id='word_1_395' title='bbox 2534 2446 2647 2498; x_wconf 81' lang='lat' dir='ltr'><strong>luto</strong></span> <span class='ocrx_word' id='word_1_396' title='bbox 2694 2448 2850 2516; x_wconf 89' lang='lat' dir='ltr'><strong>cujus</strong></span> <span class='ocrx_word' id='word_1_397' title='bbox 2898 2450 3164 2505; x_wconf 84' lang='lat' dir='ltr'><strong>mendacii</strong></span> <span class='ocrx_word' id='word_1_398' title='bbox 3214 2451 3262 2504; x_wconf 91' lang='lat' dir='ltr'><strong>vi</strong></span> <span class='ocrx_word' id='word_1_399' title='bbox 3313 2462 3523 2508; x_wconf 87' lang='lat' dir='ltr'><strong>veteres</strong></span> 
     </span>
    </p>
   </div>
   <div class='ocr_carea' id='block_1_55' title="bbox 1963 2538 3523 2607">
    <p class='ocr_par' dir='ltr' id='par_1_55' title="bbox 1963 2538 3523 2607">
     <span class='ocr_line' id='line_1_55' title="bbox 1963 2538 3523 2607; baseline 0.006 -17"><span class='ocrx_word' id='word_1_400' title='bbox 1963 2538 2036 2591; x_wconf 92' lang='lat' dir='ltr'><strong>illi</strong></span> <span class='ocrx_word' id='word_1_401' title='bbox 2075 2549 2335 2607; x_wconf 67' lang='lat' dir='ltr'><strong>apostataa</strong></span> <span class='ocrx_word' id='word_1_402' title='bbox 2362 2540 2427 2594; x_wconf 91' lang='lat' dir='ltr'><strong>ad</strong></span> <span class='ocrx_word' id='word_1_403' title='bbox 2470 2540 2820 2595; x_wconf 88' lang='lat' dir='ltr'><strong>rebellionem</strong></span> <span class='ocrx_word' id='word_1_404' title='bbox 2851 2553 3038 2597; x_wconf 90' lang='lat' dir='ltr'><strong>contra</strong></span> <span class='ocrx_word' id='word_1_405' title='bbox 3071 2544 3252 2599; x_wconf 80' lang='lat' dir='ltr'><strong>Mosen</strong></span> <span class='ocrx_word' id='word_1_406' title='bbox 3279 2547 3523 2600; x_wconf 75' lang='lat' dir='ltr'><strong>excitan—</strong></span> 
     </span>
    </p>
   </div>
   <div class='ocr_carea' id='block_1_56' title="bbox 1962 2626 3523 2705">
    <p class='ocr_par' dir='ltr' id='par_1_56' title="bbox 1962 2626 3523 2705">
     <span class='ocr_line' id='line_1_56' title="bbox 1962 2626 3523 2705; baseline 0.007 -26"><span class='ocrx_word' id='word_1_407' title='bbox 1962 2626 2084 2680; x_wconf 88' lang='lat' dir='ltr'><strong>dam</strong></span> <span class='ocrx_word' id='word_1_408' title='bbox 2126 2629 2354 2695; x_wconf 88' lang='lat' dir='ltr'><strong>permoti</strong></span> <span class='ocrx_word' id='word_1_409' title='bbox 2387 2638 2533 2690; x_wconf 90' lang='lat' dir='ltr'><strong>sunt,</strong></span> <span class='ocrx_word' id='word_1_410' title='bbox 2587 2630 2776 2684; x_wconf 88' lang='lat' dir='ltr'><strong>eadem</strong></span> <span class='ocrx_word' id='word_1_411' title='bbox 2822 2640 2884 2705; x_wconf 36' lang='lat' dir='ltr'><strong>et.</strong></span> <span class='ocrx_word' id='word_1_412' title='bbox 2909 2633 3242 2687; x_wconf 87' lang='lat' dir='ltr'><strong>recentiores</strong></span> <span class='ocrx_word' id='word_1_413' title='bbox 3272 2650 3331 2689; x_wconf 88' lang='lat' dir='ltr'><strong>se</strong></span> <span class='ocrx_word' id='word_1_414' title='bbox 3365 2646 3523 2689; x_wconf 76' lang='lat' dir='ltr'><strong>extu-</strong></span> 
     </span>
    </p>
   </div>
   <div class='ocr_carea' id='block_1_57' title="bbox 1962 2718 3525 2795">
    <p class='ocr_par' dir='ltr' id='par_1_57' title="bbox 1962 2718 3525 2795">
     <span class='ocr_line' id='line_1_57' title="bbox 1962 2718 3525 2795; baseline 0.006 -25"><span class='ocrx_word' id='word_1_415' title='bbox 1962 2718 2143 2772; x_wconf 89' lang='lat' dir='ltr'><strong>lerunt</strong></span> <span class='ocrx_word' id='word_1_416' title='bbox 2180 2719 2246 2772; x_wconf 93' lang='lat' dir='ltr'><strong>ad</strong></span> <span class='ocrx_word' id='word_1_417' title='bbox 2278 2719 2636 2788; x_wconf 79' lang='lat' dir='ltr'><strong>oppugnanda</strong></span> <span class='ocrx_word' id='word_1_418' title='bbox 2691 2719 2852 2774; x_wconf 83' lang='lat' dir='ltr'><strong>Mosis</strong></span> <span class='ocrx_word' id='word_1_419' title='bbox 2902 2722 3103 2790; x_wconf 86' lang='lat' dir='ltr'><strong>scripta</strong></span> <span class='ocrx_word' id='word_1_420' title='bbox 3138 2723 3384 2794; x_wconf 86' lang='lat' dir='ltr'><strong>ejusque,</strong></span> <span class='ocrx_word' id='word_1_421' title='bbox 3432 2726 3525 2795; x_wconf 89' lang='lat' dir='ltr'><strong>qui</strong></span> 
     </span>
    </p>
   </div>
   <div class='ocr_carea' id='block_1_58' title="bbox 1964 2811 3524 2883">
    <p class='ocr_par' dir='ltr' id='par_1_58' title="bbox 1964 2811 3524 2883">
     <span class='ocr_line' id='line_1_58' title="bbox 1964 2811 3524 2883; baseline 0.005 -19"><span class='ocrx_word' id='word_1_422' title='bbox 1964 2811 2048 2865; x_wconf 87' lang='lat' dir='ltr'><strong>illa</strong></span> <span class='ocrx_word' id='word_1_423' title='bbox 2096 2812 2264 2866; x_wconf 90' lang='lat' dir='ltr'><strong>instar</strong></span> <span class='ocrx_word' id='word_1_424' title='bbox 2330 2813 2505 2883; x_wconf 84' lang='lat' dir='ltr'><strong>legum</strong></span> <span class='ocrx_word' id='word_1_425' title='bbox 2584 2813 2833 2876; x_wconf 91' lang='lat' dir='ltr'><strong>tradidit,</strong></span> <span class='ocrx_word' id='word_1_426' title='bbox 2887 2815 3209 2869; x_wconf 87' lang='lat' dir='ltr'><strong>dominium.</strong></span> <span class='ocrx_word' id='word_1_427' title='bbox 3274 2817 3524 2872; x_wconf 80' lang='lat' dir='ltr'><strong>Attamen</strong></span> 
     </span>
    </p>
   </div>
   <div class='ocr_carea' id='block_1_59' title="bbox 1963 2902 3527 2971">
    <p class='ocr_par' dir='ltr' id='par_1_59' title="bbox 1963 2902 3527 2971">
     <span class='ocr_line' id='line_1_59' title="bbox 1963 2902 3527 2971; baseline 0.004 -17"><span class='ocrx_word' id='word_1_428' title='bbox 1963 2902 2105 2955; x_wconf 91' lang='lat' dir='ltr'><strong>inter</strong></span> <span class='ocrx_word' id='word_1_429' title='bbox 2151 2918 2244 2957; x_wconf 92' lang='lat' dir='ltr'><strong>eos</strong></span> <span class='ocrx_word' id='word_1_430' title='bbox 2289 2919 2352 2956; x_wconf 88' lang='lat' dir='ltr'><strong>ea</strong></span> <span class='ocrx_word' id='word_1_431' title='bbox 2407 2913 2489 2957; x_wconf 91' lang='lat' dir='ltr'><strong>est</strong></span> <span class='ocrx_word' id='word_1_432' title='bbox 2535 2902 2861 2963; x_wconf 79' lang='lat' dir='ltr'><strong>differentia.</strong></span> <span class='ocrx_word' id='word_1_433' title='bbox 2898 2919 3018 2971; x_wconf 76' lang='lat' dir='ltr'><strong>quae</strong></span> <span class='ocrx_word' id='word_1_434' title='bbox 3054 2909 3392 2959; x_wconf 86' lang='lat' dir='ltr'><strong>recentiores</strong></span> <span class='ocrx_word' id='word_1_435' title='bbox 3427 2906 3527 2960; x_wconf 90' lang='lat' dir='ltr'><strong>hos</strong></span> 
     </span>
    </p>
   </div>
   <div class='ocr_carea' id='block_1_60' title="bbox 1963 2991 3526 3062">
    <p class='ocr_par' dir='ltr' id='par_1_60' title="bbox 1963 2991 3526 3062">
     <span class='ocr_line' id='line_1_60' title="bbox 1963 2991 3526 3062; baseline 0.003 -18"><span class='ocrx_word' id='word_1_436' title='bbox 1963 2991 2177 3059; x_wconf 89' lang='lat' dir='ltr'><strong>pejores</strong></span> <span class='ocrx_word' id='word_1_437' title='bbox 2210 2992 2405 3046; x_wconf 87' lang='lat' dir='ltr'><strong>reddit.</strong></span> <span class='ocrx_word' id='word_1_438' title='bbox 2453 2993 2609 3061; x_wconf 87' lang='lat' dir='ltr'><strong>Apud</strong></span> <span class='ocrx_word' id='word_1_439' title='bbox 2651 2993 2860 3062; x_wconf 86' lang='lat' dir='ltr'><strong>priores</strong></span> <span class='ocrx_word' id='word_1_440' title='bbox 2891 2994 3036 3047; x_wconf 85' lang='lat' dir='ltr'><strong>enim</strong></span> <span class='ocrx_word' id='word_1_441' title='bbox 3075 2995 3280 3049; x_wconf 81' lang='lat' dir='ltr'><strong>malitia</strong></span> <span class='ocrx_word' id='word_1_442' title='bbox 3310 2995 3364 3052; x_wconf 93' lang='lat' dir='ltr'><strong>in</strong></span> <span class='ocrx_word' id='word_1_443' title='bbox 3394 3011 3526 3050; x_wconf 60' lang='lat' dir='ltr'><strong>conv</strong></span> 
     </span>
    </p>
   </div>
   <div class='ocr_carea' id='block_1_61' title="bbox 1963 3085 3526 3154">
    <p class='ocr_par' dir='ltr' id='par_1_61' title="bbox 1963 3085 3526 3154">
     <span class='ocr_line' id='line_1_61' title="bbox 1963 3085 3526 3154; baseline 0.003 -17"><span class='ocrx_word' id='word_1_444' title='bbox 1963 3085 2083 3137; x_wconf 90' lang='lat' dir='ltr'><strong>silio</strong></span> <span class='ocrx_word' id='word_1_445' title='bbox 2113 3085 2457 3149; x_wconf 86' lang='lat' dir='ltr'><strong>subsistebat,</strong></span> <span class='ocrx_word' id='word_1_446' title='bbox 2514 3085 2640 3153; x_wconf 87' lang='lat' dir='ltr'><strong>quia</strong></span> <span class='ocrx_word' id='word_1_447' title='bbox 2668 3086 2992 3154; x_wconf 89' lang='lat' dir='ltr'><strong>supplicium</strong></span> <span class='ocrx_word' id='word_1_448' title='bbox 3024 3097 3151 3141; x_wconf 89' lang='lat' dir='ltr'><strong>ante</strong></span> <span class='ocrx_word' id='word_1_449' title='bbox 3178 3098 3526 3142; x_wconf 82' lang='lat' dir='ltr'><strong>consecutam</strong></span> 
     </span>
    </p>
   </div>
   <div class='ocr_carea' id='block_1_62' title="bbox 292 3148 1959 3250">
    <p class='ocr_par' dir='ltr' id='par_1_62' title="bbox 292 3148 1918 3250">
     <span class='ocr_line' id='line_1_62' title="bbox 292 3148 1918 3250; baseline 0.013 -52"><span class='ocrx_word' id='word_1_450' title='bbox 292 3150 427 3250; x_wconf 68' lang='grc' dir='ltr'>νεῖν.</span> <span class='ocrx_word' id='word_1_451' title='bbox 463 3148 604 3250; x_wconf 64' lang='lat' dir='ltr'><strong>[ith</strong></span> <span class='ocrx_word' id='word_1_452' title='bbox 656 3151 753 3250; x_wconf 59' lang='lat' dir='ltr'><strong>int</strong></span> <span class='ocrx_word' id='word_1_453' title='bbox 785 3153 854 3250; x_wconf 75' lang='grc' dir='ltr'><strong>Δτὸ</strong></span> <span class='ocrx_word' id='word_1_454' title='bbox 895 3157 1072 3224; x_wconf 85' lang='grc' dir='ltr'>χεῖρον</span> <span class='ocrx_word' id='word_1_455' title='bbox 1103 3158 1311 3222; x_wconf 82' lang='grc' dir='ltr'>τούτοις</span> <span class='ocrx_word' id='word_1_456' title='bbox 1363 3162 1395 3228; x_wconf 90' lang='grc' dir='ltr'><strong>ή</strong></span> <span class='ocrx_word' id='word_1_457' title='bbox 1423 3161 1675 3232; x_wconf 78' lang='grc' dir='ltr'>διαφορά.</span> <span class='ocrx_word' id='word_1_458' title='bbox 1728 3166 1851 3229; x_wconf 84' lang='grc' dir='ltr'>Τοίς</span> <span class='ocrx_word' id='word_1_459' title='bbox 1875 3189 1918 3250; x_wconf 78' lang='lat' dir='ltr'>C</span> 
     </span>
    </p>
   </div>
   <div class='ocr_carea' id='block_1_63' title="bbox 1859 3148 3526 3250">
    <p class='ocr_par' dir='ltr' id='par_1_63' title="bbox 1875 3175 3526 3250">
     <span class='ocr_line' id='line_1_63' title="bbox 1875 3175 3526 3250; baseline 0.002 -23"><span class='ocrx_word' id='word_1_460' title='bbox 1875 3189 1918 3250; x_wconf 74' lang='grc' dir='ltr'><strong>ρ</strong></span> <span class='ocrx_word' id='word_1_461' title='bbox 1962 3176 2230 3231; x_wconf 89' lang='lat' dir='ltr'><strong>actionem</strong></span> <span class='ocrx_word' id='word_1_462' title='bbox 2254 3191 2369 3239; x_wconf 88' lang='lat' dir='ltr'><strong>eos,</strong></span> <span class='ocrx_word' id='word_1_463' title='bbox 2395 3175 2486 3244; x_wconf 90' lang='lat' dir='ltr'><strong>qui</strong></span> <span class='ocrx_word' id='word_1_464' title='bbox 2516 3175 2716 3243; x_wconf 85' lang='lat' dir='ltr'><strong>aliquid</strong></span> <span class='ocrx_word' id='word_1_465' title='bbox 2745 3176 3107 3244; x_wconf 85' lang='lat' dir='ltr'><strong>perpetraturi</strong></span> <span class='ocrx_word' id='word_1_466' title='bbox 3132 3177 3329 3230; x_wconf 90' lang='lat' dir='ltr'><strong>malum</strong></span> <span class='ocrx_word' id='word_1_467' title='bbox 3351 3189 3526 3238; x_wconf 88' lang='lat' dir='ltr'><strong>erant,</strong></span> 
     </span>
    </p>
   </div>
   <div class='ocr_carea' id='block_1_64' title="bbox 295 3239 1859 3326">
    <p class='ocr_par' dir='ltr' id='par_1_64' title="bbox 295 3239 1859 3326">
     <span class='ocr_line' id='line_1_64' title="bbox 295 3239 1859 3326; baseline 0.016 -40"><span class='ocrx_word' id='word_1_468' title='bbox 295 3239 399 3304; x_wconf 84' lang='grc' dir='ltr'>μὲν</span> <span class='ocrx_word' id='word_1_469' title='bbox 434 3239 541 3308; x_wconf 80' lang='grc' dir='ltr'><strong>γὰρ</strong></span> <span class='ocrx_word' id='word_1_470' title='bbox 572 3242 628 3292; x_wconf 84' lang='grc' dir='ltr'>ὲν</span> <span class='ocrx_word' id='word_1_471' title='bbox 667 3242 867 3312; x_wconf 78' lang='grc' dir='ltr'>μελέτῃ</span> <span class='ocrx_word' id='word_1_472' title='bbox 905 3245 1016 3312; x_wconf 78' lang='grc'><strong>(71)</strong></span> <span class='ocrx_word' id='word_1_473' title='bbox 1045 3247 1104 3298; x_wconf 82' lang='grc' dir='ltr'>τὸ</span> <span class='ocrx_word' id='word_1_474' title='bbox 1138 3250 1304 3303; x_wconf 85' lang='grc' dir='ltr'>κακὸν</span> <span class='ocrx_word' id='word_1_475' title='bbox 1331 3251 1492 3321; x_wconf 73' lang='grc' dir='ltr'>ἔστη·</span> <span class='ocrx_word' id='word_1_476' title='bbox 1525 3254 1623 3323; x_wconf 83' lang='grc' dir='ltr'><strong>τῆς</strong></span> <span class='ocrx_word' id='word_1_477' title='bbox 1649 3257 1859 3326; x_wconf 82' lang='grc' dir='ltr'>πληγῆς</span> 
     </span>
    </p>
   </div>
   <div class='ocr_carea' id='block_1_65' title="bbox 295 3328 1856 3418">
    <p class='ocr_par' dir='ltr' id='par_1_65' title="bbox 295 3328 1856 3418">
     <span class='ocr_line' id='line_1_65' title="bbox 295 3328 1856 3418; baseline 0.016 -41"><span class='ocrx_word' id='word_1_478' title='bbox 295 3328 406 3396; x_wconf 81' lang='grc' dir='ltr'><strong>πρὸ</strong></span> <span class='ocrx_word' id='word_1_479' title='bbox 431 3329 529 3395; x_wconf 78' lang='grc' dir='ltr'>τῆς</span> <span class='ocrx_word' id='word_1_480' title='bbox 552 3331 801 3400; x_wconf 83' lang='grc' dir='ltr'>πράξεως</span> <span class='ocrx_word' id='word_1_481' title='bbox 823 3336 1277 3405; x_wconf 70' lang='grc' dir='ltr'>τοὺςιπράξαντας</span> <span class='ocrx_word' id='word_1_482' title='bbox 1305 3342 1388 3406; x_wconf 85' lang='grc' dir='ltr'>ἂν,</span> <span class='ocrx_word' id='word_1_483' title='bbox 1415 3346 1462 3397; x_wconf 89' lang='grc' dir='ltr'><strong>εί</strong></span> <span class='ocrx_word' id='word_1_484' title='bbox 1497 3346 1570 3416; x_wconf 76' lang='grc' dir='ltr'><strong>μή</strong></span> <span class='ocrx_word' id='word_1_485' title='bbox 1604 3349 1856 3418; x_wconf 85' lang='grc' dir='ltr'>μετῆλθε,</span> 
     </span>
    </p>
   </div>
   <div class='ocr_carea' id='block_1_66' title="bbox 292 3421 1859 3509">
    <p class='ocr_par' dir='ltr' id='par_1_66' title="bbox 292 3421 1859 3509">
     <span class='ocr_line' id='line_1_66' title="bbox 292 3421 1859 3509; baseline 0.015 -39"><span class='ocrx_word' id='word_1_486' title='bbox 292 3421 394 3487; x_wconf 83' lang='grc' dir='ltr'>τῆς</span> <span class='ocrx_word' id='word_1_487' title='bbox 447 3423 810 3493; x_wconf 74' lang='grc' dir='ltr'><strong>ἐγχειρήσεως</strong></span> <span class='ocrx_word' id='word_1_488' title='bbox 868 3429 1204 3500; x_wconf 84' lang='grc' dir='ltr'>ἀπαγούσης.</span> <span class='ocrx_word' id='word_1_489' title='bbox 1256 3435 1317 3486; x_wconf 85' lang='lat' dir='ltr'><strong>0i</strong></span> <span class='ocrx_word' id='word_1_490' title='bbox 1350 3435 1406 3489; x_wconf 82' lang='grc' dir='ltr'>δὲ</span> <span class='ocrx_word' id='word_1_491' title='bbox 1459 3439 1859 3509; x_wconf 84' lang='grc' dir='ltr'>μεμελετήκασι</span> 
     </span>
    </p>
   </div>
   <div class='ocr_carea' id='block_1_67' title="bbox 290 3512 1858 3600">
    <p class='ocr_par' dir='ltr' id='par_1_67' title="bbox 290 3512 1858 3600">
     <span class='ocr_line' id='line_1_67' title="bbox 290 3512 1858 3600; baseline 0.014 -38"><span class='ocrx_word' id='word_1_492' title='bbox 290 3512 593 3600; x_wconf 77' lang='grc' dir='ltr'>δυσσεϐῶς,</span> <span class='ocrx_word' id='word_1_493' title='bbox 622 3516 719 3583; x_wconf 85' lang='grc' dir='ltr'>τῆς</span> <span class='ocrx_word' id='word_1_494' title='bbox 747 3519 1156 3589; x_wconf 83' lang='grc' dir='ltr'>φιλανθρωπίας</span> <span class='ocrx_word' id='word_1_495' title='bbox 1189 3525 1312 3577; x_wconf 81' lang='grc' dir='ltr'>ἀντὶ</span> <span class='ocrx_word' id='word_1_496' title='bbox 1343 3526 1435 3578; x_wconf 83' lang='grc' dir='ltr'>τοῦ</span> <span class='ocrx_word' id='word_1_497' title='bbox 1465 3532 1733 3598; x_wconf 85' lang='grc' dir='ltr'>τιμωρέαν</span> <span class='ocrx_word' id='word_1_498' title='bbox 1763 3532 1858 3584; x_wconf 88' lang='grc' dir='ltr'>λα-</span> 
     </span>
    </p>
   </div>
   <div class='ocr_carea' id='block_1_68' title="bbox 295 3599 1860 3690">
    <p class='ocr_par' dir='ltr' id='par_1_68' title="bbox 295 3599 1860 3690">
     <span class='ocr_line' id='line_1_68' title="bbox 295 3599 1860 3690; baseline 0.016 -40"><span class='ocrx_word' id='word_1_499' title='bbox 295 3599 413 3652; x_wconf 77' lang='grc' dir='ltr'>ϐεῖν</span> <span class='ocrx_word' id='word_1_500' title='bbox 458 3603 555 3670; x_wconf 79' lang='grc' dir='ltr'>τὴν</span> <span class='ocrx_word' id='word_1_501' title='bbox 600 3606 886 3672; x_wconf 81' lang='grc' dir='ltr'>μετάνοιαν</span> <span class='ocrx_word' id='word_1_502' title='bbox 929 3611 1337 3683; x_wconf 84' lang='grc' dir='ltr'>ἀναμενούσης,</span> <span class='ocrx_word' id='word_1_503' title='bbox 1370 3610 1454 3668; x_wconf 76' lang='grc' dir='ltr'>οἷα</span> <span class='ocrx_word' id='word_1_504' title='bbox 1483 3617 1545 3687; x_wconf 79' lang='grc' dir='ltr'>δὴ</span> <span class='ocrx_word' id='word_1_505' title='bbox 1588 3636 1860 3690; x_wconf 85' lang='grc' dir='ltr'>καταφρο-</span> 
     </span>
    </p>
   </div>
   <div class='ocr_carea' id='block_1_69' title="bbox 293 3694 1860 3778">
    <p class='ocr_par' dir='ltr' id='par_1_69' title="bbox 293 3694 1860 3778">
     <span class='ocr_line' id='line_1_69' title="bbox 293 3694 1860 3778; baseline 0.016 -37"><span class='ocrx_word' id='word_1_506' title='bbox 293 3694 456 3759; x_wconf 75' lang='grc' dir='ltr'>νηταὶ</span> <span class='ocrx_word' id='word_1_507' title='bbox 486 3696 578 3744; x_wconf 78' lang='grc' dir='ltr'><strong>καὶ</strong></span> <span class='ocrx_word' id='word_1_508' title='bbox 607 3695 842 3767; x_wconf 81' lang='grc' dir='ltr'>δευτέρῳ</span> <span class='ocrx_word' id='word_1_509' title='bbox 873 3702 1026 3771; x_wconf 87' lang='grc' dir='ltr'>κακῷ</span> <span class='ocrx_word' id='word_1_510' title='bbox 1054 3704 1113 3754; x_wconf 81' lang='grc' dir='ltr'><strong>τὸ</strong></span> <span class='ocrx_word' id='word_1_511' title='bbox 1141 3705 1408 3773; x_wconf 80' lang='grc' dir='ltr'>προλαϐὸν</span> <span class='ocrx_word' id='word_1_512' title='bbox 1437 3709 1617 3778; x_wconf 79' lang='grc' dir='ltr'>χεῖρον</span> <span class='ocrx_word' id='word_1_513' title='bbox 1646 3713 1860 3765; x_wconf 83' lang='grc' dir='ltr'>ποιοῦν-</span> 
     </span>
    </p>
   </div>
   <div class='ocr_carea' id='block_1_70' title="bbox 293 3785 1858 3873">
    <p class='ocr_par' dir='ltr' id='par_1_70' title="bbox 293 3785 1858 3873">
     <span class='ocr_line' id='line_1_70' title="bbox 293 3785 1858 3873; baseline 0.017 -41"><span class='ocrx_word' id='word_1_514' title='bbox 293 3799 409 3843; x_wconf 85' lang='grc' dir='ltr'>τες,</span> <span class='ocrx_word' id='word_1_515' title='bbox 445 3785 535 3835; x_wconf 76' lang='grc' dir='ltr'>καὶ</span> <span class='ocrx_word' id='word_1_516' title='bbox 563 3785 662 3855; x_wconf 79' lang='grc' dir='ltr'>τὴν</span> <span class='ocrx_word' id='word_1_517' title='bbox 684 3788 932 3853; x_wconf 83' lang='grc' dir='ltr'>γλῶσσαν</span> <span class='ocrx_word' id='word_1_518' title='bbox 962 3792 1199 3856; x_wconf 75' lang='grc' dir='ltr'>ὁπλίζειν</span> <span class='ocrx_word' id='word_1_519' title='bbox 1227 3798 1366 3850; x_wconf 88' lang='grc' dir='ltr'><strong>κατά</strong></span> <span class='ocrx_word' id='word_1_520' title='bbox 1391 3799 1486 3852; x_wconf 80' lang='grc' dir='ltr'>τοῦ</span> <span class='ocrx_word' id='word_1_521' title='bbox 1512 3804 1858 3873; x_wconf 81' lang='grc' dir='ltr'>Δημιουργοῦ</span> 
     </span>
    </p>
   </div>
   <div class='ocr_carea' id='block_1_71' title="bbox 298 3875 1855 3965">
    <p class='ocr_par' dir='ltr' id='par_1_71' title="bbox 298 3875 1855 3965">
     <span class='ocr_line' id='line_1_71' title="bbox 298 3875 1855 3965; baseline 0.015 -40"><span class='ocrx_word' id='word_1_522' title='bbox 298 3875 408 3926; x_wconf 81' lang='grc' dir='ltr'><strong>τῶν</strong></span> <span class='ocrx_word' id='word_1_523' title='bbox 438 3877 570 3929; x_wconf 75' lang='grc' dir='ltr'>ὅλων</span> <span class='ocrx_word' id='word_1_524' title='bbox 604 3881 665 3932; x_wconf 85' lang='grc' dir='ltr'><strong>οὐ</strong></span> <span class='ocrx_word' id='word_1_525' title='bbox 717 3881 1165 3951; x_wconf 85' lang='grc' dir='ltr'>ὅιαλιμπάνουσι,</span> <span class='ocrx_word' id='word_1_526' title='bbox 1215 3888 1302 3940; x_wconf 79' lang='grc' dir='ltr'>διὰ</span> <span class='ocrx_word' id='word_1_527' title='bbox 1349 3891 1445 3958; x_wconf 76' lang='grc' dir='ltr'>μὲν</span> <span class='ocrx_word' id='word_1_528' title='bbox 1493 3893 1599 3947; x_wconf 82' lang='grc' dir='ltr'><strong>τῶν</strong></span> <span class='ocrx_word' id='word_1_529' title='bbox 1627 3894 1855 3965; x_wconf 73' lang='grc' dir='ltr'>ὖὸρεων,</span> 
     </span>
    </p>
   </div>
   <div class='ocr_carea' id='block_1_72' title="bbox 295 3962 1857 4052">
    <p class='ocr_par' dir='ltr' id='par_1_72' title="bbox 295 3962 1857 4052">
     <span class='ocr_line' id='line_1_72' title="bbox 295 3962 1857 4052; baseline 0.014 -38"><span class='ocrx_word' id='word_1_530' title='bbox 295 3962 365 4025; x_wconf 69' lang='grc' dir='ltr'>ἃς</span> <span class='ocrx_word' id='word_1_531' title='bbox 397 3968 721 4034; x_wconf 78' lang='grc' dir='ltr'>καταχέουσι</span> <span class='ocrx_word' id='word_1_532' title='bbox 749 3970 842 4023; x_wconf 81' lang='grc' dir='ltr'><strong>τοῦ</strong></span> <span class='ocrx_word' id='word_1_533' title='bbox 882 3973 1024 4025; x_wconf 87' lang='grc' dir='ltr'>θείου</span> <span class='ocrx_word' id='word_1_534' title='bbox 1065 3974 1418 4045; x_wconf 83' lang='grc' dir='ltr'>θεράποντος,</span> <span class='ocrx_word' id='word_1_535' title='bbox 1455 3962 1857 4052; x_wconf 78' lang='grc' dir='ltr'>συνεξυόρίξον-</span> 
     </span>
    </p>
   </div>
   <div class='ocr_carea' id='block_1_73' title="bbox 297 4061 1856 4138">
    <p class='ocr_par' dir='ltr' id='par_1_73' title="bbox 297 4061 1856 4138">
     <span class='ocr_line' id='line_1_73' title="bbox 297 4061 1856 4138; baseline 0.015 -32"><span class='ocrx_word' id='word_1_536' title='bbox 297 4074 355 4107; x_wconf 82' lang='grc' dir='ltr'><strong>τε</strong></span> <span class='ocrx_word' id='word_1_537' title='bbox 370 4075 409 4118; x_wconf 72' lang='grc' dir='ltr'><strong>ς,</strong></span> <span class='ocrx_word' id='word_1_538' title='bbox 449 4061 540 4110; x_wconf 77' lang='grc' dir='ltr'><strong>καὶ</strong></span> <span class='ocrx_word' id='word_1_539' title='bbox 572 4061 634 4122; x_wconf 77' lang='grc' dir='ltr'>ἃς</span> <span class='ocrx_word' id='word_1_540' title='bbox 669 4061 914 4126; x_wconf 82' lang='grc' dir='ltr'>ἐδέξαντο</span> <span class='ocrx_word' id='word_1_541' title='bbox 940 4067 1257 4135; x_wconf 82' lang='grc' dir='ltr'>νομοθεσίας</span> <span class='ocrx_word' id='word_1_542' title='bbox 1290 4073 1647 4138; x_wconf 73' lang='grc' dir='ltr'>Δεσποτικὰς,</span> <span class='ocrx_word' id='word_1_543' title='bbox 1683 4075 1770 4129; x_wconf 85' lang='grc' dir='ltr'>διὰ</span> <span class='ocrx_word' id='word_1_544' title='bbox 1801 4077 1856 4129; x_wconf 89' lang='grc' dir='ltr'><strong>δὲ</strong></span> 
     </span>
    </p>
   </div>
   <div class='ocr_carea' id='block_1_74' title="bbox 295 4148 1856 4230">
    <p class='ocr_par' dir='ltr' id='par_1_74' title="bbox 295 4148 1856 4230">
     <span class='ocr_line' id='line_1_74' title="bbox 295 4148 1856 4230; baseline 0.015 -32"><span class='ocrx_word' id='word_1_545' title='bbox 295 4148 406 4199; x_wconf 82' lang='grc' dir='ltr'><strong>τῶν</strong></span> <span class='ocrx_word' id='word_1_546' title='bbox 451 4154 529 4213; x_wconf 79' lang='grc' dir='ltr'>εἰς</span> <span class='ocrx_word' id='word_1_547' title='bbox 570 4153 670 4214; x_wconf 75' lang='grc' dir='ltr'>τὰς</span> <span class='ocrx_word' id='word_1_548' title='bbox 717 4157 1034 4224; x_wconf 85' lang='grc' dir='ltr'>νομοθεσίας</span> <span class='ocrx_word' id='word_1_549' title='bbox 1063 4163 1356 4230; x_wconf 83' lang='grc' dir='ltr'>παροινιῶν</span> <span class='ocrx_word' id='word_1_550' title='bbox 1405 4167 1523 4217; x_wconf 88' lang='grc' dir='ltr'>κατ’</span> <span class='ocrx_word' id='word_1_551' title='bbox 1563 4167 1724 4219; x_wconf 83' lang='grc' dir='ltr'>αὐτοῦ</span> <span class='ocrx_word' id='word_1_552' title='bbox 1765 4170 1856 4221; x_wconf 84' lang='grc' dir='ltr'>τοῦ</span> 
     </span>
    </p>
   </div>
   <div class='ocr_carea' id='block_1_75' title="bbox 297 4240 1856 4325">
    <p class='ocr_par' dir='ltr' id='par_1_75' title="bbox 297 4240 1856 4325">
     <span class='ocr_line' id='line_1_75' title="bbox 297 4240 1856 4325; baseline 0.015 -37"><span class='ocrx_word' id='word_1_553' title='bbox 297 4240 590 4307; x_wconf 83' lang='grc' dir='ltr'>νομοθέτου</span> <span class='ocrx_word' id='word_1_554' title='bbox 647 4247 737 4297; x_wconf 77' lang='grc' dir='ltr'><strong>καὶ</strong></span> <span class='ocrx_word' id='word_1_555' title='bbox 791 4247 1008 4302; x_wconf 86' lang='grc' dir='ltr'>πάντων</span> <span class='ocrx_word' id='word_1_556' title='bbox 1070 4251 1400 4322; x_wconf 82' lang='grc' dir='ltr'>δημιουργοῦ</span> <span class='ocrx_word' id='word_1_557' title='bbox 1457 4257 1554 4318; x_wconf 74' lang='grc' dir='ltr'>τὰς</span> <span class='ocrx_word' id='word_1_558' title='bbox 1610 4258 1856 4325; x_wconf 85' lang='grc' dir='ltr'>ἀσελγεῖς</span> 
     </span>
    </p>
   </div>
   <div class='ocr_carea' id='block_1_76' title="bbox 297 4330 1856 4418">
    <p class='ocr_par' dir='ltr' id='par_1_76' title="bbox 297 4330 1856 4418">
     <span class='ocr_line' id='line_1_76' title="bbox 297 4330 1856 4418; baseline 0.016 -40"><span class='ocrx_word' id='word_1_559' title='bbox 297 4330 513 4392; x_wconf 82' lang='grc' dir='ltr'>ὲκείνας</span> <span class='ocrx_word' id='word_1_560' title='bbox 561 4336 654 4385; x_wconf 77' lang='grc' dir='ltr'>καὶ</span> <span class='ocrx_word' id='word_1_561' title='bbox 683 4335 907 4400; x_wconf 81' lang='grc' dir='ltr'>ἁθέτους</span> <span class='ocrx_word' id='word_1_562' title='bbox 930 4341 1354 4410; x_wconf 77' lang='grc' dir='ltr'>ἀπορῤίπτοντες</span> <span class='ocrx_word' id='word_1_563' title='bbox 1385 4348 1586 4412; x_wconf 88' lang='grc' dir='ltr'>φωνάς.</span> <span class='ocrx_word' id='word_1_564' title='bbox 1624 4349 1856 4418; x_wconf 77' lang='grc' dir='ltr'>Τοιαύτη</span> 
     </span>
    </p>
   </div>
   <div class='ocr_carea' id='block_1_77' title="bbox 295 4423 1857 4512">
    <p class='ocr_par' dir='ltr' id='par_1_77' title="bbox 295 4423 1857 4512">
     <span class='ocr_line' id='line_1_77' title="bbox 295 4423 1857 4512; baseline 0.015 -41"><span class='ocrx_word' id='word_1_565' title='bbox 295 4423 398 4489; x_wconf 81' lang='grc' dir='ltr'><strong>τῆς</strong></span> <span class='ocrx_word' id='word_1_566' title='bbox 424 4424 760 4489; x_wconf 84' lang='grc' dir='ltr'>ἀποστασίας</span> <span class='ocrx_word' id='word_1_567' title='bbox 789 4430 821 4498; x_wconf 84' lang='grc' dir='ltr'>ἡ</span> <span class='ocrx_word' id='word_1_568' title='bbox 853 4431 945 4482; x_wconf 81' lang='grc' dir='ltr'><strong>νέα</strong></span> <span class='ocrx_word' id='word_1_569' title='bbox 984 4434 1078 4485; x_wconf 82' lang='grc' dir='ltr'>καὶ</span> <span class='ocrx_word' id='word_1_570' title='bbox 1107 4437 1416 4503; x_wconf 82' lang='grc' dir='ltr'>πρόσφατος</span> <span class='ocrx_word' id='word_1_571' title='bbox 1460 4441 1600 4490; x_wconf 86' lang='grc' dir='ltr'><strong>κατά</strong></span> <span class='ocrx_word' id='word_1_572' title='bbox 1637 4441 1730 4492; x_wconf 85' lang='grc' dir='ltr'>τοῦ</span> <span class='ocrx_word' id='word_1_573' title='bbox 1757 4445 1857 4512; x_wconf 91' lang='grc' dir='ltr'><strong>Δη-</strong></span> 
     </span>
    </p>
   </div>
   <div class='ocr_carea' id='block_1_78' title="bbox 1961 3262 3528 3326">
    <p class='ocr_par' dir='ltr' id='par_1_78' title="bbox 1961 3262 3528 3326">
     <span class='ocr_line' id='line_1_78' title="bbox 1961 3262 3528 3326; baseline 0.003 -9"><span class='ocrx_word' id='word_1_574' title='bbox 1961 3262 2064 3317; x_wconf 89' lang='lat' dir='ltr'><strong>nisi</strong></span> <span class='ocrx_word' id='word_1_575' title='bbox 2108 3277 2135 3315; x_wconf 92' lang='lat' dir='ltr'><strong>a</strong></span> <span class='ocrx_word' id='word_1_576' title='bbox 2187 3273 2384 3316; x_wconf 86' lang='lat' dir='ltr'><strong>conatu</strong></span> <span class='ocrx_word' id='word_1_577' title='bbox 2435 3265 2680 3326; x_wconf 79' lang='lat' dir='ltr'><strong>retraxit,</strong></span> <span class='ocrx_word' id='word_1_578' title='bbox 2728 3265 2952 3318; x_wconf 93' lang='lat' dir='ltr'><strong>omnino</strong></span> <span class='ocrx_word' id='word_1_579' title='bbox 3000 3265 3239 3319; x_wconf 87' lang='lat' dir='ltr'><strong>sustulit.</strong></span> <span class='ocrx_word' id='word_1_580' title='bbox 3284 3266 3353 3319; x_wconf 80' lang='lat' dir='ltr'><strong>At</strong></span> <span class='ocrx_word' id='word_1_581' title='bbox 3393 3266 3448 3320; x_wconf 90' lang='lat' dir='ltr'><strong>bi</strong></span> <span class='ocrx_word' id='word_1_582' title='bbox 3475 3280 3528 3322; x_wconf 86' lang='lat' dir='ltr'><strong>et</strong></span> 
     </span>
    </p>
   </div>
   <div class='ocr_carea' id='block_1_79' title="bbox 1962 3352 3529 3427">
    <p class='ocr_par' dir='ltr' id='par_1_79' title="bbox 1962 3352 3529 3427">
     <span class='ocr_line' id='line_1_79' title="bbox 1962 3352 3529 3427; baseline 0.001 -22"><span class='ocrx_word' id='word_1_583' title='bbox 1962 3352 2200 3407; x_wconf 85' lang='lat' dir='ltr'><strong>meditati</strong></span> <span class='ocrx_word' id='word_1_584' title='bbox 2237 3363 2364 3406; x_wconf 91' lang='lat' dir='ltr'><strong>sunt</strong></span> <span class='ocrx_word' id='word_1_585' title='bbox 2402 3353 2624 3415; x_wconf 90' lang='lat' dir='ltr'><strong>malum,</strong></span> <span class='ocrx_word' id='word_1_586' title='bbox 2650 3363 2848 3407; x_wconf 87' lang='lat' dir='ltr'><strong>etcum</strong></span> <span class='ocrx_word' id='word_1_587' title='bbox 2878 3353 3064 3408; x_wconf 91' lang='lat' dir='ltr'><strong>divina</strong></span> <span class='ocrx_word' id='word_1_588' title='bbox 3104 3355 3409 3424; x_wconf 80' lang='lat' dir='ltr'><strong>benignitas</strong></span> <span class='ocrx_word' id='word_1_589' title='bbox 3431 3373 3529 3427; x_wconf 82' lang='lat' dir='ltr'><strong>pro</strong></span> 
     </span>
    </p>
   </div>
   <div class='ocr_carea' id='block_1_80' title="bbox 1961 3444 3525 3515">
    <p class='ocr_par' dir='ltr' id='par_1_80' title="bbox 1961 3444 3525 3515">
     <span class='ocr_line' id='line_1_80' title="bbox 1961 3444 3525 3515; baseline 0.003 -19"><span class='ocrx_word' id='word_1_590' title='bbox 1961 3459 2120 3512; x_wconf 72' lang='lat' dir='ltr'><strong>pmua</strong></span> <span class='ocrx_word' id='word_1_591' title='bbox 2155 3444 2436 3513; x_wconf 81' lang='lat' dir='ltr'><strong>irroganda</strong></span> <span class='ocrx_word' id='word_1_592' title='bbox 2470 3445 2844 3512; x_wconf 73' lang='lat' dir='ltr'><strong>pcenitentiam</strong></span> <span class='ocrx_word' id='word_1_593' title='bbox 2896 3446 3136 3514; x_wconf 88' lang='lat' dir='ltr'><strong>ipsorum</strong></span> <span class='ocrx_word' id='word_1_594' title='bbox 3165 3455 3525 3515; x_wconf 80' lang='lat' dir='ltr'><strong>exspectaret,</strong></span> 
     </span>
    </p>
   </div>
   <div class='ocr_carea' id='block_1_81' title="bbox 1962 3537 3528 3607">
    <p class='ocr_par' dir='ltr' id='par_1_81' title="bbox 1962 3537 3528 3607">
     <span class='ocr_line' id='line_1_81' title="bbox 1962 3537 3528 3607; baseline 0.004 -21"><span class='ocrx_word' id='word_1_595' title='bbox 1962 3543 2217 3602; x_wconf 87' lang='lat' dir='ltr'><strong>tanquam</strong></span> <span class='ocrx_word' id='word_1_596' title='bbox 2248 3543 2671 3603; x_wconf 89' lang='lat' dir='ltr'><strong>contemptores,</strong></span> <span class='ocrx_word' id='word_1_597' title='bbox 2724 3537 3033 3606; x_wconf 87' lang='lat' dir='ltr'><strong>malumque</strong></span> <span class='ocrx_word' id='word_1_598' title='bbox 3081 3539 3421 3607; x_wconf 78' lang='lat' dir='ltr'><strong>geminantes</strong></span> <span class='ocrx_word' id='word_1_599' title='bbox 3452 3541 3528 3593; x_wconf 83' lang='lat' dir='ltr'><strong>fa-</strong></span> 
     </span>
    </p>
   </div>
   <div class='ocr_carea' id='block_1_82' title="bbox 1961 3626 3525 3698">
    <p class='ocr_par' dir='ltr' id='par_1_82' title="bbox 1961 3626 3525 3698">
     <span class='ocr_line' id='line_1_82' title="bbox 1961 3626 3525 3698; baseline 0.003 -19"><span class='ocrx_word' id='word_1_600' title='bbox 1961 3626 2117 3679; x_wconf 90' lang='lat' dir='ltr'><strong>cinus</strong></span> <span class='ocrx_word' id='word_1_601' title='bbox 2165 3626 2490 3680; x_wconf 88' lang='lat' dir='ltr'><strong>destinatum</strong></span> <span class='ocrx_word' id='word_1_602' title='bbox 2560 3636 2916 3696; x_wconf 88' lang='lat' dir='ltr'><strong>perpetrant,</strong></span> <span class='ocrx_word' id='word_1_603' title='bbox 2975 3629 3324 3698; x_wconf 82' lang='lat' dir='ltr'><strong>linguamque</strong></span> <span class='ocrx_word' id='word_1_604' title='bbox 3373 3647 3525 3684; x_wconf 90' lang='lat' dir='ltr'><strong>suam</strong></span> 
     </span>
    </p>
   </div>
   <div class='ocr_carea' id='block_1_83' title="bbox 1961 3717 3522 3784">
    <p class='ocr_par' dir='ltr' id='par_1_83' title="bbox 1961 3717 3522 3784">
     <span class='ocr_line' id='line_1_83' title="bbox 1961 3717 3522 3784; baseline 0.003 -14"><span class='ocrx_word' id='word_1_605' title='bbox 1961 3727 2146 3770; x_wconf 90' lang='lat' dir='ltr'><strong>contra</strong></span> <span class='ocrx_word' id='word_1_606' title='bbox 2190 3717 2536 3771; x_wconf 84' lang='lat' dir='ltr'><strong>Conditorem</strong></span> <span class='ocrx_word' id='word_1_607' title='bbox 2579 3719 2823 3771; x_wconf 92' lang='lat' dir='ltr'><strong>omnium</strong></span> <span class='ocrx_word' id='word_1_608' title='bbox 2863 3734 3058 3773; x_wconf 85' lang='lat' dir='ltr'><strong>acuere</strong></span> <span class='ocrx_word' id='word_1_609' title='bbox 3093 3737 3198 3773; x_wconf 89' lang='lat' dir='ltr'><strong>non</strong></span> <span class='ocrx_word' id='word_1_610' title='bbox 3245 3722 3522 3784; x_wconf 79' lang='lat' dir='ltr'><strong>desinunt,</strong></span> 
     </span>
    </p>
   </div>
   <div class='ocr_carea' id='block_1_84' title="bbox 1961 3808 3523 3878">
    <p class='ocr_par' dir='ltr' id='par_1_84' title="bbox 1961 3808 3523 3878">
     <span class='ocr_line' id='line_1_84' title="bbox 1961 3808 3523 3878; baseline 0.003 -18"><span class='ocrx_word' id='word_1_611' title='bbox 1961 3808 2150 3861; x_wconf 90' lang='lat' dir='ltr'><strong>iisdem</strong></span> <span class='ocrx_word' id='word_1_612' title='bbox 2169 3808 2429 3862; x_wconf 86' lang='lat' dir='ltr'><strong>conviciis</strong></span> <span class='ocrx_word' id='word_1_613' title='bbox 2460 3851 2473 3873; x_wconf 89' lang='lat'><strong>,</strong></span> <span class='ocrx_word' id='word_1_614' title='bbox 2507 3823 2627 3878; x_wconf 66' lang='lat' dir='ltr'><strong>qua:</strong></span> <span class='ocrx_word' id='word_1_615' title='bbox 2660 3809 2710 3861; x_wconf 92' lang='lat' dir='ltr'><strong>in</strong></span> <span class='ocrx_word' id='word_1_616' title='bbox 2741 3809 2986 3862; x_wconf 89' lang='lat' dir='ltr'><strong>divinum</strong></span> <span class='ocrx_word' id='word_1_617' title='bbox 3015 3811 3324 3865; x_wconf 90' lang='lat' dir='ltr'><strong>ministrum</strong></span> <span class='ocrx_word' id='word_1_618' title='bbox 3349 3812 3523 3865; x_wconf 82' lang='lat' dir='ltr'><strong>effun-</strong></span> 
     </span>
    </p>
   </div>
   <div class='ocr_carea' id='block_1_85' title="bbox 1960 3898 3527 3971">
    <p class='ocr_par' dir='ltr' id='par_1_85' title="bbox 1960 3898 3527 3971">
     <span class='ocr_line' id='line_1_85' title="bbox 1960 3898 3527 3971; baseline 0.002 -21"><span class='ocrx_word' id='word_1_619' title='bbox 1960 3899 2094 3951; x_wconf 92' lang='lat' dir='ltr'><strong>dunt</strong></span> <span class='ocrx_word' id='word_1_620' title='bbox 2129 3898 2288 3950; x_wconf 89' lang='lat' dir='ltr'><strong>etiam</strong></span> <span class='ocrx_word' id='word_1_621' title='bbox 2325 3898 2469 3967; x_wconf 77' lang='lat' dir='ltr'><strong>leges</strong></span> <span class='ocrx_word' id='word_1_622' title='bbox 2507 3898 2740 3962; x_wconf 90' lang='lat' dir='ltr'><strong>Domini,</strong></span> <span class='ocrx_word' id='word_1_623' title='bbox 2797 3910 2931 3967; x_wconf 91' lang='lat' dir='ltr'><strong>quas</strong></span> <span class='ocrx_word' id='word_1_624' title='bbox 2979 3911 3346 3969; x_wconf 88' lang='lat' dir='ltr'><strong>receperunt,</strong></span> <span class='ocrx_word' id='word_1_625' title='bbox 3403 3919 3527 3971; x_wconf 84' lang='lat' dir='ltr'><strong>prn-</strong></span> 
     </span>
    </p>
   </div>
   <div class='ocr_carea' id='block_1_86' title="bbox 1960 3988 3523 4060">
    <p class='ocr_par' dir='ltr' id='par_1_86' title="bbox 1960 3988 3523 4060">
     <span class='ocr_line' id='line_1_86' title="bbox 1960 3988 3523 4060; baseline 0.004 -19"><span class='ocrx_word' id='word_1_626' title='bbox 1960 3988 2289 4050; x_wconf 86' lang='lat' dir='ltr'><strong>scindentes,</strong></span> <span class='ocrx_word' id='word_1_627' title='bbox 2321 4003 2526 4056; x_wconf 89' lang='lat' dir='ltr'><strong>suaque</strong></span> <span class='ocrx_word' id='word_1_628' title='bbox 2553 3989 2605 4040; x_wconf 92' lang='lat' dir='ltr'><strong>in</strong></span> <span class='ocrx_word' id='word_1_629' title='bbox 2625 3989 2772 4056; x_wconf 76' lang='lat' dir='ltr'><strong>leges</strong></span> <span class='ocrx_word' id='word_1_630' title='bbox 2802 3988 3087 4043; x_wconf 86' lang='lat' dir='ltr'><strong>insolentia</strong></span> <span class='ocrx_word' id='word_1_631' title='bbox 3108 3992 3286 4059; x_wconf 83' lang='lat' dir='ltr'><strong>ipsum</strong></span> <span class='ocrx_word' id='word_1_632' title='bbox 3309 4009 3523 4060; x_wconf 87' lang='lat' dir='ltr'><strong>quoque</strong></span> 
     </span>
    </p>
   </div>
   <div class='ocr_carea' id='block_1_87' title="bbox 1960 4078 3522 4150">
    <p class='ocr_par' dir='ltr' id='par_1_87' title="bbox 1960 4078 3522 4150">
     <span class='ocr_line' id='line_1_87' title="bbox 1960 4078 3522 4150; baseline 0.003 -20"><span class='ocrx_word' id='word_1_633' title='bbox 1960 4078 2320 4147; x_wconf 81' lang='lat' dir='ltr'><strong>legislatorem</strong></span> <span class='ocrx_word' id='word_1_634' title='bbox 2349 4078 2702 4146; x_wconf 87' lang='lat' dir='ltr'><strong>omniumque</strong></span> <span class='ocrx_word' id='word_1_635' title='bbox 2756 4078 3043 4131; x_wconf 87' lang='lat' dir='ltr'><strong>Dominum</strong></span> <span class='ocrx_word' id='word_1_636' title='bbox 3097 4081 3321 4134; x_wconf 88' lang='lat' dir='ltr'><strong>vocibus</strong></span> <span class='ocrx_word' id='word_1_637' title='bbox 3363 4093 3522 4150; x_wconf 81' lang='lat' dir='ltr'><strong>pctu-</strong></span> 
     </span>
    </p>
   </div>
   <div class='ocr_carea' id='block_1_88' title="bbox 1959 4170 3522 4239">
    <p class='ocr_par' dir='ltr' id='par_1_88' title="bbox 1959 4170 3522 4239">
     <span class='ocr_line' id='line_1_88' title="bbox 1959 4170 3522 4239; baseline 0.003 -16"><span class='ocrx_word' id='word_1_638' title='bbox 1959 4171 2193 4223; x_wconf 86' lang='lat' dir='ltr'><strong>lantibus</strong></span> <span class='ocrx_word' id='word_1_639' title='bbox 2229 4178 2283 4222; x_wconf 85' lang='lat' dir='ltr'><strong>et</strong></span> <span class='ocrx_word' id='word_1_640' title='bbox 2308 4170 2486 4238; x_wconf 85' lang='lat' dir='ltr'><strong>impiis</strong></span> <span class='ocrx_word' id='word_1_641' title='bbox 2515 4179 2779 4239; x_wconf 89' lang='lat' dir='ltr'><strong>petentes.</strong></span> <span class='ocrx_word' id='word_1_642' title='bbox 2806 4171 2982 4238; x_wconf 88' lang='lat' dir='ltr'><strong>Atque</strong></span> <span class='ocrx_word' id='word_1_643' title='bbox 3013 4171 3084 4223; x_wconf 84' lang='lat' dir='ltr'><strong>ita</strong></span> <span class='ocrx_word' id='word_1_644' title='bbox 3125 4173 3340 4239; x_wconf 90' lang='lat' dir='ltr'><strong>quidem</strong></span> <span class='ocrx_word' id='word_1_645' title='bbox 3373 4190 3522 4228; x_wconf 86' lang='lat' dir='ltr'><strong>com-</strong></span> 
     </span>
    </p>
   </div>
   <div class='ocr_carea' id='block_1_89' title="bbox 1959 4262 3522 4332">
    <p class='ocr_par' dir='ltr' id='par_1_89' title="bbox 1959 4262 3522 4332">
     <span class='ocr_line' id='line_1_89' title="bbox 1959 4262 3522 4332; baseline 0.003 -18"><span class='ocrx_word' id='word_1_646' title='bbox 1959 4272 2141 4330; x_wconf 80' lang='lat' dir='ltr'><strong>parata</strong></span> <span class='ocrx_word' id='word_1_647' title='bbox 2173 4270 2259 4315; x_wconf 91' lang='lat' dir='ltr'><strong>est</strong></span> <span class='ocrx_word' id='word_1_648' title='bbox 2297 4275 2435 4313; x_wconf 89' lang='lat' dir='ltr'><strong>nova</strong></span> <span class='ocrx_word' id='word_1_649' title='bbox 2463 4262 2550 4314; x_wconf 91' lang='lat' dir='ltr'><strong>illa</strong></span> <span class='ocrx_word' id='word_1_650' title='bbox 2585 4271 2640 4315; x_wconf 90' lang='lat' dir='ltr'><strong>et</strong></span> <span class='ocrx_word' id='word_1_651' title='bbox 2677 4275 2869 4316; x_wconf 90' lang='lat' dir='ltr'><strong>recens</strong></span> <span class='ocrx_word' id='word_1_652' title='bbox 2924 4272 3296 4332; x_wconf 82' lang='lat' dir='ltr'><strong>apostatarum</strong></span> <span class='ocrx_word' id='word_1_653' title='bbox 3332 4276 3522 4319; x_wconf 82' lang='lat' dir='ltr'><strong>contra</strong></span> 
     </span>
    </p>
   </div>
   <div class='ocr_carea' id='block_1_90' title="bbox 1956 4353 3521 4424">
    <p class='ocr_par' dir='ltr' id='par_1_90' title="bbox 1956 4353 3521 4424">
     <span class='ocr_line' id='line_1_90' title="bbox 1956 4353 3521 4424; baseline 0.004 -18"><span class='ocrx_word' id='word_1_654' title='bbox 1956 4353 2270 4406; x_wconf 82' lang='lat' dir='ltr'><strong>Creatorem</strong></span> <span class='ocrx_word' id='word_1_655' title='bbox 2325 4353 2565 4406; x_wconf 90' lang='lat' dir='ltr'><strong>omnium</strong></span> <span class='ocrx_word' id='word_1_656' title='bbox 2625 4354 2934 4419; x_wconf 86' lang='lat' dir='ltr'><strong>insolentia,</strong></span> <span class='ocrx_word' id='word_1_657' title='bbox 2993 4358 3078 4408; x_wconf 86' lang='lat' dir='ltr'><strong>vel</strong></span> <span class='ocrx_word' id='word_1_658' title='bbox 3139 4358 3321 4424; x_wconf 88' lang='lat' dir='ltr'><strong>potius</strong></span> <span class='ocrx_word' id='word_1_659' title='bbox 3372 4359 3521 4412; x_wconf 88' lang='lat' dir='ltr'><strong>varia</strong></span> 
     </span>
    </p>
   </div>
   <div class='ocr_carea' id='block_1_91' title="bbox 1959 4447 3521 4518">
    <p class='ocr_par' dir='ltr' id='par_1_91' title="bbox 1959 4447 3521 4518">
     <span class='ocr_line' id='line_1_91' title="bbox 1959 4447 3521 4518; baseline 0.002 -20"><span class='ocrx_word' id='word_1_660' title='bbox 1959 4453 2370 4513; x_wconf 89' lang='lat' dir='ltr'><strong>monstrosaque</strong></span> <span class='ocrx_word' id='word_1_661' title='bbox 2425 4460 2490 4498; x_wconf 82' lang='lat' dir='ltr'><strong>ex</strong></span> <span class='ocrx_word' id='word_1_662' title='bbox 2530 4453 2788 4514; x_wconf 88' lang='lat' dir='ltr'><strong>serpente</strong></span> <span class='ocrx_word' id='word_1_663' title='bbox 2816 4447 3099 4516; x_wconf 79' lang='lat' dir='ltr'><strong>pregenita</strong></span> <span class='ocrx_word' id='word_1_664' title='bbox 3132 4449 3337 4516; x_wconf 86' lang='lat' dir='ltr'><strong>vipera,</strong></span> <span class='ocrx_word' id='word_1_665' title='bbox 3401 4465 3521 4518; x_wconf 72' lang='lat' dir='ltr'><strong>qua:</strong></span> 
     </span>
    </p>
   </div>
   <div class='ocr_carea' id='block_1_92' title="bbox 299 4511 1966 4610">
    <p class='ocr_par' dir='ltr' id='par_1_92' title="bbox 299 4511 1966 4604">
     <span class='ocr_line' id='line_1_92' title="bbox 299 4511 1966 4604; baseline 0.016 -42"><span class='ocrx_word' id='word_1_666' title='bbox 299 4515 562 4582; x_wconf 82' lang='grc' dir='ltr'>μιουργοῧ</span> <span class='ocrx_word' id='word_1_667' title='bbox 600 4519 708 4569; x_wconf 83' lang='grc' dir='ltr'><strong>τῶν</strong></span> <span class='ocrx_word' id='word_1_668' title='bbox 750 4521 886 4572; x_wconf 79' lang='grc' dir='ltr'>ὅλων</span> <span class='ocrx_word' id='word_1_669' title='bbox 930 4527 1202 4593; x_wconf 79' lang='grc' dir='ltr'>τυραννὶς,</span> <span class='ocrx_word' id='word_1_670' title='bbox 1232 4527 1432 4594; x_wconf 83' lang='grc' dir='ltr'>μᾶλλον</span> <span class='ocrx_word' id='word_1_671' title='bbox 1472 4531 1528 4583; x_wconf 86' lang='grc' dir='ltr'>δὲ</span> <span class='ocrx_word' id='word_1_672' title='bbox 1561 4533 1619 4583; x_wconf 87' lang='grc' dir='ltr'><strong>τὸ</strong></span> <span class='ocrx_word' id='word_1_673' title='bbox 1643 4534 1727 4584; x_wconf 83' lang='grc' dir='ltr'>διὰ</span> <span class='ocrx_word' id='word_1_674' title='bbox 1757 4511 1852 4604; x_wconf 75' lang='grc' dir='ltr'>τῆς</span> <span class='ocrx_word' id='word_1_675' title='bbox 1881 4511 1932 4570; x_wconf 84' lang='lat' dir='ltr'><strong>D</strong></span> <span class='ocrx_word' id='word_1_676' title='bbox 1962 4557 1966 4568; x_wconf 56' lang='grc' dir='ltr'><strong>ε</strong></span> 
     </span>
    </p>
   </div>
   <div class='ocr_carea' id='block_1_93' title="bbox 1854 4511 3521 4610">
    <p class='ocr_par' dir='ltr' id='par_1_93' title="bbox 1881 4511 3521 4610">
     <span class='ocr_line' id='line_1_93' title="bbox 1881 4511 3521 4610; baseline 0.002 -20"><span class='ocrx_word' id='word_1_677' title='bbox 1881 4511 1932 4570; x_wconf 83' lang='lat' dir='ltr'><strong>D</strong></span> <span class='ocrx_word' id='word_1_678' title='bbox 1962 4547 2207 4591; x_wconf 88' lang='lat' dir='ltr'><strong>ventrem</strong></span> <span class='ocrx_word' id='word_1_679' title='bbox 2261 4511 2452 4592; x_wconf 82' lang='lat' dir='ltr'><strong>matris</strong></span> <span class='ocrx_word' id='word_1_680' title='bbox 2503 4511 2738 4602; x_wconf 83' lang='lat' dir='ltr'><strong>conficit,</strong></span> <span class='ocrx_word' id='word_1_681' title='bbox 2791 4548 2847 4592; x_wconf 88' lang='lat' dir='ltr'><strong>et</strong></span> <span class='ocrx_word' id='word_1_682' title='bbox 2876 4540 3150 4609; x_wconf 86' lang='lat' dir='ltr'><strong>copiosius</strong></span> <span class='ocrx_word' id='word_1_683' title='bbox 3178 4541 3521 4610; x_wconf 74' lang='lat' dir='ltr'><strong>blasphemia:</strong></span> 
     </span>
    </p>
   </div>
   <div class='ocr_carea' id='block_1_94' title="bbox 301 4603 1855 4690">
    <p class='ocr_par' dir='ltr' id='par_1_94' title="bbox 301 4603 1855 4690">
     <span class='ocr_line' id='line_1_94' title="bbox 301 4603 1855 4690; baseline 0.015 -37"><span class='ocrx_word' id='word_1_684' title='bbox 301 4603 548 4666; x_wconf 79' lang='grc' dir='ltr'>Παλαιᾶς</span> <span class='ocrx_word' id='word_1_685' title='bbox 595 4609 829 4678; x_wconf 81' lang='grc' dir='ltr'>ἐκείνης,</span> <span class='ocrx_word' id='word_1_686' title='bbox 864 4612 1051 4682; x_wconf 82' lang='grc' dir='ltr'>ὥσπερ</span> <span class='ocrx_word' id='word_1_687' title='bbox 1088 4616 1146 4680; x_wconf 78' lang='grc' dir='ltr'><strong>ἐξ</strong></span> <span class='ocrx_word' id='word_1_688' title='bbox 1176 4618 1386 4687; x_wconf 76' lang='grc' dir='ltr'>ἐχίδνης</span> <span class='ocrx_word' id='word_1_689' title='bbox 1431 4620 1773 4690; x_wconf 80' lang='grc' dir='ltr'>πολύμορφόν</span> <span class='ocrx_word' id='word_1_690' title='bbox 1803 4641 1855 4676; x_wconf 88' lang='grc' dir='ltr'><strong>τι</strong></span> 
     </span>
    </p>
   </div>
   <div class='ocr_carea' id='block_1_95' title="bbox 1965 4627 3517 4699">
    <p class='ocr_par' dir='ltr' id='par_1_95' title="bbox 1965 4627 3517 4699">
     <span class='ocr_line' id='line_1_95' title="bbox 1965 4627 3517 4699; baseline 0.001 -19"><span class='ocrx_word' id='word_1_691' title='bbox 1965 4643 2238 4681; x_wconf 89' lang='lat' dir='ltr'><strong>venenum</strong></span> <span class='ocrx_word' id='word_1_692' title='bbox 2275 4628 2329 4680; x_wconf 93' lang='lat' dir='ltr'><strong>in</strong></span> <span class='ocrx_word' id='word_1_693' title='bbox 2367 4627 2678 4683; x_wconf 84' lang='lat' dir='ltr'><strong>Creatorem</strong></span> <span class='ocrx_word' id='word_1_694' title='bbox 2707 4627 2918 4683; x_wconf 74' lang='lat' dir='ltr'><strong>eﬂ‘udit.</strong></span> <span class='ocrx_word' id='word_1_695' title='bbox 2953 4629 3058 4683; x_wconf 90' lang='lat' dir='ltr'><strong>Sed</strong></span> <span class='ocrx_word' id='word_1_696' title='bbox 3091 4630 3157 4684; x_wconf 91' lang='lat' dir='ltr'><strong>de</strong></span> <span class='ocrx_word' id='word_1_697' title='bbox 3189 4630 3276 4683; x_wconf 91' lang='lat' dir='ltr'><strong>his</strong></span> <span class='ocrx_word' id='word_1_698' title='bbox 3311 4639 3517 4699; x_wconf 87' lang='lat' dir='ltr'><strong>postea.</strong></span> 
     </span>
    </p>
   </div>
   <div class='ocr_carea' id='block_1_96' title="bbox 297 4700 3520 4795">
    <p class='ocr_par' dir='ltr' id='par_1_96' title="bbox 297 4700 3520 4795">
     <span class='ocr_line' id='line_1_96' title="bbox 297 4700 3520 4795; baseline 0.009 -47"><span class='ocrx_word' id='word_1_699' title='bbox 297 4700 392 4750; x_wconf 79' lang='grc' dir='ltr'><strong>καὶ</strong></span> <span class='ocrx_word' id='word_1_700' title='bbox 438 4700 722 4755; x_wconf 80' lang='grc' dir='ltr'>ἀλλόκοτον</span> <span class='ocrx_word' id='word_1_701' title='bbox 773 4706 1069 4776; x_wconf 86' lang='grc' dir='ltr'>ἀποτεχθὲν</span> <span class='ocrx_word' id='word_1_702' title='bbox 1112 4709 1298 4778; x_wconf 85' lang='grc' dir='ltr'>θηρίον</span> <span class='ocrx_word' id='word_1_703' title='bbox 1355 4714 1487 4783; x_wconf 75' lang='lat'><strong>(79.),</strong></span> <span class='ocrx_word' id='word_1_704' title='bbox 1546 4719 1862 4783; x_wconf 73' lang='grc' dir='ltr'>καταφαγδν</span> <span class='ocrx_word' id='word_1_705' title='bbox 1903 4721 2001 4790; x_wconf 85' lang='grc' dir='ltr'>μὲν</span> <span class='ocrx_word' id='word_1_706' title='bbox 2028 4723 2124 4790; x_wconf 82' lang='grc' dir='ltr'>τὴν</span> <span class='ocrx_word' id='word_1_707' title='bbox 2148 4721 2386 4791; x_wconf 86' lang='grc' dir='ltr'>γαστέρα</span> <span class='ocrx_word' id='word_1_708' title='bbox 2412 4723 2509 4789; x_wconf 82' lang='grc' dir='ltr'><strong>τῆς</strong></span> <span class='ocrx_word' id='word_1_709' title='bbox 2537 4722 2820 4793; x_wconf 88' lang='grc' dir='ltr'>τεκούσης,</span> <span class='ocrx_word' id='word_1_710' title='bbox 2861 4722 3022 4777; x_wconf 82' lang='grc' dir='ltr'>πλέον</span> <span class='ocrx_word' id='word_1_711' title='bbox 3085 4724 3140 4777; x_wconf 85' lang='grc' dir='ltr'>δὲ</span> <span class='ocrx_word' id='word_1_712' title='bbox 3193 4725 3283 4776; x_wconf 82' lang='grc' dir='ltr'><strong>τὸν</strong></span> <span class='ocrx_word' id='word_1_713' title='bbox 3322 4725 3396 4777; x_wconf 80' lang='grc' dir='ltr'>ίὸν</span> <span class='ocrx_word' id='word_1_714' title='bbox 3421 4725 3520 4795; x_wconf 80' lang='grc' dir='ltr'>τῆς</span> 
     </span>
    </p>
   </div>
   <div class='ocr_carea' id='block_1_97' title="bbox 297 4791 2584 4884">
    <p class='ocr_par' dir='ltr' id='par_1_97' title="bbox 297 4791 2584 4884">
     <span class='ocr_line' id='line_1_97' title="bbox 297 4791 2584 4884; baseline 0.013 -45"><span class='ocrx_word' id='word_1_715' title='bbox 297 4791 651 4861; x_wconf 83' lang='grc' dir='ltr'>βλασφημίας</span> <span class='ocrx_word' id='word_1_716' title='bbox 686 4797 963 4850; x_wconf 84' lang='grc' dir='ltr'>ἀποπτύον</span> <span class='ocrx_word' id='word_1_717' title='bbox 997 4802 1136 4853; x_wconf 85' lang='grc' dir='ltr'>κατὰ</span> <span class='ocrx_word' id='word_1_718' title='bbox 1165 4803 1259 4854; x_wconf 83' lang='grc' dir='ltr'>τοῦ</span> <span class='ocrx_word' id='word_1_719' title='bbox 1293 4807 1655 4875; x_wconf 82' lang='grc' dir='ltr'>Δημιουργοῦ.</span> <span class='ocrx_word' id='word_1_720' title='bbox 1705 4809 1862 4863; x_wconf 79' lang='grc' dir='ltr'>Ἀλλὰ</span> <span class='ocrx_word' id='word_1_721' title='bbox 1898 4812 2066 4865; x_wconf 81' lang='grc' dir='ltr'>ταῦτα</span> <span class='ocrx_word' id='word_1_722' title='bbox 2095 4815 2192 4881; x_wconf 80' lang='grc' dir='ltr'><strong>μὲν</strong></span> <span class='ocrx_word' id='word_1_723' title='bbox 2224 4814 2315 4866; x_wconf 72' lang='grc' dir='ltr'><strong>καὶ</strong></span> <span class='ocrx_word' id='word_1_724' title='bbox 2342 4813 2584 4884; x_wconf 77' lang='grc' dir='ltr'>ὕστερον.</span> 
     </span>
    </p>
   </div>
   <div class='ocr_carea' id='block_1_98' title="bbox 366 4911 1218 4972">
    <p class='ocr_par' dir='ltr' id='par_1_98' title="bbox 366 4911 1218 4972">
     <span class='ocr_line' id='line_1_98' title="bbox 366 4911 1218 4972; baseline 0.008 -7"><span class='ocrx_word' id='word_1_725' title='bbox 366 4913 411 4943; x_wconf 82' lang='grc'>’⁸</span> <span class='ocrx_word' id='word_1_726' title='bbox 439 4911 481 4965; x_wconf 93' lang='lat' dir='ltr'><strong>ll</strong></span> <span class='ocrx_word' id='word_1_727' title='bbox 515 4911 652 4965; x_wconf 87' lang='lat' dir='ltr'><strong>Tim.</strong></span> <span class='ocrx_word' id='word_1_728' title='bbox 690 4927 750 4965; x_wconf 88' lang='grc' dir='ltr'><strong>ιιι</strong></span> <span class='ocrx_word' id='word_1_729' title='bbox 803 4912 856 4966; x_wconf 87' lang='lat'><strong>5.</strong></span> <span class='ocrx_word' id='word_1_730' title='bbox 931 4917 974 4946; x_wconf 81' lang='lat'><strong>&quot;</strong></span> <span class='ocrx_word' id='word_1_731' title='bbox 1005 4916 1135 4970; x_wconf 89' lang='lat' dir='ltr'><strong>ibid.</strong></span> <span class='ocrx_word' id='word_1_732' title='bbox 1166 4917 1218 4972; x_wconf 90' lang='lat'><strong>8.</strong></span> 
     </span>
    </p>
   </div>
   <div class='ocr_carea' id='block_1_99' title="bbox 1399 5008 2435 5071">
    <p class='ocr_par' dir='ltr' id='par_1_99' title="bbox 1399 5008 2435 5071">
     <span class='ocr_line' id='line_1_99' title="bbox 1399 5008 2435 5071; baseline 0.011 -13"><span class='ocrx_word' id='word_1_733' title='bbox 1399 5008 1628 5063; x_wconf 70' lang='grc' dir='ltr'><strong>νΑΙὶΙιΕ</strong></span> <span class='ocrx_word' id='word_1_734' title='bbox 1666 5009 2046 5067; x_wconf 82' lang='lat' dir='ltr'><strong>LECTIONES</strong></span> <span class='ocrx_word' id='word_1_735' title='bbox 2085 5013 2170 5067; x_wconf 80' lang='grc' dir='ltr'><strong>ΕΤ</strong></span> <span class='ocrx_word' id='word_1_736' title='bbox 2208 5014 2435 5071; x_wconf 72' lang='grc' dir='ltr'><strong>ΝΟΤΑΞ.</strong></span> 
     </span>
    </p>
   </div>
   <div class='ocr_carea' id='block_1_100' title="bbox 368 5119 1859 5186">
    <p class='ocr_par' dir='ltr' id='par_1_100' title="bbox 368 5119 1859 5186">
     <span class='ocr_line' id='line_1_100' title="bbox 368 5119 1859 5186; baseline 0.007 -16"><span class='ocrx_word' id='word_1_737' title='bbox 368 5119 481 5186; x_wconf 80' lang='grc' dir='ltr'><strong>(ῖο)</strong></span> <span class='ocrx_word' id='word_1_738' title='bbox 523 5121 861 5186; x_wconf 84' lang='grc' dir='ltr'>Σύστοιχοι.</span> <span class='ocrx_word' id='word_1_739' title='bbox 907 5119 1018 5174; x_wconf 75' lang='lat' dir='ltr'><strong>Vox</strong></span> <span class='ocrx_word' id='word_1_740' title='bbox 1055 5123 1153 5176; x_wconf 88' lang='lat' dir='ltr'><strong>ista</strong></span> <span class='ocrx_word' id='word_1_741' title='bbox 1180 5125 1422 5178; x_wconf 89' lang='lat' dir='ltr'><strong>eamdem</strong></span> <span class='ocrx_word' id='word_1_742' title='bbox 1455 5126 1540 5179; x_wconf 91' lang='lat' dir='ltr'><strong>hic</strong></span> <span class='ocrx_word' id='word_1_743' title='bbox 1571 5127 1733 5181; x_wconf 84' lang='lat' dir='ltr'><strong>habet</strong></span> <span class='ocrx_word' id='word_1_744' title='bbox 1762 5145 1859 5182; x_wconf 89' lang='lat' dir='ltr'><strong>uo-</strong></span> 
     </span>
    </p>
   </div>
   <div class='ocr_carea' id='block_1_101' title="bbox 297 5191 1859 5264">
    <p class='ocr_par' dir='ltr' id='par_1_101' title="bbox 297 5191 1859 5264">
     <span class='ocr_line' id='line_1_101' title="bbox 297 5191 1859 5264; baseline 0.006 -22"><span class='ocrx_word' id='word_1_745' title='bbox 297 5191 719 5264; x_wconf 79' lang='lat' dir='ltr'><strong>tionem,_quam</strong></span> <span class='ocrx_word' id='word_1_746' title='bbox 751 5193 975 5264; x_wconf 69' lang='lat' dir='ltr'><strong>verbum</strong></span> <span class='ocrx_word' id='word_1_747' title='bbox 1008 5197 1330 5264; x_wconf 82' lang='grc' dir='ltr'>συστοιχεῖν,</span> <span class='ocrx_word' id='word_1_748' title='bbox 1365 5208 1391 5248; x_wconf 87' lang='lat' dir='ltr'><strong>a</strong></span> <span class='ocrx_word' id='word_1_749' title='bbox 1430 5213 1536 5264; x_wconf 84' lang='lat' dir='ltr'><strong>quo</strong></span> <span class='ocrx_word' id='word_1_750' title='bbox 1561 5198 1859 5261; x_wconf 87' lang='lat' dir='ltr'><strong>derivatur,</strong></span> 
     </span>
    </p>
   </div>
   <div class='ocr_carea' id='block_1_102' title="bbox 299 5259 1861 5335">
    <p class='ocr_par' dir='ltr' id='par_1_102' title="bbox 299 5259 1861 5335">
     <span class='ocr_line' id='line_1_102' title="bbox 299 5259 1861 5335; baseline 0.007 -25"><span class='ocrx_word' id='word_1_751' title='bbox 299 5269 482 5311; x_wconf 89' lang='lat' dir='ltr'><strong>tuetur</strong></span> <span class='ocrx_word' id='word_1_752' title='bbox 513 5259 694 5335; x_wconf 40' lang='lat' dir='ltr'><strong>-Gala_t.</strong></span> <span class='ocrx_word' id='word_1_753' title='bbox 733 5261 933 5335; x_wconf 42' lang='grc' dir='ltr'><strong>μιῇ-25,</strong></span> <span class='ocrx_word' id='word_1_754' title='bbox 958 5263 1021 5314; x_wconf 88' lang='lat' dir='ltr'><strong>ad</strong></span> <span class='ocrx_word' id='word_1_755' title='bbox 1052 5259 1420 5335; x_wconf 49' lang='lat' dir='ltr'><strong>quem&#39;locum</strong></span> <span class='ocrx_word' id='word_1_756' title='bbox 1449 5259 1565 5319; x_wconf 77' lang='lat' dir='ltr'><strong>vide</strong></span> <span class='ocrx_word' id='word_1_757' title='bbox 1596 5259 1861 5335; x_wconf 56' lang='lat' dir='ltr'><strong>iuterpreé</strong></span> 
     </span>
    </p>
   </div>
   <div class='ocr_carea' id='block_1_103' title="bbox 297 5327 1831 5399">
    <p class='ocr_par' dir='ltr' id='par_1_103' title="bbox 297 5327 1831 5399">
     <span class='ocr_line' id='line_1_103' title="bbox 297 5327 1831 5399; baseline 0.005 -17"><span class='ocrx_word' id='word_1_758' title='bbox 297 5339 399 5388; x_wconf 87' lang='lat' dir='ltr'><strong>tes,</strong></span> <span class='ocrx_word' id='word_1_759' title='bbox 431 5336 485 5381; x_wconf 87' lang='lat' dir='ltr'><strong>et</strong></span> <span class='ocrx_word' id='word_1_760' title='bbox 513 5327 564 5399; x_wconf 90' lang='lat' dir='ltr'><strong>in</strong></span> <span class='ocrx_word' id='word_1_761' title='bbox 591 5329 777 5393; x_wconf 91' lang='lat' dir='ltr'><strong>primis</strong></span> <span class='ocrx_word' id='word_1_762' title='bbox 807 5327 1087 5384; x_wconf 79' lang='lat' dir='ltr'><strong>Erasmuni</strong></span> <span class='ocrx_word' id='word_1_763' title='bbox 1119 5332 1476 5399; x_wconf 89' lang='lat' dir='ltr'><strong>Schmidium,</strong></span> <span class='ocrx_word' id='word_1_764' title='bbox 1512 5327 1831 5390; x_wconf 79' lang='lat' dir='ltr'><strong>nostratem.</strong></span> 
     </span>
    </p>
   </div>
   <div class='ocr_carea' id='block_1_104' title="bbox 373 5398 1864 5472">
    <p class='ocr_par' dir='ltr' id='par_1_104' title="bbox 373 5398 1864 5472">
     <span class='ocr_line' id='line_1_104' title="bbox 373 5398 1864 5472; baseline 0.007 -22"><span class='ocrx_word' id='word_1_765' title='bbox 373 5399 484 5472; x_wconf 66' lang='lat'><strong>(7|)</strong></span> <span class='ocrx_word' id='word_1_766' title='bbox 551 5398 941 5472; x_wconf 65' lang='lat' dir='ltr'><strong>’Er_ps1étn.</strong></span> <span class='ocrx_word' id='word_1_767' title='bbox 1000 5399 1175 5472; x_wconf 76' lang='lat' dir='ltr'><strong>Mente</strong></span> <span class='ocrx_word' id='word_1_768' title='bbox 1232 5405 1441 5457; x_wconf 89' lang='lat' dir='ltr'><strong>scilicet</strong></span> <span class='ocrx_word' id='word_1_769' title='bbox 1481 5407 1633 5472; x_wconf 90' lang='lat' dir='ltr'><strong>quasi</strong></span> <span class='ocrx_word' id='word_1_770' title='bbox 1688 5409 1864 5460; x_wconf 90' lang='lat' dir='ltr'><strong>adhuc</strong></span> 
     </span>
    </p>
   </div>
   <div class='ocr_carea' id='block_1_105' title="bbox 296 5466 1860 5539">
    <p class='ocr_par' dir='ltr' id='par_1_105' title="bbox 296 5466 1860 5539">
     <span class='ocr_line' id='line_1_105' title="bbox 296 5466 1860 5539; baseline 0.008 -22"><span class='ocrx_word' id='word_1_771' title='bbox 296 5466 621 5539; x_wconf 73' lang='lat' dir='ltr'><strong>volvebatur</strong></span> <span class='ocrx_word' id='word_1_772' title='bbox 659 5467 891 5530; x_wconf 78' lang='lat' dir='ltr'><strong>facinus,</strong></span> <span class='ocrx_word' id='word_1_773' title='bbox 921 5478 977 5522; x_wconf 89' lang='lat' dir='ltr'><strong>et</strong></span> <span class='ocrx_word' id='word_1_774' title='bbox 1014 5471 1066 5522; x_wconf 94' lang='lat' dir='ltr'><strong>in</strong></span> <span class='ocrx_word' id='word_1_775' title='bbox 1117 5473 1304 5539; x_wconf 91' lang='lat' dir='ltr'><strong>primis</strong></span> <span class='ocrx_word' id='word_1_776' title='bbox 1337 5466 1646 5528; x_wconf 85' lang='lat' dir='ltr'><strong>versabatur</strong></span> <span class='ocrx_word' id='word_1_777' title='bbox 1673 5477 1860 5534; x_wconf 91' lang='lat' dir='ltr'><strong>initiis.</strong></span> 
     </span>
    </p>
   </div>
   <div class='ocr_carea' id='block_1_106' title="bbox 297 5535 1858 5614">
    <p class='ocr_par' dir='ltr' id='par_1_106' title="bbox 297 5535 1858 5614">
     <span class='ocr_line' id='line_1_106' title="bbox 297 5535 1858 5614; baseline 0.006 -25"><span class='ocrx_word' id='word_1_778' title='bbox 297 5537 385 5614; x_wconf 82' lang='lat' dir='ltr'><strong>lt_a_</strong></span> <span class='ocrx_word' id='word_1_779' title='bbox 403 5535 664 5614; x_wconf 83' lang='lat' dir='ltr'><strong>L_iba_nius</strong></span> <span class='ocrx_word' id='word_1_780' title='bbox 680 5554 810 5614; x_wconf 81' lang='lat' dir='ltr'><strong>voce</strong></span> <span class='ocrx_word' id='word_1_781' title='bbox 839 5540 937 5592; x_wconf 87' lang='lat' dir='ltr'><strong>hac</strong></span> <span class='ocrx_word' id='word_1_782' title='bbox 959 5535 1258 5614; x_wconf 40' lang='lat' dir='ltr'><strong>utitur—loco</strong></span> <span class='ocrx_word' id='word_1_783' title='bbox 1283 5559 1402 5596; x_wconf 77' lang='lat' dir='ltr'><strong>mox</strong></span> <span class='ocrx_word' id='word_1_784' title='bbox 1423 5545 1636 5598; x_wconf 89' lang='lat' dir='ltr'><strong>citaudo</strong></span> <span class='ocrx_word' id='word_1_785' title='bbox 1659 5562 1712 5614; x_wconf 93' lang='lat' dir='ltr'><strong>p.</strong></span> <span class='ocrx_word' id='word_1_786' title='bbox 1741 5545 1858 5611; x_wconf 85' lang='grc'>168,</span> 
     </span>
    </p>
   </div>
   <div class='ocr_carea' id='block_1_107' title="bbox 299 5606 1858 5682">
    <p class='ocr_par' dir='ltr' id='par_1_107' title="bbox 299 5606 1858 5682">
     <span class='ocr_line' id='line_1_107' title="bbox 299 5606 1858 5682; baseline 0.004 -25"><span class='ocrx_word' id='word_1_787' title='bbox 299 5606 388 5682; x_wconf 81' lang='lat' dir='ltr'><strong>ubi</strong></span> <span class='ocrx_word' id='word_1_788' title='bbox 439 5607 488 5682; x_wconf 76' lang='lat' dir='ltr'><strong>is</strong></span> <span class='ocrx_word' id='word_1_789' title='bbox 531 5607 929 5682; x_wconf 67' lang='lat' dir='ltr'><strong>ita_:Asioa._v1a.</strong></span> <span class='ocrx_word' id='word_1_790' title='bbox 973 5609 1073 5682; x_wconf 76' lang='grc' dir='ltr'>τὴν</span> <span class='ocrx_word' id='word_1_791' title='bbox 1100 5611 1193 5682; x_wconf 77' lang='grc' dir='ltr'><strong>τοῦ</strong></span> <span class='ocrx_word' id='word_1_792' title='bbox 1240 5614 1560 5682; x_wconf 84' lang='grc' dir='ltr'>πράγματος</span> <span class='ocrx_word' id='word_1_793' title='bbox 1611 5606 1858 5682; x_wconf 74' lang='grc' dir='ltr'>μελέτην,</span> 
     </span>
    </p>
   </div>
   <div class='ocr_carea' id='block_1_108' title="bbox 298 5676 1855 5755">
    <p class='ocr_par' dir='ltr' id='par_1_108' title="bbox 298 5676 1855 5755">
     <span class='ocr_line' id='line_1_108' title="bbox 298 5676 1855 5755; baseline 0.008 -30"><span class='ocrx_word' id='word_1_794' title='bbox 298 5676 655 5755; x_wconf 44' lang='grc' dir='ltr'>μήκαὶ-πρὸς</span> <span class='ocrx_word' id='word_1_795' title='bbox 680 5678 739 5728; x_wconf 82' lang='grc' dir='ltr'><strong>τὸ</strong></span> <span class='ocrx_word' id='word_1_796' title='bbox 777 5678 1032 5745; x_wconf 86' lang='grc' dir='ltr'>μέγιστον</span> <span class='ocrx_word' id='word_1_797' title='bbox 1053 5681 1160 5755; x_wconf 65' lang='grc' dir='ltr'><strong>ἀπο</strong></span> <span class='ocrx_word' id='word_1_798' title='bbox 1192 5676 1297 5755; x_wconf 71' lang='grc' dir='ltr'>τῶν</span> <span class='ocrx_word' id='word_1_799' title='bbox 1325 5676 1621 5755; x_wconf 68' lang='grc' dir='ltr'>ἐλαττόνων</span> <span class='ocrx_word' id='word_1_800' title='bbox 1648 5676 1855 5755; x_wconf 65' lang='grc' dir='ltr'>βαδίσῃξ</span> 
     </span>
    </p>
   </div>
   <div class='ocr_carea' id='block_1_109' title="bbox 296 5744 1857 5818">
    <p class='ocr_par' dir='ltr' id='par_1_109' title="bbox 296 5744 1857 5818">
     <span class='ocr_line' id='line_1_109' title="bbox 296 5744 1857 5818; baseline 0.008 -23"><span class='ocrx_word' id='word_1_801' title='bbox 296 5744 450 5818; x_wconf 81' lang='lat' dir='ltr'><strong>Solet</strong></span> <span class='ocrx_word' id='word_1_802' title='bbox 474 5745 607 5818; x_wconf 80' lang='lat' dir='ltr'><strong>alias</strong></span> <span class='ocrx_word' id='word_1_803' title='bbox 637 5746 756 5818; x_wconf 60' lang='lat' dir='ltr'><strong>hac</strong></span> <span class='ocrx_word' id='word_1_804' title='bbox 777 5744 876 5800; x_wconf 79' lang='lat' dir='ltr'><strong>vox</strong></span> <span class='ocrx_word' id='word_1_805' title='bbox 907 5753 1152 5818; x_wconf 89' lang='lat' dir='ltr'><strong>usurpari</strong></span> <span class='ocrx_word' id='word_1_806' title='bbox 1183 5767 1208 5803; x_wconf 93' lang='lat' dir='ltr'><strong>a</strong></span> <span class='ocrx_word' id='word_1_807' title='bbox 1240 5753 1548 5806; x_wconf 87' lang='lat' dir='ltr'><strong>rhetoribus</strong></span> <span class='ocrx_word' id='word_1_808' title='bbox 1581 5744 1657 5806; x_wconf 43' lang='lat' dir='ltr'><strong>de.</strong></span> <span class='ocrx_word' id='word_1_809' title='bbox 1679 5744 1857 5808; x_wconf 58' lang='lat' dir='ltr'><strong>decla-</strong></span> 
     </span>
    </p>
   </div>
   <div class='ocr_carea' id='block_1_110' title="bbox 293 5815 1856 5891">
    <p class='ocr_par' dir='ltr' id='par_1_110' title="bbox 293 5815 1856 5891">
     <span class='ocr_line' id='line_1_110' title="bbox 293 5815 1856 5891; baseline 0.008 -25"><span class='ocrx_word' id='word_1_810' title='bbox 293 5815 627 5868; x_wconf 78' lang='lat' dir='ltr'><strong>tuationibus</strong></span> <span class='ocrx_word' id='word_1_811' title='bbox 651 5817 848 5882; x_wconf 79' lang='lat' dir='ltr'><strong>quibus</strong></span> <span class='ocrx_word' id='word_1_812' title='bbox 892 5815 1147 5885; x_wconf 78' lang='lat' dir='ltr'><strong>juventus</strong></span> <span class='ocrx_word' id='word_1_813' title='bbox 1171 5822 1236 5873; x_wconf 88' lang='lat' dir='ltr'><strong>ad</strong></span> <span class='ocrx_word' id='word_1_814' title='bbox 1272 5824 1559 5876; x_wconf 78' lang='lat' dir='ltr'><strong>masculum</strong></span> <span class='ocrx_word' id='word_1_815' title='bbox 1596 5824 1856 5891; x_wconf 82' lang='lat' dir='ltr'><strong>eloquen-</strong></span> 
     </span>
    </p>
   </div>
   <div class='ocr_carea' id='block_1_111' title="bbox 655 5908 1247 5974">
    <p class='ocr_par' dir='ltr' id='par_1_111' title="bbox 655 5908 1247 5974">
     <span class='ocr_line' id='line_1_111' title="bbox 655 5908 1247 5974; baseline 0.012 -7"><span class='ocrx_word' id='word_1_816' title='bbox 655 5908 924 5967; x_wconf 75' lang='grc' dir='ltr'>ΡΔτιιοι..</span> <span class='ocrx_word' id='word_1_817' title='bbox 966 5911 1010 5970; x_wconf 85' lang='lat' dir='ltr'><strong>G</strong></span> <span class='ocrx_word' id='word_1_818' title='bbox 1025 5930 1084 5970; x_wconf 75' lang='grc' dir='ltr'>ιι.</span> <span class='ocrx_word' id='word_1_819' title='bbox 1129 5915 1247 5974; x_wconf 81' lang='lat' dir='ltr'><strong>CII.</strong></span> 
     </span>
    </p>
   </div>
   <div class='ocr_carea' id='block_1_112' title="bbox 1961 5134 3517 5214">
    <p class='ocr_par' dir='ltr' id='par_1_112' title="bbox 1961 5134 3517 5214">
     <span class='ocr_line' id='line_1_112' title="bbox 1961 5134 3517 5214; baseline 0.011 -31"><span class='ocrx_word' id='word_1_820' title='bbox 1961 5134 2086 5212; x_wconf 75' lang='lat' dir='ltr'><strong>tiam</strong></span> <span class='ocrx_word' id='word_1_821' title='bbox 2128 5134 2328 5214; x_wconf 69' lang='lat' dir='ltr'><strong>erudiri</strong></span> <span class='ocrx_word' id='word_1_822' title='bbox 2362 5135 2541 5214; x_wconf 68' lang='lat' dir='ltr'><strong>solet:</strong></span> <span class='ocrx_word' id='word_1_823' title='bbox 2596 5138 2727 5214; x_wconf 77' lang='lat' dir='ltr'><strong>vide</strong></span> <span class='ocrx_word' id='word_1_824' title='bbox 2747 5142 2989 5214; x_wconf 80' lang='lat' dir='ltr'><strong>omnino,</strong></span> <span class='ocrx_word' id='word_1_825' title='bbox 3031 5143 3229 5198; x_wconf 82' lang='lat' dir='ltr'><strong>Ezech.</strong></span> <span class='ocrx_word' id='word_1_826' title='bbox 3273 5145 3517 5214; x_wconf 89' lang='lat' dir='ltr'><strong>Spanhe-</strong></span> 
     </span>
    </p>
   </div>
   <div class='ocr_carea' id='block_1_113' title="bbox 1961 5203 3513 5282">
    <p class='ocr_par' dir='ltr' id='par_1_113' title="bbox 1961 5203 3513 5282">
     <span class='ocr_line' id='line_1_113' title="bbox 1961 5203 3513 5282; baseline 0.011 -29"><span class='ocrx_word' id='word_1_827' title='bbox 1961 5203 2150 5282; x_wconf 41' lang='lat' dir='ltr'><strong>rpium,</strong></span> <span class='ocrx_word' id='word_1_828' title='bbox 2187 5204 2251 5257; x_wconf 88' lang='lat' dir='ltr'><strong>ad</strong></span> <span class='ocrx_word' id='word_1_829' title='bbox 2291 5204 2502 5282; x_wconf 31' lang='lat' dir='ltr'><strong>Juliani-</strong></span> <span class='ocrx_word' id='word_1_830' title='bbox 2534 5217 2665 5259; x_wconf 89' lang='lat' dir='ltr'><strong>orat.</strong></span> <span class='ocrx_word' id='word_1_831' title='bbox 2711 5210 2756 5270; x_wconf 83' lang='lat' dir='ltr'><strong>l,</strong></span> <span class='ocrx_word' id='word_1_832' title='bbox 2785 5227 2837 5278; x_wconf 92' lang='lat' dir='ltr'><strong>p.</strong></span> <span class='ocrx_word' id='word_1_833' title='bbox 2875 5212 2939 5265; x_wconf 77' lang='lat' dir='ltr'><strong>M</strong></span> <span class='ocrx_word' id='word_1_834' title='bbox 2980 5203 3160 5282; x_wconf 49' lang='lat' dir='ltr'><strong>seqq”</strong></span> <span class='ocrx_word' id='word_1_835' title='bbox 3195 5224 3248 5267; x_wconf 90' lang='lat' dir='ltr'><strong>et</strong></span> <span class='ocrx_word' id='word_1_836' title='bbox 3271 5203 3513 5270; x_wconf 77' lang='lat' dir='ltr'><strong>Godfrid.</strong></span> 
     </span>
    </p>
   </div>
   <div class='ocr_carea' id='block_1_114' title="bbox 1959 5271 3514 5393">
    <p class='ocr_par' dir='ltr' id='par_1_114' title="bbox 1959 5271 3514 5393">
     <span class='ocr_line' id='line_1_114' title="bbox 1959 5271 3514 5393; baseline 0.009 -68"><span class='ocrx_word' id='word_1_837' title='bbox 1959 5271 2229 5393; x_wconf 54' lang='lat' dir='ltr'><strong>Oleigiium</strong></span> <span class='ocrx_word' id='word_1_838' title='bbox 2279 5274 2344 5327; x_wconf 86' lang='lat' dir='ltr'><strong>ad</strong></span> <span class='ocrx_word' id='word_1_839' title='bbox 2387 5271 2800 5342; x_wconf 59' lang='lat' dir='ltr'><strong>Philostratum;</strong></span> <span class='ocrx_word' id='word_1_840' title='bbox 2851 5282 2926 5334; x_wconf 87' lang='lat' dir='ltr'><strong>De</strong></span> <span class='ocrx_word' id='word_1_841' title='bbox 2965 5271 3514 5350; x_wconf 38' lang='lat' dir='ltr'><strong>vitis&#39;s&#39;ophistarum,</strong></span> 
     </span>
     <span class='ocr_line' id='line_1_115' title="bbox 1962 5357 2172 5393; baseline 0 0"><span class='ocrx_word' id='word_1_842' title='bbox 1962 5357 2014 5393; x_wconf 86' lang='grc' dir='ltr'><strong>ι).</strong></span> <span class='ocrx_word' id='word_1_843' title='bbox 2161 5381 2172 5393; x_wconf 94' lang='grc'><strong>.</strong></span> 
     </span>
    </p>
   </div>
   <div class='ocr_carea' id='block_1_115' title="bbox 1961 5357 2172 5409">
    <p class='ocr_par' dir='ltr' id='par_1_115' title="bbox 1961 5357 2172 5409">
     <span class='ocr_line' id='line_1_116' title="bbox 1961 5357 2172 5409; baseline 0.005 -16"><span class='ocrx_word' id='word_1_844' title='bbox 1961 5357 2014 5409; x_wconf 94' lang='lat' dir='ltr'><strong>p.</strong></span> <span class='ocrx_word' id='word_1_845' title='bbox 2053 5357 2172 5394; x_wconf 70' lang='lat'><strong>451.</strong></span> 
     </span>
    </p>
   </div>
   <div class='ocr_carea' id='block_1_116' title="bbox 2033 5410 3513 5491">
    <p class='ocr_par' dir='ltr' id='par_1_116' title="bbox 2033 5410 3513 5491">
     <span class='ocr_line' id='line_1_117' title="bbox 2033 5410 3513 5491; baseline 0.011 -31"><span class='ocrx_word' id='word_1_846' title='bbox 2033 5410 2166 5491; x_wconf 45' lang='lat'><strong>(72)&quot;</strong></span> <span class='ocrx_word' id='word_1_847' title='bbox 2182 5413 2520 5491; x_wconf 52' lang='lat' dir='ltr'><strong>anI-gr._De</strong></span> <span class='ocrx_word' id='word_1_848' title='bbox 2558 5419 2838 5472; x_wconf 89' lang='lat' dir='ltr'><strong>venenatis</strong></span> <span class='ocrx_word' id='word_1_849' title='bbox 2863 5420 3052 5475; x_wconf 85' lang='lat' dir='ltr'><strong>bestiis</strong></span> <span class='ocrx_word' id='word_1_850' title='bbox 3077 5424 3324 5491; x_wconf 88' lang='lat' dir='ltr'><strong>usurpari</strong></span> <span class='ocrx_word' id='word_1_851' title='bbox 3359 5424 3513 5477; x_wconf 87' lang='lat' dir='ltr'><strong>solet.</strong></span> 
     </span>
    </p>
   </div>
   <div class='ocr_carea' id='block_1_117' title="bbox 1962 5478 3512 5561">
    <p class='ocr_par' dir='ltr' id='par_1_117' title="bbox 1962 5478 3512 5561">
     <span class='ocr_line' id='line_1_118' title="bbox 1962 5478 3512 5561; baseline 0.01 -31"><span class='ocrx_word' id='word_1_852' title='bbox 1962 5478 2095 5561; x_wconf 69' lang='lat' dir='ltr'><strong>Vide</strong></span> <span class='ocrx_word' id='word_1_853' title='bbox 2136 5480 2283 5561; x_wconf 80' lang='lat' dir='ltr'><strong>8am.</strong></span> <span class='ocrx_word' id='word_1_854' title='bbox 2310 5481 2655 5561; x_wconf 72' lang='lat' dir='ltr'><strong>Bochartum,</strong></span> <span class='ocrx_word' id='word_1_855' title='bbox 2683 5498 2834 5561; x_wconf 80' lang='lat' dir='ltr'><strong>parte</strong></span> <span class='ocrx_word' id='word_1_856' title='bbox 2865 5507 2924 5552; x_wconf 89' lang='grc' dir='ltr'><strong>ιι,</strong></span> <span class='ocrx_word' id='word_1_857' title='bbox 2956 5478 3276 5557; x_wconf 74' lang='lat' dir='ltr'><strong>Hierozoici,</strong></span> <span class='ocrx_word' id='word_1_858' title='bbox 3302 5509 3352 5561; x_wconf 91' lang='lat' dir='ltr'><strong>p.</strong></span> <span class='ocrx_word' id='word_1_859' title='bbox 3378 5495 3469 5546; x_wconf 82' lang='grc'><strong>571</strong></span> <span class='ocrx_word' id='word_1_860' title='bbox 3498 5512 3512 5557; x_wconf 88' lang='lat'><strong>;</strong></span> 
     </span>
    </p>
   </div>
   <div class='ocr_carea' id='block_1_118' title="bbox 1961 5549 3512 5623">
    <p class='ocr_par' dir='ltr' id='par_1_118' title="bbox 1961 5549 3512 5623">
     <span class='ocr_line' id='line_1_119' title="bbox 1961 5549 3512 5623; baseline 0.015 -24"><span class='ocrx_word' id='word_1_861' title='bbox 1961 5559 2014 5602; x_wconf 86' lang='lat' dir='ltr'><strong>et</strong></span> <span class='ocrx_word' id='word_1_862' title='bbox 2056 5549 2399 5623; x_wconf 65' lang='lat' dir='ltr'><strong>bamb_ertum</strong></span> <span class='ocrx_word' id='word_1_863' title='bbox 2455 5555 2590 5616; x_wconf 76' lang='lat' dir='ltr'><strong>Bos,</strong></span> <span class='ocrx_word' id='word_1_864' title='bbox 2640 5549 2874 5614; x_wconf 69' lang='lat' dir='ltr'><strong>ili-Notis</strong></span> <span class='ocrx_word' id='word_1_865' title='bbox 2908 5549 2974 5613; x_wconf 83' lang='lat' dir='ltr'><strong>ad</strong></span> <span class='ocrx_word' id='word_1_866' title='bbox 3025 5561 3232 5616; x_wconf 87' lang='lat' dir='ltr'><strong>Novum</strong></span> <span class='ocrx_word' id='word_1_867' title='bbox 3266 5549 3512 5623; x_wconf 48' lang='lat' dir='ltr'><strong>&#39;Fmdus;</strong></span> 
     </span>
    </p>
   </div>
   <div class='ocr_carea' id='block_1_119' title="bbox 1960 5619 3514 5686">
    <p class='ocr_par' dir='ltr' id='par_1_119' title="bbox 1960 5619 3514 5686">
     <span class='ocr_line' id='line_1_120' title="bbox 1960 5619 3514 5686; baseline 0.01 -18"><span class='ocrx_word' id='word_1_868' title='bbox 1960 5635 2012 5686; x_wconf 91' lang='lat' dir='ltr'><strong>p.</strong></span> <span class='ocrx_word' id='word_1_869' title='bbox 2069 5620 2152 5672; x_wconf 88' lang='lat'><strong>90.</strong></span> <span class='ocrx_word' id='word_1_870' title='bbox 2198 5619 2542 5676; x_wconf 85' lang='lat' dir='ltr'><strong>Transfertur</strong></span> <span class='ocrx_word' id='word_1_871' title='bbox 2586 5626 2780 5681; x_wconf 88' lang='lat' dir='ltr'><strong>deinde</strong></span> <span class='ocrx_word' id='word_1_872' title='bbox 2832 5630 2896 5682; x_wconf 84' lang='lat' dir='ltr'><strong>ad</strong></span> <span class='ocrx_word' id='word_1_873' title='bbox 2954 5631 3198 5686; x_wconf 85' lang='lat' dir='ltr'><strong>homines</strong></span> <span class='ocrx_word' id='word_1_874' title='bbox 3248 5633 3299 5685; x_wconf 91' lang='lat' dir='ltr'><strong>in</strong></span> <span class='ocrx_word' id='word_1_875' title='bbox 3350 5619 3514 5685; x_wconf 75' lang='lat' dir='ltr'><strong>[lcum</strong></span> 
     </span>
    </p>
   </div>
   <div class='ocr_carea' id='block_1_120' title="bbox 1963 5689 3515 5768">
    <p class='ocr_par' dir='ltr' id='par_1_120' title="bbox 1963 5689 3515 5768">
     <span class='ocr_line' id='line_1_121' title="bbox 1963 5689 3515 5768; baseline 0.009 -28"><span class='ocrx_word' id='word_1_876' title='bbox 1963 5689 2281 5768; x_wconf 81' lang='lat' dir='ltr'><strong>hominesve</strong></span> <span class='ocrx_word' id='word_1_877' title='bbox 2318 5695 2581 5768; x_wconf 46' lang='lat' dir='ltr'><strong>-nta_\&#39;i_t_ne</strong></span> <span class='ocrx_word' id='word_1_878' title='bbox 2603 5697 2847 5768; x_wconf 88' lang='lat' dir='ltr'><strong>injurios.</strong></span> <span class='ocrx_word' id='word_1_879' title='bbox 2881 5699 3017 5768; x_wconf 79' lang='lat' dir='ltr'><strong>Lege</strong></span> <span class='ocrx_word' id='word_1_880' title='bbox 3047 5702 3312 5755; x_wconf 80' lang='lat' dir='ltr'><strong>Joannem</strong></span> <span class='ocrx_word' id='word_1_881' title='bbox 3356 5702 3515 5754; x_wconf 83' lang='lat' dir='ltr'><strong>Pear-</strong></span> 
     </span>
    </p>
   </div>
   <div class='ocr_carea' id='block_1_121' title="bbox 1960 5756 3513 5837">
    <p class='ocr_par' dir='ltr' id='par_1_121' title="bbox 1960 5756 3513 5837">
     <span class='ocr_line' id='line_1_122' title="bbox 1960 5756 3513 5837; baseline 0.011 -29"><span class='ocrx_word' id='word_1_882' title='bbox 1960 5756 2171 5837; x_wconf 56' lang='lat' dir='ltr'><strong>sqniugn</strong></span> <span class='ocrx_word' id='word_1_883' title='bbox 2210 5763 2274 5813; x_wconf 91' lang='lat' dir='ltr'><strong>ad</strong></span> <span class='ocrx_word' id='word_1_884' title='bbox 2311 5761 2506 5837; x_wconf 39' lang='lat' dir='ltr'><strong>lghnatii</strong></span> <span class='ocrx_word' id='word_1_885' title='bbox 2545 5756 2830 5833; x_wconf 77' lang='lat' dir='ltr'><strong>Epistolas,</strong></span> <span class='ocrx_word' id='word_1_886' title='bbox 2864 5787 2915 5837; x_wconf 88' lang='lat' dir='ltr'><strong>p.</strong></span> <span class='ocrx_word' id='word_1_887' title='bbox 2957 5756 3059 5835; x_wconf 56' lang='lat' dir='ltr'><strong>ii;</strong></span> <span class='ocrx_word' id='word_1_888' title='bbox 3104 5785 3158 5825; x_wconf 88' lang='lat' dir='ltr'><strong>et</strong></span> <span class='ocrx_word' id='word_1_889' title='bbox 3199 5773 3513 5827; x_wconf 82' lang='lat' dir='ltr'><strong>Godfridum</strong></span> 
     </span>
    </p>
   </div>
   <div class='ocr_carea' id='block_1_122' title="bbox 1959 5782 3515 5908">
    <p class='ocr_par' dir='ltr' id='par_1_122' title="bbox 1959 5782 3515 5908">
     <span class='ocr_line' id='line_1_123' title="bbox 1960 5782 3513 5837; baseline 0.01 -28"><span class='ocrx_word' id='word_1_890' title='bbox 1960 5782 2171 5810; x_wconf 73' lang='grc' dir='ltr'>δυιιιιιιιι</span> <span class='ocrx_word' id='word_1_891' title='bbox 2210 5782 2273 5813; x_wconf 82' lang='lat' dir='ltr'><strong>au</strong></span> <span class='ocrx_word' id='word_1_892' title='bbox 2321 5782 2506 5815; x_wconf 68' lang='lat' dir='ltr'><strong>I&#39;naut</strong></span> <span class='ocrx_word' id='word_1_893' title='bbox 2545 5782 2830 5833; x_wconf 69' lang='lat' dir='ltr'><strong>DplSlOlaS,</strong></span> <span class='ocrx_word' id='word_1_894' title='bbox 2864 5787 2915 5837; x_wconf 67' lang='grc' dir='ltr'><strong>ι).</strong></span> <span class='ocrx_word' id='word_1_895' title='bbox 2966 5782 3059 5835; x_wconf 71' lang='grc' dir='ltr'>ιι;</span> <span class='ocrx_word' id='word_1_896' title='bbox 3104 5785 3158 5825; x_wconf 84' lang='lat' dir='ltr'><strong>et</strong></span> <span class='ocrx_word' id='word_1_897' title='bbox 3199 5782 3513 5827; x_wconf 76' lang='lat' dir='ltr'><strong>(iodlrnlum</strong></span> 
     </span>
     <span class='ocr_line' id='line_1_124' title="bbox 1959 5782 3515 5908; baseline 0.01 -28"><span class='ocrx_word' id='word_1_898' title='bbox 1959 5827 2228 5882; x_wconf 88' lang='lat' dir='ltr'><strong>Olearium</strong></span> <span class='ocrx_word' id='word_1_899' title='bbox 2257 5834 2322 5884; x_wconf 88' lang='lat' dir='ltr'><strong>ad</strong></span> <span class='ocrx_word' id='word_1_900' title='bbox 2343 5782 2656 5890; x_wconf 60' lang='grc' dir='ltr'><strong>ἱὸιτιιὶοιιεξιιι</strong></span> <span class='ocrx_word' id='word_1_901' title='bbox 2691 5837 2897 5893; x_wconf 88' lang='lat' dir='ltr'><strong>Libanii</strong></span> <span class='ocrx_word' id='word_1_902' title='bbox 2921 5858 3017 5908; x_wconf 89' lang='lat' dir='ltr'><strong>pro</strong></span> <span class='ocrx_word' id='word_1_903' title='bbox 3045 5843 3348 5898; x_wconf 82' lang='lat' dir='ltr'><strong>ulciscenda</strong></span> <span class='ocrx_word' id='word_1_904' title='bbox 3368 5845 3515 5897; x_wconf 57' lang='lat' dir='ltr'><strong>mede</strong></span> 
     </span>
    </p>
   </div>
   <div class='ocr_carea' id='block_1_123' title="bbox 3043 5933 3076 5994">
    <p class='ocr_par' dir='ltr' id='par_1_123' title="bbox 3043 5933 3076 5994">
     <span class='ocr_line' id='line_1_125' title="bbox 3043 5933 3076 5994; baseline 0 0"><span class='ocrx_word' id='word_1_905' title='bbox 3043 5933 3076 5994; x_wconf 88' lang='lat'><strong>6</strong></span> 
     </span>
    </p>
   </div>
  </div>
