4222 6432
708 414 795 475 ΠΙ

1870 407 2122 465 1³11οΤ11
2169 407 2668 468 ΡΑΤΒΙΑΠΕΗᾹΞ
2702 411 2809 472 CP.

3840 414 3942 478 I72

779 525 959 580 .\\'III.
991 523 1125 588 Quia
1155 534 1284 574 vero
1311 533 1488 573 sermo
1525 532 1679 570 meus
1712 527 1966 584 tanquam
2001 518 2051 569 in
2093 526 2271 569 trans—
2301 520 2345 575 Λ

2269 520 2345 575 ιλ
2445 516 2546 568 111⁸.
2603 519 2753 570 Ἐπεὶ
2799 518 2980 579 δὲτὰς
3026 521 3320 591 ίερολογίας
3348 521 3376 573 δ
3409 522 3562 590 λόγος
3603 522 3678 584 ὡς
3720 523 3779 572 ἐν
3817 525 3936 575 ἐπι-

705 635 861 673 cursu
913 623 1226 684 persecuttts
1272 621 1354 662 est
1401 609 1613 661 oracula
1657 623 1806 661 sacra
1834 646 1850 668 ,
1895 623 2014 675 qua:
2067 608 2266 660 bonum

708 713 917 762 I'atrcm
951 705 1160 756 Domini
1196 700 1366 754 nostri
1397 699 1524 765 Jesu
1558 699 1793 760 Christi,
1843 708 1895 750 et
1929 699 2104 766 ipsum
2139 697 2271 749 dile-

704 792 1408 850 ctumFiliumeonditorem
1435 790 1595 856 hujus
1620 789 1878 846 universi.
1900 798 1954 840 ct
1971 797 2269 841 creatorem

705 891 971 949 omnium,
1002 900 1121 954 qua:
1152 883 1295 935 inter
1326 881 1604 934 sensibilia
1660 890 1714 932 t'I.
1764 878 2116 948 intelligibilia
2168 894 2271 930 nu-

708 991 1002 1040 :ncratttttr,
1052 977 1198 1030 clare
1240 973 1595 1043 pronuntiant
1645 981 1699 1023 et
1726 970 2021 1032 celebrant,
2050 969 2270 1022 consul-

709 1083 820 1124 tum
874 1067 1002 1120 milii
1069 1066 1285 1118 videtur
1337 1063 1511 1115 adhuc
1563 1060 1909 1113 manifestius
1960 1061 2267 1124 ostendere,

707 1162 952 1227 quisnam
995 1157 1201 1227 primus
1229 1166 1283 1207 et
1313 1163 1493 1206 mente
1519 1163 1572 1205 et
1603 1151 1782 1205 verbis
1811 1149 1978 1218 hujus
2009 1151 2061 1202 in
2102 1150 2269 1202 Deum

711 1249 1011 1302 insolentiae
1055 1255 1242 1300 auctor
1282 1245 1384 1298 illis
1405 1244 1648 1306 exsistat,
1688 1242 1779 1310 qui
1802 1242 2026 1296 omnino
2057 1257 2271 1310 ptenain

711 1344 882 1399 luent.
927 1339 1070 1406 quod
1099 1353 1276 1407 regem
1306 1337 1466 1403 hujus
1506 1334 1746 1388 universi
1773 1349 1936 1402 super
1962 1348 2019 1386 se
2049 1347 2274 1402 regnare

710 1430 920 1492 nolunt,
953 1428 1046 1481 sed
1076 1442 1198 1480 cuin
1229 1425 1347 1478 aliis
1383 1424 1544 1476 rebus
1577 1421 1924 1475 scnsibilibus
1953 1421 2116 1473 etiam
2152 1435 2274 1473 cor-

711 1538 838 1589 pora
865 1536 960 1572 sua
990 1515 1267 1571 Conditori
1299 1515 1648 1576 subtrahunt,
1678 1521 1733 1565 et
1761 1512 1902 1564 hosti
1937 1511 2270 1579 mancipant.

711 1608 826 1661 Non
887 1621 1014 1659 vero
1069 1602 1284 1656 aliunde
1349 1603 1463 1654 It:ec
1544 1599 1931 1652 commentatio
2011 1597 2275 1666 repetitur

711 1711 870 1762 quam
895 1708 957 1746 ex
985 1691 1087 1742 illis
1115 1690 1245 1758 ipsis
1279 1687 1448 1740 sacris
1482 1695 1536 1738 et
1571 1701 1598 1737 a
1643 1685 1750 1736 Deo
1781 1683 2058 1752 inspiratis
2081 1685 2275 1735 Uracu-

712 1787 796 1837 lis.
832 1781 971 1834 Audi
1001 1781 1182 1848 itaque
1234 1775 1619 1845 evangelistam
1679 1773 1915 1825 Lucam:
1961 1773 2096 1826 nihil
2126 1773 2271 1826 enim

711 1871 962 1943 prohibet
995 1870 1166 1938 ipsum
1220 1866 1405 1920 audire
1483 1863 1526 1905 Ιε
1575 1864 1718 1915 enim
1753 1862 2134 1924 tentationetn,
2168 1877 2272 1930 qua
2302 1851 2347 1908 Β

713 1977 896 2017 noster
922 1961 1048 2014 inde
1081 1960 1147 2011 ab
1170 1957 1374 2026 origine
1416 1970 1595 2008 rerum
1625 1952 1998 2022 supplantator
2027 1968 2275 2006 commu-

714 2073 836 2108 nem
868 2053 1109 2105 otnnium
1139 2049 1489 2102 Conditorem
1542 2046 1594 2098 in
1641 2055 1923 2114 assumpto
1959 2043 2147 2098 habitu
2174 2059 2275 2096 no-

711 2157 824 2198 stro
854 2145 1165 2210 despectum
1190 2152 1472 2207 aggressus
1489 2147 1590 2198 est,
1616 2135 1669 2188 in
1695 2150 1844 2188 sacra
1867 2135 2089 2189 historia
2113 2149 2273 2188 enar-

714 2248 952 2297 raturus,
986 2243 1040 2285 et
1077 2241 1197 2300 post
1229 2229 1546 2282 recensitam
1579 2228 1806 2296 primam
1850 2227 2013 2291 illam,
2049 2224 2275 2279 alteram

711 2328 1058 2396 chiositurus
1097 2340 1109 2375 :
1168 2322 1232 2374 Et
1280 2322 1543 2373 adducens
1585 2321 1779 2387 ipsum,
1805 2319 2011 2388 inquit,
2038 2319 2275 2371 diabolus

715 2425 766 2470 in
804 2427 1026 2470 montem
1061 2414 1340 2473 excelsum,
1370 2411 1588 2463 ostendit
1618 2411 1664 2462 ci
1703 2412 1879 2461 omnia
1921 2426 2079 2479 regna
2114 2410 2274 2462 orbis.

718 2510 783 2561 Et
814 2508 943 2560 dixit
994 2509 1039 2559 ei
1089 2504 1326 2557 diabolus
1355 2502 1421 2556 "'.
1476 2501 1707 2554 Adverte
1747 2510 2006 2561 mentem,
2035 2516 2068 2551 ο
2093 2501 2274 2564 homo,

719 2611 778 2654 nt
813 2600 972 2662 scias,
1015 2597 1157 2650 unde
1191 2597 1425 2665 primunt
1465 2609 1563 2646 vox
1595 2593 1707 2645 lucc
1744 2592 1852 2645 Deo
1887 2592 2115 2645 adversa
2147 2607 2276 2661 pro-

718 2697 856 2746 I'ecta
885 2693 976 2754 sit,
1018 2700 1070 2743 et
1115 2688 1384 2757 quodnam
1446 2688 1516 2739 sit
1544 2684 1962 2738 abominandum
1996 2685 2278 2752 apostasia:

719 2785 953 2838 initiutn.
1021 2780 1153 2846 Quis
1203 2779 1409 2848 primus
1458 2776 1732 2830 terrestria
1776 2787 1915 2843 opus
1970 2785 2024 2828 et
2054 2790 2277 2844 regnum

721 2871 892 2924 hostis
921 2869 1104 2922 dicere
1132 2881 1296 2919 ausus
1340 2865 1465 2919 est?
1516 2880 1708 2932 nempe
1740 2874 1886 2918 sator
1920 2865 2274 2927 zizaniorum,

718 2961 810 3029 qui
839 2956 1106 3012 homicida
1152 2955 1252 3009 fuit
1289 2955 1356 3008 ab
1389 2954 1565 3018 initio,
1607 2955 1697 3023 qui
1745 2956 1954 3024 primus
1998 2956 2053 3010 in
2107 2956 2277 3010 Deum

719 3050 984 3104 cervicem
1037 3047 1257 3110 extulit,
1305 3045 1396 3115 qui
1444 3061 1539 3114 per
1590 3046 1783 3100 fastum
1835 3057 1888 3101 et
1917 3049 2276 3118 arrogantiam

723 3145 893 3195 instar
921 3138 1146 3209 fulguris
1189 3153 1250 3192 ex
1287 3137 1426 3191 caalo
1465 3137 1752 3206 prolapsus
1783 3147 1884 3192 est.
1949 3138 2096 3191 Dixit
2131 3141 2276 3194 enim

720 3231 796 3282 illi
827 3228 1062 3282 diabolus
1110 3243 1128 3279 :
1180 3226 1288 3278 Tibi
1339 3227 1472 3278 dabo
1520 3230 1653 3277 hanc
1698 3228 2091 3292 potestatem".
2125 3226 2277 3293 Vide,

719 3337 1010 3390 quemnam
1050 3320 1328 3372 doctorem
1351 3317 1438 3370 hic
1465 3317 1730 3370 malorum
1762 3318 2081 3382 constituat,
2117 3335 2279 3389 quem

719 3417 934 3474 dotem,
967 3425 1126 3478 quem
1161 3408 1583 3476 prmceptorem!
1618 3405 1662 3460 Ο
1695 3407 1946 3460 miseram
1978 3424 2150 3463 meam
2183 3426 2284 3464 na-

724 3515 920 3564 turam,
952 3509 1208 3568 quantam
1243 3496 1383 3549 hosti
1414 3504 1736 3564 potestatem
1779 3497 1830 3549 in
1866 3513 1951 3551 me
1981 3498 2111 3551 Ieci!
2146 3500 2282 3552 Cum

723 3593 1011 3662 Evangelia
1046 3599 1151 3643 tam
1185 3589 1326 3641 clare
1361 3587 1613 3656 prodant,
1647 3586 1790 3640 unde
1821 3590 2131 3657 provenerit
2166 3600 2283 3644 tan-

726 3695 835 3738 tum
867 3682 1151 3752 apostasia
1179 3679 1398 3742 malum,
1451 3687 1507 3732 et
1538 3678 1660 3747 quis
1694 3679 1812 3748 ejus
1845 3681 1914 3733 sit
1938 3692 2157 3747 auctor;
2189 3699 2275 3737 er-

725 3776 874 3829 ronei
911 3786 1090 3827 tamen
1128 3770 1397 3830 homines,
1452 3777 1708 3836 tanquam
1745 3773 2009 3825 obturatis
2035 3776 2280 3841 auribus,

722 3876 815 3919 aut
867 3879 1052 3918 carum
1116 3877 1215 3915 usu
1264 3860 1486 3929 penitus
1540 3860 1734 3928 privati
1802 3863 1994 3916 nolunt
2047 3865 2231 3920 videre
2265 3909 2279 3931 ,

722 3960 878 4026 cujus
907 3971 965 4009 se
993 3953 1192 4007 faciant
1221 3951 1516 4020 discipulos
1535 3990 1550 4014 ,
1599 3960 1654 4004 et
1687 3952 1842 4021 cujus
1864 3969 2023 4008 voces
2054 3970 2180 4010 suas
2206 3957 2285 4010 fa-

723 4056 867 4106 riant
913 4068 976 4106 ac
1019 4049 1301 4118 recipiant.
1350 4047 1415 4100 Et
1456 4047 1592 4099 dixit
1620 4050 1666 4102 ei
1696 4050 1972 4104 diabolus:
2005 4051 2115 4104 Tibi
2151 4053 2284 4105 dabo

724 4153 1034 4212 potestatem
1057 4143 1190 4194 lianc
1209 4156 1430 4201 onmem,
1467 4147 1514 4191 et
1544 4138 1768 4207 gloriam
1788 4157 1986 4204 eorum,
2009 4144 2132 4210 quia
2157 4143 2284 4196 mihi

725 4236 923 4288 tradita
968 4243 1124 4298 sunt,
1175 4245 1222 4287 et
1267 4236 1554 4305 cuicunque
1587 4235 1817 4298 voluero,
1862 4237 1969 4302 ipse
2017 4238 2168 4289 trado
2212 4239 2281 4292 ".

725 4325 975 4377 I‘ercellit
1023 4340 1148 4387 vos,
1187 4325 1458 4380 auditores
1497 4325 1586 4379 Dei
1625 4325 2016 4388 amantissimi,
2062 4328 2283 4382 audacia

724 4416 1028 4476 mendacii,
1089 4425 1143 4468 et
1195 4416 1496 4469 insolentia:
1549 4417 1864 4485 magnitudo
1899 4417 1954 4469 in
2002 4417 2282 4471 horrorem

2370 604 2541 674 δρομῇ
2587 605 2831 673 διῆλθεν,
2867 609 2923 659 αί
2967 609 3060 661 τὸν
3089 611 3292 676 ἀγαθὸν
3339 612 3559 679 Πατέρα
3597 611 3690 663 τοῦ
3737 613 3944 680 Κυρίου

2372 696 2527 764 ἡμῶν
2576 697 2750 764 Ἰησοῦ
2797 697 3066 767 Χριστοῦ,
3110 703 3208 752 καὶ
3248 702 3412 752 αὑτὸν
3447 702 3538 754 τὸν
3584 705 3944 772 ἠγαπημένον

2374 788 2500 840 Υἱὸν
2529 787 2856 859 δημιουργὸν
2882 788 2976 842 τοῦ
3008 792 3208 854 παντὸς
3239 795 3332 844 καὶ
3381 793 3626 862 κτίστην,
3659 795 3758 846 ὅσα
3789 811 3846 846 τε
3883 797 3932 849 ἐι

2371 881 2482 940 τοῖς
2518 879 2795 948 αἰσθητοῖς
2843 881 2936 934 καὶ
2972 884 3073 934 ὅσα
3102 884 3160 934 ἐν
3201 887 3313 946 τοῖς
3355 885 3562 954 νοητοῖς
3587 882 3941 948 ἐξετάζεται,

2373 969 2683 1037 περιφανῶς
2707 972 2927 1024 ἀνεῖπόν
2949 990 3008 1025 τε
3043 974 3136 1025 καὶ
3164 975 3527 1044 άνεκήρυξαν,
3569 975 3648 1027 ἔτι
3682 993 3769 1043 μοι
3797 976 3944 1027 δοκεί

2371 1060 2618 1124 διελθεῖν,
2647 1062 2741 1114 καὶ
2777 1063 3184 1135 ἐμφανέστερον
3217 1066 3504 1133 ἐπιδεῖξαι,
3537 1067 3620 1128 τίς
3644 1083 3702 1118 τε
3745 1065 3947 1119 ἐστὶν⁹ὁ

2372 1152 2585 1220 πρῶτος
2628 1153 2819 1224 γνώμῃ
2868 1155 2965 1223 μέν
2991 1155 3258 1225 τολμηρᾷ,
3297 1159 3507 1226 ῥήμασι
3537 1157 3593 1210 δὲ
3621 1158 3731 1219 τοῖς
3757 1157 3946 1218 αὐτοῖς

2372 1246 2469 1312 τῆς
2514 1243 2810 1312 θεομαχίας
2840 1244 3177 1311 διδάσκαλος,
3212 1247 3418 1315 ταύτης
3461 1248 3641 1315 ῥητῶς
3663 1251 3760 1316 τὴν
3788 1248 3948 1315 δίκην

2372 1333 2632 1397 τίσουσιν,
2651 1336 2699 1387 οί
2719 1335 2808 1387 τὸν
2821 1334 2914 1387 τοῦ
2940 1338 3139 1400 παντὸς
3156 1338 3388 1390 Βασιλέα
3416 1336 3490 1406 μὴ
3508 1337 3833 1407 θελήσαντες
3856 1337 3949 1407 βαι

2376 1424 2608 1477 σιλεύειν
2639 1427 2724 1494 ἐφ’
2752 1426 2982 1491 ἑαυτῶν,
3006 1427 3141 1480 ἀλλὰ
3165 1429 3304 1498 μετὰ
3325 1429 3433 1480 τῶν
3464 1427 3639 1482 ἄλλων
3669 1428 3948 1498 αἰσθητῶν

2376 1517 2470 1568 καὶ
2491 1519 2559 1569 τὰ
2590 1516 2816 1586 σώματα
2842 1518 3022 1573 αὐτῶν
3050 1519 3141 1571 τοῦ
3189 1520 3432 1573 Πλάστου
3461 1521 3560 1590 μέν
3585 1521 3946 1582 διασπῶντες,

2377 1612 2737 1673 συνάπτοντες
2775 1612 2830 1664 δὲ
2863 1612 2941 1680 τῷ
2998 1611 3230 1681 Ἐχθρῷ.
3271 1613 3383 1664 Οὐκ
3429 1612 3649 1666 ἄλλοθεν
3673 1611 3730 1663 δέ
3763 1613 3871 1663 οὐδ’
3909 1613 3946 1679 ἠ

2375 1707 2505 1768 περὶ
2541 1700 2744 1751 τούτων
2794 1704 3038 1770 πρόεισιν
3078 1703 3385 1767 ἀπόδειξις,
3426 1703 3562 1756 ἀλλὰ
3593 1704 3678 1756 διὰ
3708 1703 3814 1754 τῶν
3845 1703 3949 1753 αῦ-

2375 1791 2485 1842 τῶν
2524 1791 2894 1844 θεοπνεύστων
2919 1797 3010 1844 καὶ
3042 1793 3199 1860 ίερῶν
3236 1794 3466 1860 Λογίων.
3520 1795 3718 1846 Ἀκουε
3763 1793 3951 1844 τοίνυν

2375 1881 2468 1934 τοῦ
2519 1882 2906 1949 εὐαγγελιστοῦ
2953 1884 3176 1935 Λουδιᾶ⁸
3237 1883 3390 1935 οὐδὲν
3442 1883 3550 1952 γὰρ
3603 1877 3713 1935 οἷον
3777 1881 3950 1934 αὑτοῦ

2375 1973 2612 2027 ἀκούειν.
2638 1973 2750 2043 Τὴν
2775 1976 2967 2043 πεῖραν
2987 1967 3161 2038 οὗτος,
3212 1975 3280 2026 δι’
3309 1969 3374 2044 ἦς
3407 1975 3436 2025 ὀ
3473 1974 3568 2028 ἀπ’
3591 1973 3761 2042 ἀρχῆς
3786 1972 3950 2042 ἡμῶν

2376 2067 2701 2134 πτερνιστὴς
2733 2066 3084 2135 ἐπεχείρησεν
3115 2067 3171 2117 ἐν
3203 2067 3446 2136 ἡμετέρᾳ
3483 2068 3662 2136 μορφῇ
3691 2065 3947 2127 κατιδὼν,

2380 2158 2597 2210 καὶτὸν
2641 2157 2816 2210 κοινὸν
2848 2158 3105 2226 πειράσαι
3155 2157 3426 2227 Πλάστην,
3461 2157 3663 2225 ταύτην
3709 2155 3798 2209 διὰ
3849 2155 3952 2225 τῆς

2379 2248 2528 2316 ίερᾶς
2560 2247 2800 2318 ἱστορίας
2830 2247 3132 2316 περιδιδοὺς
3158 2248 3267 2315 (73)
3291 2287 3305 2309 ,
3339 2259 3435 2302 καὶ
3478 2248 3615 2318 μετὰ
3661 2248 3760 2318 τὴν
3795 2246 3952 2317 πρῶ⁴

2377 2355 2476 2408 την
2513 2339 2611 2410 τὴν
2649 2339 2908 2408 δευτέραν
2934 2338 3200 2402 ἐπεξιών·
3242 2340 3349 2393 Καὶ
3382 2339 3697 2409 ἀναγαγὼν
3738 2339 3952 2403 αὑτὸν,

2379 2431 2560 2498 φησὶν,
2594 2429 2624 2480 ὁ
2649 2428 2924 2491 διάϐολος·
2953 2430 3038 2493 είς
3067 2429 3206 2495 ὄρος
3228 2429 3492 2495 ὑψηλὸν,
3531 2429 3761 2492 ἔδειξεν
3788 2427 3956 2491 αὐτῷ

2377 2520 2578 2584 πάσας
2610 2519 2712 2585 τὰς
2733 2520 3058 2584 ,ϐασιλείας
3095 2517 3205 2585 τῆς
3234 2517 3606 2586 οἰκουμένης.
3640 2519 3748 2572 Καὶ
3781 2514 3956 2572 εἶπεν·

2376 2611 2535 2675 αὐτῷ
2562 2613 2592 2663 ό
2631 2609 2926 2674 διάϐολος.
2969 2609 3210 2680 Πρόσεχε
3242 2609 3331 2661 τὸν
3367 2610 3510 2673 νοῦν,
3539 2609 3813 2680 ἄνθρωπε,
3849 2611 3951 2662 πό-

2379 2703 2471 2756 θεν
2517 2703 2734 2773 πρῶτον
2763 2701 2986 2770 ἐξῆλθεν
3023 2703 3056 2770 ἡ
3111 2701 3374 2770 θεομάχος
3405 2700 3542 2770 αῦτη
3579 2701 3752 2770 φωνὴ,
3793 2701 3878 2762 τίς
3919 2703 3954 2770 ἡ

2382 2797 2604 2865 μυσαρά
2624 2793 2723 2862 τῆς
2745 2795 3078 2856 ἁποστασίας
3109 2793 3353 2863 ἀπαρχὴ.
3392 2794 3486 2856 Τίς
3514 2793 3776 2862 ἐτόλμησε
3803 2791 3956 2863 πρῶ-

2379 2905 2469 2950 τος
2511 2887 2578 2939 τὰ
2633 2889 2921 2956 περίγεια,
2968 2886 3129 2955 ἔργον
3177 2889 3271 2939 καὶ
3314 2885 3589 2954 βασιλείαν
3643 2888 3817 2938 εἰπεῖν
3855 2885 3951 2938 τοῦ

2392 2977 2651 3045 Ἐχθροῦ;
2690 2979 2772 3030 ὅτι
2803 2977 2909 3030 τῶν
2924 2977 3220 3042 ζιζανίωνὸ
3251 2977 3689 3047 ἀνθρωποκτόνος
3713 2976 3954 3044 γεγονὼς

2381 3069 2474 3122 ἀπ’
2509 3068 2704 3138 ἀρχῆς,
2735 3069 2764 3120 ὀ
2793 3068 3005 3138 πρῶτος
3039 3069 3410 3138 τραχηλιάσας
3444 3068 3581 3120 κατὰ
3614 3067 3770 3131 Θεοῦ,
3797 3070 3826 3120 ό
3864 3069 3955 3120 διά

2381 3161 2442 3213 τὸ
2472 3161 2808 3230 μεγάλαυχον
2850 3162 2944 3213 καὶ
2976 3161 3067 3213 τὸν
3111 3161 3346 3224 ἀλαζόνα
3387 3160 3512 3214 νοῦν
3548 3160 3702 3230 δίκην
3741 3161 3953 3230 ἀστρα-

2385 3254 2491 3321 πῆς
2524 3251 2704 3303 πεσὼν
2737 3252 2799 3302 ἐκ
2829 3251 2922 3302 τοῦ
2964 3251 3193 3321 οὐρανοῦ
3216 3269 3230 3283 ο
3267 3253 3362 3304 καὶ
3388 3247 3556 3305 εἶπεν
3577 3249 3736 3316 αὐτῷ
3759 3254 3792 3305 ὀ
3821 3251 3952 3303 dui-

2385 3345 2582 3408 σολος,
2636 3344 2735 3396 Σοὶ
2777 3342 2949 3395 δώσω
2994 3343 3108 3408 τὴν
3147 3343 3440 3407 ἐξουσίαν
3482 3344 3724 3409 ταύτην.
3773 3344 3953 3412 Ὅρα,

2384 3437 2502 3486 τίνα.
2533 3434 2852 3488 διδάσκαλον
2896 3433 2958 3486 τὸ
2987 3436 3086 3501 τῆς
3108 3435 3370 3503 πονηρίας
3412 3433 3626 3497 καθίζει
3655 3434 3954 3503 συνέδριον,

2385 3527 2504 3579 τίνα
2558 3526 2919 3594 μυσταγωγὸν
2965 3525 3058 3577 καὶ
3113 3525 3441 3596 είσηγητήνι
3500 3525 3562 3576 Ὠ
3604 3523 3955 3594 ταλαιπώρου

2384 3618 2484 3687 τῆς
2527 3617 2666 3684 ἐμῆς
2703 3615 2936 3682 φύσεως,
2982 3617 3047 3685 ἣν
3091 3616 3364 3685 παρέσχον
3394 3616 3642 3682 ἐξουσίαν
3669 3616 3788 3669 κατ’
3817 3616 3956 3683 ἐμοῦ

2383 3706 2462 3776 τῷ
2506 3705 2744 3777 Ἐχθρῷί
2777 3705 2962 3769 Οὕτως
2993 3706 3262 3776 λαμπρῶς
3309 3706 3416 3759 τῶν
3440 3707 3804 3774 Εὑαγγελίων,
3832 3709 3956 3760 ὅθεν

2385 3796 2596 3867 ἐρράγη
2641 3796 2734 3850 καὶ
2775 3795 3048 3866 προῆλθε,
3094 3796 3490 3865 κηρυττόντων,
3531 3797 3590 3850 τὸ
3637 3797 3955 3868 τηλικοῦτον

2385 3889 2484 3956 τῆς
2517 3887 2854 3951 άποστασίας
2905 3886 3092 3950 κακὸν,
3126 3889 3222 3940 καὶ
3244 3888 3328 3951 τίς
3368 3889 3396 3940 ὁ
3427 3889 3730 3960 ἀρξάμενος
3765 3889 3954 3960 ὥσπερ

2387 3978 2646 4048 μύσαντες
2676 3979 2723 4029 οἱ
2755 3978 3119 4048 πλανηθέντες
3139 3979 3207 4031 τά
3242 3973 3377 4041 ὦτα,
3404 3979 3436 4049 ἢ
3471 3979 3748 4042 παντελῶς
3772 3981 3954 4034 αὐτῶν

2385 4068 2732 4139 ἀφῃρημένοι
2755 4071 2853 4136 τὴν
2877 4070 3093 4139 χρῆσιν,
3127 4070 3226 4121 οὐκ
3256 4070 3499 4122 ἐθέλουσι
3533 4070 3783 4134 συνιδεῖν,
3810 4072 3954 4134 τίνος

2386 4161 2612 4220 ἑαυτοὺς
2632 4157 2845 4210 ποιοῦσι
2885 4158 3152 4226 μαθητὰς,
3184 4159 3278 4209 καὶ
3309 4158 3451 4221 τίνος
3489 4159 3816 4212 οἱκειοῦνται
3861 4163 3955 4212 καὶ

2386 4251 2787 4303 ὑποϐάλλονται
2820 4249 3022 4315 φωνάς.
3048 4249 3159 4301 Kal
3187 4244 3357 4302 εἶπεν
3398 4249 3556 4314 αὐτῷ
3585 4253 3617 4303 ό
3651 4251 3948 4315 διάϐολος·

2387 4342 2674 4404 Σοὶδώσῳ
2695 4341 2808 4406 τὴν
2835 4340 3122 4403 ἐξουσίαν
3167 4343 3390 4407 ταύτην
3422 4341 3686 4406 ἅπασαν,
3713 4343 3808 4394 καὶ
3840 4344 3953 4408 τὴν

2386 4431 2574 4495 δόξαν
2617 4430 2834 4496 αὐτῶν,
2872 4432 2959 4483 ὅτι
3006 4431 3134 4499 ἐμοὶ
3174 4432 3589 4498 παραδέδοται,
3621 4433 3719 4485 καί
3759 4427 3808 4499 ᾦ
3845 4434 3953 4486 ἐὰν

729 4509 1066 4578 in0pinatuni
1101 4506 1326 4576 conjieit
1350 4521 1469 4561 :me
1502 4521 1631 4560 vero
1650 4507 1818 4561 multo
1839 4508 2007 4576 magis
2039 4508 2283 4577 percellit
2308 4501 2396 4574 Ι),

2308 4501 2361 4561 Ῑ)
2387 4520 2557 4582 θέλω,
2594 4520 2800 4589 δίδωμι
2841 4521 3054 4584 αὑτήν.
3099 4522 3482 4590 Καταπλήττει
3532 4539 3590 4574 σε
3643 4524 3703 4575 τὸ
3751 4523 3951 4594 θράσος

737 4600 1096 4668 pessimorum
1142 4596 1360 4666 pessimi
1385 4596 1624 4666 magistri
1664 4596 2072 4665 discipulorum,
2096 4612 2292 4666 prazce-
2386 4627 2404 4662 τ

2287 4626 2292 4639 ’
2386 4609 2482 4662 τοῦ
2503 4610 2752 4678 ψεύδους,
2771 4604 2816 4663 ῶ
2839 4610 3087 4678 φιλόθεον
3115 4612 3339 4686 θέατρον
3367 4612 3501 4680 (74),
3521 4614 3615 4666 καὶ
3647 4617 3726 4676 είς
3746 4614 3954 4684 θάμϐος

726 4700 933 4757 ptorem
965 4701 1124 4740 suum
1152 4684 1720 4756 superandistudium.
1746 4686 1838 4740 Ille
1867 4687 2286 4758 enim,alioquin

727 4795 822 4847 per
856 4778 1037 4832 omnia
1069 4776 1243 4830 audax
1271 4816 1286 4838 ,
1323 4786 1378 4830 et
1400 4776 1710 4845 impudens,
1742 4786 1795 4830 et
1819 4778 2079 4842 mendax,
2119 4792 2172 4833 et
2204 4789 2284 4835 te-

727 4869 1022 4932 merarius,
1047 4868 1302 4938 praedicat
1341 4877 1517 4920 tamen
1550 4881 1608 4921 se
1636 4868 1704 4920 ab
1729 4868 1834 4921 alio
1861 4869 2026 4923 dante
2063 4887 2286 4940 regnum

728 4962 780 5014 in
817 4973 958 5014 terra
1003 4970 1220 5013 nactum
1254 4974 1394 5013 esse.
1428 4958 1556 5011 Mihi
1590 4960 1765 5023 enim,
1802 4961 2001 5026 inquit,
2044 4962 2129 5014 illa
2163 4964 2287 5019 data

725 5066 886 5118 sunt;
919 5070 1026 5106 non
1058 5069 1216 5108 vero:
1246 5069 1344 5123 ego
1375 5055 1487 5108 haec
1513 5069 1575 5107 ex
1605 5070 1711 5108 non
1745 5056 2132 5113 exsistentibus
2160 5077 2288 5115 con-

723 5147 854 5201 didi.
914 5148 980 5199 At
1027 5146 1248 5216 genuini
1297 5145 1370 5199 iIIi
1425 5153 1480 5199 et
1528 5157 1857 5214 praeceptore
1918 5164 2016 5204 suo
2076 5155 2288 5222 pejores

794 5265 834 5293 ⁷⁷
873 5262 1060 5316 Matth.
1096 5276 1169 5324 tv,
1193 5261 1243 5316 8.
1323 5261 1522 5317 "ibid.
1599 5263 1641 5294 τ’
1673 5262 1802 5317 ibid.
1835 5263 1888 5322 9.

2387 4701 2623 4767 ἐξαίσιον
2666 4702 2871 4770 ἀπάγει
2923 4702 3025 4771 τῆς
3073 4701 3392 4766 ἀλαζονείας
3423 4704 3485 4756 τὺ
3539 4706 3767 4775 μέγεθος
3797 4723 3810 4735 ⁸
3850 4710 3950 4776 ἐμὲ

2383 4792 2439 4845 δέ
2469 4791 2666 4860 μᾶλλον
2700 4793 2791 4846 τοῦ
2827 4793 2997 4847 κακοῦ
3035 4793 3354 4847 διδασκάλου
3387 4794 3496 4847 τῶν
3535 4795 3721 4848 κακῶν
3781 4797 3956 4866 μαθηο

2383 4884 2491 4938 τῶν
2516 4887 2547 4952 ἡ
2587 4885 2811 4955 σπουδὴ,
2844 4886 2935 4937 καὶ
2964 4883 3044 4947 οἷς
3075 4888 3167 4941 τὸν
3189 4887 3506 4940 διδάσκαλον
3545 4887 3956 4957 ἐφιλονείκησαν

2385 4977 2837 5046 ὑπερὸάλλεσθαι.
2887 4979 2944 5030 Ὀ
2986 4980 3084 5048 μὲν
3114 4981 3244 5052 γάρ,
3273 4981 3453 5033 καίτοι
3483 4981 3659 5036 πάντα
3688 4981 3954 5048 τολμηρὸς

2384 5071 2477 5120 καὶ
2498 5069 2851 5138 ἀναίσχυντος
2885 5071 2979 5124 καὶ
3000 5071 3235 5141 ψεύστης
3251 5073 3344 5124 καὶ
3372 5070 3574 5140 θρασὺς
3590 5071 3684 5134 ὢν,
3698 5072 3845 5140 ὅμως
3862 5072 3956 5126 άλ-

2385 5159 2476 5214 λου
2493 5160 2672 5225 δόντος
2695 5161 2880 5216 λαϐεῖν
2892 5163 2989 5232 τὴν
3011 5163 3286 5234 βασιλείαν
3314 5163 3414 5232 τὴν
3434 5165 3526 5216 ἐπὶ
3542 5163 3644 5234 γῆς
3669 5163 3958 5232 τερατεύε-

1824 5397 2059 5454 ἾΑΒΙᾹΞ
2085 5400 2470 5462 LECTIONES
2517 5407 2605 5461 ET
2643 5407 2877 5466 ΝΟΤᾹΕ.

727 5512 945 5572 .InIiani,
978 5528 1097 5580 qua:
1126 5521 1304 5566 exstat
1358 5511 1413 5564 in
1454 5511 1624 5566 celeb.
1682 5512 1767 5566 Jo.
1814 5513 2020 5569 Alberti
2060 5513 2290 5572 Fabricii

730 5584 1045 5634 Bibliotheca
1069 5583 1271 5637 erca.
1299 5583 1406 5635 vol.
1436 5582 1545 5644 VII,
1575 5598 1628 5650 p.
1663 5583 1784 5637 166.

800 5653 909 5714 (³55)
969 5652 1331 5717 Περιδιδούς.
1395 5651 1701 5722 Legendum
1756 5663 1885 5722 puto
1944 5656 2288 5723 παραδιδούς,

731 5737 848 5787 qua:
878 5739 975 5773 vox
1006 5723 1127 5774 huic
1175 5732 1494 5789 argumento
1524 5726 1929 5779 accommodata
1965 5737 2066 5780 est.
2102 5726 2290 5779 Solent

735 5801 910 5843 autem
938 5791 1345 5859 prepositiones
1385 5791 1534 5860 παρὰ
1567 5803 1620 5846 et
1656 5796 1780 5864 περὶ
1811 5797 1949 5849 inter
1987 5811 2044 5849 se
2073 5813 2289 5864 permu-

2390 5520 2488 5575 tari
2525 5520 2576 5574 in
2604 5538 2734 5576 mss.

2459 5592 2568 5658 (74)
2605 5591 2883 5659 Θέατρον.
2927 5593 3104 5672 Habes
3157 5597 3244 5652 hic
3289 5613 3488 5655 novum
3545 5616 3953 5672 argumentum,

2387 5675 2495 5754 quo
2544 5673 2792 5754 cqnstalre
2843 5667 3360 5754 possiesermonfen‘i
3413 5672 3502 5725 hic
3555 5667 3686 5754 legi.
3738 5667 3956 5754 publice

2387 5731 2930 5810 oliinnadaudientes
2953 5735 3212 5792 habitum.
3261 5731 3389 5795 Vide
3410 5755 3530 5810 qua}
3554 5731 3826 5800 iuvli'mine
3847 5731 3953 5802 hu;

2383 5799 2473 5868 jus
2511 5799 2673 5854 libelli
2701 5816 2730 5854 a
2756 5819 2840 5858 me
2881 5805 3167 5860 observata
3193 5817 3336 5861 sunt.
