4222 6432
291 449 395 513 173

1307 447 1599 508 CONTRA
1634 443 2086 506 MANIClI/EOS
2128 443 2356 504 LIBER
2394 444 2506 504 III.

3428 441 3526 507 174

287 580 401 615 ται.
434 559 585 628 Ἐμοὶ
606 558 733 628 γάρ,
754 559 905 628 φησὶ,
920 557 1294 630 παραδέδοται,
1317 556 1430 609 ἀλλ’
1451 557 1670 623 οὖκέγὼ
1685 556 1854 609 ταῦτα
1885 560 1926 615 Α

1885 560 1926 615 Α
1958 552 2238 622 discipuli,
2273 553 2413 621 quod
2449 566 2570 605 cum
2618 552 2841 605 horrore
2878 550 3019 618 dico,
3049 567 3114 608 ex
3144 567 3232 617 eo,
3259 554 3400 623 quod
3428 571 3521 609 ac-

287 653 356 704 ἐκ
397 652 471 721 μὴ
508 652 674 703 ὄντων
726 652 1025 717 ὑφέστηκα.
1052 651 1112 701 Οί
1146 650 1200 701 δέ
1250 651 1484 716 γενναῖοι
1528 650 1621 701 καὶ
1668 648 1856 699 δυσσε-

287 744 540 811 ϐέστεροι
571 740 663 793 τοῦ
709 740 1030 793 διδασκάλου
1078 739 1336 809 μαθηταὶ,
1371 739 1431 790 τὸ
1475 739 1856 809 φρυαξάμενον

287 836 484 897 εἰπεῖν,
507 835 569 884 ἐκ
585 831 676 883 τοῦ
691 830 1022 899 παραλαϐεῖν
1048 830 1189 899 ἔχειν
1213 830 1309 898 τὴν
1326 829 1597 897 βασιλείαν
1626 830 1734 881 τῶν
1764 829 1855 880 ἐπὶ

286 926 393 991 γῆς
418 922 518 989 τῆς
560 920 923 983 διδασκαλίας,
946 920 1019 981 ὠς
1050 920 1244 982 ἔοικεν,
1278 919 1327 969 οἳ
1360 918 1518 969 πλέον
1548 918 1852 981 ἀσεϐοῦσιν,

287 1012 643 1080 ἀμειϐόμενοι
673 1010 1003 1079 δημιουργὸν
1037 1011 1131 1061 xui
1175 1010 1417 1077 πλάστην
1452 1007 1559 1060 τῶν
1600 1009 1853 1075 ἐπιγείων

287 1102 773 1169 καταγγέλλουσιν.
806 1102 911 1152 Kui
948 1098 1117 1151 ταῦτα
1139 1100 1355 1169 φρονεῖν
1396 1100 1489 1150 xui
1516 1100 1694 1165 λέγειν
1732 1098 1852 1150 τολ-

290 1195 524 1261 μῶντες,
562 1192 686 1245 οὒτε
726 1192 1072 1260 πεφρίκασιν,
1098 1192 1219 1244 οὔτε
1287 1192 1517 1261 συνορᾷν
1561 1190 1853 1260 ἐϐουλήθη-

290 1285 508 1346 σαν,είς
523 1280 630 1336 οἷον
660 1284 934 1346 ἀπωλείας
970 1283 1131 1351 βυθὸν
1165 1283 1509 1338 καταδύουσι.
1538 1283 1608 1335 Σὺ
1630 1283 1683 1335 δέ
1715 1283 1850 1352 μηδέ

288 1375 350 1425 τὸ
392 1375 519 1441 ἐξῆς
567 1373 954 1443 παραδράμῃς.
995 1372 1153 1441 Λέγει
1218 1375 1364 1443 γὰρ,
1417 1374 1500 1427 Σὺ
1566 1370 1679 1429 οὖν
1743 1375 1852 1427 ἐὰν

290 1462 730 1528 προσκυνήσῃς
778 1462 1031 1514 ἐνώπιόν
1076 1481 1233 1531 μου,
1272 1465 1443 1517 ἔσται
1497 1465 1613 1517 σοῦ
1662 1464 1848 1517 πᾶσα.

288 1553 455 1604 Ὥστε
487 1556 515 1605 6
547 1553 813 1606 πιστεύων
843 1552 933 1603 τοῦ
962 1553 1206 1606 διαϐόλου
1234 1550 1370 1605 εῖναι
1400 1555 1467 1606 τά
1498 1554 1735 1621 ἐπίγεια,
1760 1554 1853 1605 xui

289 1646 424 1713 παρ’
468 1647 631 1700 αὐτοῦ
662 1649 959 1717 λαμϐάνειν
990 1648 1223 1716 νομίζων
1254 1648 1322 1699 τά
1370 1649 1426 1699 ἐν
1464 1649 1665 1707 αὐτοῖς,
1697 1641 1850 1704 οὗτός

289 1738 438 1788 ἐστιν
470 1741 496 1790 ό
539 1740 628 1790 τὸν
671 1740 911 1793 διάϐολον
947 1738 1283 1808 προσκυνῶν.
1319 1739 1394 1789 Ού
1424 1737 1531 1805 γὰρ
1584 1739 1670 1799 ἂν,
1722 1737 1849 1804 παρ’

290 1829 460 1880 αὐτοῦ
509 1830 691 1883 λαϐεῖν
729 1832 1003 1900 ὁμολογῶν
1049 1832 1082 1883 5.
1115 1830 1213 1897 τῆς
1265 1832 1680 1899 προσκυνήσεως
1710 1826 1778 1898 ἦν
1819 1829 1848 1879 6

296 1917 507 1984 μισθὸς,
529 1918 726 1971 δύναιτ’
756 1895 823 1971 ἀν
852 1895 950 1989 την
972 1895 1337 1988 προσκύνησιν
1354 1895 1743 1984 ἀπαρνεῖσθαι.⁷
1761 1918 1847 1970 Τί·
1886 1895 1924 1950 Β

292 2027 380 2072 νες
430 2011 475 2061 δ’
520 2012 583 2063 ἂν
635 2008 744 2063 εἷεν
782 2006 1007 2082 οὖτοι,ἧ
1053 2014 1102 2064 oi
1165 2012 1293 2081 παρ’
1335 2010 1497 2063 αὐτοῦ
1558 2011 1654 2079 μὲν
1706 2010 1850 2079 ἔχειν

292 2102 682 2168 ὁμολογοῦντες
729 2102 790 2153 τὸ
840 2107 1019 2172 σῶμα,
1048 2103 1146 2172 τῆς
1197 2101 1361 2155 αὑτοῦ
1406 2102 1463 2153 δέ
1494 2102 1851 2173 δημιουργίας

291 2189 387 2237 xui
421 2186 695 2254 βασιλείας
722 2188 877 2258 ἔργον
909 2188 1042 2242 εἶναι
1073 2189 1228 2242 τοῦτο
1253 2206 1268 2255 ;
1300 2190 1393 2242 xui
1420 2190 1478 2242 ού
1500 2190 1560 2242 τὸ
1589 2190 1743 2259 σῶμα
1765 2192 1852 2259 μό-

291 2294 401 2340 νον,
434 2276 567 2330 ἀλλά
597 2279 690 2330 καὶ
735 2279 823 2331 τὸν
848 2281 1007 2349 ἄρτον
1036 2281 1127 2333 καὶ
1161 2281 1250 2333 τὸν
1278 2278 1439 2343 οἶνον,
1460 2282 1550 2333 xui
1588 2280 1647 2333 τὸ
1687 2281 1850 2351 ὕδωρ,

292 2370 388 2420 xui
418 2368 485 2421 τά
518 2370 649 2423 ἄλλα
683 2372 879 2433 πάντα,
901 2372 967 2424 δι’
992 2373 1133 2425 ὅσων
1165 2373 1224 2426 τὸ
1257 2374 1590 2443 ἀνθρώπινον
1624 2373 1850 2442 διακρα-

289 2464 463 2513 τείται
516 2463 606 2513 xui
656 2464 936 2532 συνέχεται
983 2465 1281 2533 σύγκριμα,
1322 2465 1416 2516 καὶ
1455 2464 1547 2517 τὸν
1599 2464 1853 2533 αἰσθητὸν

291 2553 482 2605 τοῦτον
520 2554 928 2625 διαπορεύονται
969 2555 1101 2625 βίον.
1140 2555 1247 2607 Kui
1275 2554 1381 2624 γὰρ
1428 2554 1521 2607 xui
1570 2553 1773 2605 τούτων
1818 2554 1850 2621 ἠ

292 2645 530 2714 αἰσθητὴ
578 2646 773 2708 κτίσις,
806 2645 875 2698 τὰ
930 2649 1025 2715 μὲν
1074 2645 1315 2715 προχέει,
1356 2644 1423 2698 τά
1479 2644 1536 2696 δὲ
1592 2644 1848 2712 γεωργεῖ.

291 2738 461 2789 Ὥστε
507 2739 553 2788 οἱ
584 2738 1039 2808 δημιουργήματα
1074 2737 1171 2807 μὲν
1212 2734 1307 2787 τοῦ
1353 2735 1601 2787 διαϐόλου
1632 2735 1852 2802 καὶτῆς

292 2828 577 2897 βασιλείας
621 2827 807 2893 αὑτοῦ,
836 2830 903 2880 τά
965 2827 1220 2897 αἰσθητὰ,
1252 2826 1311 2891 ἐξ
1357 2819 1432 2880 ῶν
1484 2825 1685 2895 ἔμαθον
1720 2826 1849 2895 παρ’

294 2920 508 2985 αὐτοῦ,
572 2922 746 2990 δόγμα
798 2919 1095 2982 ποιοῦντες,
1156 2919 1326 2972 ταῦτα
1391 2920 1447 2972 δὲ
1514 2919 1655 2988 ἔχειν
1722 2917 1851 2987 παρ’

290 3012 482 3076 αὑτοῦ,
514 3014 606 3064 xui
631 3012 839 3075 τούτοις
870 3011 1058 3081 διαζῇν
1078 3013 1187 3072 τοῖς
1222 3011 1401 3080 ἔργοις
1430 3008 1847 3072 ἐπιδεικνύντες,

289 3098 443 3157 οὗτοι
487 3103 731 3171 φανερῶς
760 3102 856 3155 xui
905 3102 1286 3169 ἀναμφιϐόλως
1314 3102 1439 3166 εἰσὶ,
1469 3102 1572 3153 κᾶν
1603 3101 1701 3171 τὴν
1744 3101 1851 3153 τῶν

1957 646 2118 713 cepit,
2148 646 2322 697 eidem
2350 645 2636 712 imperium
2680 646 2731 696 in
2761 653 2974 697 terrena
3002 646 3278 699 vindicant
3308 658 3517 700 creato-

1957 750 2070 788 rem
2104 735 2278 802 ipsum
2304 745 2357 787 et
2387 735 2723 787 conditorem
2759 737 3095 790 terrestrium
3128 739 3181 790 in
3212 740 3514 792 mercedem

1956 826 2163 879 scilicet
2209 836 2442 894 accepta:
2492 826 2559 878 ab
2600 841 2664 878 eo
2713 827 3048 894 disciplinrc,
3110 831 3509 883 renuntiantes.

1955 917 2128 983 Atque
2163 915 2231 968 ita
2251 917 2451 968 sentire
2475 924 2529 968 et
2559 916 2700 982 loqui
2731 918 2991 970 audentes
3018 934 3117 971 nec
3145 918 3388 984 horrent,
3414 937 3515 975 nec

1958 1008 2141 1061 videre
2170 1008 2417 1076 cupiunt,
2451 1007 2502 1058 in
2535 1018 2794 1075 quantum
2830 1010 2977 1061 exitii
3011 1010 3326 1064 barathrum
3373 1028 3515 1080 pra:-

1956 1096 2144 1164 cipitcs
2177 1107 2424 1164 agantur.
2455 1094 2535 1147 'I‘u
2572 1111 2697 1149 vero
2744 1112 2845 1149 nec
2881 1101 3157 1165 sequentia
3202 1109 3512 1168 prmtereas.

1958 1189 2046 1241 Ait
2077 1189 2221 1241 enim
2261 1208 2274 1241 :
2318 1189 2387 1240 Tu
2425 1190 2587 1256 igitur
2610 1190 2654 1240 si
2686 1206 2765 1241 me
2791 1192 3114 1250 adoraveris,
3148 1194 3246 1244 erit
3274 1205 3363 1245 tua
3400 1210 3513 1246 0m-

1958 1280 2058 1331 nis.
2100 1277 2201 1342 Qui
2233 1280 2395 1348 igitur
2442 1281 2611 1333 credit
2645 1291 2852 1333 terrena
2900 1296 3020 1334 esse
3059 1283 3293 1348 diaboli,
3328 1300 3515 1353 seque,

1955 1386 2073 1437 quze
2110 1372 2160 1422 in
2197 1372 2300 1423 illis
2328 1383 2484 1434 sunt,
2516 1372 2582 1423 ab
2612 1371 2725 1439 ipso
2750 1372 2991 1439 accipere
3016 1375 3285 1442 opinatur,
3326 1378 3369 1430 is
3400 1378 3517 1431 dia-

1956 1459 2136 1511 bolum
2177 1462 2381 1512 adorat.
2420 1460 2601 1529 Neque
2632 1462 2812 1524 enim,
2851 1463 2940 1529 qui
2983 1464 3051 1517 ab
3083 1472 3147 1517 eo
3182 1481 3240 1517 se
3268 1467 3517 1535 accipere

1956 1550 2237 1616 profitetur
2290 1567 2387 1614 ea,
2451 1567 2569 1619 qua:
2615 1553 2944 1605 adorationis
2994 1556 3269 1621 prii-mium
3325 1567 3513 1619 erant,

1956 1641 2321 1692 adorationcm
2354 1643 2522 1708 ipsam
2566 1643 2834 1710 denegare
2880 1645 3067 1711 possit.
3106 1644 3335 1708 Quinam
3382 1664 3510 1701 vero

1956 1729 2028 1781 illi
2065 1730 2267 1782 fuerint
2292 1731 2399 1791 alii,
2432 1746 2590 1797 quam
2619 1732 2738 1793 isti,
2768 1733 2855 1799 qui
2890 1736 2956 1785 ah
2986 1750 3047 1786 ea
3089 1750 3147 1787 se
3191 1736 3391 1790 habere
3440 1737 3515 1789 fa-

1960 1828 2144 1872 tentur
2182 1834 2394 1887 corpus,
2424 1830 2584 1887 atque
2620 1821 2720 1872 hoc
2753 1822 2817 1873 ad
2852 1825 3181 1876 creationem
3214 1835 3267 1877 et
3292 1842 3513 1895 regnum

1955 1911 2073 1977 ejus
2104 1913 2373 1977 pertinere
2398 1912 2623 1965 dicunt?
2658 1913 2768 1966 lmo
2808 1929 2907 1967 nec
2945 1930 3141 1983 corpus
3175 1918 3369 1979 solum,
3419 1920 3512 1971 sed

1954 2012 2007 2054 et
2035 2018 2226 2070 panem
2256 2013 2310 2055 et
2345 2004 2562 2063 vinum,
2600 2014 2653 2055 et
2676 2020 2900 2071 aquam,
2946 2017 2998 2058 et
3049 2008 3253 2075 reliqua
3300 2010 3509 2070 omnia.

1954 2108 2047 2159 per
2074 2108 2192 2160 qua:
2220 2094 2499 2146 hominum
2532 2096 2833 2147 substantia
2868 2098 3175 2149 continetur
3205 2108 3257 2150 et
3287 2115 3513 2152 conser-

1954 2192 2141 2243 vatur,
2196 2183 2469 2250 vitamque
2518 2184 2658 2237 hanc
2704 2185 3014 2238 sensibilem
3061 2187 3328 2254 producit.
3380 2188 3509 2243 Nam

1953 2273 2221 2327 sensibilis
2270 2284 2516 2327 creatura
2567 2290 2753 2329 eorum
2803 2277 2909 2329 alia
2956 2279 3267 2345 profundit,
3313 2280 3414 2333 alia
3446 2298 3508 2333 ex

1956 2376 2095 2418 terra
2124 2363 2343 2432 profert.
2380 2365 2553 2433 Atque
2602 2366 2673 2419 ita
2709 2366 2819 2431 illi,
2852 2367 2944 2435 qui
2988 2369 3261 2421 sensibilia
3312 2370 3511 2423 diaboli

1954 2465 2227 2509 creaturas
2257 2456 2443 2509 dicunt
2471 2464 2525 2511 et
2551 2457 2618 2510 ad
2658 2458 2939 2526 imperium
2966 2459 3105 2526 ejus,
3138 2475 3237 2528 pro
3267 2460 3511 2515 doctrina

1954 2548 2021 2599 ab
2055 2548 2169 2615 ipso
2194 2548 2382 2601 hausta
2404 2589 2416 2611 ,
2448 2547 2817 2611 constituunt,
2850 2558 3013 2616 atque
3055 2550 3169 2603 haec
3203 2550 3271 2603 ab
3305 2551 3423 2619 ipso
3453 2567 3512 2605 se

1956 2638 2176 2700 habere,
2204 2647 2259 2691 et
2286 2639 2337 2689 in
2369 2637 2451 2690 his
2482 2638 2664 2691 vivere
2694 2640 3003 2707 opereipso
3033 2642 3353 2707 ostendunt,
3397 2657 3510 2695 ma-

1953 2726 2150 2780 nifeste
2188 2735 2243 2780 et
2266 2727 2506 2792 indubie,
2526 2728 2733 2781 etiamsi
2763 2729 3056 2782 videntium
3073 2731 3259 2783 oculos
3278 2740 3334 2785 et
3354 2748 3514 2785 aures

1954 2817 2140 2871 fallere
2179 2830 2463 2882 cernentur,
2504 2822 2707 2873 cultum
2765 2820 2865 2889 ipsi
2912 2831 3188 2889 praestant.
3238 2824 3308 2876 At
3359 2822 3514 2877 facile

1954 2906 2228 2961 inveneris
2269 2908 2411 2961 aliud
2468 2909 2719 2963 amentia
2775 2925 2995 2975 eorum,
3046 2927 3146 2979 qua
3195 2913 3509 2981 magistrum

1954 2995 2127 3064 ipsum
2171 3008 2462 3066 superant,
2504 2999 2832 3068 exemplum.
2876 2998 2968 3054 Ille
3004 3003 3149 3055 enim
3188 3002 3337 3056 brevi
3373 3014 3511 3057 tem-

1955 3105 2083 3157 pore
2114 3098 2265 3142 terna
2296 3089 2593 3144 tentatione
2620 3091 2905 3144 Dominum
2935 3092 3177 3155 adortus,
3220 3102 3274 3146 et
3305 3104 3385 3146 ter
3411 3095 3511 3148 ob-

289 3193 547 3264 ὁρώντων
590 3192 711 3260 ϐψιν
751 3193 845 3243 καὶ
884 3190 1050 3259 ἀκοὴν
1092 3189 1339 3241 κλέπτειν
1372 3187 1849 3279 διαμηχανιῦνται,
1877 3216 1956 3279 ο,

1846 3231 1848 3243 ,
1877 3216 1923 3279 c
1953 3183 2217 3252 jurgatus,
2255 3184 2467 3237 tandem
2500 3199 2557 3237 se
2583 3199 2613 3236 a
2647 3185 2947 3239 tentatione
2995 3186 3081 3238 illa
3104 3227 3118 3250 ,
3167 3185 3513 3256 fastuosaque

287 3284 394 3353 τὴν
430 3281 795 3352 προσκύνησιν
835 3279 981 3349 αύτῷ
1023 3276 1494 3347 προσενηνοχότες.
1530 3276 1763 3345 Εὑρήσει
1806 3276 1851 3327 δ’

290 3376 362 3429 ἄν
404 3391 487 3436 τις
517 3372 719 3424 τούτων
748 3372 837 3424 xui
862 3371 1051 3439 ἐτέραν
1089 3370 1342 3422 ἀπόνοιαν
1370 3370 1467 3437 τὴν
1492 3368 1583 3420 τοῦ
1607 3366 1853 3419 διδασκά-

290 3468 388 3518 λου
426 3466 684 3518 νικῶσαν.
724 3464 779 3516 '0
814 3464 910 3531 μὲν
941 3464 1047 3532 γὰρ
1097 3464 1153 3513 ἐν
1194 3461 1383 3531 βραχεῖ
1424 3478 1481 3513 τε
1524 3461 1697 3530 χρόνῳ
1758 3459 1852 3511 xui

288 3558 441 3626 τρισὶ
475 3555 793 3625 προσϐαλὼν
820 3554 897 3623 τῷ
939 3553 1179 3623 Δεσπότῃ
1211 3553 1443 3622 πείραις,
1477 3554 1567 3603 xui
1589 3549 1852 3602 τοσαυτά-

290 3667 378 3709 xi;
416 3647 755 3717 ἐπιτιμηθεὶς
807 3646 1017 3715 ἀπέστη
1073 3644 1227 3696 τοῦτε
1284 3641 1559 3713 πειράζειν
1603 3641 1847 3705 τοιαῦτα,

290 3740 389 3792 xui
420 3738 518 3807 τῆς
563 3736 818 3801 ἀλαζόνος
854 3734 1069 3801 ἐκείνης
1110 3734 1204 3785 xui
1246 3732 1407 3785 ἀθέου
1461 3729 1847 3801 μεγαλαυχίας.

289 3830 358 3881 Οί
385 3828 441 3881 δὲ
468 3829 525 3880 ού
550 3828 667 3897 τρὶς
692 3827 851 3895 μόνον
875 3824 964 3877 διὰ
992 3820 1298 3891 τῶνζαύτῶν
1327 3819 1738 3890 ἐπιτιμηθέντες
1764 3821 1852 3870 Δε-

292 3919 565 3972 σποτικῶν
595 3916 787 3985 φωνῶν
819 3911 920 3987 (οἷς
953 3916 1059 3983 γὰρ
1083 3917 1110 3967 ὁ
1137 3911 1452 3973 διδάσκαλος
1503 3907 1849 3978 ἐπιτιμηθεὶς

289 4010 539 4077 ἐσίγησε,
573 4007 661 4060 διά
688 4007 795 4060 τῶν
826 4005 1004 4059 αὐτῶν
1031 4007 1079 4057 oi
1116 4003 1352 4075 μαθηταὶ
1382 4000 1847 4069 κατεδικάσθησαν

286 4104 388 4174 τὴν
417 4102 595 4173 σιγήν)
619 4118 633 4133 ·
661 4100 795 4155 ἀλλά
827 4098 1102 4169 μυριάκις.
1140 4096 1335 4165 μᾶλλον
1360 4094 1416 4147 δέ
1438 4093 1574 4160 ὑπὲρ
1596 4092 1845 4161 ἀριθμὸν,

288 4195 385 4249 xui
432 4192 706 4254 τοσούτοις
742 4193 937 4253 ἐτεσιν,
970 4188 1029 4251 ἐξ
1057 4182 1116 4241 οὗ
1165 4186 1540 4239 διαπέπτωκεν
1587 4184 1767 4244 αὐτοῖς
1811 4183 1843 4251 ὴ

1956 3273 2042 3326 illa
2072 3284 2125 3327 et
2154 3274 2315 3344 impia
2342 3276 2647 3337 insolentia,
2683 3277 2964 3331 abstinuit.
3008 3277 3085 3329 llli
3118 3292 3247 3331 vero
3285 3294 3393 3331 non
3422 3279 3513 3331 tri-

1954 3362 2077 3431 plici
2125 3373 2331 3416 tantum
2370 3365 2488 3419 vice
2525 3366 2713 3420 iisdem
2747 3367 2959 3421 Domini
3001 3368 3224 3422 vocibus
3269 3370 3509 3439 castigati

1953 3454 1971 3520 (
2001 3454 2195 3520 quibus
2232 3454 2376 3506 enim
2422 3456 2599 3508 verbis
2630 3457 2994 3523 reprehensus
3026 3457 3271 3511 diabolus
3312 3458 3509 3518 tacuit.

1952 3544 2144 3597 iisdem
2192 3554 2246 3598 et
2278 3545 2522 3614 discipuli
2554 3547 2618 3599 ad
2660 3548 2932 3600 silentium
2962 3549 3201 3601 damnati
3222 3550 3389 3619 sunt),
3417 3550 3511 3603 sed

1954 3632 2127 3696 mille,
2146 3633 2252 3687 imo
2280 3634 2455 3700 potius
2477 3635 2702 3689 infinitis
2726 3637 3237 3707 vicibus,annisque
3264 3642 3509 3705 totidem,

1949 3739 2013 3777 ex
2061 3739 2169 3791 quo
2213 3726 2562 3794 praeceptoris
2605 3727 2901 3782 insolentes
2945 3738 2998 3781 et
3045 3729 3220 3798 impia:
3266 3740 3413 3784 artes
3456 3732 3507 3785 in

1950 3812 2094 3881 ipsos
2128 3813 2463 3879 ceciderunt,
2492 3815 2689 3869 divinis
2715 3818 2948 3870 oraculis
2971 3818 3305 3886 reprehensi,
3333 3820 3511 3874 adhuc

1949 3904 2287 3972 impudentes
2329 3914 2383 3959 et
2424 3917 2738 3976 arrogantes
2766 3923 2824 3962 se
2854 3908 3133 3963 Gonditori
3174 3912 3499 3977 obvertunt,

1948 3997 2171 4066 ejusque
2192 4013 2416 4067 regnum
2446 4000 2553 4051 vita
2576 4008 2631 4053 et
2654 3999 2833 4053 verbis
2862 4001 3187 4065 dividentes,
3217 4003 3353 4056 hosti
3386 4018 3507 4071 per-

1949 4092 2192 4153 mittunt,
2218 4093 2464 4148 nolentes
2484 4109 2630 4159 vere,
2654 4103 2713 4148 ut
2737 4096 3039 4150 communis
3063 4096 3322 4155 Conditor
3346 4114 3509 4168 super

1952 4197 2010 4236 se
2042 4192 2247 4252 regnet.

286 4290 383 4344 τοῦ
420 4287 743 4352 ,διδασκάλου
777 4281 992 4346 ἀλαζών
1016 4298 1073 4334 τε
1094 4281 1188 4333 xui
1236 4279 1499 4349 θεομάχος
1558 4275 1771 4346 μηχανὴ
1838 4274 2225 4343 ἐπιτιμώμενοι
2283 4276 2400 4337 ταῖς
2447 4279 2652 4338 θεῖκαῖς
2696 4281 2901 4343 φωναῖς
2949 4279 3028 4330 ἐτι
3084 4296 3507 4350 προσαναισχυνο

287 4384 441 4438 τοῦσι
482 4384 571 4435 xui
617 4379 1095 4442 καταυθαδίζονται
1133 4375 1225 4429 τοῦ
1267 4371 1627 4444 Δημιουργοῦ,
1665 4370 1755 4422 xui
1792 4369 1890 4438 τὴν
1926 4367 2196 4437 βασιλείαν
2232 4368 2394 4421 αὐτοῦ
2462 4370 2559 4438 βίῳ
2596 4371 2688 4423 xui
2743 4371 2884 4441 λόγῳ
2926 4371 3232 4440 διχάζοντες
3281 4377 3511 4445 ἐγχειρί-

288 4483 442 4547 ζουσι
463 4479 540 4549 τῷ
579 4475 806 4546 Ἐχθρῷ,
846 4474 921 4545 μὴ
940 4473 1179 4534 θέλοντες
1204 4470 1277 4531 ὡς
1306 4466 1635 4536 ἀληθῶς,τὸν
1678 4463 1850 4516 κοινὸν
1889 4463 2159 4531 Δεσπότην
2191 4462 2489 4532 βασιλεύειν
2525 4464 2607 4531 ἐφ’
2652 4465 2877 4519 ἐαυτῶν.

360 4572 459 4627 ιΘ’.
528 4570 666 4624 Ἀλλ’
731 4569 951 4637 ἴδωμεν,
1004 4569 1053 4619 εί
1101 4566 1265 4628 δοκεῖ,
1309 4563 1404 4617 xui
1459 4563 1541 4625 τίς
1594 4562 1773 4623 αὐτοῖς
1811 4560 1925 4629 qn
2018 4559 2027 4611 ἶ

1836 4561 1925 4629 ιο
2018 4557 2159 4611 XIX.
2205 4557 2311 4612 Sed
2337 4558 2635 4619 videamus,
2678 4560 2721 4613 si
2773 4561 2966 4628 placet,
3008 4577 3167 4629 quam
3215 4562 3391 4618 ferant
3439 4581 3503 4620 ex

286 4660 777 4728 ἀνταπόδοσις’τῆς
818 4654 1145 4727 συνηγορίας
1180 4654 1271 4707 xui
1302 4653 1716 4722 προσκυνήσεως
1754 4652 1845 4703 xui

288 4758 367 4817 εἰς
431 4751 650 4822 βασιλέα
704 4749 1055 4820 ἀναρρήσεως
1086 4745 1178 4798 τοῦ
1240 4743 1468 4815 Ἒχθροῦ
1502 4758 1515 4771 ·
1550 4744 1643 4795 xui
1682 4743 1735 4795 τί
1786 4741 1846 4793 τὸ

288 4846 519 4899 ἔπαθλον
542 4843 622 4905 οἷς
648 4844 748 4895 οὐκ
767 4842 1037 4914 ἠθέλησαν
1068 4839 1370 4911 βασιλεύειν
1410 4837 1495 4906 ἐφ’
1528 4838 1731 4889 ἑαυτῶν
1755 4835 1844 4886 τὸν

291 4938 523 5008 βασιλέα
551 4934 643 4987 τοῦ
678 4935 895 4996 παντός.
934 4931 1316 4993 Ἀπεικάζουσι
1347 4930 1444 4998 μὲν
1480 4923 1573 4980 οὖν
1602 4928 1657 4979 ui
1700 4924 1841 4993 ἱεραὶ

288 5028 706 5098 παραϐολαὶτόν
751 5026 950 5095 Κύριον
981 5022 1138 5093 ἡμῶν
1178 5019 1385 5090 Ἰησοῦν
1426 5017 1678 5088 Χριστὸν,
1713 5014 1845 5085 μᾶλ-

287 5122 377 5172 λον
408 5120 461 5171 δὲ
486 5119 645 5179 αὐτὸς
677 5116 884 5179 ἑαυτὸν,
903 5113 1172 5184 ἀνθρώπῳ
1197 5112 1422 5178 εὐγενεῖ,
1455 5110 1504 5162 τί
1530 5110 1636 5179 γὰρ
1660 5107 1839 5176 θεότη-

286 5229 379 5273 τος
409 5209 823 5277 εύγενέστερον;
852 5206 909 5259 τὸ
931 5206 985 5259 δὲ
1015 5202 1350 5273 ἀνθρώπινον
1372 5202 1640 5270 σύστημα,
1671 5200 1756 5252 ἵνα
1776 5198 1843 5250 τὰ

285 5304 422 5356 ἄλλα
454 5301 618 5361 ἐάσω,
660 5301 771 5359 τοῖς
801 5297 1043 5357 πολίταις
1073 5292 1258 5354 αὑτοῦ,
1282 5294 1374 5345 ἆτε
1401 5292 1691 5359 πλάσματα
1745 5289 1841 5341 αὖ·

285 5392 405 5456 τοῦ,
444 5392 538 5445 xui
585 5390 667 5442 ὅτι
727 5386 885 5448 αὐτὸς
918 5382 1082 5437 αὑτοῦ
1123 5382 1370 5435 ἐπόλισεν
1404 5382 1461 5432 ἐν
1502 5383 1566 5449 τῇ
1608 5382 1676 5448 γῇ
1701 5394 1713 5407 ·
1745 5380 1839 5432 xui

284 5486 367 5538 ὅτι
412 5482 589 5551 σάρκα
620 5479 717 5547 τὴν
747 5476 1019 5547 ἡμετέραν
1049 5470 1252 5535 λαϐὼν,
1283 5471 1375 5524 xui
1403 5470 1645 5531 σύνοικος
1684 5468 1839 5537 ἡμῶν

284 5575 379 5629 xui
413 5570 747 5640 συμπολίτης
776 5566 973 5635 ἠξίωσε
1005 5564 1251 5632 γενέσθαι
1274 5564 1367 5615 xui
1398 5562 1674 5632 κληθῆναι.
1697 5560 1843 5631 Πλὴν

283 5660 398 5713 ἀλλ’
434 5662 464 5711 ό
499 5659 596 5723 τῆς
641 5656 887 5723 θεότητος
920 5652 1018 5721 τὴν
1045 5652 1317 5719 εὐγένειαν
1346 5651 1525 5718 φέρων
1552 5653 1607 5702 ἐν
1642 5650 1838 5718 ἐαυτῷ,

284 5753 377 5805 xui
403 5750 498 5819 τὴν
526 5745 800 5817 βασιλείαν
822 5743 998 5796 λαϐὼν
1027 5742 1148 5812 ίσην
1181 5743 1272 5795 xui
1301 5742 1659 5810 ἀναφαίρετον
1692 5744 1839 5809 παρά

280 5837 375 5891 τοῦ
408 5834 897 5905 Πατρὸς,.ἐπείπερ
946 5833 1160 5888 ἅπαντα
1219 5831 1405 5896 εἰδὼς,
1440 5832 1558 5883 ούδέ
1602 5835 1699 5901 τὴν
1746 5833 1839 5883 ἐπ-

1952 4665 2017 4704 eo
2039 4650 2362 4713 mercedem,
2398 4650 2539 4718 quod
2574 4651 2781 4704 hostem
2804 4652 3017 4719 juvent,
3052 4654 3299 4717 adorent,
3343 4666 3399 4710 et
3446 4668 3508 4711 ut

1950 4754 2130 4809 regem
2164 4740 2575 4803 renuntient,et
2600 4740 2744 4807 quod
2778 4742 3062 4810 praemium
3087 4745 3374 4813 accipiant,
3411 4747 3503 4816 qui

1948 4844 2128 4898 regem
2182 4830 2416 4882 universi
2473 4830 2570 4882 sibi
2628 4831 2895 4885 dominari
2950 4834 3263 4888 noluerunt.
3326 4836 3506 4891 Sacra:

1948 4920 2124 4987 itaque
2148 4920 2411 4985 parabolae
2430 4919 2715 4973 Dominum
2736 4931 2979 4974 nostrum
3000 4923 3183 4977 Jesum
3204 4925 3503 4991 Christum,

1946 5011 2031 5064 vel
2064 5010 2241 5079 potius
2298 5010 2412 5078 ipse
2455 5026 2514 5065 se
2550 5021 2825 5081 comparat
2871 5030 2993 5068 cum
3048 5017 3263 5069 homine
3311 5020 3499 5073 nobili.

1946 5102 2225 5167 Quodnam
2269 5101 2412 5153 enim
2447 5101 2727 5155 divinitate
2773 5105 3169 5159 est-nobilius?
3218 5108 3501 5165 hominum

1943 5209 2072 5247 vero
2105 5194 2413 5255 cohortem,
2459 5202 2517 5247 ut
2563 5204 2755 5247 caetera
2779 5196 3055 5261 omittam,
3106 5214 3227 5251 cum
3288 5202 3500 5256 civibus

1946 5286 2076 5348 suis,
2116 5296 2365 5351 tanquam
2397 5285 2486 5354 qui
2522 5294 2762 5339 creatura
2798 5303 2893 5340 sua
2928 5290 3056 5353 sint,
3090 5302 3144 5344 et
3168 5294 3363 5360 quibus
3390 5304 3500 5347 ter-

1947 5391 2060 5429 ram
2086 5391 2236 5429 suam
2266 5377 2604 5431 incolendam
2636 5377 2866 5441 dederit,
2910 5380 3019 5432 imo
3056 5396 3283 5449 quorum
3337 5400 3502 5440 carne

1944 5478 2213 5536 assumpta
2251 5469 2578 5523 domesticus
2605 5478 2658 5523 et
2692 5471 2929 5525 concivis
2957 5488 3142 5527 eorum
3173 5475 3287 5529 ﬁeri
3317 5487 3372 5530 et
3405 5494 3503 5532 vo—

1942 5558 2049 5612 cari
2082 5558 2335 5611 voluerit.
2366 5560 2432 5609 At
2466 5558 2508 5611 is
2538 5558 2836 5615 divinitatis
2870 5560 3206 5616 nobilitatem
3266 5565 3501 5618 circum-

1944 5650 2145 5713 ferens,
2176 5665 2507 5718 regnumque
2542 5652 2746 5720 aequale
2780 5663 2834 5706 et
2892 5654 3252 5723 inseparabile
3282 5673 3310 5711 a
3344 5657 3501 5711 Patre

1944 5752 2156 5801 nactus,
2189 5758 2309 5794 cum
2338 5743 2516 5795 omnia
2576 5744 2750 5806 scivit,
2784 5756 2896 5797 tum
2952 5761 3059 5799 nou
3112 5747 3377 5815 ignoravit
3424 5767 3501 5803 re-

1946 5833 2260 5896 lmllionem,
2294 5848 2451 5896 quam
2483 5834 2697 5901 quidam
2726 5834 2922 5887 civium
2975 5837 3026 5889 in
3081 5837 3256 5905 ipsum
3310 5840 3498 5893 molie-
