4222 6432
767 400 866 463 175

1896 397 2155 458 ΡΗΟΤΗ
2199 395 2702 459 ΡΑΤΒΙΑΗΕΙΙίΕ
2756 402 2864 462 CP.

3890 412 3990 478 176

765 518 977 570 bantur.
1014 510 1077 566 lit
1109 510 1178 564 illi
1215 510 1431 579 quidem
1478 520 1742 579 negarunt
1788 523 2010 577 regnum
2051 509 2190 575 ejus,
2229 516 2328 558 nec
2353 502 2432 560 Αι

2320 517 2328 555 ι
2353 502 2404 560 Α
2429 505 2721 558 ανάστασιν
2758 509 3042 576 ἠγνόησεν,
3070 511 3137 580 ἦν
3161 527 3302 576 τινες
3323 513 3430 567 τῶν
3461 516 3692 571 πολιτῶν
3726 519 3987 593 ἐμελέτη·

761 605 1047 657 voluerunt
1088 618 1210 655 cum
1251 617 1415 669 super
1465 617 1522 654 se
1581 615 1824 669 regnare.
1887 599 1982 652 llic
2038 598 2318 649 hominum

757 695 1162 746 amantissimus
1184 736 1198 753 ,
1230 693 1404 746 bonus
1451 691 1624 745 Patris
1654 691 1840 753 Filius,
1877 690 1999 744 fons
2028 690 2318 742 commise-

758 784 1000 842 rationis,
1027 783 1167 836 Deus
1197 782 1596 845 misericordiae,
1626 783 1741 836 haze
1763 783 2145 836 misericordia:
2175 795 2318 834 nun-

755 892 915 942 quam
954 875 1228 928 vacuanda
1271 875 1513 934 viscera,
1550 890 1658 926 non
1712 876 1886 942 potuit
1935 874 2077 926 ferre
2110 882 2314 926 tantam

754 966 954 1018 civium
993 965 1326 1034 ingratorum
1362 964 1730 1019 insolentiam.
1767 965 1952 1033 Neque
1995 965 2138 1017 enim
2186 978 2314 1033 pec-

753 1067 994 1108 calorum
1037 1057 1398 1109 humanorum
1446 1056 1658 1123 aliquod
1706 1054 1822 1108 ausi
1869 1065 2029 1109 erant
2073 1056 2169 1119 illi,
2218 1054 2312 1109 sed

753 1157 940 1200 contra
974 1148 1308 1210 Creatorem,
1340 1157 1525 1201 contra
1572 1157 1848 1201 auctorem
1869 1188 1884 1211 ,
1921 1157 2111 1202 contra
2143 1149 2313 1202 bene-

753 1239 1035 1297 factorem,
1088 1247 1274 1290 contra
1325 1237 1609 1305 providum
1660 1238 1894 1290 amentia
1936 1238 2244 1307 insurgebat
2295 1256 2307 1290 :

752 1331 862 1381 imo
897 1344 992 1395 pro
1035 1330 1186 1381 hoste
1233 1329 1300 1382 ab
1337 1328 1547 1397 origine
1576 1329 1738 1388 malo.
1772 1345 1869 1398 pro
1902 1329 2166 1382 homicida
2199 1330 2310 1397 pri-

751 1436 942 1482 ιικυνο,
989 1436 1085 1487 pro
1125 1420 1439 1473 adversario
1495 1420 1730 1472 studium
1788 1421 1856 1472 ab
1887 1420 1952 1472 iis
2000 1421 2258 1487 probatur
2296 1438 2308 1472 :

750 1530 816 1563 ιιυ
852 1517 976 1575 line,
1014 1523 1072 1564 ut
1097 1513 1251 1564 alteri
1283 1511 1498 1579 quidem
1543 1511 1830 1578 imperium
1864 1511 2120 1575 demant,
2153 1513 2308 1564 alteri

751 1605 1064 1670 largiantur.
1101 1602 1238 1667 Quid
1269 1604 1430 1673 igitur
1453 1603 1601 1662 facit,
1625 1613 1678 1656 et
1704 1618 1862 1671 quam
1887 1619 2101 1671 plenam
2130 1604 2310 1671 justus

743 1695 908 1757 judex
939 1694 1006 1744 ab
1045 1693 1304 1761 apostatis
1340 1693 1443 1745 illis
1482 1693 1715 1760 repetit?
1759 1697 1980 1749 Prrestat
2023 1693 2166 1745 enim
2210 1708 2309 1745 au-

747 1785 860 1835 dire
886 1784 1058 1851 ipsam
1089 1783 1232 1836 illam
1267 1785 1592 1836 sententiam
1616 1801 1628 1834 :
1650 1783 1899 1835 Inimicos
1924 1800 2081 1847 meos,
2111 1785 2304 1852 inquit,

2427 616 2525 651 σαν
2558 603 2677 653 κατ’
2717 604 2904 656 αὑτοῦ.
2939 607 3046 658 Kal.
3093 609 3396 677 ἠρνήσαντο
3429 610 3544 680 (75)
3575 612 3672 680 μέν
3701 615 3801 683 τὴν
3831 614 3986 684 βασι·-

2422 692 2568 746 λείαν
2631 695 2827 760 αὑτοῦ,
2871 698 2971 749 οὐκ
3026 698 3298 768 ἠθέλησαν
3350 701 3407 753 δέ
3471 703 3775 771 βασιλεύειν
3823 711 3987 762 αὑτὸν

2419 784 2504 850 ἐφ’
2549 786 2775 839 ἐαυτῶν.
2807 781 2974 850 Οὗτος
3021 790 3049 840 ὁ
3102 789 3504 861 φιλάνθρωπος,
3537 797 3567 846 ὀ
3608 796 3809 862 ἀγαθὸς
3867 801 3978 852 Πα-

2418 877 2540 944 τρὸς
2575 877 2730 940 Παῖς,
2757 880 2789 946 ἡ
2837 882 2988 948 πηγὴ
3017 881 3119 948 τῆς
3168 884 3532 951 συμπαθείας.
3572 888 3601 939 ὀ
3653 887 3748 940 τοῦ
3799 890 3986 953 ἐλέους

2417 964 2569 1027 Θεὸς,
2597 966 2664 1018 τὰ
2699 967 2806 1019 τῶν
2852 970 3152 1040 οίκτιρμῶν
3198 971 3274 1040 μὴ
3320 974 3626 1042 κενούμενα
3673 977 3981 1048 σπλάγχνα,

2415 1056 2514 1108 οὐκ
2557 1057 2812 1126 ἠνέσχετο
2862 1059 2961 1128 τὴν
2989 1060 3256 1132 τοσαύτην
3303 1065 3591 1133 παροινίαν
3639 1066 3744 1118 τῶν
3783 1069 3982 1139 ἀχαρί-

2417 1163 2554 1200 στων
2574 1149 2737 1202 αὐτοῦ
2763 1151 3013 1205 πολιτῶν.
3052 1152 3184 1206 Οὐδὲ
3202 1154 3309 1223 γὰρ
3340 1154 3398 1206 ἐν
3422 1171 3474 1208 τι
3495 1156 3604 1209 τῶν
3624 1157 3982 1226 ἀνθρωπίνων

2413 1241 2824 1310 ἁμαρτημάτων
2840 1238 2907 1313 ἦν
2936 1243 3223 1315 τολμηθὲν,
3253 1246 3389 1298 ἀλλά
3420 1247 3560 1300 κατά
3589 1247 3683 1302 τοῦ
3706 1249 3977 1312 Πλάστου,

2413 1333 2554 1383 κατά
2578 1330 2671 1384 τοῦ
2693 1334 3057 1402 Δημιουργοῦ,
3077 1336 3217 1389 κατὰ
3248 1336 3341 1388 τοῦ
3363 1337 3683 1407 Εὐεργέτου,
3720 1342 3861 1393 κατά
3882 1341 3979 1394 τοῦ

2412 1421 2709 1488 προνοητοῦ
2745 1423 2776 1491 ἡ
2809 1423 3055 1486 ἀπόνοια,
3077 1422 3191 1476 ἀλλ’
3221 1423 3359 1494 ὑπὲρ
3393 1425 3487 1477 τοῦ
3521 1426 3830 1494 ἀρχεκάκου
3881 1427 3975 1495 ἐχ-

2413 1511 2563 1581 θροῦ,
2590 1515 2728 1582 ὑπερ
2752 1513 2847 1566 τοῦ
2882 1515 2978 1568 ἀπ’
3007 1515 3181 1585 ἀρχῆς
3207 1516 3674 1584 ἀνθρωποκτόνου,
3700 1518 3838 1586 ὑπὲρ
3875 1517 3976 1569 τοῦ

2411 1605 2789 1672 ἀντικειμένου
2827 1606 2859 1672 ἡ
2897 1604 3138 1674 σπουδή·
3178 1604 3264 1656 ἵνα
3291 1602 3385 1656 τοῦ
3423 1604 3521 1673 μὲν
3549 1605 3856 1672 ἀφέλωνται
3874 1605 3978 1674 τὴν

2412 1694 2708 1763 βασιλείαν,
2737 1693 2815 1764 τῷ
2838 1694 2894 1747 δέ
2923 1694 3275 1764 χαρίσωνται.
3309 1693 3400 1745 Διὸ
3416 1693 3469 1746 τί
3506 1697 3650 1747 ποιεῖ
3675 1712 3690 1759 ;
3727 1695 3821 1747 καὶ
3851 1695 3978 1748 τίνα

2409 1786 2565 1854 δίκην
2603 1786 2729 1848 τοὺς
2775 1786 3082 1848 ἀποστάτας
3131 1788 3161 1838 ὀ
3199 1785 3404 1847 δίκαιος
3457 1786 3678 1838 ἀπαιτεῖ
3744 1785 3972 1854 κριτήςς

747 1875 832 1940 qui
866 1874 1142 1926 noluerunt
1183 1891 1261 1926 me
1280 1890 1435 1940 super
1465 1890 1519 1926 se
1549 1889 1768 1942 regnare
1788 1874 2052 1935 adducite,
2087 1884 2134 1926 et
2170 1875 2304 1926 occi-
2335 1854 2382 1913 B

2335 1854 2382 1913 Β
2425 1877 2582 1930 Ἀλλά
2643 1877 2750 1947 γὰρ
2812 1877 3032 1946 ἄμεινον
3101 1877 3268 1944 αὐτῆς
3319 1877 3531 1944 ἐκείνης
3600 1875 3818 1929 ἀκούειν
3872 1876 3975 1945 τῆς

742 1967 849 2016 dite
878 1982 1054 2015 coram
1091 1982 1170 2016 mc
1194 1966 1260 2015 ⁸ο.
1292 1964 1560 2029 Quoniam
1593 1964 1737 2016 enim
1781 1965 1952 2018 oculis
1991 1965 2103 2018 suis
2136 1964 2304 2019 Crea-

745 2067 914 2106 torem
969 2053 1296 2121 despiciunt,
1333 2053 1400 2106 ad
1428 2053 1887 2122 supplantatorem
1924 2054 2298 2121 respicientes,

743 2147 935 2197 merito
962 2146 1013 2196 iu
1044 2146 1216 2198 oculis
1244 2144 1466 2212 justitiae
1499 2143 1679 2196 omnia
1711 2143 1946 2197 videntis
1973 2153 2028 2196 et
2061 2152 2302 2198 conteru-

741 2239 934 2305 plautis
981 2238 1046 2290 ad
1090 2237 1305 2308 dignam
1357 2244 1617 2291 vocantur
1677 2250 1916 2306 pmnam.
1968 2235 2034 2289 Et
2075 2237 2303 2290 occidite

737 2346 831 2382 eos
862 2345 1042 2382 coram
1094 2344 1200 2392 me,
1235 2339 1293 2381 ut
1332 2343 1492 2397 quem
1532 2342 1642 2381 non
1681 2327 1972 2381 voluerunt
2005 2341 2299 2396 agnoscere

740 2437 953 2490 regem,
1007 2434 1130 2472 eum
1177 2419 1258 2471 vel
1313 2417 1468 2471 inviti
1494 2432 1560 2471 ex
1607 2417 1694 2480 iis,
1728 2416 1928 2485 quibus
1967 2417 2300 2485 plectuntur,

738 2515 916 2585 poenis
953 2523 1003 2568 et
1053 2512 1250 2583 Regem
1290 2521 1344 2566 et
1381 2511 1586 2580 justum
1609 2509 1847 2579 judicem
1885 2520 2201 2581 agnoscant.
2239 2510 2303 2562 Et

737 2609 989 2677 quoniam
1015 2620 1211 2674 corpus
1232 2619 1261 2657 a
1285 2618 1371 2657 me
1390 2604 1680 2657 formatum
1697 2612 1754 2656 et
1779 2602 1963 2656 datum
1986 2601 2089 2655 illis
2111 2601 2302 2654 aliena:

737 2711 932 2751 manus
969 2710 1106 2763 opus
1134 2692 1499 2754 vcnditarunt,
1524 2689 1755 2744 occidite
1784 2687 1929 2751 illos,
1953 2697 2014 2740 ut
2035 2702 2132 2756 per
2157 2686 2300 2755 quod

739 2787 919 2856 injurii
956 2786 1008 2837 in
1046 2799 1130 2838 me
1159 2783 1398 2846 luerunt,
1427 2780 1676 2851 quodque
1725 2794 1847 2833 meo
1892 2776 2122 2848 imperio
2168 2776 2301 2830 sub-

746 2886 960 2946 reptum
993 2875 1133 2928 hosti
1163 2872 1561 2943 manciparunt,
1590 2869 1658 2923 ab
1685 2883 1750 2922 eo
1789 2867 2021 2936 sejuncti
2063 2865 2302 2920 debitam

744 2969 1033 3038 apostasia:
1064 2980 1280 3035 pinnam
1313 2964 1560 3017 solvant:
1586 2959 1826 3016 Occidite
1856 2973 1951 3013 eos
1976 2972 2158 3013 coram
2190 2957 2295 3010 mel

738 3060 1091 3114 Considerate
1157 3070 1415 3126 pennam,
1493 3069 1654 3123 quam
1721 3052 1792 3106 sit
1858 3049 2185 3105 inevitabilis
2247 3055 2305 3102 et

738 3153 951 3206 acerba.
989 3150 1121 3214 Quis
1151 3147 1256 3202 fert
1285 3147 1612 3202 sententiam
1638 3145 1661 3196 ?
1687 3144 1854 3214 Cujus
1891 3153 1946 3197 et
1978 3141 2108 3196 illud
2150 3139 2301 3210 judi-

739 3243 916 3297 cium?
956 3243 1037 3296 Ab
1093 3243 1252 3296 boste
1278 3239 1448 3294 occidi
1492 3240 1738 3306 quamvis
1787 3233 2118 3306 lugubresit,
2163 3231 2301 3285 mul-

740 3349 854 3388 tum
890 3341 1069 3386 tamen
1117 3329 1292 3385 solatii
1330 3329 1610 3383 materiam
1652 3325 1981 3396 suppeditat.
2025 3322 2305 3391 Relinquit

739 3425 883 3477 enim
941 3423 1225 3476 Dominum
1259 3421 1499 3473 futurum
1546 3419 1813 3481 ultorem,
1859 3425 1914 3470 et
1957 3430 2082 3484 spes
2118 3429 2302 3467 resur-

741 3515 1020 3576 rectionis,
1061 3528 1124 3566 ac
1171 3527 1295 3566 cum
1356 3525 1420 3564 ea
1465 3507 1742 3578 conjuncti
1791 3505 2006 3577 gaudii,
2047 3513 2300 3573 tanquam

742 3606 956 3658 initium
1039 3602 1279 3665 laetitiae,
1368 3600 1606 3670 cogitare
1667 3611 1793 3652 eum
1876 3594 2004 3649 facit
2060 3595 2129 3648 de
2196 3595 2301 3647 im-

738 3695 978 3747 minente
1005 3693 1241 3746 hostium
1282 3691 1446 3745 caede.
1478 3689 1708 3755 Quando
1735 3701 1864 3741 vero
1893 3686 2152 3740 Dominus
2185 3684 2301 3754 ipse

733 3785 887 3851 jubet
911 3781 1110 3847 occidi,
1138 3795 1168 3834 a
1198 3795 1310 3849 quo
1343 3779 1499 3843 ultio,
1526 3794 1556 3832 a
1580 3793 1688 3848 quo
1718 3774 2106 3838 misericordia,
2129 3789 2159 3827 a
2191 3788 2299 3842 quo

737 3883 858 3943 post
891 3873 1344 3927 resurrectionem
1370 3870 1659 3924 exsultatio
1688 3879 1743 3922 et
1765 3866 1970 3931 laetitia,
1997 3880 2029 3919 a
2061 3879 2169 3934 quo
2191 3864 2298 3918 vita

735 3976 789 4018 et
815 3965 960 4018 salus
986 3963 1346 4034 proﬁciscitur
1379 3980 1391 4016 :
1422 3975 1544 4031 quae
1569 3961 1744 4014 oratio
1770 3958 1996 4012 acerbas
2023 3966 2077 4010 et
2104 3955 2300 4009 intole-

737 4061 932 4113 rabiles
965 4056 1373 4128 repracsentabit
1395 4055 1622 4126 pcenas?
1642 4069 1762 4123 qua:
1791 4052 2006 4106 dolores
2047 4049 2297 4104 acutissi-

734 4170 869 4217 mos,
897 4162 951 4207 et
975 4152 1124 4205 nullo
1146 4149 1404 4204 levandos
1425 4147 1728 4203 solatio?ad
1750 4160 1908 4216 quem
1934 4143 2297 4214 conlugietur?

731 4248 1004 4315 quodnam
1041 4244 1144 4298 erit
1162 4241 1500 4312 refrigerium
1532 4240 1633 4294 sub
1658 4240 1900 4292 cruciatu
1922 4237 2027 4291 ﬁne
2045 4246 2291 4297 carente,

732 4347 786 4390 et
811 4337 910 4390 sub
938 4351 1095 4404 poma
1128 4331 1555 4389 interminabili?
1576 4331 1701 4385 Haec
1732 4329 1980 4399 c0gitate,
2008 4329 2122 4380 haec
2150 4327 2296 4396 cogi-

731 4427 1105 4482 tantestimete
1129 4425 1277 4479 vobis
1298 4439 1326 4476 a
1349 4438 1526 4492 poma,
1545 4436 1704 4491 quam
1729 4420 1781 4473 in
1811 4419 1930 4473 aliis
1948 4419 2140 4472 videtis
2161 4417 2292 4471 etab

2406 1969 2620 2038 ψήφοψ
2675 1969 2820 2034 Τοὺς
2869 1969 3122 2036 ἐχθρούς
3172 1985 3312 2035 μου,
3364 1967 3496 2036 φησὶ
3525 1968 3707 2030 ,τοὺς
3742 1967 3826 2034 μὴ
3879 1969 3975 2020 θε-

2404 2058 2716 2124 λήσαντάς
2760 2076 2836 2126 με
2882 2059 3243 2122 βασιλεύειν
3283 2057 3374 2125 ἐφ’
3421 2055 3685 2119 ἑαυτῶν,
3720 2056 3977 2125 ἀγάγετε

2405 2150 2504 2203 καὶ
2542 2149 2964 2217 κατασφάξατε
2999 2147 3336 2215 ἔμπροσθέν
3380 2165 3521 2216 μου.
3591 2147 3804 2216 Ἐπειδὴ
3861 2147 3975 2215 γὰρ

2403 2241 2517 2303 τοῖς
2549 2239 2847 2310 ὀφθαλμοῖς
2891 2239 3070 2293 αὐτῶν
3126 2238 3376 2307 παρεῖδον
3432 2238 3530 2306 μὲν
3576 2236 3667 2289 τὸν
3709 2235 3970 2306 Ποιητὴν,

2404 2329 2714 2397 ἀπέϐλεψαν
2757 2330 2814 2383 δὲ
2864 2329 2996 2398 πρὸς
3029 2330 3118 2381 τὸν
3170 2325 3514 2398 πτερνιστὴν,
3543 2325 3632 2378 διὰ
3673 2324 3830 2378 τοῦτο
3880 2327 3971 2376 tv-

2405 2422 2577 2475 ώπιον
2618 2423 2710 2474 τοῦ
2736 2420 3077 2490 παντεφόρου
3104 2420 3198 2472 καὶ
3221 2417 3658 2471 παντεπισκόπου
3687 2417 3784 2486 τῆς
3808 2417 3970 2486 δίκης

2403 2512 2682 2590 ὀφθαλμοῦ
2734 2514 2831 2583 τὴν
2869 2510 3026 2575 ἀξίαν
3080 2509 3434 2564 ἀπαιτοῦνται
3469 2508 3681 2578 ποινήν.
3722 2507 3830 2562 Καὶ
3866 2525 3974 2559 κα-

2402 2603 2716 2674 τασφάξατε
2761 2603 2957 2665 αὐτοὺς
3005 2600 3314 2671 ἔμπροσθέν
3343 2616 3470 2667 μου,
3497 2598 3604 2661 ἵνα,
3629 2597 3687 2648 ὃν
3717 2597 3816 2650 οὐκ
3842 2597 3971 2667 ἠθέ-

2403 2695 2573 2766 λησαν
2617 2693 2915 2761 ἐπιγνῶναι
2963 2690 3225 2760 βασιλέα,
3278 2687 3543 2756 ἐπιγνῶσι
3592 2689 3685 2741 καὶ
3723 2687 3972 2754 ἄκοντες,

2403 2785 2484 2850 οἷς
2518 2785 2875 2839 ἀπαιτοῦνται
2904 2785 3000 2846 τάς
3043 2782 3293 2845 εὐθύνας,
3317 2779 3540 2848 βασιλέα
3587 2779 3682 2832 καὶ
3739 2779 3970 2834 δίκαιον.

2405 2877 2513 2930 Kal.
2538 2878 2657 2929 ἐπεὶ
2684 2876 2746 2928 τὺ
2775 2875 2904 2945 παρ’
2927 2872 3062 2943 ἐμοῦ
3105 2871 3262 2941 σῶμα
3300 2869 3536 2923 πλασθέν
3567 2868 3749 2930 αὐτοῖς
3808 2867 3974 2920 ἀλλο-

2402 2967 2559 3036 τρίας
2594 2965 2775 3036 χειρὸς
2804 2963 2964 3032 ἔργον
3004 2961 3210 3024 ἔθεντο,
3241 2959 3619 3028 κατασφάξατε
3647 2960 3862 3022 αὐτοὺς,
3894 2960 3975 3023 ὡς

2405 3061 2473 3113 ἀν
2509 3059 2576 3112 δι’
2600 3051 2663 3112 οὖ
2707 3056 3036 3126 παρῴνησαν
3074 3055 3152 3115 είς
3179 3053 3278 3122 ἐμὲ
3308 3053 3399 3104 καὶ
3420 3051 3516 3121 τῆς
3544 3051 3681 3120 ἐμῆς
3707 3050 3974 3112 διελόντες

2405 3149 2810 3211 αὑτοόασιλείας
2840 3143 3210 3216 προσέρριψαν
3240 3142 3316 3213 τῷ
3350 3142 3578 3214 Ἐχθρῷ,
3607 3142 3792 3194 τούτου
3825 3141 3975 3210 διχα-

2407 3239 2624 3302 σθέντες
2655 3237 2754 3309 τὴν
2781 3238 3139 3306 ὀφειλομένην
3168 3228 3270 3288 ὦσι
3311 3232 3467 3302 δίκην
3494 3232 3590 3301 τῆς
3637 3233 3973 3294 ἀποστασίας

2404 3332 2761 3393 ἐκτετικότες.
2811 3326 3205 3394 Κατασφάξατε
3230 3325 3425 3387 αὐτοὺς
3475 3322 3780 3393 ἔμπροσθέν
3819 3325 3966 3391 μουί

2419 3422 2738 3490 Ἐννοήσατε
2767 3419 2867 3489 τῆς
2891 3418 3162 3488 τιμωρίας
3194 3417 3254 3470 τὸ
3287 3416 3524 3484 ἄφυκτον
3572 3414 3683 3484 (76)
3729 3416 3822 3466 καὶ
3878 3433 3969 3465 πι-

2405 3515 2557 3583 κρόν.
2595 3513 2690 3575 Τίς
2732 3515 2758 3565 ὀ
2800 3512 2920 3573 δοὺς
2965 3509 3062 3578 τὴν
3119 3509 3331 3577 ψῆφονς
3389 3507 3544 3569 Τίνος
3576 3509 3609 3575 ή
3664 3506 3966 3574 ἀπόφασιςς

2403 3600 2688 3669 Σφαγῆναι
2721 3600 2819 3667 μὲν
2852 3598 2955 3650 ὑπὸ
2980 3596 3073 3649 τοῦ
3115 3593 3359 3665 Ἐχθροῦ,
3393 3594 3496 3672 κάν
3546 3595 3686 3665 φέρῃ
3719 3612 3770 3647 τι
3797 3595 3971 3662 λυπηο

2405 3692 2516 3762 ρὸν,
2570 3689 2685 3743 ἀλλ’
2737 3685 2828 3742 οὖν
2869 3687 3068 3757 πολλὴν
3114 3687 3343 3757 παρέχει
3389 3685 3738 3755 παραμυθίας
3795 3685 3968 3755 ἀφορ-

2403 3782 2531 3851 μήν.
2570 3780 2883 3832 Ὑπολείπει
2926 3778 3034 3847 γὰρ
3089 3776 3180 3829 τὸν
3213 3775 3488 3846 Δεσπότην
3525 3774 3833 3844 ἐκδικητὴν,
3872 3775 3966 3828 καὶ

2398 3870 2498 3941 τῆς
2532 3869 2879 3932 ἀναστάσεως
2927 3870 3020 3920 καὶ
3069 3866 3168 3936 τῆς
3198 3867 3257 3918 ἐν
3307 3864 3445 3935 αὐτῇ
3491 3865 3662 3933 χαρᾶς
3715 3864 3750 3933 ή
3805 3862 3962 3926 ἐλπὶς

2400 3961 2685 4032 προοίμιον
2718 3959 2868 4029 αύτῷ
2915 3957 3018 4028 τῆς
3055 3954 3393 4027 εὐφροσύνης
3431 3957 3635 4008 ἐννοεῖν
3676 3955 3963 4024 ὑποτίθησι

2397 4055 2496 4125 τὴν
2529 4052 2764 4122 σφαγήν.
2803 4051 2972 4104 Ὅταν
2998 4049 3055 4101 δέ
3082 4049 3111 4101 ὀ
3143 4048 3422 4116 Δεσπότης
3456 4045 3616 4108 αὐτὸς
3647 4045 3962 4117 προστάσση

2396 4145 2834 4214 κατασφαγῆναι,
2867 4142 2997 4213 παρ’
3022 4133 3082 4195 οὗ
3104 4141 3135 4210 ὴ
3158 4139 3455 4210 ἐκδίκησις,
3479 4138 3608 4209 παρ’
3627 4131 3688 4192 οὗ
3707 4133 3765 4190 τδ
3789 4137 3958 4201 ἐλεος,

2397 4238 2525 4306 παρ’
2553 4232 2613 4291 οὗ
2646 4236 2679 4306 ή
2717 4234 2858 4305 μετά
2890 4233 2988 4301 τὴν
3037 4233 3334 4287 ἀνάστασιν
3371 4228 3690 4296 ἀγαλλίασις
3733 4228 3828 4280 καὶ
3866 4230 3958 4280 εὑ-

2396 4330 2658 4400 φροσύνη,
2689 4327 2822 4396 παρ’
2839 4318 2899 4378 οῦ
2929 4327 2962 4396 ή
2990 4324 3106 4395 ζωὴ
3126 4323 3219 4377 καὶ
3246 4325 3278 4392 ή
3304 4321 3567 4391 σωτηρία,
3587 4320 3666 4382 τίς
3687 4317 3752 4372 ἂν
3773 4335 3958 4389 παρα-

2397 4424 2570 4494 στήσῃ
2613 4421 2770 4487 λόγος
2809 4419 2871 4472 τὸ
2903 4416 3097 4487 πικρὸν
3140 4416 3234 4468 καὶ
3260 4415 3533 4483 ἀφόρητον
3569 4412 3665 4482 τῆς
3703 4410 3954 4480 πληγῆς;

730 4519 1016 4572 horrendis
1042 4516 1444 4584 tremendisque
1475 4514 1828 4577 cruciatibus,
1867 4521 2157 4580 antequam
2196 4522 2290 4562 eos
2316 4515 2397 4575 Di

2316 4515 2369 4575 D
2394 4520 2456 4572 τὸ
2498 4511 2886 4585 ἀπαράκλητον
2921 4510 3018 4562 καὶ
3059 4507 3152 4573 ὀξὺ
3183 4505 3290 4558 τῶν
3330 4503 3624 4572 ἀλγεινῶν;
3661 4503 3796 4572 πρὸς
3836 4511 3958 4554 τινα

729 4609 1057 4680 experiendo
1078 4609 1315 4664 diseatis.
1337 4607 1595 4664 Recedite
1615 4623 1644 4660 a
1671 4605 1832 4660 simili
1855 4604 2112 4667 amentia,
2137 4611 2292 4656 ante-
2390 4614 2396 4663 ι

2290 4633 2292 4637 ν
2390 4612 2541 4664 ἔσται
2570 4608 2604 4678 ή
2635 4603 2956 4672 καταφυγή;
2992 4599 3077 4662 τίς
3109 4596 3374 4666 ἀνάψυξις
3401 4594 3495 4647 τοῦ
3530 4593 3735 4654 πάθους
3773 4591 3834 4644 οὐ
3871 4592 3957 4645 δε-

728 4717 888 4770 quam
931 4701 1162 4754 similem
1205 4700 1516 4754 sustineatis
1558 4713 1796 4770 pmnam.
1846 4696 1949 4761 Qui
1993 4696 2140 4750 enim
2183 4693 2284 4748 sub
2390 4720 2395 4772 ς

2390 4699 2619 4772 χομένου
2652 4695 2825 4757 τέλος,
2858 4689 3218 4758 ἀτελευτήτου
3248 4687 3344 4756 τῆς
3373 4685 3639 4755 τιμωρίας
3672 4682 3957 4752 διαμενού-

728 4795 1013 4848 aﬂlictionc
1079 4792 1316 4846 nascitur
1379 4792 1538 4846 timor
1567 4801 1620 4845 et
1677 4787 2029 4860 pmnitentia,
2081 4786 2288 4838 nullum
2392 4817 2395 4839 ι

2392 4809 2489 4862 σης
2515 4807 2530 4855 ;
2573 4786 2710 4840 Ἀλλ’
2741 4784 3028 4852 ἐννοήσατε
3056 4779 3252 4844 ταῦτα,
3285 4778 3376 4830 καὶ
3414 4775 3766 4843 ἐννοήσαντες
3792 4773 3956 4842 φοϐή-

729 4885 886 4940 an‘ert
963 4885 1194 4938 lucrum.
1271 4882 1456 4948 Quoad
1511 4881 1846 4952 poenitentia
1913 4889 2128 4948 tempus
2169 4883 2289 4942 est,

727 4994 847 5033 eam
875 4977 1223 5031 admittamus
1267 4993 1280 5028 :
1322 4975 1497 5044 quoad
1543 4975 1716 5028 veniae
1751 4973 1917 5042 janua
1955 4985 2140 5042 aperta
2165 4984 2286 5038 est,

729 5087 795 5124 ne
819 5071 1091 5140 pigremur
1125 5084 1221 5138 per
1251 5083 1371 5122 eant
1403 5066 1646 5120 introire.
1684 5065 1874 5131 Quoad
1911 5069 2071 5120 mina:
2105 5067 2284 5120 immi-

729 5172 879 5224 nent,
909 5161 1318 5215 conversionem
1345 5168 1627 5213 testemur.
1668 5158 1801 5211 Dato
1832 5157 1976 5210 enim
2021 5158 2199 5227 signo,
2227 5166 2283 5212 et

728 5256 834 5308 vita
881 5255 1075 5318 soluta,
1110 5253 1257 5306 nulla
1291 5252 1521 5321 amplius
1553 5250 1741 5304 salutis
1777 5262 2025 5318 superest
2053 5252 2160 5317 via,
2183 5267 2280 5305 nec

796 5369 840 5399 '°
867 5368 995 5421 Luc.
1037 5385 1144 5433 κικ,
1173 5368 1263 5420 27.

2391 4885 2518 4954 θητε
2545 4883 2644 4950 τὴν
2678 4876 2891 4947 πληγὴν
2921 4874 3152 4942 ὀρῶντες
3183 4873 3239 4922 ἐν
3265 4869 3492 4938 ἑτέροις,
3527 4867 3630 4935 πρὸ
3660 4865 3752 4918 τοῦ
3782 4865 3956 4934 ἐμπε-

2398 4980 2508 5028 σεῖν
2549 4973 2628 5035 είς
2659 4971 2876 5038 πεῖραν,
2904 4965 2967 5017 τὸ
2993 4963 3222 5032 φρικτὸν
3254 4961 3352 5030 τῆς
3373 4959 3562 5027 ὀδύνης
3590 4956 3684 5010 καὶ
3706 4956 3954 5027 φοϐερὸν,

2397 5067 2494 5120 καὶ
2523 5064 2799 5129 ἀπόστητε
2824 5058 2928 5126 τῆς
2960 5058 3078 5124 ίσης
3116 5054 3371 5115 ἀπονοίας
3400 5052 3504 5121 πρὸ
3528 5051 3623 5119 τῆς
3651 5049 3770 5119 ίσης
3795 5065 3961 5118 τιμω-

2397 5161 2537 5231 ρίας.
2579 5156 2636 5210 '0
2670 5153 2776 5222 γάρ
2807 5153 2865 5203 ἐν
2908 5147 2985 5216 τῷ
3027 5146 3187 5200 πάθει
3221 5144 3383 5214 φόϐος
3427 5143 3580 5211 καὶὴ
3625 5140 3958 5231 μεταμέλεια

2393 5229 2543 5302 οὐδὲν
2574 5244 2748 5298 οἴδασι
2780 5238 2970 5310 κέρδος
3001 5237 3204 5307 φέρειν.
3245 5233 3388 5296 Ἕως
3426 5232 3612 5301 καιρὸς
3648 5229 3955 5300 μετανοίας,

1822 5474 2054 5529 VARIE
2109 5472 2494 5530 LECTIONES
2533 5469 2618 5524 ET
2657 5467 2889 5523 NOTAE.

797 5601 908 5671 (75)
949 5593 2012 5671 Ἠρνήσαντοηγίόεξιυιςιιίοειοίἀῇεεε
2027 5594 2289 5671 particula

727 5663 955 5740 negandi
989 5663 1122 5740 οὒκ,
1143 5669 1284 5740 quod
1315 5669 1448 5721 alias
1483 5665 1594 5719 ﬁeri
1634 5663 1936 5740 consuevit.
1972 5663 2104 5717 Eam
2143 5664 2287 5716 enim

728 5735 964 5809 postulat
1017 5735 1354 5792 adversativa
1403 5751 1636 5806 sequens
1664 5735 1762 5809 δέ,
1794 5743 1872 5809 _ut
1931 5743 2288 5809 taceam__re_rn

728 5803 897 5880 ipsam
932 5811 982 5864 id
1019 5809 1173 5864 velle.
1207 5803 1542 5875 Acceperant
1590 5805 1734 5860 enim
1793 5804 2052 5858 incuriosi
2098 5803 2173 5855 illi
2237 5804 2290 5854 in

2399 5587 2655 5659 parabola
2689 5584 2936 5659 homines
2980 5598 3075 5636 sua
3131 5598 3158 5634 a
3202 5593 3384 5635 rerum
3426 5572 3957 5659 Dominqaadeoque

2403 5644 2461 5712 iit
2490 5659 2650 5710 talem
2687 5654 3075 5723 agnoscebant,
3105 5659 3424 5723 nouantem
3458 5644 3861 5723 regerebantur.

2469 5727 2583 5806 (7.6)
2637 5711 2959 5792 Ἀᾆυκτονκ
3001 5711 3075 5776 lta
3126 5719 3318 5790 scripsi
3380 5731 3477 5788 pro
3527 5714 3771 5780 ἀφικτον,
3810 5711 3959 5779 quod

2401 5806 2482 5851 est
2520 5811 2573 5849 In
2609 5810 2709 5848 ms.
