4222 6432
225 393 323 456 177

1204 391 1500 452 CONTRA
1539 389 1992 450 MANICIl/EOS
2035 387 2263 451 LIBER
2300 395 2399 455 IV.

3357 402 3455 469 178

223 509 325 574 τὴν
357 505 644 575 μετάνοιαν
672 502 1065 572 ἐπιδειξάνμεοα.
1091 502 1237 566 Ἕως
1267 504 1301 573 ὴ
1334 505 1432 572 τῆς
1464 502 1791 571 συγγνώμης
1821 501 1871 558 Α

1821 501 1871 558 Α
1897 517 2022 570 spes
2056 518 2270 571 pinnas,
2295 505 2459 558 minis
2484 518 2803 578 przneeptas,
2838 509 3085 562 elabendi
3117 511 3460 580 relinquitur.

225 597 498 664 ἀνέῳκται
530 596 689 667 οὐρα,
717 595 978 648 εἰσελθεῖν
1003 595 1068 648 δι’
1098 595 1268 663 αὐτῆς
1297 594 1373 664 μὴ
1416 594 1786 664 βραδύνοιμεν.

225 689 370 749 ”Εως
393 689 450 739 αι
482 689 702 740 ἀπειλαὶ
727 687 1010 756 μετέωροι,
1040 687 1139 755 τὴν
1162 684 1494 755 ἐπιστροφὴν
1518 685 1794 748 ἐπιδείξω-

226 795 325 844 μεν
362 778 496 845 (77).
543 777 797 840 Δοθέντος
845 778 952 846 γὰρ
1003 778 1097 828 τοῦ
1148 776 1520 846 συνθήματος,
1563 776 1653 827 καὶ
1699 774 1793 825 τοῦ

225 870 341 936 βὶου
377 869 657 934 λυθέντος,
690 871 867 932 οὐδεὶς
899 870 1081 922 οὐκέτι
1115 870 1315 938 τρόπος
1359 869 1654 939 σωτηρίας,
1675 868 1795 920 οὐδὲ

223 960 317 1012 τοῦ
355 962 431 1029 μὴ
458 951 650 1014 παθεῖν
674 962 848 1025 ἐλπὶς,
872 962 905 1014 ὃ.
928 962 1120 1015 παθεῖν
1149 961 1446 1030 ἡπειλήθη,
1465 960 1793 1014 καταλείπε-

225 1068 333 1102 ται.
371 1049 534 1104 Ἀλλὰ
561 1051 669 1121 γὰρ
697 1051 793 1104 τοῦ
821 1052 1139 1105 διδασκάλου
1169 1053 1268 1119 τῆς
1295 1051 1627 1113 ἀποστασίας
1663 1068 1798 1120 τραο

226 1141 333 1201 νὼς
363 1157 423 1192 τε
454 1143 550 1193 καὶ
590 1142 756 1210 χωρίς
800 1159 945 1204 τινος
980 1141 1260 1210 περινοίας
1298 1142 1450 1210 παρὰ
1490 1141 1597 1195 τῶν
1639 1141 1804 1208 εὐαγ-

229 1235 470 1300 γελικῶν
513 1235 704 1304 φωνῶν
742 1234 1213 1303 στηλιτευθέντος,
1251 1235 1346 1286 καὶ⁵
1374 1235 1491 1286 οἷαν
1527 1235 1556 1286 ὁ
1597 1233 1803 1294 δίκαιος

233 1327 430 1397 κριτὴς
463 1328 590 1389 τοὺς
621 1326 831 1379 ἐκείνου
861 1325 1109 1395 μαθητὰς
1141 1325 1233 1378 καὶ
1258 1324 1333 1394 μὴ
1362 1323 1616 1387 Θέλοντας
1643 1323 1805 1376 αὑτὸν

231 1420 317 1485 ἐφ’
366 1419 577 1471 ἑαυτῶν
625 1417 975 1487 βασιλεῦσαι,
1006 1416 1105 1486 τὴν
1155 1416 1347 1486 ποινὴν
1393 1414 1802 1483 εἰσπράττεται,

232 1510 534 1579 κατάδηλόν
572 1526 632 1562 τε
663 1511 758 1562 καὶ
810 1509 1284 1578 περιφανεστάτην
1342 1505 1804 1574 ἐπιδειξαμένων,

231 1604 354 1656 τίνα
389 1602 574 1655 λοιπὸν
613 1603 663 1654 οἱ
719 1600 852 1670 μετὰ
887 1600 1057 1652 ταῦτα
1102 1600 1283 1652 πάντα
1327 1598 1428 1666 τὴν
1472 1596 1808 1651 ἀποστασίαν

233 1693 314 1744 ἔτι
335 1694 654 1759 στέργοντες
675 1692 998 1760 εὑρήσουσιν
1019 1688 1322 1756 ἀπολογίαν
1341 1705 1357 1754 ;
1379 1689 1538 1740 Ποῖον
1560 1687 1810 1755 λείψανον

1895 587 2185 658 Postquam
2223 594 2369 647 enim
2407 597 2660 664 magister
2688 599 2975 666 apostasia:
3014 599 3215 653 diserte
3255 613 3308 654 et
3349 603 3467 653 Sitit;

1896 683 2216 738 circuitione
2240 687 2308 740 ab
2343 688 2666 754 evangelicis
2700 691 2877 743 verbis
2917 691 3226 744 confutatus
3273 702 3375 749 est.
3410 704 3464 745 et

1896 775 1962 827 ab
2019 775 2204 828 iisdem
2257 779 2711 845 praenuntiatum,
2743 797 2901 848 quam
2940 798 3154 850 gravem
3180 782 3460 834 illustrem-

1897 877 2003 930 que
2040 879 2253 932 pmnam
2280 866 2462 934 justus
2489 868 2653 934 judex
2687 886 2716 920 a
2747 871 3027 938 discipulis
3066 873 3206 940 ejus,
3250 872 3340 939 qui
3367 889 3456 922 no-

1900 953 2100 1008 luerint
2151 956 2324 1025 ipsum
2369 974 2534 1026 super
2576 975 2634 1013 se
2679 976 2926 1029 regnare,
2975 963 3308 1030 repetiturus
3357 963 3465 1019 sit.

1899 1061 2060 1113 quam
2095 1049 2310 1102 tandem
2341 1051 2434 1112 illi,
2468 1051 2578 1118 qui,
2617 1053 2875 1122 neglectis
2908 1053 2991 1106 his
3025 1054 3298 1116 omnibus,
3335 1070 3469 1120 apo-

1902 1139 2120 1193 stasiam
2147 1151 2351 1207 amant,
2377 1143 2747 1197 defensionem
2780 1145 3078 1198 invenient.
3101 1145 3272 1208 Quam
3300 1147 3469 1198 venia).

1904 1231 2178 1300 speculam
2211 1233 2313 1287 sibi
2346 1235 2604 1303 reliquam
2642 1236 2925 1290 fecerunt?
2980 1237 3100 1305 quis
3139 1237 3329 1290 oculus
3367 1237 3469 1288 mi-

1906 1322 2191 1376 serationis
2222 1323 2483 1394 latrymas
2513 1341 2678 1394 super
2712 1328 2858 1395 ipsos
2893 1326 3130 1379 fundet?
3159 1327 3470 1396 Magistrum

1907 1429 2066 1468 suum
2099 1415 2372 1470 diabolum
2417 1433 2538 1470 esse
2571 1419 2883 1472 didicerunt
2910 1435 2975 1472 ex
3011 1420 3336 1489 Evallgeliis,
3374 1436 3473 1472 nec

1908 1506 2092 1560 minus
2122 1506 2194 1570 id,
2228 1510 2372 1576 quod
2416 1510 2666 1577 discipuli
2725 1511 2863 1577 ejus,
2907 1526 2966 1563 se
3014 1511 3248 1579 priores,
3289 1527 3471 1564 coram

1908 1596 2138 1651 Domino
2178 1601 2392 1652 mactati
2435 1599 2580 1658 sint.
2627 1600 2748 1652 ideo
2791 1601 2934 1667 quod
2981 1602 3255 1655 noluerint
3295 1602 3471 1670 ipsum

1909 1703 2075 1757 super
2107 1704 2165 1743 se
2195 1705 2438 1759 regnare.
2480 1692 2654 1759 Atque
2678 1691 2779 1744 hoc
2807 1691 2969 1744 etiam
2998 1693 3306 1745 veneranda
3347 1709 3464 1745 ser—

233 1785 449 1844 ἑαυτοῖς
497 1783 820 1835 ὑπελίποντο
865 1779 1231 1850 συγγνώμης;
1279 1780 1363 1841 τίς
1398 1781 1578 1840 αὐτοῖς
1608 1778 1810 1845 όφθαλ-
1839 1828 1883 1850 η

1802 1806 1810 1818 -
1839 1828 1883 1850 η
1910 1779 2114 1835 vatoris
2145 1781 2314 1833 nostri
2349 1780 2633 1850 Evangelia
2668 1781 2812 1835 clare
2841 1784 3070 1846 docent,
3101 1783 3244 1850 quod
3280 1786 3469 1836 adora-

239 1873 344 1941 μὸς
365 1873 645 1937 ἐπιστάξει
663 1873 897 1941 δάκρυον
917 1871 1128 1934 ﬂio-ac;
1155 1871 1260 1924 Τὸν
1275 1869 1590 1924 διδάσκαλον
1611 1870 1810 1932 αὐτῶν,
1839 1864 1885 1886 ¹¹

1807 1914 1810 1928 ,
1839 1864 1885 1886 υ
1914 1873 2061 1918 tores
2106 1864 2215 1918 sint
2258 1866 2482 1928 diaboli,
2527 1868 2780 1935 quodque
2811 1869 3004 1937 injuria
3046 1870 3280 1924 alliciant
3310 1871 3474 1924 Crea-

237 1966 429 2034 ὅτιπερ
461 1966 487 2017 ό
511 1963 753 2025 διάϐολός
780 1965 926 2016 ἐστιν
947 2000 962 2023 ,
1021 1961 1224 2031 ἔμαθον
1249 1961 1398 2031 παρὰ
1422 1960 1530 2014 τῶν
1565 1961 1809 2027 Εὑαγγε-

1804 1987 1809 2000 ι
1911 1965 2106 2019 torem,
2140 1958 2231 2025 qui
2260 1957 2350 2013 Dei
2382 1975 2607 2028 regnum
2656 1961 2943 2024 dividunt,
2987 1961 3040 2014 id
3082 1962 3272 2015 eadem
3320 1978 3471 2016 sacra

238 2057 392 2118 λίων,
426 2057 556 2117 τοὺς
597 2057 701 2125 πρὸ
729 2055 911 2108 αὐτῶν
952 2053 1228 2123 μαθητὰς,
1268 2055 1350 2106 ὅτι
1394 2053 1813 2120 κατεσφάγησαν

1807 2070 1813 2098 l
1912 2046 2135 2115 Eloquia
2167 2048 2424 2101 clamant.
2467 2049 2619 2112 Quod
2645 2051 2689 2103 si
2726 2050 2886 2120 igitur
2921 2051 3127 2104 nullum
3153 2053 3347 2105 horum
3380 2069 3474 2105 eos

239 2145 552 2215 ἔμπροσθεν
579 2143 673 2196 τοῦ
703 2143 993 2206 Δεσπότου,
1023 2143 1097 2212 μὴ
1124 2142 1443 2210 Θελήσαντες
1468 2141 1630 2194 αὑτὸν
1660 2140 1811 2208 βασι-

1810 2171 1811 2177 η
1907 2138 1975 2190 ab
2006 2137 2275 2205 apostasia
2301 2154 2396 2192 sua
2424 2141 2640 2203 avertit,
2670 2142 2908 2210 reliquus
2953 2151 3035 2195 est
3064 2143 3202 2213 ignis
3233 2143 3477 2198 inlermi~

238 2236 418 2292 λεύειν
447 2235 532 2302 ἐφ’
563 2235 790 2288 ἑαυτῶν.
824 2234 932 2286 Καὶ
953 2232 1110 2285 τοῦτο
1138 2233 1206 2284 τὰ
1240 2231 1413 2284 σεπτὰ
1440 2230 1532 2283 τοῦ
1560 2231 1810 2299 Σωτῆρος

239 2328 400 2396 ἡμῶν
425 2327 727 2394 [εὐαγγέλια
766 2325 1076 2379 διδάσκουσι
1112 2323 1444 2393 διαπρυσίως
1466 2362 1481 2385 ,
1513 2323 1594 2374 ὃτι
1636 2339 1807 2390 προσ-

243 2419 474 2487 κυνηταὶ
497 2418 589 2470 τοῦ
609 2417 875 2478 διαϐόλου.
903 2417 994 2469 καὶ
1014 2417 1095 2468 ὅτι
1130 2414 1226 2468 τοῦ
1268 2414 1610 2484 Δημιουργοῦ
1649 2413 1802 2483 ὑϐρι-

241 2511 371 2565 σταὶ
400 2510 452 2562 οι
483 2511 754 2578 σχίζοντες
785 2508 885 2577 τὴν
911 2507 1003 2561 τοῦ
1032 2505 1165 2559 Θεοῦ
1195 2505 1489 2574 βασιλείαν,
1529 2505 1621 2556 καὶ
1650 2502 1804 2556 τοῦτο

1909 2229 2122 2292 nabilis,
2174 2239 2228 2284 et
2273 2231 2509 2284 tenebrat
2545 2233 2879 2298 exteriores,
2923 2252 3042 2304 qua:
3090 2246 3287 2305 parata:
3345 2246 3475 2290 sunt

1914 2320 2154 2388 ipsorum
2188 2322 2418 2376 doctori.
2450 2324 2556 2377 Illa:
2584 2339 2680 2379 eos
2706 2327 2869 2379 etiam
2905 2327 3104 2381 invitos
3143 2339 3198 2381 et
3225 2329 3342 2383 sine
3369 2328 3478 2380 ullo

1911 2413 2088 2467 fructu
2119 2415 2187 2467 ab
2217 2415 2492 2482 impietate
2525 2428 2622 2469 sua
2651 2426 2918 2472 avertent.
2960 2419 3066 2473 Sed
3105 2421 3219 2474 haec
3255 2422 3476 2488 quidem

1913 2520 2009 2573 pro
2043 2506 2294 2574 praesenti
2331 2507 2787 2561 commentatione
2810 2520 2864 2562 et
2902 2525 3155 2564 sermone
3187 2511 3476 2565 sutliciant.

239 2607 310 2659 τὰ
338 2607 480 2662 αὐτὰ
506 2606 929 2674 διακεκράγασιν
963 2603 1082 2674 ἱερὰ
1131 2604 1322 2670 Λόγια.
1390 2600 1598 2653 Οὐκοῦν
1623 2601 1672 2652 εί
1708 2599 1873 2668 μηδὲν
1910 2600 2112 2654 τούτων
2168 2603 2366 2662 αὐτοὺς
2415 2603 2746 2672 ἀποστρέψει
2794 2605 2905 2671 (78)
2952 2606 3051 2674 τῆς
3107 2606 3478 2671 άποστασίας,

239 2701 534 2755 ὑπόλοιπόν
561 2701 679 2754 ἐστι
699 2701 759 2753 τὸ
788 2698 1141 2766 ἀτελεύτητον
1165 2695 1294 2767 πῦρ,
1329 2696 1502 2750 καὶτὸ
1530 2695 1716 2756 σκότος
1744 2694 1804 2746 τὸ
1841 2694 2124 2764 ἐξώτερον.
2165 2698 2192 2749 ὃ
2214 2698 2539 2768 ἡτοίμασται
2560 2697 2740 2750 αὐτῶν
2784 2697 2862 2767 τῷ
2899 2698 3224 2770 διδασκάλῳ.
3276 2700 3483 2754 Ἐκεῖνο

241 2796 340 2849 gul.
360 2791 594 2853 ἄκοντας
621 2790 839 2857 αὐτοὺς,
870 2791 966 2844 καὶ
992 2789 1158 2860 χωρίς
1209 2805 1352 2851 τινος
1415 2789 1701 2855 ὠφελείας,
1767 2788 2062 2860 ἀποστήσει
2107 2792 2222 2860 (79)
2256 2791 2357 2859 τῆς
2397 2789 2714 2860 Θεομαχίας,

241 2887 341 2938 ἐπὶ
369 2883 449 2953 τῷ
476 2883 748 2954 προχείρῳ
772 2882 874 2953 τῆς
899 2882 1186 2948 διαλέξεως
1209 2883 1304 2936 καὶ
1331 2881 1428 2950 τῆς
1447 2881 1682 2950 ὁμιλίας.

865 2995 1084 3048 ΛΟΓΟΣ
1121 2998 1170 3047 Δ’
1182 3035 1195 3048 .

251 3087 370 3144 Τοῦ
409 3085 594 3140 αὑτοῦ
634 3085 784 3138 κατὰ
809 3084 919 3150 τῆς
952 3084 1070 3137 τῶν
1110 3085 1450 3151 Mar-Izale
1495 3082 1820 3150 ὰρτιφυοῦς

319 3155 600 3221 πλάνης,
646 3155 920 3223 Ἇρσενίῳ
965 3153 1073 3223 (80)
1109 3152 1188 3216 τῷ
1233 3153 1531 3223 dmoenire)
1571 3151 1820 3221 μοναχῷ

321 3220 708 3291 πρεσϐυτέρῴ
733 3224 830 3277 καὶ
861 3220 1170 3291 ήτοὺμένῳ
1194 3221 1311 3274 τῶν
1335 3220 1528 3288 ἱερῶν.

2801 2791 2963 2846 Ἀλλά
3003 2791 3176 2845 ταῦτα
3218 2793 3317 2863 μὲν
3358 2794 3484 2847 ὅσον

2521 2989 2753 3045 SERMO
2793 2990 2882 3044 IV.

1917 3083 2164 3152 Ejusdem
2188 3083 2484 3135 dissertatio
2509 3091 2690 3134 contra
2731 3082 3136 3150 repullulantem
3169 3084 3481 3137 Manicth-

1989 3170 2104 3205 rum
2141 3169 2388 3212 errorem,
2413 3155 2483 3203 ad
2519 3152 2815 3212 Arsaniam,
2856 3153 3163 3204 monachum
3201 3155 3481 3208 sanctissi-

1989 3238 2152 3286 mum,
2189 3223 2545 3289 presbyterum
2568 3231 2614 3274 et
2642 3221 2944 3288 prwfectum
2982 3239 3275 3275 sacrorum.

326 3281 406 3370 Αἰ.
456 3281 801 3386 Ἐπειδήπερ,
845 3281 1238 3384 ἱεῑρῶίάνδρῶν
1281 3281 1690 3383 ἐρασμιώτατε,
1719 3309 1816 3370 τὰς
1845 3281 1890 3343 C
1991 3315 1993 3340 π

1814 3281 1890 3364 :c
1991 3312 2031 3365 l.
2072 3311 2381 3381 Postquam,
2415 3311 2495 3364 vir
2527 3312 2667 3364 inter
2709 3322 2925 3366 sanctos
2968 3312 3340 3376 dilectissime,
3385 3316 3481 3367 ho-

249 3406 515 3470 διαλέξεις
544 3406 686 3474 ἔχειν
712 3405 947 3475 ἠξίωσαν
986 3405 1042 3456 αἱ
1074 3404 1166 3456 τοῦ
1201 3405 1473 3463 Μάνεντος
1510 3402 1606 3469 μὲν
1643 3417 1823 3469 παρα-

256 3498 492 3565 φυάδες.
524 3497 584 3548 τὺ
630 3498 882 3566 φρόνημα
919 3493 1358 3563 καταισχύνουσι.
1411 3493 1584 3545 Πάλαι
1623 3491 1687 3558 δὴ
1735 3490 1825 3542 Νι-

255 3594 488 3662 κη·ρόρῳ
536 3591 644 3659 (81)
676 3589 1206 3660 προσωμιλήθησαν,
1247 3587 1398 3640 οὔπω
1448 3586 1547 3656 μὲν
1590 3585 1695 3637 άπὸ
1727 3587 1823 3651 τῆς

255 3686 506 3753 κλήσεως
542 3683 746 3753 ταύτης
797 3681 1202 3750 γινωσκομένῳ.
1256 3679 1366 3732 Καὶ
1412 3679 1519 3748 γὰρ
1563 3677 1680 3730 οὐδὲ
1725 3675 1822 3744 τὴν

260 3774 448 3825 πίστιν
489 3771 786 3842 ἠσπάζετο,
821 3772 941 3840 ἥτις
974 3771 1064 3822 τὸν
1095 3770 1298 3838 κόσμον
1333 3768 1616 3836 ἐνίκησεν·
1651 3767 1728 3817 ἔτι
1770 3765 1824 3816 δὲ

259 3868 374 3926 τοῖς
404 3863 502 3933 τῆς
533 3863 866 3924 ἀποστασίας
895 3862 1169 3924 λειψάνοις
1201 3860 1699 3929 ἐγκαλινδούμενος,
1733 3856 1827 3908 καὶ

258 3957 362 4025 τὴν
401 3956 610 4010 ἐκεῖθεν
653 3949 800 4009 εἷλκε
837 3955 1223 4027 προσηγορίαν·
1251 3954 1523 4021 Βέρζελις
1550 3953 1658 4020 γὰρ
1693 3951 1826 4001 divo-

265 4049 490 4119 μάζετο.
533 4049 684 4102 Ἐπεὶ
727 4045 820 4102 οὖν
861 4048 988 4110 τοὺς
1052 4047 1244 4115 λόγους
1295 4045 1533 4107 ἐκείνους
1583 4042 1694 4111 (82)
1754 4041 1834 4101 είς

1919 3403 2113 3462 mines.
2146 3419 2173 3454 a
2232 3402 2442 3455 Manete
2487 3401 2658 3455 instar
2703 3403 3041 3456 surculorum
3099 3420 3290 3458 recens
3337 3406 3479 3465 orti.

1918 3493 2312 3560 disputationes
2345 3492 2568 3560 ingressi
2601 3500 2757 3555 sunt,
2787 3494 3086 3547 sententias
3123 3510 3250 3548 suas
3281 3504 3340 3548 ut
3378 3513 3482 3564 pu-

1922 3585 2125 3638 dendas
2169 3583 2542 3652 prodiderunt.
2604 3581 2743 3636 Olim
2793 3583 2867 3635 illi
2921 3584 3118 3638 versati
3169 3586 3483 3654 frequenter

1923 3684 2051 3729 sunt
2075 3691 2197 3728 cum
2219 3674 2544 3740 Nicephoro,
2565 3674 2826 3728 hactenus
2853 3674 3070 3743 quidem
3099 3691 3127 3729 a
3151 3678 3367 3731 nomine
3393 3680 3482 3731 illo

1923 3782 1981 3819 re
2036 3765 2148 3832 ipsa
2184 3763 2422 3816 nondum
2466 3763 2702 3833 cognito.
2753 3762 2887 3816 Nam
2947 3779 3016 3818 ne
3065 3765 3224 3819 ﬁdem
3264 3768 3481 3835 quidem

1922 3853 2199 3921 amplexus
2235 3852 2280 3904 is
2311 3857 2414 3913 est,
2452 3866 2571 3918 qua:
2603 3850 2862 3903 mundum
2891 3851 3018 3904 vicit
3049 3871 3063 3907 :
3097 3854 3189 3906 sed
3223 3858 3401 3922 potius
3428 3857 3482 3908 in

1925 3942 2204 4011 apostasia:
2252 3940 2493 4008 reliquiis
2541 3948 2854 4008 occupatus,
2917 3956 3114 3994 nomen
3155 3943 3279 3996 inde
3323 3960 3480 3998 suum

1941 4044 2132 4088 nactus
2168 4041 2249 4086 est
2285 4051 2298 4085 :
2329 4030 2554 4084 Berzelis
2598 4031 2741 4083 enim
2784 4031 3174 4099 appellabatur.
3219 4033 3479 4098 Quoniam

1322 4160 1554 4215 VARUE
1603 4154 1984 4214 LECTIONES
2030 4151 2117 4204 ET
2149 4150 2382 4205 ΝΟΤιΕ.

337 4249 452 4317 (77)
493 4248 932 4318 Ϊεπιδείεωμεν.
962 4251 1055 4306 Sic
1088 4250 1331 4306 scribere
1372 4249 1528 4318 jubet
1563 4245 1829 4302 orationis

263 4319 457 4390 series.
490 4317 586 4390 Ms.
623 4319 784 4390 habet
803 4317 1165 4390 ἐπιδείξομεν.

341 4387 452 4455 (78)
493 4387 892 4455 Ἀποστρέψει.
935 4390 1024 4443 Sic
1047 4386 1473 4442 rescribendum
1518 4386 1700 4455 putavi
1732 4400 1829 4452 pro

263 4456 605 4526 ἐπιστρέψει,
628 4458 769 4526 quod
799 4472 898 4510 ms.
923 4459 1157 4512 exhibet.
1185 4457 1342 4511 Ratio
1364 4457 1418 4510 in
1445 4465 1697 4524 promptu
1721 4465 1823 4526 est,

1929 4248 2074 4293 recte
2111 4252 2306 4290 nomen
2359 4237 2484 4290 illud
2531 4237 2800 4302 abjectum
2846 4234 3031 4297 fuisse.
3079 4239 3233 4305 cujus
3280 4241 3484 4296 scilicet

1929 4324 2238 4361 mensuram
2266 4323 2372 4358 non
2399 4305 2717 4373 impleverit,
2745 4306 3014 4359 vincendo
3034 4310 3236 4361 nmndo
3264 4312 3483 4365 minime

1929 4379 2168 4430 omnium
2195 4376 2650 4428 accommodatus.

1999 4448 2109 4514 (82)
2164 4445 2726 4523 Adjvv¢_éxe£rovc.
2775 4443 3277 4523 Rcspicitj‘hqtius
3327 4449 3483 4502 binos

341 4512 452 4597 (79.)
476 4512 880 4597 _‘AJ£0.0'_1'1§O'€L
925 4527 1002 4582 Ita
1032 4529 1149 4597 lego
1179 4543 1278 4596 pro
1309 4512 1618 4597 άποσῖτῇσαί
1637 4566 1650 4586 ,
1685 4523 1827 4597 quod
1863 4537 1905 4592 υ
1930 4530 2008 4597 ξςξ

1814 4523 1827 4576 |
1863 4537 1905 4592 υ
1930 4512 2220 4597 sermones
2241 4514 2566 4597 superiores,
2601 4529 2767 4593 quos,
2803 4521 3000 4597 contra
3027 4512 3352 4597 Maiiiehzeos
3385 4536 3481 4584 pu-

266 4596 442 4649 cndex
475 4594 659 4648 habet.
679 4594 956 4650 Posterius
980 4593 1213 4652 hoc'non
1248 4596 1456 4650 invenit
1481 4595 1536 4647 in
1567 4593 1828 4648 orationis

264 4665 663 4735 scriieuverbum
686 4704 700 4725 .
732 4679 761 4735 a
794 4680 902 4735 quo
933 4677 1167 4735 regatur.

342 4732 453 4803 (80)
515 4731 1074 4803 ’ApasrlquArsenii
1123 4734 1285 4803 hujus
1333 4733 1457 4787 alibi
1496 4731 1827 4803 mentionem

266 4800 388 4856 ﬁeri
406 4817 524 4872 non
558 4803 794 4855 memini.
830 4802 1034 4858 Nomen
1067 4805 1170 4858 hoc
1197 4800 1440 4872 alioquin
1472 4802 1717 4872 pluribus
1741 4800 1828 4872 yi-

267 4873 368 4934 ris,
402 4871 456 4923 in
487 4881 667 4924 vetere
689 4871 930 4926 Ecclesia
960 4875 1264 4937 celebratis,
1285 4869 1572 4927 commune
1597 4870 1715 4924 fuit.
1740 4869 1828 4922 ln-

269 4951 358 4993 ter
389 4949 615 4994 caeteros
646 4939 852 4994 eminet
879 4942 1141 4996 Arsenius
1179 4943 1375 5005 abbas,
1407 4941 1563 5009 cujus
1599 4940 1736 4993 dicta
1773 4948 1828 5009 et

263 5023 362 5081 res
385 5018 753 5081 memorantur
774 5009 830 5081 in
860 5013 1382 5081 Apophthegmatibus
1416 5008 1657 5081 Patrum:
1687 5008 1827 5074 apud

267 5078 624 5138 Gotelerium.
657 5078 831 5132 tom.l
874 5077 1322 5136 Moriumerirorum
1343 5080 1589 5133 Ecclesia:
1613 5077 1825 5139 ercaz,

272 5164 329 5213 p.
360 5148 486 5199 567.
523 5146 689 5215 llujus
716 5159 916 5215 quanta
952 5150 1116 5204 fuerit
1137 5151 1462 5205 existimatio
1488 5165 1554 5202 ex
1585 5147 1825 5213 eiusdem

269 5215 743 5286 CoteleriiiNotis,
779 5233 831 5286 p.
871 5218 992 5284 799,
1038 5220 1226 5273 harum
1260 5236 1439 5273 rerum
1483 5218 1710 5286 cupidus
1742 5217 1826 5268 in-

273 5285 500 5357 telliget.
541 5285 589 5357 ls
615 5285 793 5357 autem
825 5287 959 5357 vixit
997 5287 1283 5343 Theodosii
1324 5285 1658 5357 imperatbris
1688 5294 1824 5339 tem-

272 5353 526 5426 poribus,
553 5354 764 5426 Arcadii
794 5363 850 5408 et
881 5356 1122 5420 Honorii,
1149 5353 1473 5426 principum,
1505 5365 1820 5424 praeceptor,

273 5423 600 5495 atqueadeo
620 5423 878 5495 Nostrum
893 5426 1038 5481 hunc
1063 5423 1266 5495 aliquot
1291 5423 1820 5495 saeculis’antevertit.

349 5491 822 5566 (3__|)_Nwmpdpga.
865 5495 962 5550 Hic
988 5491 1166 5566 itaque
1201 5497 1374 5551 Photii
1411 5508 1652 5566 tempore
1682 5494 1822 5546 inter

275 5559 921 5629 Paulicianosﬂeminuit,
955 5575 1029 5629 et,
1076 5559 1225 5620 inore
1264 5568 1345 5619 his
1382 5559 1690 5620 hominibus
1738 5579 1825 5616 re-

271 5640 688 5702 ceptoanomen
718 5649 872 5688 suum
907 5650 1029 5689 cum
1063 5638 1229 5689 altero
1262 5637 1352 5690 illo
1387 5634 1673 5689 Berzelidis
1700 5648 1821 5702 per-

276 5700 525 5773 mutavit.
565 5700 976 5773 Metonomasias
1017 5706 1323 5773 hujusmodi
1366 5705 1609 5772 exempla
1659 5700 1712 5755 in
1759 5703 1822 5754 li-

278 5768 378 5821 bro
408 5785 420 5821 l
457 5769 627 5825 lector
661 5771 919 5829 inveniet.
950 5768 1241 5830 Subinnuit
1280 5792 1408 5830 vero
1449 5768 1539 5829 hic
1564 5774 1816 5833 Photius.

1931 4585 2069 4639 blice
2100 4583 2332 4654 habitos,
2373 4582 2564 4654 litteris
2593 4583 3027 4654 consignaverat,
3051 4584 3144 4635 sed
3179 4582 3482 4654 temporum

1929 4654 2232 4723 calamitate
2274 4652 2690 4723 ipseamiserat.
2721 4651 3034 4723 Eosipsum
3068 4655 3204 4707 velle
3243 4651 3328 4708 res
3367 4657 3481 4723 ipsa

1929 4722 2146 4777 evincit.
2179 4719 2457 4786 Qui’enim
2491 4720 2629 4774 hanc
2661 4719 3006 4788 scriptionem
3038 4736 3158 4774 eum
3189 4719 3481 4789 superiori-

1929 4793 2030 4846 bus
2057 4793 2159 4845 illis
2197 4789 2607 4858 comparaverit,
2638 4789 2898 4859 intelliget
2942 4805 3058 4841 eam
3087 4790 3309 4846 istorum
3337 4810 3453 4846 com

1930 4861 2184 4930 pendium
2220 4861 2430 4920 sistere,
2463 4860 2915 4930 quemadmodum
2946 4866 2998 4910 et
3025 4859 3140 4930 ipsa
3167 4862 3250 4914 illa
3278 4864 3476 4930 capita,

1929 4928 2048 4996 qua:
2079 4930 2258 4983 statim
2303 4937 2692 4982 commemorat
2735 4928 2992 4987 Photius,
3024 4928 3078 4980 in
3118 4931 3234 4982 istis
3267 4928 3478 4984 duobus

1928 5001 2268 5054 sermonibus
2294 5006 2714 5066 pertractantur.
2749 4997 2882 5049 Hinc
2903 4996 3028 5050 inde
3063 5007 3240 5052 tamen
3277 5016 3477 5053 novum

1929 5079 2301 5138 argumentum
2333 5068 2552 5136 reliquis
2580 5068 2815 5138 accedit,
2832 5075 2885 5119 et
2908 5075 2966 5119 ut
2994 5067 3280 5138 plurimum
3314 5069 3477 5121 etiam

1928 5136 2113 5193 eadem
2150 5147 2464 5206 argumenta
2512 5152 2648 5188 nova
2679 5136 2908 5203 quadam
2945 5136 3147 5190 ratione
3183 5148 3479 5190 tractantur

1929 5218 1980 5261 et
2025 5218 2306 5262 ornantur.
2340 5206 2626 5275 Euthymio
2675 5207 2759 5259 hic
2796 5214 3101 5274 postremus
3142 5207 3350 5260 libellus
3395 5209 3476 5261 vel

1926 5279 2172 5346 cognitus
2205 5293 2312 5329 non
2346 5276 2466 5346 fuit.
2496 5275 2574 5328 vel
2610 5276 2727 5328 talis
2761 5275 2990 5346 habitus,
3023 5277 3175 5346 cujus
3205 5277 3477 5344 excerptis

1927 5343 2109 5400 carere
2147 5356 2344 5414 posset.
2391 5345 2573 5412 Neque
2608 5346 2750 5397 enim
2795 5346 2846 5397 in
2893 5343 3143 5411 Panoplia
3180 5346 3332 5412 ejus,
3370 5343 3475 5397 ubi

1929 5426 2036 5470 tres
2084 5419 2290 5484 priores
2343 5415 2507 5467 libelli
2545 5423 2943 5484 iexcerpuntur,
2999 5415 3258 5481 postremi
3313 5415 3477 5484 hujus

1926 5483 2146 5552 vestigia
2186 5486 2476 5538 inveneris.
2530 5483 2828 5544 Czeterum,
2863 5485 3118 5551 quoniam
3163 5484 3355 5535 horum
3409 5483 3475 5536 li-

1927 5557 2187 5609 bellorum
2234 5554 2565 5608 mentionem
2623 5554 3118 5606 commemorationi
3181 5552 3474 5620 Nicephori

1926 5626 2077 5678 istius
2099 5627 2292 5695 jungit,
2312 5639 2441 5695 vero
2467 5622 2642 5676 simile
2669 5622 2744 5689 tit,
2768 5637 2892 5678 cum
2920 5624 3038 5679 istis
3064 5621 3360 5677 scribendis
3385 5637 3471 5675 oc:

1926 5694 2195 5751 Cusionem
2227 5694 2619 5764 suppeditasse.
