4222 6432
719 408 818 474 1⁵19

1847 401 2105 464 ΡΗΟΤΙΙ
2152 396 2424 459 ΡΑΤΒΙΛ
2434 397 2654 458 ΒΟΗΑΞ
2687 400 2791 459 CP.

3860 396 3960 459 180

718 521 881 590 igitur
908 532 1188 572 sermones
1229 516 1366 576 illos,
1415 514 1616 584 scripto
1661 513 2104 581 comprehensos,
2136 508 2281 563 desi-
2310 505 2359 562 A

2310 505 2359 562 A
2388 505 2602 575 γραφὴν
2631 505 3038 575 ἀναληφθέντας
3061 507 3425 578 ὲπεζήτησας,
3459 509 3493 577 ἡ
3519 508 3564 561 δ’
3597 506 3818 576 ἁρπαγὴ
3849 505 3958 556 τῶν

713 611 945 674 dcrasti,
992 611 1180 677 rapina
1209 622 1335 660 vero
1361 606 1650 666 librorum,
1687 604 1849 657 etiam
1891 603 2106 656 illorum
2147 601 2279 653 irrc-

714 701 1005 769 parabilem
1037 701 1301 769 jacturam
1346 699 1555 760 attulit,
1590 713 1767 766 neque
1801 695 1866 748 ad
1899 709 2093 747 manus
2135 707 2281 746 nunc

714 803 795 844 cst
827 795 925 844 ista
957 791 1375 854 commentatio;
1411 790 1505 842 tibi
1539 805 1666 842 vero
1696 789 1820 850 illis,
1851 803 1970 855 qua:
2005 785 2104 839 ista
2147 801 2279 837 con-

720 884 980 943 tinentur,
1013 897 1136 933 cum
1192 879 1421 932 maxime
1449 894 1586 947 opus
1618 889 1734 940 est;
1770 878 1909 930 scias
1953 892 2015 929 ea
2061 881 2240 928 omnia
2264 915 2276 934 ,

715 991 834 1041 qua:
865 989 929 1025 ex
957 973 1279 1041 evangelicis
1305 981 1360 1024 et
1401 971 1710 1040 apostolicis
1751 969 1988 1023 oraculis
2037 970 2278 1036 germina

718 1060 840 1111 novi
889 1059 1030 1112 illius
1095 1058 1517 1112 Manichamrum
1569 1058 1769 1110 surculi
1823 1073 1946 1112 cum
2007 1057 2282 1112 radicibus

716 1151 950 1203 cvelluut
979 1154 994 1215 (
1025 1167 1146 1203 nam
1179 1152 1264 1203 illa
1301 1167 1430 1204 sane
1459 1167 1564 1219 pne
1586 1151 1798 1204 ca'teris
1818 1151 2072 1205 omnibus
2105 1151 2280 1205 inevi-

720 1245 957 1306 tabilem,
981 1261 1083 1311 qua
1107 1245 1516 1303 exscindantur,
1547 1243 1736 1296 falcem
1775 1242 2119 1309 immittunt),
2147 1244 2278 1305 haec,

721 1349 776 1387 ut
800 1337 1106 1388 summatim
1140 1337 1334 1400 dicam,
1368 1337 1643 1401 evincere,
1668 1337 1810 1405 quod
1835 1335 2003 1405 gratia
2037 1334 2283 1388 Mosaicae

717 1426 783 1477 de
809 1435 991 1478 creato
1021 1425 1220 1479 mundo
1245 1427 1539 1480 narrationi
1572 1437 1853 1489 consonet,
1882 1443 1981 1479 nec
2013 1426 2190 1478 minus
2219 1440 2281 1478 ea

717 1517 895 1568 onuiia
916 1559 929 1578 ,
956 1517 1153 1584 quibus
1193 1533 1339 1570 nunc
1368 1519 1506 1570 ratio
1533 1529 1584 1570 et
1616 1518 1858 1571 instituta
1894 1517 2060 1570 Deum
2093 1532 2284 1586 cogno-

719 1608 901 1659 scendi
924 1609 1274 1661 continentur
1299 1618 1352 1662 et
1378 1609 1684 1677 diriguntur
1721 1626 1734 1661 :
1770 1610 1877 1661 imo
1905 1620 1960 1662 et
1983 1609 2123 1676 quod
2144 1609 2282 1661 idem

719 1716 1034 1768 corpoream
1068 1711 1122 1754 et
1155 1701 1414 1753 visibilem
1447 1710 1750 1753 ereaturam
1787 1717 1854 1754 ex
1887 1717 1993 1754 non
2018 1702 2286 1753 exsisten-

721 1792 862 1843 tihus
898 1793 1062 1845 verbo
1094 1792 1380 1856 creaverit,
1412 1795 1502 1862 qui
1536 1793 1926 1863 intelligibilem
1963 1802 2015 1846 ct
2042 1791 2286 1844 invisibi—

2393 594 2612 661 βιὸλίων
2655 595 2766 664 (85)
2808 597 3080 656 κάκείνοις
3128 598 3413 668 ὑπερόριον
3462 597 3665 666 ζημίαν
3700 595 3959 655 ἐπέϐαλε,

2390 685 2484 735 καὶ
2524 684 2584 734 οῦ
2636 685 2868 752 πάρεστι
2913 685 2973 736 τὸ
3011 685 3440 754 συνταγμάτιονο
3475 683 3581 735 τῶν
3624 683 3680 734 δὲ
3713 684 3771 734 ἐν
3805 678 3958 746 αῦτῷ

2389 775 2880 844 κατατεταγμένων
2905 777 3290 846 προηγουμένη
3322 791 3379 826 σε
3408 774 3561 844 χρεία
3591 773 3827 840 κατέχειο
3855 771 3958 821 ὅσα

2387 867 2474 918 διὰ
2507 867 2614 919 τῶν
2643 867 3012 932 εῦαγγελικῶν
3044 867 3137 918 καὶ
3166 865 3538 918 άποστολικῶν
3570 863 3828 932 ῥημάτων
3859 861 3960 929 τῆς

2388 961 2730 1029 ἈΙανιχαὶκῆς
2770 961 3084 1022 ἀποσπάδος
3121 960 3417 1029 πρόρριζον
3453 959 3554 1027 τὴν
3592 957 3825 1026 βλάστην
3865 958 3959 1006 ὲκ-

2387 1052 2571 1118 τέμνει
2627 1051 2645 1120 (
2674 1051 2768 1104 καὶ
2806 1050 2914 1119 γάρ
2939 1049 3222 1103 καὶταῦτα
3252 1048 3374 1101 κατ’
3403 1048 3583 1101 αὐτῶν
3608 1050 3722 1100 ἐστι
3755 1046 3960 1114 μᾶλλον

2385 1144 2496 1197 τῶν
2529 1143 2706 1197 ἄλλων
2735 1143 2974 1212 ἄφυκτον
3005 1142 3064 1195 τὸ
3090 1143 3187 1210 τῆς
3226 1139 3464 1210 ὲκτομῆς
3497 1139 3796 1207 ὲπαφιέντα
3841 1136 3962 1206 δρέ-

2389 1239 2602 1300 πανον),
2659 1236 2804 1295 τάδε,
2839 1236 2914 1298 ὡς
2954 1236 3013 1286 ὲν
3053 1233 3332 1302 κεφαλαίῳ
3367 1234 3568 1300 φάναι,
3596 1230 3958 1290 ἐπιδείκνυσι,

2388 1327 2462 1390 ὡς
2491 1330 2523 1397 ἡ
2552 1330 2708 1397 χάρις
2734 1329 2801 1396 τῇ
2835 1327 3101 1394 Μωσαῖκῇ
3137 1325 3497 1394 κοσμογενεία
3522 1321 3958 1391 συμφθέγγεται,

2391 1419 2484 1473 καὶ
2519 1420 2663 1480 ὅσοις
2691 1418 2870 1480 ἄλλοις
2901 1418 3024 1488 ἄρτι
3058 1415 3300 1469 πολιτεία
3333 1417 3464 1469 θεὸν
3493 1414 3784 1482 γινώσκειν
3822 1412 3962 1466 καθ-

2393 1512 2654 1579 ισταμένη
2700 1509 3125 1578 παιδαγωγείται
3167 1509 3262 1562 καὶ
3308 1509 3712 1562 κατευθύνεται.
3746 1507 3852 1558 Ναὶ
3893 1505 3960 1574 δὴ

2392 1604 2486 1655 καὶ
2522 1604 2601 1654 ὅτι
2649 1603 2747 1671 τὴν
2797 1601 3115 1673 σωματικὴν
3163 1605 3256 1655 καὶ
3295 1603 3494 1670 όρατὴν
3534 1601 3709 1653 κτίσιν
3753 1599 3963 1660 ἐκεῖνός

2393 1695 2538 1744 ἔστιν
2567 1695 2594 1744 ὁ
2620 1693 2682 1744 ὲκ
2715 1693 2789 1762 μὴ
2813 1692 2980 1745 ὅντων
3009 1692 3151 1761 λόγῳ
3174 1692 3638 1762 ὑποστησάμενος,
3658 1690 3714 1754 ὃς
3739 1692 3828 1742 καὶ
3859 1691 3962 1758 τὴν

2395 1785 2586 1852 νοεράν
2614 1801 2671 1835 τε
2719 1784 2811 1835 καὶ
2839 1785 3070 1851 ἀόρατον
3101 1784 3468 1852 παραπλησίῳ
3511 1783 3697 1849 σοφίας
3743 1781 3962 1850 πλούτῳ

721 1883 821 1934 lem
863 1900 961 1950 pro
992 1883 1153 1935 simili
1189 1861 1469 1953 sapientia:
1513 1885 1666 1954 copia
1695 1861 1969 1953 produxit.
2015 1882 2282 1938 Praeterea
2324 1861 2362 1914 Β

2324 1861 2362 1914 Β
2391 1879 2732 1946 παρήγαγεν.
2780 1875 2916 1928 Ἀλλ’
2955 1875 3034 1928 ὅτι
3075 1875 3256 1927 καὶτὸ
3292 1873 3628 1944 ἀνθρώπινον
3668 1874 3822 1942 σῶμα
3857 1873 3960 1940 τῆς

723 1987 866 2035 vero,
901 1974 1042 2042 quod
1084 1989 1280 2042 corpus
1336 1974 1632 2026 humanum
1681 1989 1833 2042 reque
1860 1990 1924 2027 ac
1997 1974 2176 2027 anima
2219 1974 2287 2027 ab

717 2066 904 2118 eadem
952 2064 1287 2134 providentia
1347 2063 1586 2118 beneﬁca
1634 2073 1690 2118 et
1733 2064 2010 2118 hominum
2069 2074 2285 2119 amante

717 2155 1017 2226 profectum
1045 2155 1146 2218 sit;
1182 2155 1432 2223 quodque
1477 2155 1701 2223 insuper
1736 2154 1849 2218 illi,
1890 2155 1980 2222 qui
2038 2155 2089 2207 in
2114 2155 2282 2208 veteri

717 2247 1020 2301 wconomia
1052 2246 1439 2310 inclaruerunt,
1467 2246 1634 2299 Deum
1665 2261 1850 2300 verum
1879 2257 1934 2300 et
1957 2247 2158 2301 bonum
2189 2261 2284 2300 co-

721 2342 958 2403 luerunt,
992 2347 1047 2392 et
1075 2338 1292 2390 malitiae
1324 2353 1381 2390 se
1412 2345 1803 2407 apposuerunt.
1836 2340 2009 2407 Atque
2038 2339 2138 2391 ista
2159 2339 2282 2407 qui-

718 2431 862 2493 dem,
877 2431 1054 2498 quoad
1072 2446 1166 2499 per
1177 2430 1317 2482 vires
1331 2429 1563 2492 licuerit,
1578 2429 1969 2499 diﬂicultasque
1983 2441 2282 2498 temporum

722 2523 1049 2592 permiserit,
1078 2523 1518 2576 commentationi
1551 2533 1749 2578 nostra:
1773 2523 2128 2587 destinantes,
2159 2523 2282 2591 qui-

721 2619 822 2670 bus
857 2615 984 2685 ipsis
1015 2616 1200 2678 etiam,
1231 2624 1382 2684 puto,
1415 2614 1742 2670 desiderium
1778 2625 1926 2669 tuum
1960 2616 2279 2678 absolvitur,

716 2707 984 2762 sanctitati
1011 2717 1114 2761 tua:
1137 2723 1280 2762 nunc
1307 2707 1592 2760 mittimus.
1629 2706 1781 2773 Quod
1809 2710 1854 2761 si
1885 2719 2097 2778 sperata
2130 2709 2282 2762 inve-

719 2802 885 2865 neris,
925 2801 976 2854 id
1007 2801 1226 2870 quidem
1272 2801 1524 2870 precibus
1569 2801 1675 2854 tuis
1719 2810 1772 2854 et
1802 2802 2034 2856 orationi
2081 2804 2134 2855 in
2180 2803 2283 2857 lide

720 2894 874 2945 facta:
902 2892 1244 2946 tribuendum
1299 2892 1481 2946 fuerit.
1529 2892 1586 2946 Si
1627 2908 1755 2946 vero
1803 2893 2108 2954 inveneris.
2139 2896 2283 2963 quod

721 2999 830 3036 non
884 2993 1276 3052 exspectasses,
1325 2984 1375 3036 id
1417 2993 1692 3053 perpetua:
1741 2985 2130 3045 invaletuilini,
2177 3001 2281 3054 qua

718 3091 842 3128 cum
873 3075 1251 3143 corpusculum
1288 3090 1468 3128 meum
1501 3075 1861 3142 conflictatur,
1894 3087 1947 3130 et
1981 3087 2280 3146 temporum

2390 1971 2559 2038 αὐτῆς
2595 1971 2710 2020 ἐστι
2743 1966 3127 2037 φιλανθρώπου
3171 1968 3265 2020 καὶ
3300 1963 3645 2034 άγαθουργοῦ
3676 1964 3958 2034 προνοίας,

2387 2061 2576 2130 ὥσπερ
2616 2061 2709 2113 καὶ
2746 2061 2778 2130 ἡ
2824 2059 2970 2128 ψυχὴ
3012 2058 3414 2127 φιλοτέχνημα,
3447 2061 3536 2110 καὶ
3564 2059 3638 2120 ὠς
3665 2059 3710 2110 οί
3755 2060 3819 2126 τῇ
3867 2073 3959 2109 νο·

2389 2155 2524 2222 μικῇ
2574 2151 2818 2221 πολιτείᾳ
2845 2150 3240 2219 διαπρέψαντες
3265 2150 3398 2202 Θεόν
3419 2166 3476 2201 τε
3511 2151 3600 2201 τὸν
3644 2149 3818 2221 ἀληθῆ
3861 2151 3959 2202 καὶ

2385 2249 2446 2314 ἀγ
2460 2247 2585 2300 αθὸν
2613 2245 2964 2314 ἐθεράπευον,
2987 2244 3082 2298 καὶ
3109 2244 3247 2296 κατά
3270 2242 3368 2310 τῆς
3396 2243 3660 2312 πονηρίας
3688 2243 3961 2312 παρετάτο

2385 2354 2557 2391 τοντο.
2590 2336 2776 2391 Ταῦτα
2803 2337 2892 2406 δὴ,
2918 2336 3115 2401 ταῦτα,
3142 2336 3370 2388 καθόσον
3400 2328 3513 2386 οἷόν
3533 2334 3591 2386 τέ
3623 2336 3772 2386 ζεστιν
3796 2335 3956 2403 ἡμῖν,

2386 2432 2478 2483 καὶ
2499 2431 2531 2499 ἡ
2552 2428 2644 2481 τοῦ
2667 2427 2862 2497 καιροῦ
2881 2429 3152 2497 συγχωρεῖ
3169 2426 3428 2496 βαρύτης,
3449 2423 3956 2488 καθυποὸάλλοντες

2387 2523 2598 2574 ικδόσει
2629 2521 2709 2591 (ἐν
2738 2520 2948 2582 τοῦτοις
2971 2520 3100 2589 γὰρ,
3121 2515 3294 2588 οἶμαι,
3317 2519 3712 2589 περιγράφεταί
3745 2535 3838 2571 σου
3861 2520 3959 2571 καὶ

2385 2614 2444 2666 τὸ
2469 2613 2717 2683 αἴτημα),
2741 2615 2808 2682 τῇ
2834 2614 2898 2682 σῇ
2923 2611 3338 2680 διεπεμψάμεθα
3363 2611 3620 2678 ὁσιότητι.
3655 2611 3762 2663 Καὶ
3782 2611 3830 2662 εί
3857 2611 3958 2680 μὲν

2385 2705 2590 2773 εῦροις,
2609 2706 2682 2767 ὡς
2700 2705 2956 2773 ἤλπισας,
2971 2703 3070 2772 τῆς
3093 2702 3191 2770 σῆς
3215 2705 3279 2755 ἂν
3293 2702 3454 2770 εὐχῆς
3467 2703 3574 2772 εἱή,
3597 2702 3686 2754 καὶ
3698 2702 3794 2771 τῆς
3813 2703 3957 2756 κατὰ

2383 2799 2482 2867 τὴν
2513 2797 2695 2849 πίστιν
2727 2797 2998 2866 αἰτήσεως
3040 2797 3074 2866 η
3104 2795 3372 2864 ἐνέργεια.
3421 2797 3483 2848 Εἰ
3515 2796 3569 2849 δὲ
3597 2797 3695 2858 τάς
3732 2795 3958 2858 ὲλπίδας

2385 2890 2664 2958 ὲκνικήσει
2699 2888 2760 2941 τὸ
2790 2887 3072 2957 ἀδόκητον,
3113 2886 3272 2940 τοῦτο
3318 2887 3384 2956 δὴ
3429 2891 3556 2950 ταῖς
3585 2905 3642 2940 τε
3676 2891 3958 2956 συνεχέσιν

2385 2980 2742 3052 ἀρρωστίαις,
2775 2975 2861 3043 αἷς
2893 2981 2954 3032 οὑ
2988 2981 3143 3049 λήγει
3182 2979 3546 3051 παρενοχλοῦν
3577 2981 3732 3048 ἡμῶν
3762 2981 3823 3032 τὸ
3854 2997 3959 3032 σω-

2393 3075 2603 3143 μάτιον,
2637 3076 2731 3126 καὶ
2764 3076 2828 3142 τῇ
2864 3071 2958 3126 τοῦ
2999 3073 3187 3143 καιροῦ
3224 3073 3435 3140 λογίζου
3467 3072 3817 3142 χαλεπότητι.
3859 3075 3957 3126 Ἀν

719 3166 1338 3235 difficultati'acceptum
1395 3166 1555 3220 feres.
1596 3167 1648 3220 Si
1685 3168 1903 3236 quando
1944 3167 2172 3222 fortasse
2198 3170 2282 3222 di-
2311 3187 2352 3244 ρ

2311 3187 2352 3244 c
2387 3167 2582 3235 δήποτε
2630 3166 2728 3234 τῆς
2784 3163 2931 3227 Θείας
2974 3165 3280 3232 ἐπισκοπῆς
3338 3163 3664 3234 παρορώσης
3720 3165 3820 3234 μὲν
3873 3160 3956 3226 οἷς

721 3257 845 3309 vina
898 3256 1233 3324 providentia
1291 3257 1358 3310 ad
1408 3270 1629 3326 peccata
1698 3267 1884 3312 nostra
1952 3260 2281 3324 conniveat,

724 3347 991 3413 rebusque
1034 3346 1237 3400 nostris
1273 3346 1562 3416 benignius
1584 3349 1850 3412 consulat,
1898 3349 2284 3418 hominumque

723 3436 856 3489 iram
899 3452 1004 3489 non
1052 3438 1396 3504 promeritam
1438 3437 1490 3490 in
1541 3438 2012 3491 mansuetudinem
2059 3455 2283 3492 conver-

724 3535 821 3591 tat,
865 3536 1026 3594 atque
1077 3526 1153 3580 sic
1200 3525 1272 3589 id,
1315 3525 1455 3594 quod
1503 3526 1660 3580 initio
1712 3529 1940 3596 petiisti,
1981 3530 2045 3581 ad
2095 3545 2287 3584 manus

724 3629 845 3674 tuas
881 3618 1188 3688 perveniat;
1246 3634 1354 3671 non
1407 3618 1711 3683 miraberis,
1767 3620 1866 3674 ista
1921 3622 2188 3690 relegens,
2241 3623 2285 3675 si

723 3710 978 3779 pleraque
1007 3725 1217 3771 eorum,
1253 3725 1370 3777 qu:e
1398 3709 1466 3763 ibi
1496 3719 1730 3772 exstant,
1777 3711 1864 3766 hic
1895 3715 2285 3782 comprehensa

727 3803 1019 3858 inveneris.
1055 3801 1158 3855 Sed
1190 3817 1289 3855 nec
1318 3802 1599 3857 miraberis
1650 3804 1912 3868 vicissim,
1954 3806 1998 3860 si
2045 3807 2130 3858 illa
2178 3824 2285 3862 non

724 3895 922 3948 adsint.
954 3893 1085 3945 Nam
1112 3893 1308 3946 oblivio
1341 3909 1485 3962 sape
1517 3895 1568 3946 in
1605 3909 1666 3947 ea
1706 3896 2040 3962 dominatur,
2079 3916 2198 3966 qua:
2234 3909 2288 3952 et

724 3985 1013 4054 praestabat
1036 3993 1089 4037 et
1111 4000 1332 4038 necesse
1369 3995 1484 4039 erat
1524 3985 1682 4047 scire,
1730 3987 1781 4040 in
1811 3989 1999 4056 primis
2033 3990 2122 4042 ubi
2157 4007 2287 4043 con-

723 4077 926 4129 ﬂictum
965 4092 1086 4128 cum
1117 4077 1276 4129 rebus
1315 4077 1671 4144 prasentihus
1713 4076 1893 4131 infert.
1944 4079 2113 4134 Simul
2162 4098 2289 4136 vero

723 4179 826 4218 nec
871 4165 1037 4224 illud,
1087 4165 1267 4230 velim,
1319 4168 1731 4234 praetermittas;
1789 4171 1932 4238 quod
1978 4188 2084 4224 non
2130 4175 2288 4228 aliam

723 4271 1029 4324 novamque
1083 4259 1594 4312 commentationem
1674 4260 1728 4313 in
1795 4262 2030 4316 medium
2093 4266 2289 4322 aﬂerre

723 4346 1079 4401 constitutum
1125 4347 1216 4412 sit,
1249 4349 1342 4403 sed
1378 4359 1585 4404 tantum
1632 4351 1686 4405 in
1728 4353 1829 4408 hac
1879 4369 2058 4410 rerum
2112 4359 2287 4428 inopia

725 4437 927 4506 aliquid
989 4437 1042 4492 in
1083 4439 1335 4493 solatium
1370 4441 1597 4510 jactura:
1629 4444 1827 4513 prioris
1882 4455 1937 4501 et
1994 4450 2285 4506 oblivionis

726 4529 990 4583 medelam
1031 4531 1186 4585 nobis
1235 4541 1286 4586 et
1335 4534 1522 4588 amicis
1579 4537 1681 4591 hoc
1729 4539 2100 4611 qualecunque
2157 4561 2283 4615 sug-
2311 4517 2363 4577 D

725 4637 931 4689 gerere.

795 4711 861 4765 ll.
896 4712 1109 4766 Initium
1135 4715 1270 4768 aciei
1303 4726 1533 4782 nostra»,
1590 4731 1778 4776 contra
1825 4725 2164 4781 adversarios
2204 4730 2290 4782 in-

723 4801 1016 4863 struendar,
1051 4803 1162 4870 ipsa
1195 4804 1405 4858 Domini
1429 4823 1590 4876 opera
1626 4821 1679 4865 et
1721 4815 1881 4867 verba
1923 4827 2068 4871 sunt.
2105 4818 2290 4888 Neque

723 4893 872 4945 enim
904 4908 1006 4945 nos
1031 4893 1248 4948 aliunde
1277 4912 1564 4963 possumus
1585 4917 1824 4971 pugnare
1853 4905 2079 4971 felicius,
2115 4925 2290 4978 neque

724 4982 970 5037 hostibus
1018 4984 1342 5054 quidquam,
1393 5004 1551 5057 quam
1597 4991 1724 5045 inde
1769 5009 1869 5048 nos
1938 5011 2282 5067 oppugnare,

725 5074 894 5145 magis
941 5075 1161 5130 obvium
1200 5086 1301 5143 est,
1345 5095 1521 5150 neque
1561 5081 1751 5136 iisdem
1802 5086 1906 5139 ulla
1953 5088 2076 5152 alia,
2122 5106 2280 5158 quam

2383 3259 2794 3328 ἁμαρτάνομεν,
2832 3258 3222 3327 εὐμενέστερον
3245 3257 3301 3309 δὲ
3324 3257 3700 3326 διατιθεμένης
3726 3261 3794 3311 τά
3819 3259 3959 3327 ἡμέε-

2385 3365 2540 3418 τερα,
2583 3349 2675 3400 καὶ
2714 3348 2811 3416 τὴν
2846 3347 3190 3417 ἀνθρωπίνην
3217 3348 3310 3400 καὶ
3349 3347 3587 3400 ἀναίτιον
3631 3347 3798 3417 ὀργὴν
3839 3349 3957 3400 δια-

2385 3439 2618 3506 λυούσης
2646 3439 2725 3500 εἰς
2757 3440 3062 3507 πραότητα,
3099 3439 3160 3490 τὸ
3201 3438 3322 3490 κατ’
3367 3439 3542 3509 ἀρχὰς
3569 3439 3810 3508 ῖαίτηθὲν
3840 3440 3953 3508 (83)

2385 3533 2503 3592 ταῖς
2534 3532 2654 3592 σαῖς
2681 3529 2838 3599 χερσὶ
2871 3529 3269 3599 περιενεχθείη,
3308 3531 3472 3599 μηδὲν
3505 3531 3792 3600 θαυμάσῃς
3817 3531 3954 3584 ἀνα-

2388 3623 2695 3692 λεγόμενος,
2729 3625 2776 3676 εί
2813 3623 2925 3689 (85)
2956 3625 3023 3675 τά
3049 3622 3220 3675 πλείω
3247 3623 3356 3675 τῶν
3389 3625 3446 3675 ἐν
3481 3624 3629 3693 αὐτῷ
3672 3624 3954 3677 κάνταῦθα

2389 3713 2882 3783 συμπεριείληπται
2909 3755 2924 3777 ,
2952 3712 3089 3765 ἀλλά
3119 3712 3426 3766 τούναντίον
3469 3715 3516 3766 εί
3563 3715 3638 3783 μὴ
3673 3717 3952 3783 παρεῖται.

2390 3806 2541 3874 Λήθη
2589 3805 2697 3873 γάρ
2746 3803 3005 3867 πολλάκις
3056 3805 3149 3857 καὶ
3199 3805 3306 3857 τῶν
3357 3807 3581 3874 ἄμεινον
3628 3805 3825 3858 εἰδέναι
3863 3809 3956 3859 καὶ

2388 3899 2496 3949 τῶν
2529 3897 2842 3964 ἀναγκαίων
2882 3897 3246 3966 ἐπεκράτησε,
3285 3896 3517 3964 μάλιστά
3544 3913 3605 3964 γε
3632 3899 3956 3967 συμμαχίαν

2388 3989 2487 4059 τὴν
2513 3989 2574 4040 ἐκ
2599 3989 2707 4040 τῶν
2746 3987 3029 4056 παρόντων
3056 3989 3103 4039 εί
3128 3989 3504 4055 συνεπάγοιτο.
3548 3990 3699 4056 Ἀμα
3727 3990 3782 4041 δὲ
3819 3991 3954 4058 μηδὲ

2390 4082 2563 4132 ἐκεῖνο
2595 4079 2736 4132 δίδου
2775 4080 3045 4149 παρορᾲν,
3077 4079 3158 4131 ὃτι
3196 4081 3269 4146 μὴ
3312 4081 3571 4150 προάγειν
3601 4079 3768 4148 ἄλλην
3809 4099 3954 4152 πρα-

2389 4171 2677 4241 γματείαν,
2725 4169 2869 4232 ἀλλ’,
2908 4169 2981 4232 ὡς
3031 4171 3090 4221 ὲν
3121 4170 3380 4241 ἀπόροις,
3417 4171 3514 4242 τῆς
3550 4173 3954 4242 ἐστερουμένης

2391 4262 2737 4334 παραμύθιον
2767 4260 2863 4312 καὶ
2890 4258 3059 4332 λήθης
3089 4261 3378 4333 φάρμακον
3407 4264 3619 4329 ἑαυτοῖς
3654 4267 3747 4319 καὶ
3781 4265 3953 4334 φίλοις

2391 4353 2821 4421 ἁντεισάγοντες.

2459 4724 2532 4776 ις’.
2585 4723 2751 4795 Ἀρχὴ
2778 4725 2835 4778 δὲ
2865 4726 2997 4795 ἡμῖν
3023 4724 3124 4793 τῆς
3166 4724 3307 4777 κατά
3343 4723 3452 4778 τῶν
3500 4723 3812 4777 ἀντιπάλων
3843 4743 3952 4779 πα-

2389 4815 2683 4886 ρατάξεως,
2699 4816 2840 4870 αῦτά
2858 4817 2924 4867 τὰ
2949 4815 3252 4867 Δεσποτικά
3278 4815 3414 4882 ἔργα
3437 4816 3526 4867 καὶ
3549 4817 3788 4884 ῥήματα.
3812 4815 3952 4868 Οῦτε

2389 4907 2496 4977 γάρ
2527 4909 2658 4976 ημῖν
2711 4905 3004 4975 ἀλλαχόθεν
3060 4903 3481 4973 στρατηγεῖσθαι
3537 4904 3768 4972 βέλτιον,
3825 4906 3952 4959 οὔτε

2387 4997 2498 5057 τοῖς
2533 4994 2812 5063 πολεμίοις
2838 4992 3050 5063 βάλλειν
3075 4993 3493 5062 εῦστοχώτερον,
3523 4994 3640 5046 ἀλλ’
3662 4994 3784 5047 οὐδὲ
3812 4995 3954 5047 ἐκεί-

2387 5108 2510 5153 νους
2545 5088 2765 5140 πίπτειν
2795 5085 3166 5157 φοϐερώτερον
3195 5087 3228 5157 ἢ
3259 5087 3604 5158 ἀθλιώτερον.
3648 5089 3791 5158 Ὅρα
3820 5088 3954 5157 γοῦν

1789 5258 2022 5318 VARIAS
2055 5263 2432 5320 LECTIONES
2459 5267 2545 5322 ET
2568 5266 2772 5324 NOTAE
2784 5307 2798 5322 .

790 5421 905 5490 (83)
943 5419 1205 5488 ’Δρπαγὴ
1245 5421 1363 5474 τῶν
1397 5423 1666 5484 βιϐλίων.
1703 5423 1928 5488 Quando
1966 5425 2052 5478 illa
2084 5425 2276 5480 Photio

723 5490 1002 5564 acciderit,
1052 5490 1341 5564 difﬁculter
1376 5491 1539 5564 _forte
1586 5495 1895 5564 conjectura
1958 5497 2287 5564 assequaris.

724 5560 951 5631 Constat
973 5561 1193 5629 quidem
1235 5559 1485 5615 Photium
1515 5562 1642 5615 sede
1688 5559 1792 5616 sua
1835 5559 2179 5631 patriarch'ali
2207 5566 2289 5620 bis

725 5630 938 5701 pulsum
965 5645 1104 5701 esse,
1133 5645 1232 5684 ceu
1262 5631 1545 5701 diligenter
1569 5634 1792 5700 exponit
1820 5630 2080 5687 Martinus
2108 5633 2287 5689 lianc-

726 5700 868 5772 kius,
904 5699 977 5772 D_e
1009 5699 1421 5772 Byzantinarum
1454 5717 1623 5772 rerum
1642 5699 2000 5768 ’Scriptoribus
2030 5745 2041 5765 ,
2075 5715 2209 5772 part.
2247 5723 2284 5769 ι,

727 5789 776 5822 c.
802 5771 884 5822 l8.
917 5770 1051 5822 Cum
1080 5771 1331 5823 alterutra
1359 5770 1456 5823 hac
1483 5771 1785 5825 calamitate
1822 5770 2282 5840 Iibrorunijactu-

730 5855 844 5895 ram
875 5841 1218 5908 coniunctam
1251 5840 1415 5897 fuisse
1439 5841 1798 5907 crediderim,
1822 5853 1874 5896 et
1905 5841 2128 5898 fortasse
2160 5860 2280 5898 cum

2383 5427 2699 5493 posteriore,
2733 5427 2787 5480 in
2813 5442 2938 5496 qua,
2973 5441 3251 5494 nunquam
3282 5426 3526 5496 pristinae
3559 5427 3689 5480 sorti
3722 5427 3950 5480 restitu-

2389 5505 2494 5576 tus,
2525 5497 2680 5576 obii_t_,
2715 5497 2777 5576 in
2803 5498 3031 5576 quadam
3061 5497 3195 5576 urbe
3227 5496 3632 5576 Armeniorum,
3663 5511 3824 5576 quam
3859 5512 3947 5550 re-

2386 5566 2600 5637 gionem
2633 5564 2953 5637 Paulicianis
2981 5567 3296 5637 abundasse
3322 5566 3462 5619 liber
3487 5580 3502 5616 ι
3532 5564 3708 5637 docet.

2457 5635 2565 5704 (84)
2602 5637 2866 5698 Αἱτηθέν.
2899 5634 3134 5689 Petierat
3181 5635 3391 5690 scilicet
3417 5634 3682 5688 Arsenius
3707 5634 3946 5704 priorem

2385 5706 2526 5759 illam
2567 5704 2748 5757 Photii
2797 5705 3334 5768 commentationem,
3363 5704 3577 5760 duobus
3609 5704 3760 5760 libris
3793 5719 3946 5760 cont-

2383 5777 2724 5843 prehensam.

2454 5844 2564 5904 (85)
2596 5843 2687 5898 El.
2721 5844 2798 5899 lla
2823 5843 3016 5912 scripsi
3047 5859 3143 5912 pro
3167 5845 3264 5908 εἰς.
