4222 6432
244 418 341 483 181

1224 427 1518 487 CONTRA
1559 425 2011 488 MANICH/EOS
2050 428 2275 487 LIBER
2318 429 2411 487 IV.

3376 418 3475 483 182

240 532 390 591 ὅπως
419 530 475 593 ἐξ
505 528 676 597 αὐτῆς
704 532 981 601 συμϐολῆς
1019 532 1047 584 ὁ
1080 524 1331 601 βασιλεὺς
1366 534 1476 587 τῶν
1506 536 1665 599 δλων,
1719 534 1813 585 καὶ
1842 539 1887 595 Α
1919 538 1950 589 li

1847 539 1887 595 Α
1919 537 2047 589 hinc
2102 546 2318 605 accepta
2372 534 2572 598 clades,
2622 532 2921 587 luctuosior
2970 539 3061 584 aut
3113 529 3323 599 gravior
3356 544 3476 584 esse

242 622 434 689 ἓωτὴρ
468 621 620 688 ἡμῶν
649 623 741 673 καὶ
773 624 1074 693 στρατηγὸς
1101 625 1191 675 τὸν
1217 625 1431 694 χάρακα
1464 625 1572 676 τῶν
1599 624 1810 693 ἐχθρῶν

239 712 301 773 ἐξ
335 711 515 762 αὐτῶν
549 712 830 780 κρηπίδων
869 715 1111 782 ἀνασπᾷι
1146 716 1239 766 καὶ⁸
1280 716 1685 783 καταστρέφει,
1719 715 1813 765 καὶ

241 804 435 871 συγχεῖ
468 803 531 853 τὸ
558 804 817 871 φρόνημα
838 844 853 867 ,
896 805 991 857 καὶ
1018 804 1361 867 διασκεδάζει
1387 806 1448 857 τὸ
1472 806 1671 871 θράσος
1706 805 1813 856 τῶν

236 895 586 946 ἀποστατῶν.
615 893 679 945 Τί
707 894 979 963 βουλεύων
1000 898 1095 947 καὶ
1126 897 1250 949 τίνα
1283 897 1481 965 τέχνην
1506 896 1690 959 κινῶν,
1718 897 1813 947 οὐ·

237 984 327 1035 δὲν
364 986 841 1054 μεμηχανημένον,
888 986 1009 1039 οὐδὲ
1046 986 1115 1039 δι’
1154 986 1379 1055 ἀγώνων
1413 987 1501 1039 καὶ
1550 988 1812 1055 καμάτων

240 1075 454 1141 προῖδν,
486 1074 599 1127 ἀλλ’
621 1074 739 1143 ἃμα
761 1092 820 1128 τε
848 1075 1031 1146 φωνὴν
1059 1078 1251 1145 ἀφίησι
1285 1077 1443 1146 μόνον
1465 1116 1480 1139 ,
1509 1078 1603 1130 καὶ
1636 1076 1811 1129 πάντα

240 1164 312 1216 τὰ
347 1165 459 1216 τῶν
488 1166 760 1235 πολεμίων
792 1167 1105 1235 ἠφάνισται.
1135 1166 1309 1221 Πᾶσα
1346 1168 1455 1235 γὰρ
1476 1207 1489 1232 ,
1513 1168 1665 1236 φησὶ,
1694 1168 1812 1230 ,ϐα-

241 1258 447 1309 σιλεία
489 1257 841 1325 μερισθεῖσα
891 1258 1018 1311 καθ’
1070 1258 1291 1327 ἑαυτῆς
1324 1259 1661 1327 ἐρημοῦται,
1712 1260 1809 1311 καὶ

242 1345 415 1400 πᾶσα
460 1348 637 1413 πόλις
681 1347 719 1414 ἢ
759 1350 916 1401 οἰκία
943 1348 1296 1416 μερισθεῖσα
1323 1349 1453 1403 καθ’
1495 1349 1713 1416 ἑαυτῆς
1741 1352 1811 1403 οὐ

241 1437 630 1504 σταθήσεται.
683 1440 845 1509 Ὁρᾷς
868 1481 882 1504 ,
916 1440 1063 1502 ὅπως
1086 1441 1115 1491 δ
1143 1441 1377 1509 φθόγγος
1413 1442 1623 1510 ἠχήσας
1655 1443 1813 1510 μόνον

241 1528 346 1593 τῆς
401 1529 697 1594 σάλπιγγος
734 1529 833 1597 τῆς
879 1529 1198 1597 βασιλικῆς,
1242 1530 1302 1581 τὸ
1352 1532 1659 1599 χαράκωμα
1706 1529 1813 1580 τῶν

246 1618 462 1686 ἐχθρῶν
504 1618 780 1688 διέφθειρέ
818 1636 876 1672 τε
910 1622 1006 1673 καὶ
1044 1621 1383 1690 ὲξερήμωσε.
1432 1622 1540 1673 Καὶ
1584 1620 1637 1673 τί
1675 1620 1814 1686 λέγω

246 1710 595 1779 χαράκωμα;
627 1710 763 1763 άλλά
792 1711 884 1764 καὶ
911 1712 1012 1782 τὴν
1044 1710 1218 1773 πόλιν,
1269 1712 1364 1763 καὶ
1389 1711 1521 1763 αὐτὸ
1548 1712 1646 1778 τῆς
1678 1713 1814 1764 ἀπο-

245 1801 510 1865 στασίας·,
541 1802 678 1870 ὅπερ
714 1804 834 1864 ταῖς
880 1802 1059 1853 αὐτῶν
1084 1802 1544 1863 δυσσεϐεστάταις
1581 1802 1678 1854 καὶ
1716 1819 1812 1853 πε-

243 1891 619 1959 πλανημέναις
656 1892 921 1953 ἐπινοίαις
949 1892 1320 1945 ἁνεπλάσαντό
1348 1910 1406 1944 τε
1447 1894 1541 1945 καὶ
1569 1893 1815 1961 ὠχύρουν

246 1984 539 2050 βασίλειον.
584 1982 646 2035 Et
688 1985 795 2053 γὰρ
842 1984 1088 2052 βασιλεία
1138 1984 1468 2054 μεριζομένη
1501 1986 1585 2051 ἐφ’
1617 1984 1815 2053 ἑαυτῆς

244 2076 343 2141 οὐχ
381 2074 690 2139 ὑφίσταται,
723 2074 835 2126 ἀλλ’
866 2074 1003 2145 αὑτὴ
1031 2076 1158 2144 περὶ
1201 2077 1367 2145 αὐτὴν
1403 2075 1594 2129 θᾶττόν
1622 2092 1680 2126 τε
1714 2092 1814 2126 κασ-

244 2168 442 2235 ταρῤεί
469 2166 561 2219 καὶ
592 2166 947 2233 ἀφανίζεται,
978 2170 1009 2234 ἡ
1054 2166 1109 2219 δὲ
1148 2167 1479 2236 δημιουργὸς
1528 2168 1636 2218 τῶν
1679 2169 1815 2219 ὅλων

245 2256 391 2324 ὀρχη
422 2257 515 2307 καὶ
549 2256 792 2323 βασιλεία
821 2257 886 2309 δι’
918 2256 1111 2319 αίῶνος
1148 2257 1317 2325 μένει,
1349 2260 1423 2316 ὡς
1450 2258 1515 2309 ἂν
1544 2258 1653 2308 οὐδ’
1684 2257 1815 2310 αὐτὸ

244 2347 306 2398 τὸ
364 2349 465 2415 τῆς
522 2347 853 2409 ἀποστασίας
905 2347 1340 2416 ἀποθρασυνθείη
1398 2348 1814 2417 ἑξαρνήσασθαι.

248 2440 385 2491 Οὐδὲ
409 2440 515 2508 γὰρ
544 2440 663 2492 οὐδὲ
696 2442 857 2509 μέχρι
886 2438 979 2492 νῦν
1001 2441 1028 2492 ὁ
1062 2440 1236 2493 πάντα
1262 2440 1598 2509 νεωτερίζων
1628 2441 1817 2509 χρόνος

247 2531 443 2583 οὐδένα
491 2531 806 2599 παρέδειξεν
859 2532 938 2591 είς
994 2531 1249 2598 τοιαύτην
1300 2531 1500 2583 λύσσαν
1550 2532 1816 2599 ὲκλυσσή-

250 2638 444 2674 σαντα.
479 2621 540 2673 Ei
568 2620 660 2673 οὖν
693 2624 727 2691 η
761 2622 855 2674 τοῦ
886 2622 1120 2689 Ἀγαθοῦ
1146 2623 1309 2693 ἀρχὴ,
1341 2624 1415 2685 ὡς
1440 2625 1602 2675 πᾶσιν
1629 2622 1817 2689 ἐπίδη-

250 2713 364 2772 λον,
416 2711 676 2777 κρείττων
719 2712 895 2779 πάσης
950 2711 1285 2775 διαλύσεως,
1339 2714 1457 2776 πῶς
1506 2714 1565 2764 ού
1621 2712 1818 2782 μᾶλλον

252 2803 652 2871 ἐπιδηλότερον,
684 2802 758 2863 ὡς
787 2798 871 2864 αἷς
906 2804 1060 2854 αὐτοὶ
1088 2804 1147 2854 τὸ
1176 2802 1468 2872 ὀλόκληρον
1498 2805 1667 2865 αὐτῆς
1698 2806 1818 2868 ταῖς

251 2894 481 2960 τόλμαις
528 2892 1021 2960 διασπαράσσοντες
1054 2893 1296 2961 πονηρὰν
1329 2894 1501 2963 ἀρχὴν
1530 2912 1817 2964 σκηνοποι-

253 2982 407 3034 οῦσιν
442 2981 535 3032 καὶ
568 2983 1055 3050 παραπηγνύουσι,
1090 2982 1184 3046 τὴν
1234 2984 1332 3050 μὲν
1372 2983 1464 3035 τοῦ
1500 2985 1681 3035 κοινοῦ
1727 2988 1819 3036 καὶ

253 3074 461 3138 ἀγαθοῦ
503 3076 769 3125 Δεσπότου
825 3073 1101 3141 βασιλείαν
1155 3075 1581 3143 προπηλακίζειν
1625 3076 1819 3143 μανίαν

255 3166 483 3227 εἴλοντο,
530 3167 593 3234 ἦν
626 3166 680 3217 δὲ
712 3164 1122 3229 άντανιστῶσιν,
1157 3165 1271 3233 ἅμα
1302 3182 1358 3217 τε
1403 3165 1695 3219 πλάττουσι
1726 3168 1820 3218 καὶ

256 3261 375 3327 ἅμα
404 3256 650 3319 λύουσινί;
670 3256 991 3326 Ἀμερίστου
1018 3256 1123 3324 γὰρ
1158 3256 1255 3324 τῆς
1286 3256 1378 3307 τοῦ
1414 3256 1642 3323 Ἀγαθοῦ
1675 3258 1821 3325 βασι-

256 3350 408 3409 λείας
475 3349 911 3417 συντηρουμένης
966 3347 1119 3415 (ὁδὸς
1175 3348 1280 3416 γὰρ
1334 3350 1361 3400 ὁ
1420 3348 1681 3418 μερισμὸς
1745 3350 1824 3411 είς

256 3439 547 3506 διάλυσιν),
578 3439 659 3490 ὅτι
698 3455 755 3489 τε
796 3437 857 3489 τὸ
885 3438 994 3505 (86)
1036 3436 1228 3489 ἀλυτον
1257 3436 1347 3487 τὸν
1381 3437 1649 3505 μερισμὸν
1678 3437 1816 3488 ἀπο-

259 3531 573 3599 πέμπεται,
596 3531 686 3581 καὶ
725 3529 829 3596 πρό
850 3545 911 3593 γε
943 3528 1040 3595 τῆς
1063 3528 1316 3595 ἐπιϐολῆς
1346 3527 1547 3595 ταύτης
1574 3529 1601 3577 ὁ
1626 3530 1825 3580 Δεσπό-

260 3640 361 3690 της
387 3624 572 3674 ἀνεῖπε
600 3621 659 3672 τὸ
682 3620 1033 3690 μεριζόμενον
1056 3618 1422 3672 διαλύσεσθαι.
1455 3620 1563 3671 Καὶ
1591 3621 1623 3689 ὴ
1652 3619 1825 3681 κτίσις

260 3710 538 3770 τοσούτοις
568 3710 757 3761 αἰῶσιν
791 3710 849 3772 ἐξ
893 3710 1061 3774 αὐτῆς
1105 3711 1442 3778 παραγωγῆς
1465 3710 1606 3761 κατά
1634 3726 1695 3776 γε
1726 3710 1825 3777 τὴν

258 3802 581 3869 ὁλοκληρίαν
623 3802 839 3870 κρατεῖν
874 3801 969 3867 τῆς
1015 3799 1218 3862 λύσεως
1264 3801 1629 3870 ἐκληρώσατο.
1671 3800 1826 3869 Ὁρᾶ-

260 3912 351 3946 ται
380 3894 435 3944 δὲ
458 3892 769 3962 περιφανῶς
794 3892 885 3945 καὶ
917 3895 1026 3951 τοῖς
1052 3891 1322 3959 οὐρανίοις
1352 3890 1825 3960 ἀλληλουχούμενά

257 4002 323 4037 τι
352 3984 799 4051 καησυνεχόμενα
830 3984 896 4036 τὰ
924 3982 1155 4049 ἐπίγεια,
1187 3984 1255 4036 τά
1286 4000 1343 4035 τε
1364 3983 1525 4051 νοερά
1548 3983 1638 4033 καὶ
1662 3981 1827 4050 νοητὰ

258 4077 370 4128 τῶν
404 4074 727 4141 σωματικῶν
778 4076 870 4125 καὶ
901 4075 1021 4134 ταῖς
1050 4073 1330 4140 αἰσθήσεσι
1382 4073 1714 4142 κρινομένων
1738 4072 1825 4125 διὰ

260 4170 360 4234 τῆς
392 4166 666 4233 ἀδιαδόχου
696 4165 951 4234 προνοίας
980 4165 1039 4216 ού
1084 4164 1420 4231 διιστάμενα,
1448 4164 1581 4217 ἀλλά
1608 4166 1698 4215 καὶ
1728 4181 1860 4216 πε-.

266 4260 667 4327 ριιρανεστάτην
688 4260 919 4327 φέροντα
934 4257 1031 4326 τὴν
1047 4258 1359 4324 συνάφειαν.
1386 4256 1459 4307 Οὐ
1484 4257 1589 4325 μὴν
1611 4256 1746 4309 ἀλλά
1762 4273 1824 4323 γε

263 4355 361 4403 καὶ
408 4352 537 4403 αὐτὸ
577 4351 790 4417 λογικὸν
836 4350 973 4412 ζῶον
1024 4350 1051 4401 ὁ
1093 4349 1377 4417 ἄνθρωπος
1424 4348 1484 4411 ἐξ
1531 4348 1741 4414 ὁρατῶν
1768 4364 1825 4399 τε

262 4444 359 4493 καὶ
383 4442 629 4511 ἀοράτων
663 4441 842 4509 μερῶν
879 4439 1220 4509 ἡρμοσμένος
1253 4438 1601 4503 συνέστηκεν.
1640 4440 1699 4491 Et
1729 4434 1822 4490 οὖν

1916 636 2109 696 potest.
2148 627 2279 679 Vide
2324 626 2505 695 igitur,
2552 624 2822 693 quomodo
2878 623 2978 676 sub
3015 622 3185 690 ipsam
3222 637 3475 691 congres-

1914 719 2122 769 sionem
2161 732 2251 767 rex
2295 716 2553 777 universi,
2609 724 2662 766 et
2707 715 2968 766 Servator
3014 722 3218 774 noster,
3266 720 3320 764 et
3364 712 3473 763 dux

1914 808 2039 861 belli
2096 808 2291 860 vallum
2340 806 2575 859 hostium
2624 805 2691 857 ab
2744 806 2873 872 ipsis
2927 804 3295 856 fundamentis
3339 819 3473 856 con-

1913 899 2073 951 vellat
2104 908 2158 950 et
2205 907 2429 957 evertat,
2470 910 2658 948 eorum
2709 896 3015 949 molitioues
3054 893 3372 954 confundat,
3419 904 3475 947 et

1913 988 2192 1041 audaciam
2240 996 2607 1056 apostatarum
2654 986 2899 1053 dissipet.
2960 986 3097 1050 Quid
3159 986 3473 1047 meditetur,

1912 1078 2109 1147 quidve
2158 1077 2425 1139 moliatur,
2476 1093 2582 1128 non
2622 1076 2777 1145 longa
2820 1085 2934 1129 arte.
2974 1076 3251 1145 qumritur,
3302 1090 3403 1128 nec
3444 1090 3476 1127 a

1912 1170 2258 1223 contentione
2306 1178 2398 1221 aut
2442 1168 2621 1221 labore
2675 1168 2941 1235 procedit,
2998 1166 3091 1220 sed
3140 1166 3227 1219 vix
3286 1180 3475 1219 vocem

1912 1258 2131 1323 emittit,
2184 1268 2237 1311 et
2285 1273 2474 1311 omnes
2525 1260 2757 1311 hostium
2817 1258 3123 1310 molitiones
3177 1256 3473 1310 dililantur.

1912 1350 2073 1404 Omne
2105 1351 2260 1412 enim,
2300 1349 2494 1417 inquit,
2538 1366 2773 1417 regnum,
2813 1361 2992 1400 contra
3034 1365 3085 1399 se
3129 1350 3295 1415 ipsum
3343 1348 3478 1398 divi-

1912 1460 2023 1495 sum
2066 1442 2353 1503 desolatur,
2394 1451 2443 1493 et
2494 1442 2661 1492 omnis
2704 1441 2822 1491 urbs
2861 1454 2949 1491 aut
2984 1442 3166 1491 domus
3201 1449 3377 1490 contra
3425 1456 3477 1491 se

1914 1534 2080 1585 divisa
2135 1550 2233 1584 non
2289 1532 2624 1583 consistet“.
2682 1530 2947 1594 Videsne,
3005 1529 3275 1597 quomodo
3311 1544 3476 1582 sonus

1914 1624 2158 1676 buccina:
2212 1622 2504 1675 Dominica:
2560 1622 2647 1673 vix
2698 1620 2913 1672 auditus
2970 1620 3168 1672 vallum
3238 1620 3474 1672 hostium

1914 1713 2242 1767 everteritet
2272 1712 2627 1766 destruxerit?
2657 1712 2721 1764 Et
2761 1712 2887 1781 quid
2934 1712 3055 1765 dico
3094 1711 3329 1763 vallum?
3365 1712 3477 1763 imo

1917 1816 1971 1858 et
2001 1806 2207 1866 urbem,
2256 1814 2309 1855 et
2355 1803 2579 1871 regiam,
2627 1819 2786 1871 quam
2832 1811 3090 1870 apostaue
3136 1802 3317 1867 impiis
3364 1801 3477 1853 suis

1918 1906 1971 1949 et
1999 1911 2241 1948 errorum
2290 1895 2621 1963 plenissimis
2656 1895 2949 1948 ratiociniis
2995 1903 3381 1947 exstruxerunt
3424 1904 3479 1947 et

1919 1988 2287 2041 muniverunt.
2344 1986 2395 2039 Si
2446 1986 2590 2039 enim
2645 2001 2887 2053 regnum,
2947 1986 2999 2036 in
3047 2000 3105 2037 se
3165 1986 3338 2051 ipsum
3393 1984 3478 2035 di-

1918 2078 2113 2142 visum,
2157 2094 2263 2131 non
2301 2079 2570 2140 consistit,
2610 2077 2700 2129 sed
2754 2078 2925 2143 ipsum
2962 2092 3054 2143 per
3086 2092 3141 2129 se
3185 2078 3343 2128 citius
3374 2075 3479 2128 dif-

1917 2170 2032 2223 fluit
2074 2180 2129 2222 et
2178 2170 2534 2231 disturbatur,
2583 2168 2867 2235 imperium
2915 2177 3063 2220 certe
3104 2167 3376 2219 Creatoris
3426 2176 3481 2218 et

1919 2276 2141 2331 regnum
2172 2260 2225 2311 in
2260 2269 2521 2312 :eteruum
2557 2269 2755 2321 manet,
2788 2259 2930 2325 quod
2957 2273 3056 2310 nec
3090 2266 3347 2325 apostata:
3380 2257 3478 2324 ipsi

1918 2368 2115 2422 negare
2178 2352 2378 2406 ausint.
2444 2350 2627 2419 Neque
2687 2351 2829 2403 enim
2905 2350 3140 2402 hucdum
3231 2362 3479 2417 tempus.

1918 2448 2098 2501 omnia
2141 2447 2423 2506 innovatis,
2476 2459 2797 2511 quemquam
2827 2443 3100 2504 exhibuit,
3146 2457 3211 2495 eo
3258 2441 3481 2494 insania:

1920 2548 2253 2607 provectum.
2288 2534 2342 2587 Si
2388 2535 2548 2604 igitur
2587 2534 2711 2587 boni
2754 2532 2845 2585 Dei
2880 2533 3187 2601 imperium,
3228 2548 3327 2585 ceu
3364 2548 3483 2584 om-

1921 2632 2081 2682 nibus
2133 2636 2371 2687 constat,
2432 2624 2579 2678 omni
2644 2624 2996 2683 dissolutione
3053 2625 3304 2692 superius
3364 2634 3479 2687 est,

1922 2736 2103 2773 uuune
2134 2719 2301 2772 multo
2353 2718 2520 2788 magis
2553 2716 2897 2769 manifestum
2930 2724 3043 2778 est,
3078 2716 3221 2783 quod
3243 2756 3256 2779 ,
3288 2716 3485 2783 quibus

1922 2814 1990 2865 illi
2046 2810 2322 2870 institutis,
2372 2810 2733 2878 integritatem
2774 2806 2891 2875 ejus
2934 2808 3245 2867 turbantes,
3284 2807 3482 2859 malum

1921 2902 2245 2972 principium
2266 2901 2606 2961 eﬂabricant,
2642 2909 2695 2951 et
2725 2899 2937 2951 alatere
2966 2908 3272 2957 exstruunt,
3294 2898 3483 2949 iisdem

1922 3006 2144 3059 regnum
2193 2990 2409 3057 quidem
2462 2988 2766 3041 communis
2806 2998 2859 3041 et
2900 2988 3025 3040 boni
3067 2988 3281 3040 Domini
3325 3004 3481 3039 aver-

1922 3081 2183 3134 runcandi
2212 3082 2459 3133 insanum
2500 3078 2785 3131 consilium
2822 3072 3115 3145 ceperunt,
3164 3076 3321 3129 simul
3357 3091 3485 3129 vero

1847 3201 1888 3256 ο
1924 3172 1997 3232 id,
2032 3172 2174 3239 quod
2208 3187 2271 3224 ex
2302 3172 2527 3223 adverso
2555 3170 2791 3236 erigunt,
2823 3178 2876 3221 et
2904 3176 3141 3230 struunt,
3162 3176 3213 3220 et
3240 3170 3481 3221 solvuut.

1927 3262 2061 3314 Dum
2106 3261 2251 3313 enim
2287 3261 2413 3313 boui
2464 3260 2713 3327 principii
2760 3274 2981 3328 regnum
3022 3258 3316 3311 indivisum
3364 3274 3485 3310 ma-

1924 3362 2016 3404 net
2046 3352 2300 3418 (namque
2331 3348 2525 3402 divisio
2552 3349 2694 3401 viam
2726 3349 2792 3401 ad
2814 3347 3226 3401 dissolutionem
3252 3346 3483 3415 pandit),

1923 3442 2049 3508 quia
2110 3441 2485 3493 indissolubile
2538 3440 2860 3493 divisionem
2914 3453 3129 3490 omnem
3186 3446 3481 3497 aversatur,

1926 3530 2185 3582 Dominus
2220 3537 2403 3582 noster
2426 3529 2588 3581 etiam
2615 3537 2740 3580 ante
2772 3526 2911 3579 hanc
2950 3525 3315 3578 incursionem
3348 3541 3485 3593 prae-

1924 3621 2057 3675 dlxit
2117 3620 2232 3673 fore
2293 3629 2351 3673 ut
2384 3619 2613 3671 divisum
2659 3617 3002 3670 dissolvatur.
3050 3615 3164 3668 Imo
3210 3624 3265 3667 et
3330 3630 3485 3667 crea-

1926 3721 2057 3765 tura:
2098 3712 2228 3779 ipsi,
2278 3719 2383 3762 tam
2422 3708 2606 3761 multis
2645 3706 2875 3767 sacculis,
2914 3706 3041 3759 inde
3088 3706 3154 3759 ab
3203 3706 3315 3773 ipsa
3360 3721 3486 3772 pro-

1924 3802 2213 3863 ductione,
2244 3814 2337 3868 pro
2394 3798 2703 3867 integritate
2728 3813 2860 3859 sua,
2902 3797 3171 3850 solutione
3217 3797 3485 3865 ejusmodi

1925 3892 2187 3961 superiori
2209 3906 2328 3944 esse
2357 3889 2529 3942 licuit.
2572 3888 2912 3941 Manifestum
2944 3903 3071 3941 vero
3102 3896 3186 3941 est
3211 3888 3487 3940 terrestria

1925 3982 2234 4037 ccelestibus
2260 3979 2559 4033 arctissime
2585 3978 2767 4047 juncta
2798 3992 2938 4037 esse,
2970 3978 3095 4029 etin
3128 3977 3317 4030 eadem
3336 3993 3485 4030 com-

1925 4087 2057 4143 page
2085 4071 2379 4133 contineri,
2409 4084 2509 4123 nec
2556 4084 2617 4123 ea
2638 4110 2652 4133 ,
2682 4083 2801 4136 qua:
2842 4077 3022 4121 mente
3058 4082 3121 4121 ac
3161 4068 3484 4137 cogitatione

1927 4165 2344 4233 iuvestigantur,
2382 4177 2413 4214 a
2441 4160 2711 4229 corporeis
2760 4160 3055 4227 sensuique
3098 4160 3353 4227 subjectis
3397 4175 3483 4212 re-

1927 4257 2026 4309 bus
2086 4271 2183 4323 per
2240 4254 2553 4307 continuam
2611 4251 3006 4320 providentiam
3069 4252 3326 4319 seiungi,
3391 4252 3484 4303 sed

1926 4345 2179 4399 eximiam
2240 4343 2634 4396 connexionem
2700 4358 2810 4410 prae
2869 4357 2928 4395 se
2988 4340 3149 4393 ferre.
3216 4340 3280 4393 Et
3338 4340 3484 4408 quod

1928 4436 2095 4505 magis
2140 4435 2298 4497 valet,
2335 4435 2509 4503 ipsum
2554 4433 2684 4485 illud
2727 4433 2925 4485 animal
2967 4432 3249 4495 rationale,
3297 4433 3481 4497 homo,

262 4535 297 4601 ἡ
332 4532 423 4583 τού
453 4532 657 4599 ἀγαθοῦ
689 4530 821 4583 Θεοῦ
865 4530 1191 4598 δημιουργία
1237 4546 1293 4580 τε
1336 4530 1429 4581 καὶ
1465 4530 1709 4597 βασιλεία
1737 4546 1821 4580 το·
1855 4539 1897 4593 ι)
1927 4542 1955 4579 e

1855 4539 1989 4593 Dex
2042 4525 2341 4579 visibilibus
2399 4532 2453 4577 et
2505 4523 2870 4576 invisibilibus
2913 4523 3074 4575 rebus
3131 4530 3481 4589 compactus,

267 4623 376 4690 μὴν
412 4622 503 4674 κα)⁸
531 4620 795 4690 μερισμὸν
822 4619 920 4671 οὐκ
948 4619 1281 4688 ἐπιδέχεται,
1314 4620 1379 4687 ην
1412 4620 1466 4671 δὲ
1496 4620 1649 4670 αὐτοὶ
1695 4622 1825 4672 ἀνα-

266 4710 597 4772 πλάττουσι,
647 4708 841 4775 μερίδα
890 4706 1012 4759 τινά
1058 4707 1155 4774 τῆς
1184 4706 1320 4774 ,ὅλης
1370 4706 1729 4774 δημιουργίας
1760 4711 1823 4776 τῇ

266 4798 491 4868 γλώσσῃ
516 4796 1021 4866 ἀποσπαράξαντες,
1047 4798 1157 4855 τοῖς
1198 4796 1295 4861 τῆς
1325 4796 1660 4857 ἀποστασίας
1703 4814 1825 4865 προ-

265 4892 461 4954 άγουσι
498 4888 703 4955 ῥήμασι
732 4885 824 4936 καὶ
849 4884 1070 4953 Ἐχθρὸν
1101 4885 1157 4935 ὲν
1188 4884 1321 4953 αὑτῇ
1356 4884 1658 4952 βασιλεύειν
1690 4885 1823 4936 καθ-

268 4981 527 5047 ιδρύουσιε
551 4978 665 5039 πῶς
690 4977 825 5044 αὑτὴ
850 4976 969 5027 καθ’
1001 4976 1194 5044 ἑαυτὴν
1219 4976 1420 5039 δέξοιτο
1442 4976 1627 5028 στάσιν
1648 4977 1780 5045 αὑτῇ
1805 4996 1818 5042 ;

265 5072 384 5127 πῶς
410 5070 453 5121 δ’
482 5069 545 5120 ἂν
576 5067 861 5135 ὑποσταίη,
899 5066 1067 5134 αὐτὴν
1089 5067 1187 5133 τὴν
1226 5068 1434 5131 γένεσιν
1462 5068 1525 5117 ὲκ
1554 5068 1820 5136 μερισμοῦ

264 5159 358 5208 καὶ
384 5156 583 5215 λύσεως
612 5153 869 5218 λαϐοῦσα,
894 5154 982 5205 κα)⁵
1003 5154 1171 5222 τομῆς
1195 5155 1287 5205 καὶ
1312 5153 1647 5223 διαιρέσεως,
1672 5156 1706 5208 ἃ
1734 5158 1825 5209 καὶ

263 5249 325 5299 τὸ
369 5246 659 5312 ὁλόκληρον
699 5245 777 5306 είς
812 5244 1017 5313 φθορὰν
1061 5245 1455 5315 καταστρέφει,
1496 5246 1826 5315 προελθοῦσα

267 5339 359 5390 καὶ
408 5338 745 5406 ἀπορρυεῖσα
770 5376 784 5399 ,
819 5338 865 5388 εί
915 5336 1009 5389 καὶ
1040 5336 1115 5405 μὴ
1162 5336 1549 5406 δυσφημούσης
1576 5338 1823 5409 γλώσσης

272 5430 517 5497 ὑπῆρχεν
534 5430 861 5496 ἀνάπλασμα
885 5446 899 5494 ;
936 5430 1056 5491 Πῶς
1083 5430 1125 5481 δ’
1152 5429 1246 5499 οὐχ
1274 5429 1459 5499 ῶσπερ
1487 5432 1519 5496 ἡ
1548 5430 1639 5481 τοῦ
1670 5431 1824 5497 Ἀγα-

336 5561 383 5591 ⁸¹
425 5560 636 5629 Matth.,
668 5577 762 5625 xu,
790 5563 877 5615 25.

1924 4617 2191 4673 consistit.
2240 4614 2294 4667 Si
2341 4613 2500 4682 igitur
2544 4612 2665 4665 boni
2704 4611 2793 4662 Dei
2831 4609 3118 4678 imperium
3158 4620 3211 4662 et
3256 4626 3482 4679 regnum

1923 4709 2240 4763 divisionem
2279 4715 2337 4757 et.
2367 4701 2756 4770 separatiouem
2792 4715 2895 4749 non
2951 4698 3204 4753 admittit.
3249 4698 3298 4749 id
3333 4714 3479 4759 vero,

1924 4800 2064 4867 quod
2095 4798 2194 4865 ipsi
2227 4794 2484 4853 inferunt,
2515 4800 2719 4859 partem
2753 4790 2960 4841 scilicet
2990 4789 3278 4855 quamdam
3316 4789 3481 4841 totius

1923 4886 2400 4941 administrationis
2439 4882 2615 4948 lingua
2664 4895 2760 4931 sua
2826 4878 3239 4937 subtrahentes,
3300 4878 3482 4929 verbis

1927 4977 2233 5046 apostaticis
2256 4973 2586 5043 producunt,
2634 4981 2687 5022 et
2720 4970 2927 5021 hostem
2972 4969 3090 5036 ejus
3127 4983 3304 5035 regem
3346 4983 3478 5019 con-

1923 5070 2185 5129 stituunt;
2223 5062 2491 5131 quomodo
2523 5060 2607 5112 illa
2641 5074 2763 5127 pars
2810 5074 2903 5124 per
2931 5072 2989 5109 se
3029 5058 3348 5110 discordiam
3378 5058 3479 5109 sibi

1922 5155 2265 5215 conciliabit?
2307 5152 2576 5221 quomodo
2619 5164 2746 5202 vero
2788 5148 3077 5208 consistet,
3132 5163 3249 5214 qua:
3299 5157 3477 5198 ortum

1923 5264 2082 5304 suum
2110 5263 2174 5300 ex
2208 5244 2471 5299 divisione
2500 5250 2552 5295 et
2581 5240 2935 5294 dissolutione
2981 5239 3201 5295 habeat.
3252 5254 3478 5305 quaeque

1923 5337 2263 5409 separatione
2293 5344 2346 5389 et
2371 5332 2724 5403 sejunctione,
2765 5347 2861 5399 per
2894 5346 3027 5399 quas
3059 5331 3357 5385 substantia
3393 5332 3476 5382 iu-

1925 5440 2071 5498 tegra
2100 5426 2363 5495 perditur,
2410 5422 2659 5493 provenit
2684 5426 2915 5491 primum
2948 5430 3001 5475 et
3039 5420 3298 5474 deﬂuxit?
3338 5420 3479 5473 Sane

1311 5676 1539 5731 VARIIE
1577 5676 1950 5730 LECTIONES
1997 5676 2080 5726 ΕΤ
2121 5670 2345 5725 NOTAE.

336 5808 447 5875 (δῦ)
498 5808 582 5858 Τό.
621 5806 693 5859 Ita
752 5807 869 5874 lego
934 5822 1029 5873 pro
1082 5807 1191 5867 τὸν,
1252 5806 1391 5873 quod
1442 5816 1521 5859 est
1582 5807 1631 5857 iu
1682 5804 2061 5870 mauuscripto.
