4222 6432
731 413 829 479 183

1810 428 2067 487 ΡΗΟΤΙΙ
2111 426 2611 487 PATRIARCILE
2652 428 2757 485 Cl’.

3853 419 3954 484 184

732 534 810 587 vel
845 535 946 587 hoc
985 533 1188 587 evincit
1231 544 1400 589 totum
1449 536 1645 609 lingua!
1699 541 1915 596 infamis
1967 543 2280 612 tigmentum
2309 539 2399 598 Αε

2309 540 2357 598 Α
2383 539 2475 591 θοῦ
2499 541 2638 608 ἀρχὴ
2668 539 2744 608 τῷ
2770 538 3038 608 ἀδιαλύτῳ
3065 537 3367 606 συνέχεται,
3406 536 3500 587 καὶ
3527 533 3788 603 προϊοῦσα
3822 537 3956 604 μάλ-

729 639 868 676 csse.
903 625 1189 686 Quomodo
1221 641 1349 679 vero
1391 642 1498 681 non
1545 630 1735 684 eodem
1784 633 1964 698 modo,
1998 650 2108 702 quo
2151 635 2283 688 Boni

729 715 1054 782 principium
1117 725 1367 784 tanquam
1412 719 1787 776 indissolubile
1853 727 2138 792 consistit,
2192 737 2283 792 et,

727 820 836 871 quo
883 806 1096 876 longius
1136 809 1498 877 progreditur,
1550 821 1662 865 tum
1719 824 1974 870 constans
2007 829 2112 879 est,
2171 827 2284 872 tum

731 899 782 947 in
827 898 1019 950 melius
1066 899 1311 966 proficit:
1347 904 1619 969 quomodo
1651 920 1781 969 non,
1820 906 2062 975 inquam,
2094 911 2284 964 eodem

730 988 888 1041 modo
941 989 1268 1058 principium
1315 991 1442 1044 iliud
1485 995 1660 1062 quod,
1708 999 1941 1052 amentia
1979 1001 2284 1066 hominum,

731 1080 783 1128 in
884 1077 1053 1132 Deum
1109 1081 1468 1149 injuriorum,
1536 1087 1784 1152 invehit,
1844 1091 2111 1161 siquidem
2176 1109 2286 1148 non

729 1167 782 1220 in
842 1171 1001 1223 nudis
1060 1172 1343 1228 hominum
1424 1177 1868 1236 calumniantium
1928 1185 2086 1241 labiis
2139 1190 2288 1243 exsi-

729 1261 860 1323 stit,
907 1262 1108 1326 citius,
1151 1280 1313 1333 quam
1373 1277 1550 1321 ortum
1613 1279 1732 1334 est,
1784 1289 2194 1346 corrumpetur,
2234 1290 2289 1335 et

729 1351 965 1405 amasios
985 1368 1115 1408 suos
1143 1355 1272 1409 risui
1298 1371 1362 1410 ac
1382 1357 1617 1414 ludibrio
1639 1377 1917 1432 exponens
1956 1369 2185 1435 peribit?
2214 1371 2286 1426 Ita

729 1441 873 1493 enim
925 1459 1139 1511 pinnam
1201 1447 1356 1515 quasi
1406 1452 1603 1518 repetit
1658 1454 1725 1506 ab
1781 1456 1864 1508 eis
1901 1463 2288 1518 commentitim

730 1533 1200 1602 inaugurationis,
1280 1555 1378 1607 per
1448 1557 1612 1610 quam
1683 1546 1782 1614 ipsi
1839 1549 1912 1601 illi
1987 1568 2129 1607 vano
2204 1558 2286 1610 vel

730 1627 910 1690 potius
994 1628 1160 1696 impio
1211 1641 1267 1683 et
1342 1633 1745 1701 improbissimo
1820 1652 2016 1695 conatu
2090 1649 2289 1717 reginae

731 1729 949 1777 nomen,
982 1719 1130 1783 quod
1171 1735 1273 1772 nec
1302 1724 1510 1776 ancilla:
1542 1724 1717 1779 locum
1747 1731 2020 1796 tuebatur,
2042 1735 2286 1790 vindica-

731 1816 876 1859 runt.
901 1807 1051 1861 Adeo
1078 1812 1422 1879 omnipotens
1451 1825 1505 1868 et
1540 1817 1790 1873 militaris
1819 1824 2145 1893 ceterisque
2173 1844 2286 1881 om-

728 1897 890 1950 nibus
905 1900 1157 1955 dominus
1172 1913 1412 1969 potestas
1423 1907 1604 1974 copias
1622 1908 1854 1964 hostium
1870 1925 2131 1978 evertere,
2152 1918 2287 1973 adeo

729 1988 958 2053 spoliare
974 1990 1156 2044 hostes
1173 1994 1330 2046 valet.
1355 1997 1502 2049 Adeo
1519 1999 1756 2054 ostendit
1775 2003 1987 2071 ipsailla
2006 2009 2287 2075 tyrannide

731 2079 1059 2144 pmiiatores
1094 2093 1148 2135 et
1177 2087 1439 2140 satellites
1465 2088 1582 2156 ejus
1617 2105 1680 2142 ac
1713 2107 2082 2165 quoscumque
2125 2099 2288 2155 habet

729 2182 1160 2240 propugnatores
1185 2177 1268 2229 vel
1297 2193 1405 2231 uno
1444 2181 1607 2234 verbo
1629 2182 1935 2239 debellandi
1974 2196 2026 2241 et
2056 2189 2288 2247 ludibrio

728 2259 970 2312 ttlllllium
1007 2266 1312 2324 exponendi
1358 2277 1624 2335 potestate
1674 2271 2022 2341 insuperabili
2064 2280 2284 2346 pollere.

732 2344 914 2416 Itaque
943 2350 1244 2406 defectores
1279 2355 1417 2418 illos,
1449 2363 1849 2428 propugnacula
1884 2380 1979 2417 sua
2000 2344 2286 2424 confestim

728 2438 927 2500 diruta.
977 2450 1031 2494 et
1074 2458 1175 2497 nec
1227 2460 1419 2500 sonum
1474 2450 1631 2518 regia:
1678 2452 1918 2508 buccina:
1961 2459 2286 2516 sustinentia

730 2531 991 2592 videntes.
1021 2551 1198 2604 neque
1233 2538 1477 2607 imperio,
1505 2544 1647 2610 quod
1687 2546 1943 2602 novitatis
1974 2553 2155 2620 cupidi
2182 2555 2288 2608 sibi

730 2623 860 2690 ipsis
905 2624 1197 2691 finxerunt,
1245 2631 1501 2686 omnibus
1544 2633 1654 2702 jam
1717 2637 1782 2690 ad
1842 2639 2117 2694 interitum
2165 2659 2288 2712 Spe-

728 2718 1021 2777 ctantibus.
1051 2718 1279 2773 militare
1311 2723 1535 2790 amplius
1554 2725 1777 2780 decebat
1797 2769 1810 2792 ,
1844 2744 2049 2798 neque,
2081 2733 2289 2789 sublata

732 2806 1036 2872 tyrannide,
1078 2808 1145 2861 ad
1182 2820 1464 2877 tyrannum
1496 2827 1557 2866 se
1585 2826 1923 2879 convertere,
1965 2820 2058 2873 sed
2084 2823 2287 2889 potius,

733 2896 948 2965 cognito
983 2900 1261 2952 communi
1301 2902 1542 2957 omnium
1593 2905 1854 2972 Domino,
1898 2908 2130 2978 imperio
2171 2913 2290 2980 eius

732 2998 791 3037 se
824 2986 1167 3052 submittere,
1219 2989 1466 3060 factaque
1487 3011 1610 3048 vera
1647 2999 2000 3055 conversione
2022 3005 2291 3070 pmniten-

737 3073 866 3126 tiam
923 3077 1118 3131 seriam
1155 3088 1416 3136 testantes
1472 3085 1754 3152 conﬁteri,
1795 3105 1852 3143 se
1883 3106 2138 3146 manuum
2171 3097 2290 3163 ejus

735 3182 872 3233 opus
901 3183 1020 3222 esse
1047 3180 1102 3224 et
1135 3183 1462 3239 creaturam,
1488 3191 1554 3230 ac
1577 3179 1645 3231 ab
1667 3180 1912 3247 ejusdem
1956 3185 2288 3250 providentia
2317 3197 2358 3252 ε

733 3265 788 3307 ct
840 3256 1170 3326 benignitate
1212 3263 1320 3331 regi
1353 3272 1408 3317 et
1442 3265 1761 3334 gubernari:
1789 3270 2026 3325 vicissim
2055 3288 2184 3326 vero
2215 3274 2294 3328 fas

734 3359 868 3412 erat,
897 3349 1077 3405 odisse
1128 3354 1348 3408 eosdem
1380 3364 1435 3408 et
1474 3358 1709 3411 aversari
1740 3360 1946 3414 hostem
1979 3364 2290 3429 maximum,

734 3439 1018 3509 eidemque
1047 3443 1207 3497 nullis
1241 3445 1354 3498 suis
1376 3447 1432 3499 in
1462 3447 1570 3501 vita
1594 3450 1898 3506 actionibus
1953 3463 2280 3522 potestatem

736 3531 845 3584 imo
869 3546 966 3586 nec
983 3548 1269 3588 excursum
1296 3535 1351 3588 in
1381 3552 1438 3591 se
1467 3540 1798 3607 permittere.

807 3705 899 3761 Ill.
929 3707 1084 3773 Quod
1112 3710 1160 3765 si
1200 3727 1328 3767 vero
1355 3713 1637 3782 profndaa
1683 3716 2004 3774 defectionis
2057 3724 2295 3778 tenebras

735 3801 976 3868 ipsorum
1007 3817 1202 3858 sensus
1227 3805 1364 3858 adeo
1394 3805 1808 3874 hebetaverunt,
1846 3820 1926 3876 ut,
1968 3827 2035 3866 ne
2080 3814 2294 3868 destru-

734 3899 824 3943 cto
848 3891 1063 3958 qidem
1098 3909 1162 3947 ac
1193 3896 1460 3950 debeliato
1490 3897 1595 3951 hoc
1623 3898 1868 3967 imperio,
1894 3903 2208 3973 evigilantes
2230 3921 2295 3960 ex

736 3997 933 4047 sopore
960 3983 1264 4038 detrectare
1292 3989 1524 4052 valeant,
1565 3992 1657 4044 sed
1686 3992 1790 4045 sub
1821 4007 1890 4046 eo
1923 3996 2111 4063 magis,
2136 4013 2296 4064 quam

736 4075 925 4142 optimi
952 4075 1046 4129 Dei
1067 4093 1248 4146 regno.
1270 4081 1534 4134 contineri
1562 4083 1772 4146 malint,
1800 4100 1918 4155 age,
1943 4088 2294 4147 ostendamus

737 4181 917 4234 regem
952 4167 1313 4222 universaiem
1344 4187 1449 4224 non
1494 4173 1546 4224 in
1587 4188 1655 4227 eo
1696 4175 1990 4229 vindictam
2034 4193 2184 4230 suam
2228 4179 2296 4231 ab

738 4257 842 4310 illis
863 4258 953 4324 qui
983 4274 1206 4327 regnum
1248 4276 1403 4313 suum
1426 4261 1753 4327 inﬁciantur,
1785 4267 2102 4318 sumendam
2138 4267 2295 4320 siste-

2388 631 2478 682 λόν
2495 647 2553 681 τε
2579 630 2820 697 διαμένει
2848 631 2941 682 καὶ
2965 628 3292 698 μεταϐάλλει
3310 625 3694 696 προκύπτουσα
3729 625 3864 694 πρὸς
3893 627 3956 677 τὸ

2387 720 2642 788 ἄμεινον’
2685 716 2859 780 circa);
2907 718 3002 770 καὶ
3043 718 3112 786 ἢν
3155 713 3391 779 καινίζει
3437 715 3549 766 τῶν
3580 711 3890 765 θεοδλαὸὦν
3921 711 3954 777 ἡ

2387 809 2652 871 ἀπόνοια,
2690 808 2813 876 οὐχὶ
2857 808 2956 875 τὴν
3005 804 3240 874 ὓπαρξιν
3286 806 3347 856 ἐν
3379 803 3563 863 αὐτοῖς
3611 801 3792 870 μόνοις
3839 802 3954 860 τοῖς

2389 897 2726 966 βλασφήμοις
2759 895 3223 966 ὀνειροπολήσασα
3271 893 3500 962 χείλεσι,
3548 890 3745 943 θᾶττόν
3803 905 3863 940 τε
3919 887 3952 956 ἢ

2387 988 2654 1056 προῆλθεν
2697 988 2776 1050 είς
2813 987 3118 1055 ἀφανισμὸν
3170 983 3570 1046 καταδύσεται,
3614 981 3711 1034 xci.
3741 980 3955 1048 γέλωτα

2387 1081 2482 1132 καὶ
2523 1079 2719 1149 χλεύην
2764 1080 2892 1142 τοὺς
2939 1078 3173 1151 ἐραστὰς
3221 1074 3595 1130 καταλιποῦσα
3647 1072 3951 1142 οἰχήσεται,

2386 1171 2540 1242 δίκην
2576 1170 2761 1238 ὥσπερ
2808 1169 3016 1240 ταύτην
3058 1169 3254 1232 αὐτοὺς
3301 1165 3807 1234 ἀντεισκράττουσα
3851 1161 3955 1228 τῆς

2390 1261 2887 1333 συμπεπλασμένης
2922 1262 3016 1314 καὶ⁵
3052 1259 3427 1314 ἀνυποστάτου
3459 1256 3813 1328 ἀναρρήσεως
3835 1295 3851 1319 ,
3885 1251 3954 1307 δι’

2386 1348 2453 1425 ἦς
2494 1353 2672 1422 μάτην
2703 1354 2864 1422 αὐτῇ,
2899 1352 3103 1422 μᾶλλον
3131 1352 3189 1404 δὲ
3220 1350 3500 1411 δυσσεϐῶς
3526 1349 3620 1401 καὶ
3653 1346 3855 1409 ἀθέως,
3891 1345 3956 1396 τὺ

2387 1443 2485 1513 τῆς
2525 1443 2798 1513 βασιλείας
2823 1444 2934 1513 (87)
2964 1442 3157 1512 ὄνομα,
3191 1442 3315 1494 οὐδὲ
3344 1438 3722 1510 θεραπαινίδος
3751 1435 3956 1504 ἀκούσῃ

2389 1536 2591 1606 χώραν,
2620 1534 2950 1603 πριέθεντο.
2981 1532 3136 1586 Οὕτω
3163 1531 3559 1630 καταστρέφειν
3594 1525 3955 1630 “perdta?

2387 1623 2494 1675 τῶν
2519 1622 2787 1692 ὲχθρῶνκη
2835 1619 3306 1691 παντοκρατορικὴ
3355 1620 3450 1672 καὶ
3508 1615 3812 1686 στρατηγὸς
3840 1615 3955 1667 οἶδε

2389 1715 2482 1766 καὶ
2513 1713 2619 1765 τῶν
2664 1713 2836 1766 ἀλλων
2882 1711 3376 1774 κατεξουσιάζουσα
3413 1711 3579 1779 ἀρχήο
3616 1707 3790 1768 οὕτως
3816 1722 3951 1757 σκυ-

2389 1803 2565 1856 λεύειν
2611 1805 2736 1865 τοὺς
2775 1801 3121 1862 ὑπασπιστάς
3171 1801 3264 1853 καὶ
3313 1798 3679 1868 δορυφόρους,
3730 1796 3824 1861 καὶ
3876 1788 3955 1849 ὧν

2390 1892 2570 1958 ἐκείνη
2597 1891 2902 1960 ἀγώνισμα,
2933 1888 3269 1958 στηλιτεύειν
3299 1904 3360 1939 τε
3390 1887 3485 1940 καὶ
3512 1884 3952 1955 παραδειγματί-

2389 1984 2524 2048 ζειν,
2570 1984 2662 2036 καὶ
2703 1982 2875 2036 ταῦτα
2903 1981 2994 2034 διὰ
3029 1983 3158 2049 μιᾶς
3191 1979 3373 2048 φωνῆς
3411 1979 3474 2030 τὸ
3505 1977 3706 2047 κράτος
3734 1978 3956 2045 ἄμαχον

2389 2075 2767 2141 ἐπιδείκνυσιν.
2793 2073 2939 2125 Ἔδει
2968 2072 3067 2140 μὲν
3091 2071 3185 2123 οὖν
3209 2071 3336 2131 τοὺς
3363 2069 3675 2129 ἀποστάτας
3696 2065 3956 2118 αὑτοῦοεὶ

2388 2165 2734 2234 καθορῶντας
2757 2162 2896 2215 αὑτὰ
2932 2162 3333 2231 ἀνατραπέντα,
3373 2160 3465 2210 καὶ
3506 2158 3640 2227 μηδὲ
3682 2157 3819 2226 πρὸς
3859 2155 3956 2207 τὸν

2386 2253 2517 2327 ἦχον
2547 2255 2862 2324 ἀντισχόντα
2888 2253 2986 2321 τῆς
3012 2253 3309 2318 σάλπιγγος
3337 2249 3436 2318 τῆς
3469 2248 3774 2317 βασιλικῆς.
3810 2249 3953 2314 μήτε

2388 2347 2527 2400 αὺτά
2582 2348 2718 2416 μήτε
2763 2345 2865 2414 τὴν
2923 2343 3226 2413 βασιλείαν,
3277 2343 3344 2411 ἠν
3396 2340 3535 2409 πρὸς
3587 2336 3957 2406 νεωτερισμὸν

2391 2437 2586 2498 ἰδόντες
2633 2436 2844 2495 ἑαυτοῖς
2866 2430 3279 2485 ἀνετυπώσαντο
3299 2470 3316 2496 ,
3363 2429 3500 2482 ἀλλὰ
3531 2427 3746 2480 πάντων
3770 2426 3956 2487 αὐτοῖς

2388 2527 2466 2588 εἰς
2511 2525 2789 2594 ἐρήμωσιν
2821 2520 3286 2595 περιεστηκότων,
3313 2520 3515 2589 μηκέτι
3561 2516 3954 2586 προσφιλονει-

2389 2621 2527 2682 κεῖν,
2562 2616 2696 2685 μηόὲ
2739 2615 2838 2684 τῆς
2886 2613 3197 2683 τυραννίδος
3238 2609 3632 2679 ἀφανισθείσης
3674 2607 3812 2676 πρὸς
3862 2604 3958 2657 τὸν

2389 2710 2646 2777 τύραννον
2676 2704 3121 2774 ἐπιστρέφεσθαι,
3169 2702 3306 2756 ἀλλά
3341 2702 3433 2756 τὸν
3470 2701 3646 2753 κοινὸν
3673 2699 3957 2764 Δεσπότην

2389 2799 2707 2866 ἰπιγνόντας
2742 2797 3107 2865 προσδραμεῖν
3135 2791 3303 2846 αὐτοῦ
3341 2793 3407 2860 τῇ
3443 2789 3690 2859 βασιλείᾳ
3743 2787 3838 2839 καὶ
3886 2786 3960 2838 δι’

2390 2888 2723 2958 ἐπιστροφῆς
2750 2886 2976 2954 γνησίας
3025 2885 3118 2949 καὶ
3141 2883 3353 2953 θερμῆς
3386 2879 3672 2951 μετανοίας
3696 2877 3960 2945 ἀνομολο-

2389 2983 2554 3050 γῆσαι
2588 2979 2686 3049 μὲν
2714 2979 2936 3038 ἑαυτοὺς
2961 2975 3060 3044 τῆς
3084 2973 3249 3027 αὐτοῦ
3286 2971 3466 3042 χειρὸς
3498 2966 3659 3030 εἶναι,
3692 2969 3787 3021 καὶ
3814 2967 3959 3020 πλά-

2392 3090 2506 3142 σμα
2531 3071 2625 3124 καὶ
2651 3067 3063 3138 δημιούργημα,
3093 3062 3546 3134 διακυϐερνᾶσθαι
3590 3061 3648 3114 δὲ
3686 3059 3783 3112 καὶ
3810 3056 3958 3120 διεξ-

2393 3164 2618 3231 άγεσθαι
2641 3165 2709 3230 τῇ
2727 3160 2893 3212 αὑτοῦ
2921 3157 3167 3229 προνοίᾳ,
3191 3157 3282 3209 καὶ
3305 3153 3704 3224 φιλανθρωπίᾳ’
3723 3153 3958 3221 μισῆσαι

2391 3255 2445 3307 δὲ
2477 3252 2570 3306 καὶ
2606 3249 3022 3318 ἀποστραφῆναι
3053 3247 3234 3298 τέλεον
3274 3244 3366 3297 τὸν
3412 3242 3658 3313 Ἐχθρὸν,
3684 3241 3758 3303 ὡς
3788 3240 3961 3309 μηδὲν

2391 3341 2471 3406 οἷς
2501 3343 2797 3413 πράττουσι
2822 3341 2964 3393 κατὰ
2991 3338 3084 3390 τὸν
3111 3337 3224 3407 βίον
3253 3336 3526 3406 μηδεμίαν
3549 3331 3699 3401 αὑτῷ
3729 3330 3959 3384 καταλι-

2393 3440 2514 3488 πεῖν
2543 3433 2808 3496 ἐξουσίαν,
2836 3430 2975 3483 ἀλλὰ
3010 3428 3146 3498 μηδὲ
3177 3427 3432 3496 πάροδον.

2464 3718 2534 3771 Γ.
2566 3719 2627 3769 Ei
2663 3715 2707 3768 δ’
2744 3717 2774 3767 ό
2809 3712 2976 3782 βαθὺς
3029 3709 3211 3763 αὐτῶν
3255 3707 3632 3778 ἐπικρατήσας
3681 3705 3782 3774 τῆς
3811 3706 3956 3758 ἀπο-

2394 3811 2617 3872 στασίας
2648 3810 2838 3870 σκότος
2871 3805 3043 3867 οὕτως
3059 3803 3238 3856 αὐτῶν
3257 3801 3556 3872 ἠμαύρωσε
3581 3801 3650 3851 τὰ
3681 3800 3956 3868 νοήματα,

2391 3903 2466 3964 ὡς
2494 3901 2587 3953 καὶ⁵
2613 3900 2712 3967 τῆς
2755 3897 3066 3967 τυραννίδος
3094 3895 3196 3964 ἠδη
3225 3893 3528 3962 λελυμένης
3572 3909 3632 3944 τε
3681 3893 3775 3944 καὶ
3807 3894 3954 3960 ἠφα-

2394 3994 2649 4061 νισμὲνης
2708 3989 2830 4059 μηδ’
2887 3987 3059 4049 οὕτως
3104 3985 3272 4056 αὐτὴν
3326 3985 3692 4051 ἀνανήφουσιν
3755 3982 3950 4049 ἐξομό-

2395 4086 2607 4145 σασθαι,
2638 4082 2751 4134 ἀλλ’
2791 4079 2882 4133 ὑπ’
2903 4080 3120 4148 ἐκείνην
3156 4076 3353 4147 μᾶλλον
3402 4075 3435 4144 ἢ
3463 4076 3560 4142 τὴν
3589 4073 3682 4126 τοῦ
3725 4072 3958 4139 Ἀγαθοῦ

2399 4175 2673 4245 βασιλείαν
2702 4169 3066 4223 νεανιεύονται
3102 4165 3412 4228 τάττεσθαι,
3460 4163 3614 4232 φέρε,
3663 4162 3954 4229 δείξωμεν,

2397 4267 2485 4317 τὸν
2525 4263 2756 4315 Βασιλέα
2785 4261 2891 4313 τῶν
2910 4261 3047 4312 ὅλων
3077 4260 3224 4320 ὅπως
3252 4256 3617 4325 ἀρνουμένους
3665 4253 3828 4306 αὑτοῦ
3857 4254 3959 4320 τὴν

739 4361 819 4407 re,
844 4355 903 4399 ut
937 4347 1236 4415 principem
1268 4364 1455 4402 eorum
1489 4360 1714 4414 evertat,
1750 4351 1947 4415 deleat,
1980 4365 2039 4407 et
2067 4356 2294 4423 spoliet;
2401 4361 2406 4425 |

2292 4397 2294 4412 .
2401 4355 2676 4425 βασιλείαν
2721 4353 2779 4404 οὐ
2846 4352 3003 4420 μέχρι
3053 4349 3146 4401 τοῦ
3204 4346 3577 4446 καταστρέψαι
3632 4347 3732 4447 τῆν
3782 4344 3959 4447 ἀρχῆν

739 4436 833 4490 sed
863 4436 1078 4502 iisdem,
1108 4448 1232 4506 post
1264 4441 1540 4506 probatam
1578 4443 1799 4495 multam
1834 4445 2293 4514 longanimitatem
2330 4517 2368 4538 n
2399 4467 2406 4497 ι

2292 4493 2293 4499 η
2399 4446 2576 4498 αὐτῶν
2602 4444 2694 4495 καὶ
2727 4440 3048 4509 ἐξαφανίσαι
3101 4437 3197 4491 καὶ
3241 4436 3530 4490 σκυλεῦσαι
3589 4436 3814 4495 τούτους
3857 4436 3959 4500 τὴν

2330 4517 2368 4538 n
2583 4533 2602 4538 ..
2856 4533 2866 4538 -
2881 4531 2894 4538 ι
2912 4531 2925 4538 -
2953 4531 2964 4538 .
3134 4529 3145 4538 ι
3229 4529 3240 4538 ι
3399 4527 3415 4538 ι
3431 4528 3446 4538 ς
3469 4527 3480 4538 ι
3756 4525 3777 4538 Δ
3878 4524 3888 4538 ο

738 4535 796 4577 et
822 4524 1158 4593 patientiam,
1185 4528 1464 4580 emendari
1491 4531 1690 4582 nesciis
1725 4530 2002 4584 interitum
2033 4533 2290 4586 immitte-
2325 4517 2368 4571 θ
2399 4541 2405 4586 ἀ

2325 4517 2368 4571 θ
2399 4538 2554 4604 δίκην
2582 4533 2812 4601 ἵστησιν,
2845 4531 2978 4583 ἀλλά
3021 4529 3159 4597 μετά
3190 4529 3290 4597 τὴν
3325 4527 3528 4595 πολλὴν
3572 4524 3958 4630 μακροθυμίαν

741 4628 819 4666 re.
847 4612 1098 4666 Fortasse
1141 4615 1302 4668 istum
1333 4616 1434 4669 sibi
1469 4617 1753 4672 imminere
1785 4620 2029 4674 videntes
2057 4662 2071 4685 ,
2130 4636 2294 4675 sensu
2397 4645 2408 4678 π

2286 4639 2294 4674 ι
2397 4628 2489 4678 καὶ
2517 4624 2714 4693 ἀνοχὴν
2738 4623 2968 4684 ἀνιάτως
2990 4621 3197 4689 ἔχουσι,
3227 4619 3330 4688 τὴν
3368 4618 3585 4685 σφαγὴν
3631 4617 3953 4682 ἐπαφίησιν.

739 4701 973 4767 quodam
1008 4701 1261 4755 facinoris
1295 4706 1375 4756 sui
1404 4707 1706 4772 capientur,
1742 4724 1842 4762 nec
1871 4710 2099 4777 ampiius
2148 4711 2296 4780 cogi-
2402 4718 2406 4736 ‘

2290 4741 2296 4750 -
2402 4717 2559 4776 Ἴσως
2589 4714 2690 4766 κᾶν
2736 4711 2866 4778 γοῦν
2906 4709 3112 4778 ταύτην
3141 4709 3324 4767 αὐτοῖς
3365 4705 3598 4774 ὁρῶντες
3628 4704 3957 4772 ἐπιφερομέ-

743 4792 955 4854 tabunt,
982 4793 1065 4845 vel
1098 4793 1297 4856 dicent,
1334 4796 1474 4849 nolle
1515 4813 1571 4851 se
1601 4808 1657 4851 ut
1685 4800 1784 4853 sibi
1819 4801 2160 4862 dominetur,
2202 4810 2299 4854 aut
2398 4825 2410 4858 ι

2293 4840 2299 4852 ι
2398 4824 2517 4874 νην,
2552 4801 2898 4871 συναίσθησίν
2927 4817 3048 4853 τινα
3095 4798 3189 4850 τοῦ
3236 4797 3584 4866 τολμήματος
3623 4796 3828 4848 λάὸωσι
3866 4797 3960 4845 καὶ

742 4889 1061 4954 corporibus
1109 4891 1226 4944 suis
1285 4892 1613 4960 reliquisque
1683 4895 1988 4948 visibilibus
2034 4895 2297 4948 creaturis
2406 4918 2409 4965 ι

2276 4911 2297 4948 5
2406 4897 2599 4967 μηκέτι
2635 4897 2770 4964 μήτε
2799 4891 3145 4961 διανοηθεῖεν,
3171 4891 3305 4959 μήτε
3335 4888 3660 4988 λέγοιεν,.μὴ
3679 4887 3852 4988 θέλειν
3873 4887 3943 4936 tu

747 4978 1004 5031 Dominus
1031 4989 1086 5031 et
1115 4979 1226 5032 Rex
1255 4980 1490 5033 universi
1526 4983 1769 5050 imperet.
1802 4979 1932 5036 Vide
1951 4983 2294 5051 enim,quam
2403 5008 2414 5040 ι

2291 5009 2294 5036 ι
2403 4989 2597 5049 αὐτοὺς
2626 4981 3085 5055 βασιλεύειν,⁷μηδ’
3112 4982 3300 5048 ἄρχειν
3327 4979 3505 5031 αὐτῶν
3529 4978 3638 5030 τῶν
3664 4978 3958 5045 σωμάτων,

745 5065 976 5134 graviter
1012 5073 1067 5118 et
1109 5080 1296 5119 severe
1334 5067 1380 5120 is
1413 5110 1428 5133 ,
1483 5070 1571 5136 qui
1617 5079 1808 5124 natura
1866 5086 1964 5125 sua
2015 5074 2292 5127 hominum
2410 5104 2412 5145 ;

2410 5082 2543 5150 μηδὲ
2571 5080 2667 5148 τῆς
2689 5078 2854 5144 ἀλλης
2883 5074 3083 5142 ὁρατῆς
3113 5075 3345 5131 κτίσεως
3373 5070 3464 5121 τὸν
3489 5072 3696 5137 Δημιου
3707 5067 3846 5168 ργδν.
3866 5069 3964 5119 καὶ

745 5171 929 5208 amans
956 5163 1077 5218 est,
1125 5165 1312 5210 contra
1359 5158 1481 5212 illos
1530 5162 1849 5215 sententiam
1906 5164 2062 5218 ferat.
2117 5166 2301 5218 Hoste:
2401 5172 2412 5223 Ι

2296 5185 2301 5204 ν
2401 5171 2632 5223 Βασιλέα
2655 5168 2746 5220 τοῦ
2776 5167 2992 5229 παντός.
3051 5165 3192 5231 Ὅρα
3221 5163 3331 5232 γὰρ
3364 5161 3486 5262 μεθ’
3530 5162 3669 5262 fieri;
3701 5159 3963 5262 τῆςάπο-

748 5263 906 5309 meos,
929 5246 1104 5313 inquit
1129 5247 1244 5310 ille,
1284 5249 1372 5316 qui
1393 5251 1669 5303 noluerunt
1707 5270 1962 5322 mesuper
1982 5271 2034 5307 se
2065 5272 2300 5325 regnare,
2397 5281 2415 5315 οι

2289 5297 2300 5319 ρ
2397 5262 2588 5329 τομίας
2618 5261 2710 5311 καὶ
2745 5257 3099 5326 σφοδρότητος
3129 5254 3225 5322 τὴν
3252 5250 3496 5320 τιμωρὸν
3526 5250 3733 5353 ἐπάγει,
3769 5247 3956 5353 ιέῆφον

747 5340 992 5394 adducite
1026 5341 1146 5406 huc,
1192 5351 1240 5395 et
1271 5353 1497 5396 mactate
1542 5361 1721 5398 coram
1765 5363 1844 5398 me
1893 5350 1960 5400 ⁸³.
2017 5349 2151 5412 Quid
2184 5350 2303 5403 ais?
2401 5373 2414 5405 π

2300 5355 2303 5373 ’
2401 5353 2516 5405 κατ’
2557 5350 2734 5404 αὐτῶν
2791 5350 2819 5400 ὁ
2848 5346 3008 5414 φύσει
3058 5343 3476 5413 φιλάνθρωπος·
3518 5340 3664 5404 Τοὺς
3709 5339 3967 5443 ἐχθρούς

749 5439 1007 5500 stupesne
1047 5431 1188 5487 hanc
1214 5434 1584 5487 sententiam?
1625 5435 1837 5505 fugisne
1879 5439 2077 5491 caedem
2123 5439 2300 5491 illam?
2397 5463 2416 5512 ι

2397 5461 2538 5512 μου,
2578 5441 2744 5509 φησὶν
2794 5439 3039 5500 ἐκεῖνος,
3098 5435 3243 5500 τοὺς
3298 5433 3384 5502 μὴ
3457 5431 3836 5499 θελήσαντάς
3889 5445 3969 5497 με

817 5549 865 5579 ⁸³
892 5551 1023 5607 Luc.
1059 5568 1170 5617 xu,
1193 5551 1284 5604 ‘27.

1799 5681 2034 5737 VARUE
2065 5681 2449 5736 LECTIONES
2491 5683 2576 5736 ΕΤ
2622 5682 2856 5746 ΝΟΤᾹΞ,

825 5818 938 5884 ⁸87)
979 5815 1090 5882 Τῆς
1123 5818 1462 5884 βασιλείας.
1527 5817 1837 5889 Legendum
1871 5830 1999 5888 puto
2026 5819 2310 5887 βασιλίδος,
2344 5835 2466 5888 qua:

2114 5819 2310 5886 ςιλὶδος,
2344 5835 2466 5888 qua:
2494 5837 2593 5874 vox
2618 5820 2786 5890 magis
2816 5824 3069 5878 convenit
3100 5819 3348 5894 sequenti
3383 5816 3781 5889 θεραπαινίδος.
