4222 6432
251 400 354 465 185

1268 393 1562 457 CONTRA
1603 392 2058 453 MANICHEOS
2094 390 2322 451 LIBER
2364 389 2460 451 IV.

3400 378 3499 447 186

245 513 619 581 ,ϐασιλεῦσαι
647 513 740 565 ἐπ’
770 510 1011 574 αὐτοὺς,
1036 508 1285 579 ἀγάγετε
1329 503 1467 570 ὧδε,
1496 507 1596 561 καὶ
1644 524 1823 559 κατα·
1853 507 1900 564 Α

1853 507 1900 564 Α
1925 524 2215 579 desistisne
2237 539 2265 575 a
2300 521 2595 576 dividendo
2621 520 2851 590 imperio
2876 519 2966 573 Dei
2996 517 3199 587 Optimi
3218 517 3242 571 τ
3261 515 3491 567 Conver-

255 608 533 677 σφὰεατε
560 604 903 674 ἔμπροσθέν
925 620 1065 671 μου.
1093 601 1352 667 Τίλέγεις
1382 618 1396 663 ;
1434 599 1679 667 φρίττεις
1726 598 1826 665 τὴν

254 701 458 768 ψῆφον,
488 698 585 750 καὶ
610 694 836 766 φεύγεις
868 696 966 762 τὴν
994 692 1253 761 σφαγήν;
1311 690 1405 742 καὶ
1438 690 1530 742 τοῦ
1583 688 1827 757 δικάζειν

253 793 559 857 ἀφίστασαι
626 788 727 858 τὴν
782 785 1060 856 βασιλείαν
1101 781 1195 835 τοῦ
1241 781 1449 849 ἀγαθοῦ
1517 780 1692 843 Θεοῦ;
1735 781 1829 831 καὶ

256 883 396 950 πρὸς
424 879 765 951 ἐπιστροφὴν
787 879 940 948 ὁρᾷς,
967 874 1051 942 ἐφ’
1087 867 1131 941 ᾧ
1161 875 1262 944 τὴν
1289 871 1624 940 Δεσποτικὴν
1650 871 1830 941 ἀρχὴν

256 973 554 1042 ὀλόκληρον
585 970 683 1040 μὲν
709 969 1014 1037 ὁμολογεῖν,
1045 968 1138 1019 καὶ
1186 964 1295 1017 τῶν
1338 964 1610 1032 σωμάτων
1648 962 1704 1014 δὲ
1738 964 1832 1014 καὶ

256 1066 360 1131 τῆς
385 1063 563 1132 ψυχῆς
610 1060 981 1130 ἀναφέρεσθαι
1031 1059 1129 1127 τὴν
1162 1056 1458 1125 κυριότητα
1492 1056 1573 1119 εἰς
1620 1054 1830 1123 αύτήν;

263 1158 296 1225 ἦ
336 1158 499 1223 μέχρι
517 1154 609 1206 τοῦ
647 1154 861 1216 παθεῖν,
896 1149 931 1204 ἃ
966 1150 1161 1203 παθεῖν
1205 1145 1561 1209 ἀθλιώτατον,
1621 1147 1716 1197 καὶ
1772 1138 1834 1197 οὗ

265 1249 343 1317 μὴ
380 1247 498 1298 ἐστι
531 1246 665 1315 μηδὲ
721 1246 929 1315 ῥήματι
971 1242 1210 1311 δηλῶσαι
1240 1238 1640 1309 χαλεπώτερον,
1682 1239 1835 1306 φιλο⁹

263 1340 504 1397 νεικείες
538 1339 645 1390 Καὶ
698 1339 806 1406 γὰρ
861 1335 971 1388 οὐδ’
999 1333 1312 1387 ἀποκτείνει
1346 1330 1527 1400 μόνον,
1554 1331 1677 1383 οὐδὲ
1734 1334 1834 1400 τῆς

263 1430 548 1500 παρούσης
582 1431 789 1497 ἀπάγει
821 1429 988 1498 ζωῆς,
1015 1427 1150 1481 ἀλλὰ
1186 1426 1323 1497 μετὰ
1345 1424 1407 1475 τὸ
1449 1424 1837 1479 ἀποκτιννύναι

266 1525 325 1575 ὲν
354 1522 700 1591 ἀτελευτήτῳ
728 1522 819 1574 καὶ
840 1519 1105 1589 ἀδιαδόχῳ
1134 1520 1328 1591 γεέννῃ
1366 1519 1558 1592 πυρὸς,
1591 1518 1687 1571 καὶ
1737 1518 1837 1587 τὴν

264 1614 447 1682 ψυχὴν
474 1615 567 1665 καὶ
587 1613 647 1665 τὸ
679 1613 837 1682 σῶμα
864 1611 1224 1681 τιμωρεῖσθαι
1257 1614 1643 1683 παραπέμπει.
1676 1611 1838 1663 Ἀλλὰ

268 1706 378 1773 γὰρ
407 1703 519 1770 ἐγώ
563 1719 645 1756 σοι
684 1705 777 1755 καὶ
827 1703 988 1771 ἕτερα
1023 1702 1275 1765 πλείονα,
1334 1703 1443 1754 εἴτε
1496 1704 1624 1772 βέλη
1660 1702 1839 1772 βούλει

266 1797 644 1862 τιτρώσκοντα
670 1795 764 1848 καὶ
811 1793 1201 1862 ὲξαφανίζοντα
1234 1793 1588 1863 πολυτρόπως
1627 1811 1687 1846 τε
1744 1796 1837 1845 καὶ

270 1886 598 1954 πολυμερῶς
623 1885 702 1938 ἔτι
737 1887 893 1938 τόσον
921 1886 1116 1949 ἀσεῦὲς
1151 1887 1425 1956 φρόνημα,
1457 1886 1565 1938 εἴτε
1594 1888 1837 1956 σωτήρια

271 1978 545 2043 ςάρμακα
569 1976 668 2045 τῆς
699 1977 852 2029 νόσου
872 1976 965 2028 καὶ
994 1977 1200 2045 ἰάματα
1228 1980 1291 2029 ἐκ
1321 1977 1419 2044 τῆς
1450 1977 1625 2046 αὐτῆς
1655 1978 1841 2045 φιλαν-

272 2067 495 2135 θρώπου
524 2069 620 2119 καὶ
672 2069 1177 2138 παντοκρατορικῆς
1245 2068 1498 2136 γλώσσης
1543 2069 1742 2132 λαϐὼν,
1778 2070 1843 2123 ἂν

1930 617 2069 669 tisne
2098 624 2148 667 te
2178 614 2242 667 ad
2265 612 2666 681 paenitentiam,
2694 622 2751 665 ut
2778 609 3066 679 imperium
3113 606 3325 660 Domini
3380 604 3501 673 ple-

1930 708 2141 759 narium
2169 704 2477 758 conﬁtearis
2505 744 2520 767 ,
2550 714 2607 757 et
2629 704 2693 756 ad
2736 703 2875 757 idem
2906 711 3019 755 tum
3057 713 3350 767 corporum
3386 707 3498 749 tum

1931 800 2125 854 anima:
2160 798 2457 851 dominium
2511 796 2846 849 transferas?
2893 810 2962 847 an
3019 793 3202 862 potius
3261 804 3499 859 pugnare

1932 900 2118 946 contra
2152 890 2280 942 illud
2314 904 2482 952 amas,
2517 902 2688 955 usque
2714 887 2841 939 dum
2876 900 2937 939 ea
2966 882 3288 953 perpetiaris
3310 922 3323 942 ,
3382 896 3501 947 qua:

1934 980 2141 1052 perpeti
2181 978 2549 1031 tristissimum
2578 987 2680 1038 est,
2716 986 2765 1029 et
2808 975 3006 1043 quibus
3038 973 3289 1044 graviora
3323 968 3504 1021 verbis

1936 1070 2161 1141 exprimi
2193 1086 2297 1122 non
2331 1069 2595 1137 possunt?
2640 1066 2882 1135 Namque
2925 1082 3032 1118 non
3074 1064 3271 1118 occidit
3305 1061 3500 1124 solum,

1936 1174 1991 1218 et
2016 1180 2081 1217 ex
2117 1162 2368 1232 praesenti
2399 1162 2507 1215 vita
2541 1160 2698 1222 tollit,
2744 1161 2839 1214 sed
2879 1169 3165 1228 postquam
3208 1157 3508 1210 intereme-

1938 1257 2031 1317 rit,
2072 1264 2126 1308 te
2155 1255 2206 1307 in
2232 1264 2550 1323 perpetuam
2581 1269 2683 1307 nec
2734 1252 3025 1305 ﬁniendam
3094 1265 3332 1317 unquam
3418 1262 3510 1317 ge-

1940 1348 2173 1402 hennam
2208 1348 2365 1418 ignis,
2407 1348 2587 1400 anima
2613 1356 2667 1401 et
2701 1363 2928 1415 corpore
2970 1342 3332 1413 puniendum.
3362 1341 3511 1392 able-

1941 1451 2046 1511 gat.
2077 1440 2367 1493 Enimvero
2402 1448 2455 1492 et
2474 1439 2577 1491 alia
2611 1439 2705 1491 tibi
2736 1438 2890 1504 plura
2929 1476 2944 1499 ,
2998 1438 3114 1489 sive
3157 1435 3259 1487 tela
3316 1432 3511 1491 mavis,

1942 1533 2160 1602 impiam
2204 1534 2347 1585 hanc
2389 1530 2715 1585 sententiam
2749 1528 2911 1581 variis
2953 1527 3125 1580 modis
3166 1524 3511 1578 conﬁcientia

1941 1634 1994 1678 et
2020 1620 2406 1682 confodientia,
2440 1620 2554 1672 sive
2584 1618 2841 1671 salutaria
2879 1624 3066 1669 contra
3102 1613 3347 1665 morbum
3399 1626 3512 1662 nie-

1940 1714 2208 1767 dicamina
2237 1729 2299 1766 ex
2350 1712 2516 1765 verbo
2558 1711 2669 1763 oris
2701 1706 3094 1777 omnipotentis
3124 1715 3178 1759 et
3234 1703 3514 1757 hominum

1943 1803 2173 1855 amantis
2210 1802 2494 1869 desumpta
2536 1800 2794 1863 aﬂ‘eram,
2848 1807 2904 1850 et
2960 1798 3025 1849 ad
3083 1793 3514 1864 propulsmdum

1941 1893 2188 1947 morbum
2223 1891 2460 1944 studium
2488 1889 2787 1948 conferam,
2818 1890 2859 1940 si
2897 1888 3035 1940 forte
3058 1884 3277 1939 sanitati
3303 1880 3516 1935 restitui

1944 1984 2145 2053 potius,
2181 1998 2342 2052 quam
2390 1997 2455 2035 ex
2497 1980 2814 2035 vulneribus
2865 1986 3132 2047 perpetuo
3189 1974 3518 2030 decumbere

1948 2075 2157 2142 cupias.

271 2157 383 2229 ἄρα
417 2178 499 2213 σοι
523 2163 621 2231 τῆς
656 2162 843 2229 ὑγείας
865 2164 1023 2232 ερωξ,
1060 2162 1180 2215 ἀντὶ
1221 2163 1315 2216 τοῦ
1377 2165 1732 2217 κατακεῖσθαι
1770 2170 2315 2239 τετραυματισμένῳ,
2382 2168 2727 2238 περιγέγονε,
2752 2167 3028 2235 προοεσω,
3071 2166 3165 2216 καὶ
3226 2164 3360 2233 προς
3416 2161 3513 2229 τὴν

273 2257 597 2328 ἀπαλλαγὴν
637 2258 1073 2327 συναγωνίσομαι
1094 2259 1188 2311 τοῦ
1215 2262 1543 2329 νοσήματος.

346 2354 421 2403 At,
452 2349 758 2419 Ἐχὴρυσσε
793 2347 885 2399 τὸν
928 2348 1166 2417 Χριστὸν
1196 2352 1223 2402 ὁ
1244 2349 1503 2419 Ἰωάννης
1552 2351 1720 2419 μήπω
1750 2350 1848 2419 τῆς

274 2443 504 2510 χάριτος
534 2438 841 2509 μετασχὼν,
893 2438 1007 2491 ἀλλ’
1042 2439 1121 2490 ἐτι
1151 2437 1227 2508 τῷ
1268 2440 1417 2509 νόμῳ
1456 2438 1844 2507 παιδαγωγού-

281 2550 465 2602 μενος.
510 2532 811 2600 Ἐκήρυσσε
844 2530 899 2583 δὲ
929 2529 1196 2598 θεολογῶν
1249 2531 1346 2600 μὲν
1399 2532 1582 2592 αὑτὸν,
1638 2525 1721 2594 οἷς
1749 2531 1843 2584 τοῦ

277 2624 488 2694 κόσμου
514 2623 611 2691 τὴν
656 2620 929 2691 ἁμαρτίαν
981 2621 1156 2691 αἴρειν
1198 2622 1369 2674 ἆπασι
1423 2622 1851 2693 διεμαρτύρατο,

278 2716 377 2769 καὶ
408 2709 492 2777 οἷς
518 2713 681 2767 αὑτὸν
713 2713 837 2766 Υἰδν
884 2712 1018 2765 Θεοῦ
1067 2714 1160 2766 καὶ
1184 2715 1241 2766 ὲν
1294 2714 1428 2785 πυρὶ
1475 2714 1570 2765 καὶ
1610 2716 1667 2766 ὲν
1712 2714 1851 2783 ἁγίῳ

280 2809 618 2877 βαπτίζοντα
647 2804 948 2874 Πνεύματι,
972 2807 1221 2860 τουτέστι
1246 2810 1312 2876 τῇ
1338 2807 1575 2877 ἐμπύρῳ
1600 2808 1692 2859 καὶ
1711 2824 1853 2878 πρη-

280 2901 493 2969 στηρίῳ
514 2899 623 2969 (88)
655 2898 747 2951 τοῦ
803 2898 1117 2967 Πνεύματος
1165 2897 1395 2967 δυνάμει
1450 2898 1548 2968 τὴν
1598 2916 1845 2952 καταπε-

279 2992 488 3045 σοῦσαν
517 2990 677 3061 ήμῶν
721 2990 885 3059 φύσιν
928 2990 1341 3059 ἀναχωνεύοντά
1393 3008 1451 3043 τε
1492 2992 1583 3043 καὶ
1629 2992 1857 3044 ἀνακαιο

278 3086 503 3150 νίζοντα
532 3084 795 3154 ἐλευθέρα
823 3084 974 3152 φωνῇ
1015 3082 1382 3135 ἀνεδίδασκεν.
1428 3081 1736 3152 Ἐκήρυσσε
1793 3082 1850 3134 δὲ

280 3176 508 3231 καὶτὸν
565 3176 806 3246 Πατέρα,
861 3174 1129 3242 θεολογῶν
1187 3191 1246 3227 τε
1297 3174 1483 3239 αὐτὸν,
1514 3176 1607 3227 καὶ
1639 3177 1702 3228 ἐκ
1744 3176 1851 3226 τῶν

277 3266 449 3318 λίθων
494 3266 703 3335 ἐγεῖραι
740 3266 906 3317 τέκνα
932 3263 1009 3333 τῷ
1054 3262 1305 3333 Ἀϐραάμ
1358 3264 1456 3333 τὴν
1512 3265 1671 3333 ίσχῦν
1700 3265 1852 3317 ἀκώ-

279 3343 458 3410 λυτοᾶ
477 3356 687 3425 ἔχοντα.
721 3356 827 3407 Καὶ
856 3355 918 3406 τὸ
958 3354 1183 3423 Πνεῦμα
1211 3354 1289 3419 δὲ,
1322 3352 1403 3417 οἷς
1432 3372 1489 3407 τε
1520 3355 1578 3419 ἐξ
1620 3357 1852 3425 ούρανοῦ

282 3450 571 3520 προελθεῖν
601 3448 886 3510 ἐθεάσατο,
914 3447 1007 3500 καὶ
1044 3444 1125 3508 οἷς
1155 3447 1249 3499 ἐπὶ
1290 3448 1384 3499 τὸν
1416 3447 1542 3498 Υίὸν
1584 3448 1679 3499 τοῦ
1720 3448 1854 3500 Θεοῦ

280 3546 378 3595 τὸν
413 3541 676 3610 μονογενῆ
706 3538 1034 3607 ἐπεφοίτησέ
1059 3555 1140 3599 τε,
1163 3539 1256 3591 καὶ
1270 3536 1345 3601 ὡς
1382 3539 1656 3607 ὁμοουσίῳ
1684 3556 1855 3608 προσ-

284 3638 473 3703 έμενε,
508 3634 600 3685 καὶ
620 3633 678 3685 τό
707 3649 771 3701 γε
802 3629 1277 3700 Θεολογικώτερον,
1328 3625 1407 3692 οἷς
1435 3631 1689 3683 κοινωνὸν
1725 3632 1856 3682 αὐτὸ

282 3726 387 3795 τῆς
414 3723 680 3794 ὲργασίας
706 3720 1026 3790 ἀνομολογεῖ
1046 3718 1181 3789 (89),
1221 3717 1288 3772 δι’
1320 3714 1389 3790 ἧς
1431 3719 1730 3787 ἡσωτηρία
1764 3717 1854 3769 τοῦ

284 3819 494 3885 κόσμου
526 3811 983 3884 ἐπαρρησιάζετο.
1024 3812 1135 3863 Καὶ
1164 3810 1273 3880 γὰρ
1309 3811 1492 3879 κοινὴν
1541 3811 1725 3869 αὐτοῖς
1768 3807 1856 3875 τὴν

282 3906 394 3957 τῶν
442 3904 746 3973 ἀνθρώπων
779 3901 1055 3972 σωτηρίαν
1089 3901 1408 3970 ἀνατίθησιν
1433 3913 1446 3926 ·
1483 3902 1641 3968 εῐπερ
1681 3901 1709 3950 ό
1755 3899 1855 3967 μὲν

285 4002 435 4066 αἴρει
475 3997 573 4064 τὴν
619 3994 897 4063 ἁμαρτίαν
936 3992 1029 4045 τοῦ
1060 3994 1285 4061 κόσμου,
1324 3990 1461 4060 α’ύτη
1500 3991 1558 4042 δὲ
1589 3991 1666 4060 τῷ
1716 4008 1855 4043 παν-

286 4091 431 4158 αγίῳ
463 4088 738 4157 Πνεύματι
770 4085 1092 4154 καθαίρεταί
1129 4085 1296 4137 τεκαὶ
1318 4084 1715 4152 ἀποσμήχεται.
1750 4084 1857 4135 Καὶ

286 4184 398 4251 γὰρ
463 4183 728 4253 λαμπρῶς
785 4181 1186 4251 ἀνακέχραγεν,
1234 4180 1310 4242 ὼς
1363 4180 1391 4231 ὁ
1471 4180 1695 4247 κόσμος,
1757 4179 1856 4245 τῆς

287 4276 568 4344 ἁμαρτίας
596 4274 693 4344 τὴν
722 4274 1035 4342 ἐλευθερίαν
1062 4273 1375 4342 δεχόμενος,
1407 4273 1499 4323 καὶ
1530 4272 1627 4340 τῆς
1678 4288 1857 4340 σωτη-

292 4366 414 4436 ρίας
451 4363 790 4434 ἀξιούμενος,
831 4365 909 4434 τῷ
955 4364 1209 4433 παναγὶῳ
1258 4364 1538 4430 Πνεύματι
1594 4359 1711 4414 εἶτα
1764 4362 1857 4414 καὶ

289 4458 429 4528 ττυρλ⁵
465 4457 886 4527 βαπτιζόμενος,
920 4457 991 4509 δι’
1012 4451 1077 4509 οῦ
1113 4456 1211 4525 τὴν
1268 4456 1547 4527 πυρφόρον
1587 4457 1681 4507 καὶ
1728 4455 1857 4524 δρα-

2018 2345 2102 2400 IV.
2145 2346 2466 2401 Pnedicavit
2491 2346 2767 2399 Christum
2795 2344 3052 2407 Joannes,
3083 2343 3305 2397 fmdcris
3336 2346 3520 2413 gratiae

1946 2439 2187 2493 nondum
2234 2440 2508 2508 particeps
2542 2479 2557 2502 ,
2607 2438 2705 2491 sed
2758 2437 3061 2490 secundum
3112 2437 3284 2506 legem
3341 2438 3522 2490 adhuc

1947 2529 2161 2582 ductus.
2196 2528 2516 2583 Praadicavit
2552 2539 2733 2581 autem
2762 2544 2907 2592 eum,
2949 2537 3004 2581 et
3041 2527 3209 2579 Deum
3245 2528 3523 2595 professus

1950 2630 2033 2674 est
2055 2620 2119 2672 iis
2151 2620 2282 2673 locis
2305 2619 2587 2681 omnibus,
2623 2619 2818 2687 quibus
2861 2621 3087 2671 testatus
3116 2629 3199 2671 est
3239 2634 3363 2671 eum
3396 2634 3523 2687 pec-

1951 2723 2069 2766 cata
2101 2712 2287 2766 mundi
2320 2712 2526 2775 tollere,
2549 2721 2603 2766 et
2627 2711 2823 2779 quibus
2848 2711 3020 2779 ipsum
3052 2710 3144 2763 Dei
3183 2710 3375 2763 Filium
3403 2712 3527 2780 igne

1952 2813 2007 2859 et
2039 2804 2243 2873 Spiritu
2270 2813 2460 2858 sancto
2491 2803 2877 2871 baptizantem,
2934 2802 2985 2855 id
3018 2813 3123 2865 est,
3150 2802 3302 2872 ignea
3336 2812 3390 2855 et
3415 2802 3527 2855 ful-

1952 2897 2129 2951 minea
2164 2896 2400 2965 Spiritus
2428 2896 2627 2950 virtute
2656 2905 2904 2949 naturam
2939 2907 3181 2947 nostram
3212 2896 3526 2963 depressam

1952 2991 2278 3046 excitantem
2306 2999 2361 3043 et
2396 2996 2750 3043 renovantem
2790 2988 2958 3041 libera
2988 3002 3119 3041 voce
3167 2988 3524 3041 demonstrat.

1958 3082 2429 3137 Praedicavitvero
2459 3089 2513 3136 et
2544 3082 2782 3144 Patrem,
2817 3096 3075 3149 eumque,
3115 3090 3173 3135 ut
3211 3082 3401 3143 Deum,
3444 3081 3530 3132 in—

1959 3175 2177 3229 dubiam
2218 3183 2540 3242 potestatem
2581 3173 2744 3226 etiam
2790 3189 2856 3227 ex
2907 3172 3175 3241 lapidibus
3220 3172 3531 3224 Abrahamo

1963 3267 2099 3319 lilios
2151 3265 2464 3335 procreandi
2523 3265 2722 3319 habere
2764 3265 3044 3335 professus
3072 3274 3175 3318 est.
3210 3263 3533 3318 Praedicavit

1960 3373 2090 3411 vero
2111 3357 2275 3411 etiam
2308 3357 2567 3426 Spiritum
2596 3368 2866 3421 sanctum,
2892 3358 3110 3427 quando
3133 3372 3257 3410 eum
3289 3373 3350 3409 ex
3382 3357 3534 3410 caelis

1962 3450 2307 3519 prodiisse,et
2338 3450 2390 3501 in
2427 3450 2617 3503 Filium
2657 3450 2747 3503 Dei
2786 3451 3125 3520 unigenitum
3156 3450 3531 3513 descendisse,

1962 3550 2017 3595 et
2041 3556 2203 3607 super
2230 3554 2295 3592 eo
2348 3548 2601 3607 tanquam
2643 3539 2886 3607 ejusdem
2920 3541 3174 3594 essentia:
3214 3541 3533 3594 consedisse

1963 3633 2128 3693 videt,
2157 3632 2285 3694 imo,
2317 3634 2462 3701 quod
2496 3634 2667 3703 magis
2698 3632 2867 3686 Deum
2895 3633 3084 3697 infert,
3134 3634 3351 3703 quando
3406 3649 3532 3687 eum

1964 3738 2017 3780 ut
2044 3728 2357 3796 participem
2380 3727 2562 3795 operis
2590 3728 2849 3792 celebrat,
2873 3728 2928 3781 in
2958 3744 3067 3798 quo
3093 3729 3238 3782 salus
3266 3728 3451 3782 mundi
3476 3745 3535 3782 se

1962 3818 2401 3886 conspiciendam
2447 3818 2697 3887 prazbuit.
2750 3819 2993 3887 Namque
3044 3820 3257 3888 utrique
3315 3835 3535 3873 causam

1965 3912 2153 3968 salutis
2196 3912 2477 3965 hominum
2522 3923 2801 3981 acceptam
2844 3913 2971 3968 lert.
3022 3913 3169 3965 Alter
3203 3913 3349 3965 enim
3399 3911 3537 3964 tollit

1965 4015 2246 4075 peccatum
2287 4004 2497 4069 mundi,
2533 4006 2637 4059 hoc
2669 4015 2849 4059 autem
2880 4021 2976 4074 per
3006 4003 3271 4073 Spiritum
3308 4004 3539 4057 sanctis-

1965 4096 2160 4149 simum
2187 4096 2477 4149 mundatur
2502 4106 2556 4149 et
2583 4097 2933 4165 abstergitur.
2966 4095 3127 4148 Clare
3161 4096 3305 4148 enim
3336 4095 3538 4148 clama—

1966 4191 2063 4253 vit,
2090 4190 2229 4258 quod
2259 4189 2512 4251 mundus,
2537 4205 2565 4241 a
2598 4200 2822 4258 peccato
2850 4189 3126 4253 liberatus,
3164 4199 3218 4242 et
3246 4189 3419 4242 salute
3454 4189 3537 4241 di-

1967 4297 2102 4350 gnus
2133 4281 2367 4342 habitus,
2420 4291 2532 4333 tum
2574 4295 2703 4333 vero
2750 4279 2962 4349 Spiritu
3029 4290 3219 4335 sancto
3251 4297 3314 4333 ac
3350 4288 3539 4347 postea

1968 4372 2089 4442 igne
2142 4370 2478 4439 baptizatus,
2531 4386 2628 4439 per
2686 4386 2848 4440 quem
2913 4370 3018 4423 vim
3080 4370 3314 4438 Spiritus
3360 4370 3539 4422 sancti

1969 4463 2199 4533 igneam,
2224 4462 2494 4517 elhcacem
2528 4472 2581 4516 et
2625 4462 2980 4531 cxpiatoriam
3030 4461 3334 4528 intelligere
3388 4461 3538 4521 licet,

292 4552 488 4618 στικὴν
530 4549 624 4601 καὶ
672 4548 967 4618 καθάρσιον
1019 4547 1113 4600 τοῦ
1151 4548 1463 4617 Πνεύματος
1513 4548 1667 4616 ἰσχὺν
1706 4548 1855 4600 ἐστιν
1882 4559 1933 4617 1)

1882 4559 1933 4617 D
1961 4566 2110 4611 tanto
2144 4556 2409 4611 beneficio
2434 4556 2662 4609 lruatur.
2695 4554 2937 4619 Quorum
2968 4568 3101 4606 vero
3123 4567 3260 4621 opus
3287 4566 3539 4604 commu—

290 4641 676 4711 ἐκμανθάνειν,
707 4642 803 4707 τῆς
832 4640 1166 4708 τηλικαύτης
1199 4639 1514 4708 εὐεργεσίας
1543 4640 1852 4693 ἀπολαύου-

293 4751 400 4787 σιν.
437 4725 537 4783 Ὧν
557 4733 614 4785 δὲ
650 4731 711 4783 τὸ
745 4733 903 4801 ἔργον
932 4732 1109 4785 κοινὸν
1127 4732 1219 4784 καὶ
1250 4732 1575 4802 ἀμέριστον,
1605 4734 1699 4785 καὶ
1739 4732 1861 4784 τότε

294 4826 501 4892 κόσμου
554 4824 944 4893 ἀνακαινισμὸς
989 4825 1082 4875 καὶ
1130 4822 1454 4885 ἀνάπλασις,
1488 4823 1606 4885 πῶς
1676 4825 1774 4893 οὐχ
1830 4826 1863 4892 ἡ

292 4916 435 4983 αὐτὴ
466 4915 563 4983 μὲν
584 4915 793 4976 τούτοις
836 4915 1018 4981 φύσις,
1062 4916 1091 4983 ἡ
1133 4913 1268 4981 αὑτὴ
1317 4913 1600 4983 δὲείσχὺς,
1652 4916 1684 4983 ή
1726 4916 1862 4985 αὑτὴ

290 5008 350 5060 δὲ
382 5006 764 5076 φιλανθρωπία
794 5010 887 5059 καὶ
931 5007 1193 5077 πρόνοιαξ;
1233 5006 1390 5059 Οὕτω
1434 5005 1566 5073 γοῦν
1599 5005 1657 5071 ἐξ
1693 5008 1861 5075 αὐτῆς

1962 4662 2032 4700 ne
2060 4655 2145 4700 est
2173 4654 2229 4697 et
2265 4645 2557 4698 indivisum
2584 4686 2598 4708 ,
2649 4644 2793 4712 quod
2830 4642 3023 4696 mundi
3080 4639 3436 4694 renovatione
3486 4645 3543 4689 ct

1962 4735 2303 4805 reparatione
2330 4737 2675 4795 continetur,
2714 4733 2989 4802 quomodo
3030 4732 3135 4785 illis
3185 4745 3293 4783 non
3346 4729 3539 4782 eadem

1962 4835 2177 4887 natura,
2205 4826 2393 4879 eadem
2433 4841 2558 4878 vero
2589 4826 2755 4878 etiam
2784 4834 3048 4893 potestas,
3080 4821 3274 4875 eadem
3302 4820 3542 4887 denique

1963 4918 2274 4970 humanitas
2300 4926 2353 4971 et
2383 4917 2723 4986 providentia
2757 4916 2959 4970 fuerit?
2996 4914 3097 4979 Qui
3128 4914 3293 4984 igitur
3339 4913 3391 4965 in
3424 4912 3544 4979 ipso

1964 5010 2150 5064 limine
2182 5011 2348 5064 Deum
2385 5010 2582 5064 trinum
2630 5009 2965 5081 pradicavit,
3005 5017 3060 5061 et
3093 5004 3435 5060 tremendo-in
3476 5018 3543 5056 ac

1402 5140 1635 5196 VARIAS
1673 5140 2052 5197 LECTIONES
2089 5141 2178 5195 ΕΤ
2216 5140 2446 5196 ΝΟΤιΈ.

365 5260 482 5326 (88)
515 5258 622 5311 Kal
649 5258 1015 5325 χρηστηρίῳ.
1047 5258 1235 5312 Varias
1263 5258 1542 5324 phraseos,
1594 5259 1650 5309 ἐν
1684 5260 1855 5311 Πνευ-

294 5348 429 5398 ματι
457 5329 550 5381 καὶ
576 5329 729 5398 πυρί,
758 5343 875 5394 qua:
913 5328 1105 5382 Matth.
1146 5345 1225 5392 ιιι,
1263 5330 1350 5393 Η,
1379 5337 1574 5390 exstat,
1621 5330 1857 5397 explica-

294 5402 472 5455 tiones
526 5398 667 5467 apud
735 5398 920 5467 Patres
982 5399 1277 5459 inveneris,
1336 5414 1563 5467 quarum
1648 5410 1857 5466 partem

290 5471 519 5524 exhibet
545 5466 631 5522 Jo.
662 5466 1111 5537 Casp.Svicerus,
1162 5470 1215 5521 in
1266 5466 1526 5522 Thesauro
1551 5468 1854 5522 Ecclesiast.

293 5551 430 5593 tom.
463 5540 501 5602 I,
536 5555 588 5607 p.
621 5540 727 5593 629
756 5554 869 5606 seq.
896 5540 977 5594 Ad
1011 5540 1181 5593 nostri
1218 5537 1396 5593 l‘hotii
1435 5539 1575 5591 illam
1610 5541 1858 5605 proxime

292 5611 507 5663 accedit
536 5610 767 5679 Cyrillus
796 5608 1193 5663 Alexandrinus
1224 5609 1320 5662 lib.
1350 5626 1431 5668 ni.
1460 5608 1778 5679 Glaphyran
1805 5609 1857 5679 in

296 5678 661 5748 Exodum,’p.
686 5680 810 5742 39.2,
854 5679 926 5733 ita
950 5680 1191 5734 scribens
1228 5696 1242 5731 :
1272 5680 1411 5747 Ilup‘v.
1450 5678 1527 5745 τῷ
1559 5678 1735 5747 νοητῷ
1770 5678 1861 5748 τὸν

296 5751 356 5800 ἐν
388 5751 521 5821 ἡμῖν
544 5747 855 5821 δαπανῶντι
878 5750 1165 5821 συρφετὸν,
1211 5749 1303 5821 κα).
1348 5749 1437 5800 τὸν
1489 5748 1547 5821 έξ
1579 5747 1859 5821 ἀμαρτίας

298 5817 590 5885 ἑκτήκοντι
622 5819 811 5887 ῥύπον,
844 5817 1361 5889 καὶάποψύχεσθαι
1414 5819 1549 5888 πρὸς
1599 5818 1861 5880 ἐκτύπους

1962 5258 2161 5327 ἡδονὰς
2206 5257 2307 5307 οὐκ
2327 5324 2347 5327 Δ
2368 5256 2583 5327 ἀφιέντι
2630 5252 2905 5327 τὸνΑνοῦν,
2944 5248 3437 5327 ἀποτετελέσμεθα-
3479 5248 3539 5301 δὲ

1964 5318 2137 5397 ταύτῃ
2169 5343 2249 5397 τοι
2282 5324 2358 5394 τῷ
2418 5318 2690 5392 πνεύματι
2739 5324 2986 5387 ζέοντεςο
3043 5324 3142 5375 hoc
3204 5330 3288 5373 est
3319 5335 3359 5397 _:
3413 5318 3545 5397 Igne

1964 5391 2235 5465 spiriiimli
2264 5391 2592 5449 consumente
2626 5397 2774 5463 [αδδεδ
2796 5406 3023 5455 nostras,
3050 5402 3095 5445 et
3128 5392 3328 5465 peccati
3358 5391 3539 5465 sordes

1969 5460 2291 5538 desumente,
2351 5483 2441 5519 nec
2480 5460 2826 5538 permittente,
2876 5473 2930 5517 ut
3005 5479 3179 5538 mens_
3222 5460 3541 5538 inordinati}!

1967 5537 2321 5602 voluptatibus
2383 5532 2650 5605 frigescat,
2705 5536 2802 5587 hac
2862 5544 3036 5605 autem
3074 5532 3277 5585 ratione
3326 5532 3539 5605 perfecti

1967 5600 2145 5658 sum
2185 5607 2312 5674 [acti
2350 5600 2539 5675 spiritu
2570 5607 2841 5673 ferventes.
2887 5604 3021 5657 Vide
3066 5618 3187 5673 qua:
3225 5600 3387 5669 paulo
3418 5606 3541 5667 post

1970 5675 2165 5728 Noster
2197 5675 2356 5728 aﬂert
2389 5678 2564 5743 plura.

1969 5816 1999 5868 λ
2041 5745 2175 5828 (δρ)
2253 5738 2654 5814 Ἀνολιολογεῖ.
2715 5747 2793 5797 lta
2855 5741 3111 5813 rescripsi
3176 5756 3274 5811 pro
3342 5738 3539 5803 ἀνομο-

2003 5832 2170 5868 ογειν.

2003 5832 2170 5885 ογειν.
