4222 6432
737 413 831 475 l8'l

1886 399 2147 461 PllOTlI
2189 395 2691 458 PATRIARCIM‘I
2721 396 2831 454 CP.

3860 403 3961 469 188

733 527 1100 582 venerandum
1133 527 1327 591 degma
1371 522 1475 573 hoc
1511 520 1563 572 in
1611 517 1833 572 introitu
1871 517 2150 570 concionis
2185 531 2295 568 sua:
2326 527 2367 576 Α
2398 548 2400 561 ι

2290 535 2295 565 ε
2326 527 2367 576 Α
2398 514 2578 574 ἐστίας
2610 511 2876 578 θεολογῶν
2908 510 3007 580 τὴν
3031 513 3258 582 Τριάδα,
3290 515 3381 568 καὶ
3422 516 3483 569 τὸ
3525 517 3625 586 τῆς
3674 520 3957 589 θεολογίας

732 617 1030 688 proposuit,
1051 615 1195 683 quod
1219 614 1475 666 Servatur
1499 619 1622 678 post
1654 609 2105 662 resurrectionem
2137 608 2293 660 disci-

732 707 870 774 pulis
900 704 1013 758 suis
1040 704 1238 756 clarius
1274 699 1560 767 explicavit
1591 738 1605 760 ,
1660 714 1788 750 num
1837 697 1882 749 is
1930 698 2147 749 aliunde
2177 697 2292 748 haec

733 795 999 855 hausisse,
1023 802 1078 845 et
1115 790 1315 843 dixisse
1354 804 1418 841 ac
1466 788 1785 855 pra-dicasse
1833 786 1929 838 tibi
1972 787 2203 847 videtur,
2236 793 2294 836 ut

735 887 814 940 vel
866 887 1034 954 legem
1066 881 1249 951 gratia:
1281 880 1611 932 contrariam
1650 878 1875 939 dixerit,
1936 881 2017 930 vel
2058 876 2290 946 negarit,

731 995 879 1040 eum,
927 975 1016 1043 qui
1066 988 1131 1026 ex
1173 970 1442 1040 lapidibus
1486 969 1798 1022 Abrahamo
1831 983 2016 1021 semen
2059 968 2292 1021 excitare

734 1068 920 1138 possit,
951 1065 1295 1118 Servatorem
1323 1060 1509 1114 mundi
1555 1060 1725 1111 lilium
1757 1074 1914 1111 suum
1953 1069 2008 1112 et
2036 1057 2290 1110 dilectum

732 1179 873 1223 esse,
895 1157 1150 1212 omnibus
1182 1152 1625 1208 demonstrasse?
1649 1151 1706 1205 Si
1736 1166 1888 1214 vero,
1920 1150 2010 1218 qui
2046 1148 2147 1202 sub
2178 1149 2293 1216 lege

732 1253 916 1321 gratia:
946 1252 1225 1318 prazcon'es
1256 1246 1494 1306 fuerunt,
1529 1254 1585 1296 et
1621 1245 1736 1312 ipse
1766 1257 1981 1310 quoque
2021 1241 2293 1308 legislator

735 1347 894 1405 Deus,
925 1343 1014 1410 qui
1049 1350 1219 1393 totum
1239 1347 1392 1390 vetus
1423 1346 1803 1389 testamentum
1828 1331 2293 1395 inSIituit,Filium

734 1434 1007 1503 proprium
1037 1433 1199 1483 Deum
1223 1429 1429 1480 Bonum
1454 1436 1508 1479 et
1527 1424 1708 1478 mundi
1734 1423 2076 1476 Servatorem
2101 1435 2297 1474 renun-

735 1526 924 1587 tiavit,
981 1536 1215 1589 eumque
1267 1535 1403 1588 aqua
1454 1518 1822 1584 baptizatum,
1867 1515 2139 1583 quomodo
2186 1528 2294 1565 non

733 1616 934 1677 omnia,
961 1630 1081 1682 qua:
1121 1613 1173 1664 in
1213 1613 1329 1680 lege
1357 1621 1410 1663 et
1439 1609 1608 1678 gratia
1653 1616 1802 1669 sunt,
1837 1606 2082 1676 ejusdem
2114 1604 2296 1673 prori-

734 1706 950 1766 dentiae,
979 1721 1123 1758 cura:
1141 1714 1196 1758 et
1213 1701 1469 1758 bonitatis
1484 1713 1649 1768 opera
1672 1713 1735 1753 ac
1752 1707 2021 1768 praecepta
2048 1694 2294 1750 habenda

733 1798 935 1850 erunt?

808 2011 870 2065 ν.
901 2011 1198 2066 Considera
1226 2025 1357 2065 vero
1382 2009 1579 2074 simul,
1615 2008 1815 2077 quibus
1841 2008 2103 2063 encomiis
2129 2005 2296 2060 Joan-

737 2121 858 2156 m-in
894 2113 1092 2156 mactet
1111 2100 1386 2165 Servatur,
1415 2100 1632 2169 quando
1653 2116 1777 2153 eum
1810 2099 2012 2152 divitiis
2042 2099 2296 2151 omnibus

737 2194 1098 2260 superiorem,
1124 2201 1180 2244 et
1206 2206 1369 2258 supra
1395 2205 1614 2243 omnem
1639 2189 1825 2242 mundi
1848 2189 2042 2240 fastum
2065 2188 2296 2241 colloca-

740 2295 872 2344 tum,
906 2287 958 2335 in
995 2282 1096 2334 [ide
1136 2290 1397 2349 praeterea
1428 2279 1664 2340 ﬁrmum,
1693 2295 1756 2332 ac
1781 2279 1834 2331 in
1873 2280 2156 2333 sententiis
2196 2279 2296 2331 bo-

739 2377 822 2428 nis
850 2377 1116 2442 rectisque
1163 2374 1378 2427 tuendis
1421 2373 1704 2426 immotum
1736 2372 2050 2441 pronuntiat
2097 2372 2163 2424 ⁶³.
2216 2371 2296 2425 Ab

740 2467 823 2518 his
852 2466 1026 2533 ipsum
1051 2464 1355 2526 celebrans,
1383 2464 1526 2527 vide,
1564 2478 1725 2531 quam
1761 2466 1915 2534 longe
1933 2465 2094 2518 altius
2122 2464 2296 2517 virum

738 2559 951 2617 ederat,
999 2557 1382 2624 neminemque
1428 2557 1572 2610 inter
1605 2557 1815 2624 genitos
1862 2572 1928 2610 ex
1978 2557 2299 2610 mulieribus

739 2667 864 2704 cum
886 2666 952 2701 eo
979 2650 1426 2716 comparandum,
1449 2649 1543 2702 sed
1571 2650 1803 2716 palmam
1834 2649 2088 2702 omnibus
2112 2649 2301 2717 praui-

743 2745 1005 2812 pientem,
1037 2742 1212 2794 sistat.
1246 2740 1437 2794 Postea
1463 2757 1492 2793 a
1515 2741 1716 2793 virtute
1736 2741 1807 2792 ita
1832 2740 2109 2794 laudatum
2135 2740 2298 2793 etiam

743 2835 1063 2903 prophetam
1080 2839 1134 2884 et
1156 2831 1418 2900 propheta
1435 2832 1693 2899 majorem
1708 2832 1962 2899 appellat,
1983 2832 2301 2899 prophetam

743 2927 982 2993 quidem,
1021 2933 1080 2976 ut
1114 2923 1446 2985 ostenderet,
1488 2922 1872 2990 prophetarum
1908 2937 2101 2974 nomen
2152 2922 2302 2989 ejus-

744 3030 849 3082 que
879 3029 1036 3068 usum
1069 3013 1329 3081 ejusmodi
1365 3013 1623 3080 operibus
1650 3023 1704 3066 et
1737 3014 2131 3083 praerogativis,
2183 3028 2304 3081 qua:

746 3105 1000 3160 bonitatis
1049 3105 1187 3158 dona
1239 3112 1396 3168 sunt,
1460 3105 1922 3157 accommodatum
1987 3119 2129 3157 esse.
2173 3102 2304 3156 Pro-

2396 605 2618 673 φρικτὸν
2644 605 2734 654 καὶ
2766 603 2962 654 σεπτὸν
2997 605 3228 674 μάθημα
3282 610 3342 658 ἐν
3375 609 3671 679 προθύροις
3703 611 3799 664 τοῦ
3858 631 3959 681 κη-

2396 698 2673 766 ρύγματος
2707 694 3089 761 ἀπαγγέλλων,
3122 697 3151 749 ὃ
3191 699 3328 766 μετά
3354 698 3452 769 τὴν
3502 702 3798 755 ἀνάστασιν
3848 708 3962 766 τοῖς

2396 789 2704 856 μαθηταῖςό
2734 787 2924 855 Σωτήρ
2949 786 3383 858 τηλαυγέστερον
3405 790 3714 860 παρεδίδου,
3740 788 3850 861 ἆρά
3877 810 3959 844 σοι

2393 877 2612 932 ἄλλοθεν
2637 876 2982 958 ἐπιπνεῖζθαι
3012 876 3186 930 ταῦτα
3213 880 3307 929 καὶ
3324 878 3504 947 λέγειν
3536 881 3630 934 καὶ
3662 883 3960 951 κηρύσσειν

2391 968 2665 1037 δόξειεν,ἢ
2693 967 2768 1030 ὼς
2786 968 2948 1038 νόμος
2979 969 3306 1039 ἀσύμφωνος
3325 971 3560 1042 ὑπάρχει
3589 977 3654 1045 τῇ
3683 976 3890 1044 χάριτι,
3922 976 3956 1045 ἢ

2391 1057 2464 1118 ὡς
2499 1059 2526 1108 ό
2547 1058 2609 1108 ἐκ
2636 1055 2797 1108 λίθων
2826 1056 3055 1127 ἐγείρων
3082 1059 3249 1112 τέκνα
3281 1059 3359 1129 τῷ
3403 1062 3650 1132 ’Λὸρσάμ
3679 1064 3829 1129 Θεὸς,
3859 1066 3960 1134 οὐχ

2392 1151 2420 1201 6
2451 1149 2610 1211 αὐτὸς
2642 1147 2768 1200 Υἱὸν
2791 1149 2986 1201 ἐαυτοῦ
3013 1145 3152 1204 εἶναι
3176 1151 3268 1204 καὶ
3290 1154 3596 1223 ἀγαπητὸν,
3618 1156 3708 1208 τὸν
3733 1158 3962 1226 Σωτῆρα

2397 1242 2491 1293 τοῦ
2523 1243 2726 1312 κόσμου
2753 1243 2920 1294 πᾶσιν
2941 1243 3284 1312 ἐτράνωσεν;
3325 1247 3385 1297 El.
3424 1247 3480 1299 δὲ
3516 1249 3562 1298 οί
3594 1249 3652 1300 ἐν
3682 1249 3758 1317 τῷ
3809 1252 3961 1319 νόμῳ

2395 1335 2493 1402 τῆς
2521 1335 2740 1404 χάριτος
2771 1337 3008 1404 κήρυκες
3042 1336 3137 1387 καὶ
3161 1337 3190 1387 6
3219 1339 3511 1408 νομοθέτης
3535 1339 3688 1405 Θεὸς,
3723 1343 3751 1393 6
3776 1343 3962 1394 πάσαν

2394 1426 2493 1494 τὴν
2518 1426 2756 1478 Παλαιὰν
2783 1426 3122 1495 διαθέμενος,
3138 1427 3229 1479 τὸν
3249 1428 3454 1496 ἀγαθὸν
3475 1431 3608 1483 Θεὸν
3639 1434 3730 1484 καὶ
3745 1433 3963 1502 Λυτρω-

2394 1519 2496 1585 τὴν
2540 1518 2635 1568 τοῦ
2683 1519 2888 1586 κόσμου
2949 1518 3070 1569 Υίὸν
3129 1519 3260 1571 [διον
3308 1523 3632 1590 ἀνεκήρυξε,
3685 1527 3781 1577 καὶ
3833 1527 3960 1577 τότε

2397 1608 2883 1676 βαπτιζόμενον-ἐν
2913 1609 2990 1677 τῷ
3013 1610 3188 1671 ὕδατι,
3225 1611 3341 1674 πῶς
3391 1615 3514 1682 οὐχὶ
3559 1615 3653 1667 καὶ
3690 1616 3756 1668 τά
3787 1617 3844 1668 ἐν
3883 1617 3964 1686 τῷ

2396 1700 2547 1768 νόμῳ
2571 1701 2746 1753 πάντα
2801 1701 2893 1754 καὶ
2935 1701 3004 1752 τὰ
3055 1703 3114 1752 ἐν
3151 1705 3217 1772 τῇ
3264 1705 3447 1773 χάριτι
3497 1706 3595 1776 τῆς
3624 1707 3792 1775 αὐτῆς
3852 1711 3962 1762 εἱσι

2397 1793 2654 1860 προνοίας
2682 1794 2776 1844 καὶ
2799 1793 3156 1862 δημιουργίας
3187 1796 3282 1845 καὶ
3329 1795 3666 1866 ἀγαθότητος
3700 1797 3838 1869 ἔργα
3869 1799 3965 1852 καὶ

2323 1855 2370 1913 Β
2396 1855 2739 1953 διατάγματα
2758 1902 2773 1950 ;

2467 2011 2539 2062 Ε’.
2569 2011 3035 2065 Συνεπισκόπειδὲ
3073 2013 3166 2065 καὶ
3191 2014 3335 2076 ὅσοις
3372 2014 3462 2067 τὸν
3497 2015 3750 2086 Ἰωάννην
3781 2018 3960 2084 ἐγκω-

2399 2101 2542 2170 μίοις
2569 2103 2597 2152 6
2625 2102 2816 2172 Σωτὴρ
2841 2102 3044 2169 στέφει,
3082 2103 3313 2172 κρείττω
3345 2105 3444 2173 μέν
3491 2106 3959 2176 ἐπιψηφιζόμενος

2395 2191 2715 2260 χρημάτων.
2744 2193 2929 2261 πάσης
2973 2192 3030 2245 δὲ
3079 2194 3359 2262 περιγεῖου
3407 2195 3565 2265 δόξης
3595 2197 3964 2267 ὑπεριδρυμέ-

2397 2299 2508 2344 νον,
2540 2283 2762 2353 στερρὸν
2793 2283 2850 2335 δέ
2875 2283 2971 2352 τήν
2999 2283 3090 2336 ἐπὶ
3115 2287 3182 2354 τῇ
3214 2285 3393 2336 πίστει
3416 2286 3618 2355 κρίσιν,
3641 2289 3736 2338 καὶ
3770 2289 3962 2352 άπλῶς

2396 2371 2494 2441 τὴν
2520 2371 2604 2424 ἐπ’
2648 2371 2870 2438 ἀγαθοῖς
2922 2375 3054 2426 πᾶσι
3098 2375 3326 2444 γνώμην
3373 2376 3689 2447 άκλόνητον.
3737 2377 3964 2441 Τούτοις

2397 2463 2454 2516 δὲ
2486 2463 2648 2516 αὑτὸν
2678 2465 3048 2531 ἀνακηρύξας,
3077 2466 3176 2535 ὅρα
3205 2467 3320 2528 πῶς
3355 2467 3446 2518 ἐπὶ
3474 2468 3642 2535 μείζω
3663 2469 3753 2521 τὸν
3794 2469 3966 2540 ἄνδρα

2399 2554 2635 2624 ἐπαίρει,
2667 2555 2762 2608 καὶ
2813 2555 2920 2607 τῶν
2980 2555 3038 2606 ἐν
3102 2554 3381 2624 γεννητοῖς
3425 2560 3701 2622 γυναικῶν
3771 2560 3967 2612 οὐδένα

2400 2645 2609 2712 τίθησιν
2633 2645 2996 2714 ἐξισούμενον,
3018 2647 3152 2699 ἀλλὰ
3168 2647 3308 2698 κατά
3333 2649 3547 2699 πάντων
3573 2649 3631 2700 τὸ
3661 2650 3966 2720 πρεσϐεῦον

2401 2741 2654 2806 φέροντα.
2679 2733 2810 2789 Εἶτα
2840 2739 2976 2808 πρὸς
3011 2739 3213 2807 ἀρετὴν
3257 2738 3417 2790 αὑτὸν
3455 2738 3628 2802 οὕτως
3671 2742 3967 2809 ἀνυψώσας

2403 2827 2496 2880 καὶ
2515 2829 2801 2897 προφήτην
2819 2829 3101 2890 ἀποκαλεῖ,
3129 2829 3223 2880 καὶ
3242 2831 3520 2899 προφήτου
3553 2833 3964 2902 περισσότερον·

2404 2921 2690 2988 προφήτην
2726 2920 2845 2987 μὲν,
2877 2919 2962 2972 ἶνα
2984 2920 3129 2990 δείξῃ
3155 2920 3214 2971 τὸ
3228 2921 3336 2972 τῶν
3360 2923 3654 2990 προφητῶν
3673 2923 3843 2992 ὄνομα
3870 2925 3968 2976 καὶ

2403 3009 2501 3078 τὴν
2531 3010 2717 3076 χρείαν
2767 3011 3033 3072 τοιούτοις
3076 3010 3257 3078 ἔργοις
3287 3010 3380 3062 καὶ
3419 3011 3721 3079 ἀξιώμασιν
3749 3053 3764 3076 ,
3804 3013 3840 3064 ἃ
3868 3013 3967 3081 τῆς

2405 3101 2740 3169 ἀγαθότητός
2767 3103 2882 3154 ἐστι
2911 3101 3082 3170 δῶρα,
3109 3103 3649 3171 προσαρμοζόμενον.
3678 3106 3966 3174 Προφήτω

747 3199 905 3266 pheta
951 3206 1132 3250 autem
1183 3196 1442 3263 majorem
1489 3204 1664 3259 vocat,
1718 3195 1861 3264 quod
1914 3197 2006 3263 qui
2047 3195 2303 3262 aequalem
2330 3188 2414 3248 Cl

2300 3216 2303 3248 |
2330 3188 2374 3248 C
2405 3193 2462 3245 δέ
2503 3193 2910 3262 περισσότερον,
2935 3193 3017 3245 δτι
3045 3193 3144 3261 τὴν
3178 3193 3302 3262 ῐσην
3339 3195 3571 3255 ἐκείνοις
3596 3196 3755 3264 χάριν
3787 3196 3967 3251 λαϐὼν

744 3305 866 3341 cum
898 3289 1001 3341 illis
1048 3289 1271 3358 gratiam
1303 3296 1494 3340 nactus
1519 3295 1625 3350 est,
1657 3296 1716 3339 ut
1749 3286 1925 3339 futura
1958 3287 2301 3355 praevideret,

748 3379 886 3430 idem
933 3377 1112 3430 adhuc
1142 3377 1263 3444 plus
1293 3375 1483 3428 habuit
1513 3382 1572 3428 ut
1600 3376 1807 3428 scilicet
1851 3375 2058 3428 videret
2084 3389 2208 3428 eum
2239 3375 2306 3428 de

746 3485 854 3537 quo
901 3469 974 3522 illi
1019 3468 1293 3522 vaticinati
1355 3476 1485 3520 sunt
1521 3475 1577 3520 et
1613 3467 1807 3537 dignus
1856 3467 2167 3530 haberetur,
2212 3466 2305 3534 qui

749 3561 1050 3630 liaptizaret
1080 3574 1217 3626 aqua
1246 3559 1418 3624 illum,
1457 3558 1550 3627 qui
1585 3559 1846 3611 mundum
1877 3560 1999 3627 igne
2021 3568 2076 3611 et
2100 3558 2302 3627 Spiritu

752 3653 1116 3720 liaptizaturus
1153 3659 1291 3713 erat,
1335 3659 1390 3703 et
1418 3665 1448 3703 a
1486 3651 1723 3719 peccatis
1755 3650 2132 3703 mundaturus.
2168 3649 2305 3702 Num

752 3743 911 3810 igitur
940 3743 1105 3810 gratia
1131 3756 1254 3795 cum
1286 3741 1400 3811 lege
1424 3743 1665 3811 pugnat?
1697 3756 1876 3795 nonne
1906 3741 2084 3808 potius
2116 3756 2307 3809 magna

749 3845 833 3885 est
862 3833 1001 3886 inter
1024 3841 1306 3900 utramque
1341 3831 1628 3885 consensio
1656 3840 1710 3884 et
1735 3829 2004 3884 aﬂinitas?
2029 3830 2308 3894 Quomodo

752 3936 902 3983 vero,
961 3921 1226 3988 siquidem
1283 3918 1522 3973 Joannes
1580 3920 1648 3973 ab
1700 3920 1806 3973 alio
1851 3929 1970 3973 erat
2021 3920 2306 3988 principio,

750 4009 931 4079 gratia:
978 4019 1165 4062 auctor
1198 4011 1313 4063 haec
1345 4010 1412 4063 de
1449 4025 1513 4063 eo
1550 4018 1777 4064 testatus
1825 4021 1926 4072 est,
1969 4026 2088 4079 quae
2126 4013 2309 4079 paucis

752 4099 936 4166 eisque
962 4099 1174 4151 selectis
1206 4111 1447 4167 tempore
1474 4099 1597 4153 novi
1628 4100 1934 4153 testamenti
1961 4109 2166 4168 patrata
2190 4116 2309 4155 esse

752 4187 996 4239 constat?
1034 4187 1318 4250 Quomodo
1375 4187 1524 4251 item,
1579 4202 1704 4242 cum
1751 4188 1875 4241 boni
1919 4188 2090 4242 Patris
2137 4191 2311 4244 bonus

753 4274 823 4328 sit
855 4274 1040 4340 Filius,
1093 4277 1341 4345 idemque
1389 4278 1645 4332 bonitatis
1686 4278 1826 4344 fons,
1861 4279 2016 4350 legali
2045 4288 2102 4334 et
2128 4281 2309 4334 manui

752 4374 808 4418 et
837 4367 976 4427 voci,
1025 4383 1159 4434 quas
1205 4377 1462 4436 apostata:
1510 4369 1743 4437 oppositi
1787 4369 2040 4438 principii
2091 4385 2229 4438 opus
2257 4380 2312 4424 et

2403 3282 2497 3336 τοῦ
2517 3285 2776 3353 .προορ,ᾷν
2806 3282 2875 3335 τά
2904 3283 3166 3351 ἐσόμενα,
3201 3283 3364 3335 πλέον
3411 3284 3628 3336 εἵλκυσε
3669 3287 3729 3337 τὸ
3756 3287 3850 3339 καὶ
3877 3288 3969 3339 τὸν

2404 3375 2882 3444 προφητευόμενον
2933 3375 3082 3439 ίδεῖν,
3118 3376 3214 3427 καὶ
3257 3375 3317 3426 τὸ
3370 3377 3768 3446 καταξιωθῆναι
3813 3378 3970 3432 ὕδατι

2406 3465 2665 3533 βαπτίσαι
2699 3465 2791 3517 τὸν
2837 3464 2973 3534 πυρὶ
3000 3465 3094 3517 καὶ
3134 3464 3412 3534 Πνεύματι
3465 3467 3605 3536 ἁγίῳ
3640 3468 3731 3519 τὸν
3763 3469 3969 3537 κόσμον

2405 3555 2774 3623 βαπτίζοντα,
2836 3554 3078 3607 καὶτῶν
3137 3555 3552 3624 ἁμαρτημάτων
3612 3557 3965 3628 καθαίροντα.

2406 3643 2551 3715 Ἀρα
2579 3645 2671 3698 οὖν
2700 3646 2732 3714 ἠ
2767 3647 2925 3714 χάρις
2959 3645 3038 3714 τῷ
3065 3645 3211 3714 νόμῳ
3248 3645 3607 3714 διαμάχεται;
3645 3647 3675 3716 ἢ
3711 3649 3770 3698 οὐ
3799 3649 3966 3716 πολλή

2407 3736 2489 3796 τίς
2524 3737 2670 3786 ἐστιν
2707 3736 2764 3786 ἐν
2809 3734 2992 3795 αὐτοῖς
3040 3734 3326 3802 συμφωνία
3365 3735 3459 3786 καὶ
3499 3735 3794 3803 συνάφεια;
3846 3736 3972 3798 Πῶς

2405 3826 2450 3878 δ’
2482 3826 2640 3894 εῐπερ
2668 3821 2737 3894 ἦν
2760 3825 2789 3877 6
2836 3825 3091 3893 Ἰωάννης
3134 3824 3299 3893 ἄλλης
3327 3825 3525 3894 ἀρχῆς,
3559 3826 3586 3878 6
3615 3826 3713 3894 τῆς
3751 3827 3972 3894 χάριτος

2406 3918 2702 3985 νομοθέτης
2745 3917 2915 3970 ταῦτα
2951 3918 3476 3988 προσεμαρτύρησεν
3507 3919 3674 3988 αὐτῷ,
3703 3919 3738 3971 ά
3771 3920 3971 3986 ὀλίγοις

2408 4013 2555 4064 ἐστιν
2589 4012 2788 4080 εὑρεῖν,
2822 4012 2917 4065 καὶ
2950 4010 3125 4064 ταῦτα
3149 4013 3263 4073 τοῖς
3331 4011 3608 4072 ἐκλεκτοῖς
3656 4011 3765 4064 τῶν
3814 4013 3874 4062 ἐν
3902 4014 3972 4080 τῇ

2407 4104 2590 4172 χάριτι
2640 4101 3084 4171 κατορθούμενα;
3136 4102 3259 4164 Πῶς
3306 4101 3352 4154 δ’
3403 4100 3468 4154 ἂν
3519 4102 3800 4171 ἠνέσχετο,
3838 4103 3975 4165 Παῖς

2409 4191 2485 4243 ὢν
2511 4189 2714 4257 ἀγαθὸς
2775 4188 2980 4257 ἀγαθοῦ
3008 4189 3236 4260 Πατρδς,
3271 4190 3366 4241 καὶ
3419 4190 3569 4258 πηγὴ
3612 4189 3973 4256 ἀγαθότητος,

2408 4283 2484 4349 τῇ
2514 4282 2708 4349 νομικῇ
2743 4281 2838 4331 καὶ
2891 4279 3034 4350 χειρὶ
3071 4281 3165 4331 καὶ
3197 4282 3370 4348 φωνῇ,
3399 4279 3436 4332 ά
3467 4281 3516 4331 οἱ
3548 4281 3850 4332 ἀποστάται
3875 4284 3977 4350 τῆς

2411 4372 2792 4441 ἀντικειμένης
2819 4370 2978 4438 ἔργον
3006 4370 3247 4439 τολμῶσι
3279 4371 3457 4437 λέγειν
3496 4371 3591 4423 καὶ
3622 4373 3973 4441 πρόσταγμα,

756 4467 1080 4526 ιπωςεριυιιι
1099 4459 1278 4512 dicere
1299 4459 1522 4523 audent,
1552 4460 1953 4514 immaculatum
1975 4472 2135 4531 caput
2153 4479 2307 4516 suum
2345 4524 2379 4532 ,λ
2413 4481 2423 4496 ·

2345 4524 2379 4532 ,ι
2413 4462 2511 4532 τὴν
2541 4464 2806 4531 ἄχραντον
2839 4460 3004 4515 αὐτοῦ
3059 4461 3302 4530 κεφαλὴν
3332 4462 3637 4526 ὐποκλῖναι,
3674 4463 3771 4514 καὶ
3806 4464 3864 4515 το
3914 4464 3977 4526 ἐξ

757 4547 1092 4611 submittere,
1147 4559 1202 4602 et
1250 4550 1580 4619 baptismum
1648 4567 1744 4621 per
1802 4568 1994 4620 aquam
2070 4556 2313 4621 recipere

756 4638 1042 4703 sustineat,
1071 4655 1104 4693 o
1134 4640 1368 4708 linguam
1414 4657 1683 4694 venenum
1724 4643 1992 4712 serpentis
2024 4642 2315 4696 effunden-

759 4731 898 4780 teinl
929 4729 973 4781 si
998 4745 1136 4798 aqua
1163 4745 1272 4783 non
1296 4730 1366 4784 sit
1390 4746 1420 4783 a
1449 4731 1592 4786 bono
1619 4741 1861 4785 creatore
1899 4731 2176 4800 profecta?

828 4856 916 4912 Vl.
957 4858 1108 4924 Quod
1146 4876 1274 4913 vero
1318 4862 1550 4930 amplius
1583 4864 1742 4926 valet,
1778 4880 1885 4916 non
1927 4879 2312 4917 commemoro.

759 4947 812 5000 Id
845 4966 971 5002 vero
1020 4951 1124 5004 tale
1167 4961 1270 5014 est,
1309 4953 1453 5020 quod
1503 4969 1664 5006 nemo
1709 4955 1824 5007 sine
1869 4952 2092 5007 horrore
2138 4955 2316 5008 dicere

759 5040 1039 5108 suscipiat,
1091 5042 1196 5095 illis
1243 5059 1389 5107 vero,
1423 5044 1476 5096 in
1506 5045 1704 5112 quibus
1741 5061 1895 5098 error
1940 5046 2030 5099 hic
2061 5047 2314 5113 exsultat,

761 5133 1112 5187 ronlieiendis
1159 5136 1391 5189 maxime
1450 5146 1635 5205 aptum
1671 5139 1760 5200 sit,
1807 5150 1968 5210 atque
2001 5142 2137 5195 adeo
2190 5157 2313 5195 cum

764 5224 994 5277 maximo
1068 5226 1246 5280 fructu
1296 5237 1352 5280 et
1393 5228 1572 5284 studio
1620 5245 1651 5282 a
1697 5231 1852 5284 nobis
1911 5235 2311 5302 exponendum.

763 5316 933 5368 Natus
967 5318 1110 5369 enim
1137 5329 1222 5372 est
1265 5317 1389 5372 boni
1434 5321 1610 5374 Patris
1651 5322 1827 5378 bonus
1851 5323 2020 5379 Filius
2049 5342 2110 5380 ex
2139 5327 2315 5397 Virgi-

763 5405 846 5455 nis
878 5413 1050 5467 utero,
1078 5406 1130 5458 in
1155 5407 1338 5460 mundi
1365 5409 1616 5472 salutem,
1647 5412 1719 5465 ita
1747 5423 1806 5466 ut
1831 5429 2047 5468 carnem
2070 5425 2313 5471 nostram

763 5496 864 5548 sibi
915 5512 978 5549 ex
1031 5497 1374 5554 immaculato
1430 5502 1690 5570 sanguine
1740 5504 2020 5568 formaret,
2056 5516 2110 5560 et
2154 5508 2315 5562 homo

766 5598 1064 5641 vocaretur.
1115 5589 1289 5658 Atque
1319 5591 1370 5646 id
1399 5593 1616 5663 quidem
1646 5603 1856 5652 veteres
1896 5597 2189 5667 impietatis
2219 5615 2314 5669 pa-

843 5788 888 5821 ⁸³
905 5791 1091 5848 Matth.
1119 5812 1192 5860 si,
1220 5797 1270 5849 7.

2418 4557 2606 4618 ὓδατος
2635 4555 2932 4624 ὑποστῆναι
2959 4555 3239 4624 βάπτισμα
3265 4553 3331 4623 (ὣ
3355 4554 3606 4623 γλώσσης
3649 4556 3725 4607 ίὸν
3753 4556 3977 4617 ἀσπίδος

2412 4645 2748 4715 προχεούσης
2770 4643 2834 4712 l),
2853 4644 2952 4697 οὐκ
2973 4643 3126 4706 δντος
3153 4642 3247 4697 τοῦ
3276 4642 3466 4706 ὓδατος
3499 4644 3597 4713 τῆς
3624 4643 3717 4695 τοῦ
3745 4643 3977 4711 ’Δγαθοῦ

2411 4735 2768 4805 δημιουργίας
2788 4751 2803 4799 ;

2486 4870 2576 4936 ς’.
2627 4869 2788 4922 Ἀλλά
2815 4869 2922 4938 γάρ
2951 4868 3004 4920 τί
3035 4868 3093 4920 τὸ
3120 4867 3322 4938 μεῖζον,
3351 4868 3410 4920 οὐ
3436 4868 3601 4934 λέγω.
3637 4869 3789 4920 Ἐστι
3831 4870 3885 4921 δέ
3916 4870 3979 4921 τὸ

2415 4962 2546 5014 αὐτὸ
2567 4961 2644 5030 τῷ
2665 4979 2721 5012 τε
2753 4962 2964 5028 λέγοντι
2990 4961 3154 5029 χωρὶς
3186 4961 3384 5030 φρίκης
3401 4963 3574 5012 εἰπεῖν
3604 4963 3979 5030 ἀπορώτατον,

2415 5055 2508 5106 καὶ
2538 5053 2658 5104 καθ’
2694 5046 2769 5104 ὧν
2798 5053 2830 5120 ή
2890 5051 3062 5118 πλάνη
3098 5051 3346 5120 χορεύει,
3380 5051 3735 5119 σφοδρότατόν
3772 5068 3828 5102 τε
3884 5054 3983 5104 καὶ

2413 5142 2856 5212 τμητικώτατον,
2892 5145 2984 5195 καὶ
3015 5144 3136 5194 ὅσον
3189 5142 3421 5212 ῥηθῆναι
3461 5142 3887 5210 χρειωδέστατόν
3922 5162 3982 5195 τε

2414 5236 2509 5288 καὶ
2544 5235 3002 5304 σεὸασμιώτερον.
3037 5235 3364 5302 Γεγέννηται
3403 5233 3501 5303 μὲν
3531 5233 3636 5299 γὰρ
3658 5235 3690 5283 '6
3724 5232 3816 5283 τοῦ
3848 5237 3984 5298 ἁγα-

2414 5326 2507 5380 θοῦ
2554 5327 2764 5396 [ἰατρὸς
2812 5326 3016 5393 ἀγαθὸς
3069 5326 3194 5387 Υἱὸς
3243 5327 3305 5376 ἐκ
3351 5323 3694 5393 παρθενικῶν
3741 5323 3984 5390 λαγόνων

2413 5419 2503 5472 διὰ
2526 5420 2625 5488 τὴν
2651 5417 2745 5471 τοῦ
2778 5419 2982 5488 κόσμου
3025 5419 3325 5487 σωτηρίαν,
3369 5419 3461 5468 καὶ
3499 5418 3676 5488 σάρκα
3716 5417 3814 5482 τὴν
3845 5420 3986 5484 ἡμε-

2417 5511 2581 5580 τέραν
2622 5513 2686 5562 ἐκ
2732 5510 2840 5562 τῶν
2881 5509 3164 5578 άχράντων
3193 5507 3372 5577 ἐαυτῷ
3400 5509 3701 5572 διαπλάσας
3737 5509 3986 5576 αἱμάτων

2415 5602 2778 5672 ἐχρημάτισεν
2827 5601 3134 5671 ἄνθρωπος.
3173 5599 3285 5654 Καὶ
3317 5599 3473 5652 τοῦτο
3510 5602 3621 5662 τοῖς
3678 5600 3778 5668 μὲν
3819 5600 3985 5652 πάλαι
