4222 6432
270 411 372 475 189

1292 413 1581 473 CONTRA
1617 414 2070 474 MANICII/EOS
2112 416 2341 477 LIBER
2384 418 2476 478 IV.

3412 423 3511 489 190

264 526 376 576 τῶν
405 523 621 576 ἀσεϐῶν
641 522 1028 593 παρεγράφετο
1054 521 1188 591 (90),
1221 525 1333 584 τοῖς
1359 523 1416 575 δὲ
1451 525 1660 577 ἐκεῖθεν
1682 527 1834 592 φυεί-
1865 530 1907 582 Α

1865 530 1907 582 Α
1942 525 2079 577 troui
2121 524 2468 594 refugerunt;
2502 524 2577 579 illi
2609 534 2816 593 autem,
2855 528 2948 598 qui
2986 530 3113 586 hinc
3136 534 3242 589 orti
3275 547 3423 601 sunt,
3451 550 3505 593 et

266 631 372 673 σιν,
413 616 510 665 οὐκ
552 609 648 667 οἷδ’
678 617 827 677 ὅπως
858 615 1004 684 ἔργῳ
1041 615 1139 683 τὴν
1168 614 1399 682 ἀρνησιν
1433 616 1710 681 ἀγαπῶσι,
1733 616 1833 684 τῆς

262 708 323 755 ἐν
355 705 535 771 λόγοις
577 706 745 775 τιμῆς
787 706 886 758 οὐκ
914 705 1255 758 ἐκϐάλλεται.
1300 706 1408 758 Kal
1438 706 1546 775 γάρ
1578 707 1834 776 σεμνολο-

260 798 561 865 γουμένους
604 799 810 851 ἔνεστιν
832 800 1029 860 αὐτοὺς
1055 800 1206 868 όρᾷν,
1240 792 1319 861 οἷς
1358 815 1416 850 τε
1465 800 1561 861 τὰς
1605 801 1829 867 εὐαγγε-

260 890 419 949 λικάς
444 888 666 957 Γραφάς
691 891 856 959 τιμᾷν
886 889 1273 958 ἰσχυρίζονται,
1309 890 1403 942 καὶ
1427 883 1510 952 οἷς
1537 891 1628 942 τὸν
1668 891 1827 942 Ἀπό-

262 981 453 1032 στολον
487 983 579 1033 καὶ
609 981 865 1051 θεοφόρον
885 980 1094 1034 Παῦλον
1119 980 1212 1032 τοῦ
1244 982 1445 1033 οἰκείου
1477 985 1829 1051 φρονήματος

259 1072 633 1141 δογματιστὴν
664 1074 759 1125 καὶ
805 1072 1123 1126 διδάσκαλον
1162 1073 1612 1143 καταψεύδονται.
1646 1075 1831 1143 Σάρκα

258 1164 443 1214 τοίνυν
517 1162 914 1233 προσλαϐόντος
980 1165 1076 1217 τοῦ
1150 1165 1355 1235 Κυρίου
1427 1165 1585 1236 ἡμῶν
1653 1165 1829 1234 Ἰησοῦ

258 1255 520 1322 Χριστοῦ·
556 1257 671 1323 (καὶ
696 1256 803 1326 γὰρ
824 1258 851 1309 6
878 1259 976 1326 τῆς
1005 1256 1233 1326 βροντῆς
1260 1257 1635 1327 ἀνακέκραγεν
1664 1258 1789 1320 Υίός
1812 1276 1827 1287 ·

256 1349 371 1400 Kal
410 1351 655 1417 όΛόγος
706 1350 862 1416 σὰρξ
909 1349 1167 1418 ἐγένετο,
1213 1351 1311 1404 καὶ
1353 1350 1711 1416 ἐσκήνωσεν
1757 1353 1826 1404 ἐν

256 1436 442 1505 ἡμῖν,
478 1440 587 1491 Kal
635 1438 730 1492 τοῦ
774 1437 946 1509 Ἰησοῦ
977 1439 1211 1510 Χριστοῦ
1243 1441 1342 1511 τὴν
1384 1442 1636 1508 γέννησιν
1671 1441 1829 1505 ἀλλος

258 1529 426 1580 πάλιν
470 1529 578 1581 τῶν
628 1530 1026 1599 εὐαγγελιστιῖΝ
1074 1531 1381 1600 ἀναγράφει
1423 1533 1486 1583 ἐκ
1512 1532 1826 1600 Πνεύματος

256 1619 420 1683 άγέου
456 1619 755 1685 γεγονέναι,
788 1622 879 1672 καὶ
895 1622 1075 1673 τεκεῖν
1112 1622 1209 1690 τὴν
1241 1622 1535 1691 Παρθένον,
1578 1622 1669 1674 τὸν
1700 1624 1828 1675 Υἱδν

259 1706 435 1774 αὐτῆς
467 1708 557 1758 τὸν
586 1709 949 1777 πρωτότοκον,
985 1709 1080 1761 καὶ
1109 1710 1334 1763 καλέσαι
1370 1711 1428 1763 τὸ
1465 1713 1636 1782 ὄνομα
1660 1714 1825 1765 αὑτοῦ

271 1798 509 1866 Ἰησοῦν·
535 1802 553 1865 )
583 1800 611 1850 6
658 1800 713 1852 δὲ
746 1801 957 1864 τούτοις
986 1800 1059 1854 ὢν
1084 1802 1345 1872 όμόχορος
1375 1804 1469 1855 καὶ
1520 1804 1823 1857 συνθιασὼ-

255 1906 378 1955 της.
415 1890 476 1942 οὗ
508 1890 597 1942 τὸν
642 1890 883 1959 ἄληπτον
909 1893 1066 1945 τόκον
1106 1894 1265 1962 μόνον
1296 1894 1646 1961 ἀπαγγέλλει,
1691 1895 1826 1948 ἀλλά

256 1981 354 2032 καὶ
381 1981 474 2031 τὸν
512 1981 822 2051 ἀπόρρητον
872 1984 963 2035 καὶ
1000 1984 1457 2053 προηγησάμενον
1503 1984 1596 2037 ἐπὶ
1628 1984 1827 2055 μέρους

254 2072 461 2139 τρόπον
497 2073 631 2142 (9|),
666 2074 789 2126 καθ’
838 2073 899 2127 ὃν
928 2075 1293 2145 ἐκυοφορήθη,
1326 2078 1419 2129 καὶ
1448 2076 1523 2139 ὠς
1568 2077 1826 2146 τεχθέντα

254 2166 349 2216 τὸν
389 2166 513 2218 Υίδν
563 2167 731 2237 αὐτῆς
783 2167 876 2219 τὸν
920 2169 1263 2238 πρωτότοκον
1315 2169 1739 2239 ἐσπαργάνωσεν
1790 2171 1823 2238 ὴ

256 2255 534 2324 Παρθένος
562 2257 657 2310 καὶ
688 2258 746 2309 ἐν
772 2261 836 2329 τῇ
870 2260 1045 2331 φάτνῃ
1074 2259 1349 2313 ἀνέκλινε·
1384 2261 1480 2313 καὶ
1516 2260 1590 2323 ὼς
1636 2262 1822 2332 Σωτὴρ

254 2346 453 2415 ἐτέχθη
502 2347 580 2417 τῷ
612 2349 804 2419 κόσμῳ
837 2351 1070 2421 Χριστὸς
1115 2351 1319 2421 Κύριος
1367 2352 1424 2404 ἐν
1454 2351 1603 2404 πόλει
1633 2352 1819 2417 Δαδὶδ,

254 2438 365 2491 τῶν
393 2439 641 2507 ἀγγέλων
668 2441 696 2493 ὁ
722 2442 890 2512 δῆμος
924 2443 1222 2512 ἀνύμνησε.
1262 2442 1372 2495 Kal
1419 2443 1556 2513 πρός
1589 2460 1653 2511 γε
1700 2444 1821 2496 τού-

253 2547 389 2593 τοις·
425 2532 477 2599 (ὃ
496 2534 621 2595 τοὺς
656 2535 1060 2602 φαπασιαστάς
1083 2534 1178 2588 τοῦ
1197 2534 1519 2606 μυστηρίου,
1539 2535 1638 2604 τὴν
1662 2535 1821 2607 χάριν

254 2626 333 2687 εἰς
363 2624 531 2695 λῆρον
564 2627 911 2694 ἀπάγοντας,
948 2628 1027 2680 ἔτι
1077 2627 1277 2697 μᾶλλον
1328 2628 1668 2698 ἐπιστομίζει
1726 2629 1821 2681 καὶ

253 2718 628 2785 καταισχύνει,
681 2720 802 2789 μεθ’
848 2720 943 2783 οὓς
984 2720 1078 2773 καὶ
1107 2721 1205 2791 τὴν
1251 2720 1475 2773 ἐκείνων
1507 2722 1815 2789 ἀποσπάδα,

254 2811 377 2863 καθ’
416 2806 483 2882 ἧς
502 2815 529 2865 ό
559 2811 714 2881 λόγος
748 2813 1081 2884 κεκίνηται·)
1108 2814 1330 2877 τούτους
1366 2811 1459 2867 οῦν
1483 2815 1615 2882 ύφὲν
1646 2817 1819 2885 ἀπορ-

255 2904 503 2973 ῥαπίζιιιν
541 2905 634 2956 καὶ
660 2907 1197 2975 καταστρεφόμενος,
1247 2908 1339 2959 καὶ
1387 2906 1484 2977 τὴν
1537 2906 1679 2959 κατά
1729 2906 1820 2959 τὸν

252 2995 419 3063 νόμον
453 2997 755 3064 περιτομὴν
784 2995 883 3063 τῆς
908 2997 1107 3065 σαρκὸς
1126 2997 1424 3066 ὑποστῆναι
1446 2998 1535 3050 τὸν
1560 2997 1821 3066 τεχθέντα

253 3086 487 3157 Σωτῆρα
535 3087 693 3156 ἡμῶν
733 3087 1055 3151 ἐκδιδάσκει,
1116 3088 1279 3158 ἡνίκα
1334 3089 1427 3141 καὶ
1477 3089 1575 3158 τὴν
1640 3088 1816 3159 Ἰησοῦ

1936 615 2026 680 qui
2058 616 2238 667 nescio
2265 616 2558 683 quomodo,
2606 632 2771 685 opere
2799 619 2918 688 ipso
2952 637 3153 692 negare
3184 624 3235 679 id
3273 629 3502 692 malunt,

1937 703 1989 755 in
2018 705 2359 758 sermonibus
2391 721 2815 763 commemorare
2843 726 2950 764 non
2984 712 3277 783 refugium.
3310 717 3506 772 Videas

1935 795 2079 847 enim
2129 810 2225 849 eos
2285 797 2531 864 speciose
2594 798 2780 866 loqui,
2822 804 3038 868 quando
3081 815 3136 857 et
3191 810 3500 875 evangelica

1934 882 2133 951 scripta
2184 899 2242 937 se
2286 886 2466 938 colere
2514 886 2821 950 affirmant,
2877 900 2931 944 et
2977 892 3199 946 Paulum
3242 896 3503 951 divinitus

1932 985 2111 1026 actum
2159 976 2442 1029 sententia:
2490 991 2602 1029 suae
2636 986 2912 1031 auctorem
2947 990 3003 1034 et
3035 982 3310 1037 doctorem
3350 1001 3495 1039 inen-

1934 1065 2162 1118 tiuntur.
2194 1065 2328 1119 Cutn
2378 1067 2557 1134 itaque
2593 1084 2810 1122 carnem
2842 1074 3200 1140 assumpserit
3244 1076 3501 1131 Dominus

1932 1164 2117 1207 noster
2165 1154 2325 1208 Jesus
2371 1156 2620 1210 Christus
2657 1174 2667 1209 :
2701 1173 2934 1227 namque
2978 1161 3066 1214 ille
3110 1163 3311 1217 tonitru
3359 1165 3501 1218 filius

1931 1246 2296 1300 exclamavit:
2332 1246 2397 1298 Et
2430 1246 2615 1301 Sermo
2655 1265 2777 1301 caro
2830 1254 3000 1318 factus
3046 1264 3114 1315 et,
3148 1264 3194 1306 et
3245 1256 3500 1309 habitarit

1931 1338 1985 1388 in
2014 1338 2159 1390 nobis
2183 1338 2282 1390 ⁸³⁸.
2311 1339 2376 1391 Ει
2399 1338 2525 1392 Jesu
2544 1339 2743 1393 Christi
2766 1342 3103 1396 nativitatem
3135 1346 3272 1399 alius
3304 1347 3498 1399 iterum

1930 1426 2383 1498 evangelislarum
2426 1444 2489 1483 ex
2545 1431 2750 1498 Spiritu
2802 1443 2990 1487 saneto
3038 1435 3235 1489 factam
3290 1440 3496 1499 scribit,

1929 1518 2199 1585 traditque
2252 1518 2526 1587 Virginem
2560 1520 2835 1587 peperisse
2868 1521 3065 1576 Filium
3097 1540 3253 1580 suum
3290 1530 3496 1595 primo-

1928 1610 2192 1677 genitum,
2226 1619 2281 1662 et
2315 1624 2539 1663 vocasse
2578 1627 2775 1664 nomen
2811 1613 2930 1680 ejus
2977 1612 3164 1668 Jesum
3193 1617 3259 1670 “.
3296 1618 3496 1673 Ilormn

1928 1715 2058 1753 vero
2082 1700 2282 1770 collega
2312 1710 2367 1754 et
2390 1701 2609 1765 sodalis,
2636 1718 2745 1756 non
2768 1704 2941 1757 solum
2973 1704 3496 1775 incomprehensibi-

1929 1790 2033 1844 lem
2085 1802 2320 1860 partum,
2358 1793 2450 1846 sed
2480 1801 2534 1845 et
2558 1794 2935 1847 absconditum
2965 1811 3027 1849 ac
3056 1812 3119 1850 ex
3150 1809 3301 1866 parte
3340 1811 3496 1855 ante-

1929 1898 2168 1953 gressum
2216 1884 2593 1953 conceptionis
2628 1886 2845 1938 modum
2875 1888 3163 1957 significat.
3214 1890 3497 1955 Quomodo

1930 1990 2056 2028 vero
2075 1976 2267 2029 Filium
2290 1992 2447 2031 suum
2478 1978 2909 2048 promogenitum
2941 1978 3099 2049 Virgo
3125 1982 3306 2036 fasciis
3328 1984 3496 2038 invol-

1927 2067 2083 2127 verit,
2115 2079 2168 2120 et
2210 2067 2262 2119 in
2312 2069 2537 2136 pragsepi
2587 2070 2889 2137 reposuerit
2937 2072 3018 2132 ³⁸;
3055 2074 3329 2139 quomodo
3363 2075 3491 2129 item

1928 2154 2183 2210 Servator
2209 2157 2367 2211 .Iesus
2394 2158 2643 2212 Christus
2671 2161 2874 2213 arundo
2904 2171 3062 2215 natus
3096 2165 3165 2216 sit
3192 2164 3243 2216 in
3272 2166 3493 2220 civitate

1925 2248 2113 2313 David,
2159 2250 2471 2318 angelorum
2544 2252 2700 2305 turba
2755 2254 2979 2307 cecinit.
3038 2253 3305 2311 Praeterea
3361 2274 3491 2311 vero

1924 2340 2064 2393 idem
2094 2341 2169 2407 (id
2199 2341 2339 2409 quod
2367 2342 2614 2396 homines
2645 2346 2957 2414 mysterium
2988 2346 3090 2401 hoc
3118 2349 3298 2418 specie
3332 2358 3492 2405 tenus

1925 2439 2193 2494 tenentes,
2238 2442 2292 2485 et
2331 2434 2559 2503 gratiam
2613 2434 2667 2487 in
2722 2451 2892 2506 nugas
2945 2448 3348 2503 eonvertentes,
3390 2456 3490 2493 nec

1923 2523 2101 2577 minus
2141 2524 2350 2577 illorum
2384 2526 2635 2587 asseclas.
2660 2537 2846 2581 contra
2877 2545 3014 2597 quos
3046 2531 3128 2583 his
3158 2531 3487 2602 disputatur,

1921 2616 2100 2671 adhuc
2150 2619 2319 2686 magis
2351 2620 2651 2686 compescit
2678 2630 2732 2673 et
2761 2622 3070 2691 confundit)
3104 2626 3321 2692 penitus
3367 2642 3488 2680 eos~

1922 2707 2043 2760 dem
2100 2708 2377 2763 debellatis
2443 2720 2497 2764 et
2546 2712 2847 2780 dejiciens,
2910 2715 3068 2768 docet
3148 2718 3487 2772 Servatorem

1921 2800 2078 2853 nobis
2132 2810 2316 2853 natum
2377 2801 2539 2854 etiam
2609 2803 3078 2858 circumeisionem
3144 2811 3323 2862 carnis
3377 2812 3489 2880 lege

1923 2900 2247 2958 praeceptam
2280 2893 2575 2960 recepisse,
2618 2909 2681 2948 ac
2715 2908 2975 2964 praaterea
3015 2899 3291 2961 eumdem,
3321 2902 3486 2954 etiam

1924 2984 2109 3037 hacin
2151 2995 2301 3053 parte
2351 2984 2581 3041 Mosaica
2634 3001 2904 3059 przecepta
2968 2992 3305 3062 implentem,
3357 2994 3485 3049 Jesu

1922 3075 2337 3143 appellationem
2380 3078 2649 3147 recepisse
2692 3081 2997 3149 profitetur.
3031 3083 3165 3137 Cum
3201 3085 3379 3154 itaque
3412 3086 3487 3137 in-

253 3175 627 3243 προσηγορίαν
663 3177 765 3228 κάν
802 3176 879 3245 τῷ
913 3177 1141 3247 παρόντι
1176 3179 1331 3246 μέρει
1369 3179 1468 3241 τὰς
1512 3181 1814 3242 Μωσαῖκάς
1843 3180 1885 3241 C
1919 3197 1920 3204 ‘

1843 3180 1885 3241 ο
1919 3168 2159 3221 carnatio
2207 3168 2389 3235 Verbi,
2434 3185 2527 3223 seu
2578 3172 2758 3225 carnis
2809 3176 3110 3245 assumptio
3150 3186 3202 3230 et
3230 3177 3487 3230 nativitas

253 3266 475 3326 ἐντολάς
531 3266 837 3335 πληροῦντα
880 3268 1325 3337 συμπαραδίδωσι
1372 3269 1645 3332 δέξασθαι.
1705 3270 1814 3338 Τῆς

251 3357 306 3409 δὲ
334 3356 427 3409 τοῦ
458 3357 632 3423 Λόγου
660 3359 1146 3430 ὲνσωματώσεωςῆ
1177 3360 1504 3429 σαρκώσεως
1536 3362 1631 3413 καὶ
1661 3362 1815 3413 ὲναν-

252 3447 587 3515 θρωπήσεως
608 3447 749 3500 οὕτω
779 3451 1255 3520 περιφανεστάτης
1279 3451 1444 3520 οῦσης
1465 3451 1620 3519 (ἀλλά
1654 3452 1815 3522 μέχρι

248 3537 460 3589 τούτων
490 3538 630 3590 κατά
657 3538 785 3609 ῥοῦν
807 3556 864 3592 τε
894 3542 922 3592 6
956 3541 1112 3608 λόγος
1146 3544 1276 3611 ἡμῖν
1299 3545 1390 3595 καὶ
1412 3543 1478 3595 δι’
1502 3543 1695 3612 ἡδονῆς
1723 3547 1816 3598 καὶ

250 3630 492 3699 χαρίτων
522 3629 768 3699 ἐφέρετο,
803 3631 861 3683 τὸ
887 3632 941 3683 δὲ
975 3630 1223 3684 ἐντεῦθεν
1248 3631 1457 3699 ἴλιγγός
1484 3650 1542 3685 τε
1580 3635 1674 3686 καὶ
1699 3634 1815 3696 δέος

252 3719 633 3788 προσίσταται.
680 3720 825 3788 Πλὴν
856 3722 1031 3773 εἰπεῖν
1056 3722 1266 3790 ἀνάγκη
1301 3722 1393 3772 καὶ
1416 3724 1652 3788 ἀγωνίας
1674 3724 1814 3787 πλη-

254 3810 542 3879 ρούμενον,
594 3811 630 3863 ἃ.
671 3810 961 3881 παρελθεῖν
1002 3810 1029 3861 6
1060 3812 1155 3880 τῆς
1209 3810 1415 3877 πλάνης
1446 3811 1666 3880 ἔλεγχος
1718 3812 1815 3863 οὐκ

252 3902 363 3969 ἐᾷ),
395 3900 644 3969 πότερον,
663 3893 708 3952 ὦ
735 3901 948 3968 τολμῶν
975 3901 1040 3952 σὺ
1057 3901 1124 3952 τά
1155 3900 1453 3969 ἀτόλμητα,
1478 3901 1634 3953 τοῦτο
1661 3901 1723 3970 δὴ
1752 3902 1810 3952 τὸ

253 3989 531 4059 κυριακὸν
571 3990 728 4059 σῶμα
753 3993 850 4059 τῆς
884 3988 1091 4058 φαύλης
1126 3990 1192 4041 ἂν
1230 3989 1378 4058 θείης
1408 3990 1603 4058 ἀρχῆς,
1645 3990 1677 4059 ἢ
1724 3990 1813 4043 τὸν

249 4082 416 4147 δτκον
450 4080 795 4151 εύλαδηθήσῃ
838 4080 934 4133 τοῦ
976 4081 1524 4150 δυσσεδὴματοςγΕἰ
1579 4085 1677 4151 μὲν
1707 4085 1812 4152 γὰρ

252 4171 347 4223 καὶ
383 4172 441 4223 σὲ
474 4173 675 4240 τρόμος
707 4172 938 4241 ἔχεικαὶ
973 4171 1135 4240 φόϐος
1167 4172 1453 4237 κατέλαὸε,
1486 4174 1813 4242 ἀφαιρήσεις

250 4261 383 4314 αὐτὸ
424 4260 640 4324 πάντως
669 4261 765 4329 τῆς
794 4263 1036 4333 πονηρᾶς
1069 4264 1159 4317 καὶ
1185 4263 1431 4325 πλάσεως
1481 4266 1574 4315 καὶ
1616 4264 1812 4332 ἀρχῆς,

255 4353 459 4422 μᾶλλον
482 4353 540 4406 δέ
568 4354 663 4423 τῆς
696 4354 793 4421 σῆς
818 4354 1187 4424 βλασφημίας,
1225 4356 1315 4407 καὶ
1347 4356 1541 4408 σαυτοῦ
1572 4355 1669 4425 τὴν
1692 4355 1813 4407 τὸλ-

256 4460 365 4511 μαν
392 4440 595 4511 ταύτην
644 4445 1221 4498 συναποσκευάσασθαι
1271 4445 1473 4515 πολλὴν
1526 4445 1815 4511 ἐπιδείξεις

1920 3267 2027 3310 tam
2076 3259 2358 3313 manifesta
2411 3260 2480 3313 sit
2531 3262 2736 3331 (hucus
2767 3279 2872 3331 que
2907 3266 3052 3318 enim
3106 3282 3278 3335 prono
3324 3282 3484 3320 cursu

1918 3364 2095 3403 sermo
2128 3366 2227 3404 nos
2252 3366 2374 3404 cum
2408 3352 2683 3422 voluptate
2716 3355 2943 3409 detulit:
2972 3358 3083 3423 jam
3111 3372 3241 3410 vero
3273 3357 3484 3426 vertigo

1918 3456 2006 3494 me
2053 3441 2166 3494 fere
2213 3452 2267 3495 et
2319 3458 2486 3510 pavor
2530 3456 2762 3514 occupat
2791 3464 2803 3499 :
2837 3447 2931 3500 sed
2967 3448 3258 3502 dicendum
3307 3458 3485 3501 tamen

1918 3532 2142 3585 omnino
2179 3542 2283 3598 est,
2330 3535 2576 3602 quamvis
2609 3551 2717 3588 non
2754 3538 2871 3591 sine
2921 3539 3299 3607 trepidatione,
3342 3539 3486 3607 quod

1918 3623 2216 3677 eonfutatio
2262 3626 2679 3693 praatermittere
2726 3644 2833 3681 non
2884 3630 3056 3695 sinit),
3112 3631 3357 3700 nunquid
3404 3640 3484 3691 tu,

1915 3716 2004 3782 qui
2048 3731 2155 3767 non
2214 3717 2462 3769 audemla
2515 3719 2705 3781 audes,
2752 3719 3093 3773 Dominicum
3134 3721 3237 3773 hoc
3289 3736 3485 3788 CUI‘pUS

1915 3805 1980 3856 ad
2010 3805 2207 3857 malum
2244 3806 2571 3873 principium
2611 3807 2819 3861 referre
2842 3810 3037 3869 mavis,
3063 3824 3130 3861 an
3167 3809 3483 3878 gravitatem

1915 3894 2095 3965 ﬂagitii
2142 3897 2305 3964 hujus
2335 3898 2671 3966 agnoscere?
2706 3897 2759 3951 Si
2807 3899 2953 3951 enini
3006 3900 3199 3952 horror
3236 3909 3285 3951 te
3317 3899 3482 3966 capit,

1916 3995 1971 4039 et
2020 3989 2183 4039 timor
2230 3999 2497 4057 occupat.
2558 3989 2849 4043 suhtralies
2891 3990 3020 4043 illud
3068 3990 3292 4043 omnino
3342 3989 3485 4043 malo

1915 4078 2177 4130 conditori
2207 4088 2261 4131 et
2294 4079 2583 4148 principio,
2616 4081 2723 4142 vel,
2762 4091 2821 4136 ut
2845 4081 3047 4135 rectius
3077 4082 3287 4148 loquar,
3330 4083 3479 4136 omni

1916 4169 2098 4221 studio
2136 4168 2357 4228 ellieies.
2408 4179 2468 4223 ut
2510 4171 2721 4225 facinus
2773 4172 2912 4235 hoc,
2968 4172 3320 4241 blasphemia:
3377 4183 3484 4227 tua:

1917 4260 2132 4325 foetum,
2173 4261 2469 4317 amoliaris.
2523 4262 2679 4327 Quod
2721 4264 2777 4318 si'
2806 4280 2962 4329 vero,
3013 4279 3119 4319 non
3168 4265 3348 4319 habita
3393 4281 3480 4318 ra-

1916 4352 2060 4405 tione
2095 4353 2185 4406 iraz
2233 4353 2451 4417 divinae,
2486 4356 2841 4425 neglectoqne
2883 4364 3046 4409 recta:
3079 4356 3307 4411 rationis
3333 4357 3482 4425 judi-

1918 4446 2031 4509 ciu,
2080 4444 2189 4500 imo
2225 4446 2345 4514 ipso
2390 4463 2515 4517 erga
2558 4448 2809 4501 homines
2860 4449 3087 4517 pudore,
3151 4448 3480 4502 sententiam

250 4534 352 4602 τὴν
384 4534 638 4604 σπουδήν.
688 4534 747 4586 Εἰ
776 4535 831 4586 δὲ
878 4536 970 4587 καὶ
1003 4535 1138 4604 πρὸς
1179 4536 1278 4605 τὴν
1326 4535 1476 4588 θείαν
1505 4536 1675 4606 ὀργὴν
1720 4537 1815 4588 καὶ
1846 4542 1889 4596 Ι)

1814 4576 1815 4581 η
1846 4542 1889 4596 Ι)
1918 4544 2065 4588 tuam
2094 4536 2370 4590 mordicus
2402 4536 2541 4589 tueri
2582 4537 2931 4605 pertinaciter
2961 4537 3317 4599 constituisti,
3346 4553 3481 4604 ψιθ-

252 4624 361 4675 τῶν
410 4624 686 4694 λογισμῶν
728 4625 829 4693 την
865 4625 1044 4695 κρίσιν
1085 4626 1174 4678 καὶ
1206 4626 1548 4692 κατάγνωσιν
1581 4627 1673 4678 καὶ
1716 4626 1813 4696 τὴν

251 4715 330 4777 είς
358 4713 674 4783 ἀνθρώπους
709 4712 844 4767 αίδὼ
875 4715 975 4784 τὴν
999 4713 1096 4784 σὴν
1117 4716 1472 4783 ἀντανασχεῖν
1516 4716 1812 4785 ἐπωρώθης

252 4803 499 4873 γνώμην,
536 4804 675 4866 πῶς,
697 4805 838 4867 είπὲ,
861 4804 922 4855 τὸ
945 4807 1083 4873 Πονη
1095 4804 1183 4872 ρδν
1206 4804 1445 4873 συνήφθη
1474 4805 1551 4874 τῷ
1580 4805 1810 4874 Ἀγαθῷ,

253 4894 348 4946 καὶ
380 4894 495 4955 πῶς
525 4895 733 4962 ὑπέστη
759 4897 787 4946 6
815 4895 1018 4961 ἀγαθὸς
1049 4895 1180 4956 Θεὸς
1201 4895 1289 4946 διὰ
1318 4894 1411 4946 τοῦ
1444 4896 1687 4963 Πονηροῦ
1715 4897 1812 4965 τὴν

247 4983 345 5036 τοῦ
378 4985 584 5051 κόσμου
616 4985 891 5053 σωτηρίαν
941 4985 1414 5054 καταπράξασθαι,
1450 4986 1542 5037 καὶ
1577 4987 1639 5037 τὸ
1675 4985 1809 5037 θαυ-

251 5076 594 5145 μασιώτερόν
632 5092 691 5128 τε
737 5078 828 5129 καὶ
873 5077 1325 5146 φρικωδέστερον,
1370 5076 1448 5145 τῷ
1486 5076 1661 5145 θρόνῳ
1687 5093 1809 5127 συν-

246 5169 488 5237 εδριάζει
517 5169 596 5239 τῷ
627 5168 918 5238 πατρικῷς
952 5168 1110 5221 τοῦτο
1148 5167 1257 5237 γὰρ
1287 5170 1315 5218 ὁ
1341 5166 1449 5219 τῶν
1477 5165 1808 5237 ἀπορρήτων

318 5308 401 5339 ⁸³⁸
429 5306 586 5362 Joan.
618 5324 656 5371 ι,
696 5306 781 5359 Η.
857 5307 903 5338 ⁸⁸
932 5306 1122 5360 Matth.
1164 5322 1201 5369 ι,
1233 5304 1322 5357 25.
1398 5304 1441 5335 ⁸⁵
1474 5302 1605 5357 Luc.
1646 5320 1703 5365 ιι,
1738 5303 1790 5355 7.

1910 4628 2094 4690 modo,
2143 4644 2360 4696 quaeso,
2414 4628 2609 4682 Malum
2659 4628 2806 4683 Bono
2851 4630 3101 4698 junctum
3133 4639 3237 4690 est,
3264 4639 3316 4682 et
3340 4645 3477 4696 quo.

1911 4718 2074 4771 modo
2140 4718 2317 4773 bonus
2388 4718 2528 4772 Deus
2588 4718 2817 4771 salutem
2884 4719 3072 4772 mundi
3132 4735 3229 4787 per
3282 4718 3481 4771 Malum

1911 4824 2165 4876 reparare
2211 4809 2490 4873 sustinuit,
2520 4818 2593 4870 et,
2624 4810 2768 4877 quod
2820 4810 2987 4877 magis
3025 4809 3381 4862 admiratione
3419 4825 3481 4861 ae

1914 4900 2143 4953 horrore
2185 4900 2405 4967 dignum
2436 4909 2535 4962 est,
2572 4900 2624 4951 in
2663 4903 2917 4952 thronum
2951 4900 3187 4968 patrium
3217 4900 3481 4953 collocat?

1915 4990 1967 5043 id
2000 4991 2143 5043 enim
2186 4992 2594 5044 absonditarum
2643 5008 2823 5044 rerum
2854 4992 3034 5044 sciens
3067 5001 3121 5045 et
3150 4992 3339 5045 doctor
3370 5000 3479 5044 tra-

1915 5079 2014 5131 dit.
2053 5080 2159 5132 Aut
2204 5078 2366 5147 igitur
2399 5080 2495 5132 has
2522 5094 2609 5133 res
2634 5095 2825 5132 omnes
2874 5094 3073 5147 negare
3106 5089 3156 5132 te
3184 5077 3476 5146 oportebit,

1915 5170 2061 5238 quod
2088 5169 2294 5225 scilicet
2320 5169 2561 5225 Verbum
2587 5185 2807 5225 carnem
2840 5171 3216 5240 assumpserit,
3246 5170 3299 5222 in
3323 5183 3480 5223 mun-

1287 5439 1522 5494 VAlllA‘]
1584 5438 1959 5494 LECTIONES
2007 5437 2091 5491 ET
2128 5435 2350 5491 NOT/E.

322 5533 434 5602 (90)
475 5532 903 5600 Παρεγρὰφετο.
945 5533 1050 5586 Eos
1080 5532 1257 5586 innuit
1287 5548 1353 5602 ex
1395 5532 1668 5586 veteribus
1706 5531 1811 5585 lue-

250 5606 475 5665 reticos,
513 5613 625 5656 tum
661 5603 1097 5664 Valentinianus,
1133 5614 1243 5655 tum
1282 5601 1625 5662 Manichaeos,
1653 5601 1815 5655 alios-

249 5691 357 5740 que
389 5675 552 5741 hujus
583 5672 814 5741 generiﬁs,
862 5673 949 5740 qui
994 5673 1269 5725 Christum
1302 5687 1486 5724 verum
1533 5672 1810 5724 hominem

252 5744 419 5797 fuisse
437 5740 720 5810 negarunt.
755 5740 896 5809 Lege
923 5757 1036 5802 eos,
1063 5743 1114 5793 in
1137 5757 1262 5794 suas
1284 5741 1483 5794 classes
1497 5740 1803 5803 distinctos,

250 5813 395 5883 apud
424 5810 764 5878 Forbesium,
810 5811 904 5868 lib.
944 5827 981 5866 ιι
1014 5810 1347 5866 lmtruction.
1396 5810 1808 5865 historico-theo-

1926 5533 2027 5601 log.
2060 5546 2108 5584 c.
2131 5531 2179 5590 l,
2206 5545 2261 5599 p.
2295 5531 2362 5583 77
2390 5544 2540 5596 seqq.

1988 5600 2097 5669 (9|)
2144 5602 2391 5665 Τρόπον.
2422 5598 2557 5669 Vult
2584 5596 2807 5669 Photius
2842 5596 2917 5669 id,
2952 5594 3093 5665 quod
3135 5607 3353 5651 sanctus
3372 5596 3475 5650 Lu-

1918 5666 2008 5723 cas
2038 5666 2195 5731 1,36,
2243 5678 2506 5721 memorat
2531 5668 2597 5719 de
2643 5666 2973 5729 Elisabetha,
3021 5681 3140 5733 qure
3201 5682 3264 5717 ex
3327 5678 3477 5734 parte

1918 5749 2114 5809 praeter
2135 5746 2386 5795 naturam
2424 5737 2592 5793 filium
2626 5747 2954 5805 conceperat
2977 5744 3103 5789 aute
3126 5735 3374 5789 Mariam.

2206 5545 2261 5599 p.
2295 5531 2362 5583 77
2390 5544 2540 5599 seqq.
