4222 6432
728 404 821 468 191

1876 382 2136 444 PIIOTII
2173 373 2677 437 PATRIARCIL‘E
2718 373 2822 431 (ΣΡ.

3860 365 3961 430 192

723 521 854 570 dum
901 527 997 581 per
1044 508 1380 564 nativitatem
1413 503 1466 556 in
1506 512 1666 572 partu
1707 499 1941 561 venerit,
1991 497 2289 548 humanum
2318 490 2369 546 Λ

2318 490 2369 546 Λ
2396 488 2603 556 μύστης
2631 488 2724 538 καὶ
2758 483 3120 554 μυσταγωγὸς
3152 481 3448 544 ἐδιδάξατο.
3479 479 3548 532 Ἢ
3583 477 3713 546 γοῦν
3753 478 3961 528 τούτων

729 625 900 678 genus
968 601 1276 662 redemerit,
1335 601 1785 661 assumptumque
1835 603 2035 656 corpus
2099 586 2295 637 throno

732 701 903 767 patrio
953 694 1278 753 vindicarit;
1312 701 1400 742 aut
1440 687 1781 753 relinquitur,
1815 683 1856 735 si
1892 698 1954 733 ea
1988 695 2096 731 non
2126 692 2294 745 nega-

731 797 823 854 ris,
858 805 1055 857 negare
1095 797 1147 839 te
1182 785 1479 838 bonitatem
1518 780 1629 839 Dei,
1662 791 1842 844 quem,
1879 774 1992 841 ipsa
2036 773 2134 824 hac
2164 784 2296 821 con-

725 885 1008 953 junctioue
1061 886 1326 937 astructa,
1381 873 1598 926 malitiae
1650 867 1960 935 suspicione
2011 876 2208 916 oneres
2241 869 2298 912 et

734 976 926 1043 injuria
967 971 1202 1032 allicias;
1255 969 1458 1036 quippe
1491 964 1580 1032 qui
1612 971 1667 1014 et
1699 959 1977 1018 malitiam,
2029 971 2150 1009 cum
2195 966 2298 1005 nec

736 1081 845 1121 tum
879 1066 1114 1118 retinuere
1135 1062 1327 1129 possis,
1363 1059 1415 1110 in
1449 1059 1649 1110 bonum
1673 1050 2024 1106 converterit.
2050 1048 2114 1100 Et
2143 1061 2293 1108 sane,

735 1160 776 1211 si
830 1157 1051 1209 omnino
1122 1161 1312 1205 contra
1391 1149 1556 1199 Deum
1628 1158 1868 1214 pugnare
1941 1140 2297 1195 constitutum

737 1252 957 1311 habeas,
1017 1245 1183 1314 magis
1230 1244 1280 1293 in
1332 1248 1584 1307 promptu
1635 1246 1752 1289 erat
1804 1234 1953 1303 prius
2005 1232 2299 1300 impietatis

736 1354 936 1411 ('npul,
986 1353 1143 1406 quam
1193 1334 1464 1402 posterius
1522 1332 1744 1398 eligere.
1785 1328 1904 1380 Fuit
1962 1326 2107 1378 enim
2158 1333 2300 1376 tem-

741 1446 858 1498 pus,
895 1443 1004 1495 quo
1031 1426 1083 1476 in
1131 1423 1314 1491 ﬂagitii
1350 1423 1509 1488 hujus
1549 1433 1764 1488 pmnam
1799 1432 1907 1469 non
1941 1416 2296 1478 vocabantur,

737 1522 828 1587 qui
861 1519 1039 1586 priora
1075 1516 1160 1566 illa
1201 1514 1539 1572 nesciebant,
1573 1525 1744 1578 eaque
1769 1519 2026 1578 tanquam
2057 1507 2301 1562 nondum

738 1611 1076 1671 exsistentia,
1124 1621 1232 1657 non
1268 1604 1677 1656 reverebantur.
1719 1603 1822 1666 Qui
1861 1619 1989 1655 vero
2019 1603 2108 1655 Dei
2144 1600 2301 1653 boni-

739 1710 902 1753 tatem
946 1702 997 1752 in
1046 1702 1245 1753 malum
1295 1697 1718 1756 transtulerunt,
1751 1704 1842 1747 aut
1874 1694 2009 1756 hoc,
2044 1702 2298 1760 tanquam

743 1787 873 1839 Boni
929 1789 1203 1855 particeps
1252 1787 1475 1851 factum,
1535 1786 1743 1838 illustre
1799 1785 2174 1847 reddiderunt,
2206 1799 2302 1836 eos

743 1880 884 1931 nulla
932 1896 1038 1933 non
1082 1890 1213 1933 :etas
1253 1878 1552 1932 iuevitabili
1592 1892 1749 1945 ptena
1783 1877 1974 1946 dignos
2021 1876 2298 1946 judicavit.

815 2127 925 2180 VII.
980 2128 1115 2182 Cum
1206 2144 1337 2180 vero
1431 2128 1652 2180 audacia
1746 2127 1861 2180 hmc
1924 2134 1979 2179 et
2053 2127 2303 2195 impietas

742 2220 973 2271 amasios
1046 2235 1172 2272 suos
1235 2228 1310 2271 tot
1364 2220 1519 2272 malis
1588 2219 1927 2282 circumdet,
1976 2220 2050 2271 illi
2122 2227 2302 2271 tamen

742 2309 879 2362 adeo
928 2311 996 2362 ab
1036 2326 1220 2364 errore
1259 2326 1359 2363 suo
1401 2325 1458 2363 se
1500 2325 1608 2362 non
1654 2319 1943 2371 avertunt,
1994 2320 2050 2362 ut
2094 2309 2302 2377 potius,

744 2402 902 2454 veriti
961 2402 1157 2469 quasi,
1213 2418 1280 2453 ne
1321 2403 1598 2454 satietate.
1635 2400 1864 2469 quadam
1926 2399 2094 2452 Deum
2133 2416 2306 2468 oppu-

747 2493 944 2558 guandi
1019 2492 1416 2559 corripiantur,
1469 2509 1621 2545 nova:
1676 2494 1887 2546 cuidam
1943 2492 2306 2560 profanationi

749 2583 875 2635 "ulti
895 2593 1138 2636 naturam
1171 2597 1467 2652 exponant.
1493 2585 1628 2637 (lum
1657 2586 1802 2637 enim
1830 2597 1982 2638 vetus
2001 2585 2120 2652 ejus
2153 2594 2309 2637 testa-

748 2688 1009 2733 mentum.
1035 2685 1191 2742 atque
1229 2694 1340 2738 eos,
1373 2679 1462 2744 qui
1494 2678 1544 2729 in
1573 2678 1760 2731 eodem
1792 2694 1901 2746 pra:
1928 2678 2138 2730 caeteris
2172 2677 2308 2730 cmi-

747 2775 1004 2827 nueruut,
1035 2767 1100 2818 ad
1133 2768 1255 2818 mali
1283 2767 1530 2835 principii
1558 2776 1879 2834 potestatem
1927 2768 2153 2835 ejus-que
2188 2768 2306 2820 cul-

750 2865 862 2908 tum
904 2856 1297 2920 referant,eum
1332 2869 1511 2911 tamen
1543 2858 1607 2911 ad
1632 2858 1796 2912 David
1828 2858 2188 2915 etAbraham.
2243 2872 2309 2909 ex

748 2947 944 3012 quibus
967 2946 1212 3000 Christus
1239 2949 1380 3016 quod
1415 2950 1478 3001 ad
1514 2964 1753 3011 carnem,
1814 2948 2054 3016 ejusdem
2103 2947 2311 3000 ordinis

753 3037 1078 3102 exstiterint,
1108 3039 1450 3091 manifestum
1470 3050 1552 3093 est
1602 3041 1741 3107 quod
1778 3039 2060 3091 Dominum
2096 3037 2311 3090 univer-

2398 579 2649 631 ἁπάντων
2688 575 2945 645 οίκειώσῃ
2982 575 3081 643 τὴν
3119 573 3428 642 ὲξάρνησιν,
3483 572 3557 634 ὼς
3623 573 3651 622 ό
3681 571 3850 636 Λόγος
3899 570 3960 621 οὐ

2399 671 2764 738 σεσάρκωται,
2807 668 2868 718 οὐ
2904 665 3140 735 προῆλθε
3178 665 3254 732 τῷ
3285 664 3471 731 κόσμῳ
3519 662 3607 715 διά
3655 663 3964 728 γεννήσεως

2398 765 2455 814 ὲν
2481 762 2558 829 τῷ
2583 762 2748 827 τόκῳ,
2779 760 2839 810 οὐ
2873 759 2982 827 (92)
3015 757 3167 824 γένος
3212 757 3467 809 διέσωσεν
3487 796 3500 817 ,
3542 756 3600 806 ού
3633 755 3693 805 τὸ
3726 754 3960 819 προσλη-

2399 855 2527 922 eos;
2585 853 2744 918 σῶμα
2770 851 2847 920 τῷ
2889 848 3137 918 πατρικῷ
3175 848 3348 917 θρόνῳ
3395 845 3891 914 συγκαθιδρύσατο·
3929 843 3960 910 ἦ

2397 945 2568 997 ταῦτα
2590 944 2836 996 λείπεται
2874 941 2947 1011 μὴ
2988 939 3403 1009 ὲξαρνούμενον,
3433 937 3711 1006 ἀρνεῖσθαι
3754 953 3813 988 τε
3850 935 3960 1003 (95)

2397 1039 2496 1106 τὴν
2547 1034 2856 1103 ἀγαθότητα
2904 1032 2998 1085 τοῦ
3052 1031 3209 1092 Θεοῦ,
3254 1032 3334 1094 εἰς
3377 1031 3578 1083 κακίαν
3631 1032 3696 1098 τῇ
3749 1029 3960 1095 συναφῇ

2401 1125 2818 1196 καθυϐρίζοντα.
2876 1125 2985 1176 Καὶ
3016 1124 3080 1192 δὴ
3125 1124 3404 1191 κάκείνην,
3436 1122 3524 1173 ὅτε
3581 1120 3712 1188 μηδὲ
3761 1119 3822 1169 τὸ
3874 1118 3964 1168 σὺν

2398 1222 2542 1290 ἔχειν
2570 1236 2652 1270 σοι
2684 1216 3100 1276 καταλείπεται,
3135 1216 3214 1275 είς
3244 1212 3552 1279 ἀγαθότητα
3595 1209 3963 1280 μεταϐάλλου-

2401 1328 2530 1365 σαν·
2573 1315 2666 1364 καὶ
2697 1305 2764 1380 ἦν
2814 1307 2880 1360 ἀν
2933 1324 3038 1370 σοι,
3071 1305 3363 1375 θεομαχεῖν
3413 1305 3628 1364 πάντως
3677 1301 3963 1371 ᾑρημένῳ,

2397 1403 2708 1473 κουφοτέρα
2748 1401 2946 1470 μᾶλλον
2981 1397 3088 1451 τῶν
3137 1398 3416 1466 προτέρων
3476 1396 3510 1463 η
3543 1395 3651 1446 τῶν
3698 1393 3965 1460 δευτέρων

2399 1493 2826 1562 δυσσεὸημάτων
2863 1492 2898 1560 ἡ
2929 1490 3158 1561 αἵρεσις.
3190 1487 3298 1542 Καὶ
3329 1487 3435 1556 γὰρ
3462 1481 3530 1555 ἦν
3563 1501 3692 1537 ποτε
3721 1486 3833 1545 τοῖς
3868 1482 3968 1550 μὲν

2400 1585 2498 1636 οὐκ
2537 1584 2701 1636 εἰδόσι
2746 1583 2814 1635 τά
2856 1581 3099 1650 πρότερα
3134 1577 3254 1632 οὐδὲ
3295 1576 3384 1628 δια
3421 1575 3482 1627 τὸ
3510 1575 3676 1644 μήπω
3707 1575 3965 1642 παρεῖναι

2400 1676 2652 1745 τιμῶσιν,
2674 1675 2794 1726 οὐδὲ
2821 1675 2947 1741 μιᾶς
2964 1670 3306 1739 ὲπαφιεμένη
3326 1665 3641 1728 δυσσεὸείας
3657 1664 3966 1734 εῖσπραξις.

2415 1767 2674 1833 ’Λπάγειν
2705 1765 2760 1819 δὲ
2788 1765 2886 1833 τὴν
2913 1762 3010 1814 τοῦ
3040 1761 3178 1814 Θεοῦ
3229 1759 3544 1827 ἀγαθότητα
3576 1759 3708 1827 πρὸς
3742 1757 3969 1820 κακίαν,

2403 1862 2436 1932 ἦ
2471 1860 2673 1927 ταύτην
2723 1855 3005 1923 σεμνύνειν
3043 1855 3108 1923 τῇ
3165 1853 3426 1921 μετουσία
3463 1850 3560 1918 τῆς
3605 1847 3968 1914 ἀγαθότητος,

2402 1951 2575 2012 οὐδεὶς
2607 1950 2705 2001 οὐκ
2736 1949 2881 1999 ἐστιν
2924 1945 3058 2000 αἰὼν
3083 1943 3141 2006 ὃς
3181 1942 3259 2012 μὴ
3292 1942 3392 2009 τὴν
3424 1941 3694 2008 τιμωρίαν
3725 1939 3969 2008 ἀπαραί-

2401 2057 2562 2110 τητον
2585 2040 2706 2100 τοὺς
2736 2037 3025 2106 ἑλομένους
3055 2035 3154 2087 οὐκ
3179 2033 3592 2100 εἰσπράττεται.

2474 2134 2546 2184 Ζ’.
2603 2129 2952 2199 Τηλικούτοις
2995 2126 3053 2179 δὲ
3088 2129 3273 2186 κακοῖς
3319 2124 3418 2192 τῆς
3465 2123 3670 2188 τόλμης
3725 2121 3817 2172 καὶ
3871 2121 3971 2188 τῆς

2404 2224 2654 2285 ἀσεὸείας
2673 2221 3009 2290 πανταχόθεν
3035 2221 3161 2281 τοὺς
3185 2217 3418 2286 ἐραστὰς
3440 2232 3504 2267 πε
3515 2213 3969 2283 ριστοιχιζούσης,

2405 2315 2454 2366 οἱ
2485 2314 2540 2366 δὲ
2569 2312 2702 2380 πρὸς
2721 2309 2796 2379 τῷ
2819 2308 2895 2378 μὴ
2916 2309 3012 2375 τῆς
3039 2305 3245 2373 πλάνης
3272 2302 3585 2370 ἀναφέρειν,
3628 2300 3761 2352 ἀλλά
3793 2315 3855 2364 γε
3877 2298 3970 2349 καὶ

2407 2405 2567 2472 κόρον
2598 2402 2787 2472 ὥσπερ
2811 2399 2904 2452 τοῦ
2920 2399 3208 2466 θεομαχεῖν
3230 2394 3416 2447 λαϐεῖν
3450 2411 3572 2444 τινα
3598 2391 3848 2452 δεδιότες,
3875 2389 3973 2442 καὶ

2406 2495 2634 2566 δευτέρᾳ
2661 2491 2960 2562 βεϐηλώσει
2980 2489 3078 2559 τὴν
3107 2487 3200 2540 τοῦ
3236 2483 3467 2553 Ἀγαθοῦ
3503 2481 3971 2535 καθυποὸἁλλουσι

2409 2588 2590 2656 φύσιν.
2609 2586 2718 2654 Τῆς
2745 2585 2852 2653 γάρ
2882 2580 3044 2634 αὑτοῦ
3069 2579 3332 2646 διαθήκης
3357 2576 3453 2645 τὴν
3475 2571 3839 2645 ἀρχαιοτέραν
3877 2569 3974 2622 καὶ

2407 2677 2532 2738 τοὺς
2584 2676 2642 2727 ὲν
2702 2673 2840 2741 αὐτῇ
2873 2667 3188 2738 διαπρεπῶς
3222 2663 3710 2732 πολιτευσαμένους
3744 2661 3822 2722 εἰς
3872 2659 3975 2728 τὴν

2407 2768 2507 2836 τῆς
2533 2765 2771 2834 πονηρᾶς
2799 2761 3135 2830 ἀναρτῶντες
3160 2757 3405 2821 ἐξουσίαν
3433 2773 3492 2808 τε
3524 2755 3617 2807 καὶ
3645 2752 3971 2822 θεραπείαν,

2410 2857 2637 2924 ἐπείπερ
2664 2854 2758 2907 καὶ
2779 2851 2939 2904 Δαὸὶδ
2958 2849 3050 2902 καὶ¹
3084 2847 3350 2918 Ἀϐραὰμ,
3380 2845 3439 2910 ἐξ
3464 2838 3538 2898 ὧν
3586 2847 3613 2897 ὁ
3642 2844 3876 2914 Χριστὸς
3912 2842 3976 2894 τὸ

2412 2948 2551 3000 κατά
2581 2947 2779 3015 σάρκα,
2809 2941 2908 3007 τῆς
2934 2940 3099 3008 αὐτῆς
3133 2935 3488 3007 χοροστασίας
3520 2934 3782 3002 ὑπῆρχον,
3815 2931 3977 3001 δῆλον

2411 3039 2484 3100 ὡς
2537 3037 2694 3105 διπλῇ
2756 3030 3050 3103 βεὸηλώσει
3108 3029 3199 3083 τὸν
3250 3027 3359 3081 τῶν
3408 3026 3544 3080 ὅλων
3591 3023 3979 3087 καταστίζουσι

754 3129 924 3181 sitatis
941 3145 1118 3182 rerum
1145 3131 1344 3198 duplici
1368 3130 1561 3198 injuria
1585 3131 1844 3191 alliciunt,
1872 3132 2040 3184 semel
2069 3131 2307 3197 quidem,
2335 3144 2379 3205 ρ
2414 3168 2421 3180 .

2335 3144 2379 3205 C
2414 3130 2687 3196 Δεσπότην
2714 3143 2728 3157 ·
2775 3126 2873 3194 μιᾷ
2914 3124 3011 3193 μὲν
3066 3121 3147 3174 ὅτι
3194 3119 3434 3188 πονηρᾶς
3481 3115 3890 3183 ἀποφαίνουσιν,

752 3220 892 3286 quod
928 3234 1147 3287 corpus,
1189 3221 1334 3289 quod
1361 3221 1674 3288 assumpsit,
1728 3237 1755 3273 a
1781 3220 1917 3274 Malo
1943 3236 2064 3274 esse
2084 3230 2312 3273 conten-

751 3309 924 3366 dunt:
965 3310 1161 3365 deinde
1189 3326 1338 3374 vero,
1392 3312 1533 3380 quod
1583 3312 1711 3365 illud
1753 3327 1858 3365 non
1894 3311 1960 3365 ab
1986 3311 2092 3366 alio
2119 3313 2315 3380 populo

756 3402 1049 3465 deducunt,
1083 3418 1347 3470 quameo,
1382 3403 1470 3471 qui
1508 3403 1805 3456 secundum
1836 3403 2028 3472 legem,
2083 3404 2150 3456 ab
2187 3403 2317 3471 ipsis

756 3504 1143 3560 contemptam,
1176 3495 1326 3547 vixit.
1347 3493 1500 3558 Quod
1522 3494 1564 3547 si
1592 3495 1738 3546 enim
1779 3493 1982 3549 Bonum
2006 3493 2127 3546 Mali
2178 3493 2320 3546 inest

756 3602 913 3652 opus,
938 3586 1228 3653 quomodo,
1263 3601 1466 3654 qnzeso,
1501 3586 1567 3639 ab
1597 3586 1717 3639 aliis
1755 3586 1884 3639 illud
1924 3586 2110 3640 evitari
2161 3596 2316 3654 pote-

757 3677 865 3728 rit?
901 3676 1184 3744 Nunquam
1209 3691 1336 3730 vero
1361 3677 1425 3730 ad
1460 3677 1799 3730 insolentiam
1822 3677 2054 3730 hominis
2083 3676 2318 3731 accessio

758 3768 873 3820 ﬁeri
895 3777 1086 3835 potest,
1123 3768 1213 3835 qui
1245 3767 1447 3836 duplici
1470 3769 1698 3822 crimine
1744 3785 1803 3822 se
1840 3770 2176 3839 obstringat?
2230 3768 2321 3822 Et-

756 3859 901 3913 enim
952 3860 1224 3928 propriam
1261 3867 1562 3912 ereaturam
1594 3859 1658 3913 ad
1721 3871 2001 3929 peccatum
2055 3875 2317 3923 aversam,

761 3966 856 4019 per
886 3950 1004 4018 ejus
1038 3952 1462 4020 assumptionem
1500 3967 1738 4015 servare,
1797 3952 2044 4005 maxinue
2092 3966 2234 4004 curre
2269 3959 2322 4003 et

764 4043 1022 4096 bonitatis
1063 4053 1439 4112 argumentum
1487 4052 1568 4096 est
1600 4061 1612 4096 :
1644 4044 1880 4097 vicissim
1913 4043 1955 4096 si
1987 4042 2144 4095 alieni
2194 4041 2321 4110 quid

765 4133 1065 4185 clanculum
1094 4134 1336 4201 obrepat,
1359 4134 1504 4201 quod
1527 4143 1717 4186 natura
1744 4134 1894 4187 alteri
1921 4135 1989 4186 sit
2011 4133 2318 4196 adversum,

767 4234 819 4278 et
847 4225 1226 4278 contrarietate
1249 4241 1344 4278 sua
1376 4242 1497 4278 cum
1541 4242 1606 4279 eo
1631 4235 1849 4295 pugnet,
1884 4240 2062 4278 nonne
2089 4225 2231 4278 illam
2269 4233 2324 4278 et

764 4331 908 4368 curae
937 4325 993 4368 et
1022 4316 1277 4369 bonitatis
1302 4317 1651 4370 eminentiam
1684 4317 1735 4369 in
1783 4326 1988 4384 partem
2022 4317 2323 4384 Oppositam

767 4415 1081 4459 convertere
1103 4406 1454 4472 judicandum
1480 4406 1602 4459 est?
1633 4408 1814 4474 Itaque
1841 4420 1946 4457 non
1973 4414 2055 4457 est
2075 4407 2180 4458 ulla
2203 4406 2321 4474 opi-

2417 3219 2744 3290 προσείληφε
2775 3216 2952 3285 σῶμα,
2987 3211 3342 3282 δημιουργίας
3362 3224 3376 3238 °
3428 3206 3653 3278 δευτέρᾳ
3681 3208 3756 3271 δὲ,
3790 3206 3872 3258 ὅτι
3902 3204 3981 3274 μὴ

2416 3310 2477 3375 ἐξ
2511 3309 2670 3364 ἄλλου
2703 3308 2915 3375 γένους,
2942 3304 3058 3358 ἀλλ’
3090 3297 3169 3366 οἷς
3204 3305 3230 3355 ό
3253 3302 3364 3371 βίος
3397 3301 3428 3369 ἡ
3465 3299 3594 3369 παρ’
3637 3299 3817 3352 αὐτῶν
3839 3315 3980 3366 προ-

2421 3399 2834 3472 πηλακιζομένη
2894 3396 3035 3450 κατά
3091 3395 3254 3462 νόμου
3318 3391 3562 3458 λατρεία.
3626 3392 3886 3458 Καίτοιγε
3929 3392 3980 3443 εἰ

2419 3493 2614 3553 κακίας
2637 3493 2794 3560 ἔργον
2819 3491 3142 3561 τῷᾺγαθῷ,
3169 3491 3284 3554 πῶς
3304 3490 3370 3544 ἂν
3390 3491 3475 3560 εἴη
3500 3489 3658 3542 τοῦτο
3679 3490 3982 3558 ἀπαραίτη-

2419 3603 2510 3636 τον
2539 3583 2865 3653 προσλαϐεῖν
2892 3600 2906 3647 ;
2936 3583 3017 3644 τίς
3041 3583 3268 3645 ἀτοπίας
3289 3583 3670 3634 καταλείπεται
3703 3580 3981 3651 ύπερὸολὴ

2418 3675 2496 3743 τῷ
2535 3677 2626 3727 καὶ
2653 3673 2864 3735 διπλαῖς
2893 3671 3193 3741 ὲνεχομένῳ
3247 3673 3482 3736 αἱτὶαις;
3517 3670 3588 3723 Τὸ
3646 3669 3744 3739 μὲν
3771 3670 3879 3738 γὰρ
3908 3668 3975 3720 τὸ

2421 3767 2618 3818 οἰκεῖον
2660 3764 2901 3831 πλάσμα,
2922 3763 3053 3830 πρὸς
3098 3761 3371 3830 ἁμαρτίαν
3407 3760 3706 3831 ἀπορρυὲν,
3748 3759 3836 3812 διὰ
3879 3761 3982 3828 τῆς

2421 3853 2776 3924 προσλήψεως
2830 3851 3232 3916 ἀνασώσασθαι,
3264 3851 3358 3918 τῆς
3408 3851 3581 3919 ἄκρας
3608 3844 3676 3917 ἦν
3725 3848 3982 3916 προνοίας

2422 3943 2514 3995 καὶ
2540 3943 2894 4010 ἀγαθότητος.
2940 3941 3012 3992 Τὸ
3061 3938 3117 3990 δὲ
3150 3941 3208 3990 τδ
3259 3936 3533 4007 ἀλλότριον
3575 3935 3823 3988 ὑπελθεῖν
3886 3939 3983 3988 καὶ

2421 4035 2593 4088 ταῦτα
2629 4033 2786 4103 φύσει
2819 4033 2909 4084 καὶ
2936 4030 3142 4100 διχόθεν
3170 4029 3627 4098 ἀντανιστάμενον
3658 4029 3792 4098 πρὸς
3822 4028 3982 4079 ἀλλο-

2422 4129 2695 4199 τριότητα,
2734 4125 2849 4187 πῶς
2877 4124 2995 4192 οὐχὶ
3020 4123 3222 4192 καὶτῆς
3249 4119 3500 4191 προνοίας
3530 4121 3622 4171 καὶ
3650 4119 3746 4187 τῆς
3777 4118 3983 4184 ἀγαθός

2421 4236 2583 4286 τητος
2637 4218 2736 4268 οὐκ
2788 4216 2868 4276 είς
2907 4215 2967 4266 τὸ
3003 4213 3238 4266 ἐναντίον
3284 4210 3600 4279 περιτρέπει
3630 4209 3688 4259 τὸ
3722 4208 3980 4277 ἀξίωμας

2426 4309 2607 4370 Οὕτως
2634 4309 2733 4361 οὐκ
2757 4307 2900 4358 ἔστιν
2935 4304 3090 4366 ὅλως,
3125 4303 3222 4355 οὐκ
3252 4301 3396 4354 ἐστιν
3427 4300 3550 4353 οὔτε
3596 4299 3705 4352 τῶν
3725 4299 3783 4351 τὸ
3823 4299 3986 4367 σῶμα

2426 4399 2707 4467 λεγόντων,
2732 4396 2855 4448 οὔτε
2887 4397 2984 4464 τὴν
3018 4393 3312 4462 Μωσαῖκὴν
3347 4390 3664 4460 νομοθεσίαν
3686 4388 3777 4440 τοῦ
3805 4391 3984 4457 Πονη-

769 4497 858 4548 nio
889 4498 970 4549 vel
1002 4497 1186 4549 insana
1207 4497 1393 4566 magis,
1435 4497 1520 4550 vel
1557 4498 1787 4565 impura,
1820 4495 1900 4548 vel
1936 4496 2117 4564 impia,
2161 4514 2321 4566 quam
2349 4465 2401 4524 D
2430 4516 2436 4562 ι

2314 4517 2321 4550 ι
2349 4465 2401 4524 D
2430 4465 2544 4562 ρού,
2568 4489 2679 4541 οὒτ’
2713 4487 3112 4557 ἐμμανέστερον
3141 4485 3312 4548 οὐδὲν,
3332 4483 3444 4535 ἀλλ’
3468 4481 3591 4534 ούτε
3620 4479 3981 4550 μιαρώτερον,

765 4600 980 4647 eorum,
1010 4584 1100 4653 qui
1130 4585 1212 4637 vel
1241 4601 1436 4654 corpus
1464 4585 1545 4637 vel
1578 4585 1746 4654 legem
1785 4585 2073 4638 Mosaicam
2113 4602 2142 4640 a
2188 4585 2326 4640 Malo

770 4686 1040 4743 repetunt.
1066 4675 1266 4729 Prreter
1296 4676 1430 4739 haac,
1475 4677 1519 4730 si
1548 4692 1774 4744 corpora
1808 4692 1837 4730 a
1884 4675 2137 4731 Creatore
2186 4678 2329 4731 malo

770 4777 919 4830 sunt,
953 4784 1060 4821 non
1096 4784 1224 4821 vero
1253 4784 1282 4820 a
1315 4767 1472 4821 Patre
1519 4777 1574 4822 et
1618 4768 1754 4822 Filio
1778 4777 1831 4822 et
1864 4768 2071 4836 Spiritu
2120 4777 2328 4833 sancto,

772 4876 879 4912 una
908 4859 1187 4913 divinitate
1219 4869 1274 4912 et
1303 4858 1565 4927 potentia,
1607 4859 1878 4926 quomodo
1923 4858 1992 4910 ab
2036 4858 2226 4911 alienis
2276 4865 2333 4910 et

773 4951 932 5005 malis
956 4950 1294 5017 corporibus,
1336 4966 1458 5018 qua:
1486 4965 1614 5003 sane
1646 4949 1765 5002 Mali
1807 4959 1932 5004 sunt
1957 4966 2138 5018 opera,
2187 4965 2332 5002 mor-

777 5045 788 5093 ἶ
909 5043 1310 5111 ;;ιιρρίίίι[)ουε
1333 5043 1589 5111 optimus,
1630 5051 1684 5095 et
1715 5043 2015 5095 mirabilem
2069 5043 2132 5094 iis
2176 5041 2333 5094 atl'ert

778 5135 1142 5188 medicinam?
1172 5136 1283 5188 Hoc
1311 5136 1454 5188 enim
1495 5135 1630 5188 nihil
1655 5135 1794 5188 foret
1819 5134 1982 5198 aliud,
2039 5150 2197 5202 quam
2241 5151 2333 5188 or-

780 5245 907 5279 nare
922 5244 1075 5295 opus,
1121 5228 1188 5279 ad
1215 5229 1370 5295 cujus
1387 5237 1709 5296 potestatem
1742 5227 2122 5280 destruendam
2167 5243 2333 5281 vene-

778 5328 878 5378 rat,
917 5328 1079 5386 atque
1136 5320 1270 5372 adeo
1320 5334 1515 5387 augere
1545 5321 1687 5373 vires
1717 5319 1854 5387 ejus,
1917 5320 2008 5388 qui
2064 5321 2129 5372 ab
2175 5319 2328 5374 initio

775 5411 1138 5465 defectionem
1167 5418 1569 5479 procuraverat.
1624 5409 1734 5465 lmo
1763 5411 1805 5464 si
1843 5409 2022 5480 fruges
2043 5421 2198 5465 terrae
2219 5426 2326 5464 non

2421 4578 2529 4631 οὔτ’
2558 4576 2879 4645 ἀθεώτερον.
2918 4575 3125 4636 Ἀλλως
3155 4588 3213 4625 τε
3239 4571 3314 4633 δὲ,
3355 4572 3402 4621 εί
3454 4569 3522 4621 τά
3577 4569 3802 4638 σώματα
3851 4568 3987 4620 πλά-

2427 4670 2562 4732 σεώς
2592 4671 2740 4721 ἐστιν
2769 4668 3037 4729 ἐναντίας,
3067 4665 3182 4718 ἀλλ’
3212 4663 3332 4732 οὐχὶ
3359 4663 3570 4732 Πατρὸς
3602 4663 3696 4714 καὶ
3719 4660 3850 4713 Υἱοῦ
3887 4661 3986 4714 καὶ

2425 4760 2581 4826 ἀγίου
2605 4757 2939 4826 Πνεύματος,
2971 4758 3065 4824 τῆς
3104 4753 3233 4822 μιᾶς
3282 4751 3531 4819 θεότητος
3583 4749 3680 4802 καὶ
3714 4749 3984 4813 ἐξουσίας,

2428 4849 2545 4912 πῶς
2577 4848 2685 4901 τῶν
2709 4845 3001 4915 ἀλλοτρίων
3039 4845 3132 4896 καὶ
3161 4841 3378 4910 φαύλων
3408 4841 3698 4909 σωμάτων,
3729 4840 3810 4891 ὅτι
3839 4841 3986 4892 Φαύ-

2429 4941 2521 4994 λου
2563 4941 2858 5007 ποιήματα,
2903 4935 2999 4996 τάς
3045 4933 3229 4993 νόσους
3268 4930 3502 4983 ὲλαύνων
3535 4930 3562 4981 ὁ
3610 4929 3812 4996 ἀγαθὸς
3855 4930 3988 4991 Θεὸς

2428 5034 2524 5094 τὰς
2543 5029 2874 5100 παραδόξους
2891 5025 3173 5090 ἀντεισῆγε
3195 5022 3486 5090 θεραπείας
3503 5039 3517 5085 ;
3535 5021 3697 5072 Οὐδὲν
3713 5021 3820 5090 γὰρ
3833 5020 3990 5073 τοῦτο

2430 5124 2598 5194 ἀλλ’ἢ
2629 5121 2944 5190 συγκροτεῖν
2978 5118 3036 5169 τὸ
3057 5116 3234 5186 ἔργον,
3272 5114 3329 5166 ού
3357 5112 3602 5166 καθελεῖν
3640 5112 3984 5180 παρεγένετο

2428 5217 2526 5285 τὴν
2541 5212 2848 5284 τυραννίδα,
2875 5210 2967 5262 καὶ
2990 5207 3170 5271 αὖξειν
3188 5205 3247 5258 τὸ
3275 5205 3471 5274 κράτος
3493 5202 3585 5255 τοῦ
3610 5203 3704 5268 τὴν
3730 5201 3788 5264 ὲξ
3814 5203 3993 5269 ἀρχῆς

2435 5303 2766 5361 ἀποστασίαν
2804 5299 3234 5370 ἐπανῃρημένου.
3293 5296 3366 5348 Οὑ
3413 5293 3518 5364 μὴν
3564 5292 3697 5346 ἀλλά
3725 5293 3819 5344 καὶ
3849 5294 3896 5342 εί
3924 5294 3994 5344 τα

2439 5403 2792 5473 βλαστήματα
2838 5397 2938 5467 τῆς
2995 5393 3212 5463 γῆς,οὑ
3257 5391 3354 5459 τῆς
3401 5387 3732 5456 ἀγαθότητος
3791 5385 3991 5455 ἀρχῆς,

1824 5564 2056 5621 VARIA‘I
2096 5565 2470 5622 LECTIONES
2523 5566 2608 5619 ET
2649 5560 2879 5618 ΝΟΤᾸΞ.

853 5723 961 5786 (9'3:
1005 5724 1107 5774 οὺ.
1152 5721 1475 5776 Particulam
1515 5723 1676 5787 hanc,
1724 5722 1777 5777 in
1814 5739 1917 5778 ms.
1951 5722 2333 5787 desideratam,
2369 5739 2558 5777 sensus
2591 5720 2790 5775 addere
2817 5731 2902 5770 mc
2933 5711 3125 5782 coegit.

849 5795 962 5862 (υῦ)
1004 5797 1087 5847 T8.
1128 5791 1303 5845 Malim
1333 5792 1507 5862 legere
1541 5793 1599 5843 σέ
