4222 6432
238 378 341 443 193

1286 374 1578 438 CONTRA
1619 370 2073 433 MANICII/EOS
2111 371 2340 433 LIBER
2378 374 2476 433 IV.

3379 373 3479 437 ιθι

236 498 357 551 πῶς
384 489 507 551 τοῖος
531 489 749 558 ἄρτους,
799 490 834 542 ἃ
866 488 929 541 ἐκ
961 488 1068 540 τῶν
1118 486 1414 557 ἀλλοτρίων
1474 484 1804 555 σπερμάτων
1833 487 1880 544 Λ

1833 487 1880 544 Λ
1907 499 1935 535 a
1969 484 2110 536 bono
2142 494 2269 536 sunt
2299 482 2585 553 principio,
2622 482 2895 551 quomodo
2934 497 3121 551 panes,
3176 496 3241 536 ex
3287 484 3476 537 alienis

235 580 517 648 ἐζυμώθη,
549 580 707 641 αὑτός
735 596 795 631 τε
822 573 893 657 otio
916 578 1135 647 βαθείας
1162 577 1329 647 μέθης
1350 579 1389 646 l)
1414 576 1801 645 προσεφέρετο,

233 671 534 737 δυνάμενος
566 671 799 737 μάλιστα
824 674 883 721 ἐκ
915 669 988 737 μὴ
1004 669 1171 720 ὄντων
1198 668 1376 735 ἐαυτῷ
1402 666 1607 735 τροφὴν
1631 680 1806 733 παρα-

236 761 500 810 σκευάσαι
514 775 530 823 ;
569 759 628 809 ’0
656 758 713 810 δὲ
746 759 837 810 καὶ
883 758 1106 819 τούτους
1158 756 1446 824 πληθύνων
1497 756 1690 822 ἔτρεφε
1723 770 1805 820 χιο

236 848 444 911 λιάδας,
474 847 605 915 ὓλην
654 848 752 916 τῆς
781 845 1225 916 θαυματουργίας
1267 846 1368 915 τὴν
1410 844 1504 896 τοῦ
1556 841 1804 913 Πονηροῦ

236 937 681 1008 παραλαμϐάνων
702 939 896 1002 κτίσιν,
928 939 1023 990 καὶ
1051 938 1306 989 κοινωνὸν
1334 937 1501 989 ποιῶν
1521 937 1617 1005 τῆς
1642 936 1807 1002 ὑπερ⁴

239 1028 407 1099 φυοῦς
431 1029 745 1098 εὐεργεσίας
770 1028 861 1080 τὸν
896 1030 1317 1097 Ἀντικείμενον,
1349 1028 1537 1096 ὥσπερ
1566 1027 1664 1079 οὐκ
1686 1025 1805 1089 ἐξὸν

236 1121 389 1190 αὐτῷ
411 1121 471 1183 ἐξ
495 1121 577 1172 ἑτέ
590 1137 687 1191 ρας
710 1123 1108 1192 ἐνεργουμένης
1132 1122 1350 1191 τρέφειν
1367 1119 1497 1190 ὓλης
1517 1118 1706 1170 ἐαυτόν
1722 1133 1801 1179 τε,

238 1215 333 1265 καὶ
363 1214 507 1276 τοὺς,
541 1214 653 1265 ὅσοι
682 1214 792 1276 τοῖς
815 1213 979 1265 αὑτοῦ
1028 1214 1386 1283 προσανεῖχον
1421 1212 1513 1264 καὶ
1542 1210 1805 1277 κατηρτὶ·

240 1306 396 1367 ζοντο
420 1308 679 1373 ῥήμασιν.
714 1306 822 1357 Καὶ
850 1304 958 1356 τῶν
995 1306 1053 1357 ἐν
1079 1304 1157 1369 τῷ
1198 1303 1344 1371 νόμῳ
1386 1304 1440 1354 δὲ
1472 1300 1807 1371 βεϐιωκότων

239 1397 287 1445 ot
314 1394 573 1460 φύλακες,
599 1394 647 1444 εί
678 1394 753 1462 μὴ
778 1393 875 1461 τῆς
904 1390 1245 1460 ἀγαθουργοῦ
1271 1391 1535 1457 Θεότητος
1567 1388 1807 1455 ὑπῆρχον

241 1486 594 1555 θεράποντες.
630 1484 743 1546 πῶς
783 1485 909 1545 τοὺς
956 1483 1203 1552 μαθητὰς
1256 1485 1430 1552 μάτην
1470 1478 1808 1548 ἐγκαλουμέ-

238 1592 366 1637 νους
396 1577 501 1627 ὑπὸ
553 1574 659 1627 τῶν
690 1574 1034 1636 διυλιςόντων
1077 1574 1176 1643 μὲν
1205 1574 1511 1641 φαρισαίων
1543 1574 1667 1633 τοὺς
1697 1570 1809 1622 κώ⁸

240 1682 449 1726 νωπας,
479 1664 885 1716 καταπινόντων
916 1664 972 1716 δὲ
1001 1664 1098 1726 τὰς
1126 1663 1423 1733 καμήλους,
1456 1663 1536 1714 ὅτι
1578 1662 1809 1713 πεινῶν-

238 1772 329 1816 τες
353 1758 476 1815 τοὺς
504 1755 699 1823 στάχυς
730 1757 787 1805 ἐν
812 1754 887 1823 τῷ
909 1754 1171 1819 Σαϐϐάτῳ
1192 1753 1393 1805 έτιλλόν
1407 1771 1464 1804 τε
1481 1754 1574 1804 καὶ
1599 1751 1805 1820 ἢσθιον,

238 1848 340 1915 τὴν
369 1845 462 1897 τοῦ
492 1844 741 1913 σώματος
779 1844 1263 1914 παραμυθούμενοι
1310 1844 1513 1897 ἔνδειαν
1560 1844 1625 1895 δι’
1669 1842 1810 1894 ἐκεί-

239 1954 369 1999 νων,
410 1937 692 2004 κρείττους
723 1953 782 1988 τε
811 1936 910 2004 τῆς
944 1936 1122 1999 αἰτίας
1149 1936 1438 2003 ἀπέφαινε,
1478 1935 1572 1986 καὶ
1605 1932 1807 1985 ἀπέλυε

238 2025 335 2076 τοῦ
369 2026 733 2094 ἐγκλήματος,
760 2026 850 2077 τὸν
892 2025 1057 2077 Δαὸὶδ
1098 2028 1176 2087 είς
1209 2024 1536 2095 συνηγορίαν
1561 2025 1653 2077 καὶ
1684 2023 1809 2092 βοή-

242 2117 395 2167 θειαν
420 2117 737 2186 προτείνων,
774 2117 868 2169 καὶ
919 2118 1044 2179 τοὺς
1090 2118 1253 2185 ἱερεῖς
1288 2118 1414 2177 τοὺς
1447 2116 1809 2185 κρεανομοῦν-

240 2211 341 2270 τάς
364 2226 422 2259 τε
455 2210 548 2260 καὶ
580 2207 1006 2273 ξυλοκοποῦντας
1035 2210 1092 2260 ἐν
1126 2206 1203 2276 τῷ
1229 2206 1491 2274 Σαϐὅάτῳ
1512 2245 1526 2268 ,
1572 2206 1667 2257 καὶ
1692 2206 1809 2257 τότε

239 2301 329 2353 διὰ
355 2300 450 2368 τῆς
478 2302 625 2368 ίερᾶς
656 2300 980 2369 ὑπηρεσίας,
1008 2300 1089 2365 ἐφ’
1177 2299 1375 2368 μᾶλλον
1409 2296 1515 2349 ἔδει
1543 2297 1809 2360 σώζεσθαι

242 2393 337 2444 τὸν
362 2392 546 2459 νόμον,
568 2394 663 2459 τῆς
695 2390 958 2461 ἐργασίας
993 2389 1321 2460 προϊούσηςς

316 2574 399 2626 ll’.
440 2574 536 2636 Τίς
562 2572 606 2625 δ’
634 2572 701 2625 ἂν
725 2573 1053 2641 σαφέστερος
1092 2572 1308 2643 ἐλεγχος
1359 2573 1393 2642 ἢ
1422 2569 1812 2641 δυνατώτερος,

244 2668 331 2720 ὅτι
359 2667 584 2736 μηδενὸς
616 2667 726 2719 τῶν
777 2668 1037 2734 ἐπιγείων
1062 2668 1091 2718 ὁ
1130 2665 1369 2735 Πονηρὸς
1400 2666 1671 2727 δεσπόζει,
1706 2662 1823 2714 τῶν

251 2758 424 2811 αὐτοῦ
482 2760 741 2828 ῥημάτων
768 2759 1000 2820 ἐκείνου,
1051 2760 1115 2811 δι’
1156 2752 1232 2812 ὧν
1280 2756 1455 2824 ἐαυτῷ
1498 2756 1596 2825 τὴν
1640 2754 1814 2806 κτίσιν

247 2851 704 2919 ύποὸαλλόμενος,
737 2852 827 2903 ὅτε
868 2851 1227 2921 κρυπτομένῳ
1268 2852 1362 2901 καὶ
1390 2848 1704 2902 λανθάνοντι
1737 2846 1815 2915 τῷ

246 2944 566 3013 δημιουργῴ
595 2943 701 2993 τῶν
732 2944 987 3004 ὅλωνκαὶ
1009 2943 1242 3013 δεσπότῃ
1258 2941 1612 3010 ἐπιπειράσαι
1644 2956 1813 3009 προσ-

251 3036 349 3087 ιὼν
376 3076 390 3097 ,
444 3036 533 3086 καὶ
574 3036 672 3095 τὰς
703 3035 975 3101 ἐπιγείους
1033 3033 1305 3102 βασιλείας
1338 3033 1539 3095 πάσας,
1590 3033 1685 3084 καὶ
1715 3032 1814 3099 τὴν

248 3126 409 3189 δόξαν
438 3125 617 3178 αὐτῶν
648 3126 979 3191 ἐπιδεικνὺς,
1024 3126 1204 3191 ἐλεγε-
1253 3123 1444 3178 Ταῦτα
1475 3124 1671 3176 πάντα
1714 3122 1812 3175 σοί

250 3218 445 3282 δώσω,
466 3218 573 3269 ἐὰν
609 3217 813 3270 πεσὼν
839 3217 1277 3285 προσκυνήσῃς
1302 3234 1442 3284 μοις
1477 3216 1537 3268 Εἰ
1567 3216 1675 3285 γάρ
1701 3217 1815 3266 ἐστι

250 3309 514 3377 ψεύστης,
545 3310 641 3360 καί
699 3307 984 3360 οὐδέποτε
1041 3308 1109 3360 ἐν
1158 3306 1232 3374 τῇ
1252 3306 1500 3373 ἀληθείᾳ
1547 3304 1813 3370 ἔστηκεο

253 3400 435 3467 (τοῦτο
462 3401 568 3469 γάρ
601 3401 634 3470 ἡ
669 3400 1025 3461 ἐνυπόστατος
1056 3399 1202 3467 ἡμᾶς
1246 3397 1481 3462 ἐδίδαξεν
1530 3395 1811 3464 ἀλήθεια),

252 3494 348 3543 καὶ
394 3491 494 3542 οὐκ
529 3490 676 3541 ἔστιν
710 3490 882 3552 οὐδεὶς
913 3490 1047 3552 ὅλως
1078 3489 1184 3541 τῶν
1230 3486 1633 3557 ὁμολογούντων
1683 3486 1816 3555 Χρι-

253 3586 399 3645 στὸν,
432 3582 487 3636 ὂς
515 3580 582 3632 ἂν
613 3581 900 3648 τολμήσειε
928 3580 1025 3648 τὴν
1048 3578 1300 3647 τοιαύτην
1325 3578 1505 3645 φωνην
1534 3594 1635 3647 παρ
1649 3575 1817 3644 αγρά-

252 3672 459 3737 φάσθαι
486 3687 500 3699 ⁸
538 3672 653 3732 πῶς
697 3671 755 3721 οὐ
792 3671 1006 3723 πάντων
1040 3671 1155 3721 ἐστὶ
1184 3667 1577 3737 φανερώτερον,
1607 3667 1681 3729 ὡς
1719 3666 1813 3719 ού-

253 3761 402 3820 δενὸς
434 3758 542 3809 τῶν
596 3758 851 3825 ἐπιγείων
897 3759 1212 3826 κτισμάτων
1254 3757 1283 3807 ὁ
1328 3756 1421 3808 τοῦ
1470 3756 1695 3825 ψεύδους
1726 3756 1815 3825 δη-

255 3849 521 3918 μιουργὸς
548 3849 725 3917 ἄρχει,
768 3848 876 3899 οὐδ’
902 3848 1051 3899 ἐστὶν
1102 3846 1279 3899 αὐτῶν
1309 3848 1557 3916 ποιητὴς,
1586 3847 1722 3915 πλήν
1751 3863 1814 3913 γε

252 3941 363 3992 τῶν
394 3941 521 4007 θελη
530 3942 710 4008 μάτων
738 3940 957 3991 ἐκείνων
987 3939 1080 3990 καὶ
1097 3938 1366 4006 πράξεων,
1392 3932 1465 3991 ὦν
1490 3938 1649 3998 αὑτός
1670 3939 1815 3988 ἐστιν

254 4032 605 4098 ὑποσπορεὺς
654 4032 747 4083 καὶ
791 4024 865 4082 ὧν
914 4031 1037 4091 τοὺς
1093 4028 1387 4099 λογισμοὺς
1444 4029 1816 4098 μετεπλάσατο

252 4124 420 4173 αὐτὸν
450 4123 772 4190 ἐπιγράφειν
819 4120 1043 4189 κτίστην
1090 4121 1183 4172 καὶ
1231 4119 1578 4189 δημιουργὸν,
1612 4119 1708 4186 οὐχ
1736 4118 1816 4169 ὅτι

252 4211 433 4263 αὐτῶν
455 4213 554 4280 τὴν
585 4210 763 4279 ψυχὴν
788 4213 851 4263 ἐκ
878 4210 950 4281 μὴ
977 4210 1165 4274 ὅντων,
1202 4211 1235 4279 ἢ
1274 4210 1334 4261 τὸ
1364 4209 1522 4278 σῶμα
1562 4210 1815 4278 παρήγα-

252 4319 370 4367 γεν,
402 4301 516 4353 ἀλλ’
545 4303 624 4352 ὅτι
658 4301 821 4353 αὑτὸν
850 4303 1061 4363 ἑαυτοῖς
1090 4294 1238 4353 οὗτοι
1276 4299 1694 4369 παρηνέχθησαν
1720 4297 1817 4349 κύ-

258 4409 372 4461 ριον
409 4392 814 4461 ἐπιγράψασθαι
848 4408 863 4457 ;
892 4393 1052 4443 Ὥστε
1104 4392 1240 4459 ὅπερ
1267 4392 1409 4453 τινὲς
1438 4390 1546 4441 τῶν
1583 4391 1689 4441 άπὸ
1720 4390 1818 4457 τῆς

1906 575 2203 628 seminibus
2238 574 2610 637 fermentatos,
2658 576 2791 643 ipsc,
2844 590 2878 628 o
2927 575 3252 642 profundum
3286 586 3475 643 stupo-

1907 668 2056 719 rem!
2090 667 2303 729 obtulit,
2336 668 2425 735 qui
2462 667 2563 720 sibi
2596 668 2697 735 ipsi
2725 683 2788 720 ex
2827 668 2989 721 rebus
3012 682 3120 719 non
3164 669 3475 721 exsisti-nli-

1906 761 2008 813 bus
2026 761 2207 813 cibum
2235 776 2426 829 parare
2450 761 2704 830 poterat?
2767 761 2881 814 lmo
2908 777 3040 815 vero
3086 762 3225 814 idem
3273 763 3360 816 ille
3380 780 3474 816 eos

1905 852 2292 920 multiplicans,
2350 854 2557 920 aliquot
2608 853 2795 912 millia.
2847 864 3121 922 assumpta
3147 854 3198 905 in
3232 854 3468 906 miraculi

1905 944 2319 1012 productionem
2365 944 2777 1006 Malierealura,
2817 945 3076 1012 hosteque
3104 960 3204 997 suo
3225 945 3275 997 in
3312 946 3474 997 bene.-

1905 1033 2138 1086 ﬁcentiae
2162 1034 2591 1103 supernaturalis
2614 1033 2924 1086 societatem
2953 1021 3226 1101 i-ooptato,
3252 1032 3468 1092 cibavit,

1909 1132 2161 1190 tanquam
2193 1123 2275 1175 cui
2304 1139 2411 1175 non
2439 1122 2701 1175 liceretex
2730 1122 2831 1175 alia
2862 1121 3085 1174 materia
3123 1131 3176 1174 et
3207 1136 3283 1184 se,
3317 1131 3371 1174 et
3406 1120 3470 1173 il-

1906 1213 2008 1273 los,
2060 1214 2151 1282 qui
2184 1214 2364 1267 verbis
2413 1214 2532 1281 ejus
2579 1213 2933 1267 attendebant
2982 1223 3033 1267 et
3075 1212 3470 1273 auscultabant,

1906 1301 2135 1355 nutrire.
2168 1302 2321 1366 Quod
2359 1302 2399 1356 si
2430 1303 2683 1355 custodes
2711 1312 2764 1356 et
2794 1303 3066 1371 principes
3113 1317 3322 1365 eorum,
3379 1310 3470 1369 qui

1909 1392 1961 1444 in
1995 1392 2161 1445 veteri
2196 1402 2519 1446 testamento
2550 1393 2822 1457 vixerunt,
2844 1407 2953 1444 non
2988 1393 3205 1445 fuerunt
3241 1391 3472 1444 ministri

1908 1482 2000 1536 Dei
2028 1482 2420 1550 benignissimi,
2453 1484 2723 1551 quomodo
2749 1482 3061 1549 discipulos,
3124 1492 3319 1549 praeter
3342 1498 3471 1535 cau-

1909 1589 2022 1627 sam
2045 1588 2073 1626 a
2099 1574 2377 1642 pharisaeis
2433 1574 2635 1627 culices
2662 1572 3083 1640 percolantibus,
3140 1581 3194 1624 et
3239 1570 3475 1624 camelos

1910 1663 2331 1731 deglutientibus
2362 1663 2743 1730 reprehensos,
2800 1663 2941 1727 ideo,
2992 1662 3137 1731 quod
3173 1662 3475 1714 esurientes

1912 1752 2087 1819 spicas
2110 1751 2161 1803 in
2183 1751 2438 1808 Sabbato.
2461 1752 2656 1819 quibus
2674 1752 2913 1819 corporis
2933 1752 3127 1804 famem
3144 1753 3471 1813 solarentur,

1838 1821 1883 1878 B
1913 1840 2291 1893 evellebantet
2320 1840 2571 1904 edebant,
2604 1840 2936 1893 accusationi
2992 1838 3117 1892 huic
3154 1854 3259 1890 non
3304 1838 3473 1891 obno-

1913 1928 2338 1995 xiusjudicabat,
2366 1929 2459 1982 sed
2487 1945 2515 1981 a
2553 1929 2779 1981 crimine
2831 1929 3219 1996 pronuntiabat
3277 1928 3472 1980 immu-

1910 2034 2029 2082 nes,
2066 2019 2318 2073 Davidem
2350 2030 2403 2073 et
2437 2020 2762 2083 sacerdotes,
2803 2036 2997 2073 carnes
3060 2020 3373 2073 scindentes
3418 2027 3473 2071 et

1912 2109 2051 2179 ligna
2093 2110 2357 2164 ﬁndentes
2380 2112 2432 2164 in
2458 2112 2713 2174 Sabbato,
2741 2112 2794 2164 in
2828 2111 3128 2164 subsidium
3159 2119 3211 2163 et
3239 2109 3472 2178 patroci-

1911 2200 2057 2251 nium
2081 2214 2257 2254 causae
2278 2200 2531 2263 aﬂ‘erens,
2564 2212 2725 2269 atque
2772 2202 2821 2255 id
2869 2202 3085 2270 quidem
3111 2216 3177 2255 eo
3209 2211 3470 2271 tempore,

1911 2304 2018 2357 quo
2050 2306 2262 2344 sacrum
2315 2294 2433 2360 ejus
2477 2309 2694 2358 munus,
2732 2295 2872 2363 quod
2900 2295 2965 2348 ad
3008 2296 3235 2348 salutem
3287 2294 3472 2348 mundi

1914 2379 2270 2445 referebatur,
2305 2397 2427 2436 cum
2462 2383 2697 2438 maxime
2724 2395 3006 2455 urgeretur
3031 2385 3116 2435 “'3

1985 2567 2119 2624 Vlll.
2161 2569 2445 2635 Quodnam
2498 2588 2628 2627 vero
2680 2574 2947 2627 illustrius
2980 2575 3364 2630 auteﬂicacius
3388 2589 3477 2630 ar-

1914 2671 2229 2730 gumentum
2302 2663 2483 2717 atl‘erri
2533 2674 2731 2734 potest,
2791 2682 2896 2735 quo
2952 2676 3164 2721 constet
3220 2668 3353 2735 nulli
3399 2668 3472 2722 rei

1916 2757 2156 2809 terrestri
2192 2756 2459 2811 dominari
2505 2757 2720 2823 Malum,
2755 2774 2915 2827 quam
2961 2760 3074 2829 ipsa
3101 2761 3261 2829 hujus
3292 2762 3473 2825 verba,

1914 2847 2113 2915 quibus
2142 2857 2440 2901 creaturam
2472 2849 2571 2903 sibi
2607 2848 2707 2918 ipsi
2730 2850 3043 2917 subiiciens,
3068 2866 3191 2903 cum
3218 2851 3282 2904 ad
3306 2850 3473 2904 Crea-

1917 2947 2085 2991 torem
2132 2938 2370 2992 omnium
2420 2940 2744 2993 occultatum
2773 2950 2826 2993 et
2857 2940 3109 2993 latentem
3168 2948 3477 2995 tentaturus

1914 3031 2219 3091 accederet,
2248 3031 2431 3100 regnis
2459 3032 2695 3085 terrenis
2725 3033 2997 3094 omnibus,
3054 3041 3105 3084 et
3154 3032 3319 3099 gloria
3358 3032 3475 3085 illo-

1841 3150 1884 3212 Ο
1918 3138 2036 3175 rum
2065 3123 2467 3187 demonstratis,
2487 3123 2701 3176 dicebat
2725 3141 2737 3176 :
2779 3126 2905 3175 Haec
2932 3125 3106 3175 omnia
3129 3125 3224 3176 tibi
3246 3125 3401 3188 dabo,
3431 3126 3474 3177 si

1918 3216 2185 3284 precidem
2224 3232 2304 3269 me
2332 3216 2633 3269 adoraveris
2675 3216 2742 3269 ⁸⁷.
2798 3216 2855 3269 Si
2897 3216 3042 3269 enim
3089 3215 3319 3270 mendax
3368 3225 3475 3282 est,

1917 3320 2078 3374 neque
2105 3321 2334 3375 unquam
2364 3307 2420 3357 in
2446 3307 2667 3360 veritate
2722 3298 2946 3374 perstitit
2967 3308 3013 3338 ⁸⁸
3062 3308 3156 3373 (ita
3189 3307 3333 3360 enim
3376 3323 3474 3361 nos

1915 3396 2100 3449 docuit
2128 3397 2401 3464 ipsissima
2418 3397 2638 3459 veritas,
2662 3412 2838 3465 neque
2855 3398 3142 3466 quisquam
3165 3407 3474 3459 esteorum,

1914 3488 2003 3555 qui
2038 3487 2314 3541 (Lhristum
2372 3487 2711 3556 proﬁtentur,
2762 3490 2854 3557 qui
2918 3490 3056 3542 lianc
3122 3490 3472 3543 assertionem

1915 3577 2202 3630 admittere
2254 3578 2430 3645 nolit),
2465 3593 2647 3629 nonne
2694 3577 2932 3629 omnium
2975 3577 3472 3629 manifestissimum

1917 3677 2019 3729 est,
2047 3668 2189 3735 quod
2218 3669 2484 3721 mendacii
2515 3678 2701 3720 auctor
2730 3668 2860 3719 nulli
2896 3682 3077 3719 rerum
3137 3668 3471 3721 terrestrium

1919 3758 2244 3820 dominetur,
2278 3774 2457 3828 neque
2481 3758 2595 3828 ipse
2616 3773 2799 3811 earum
2826 3758 3073 3813 conditor
3100 3759 3344 3821 exsistat,
3378 3760 3471 3812 sed

1918 3857 2127 3901 tantum
2162 3858 2348 3902 auctor
2380 3848 2673 3902 voluntatis
2702 3858 2756 3901 et
2801 3848 3075 3901 actionum
3110 3848 3319 3901 illorum
3368 3848 3466 3901 bo-

1916 3938 2121 3990 minum
2151 3938 2242 4002 sit,
2267 3954 2403 4006 quos
2432 3938 2546 4006 ipse
2562 3938 2769 3990 occulte
2800 3936 3101 4001 seminavit,
3156 3947 3210 3991 et
3238 3953 3467 4007 quorum

1915 4028 2180 4081 rationem
2214 4030 2285 4082 ita
2309 4029 2732 4092 transformavit,
2771 4037 2829 4081 ut
2868 4028 3039 4096 ipsum
3070 4027 3402 4081 conditorem
3419 4038 3474 4082 et

1916 4129 2192 4172 auctorem
2220 4136 2396 4173 rerum
2429 4120 2811 4182 inscriberent,
2857 4135 2964 4173 non
2996 4120 3148 4187 quasi
3171 4120 3216 4172 is
3237 4120 3473 4173 animam

1916 4217 2009 4261 aut
2035 4224 2231 4276 corpus
2265 4225 2451 4263 eorum
2487 4226 2553 4264 ex
2593 4225 2701 4263 non
2755 4211 3139 4264 exsistentibus
3190 4211 3474 4280 produxis-

1918 4310 2019 4363 set,
2043 4304 2136 4355 sed
2170 4304 2313 4371 quod
2330 4304 2466 4357 adeo
2496 4304 2549 4358 in
2577 4314 2941 4358 transversum
2968 4304 3073 4359 acti
3102 4313 3248 4367 sunt,
3273 4313 3331 4357 ut
3350 4320 3473 4357 eum

1919 4392 2018 4460 ipsi
2061 4392 2163 4445 sibi
2209 4393 2497 4447 Dominum
2535 4396 2950 4448 constituerint?
2978 4394 3165 4463 Itaque
3207 4394 3281 4457 id,
3334 4393 3474 4461 quod

254 4485 465 4552 πλάνης
515 4485 593 4543 είς
633 4482 975 4553 παράστασιν
1034 4482 1129 4533 τοῦ
1179 4480 1382 4532 οἰκείου
1430 4478 1815 4547 προσάλλονται
1843 4477 1895 4534 D

1808 4493 1815 4526 ι
1843 4477 1895 4534 D
1922 4484 2161 4537 nonnulli
2202 4486 2499 4537 errantium
2541 4486 2595 4538 in
2622 4484 2992 4540 defensionem
3040 4485 3333 4554 impietatis
3367 4500 3475 4537 suae

252 4573 687 4642 δυσσεὸήματος,
736 4574 927 4641 ὅτιπερ
958 4570 1115 4641 ἄρχει
1145 4570 1257 4623 τῶν
1302 4569 1555 4636 ἐπιγείων
1585 4570 1613 4620 ὁ
1646 4569 1814 4637 Πονη-

256 4668 373 4736 ρὸς,
400 4665 558 4717 τοῦτο
578 4664 760 4725 αὐτοῖς
776 4665 853 4726 είς
870 4663 928 4715 τὸ
952 4663 1173 4731 μηδενὸς
1189 4662 1364 4714 αὐτῶν
1389 4677 1453 4712 πε
1465 4662 1814 4731 ριέστραπται

258 4760 509 4827 μετέχειν
536 4757 634 4824 τῆς
670 4754 863 4826 ἀρχῆς.
909 4753 1160 4823 Ψεύστης
1209 4756 1315 4821 γὰρ
1362 4752 1435 4805 ὣν
1468 4751 1561 4804 καὶ
1592 4752 1815 4819 ψεύδους

255 4848 499 4915 ἀρχηγὸς
535 4847 693 4906 αὐτὸς
732 4846 948 4897 ἀνεῖπεν
1001 4841 1175 4910 ἐαυτῷ
1222 4840 1329 4891 τῶν
1362 4839 1618 4906 ἐπιγείων
1672 4840 1814 4906 ἔχειν

255 4941 354 5007 τὴν
387 4940 581 5007 ἀρχήν.
628 4935 786 4988 Ἀλλὰ
803 4935 909 5005 γὰρ
934 4937 980 4987 εί
1009 4935 1076 4986 τὰ
1110 4930 1340 5001 σώματά
1382 4931 1496 4981 ἐστι
1524 4930 1613 4981 τοῦ
1644 4931 1813 4998 Ιίονηο

259 5031 381 5100 ροῦ,
415 5031 529 5089 πῶς
558 5029 608 5080 ot
640 5028 874 5097 μαθηταὶ
900 5025 960 5078 τὸ
999 5026 1130 5086 ἃλας
1154 5022 1365 5074 ἔσονται
1388 5021 1489 5090 τῆς
1520 5020 1652 5089 γῆςς
1693 5020 1813 5079 Πῶς

256 5124 314 5175 δὲ
337 5123 398 5174 τὸ
425 5121 538 5187 φῶς
568 5119 659 5172 τοῦ
691 5120 899 5187 κόσμου
926 5134 939 5181 ;
971 5116 1029 5179 ἐξ
1050 5115 1307 5184 ἡμισείας
1329 5113 1433 5182 γάρ
1461 5113 1551 5163 καὶ
1572 5111 1813 5163 άλίσουσι

258 5216 356 5267 καὶ
398 5212 713 5279 φωτίσουσι,
752 5209 947 5278 μᾶλλον
981 5206 1037 5257 δέ
1076 5206 1173 5257 οὐκ
1206 5203 1264 5269 ἐξ
1294 5204 1563 5271 ἡμισείας.
1584 5203 1691 5255 Καὶ
1708 5203 1813 5273 γὰρ

257 5308 354 5357 καὶ
372 5305 439 5355 τὰ
462 5302 633 5371 ἡμίση
654 5299 815 5353 πάλιν
830 5298 922 5351 τοῦ
940 5294 1276 5365 ἀνθρωπίνου
1296 5293 1680 5363 συγκρίματος,
1702 5294 1815 5345 ἀλλ’

257 5397 356 5463 οὐχ
382 5394 497 5445 ὅλον
531 5392 695 5443 ποθὲν
723 5389 813 5441 τὸν
841 5387 1143 5456 ἄνθρωπον.
1179 5384 1543 5437 ’Δνεπίδεκτον
1564 5384 1669 5454 γάρ
1698 5386 1812 5435 ἐστι

257 5485 321 5535 τὸ
357 5482 582 5550 πλάσμα
643 5478 735 5531 τοῦ
773 5476 1015 5547 Πονηροῦ
1056 5474 1360 5542 ἁλισθῆναι,
1388 5474 1526 5525 ὥστε
1569 5476 1643 5545 μὴ
1681 5476 1814 5543 πρὸς

335 5758 385 5787 ⁸⁸
413 5756 603 5810 Matth.
634 5772 731 5818 χιι,
761 5754 785 5808 1
815 5770 964 5825 seqq.

1916 4574 2169 4638 aderunt,
2201 4577 2347 4644 quod
2380 4577 2589 4630 scilicet
2620 4578 2965 4630 terrestribus
3003 4577 3312 4631 dominetur
3363 4576 3474 4630 Ma-

1917 4662 2021 4727 lus,
2057 4665 2129 4726 id,
2180 4666 2421 4733 inquam,
2455 4681 2521 4719 eo
2554 4667 2796 4719 adhiberi
2851 4675 3050 4734 potest,
3100 4677 3160 4722 ut
3201 4667 3302 4720 sub
3330 4669 3478 4721 nullo

1917 4756 2147 4823 imperio
2198 4769 2316 4807 esse
2367 4756 2637 4807 dicantur.
2690 4755 2789 4819 Qui
2839 4757 2981 4808 enim
3012 4757 3238 4809 mendax
3280 4767 3382 4818 est,
3424 4768 3477 4810 et

1916 4856 2106 4897 auctor
2142 4845 2431 4905 mendacii,
2492 4846 2606 4913 ipse
2633 4846 2733 4900 sibi
2774 4846 3060 4913 imperium
3092 4862 3272 4899 rerum
3306 4858 3475 4901 terre-

1921 4936 2109 4988 strium
2142 4934 2454 4987 vindicavit.
2494 4935 2551 4987 Si
2597 4951 2758 5003 porro
2813 4951 3037 5004 corpona
3096 4946 3223 4989 sunt
3253 4952 3280 4988 a
3319 4936 3473 4998 Malo,

1920 5027 2189 5095 quomodo
2226 5026 2473 5093 discipuli
2507 5027 2583 5079 sal
2620 5036 2777 5081 erant
2829 5028 3025 5081 terrae?
3079 5028 3351 5096 quomodo
3387 5028 3476 5080 lux

1924 5117 2102 5169 mundi
2136 5117 2218 5168 ﬁ"1’
2254 5132 2315 5169 ex
2335 5116 2554 5170 dimidia
2575 5119 2718 5170 enim
2758 5128 2966 5171 tantum
2996 5128 3144 5184 parte
3174 5117 3388 5178 salient,
3422 5125 3479 5169 et

1924 5210 2323 5269 illuminabunt,
2353 5209 2461 5262 imo
2491 5225 2621 5263 vero
2650 5225 2717 5263 ne
2733 5224 2795 5262 ex
2813 5210 3032 5263 dimidia
3059 5208 3271 5277 quidem
3304 5217 3472 5276 parte.

1923 5300 2054 5354 Nam
2086 5302 2321 5355 vicissim
2356 5302 2637 5356 dimidiam
2694 5310 2901 5354 tantum
2946 5300 3196 5354 humanae
3226 5299 3476 5352 substan-

1922 5391 2007 5444 tiae
2039 5400 2264 5458 partem,
2324 5406 2429 5443 non
2464 5405 2594 5444 vero
2625 5390 2720 5443 toti
2775 5390 2978 5444 homini
3026 5389 3077 5441 id
3123 5388 3473 5457 praestabunt,

1920 5480 2177 5536 Creatura
2215 5482 2359 5536 enim
2383 5482 2503 5537 Mali
2528 5482 2803 5536 salituram
2836 5497 2943 5536 non
2976 5479 3232 5545 admittit,
3270 5493 3338 5532 ne
3366 5494 3473 5531 ma-

1038 5754 1083 5785 "
1132 5750 1320 5805 Matth.
1364 5767 1435 5813 tv,
1471 5748 1521 5802 9.
1599 5750 1643 5779 ⁸³
1668 5748 1825 5801 Joan.
1861 5766 1975 5815 vm,
2001 5752 2086 5805 Η.
2163 5750 2205 5782 ⁸⁹
2233 5749 2592 5815 Mztttlt.v,15.
