4234 6432
755 353 857 420 195

1878 352 2137 416 ΡΗΟΤΙΙ
2174 350 2681 412 PATRIARCII/E
2715 351 2824 412 (ΣΡ.

3876 353 3976 418 196

747 469 861 522 litia
908 467 973 520 ad
1012 464 1351 535 putredinem
1386 466 1651 520 inclinare
1701 465 1894 534 possit,
1928 481 2051 519 cum
2085 474 2192 517 tota
2213 479 2316 532 pu-
2343 464 2389 520 A

2306 491 2316 501 -
2343 464 2389 520 A
2419 464 2655 533 σαπρίαν
2670 465 2792 516 τινὰ
2810 462 3004 518 κακίαν
3019 464 3330 530 ἀποκλῖναι,
3345 465 3464 518 ὅλον
3481 466 3612 520 αὐτὸ
3630 465 3848 537 τοιαύτη
3866 469 3978 530 (94)

749 561 903 614 trcdo
946 560 1190 610 exsistat.
1246 560 1431 626 Neque
1489 560 1629 611 idem
1669 558 1921 611 idoneum
1962 558 2139 611 estad
2173 557 2311 609 reci-

748 650 968 718 piendas
1024 650 1158 702 lucis
1213 651 1516 712 stricturas,
1577 651 1848 718 prmcipue
1906 665 2028 701 cum
2084 662 2310 701 crronea

747 757 930 792 eorum
962 740 1205 792 doctrina
1255 741 1306 792 id
1331 755 1546 808 quoque
1576 743 1747 794 tradat
1777 758 1894 798 eos.
1935 741 2024 807 qui
2063 741 2130 792 ad
2161 741 2310 807 ejus-

747 832 888 882 modi
918 831 1044 896 quid
1076 831 1494 896 perpetrandum
1529 831 1780 882 dcstmali
1818 831 1945 891 sinl,
2002 830 2308 880 facultatem

752 923 892 973 illam
961 937 1063 971 non
1121 920 1340 982 habere,
1425 921 1518 972 sed
1553 938 1579 972 a
1620 920 1830 972 delictis
1880 919 1992 971 suis
2067 917 2306 970 retineri.

747 1015 971 1076 Quando
1015 1028 1139 1064 vero
1189 1013 1303 1079 ipse
1353 1011 1610 1064 Servator
1663 1013 1862 1064 diserte
1901 1015 2134 1063 clamat:
2194 1009 2309 1062 Non

747 1103 1282 1168 venilegemwlverc,
1352 1113 1442 1153 aut
1494 1104 1797 1168 prop/ictas,
1843 1105 1932 1153 sed
1975 1103 2188 1168 implere
2241 1102 2309 1165 ’°,

747 1195 1013 1260 quomodo
1051 1194 1514 1259 impudentissima
1546 1193 1832 1261 impiorum
1872 1210 2024 1244 mens
2065 1208 2169 1244 non
2216 1208 2306 1243 ve-

751 1297 900 1336 retur
934 1286 1140 1348 dicere,
1207 1285 1374 1353 legem
1407 1293 1461 1335 et
1490 1285 1780 1351 prophetas
1817 1301 1844 1335 a
1878 1285 2017 1336 malo
2048 1283 2312 1352 principio

750 1375 1017 1440 profectas
1057 1391 1194 1435 esse,
1252 1385 1412 1440 atque
1465 1373 1592 1425 huic
1641 1374 1693 1424 in
1749 1375 1852 1425 vita
1913 1376 2115 1426 cuhom
2157 1374 2309 1426 exhi-

751 1465 967 1517 buisse?
1023 1464 1077 1516 Si
1112 1465 1252 1517 enim
1305 1464 1561 1516 Servator
1605 1475 1788 1517 noster
1833 1465 2019 1532 implet
2060 1467 2229 1532 legem
2260 1475 2314 1515 et

751 1556 1061 1622 prophetas,
1099 1564 1527 1619 consequeretur
1561 1571 1624 1607 ex
1658 1556 1874 1608 duobus
1916 1555 2311 1618 abominandis,

749 1657 801 1697 et
841 1647 889 1695 in
926 1646 1161 1711 ipsorum
1194 1645 1488 1711 perniciem
1540 1647 1908 1713 vergentibus,
1964 1647 2309 1709 alterutrum,
2345 1679 2388 1734 Β

751 1737 830 1787 vel
865 1736 1004 1801 quod
1054 1734 1247 1786 Malum
1286 1735 1335 1786 in
1369 1734 1570 1786 Ilonum
1616 1744 1960 1798 convertant,
1996 1737 2076 1787 vel
2106 1737 2150 1787 si
2186 1736 2312 1788 illud

752 1827 968 1876 malitia:
1020 1825 1266 1876 terminis
1331 1825 1803 1893 circumscriptum
1856 1836 2091 1885 maneat,
2170 1827 2314 1893 quod

749 1916 1026 1968 Christum
1058 1926 1441 1980 spontaneum,
1471 1916 1941 1968 illiusministrum
1964 1919 2314 1982 constituant,

749 2008 838 2072 qui
870 2023 963 2071 per
995 2006 1259 2056 infinitam
1312 2021 1462 2057 suam
1514 2007 1810 2059 bonitatem
1860 2007 1980 2060 ideo
2032 2010 2194 2070 venit,
2259 2019 2318 2062 ut

753 2099 944 2149 Malum
981 2098 1290 2148 deturharet
1321 2097 1386 2149 de
1417 2097 1644 2163 imperio
1694 2099 1834 2164 quod
1887 2098 2027 2150 inter
2072 2099 2315 2152 homines

752 2198 986 2241 exercet.
1055 2189 1143 2239 Illa
1189 2204 1316 2240 vero
1374 2189 1535 2240 verba
1569 2205 1581 2239 :
1619 2191 1780 2240 Amen
1818 2190 1933 2240 dico
1960 2191 2115 2252 nobis,
2157 2192 2316 2242 donec

751 2279 1015 2330 transierit
1039 2277 1223 2329 ccclum
1244 2277 1297 2329 et
1322 2286 1484 2340 terra,
1552 2277 1660 2328 iota
1692 2294 1850 2329 unum:
1874 2291 1964 2329 aut
2004 2296 2139 2331 unus
2183 2297 2316 2348 apex

754 2388 852 2422 non
897 2370 1135 2420 transibit
1176 2387 1208 2420 a
1258 2369 1405 2436 Lege,
1455 2371 1614 2420 donec
1667 2372 1840 2421 omnia
1879 2372 2008 2438 ﬁant
2053 2374 2122 2434 ",
2175 2389 2317 2426 nun-

752 2477 911 2529 quam
942 2460 1275 2528 probationis
1316 2460 1683 2513 accessionem
1732 2463 2058 2514 admittunt.
2127 2462 2315 2516 Nonne

753 2552 932 2620 potius
965 2551 1165 2603 erroris
1202 2550 1538 2602 eversionem
1596 2551 1940 2616 ebuccinant,
1997 2563 2089 2605 aut
2154 2555 2314 2607 indo-

755 2645 878 2693 Inita
901 2640 1184 2708 impiorum
1209 2655 1301 2691 ora
1340 2639 1617 2702 obturant,
1657 2642 1871 2694 etiamsi
1904 2643 2176 2696 mordicus
2216 2644 2313 2696 ad-

754 2730 858 2780 huc
891 2728 1025 2781 tueri
1047 2735 1331 2790 conentur,
1386 2725 1530 2793 quod
1563 2726 1648 2779 lex
1699 2735 1755 2780 et
1795 2731 2073 2797 propheta:
2113 2745 2144 2782 a
2178 2729 2315 2784 Malo

756 2822 902 2874 sint“!

2419 556 2659 620 πεφυκὸς
2684 556 2910 624 σαπρία.
2945 557 3054 607 Καὶ
3105 556 3212 626 μὴν
3243 559 3333 610 καὶ
3387 557 3756 625 ἀνεπιτήδειον
3787 559 3980 610 ὑποδέ-

2420 645 2608 708 ξασθαι
2631 647 2728 706 τὰς
2755 645 2848 698 τοῦ
2878 647 3053 713 φωτὸς
3091 646 3474 717 μαρμαρυγὰς.
3519 649 3750 716 μάλιστά
3776 667 3838 714 τε
3881 650 3982 716 τῆς

2418 737 2622 804 πλάνης
2654 737 3178 808 συνυποϐαλλούσης,
3203 740 3296 791 καὶ
3319 740 3446 800 τοὺς
3472 740 3640 793 ταῦτα
3669 743 3979 808 καταπράτ-

2417 827 2603 878 τεσθαι
2635 830 3204 898 κεχειροτονουμὲνους
3236 831 3337 901 τὴν
3370 833 3521 898 ἰσχὺν
3554 833 3652 883 οὐκ
3681 833 3846 900 ἔχειν,
3880 833 3980 885 its

2417 920 2479 987 δὴ
2518 921 2626 981 τοῖς
2652 921 2787 984 τσοις
2817 921 3133 991 αἰτιάμασιν
3178 925 3546 992 ἐνεχομένους.
3571 925 3699 976 Ὀτε
3732 925 3789 977 δὲ
3816 925 3980 986 αὐτὸς

2415 1010 2444 1059 ό
2483 1010 2669 1078 Σωτὴρ
2697 1010 2961 1078 λαμπρῶς
2984 1011 3280 1079 άνακράζει
3307 1027 3320 1039 ’
3353 1013 3473 1064 οὐκ
3502 1008 3691 1079 ἦλθον
3719 1013 3979 1065 καταλῦ-

2417 1117 2516 1155 σαι
2541 1106 2646 1156 τὸν
2679 1108 2865 1172 νόμον
2884 1107 2922 1172 ἣ
2949 1106 3086 1172 τοὺς
3110 1107 3439 1172 προφήτας,
3464 1107 3623 1159 ἀλλὰ
3647 1107 3980 1173 πληρῶσαι·

2418 1195 2533 1256 πῶς
2564 1196 2623 1247 οὑ
2661 1196 2864 1247 δέδοικε
2918 1198 2978 1249 τὺ
3025 1198 3378 1265 ἀναίσχυντον
3436 1198 3546 1248 τῶν
3593 1197 3806 1250 ἀσεϐῶν
3857 1199 3984 1267 φρό-

2419 1303 2566 1353 νημα
2594 1287 2680 1338 τὸν
2705 1288 2867 1355 νόμον
2902 1289 2994 1339 καὶ
3028 1290 3152 1350 τοὺς
3201 1289 3481 1357 προφήτας
3518 1291 3758 1357 πονηρᾶς
3802 1289 3983 1356 λέγειν

2420 1376 2698 1442 προελθεῖν
2725 1381 2916 1448 ἀρχῆς,
2953 1380 3046 1432 καὶ
3075 1380 3275 1450 ταύτην
3307 1380 3395 1433 διὰ
3417 1379 3533 1450 βίου
3566 1380 3972 1450 τεθεραπευκέ-

2420 1486 2540 1532 vat;
2581 1471 2641 1522 Et
2663 1472 2771 1538 γὰρ
2803 1471 3091 1539 πληρωτὴς
3114 1474 3262 1524 ἐστιν
3303 1473 3331 1522 ό
3359 1473 3546 1540 Σωτὴρ
3576 1472 3733 1541 ἡμῶν
3774 1473 3866 1524 τοῦ
3901 1473 3982 1524 νό-

2423 1577 2522 1629 μου
2563 1564 2656 1614 καὶ
2699 1564 2807 1614 τῶν
2839 1566 3150 1632 προφητῶν,
3180 1564 3265 1632 εἴη
3295 1565 3350 1615 δὲ
3397 1565 3578 1625 αὐτοῖς
3625 1565 3685 1615 τὸ
3715 1565 3982 1632 ἑπόμενον

2420 1651 2736 1725 βλάσφημον
2783 1654 3246 1722 περιτρεπόμενον
3285 1656 3362 1716 εἰς
3391 1656 3490 1716 τὰς
3523 1655 3794 1722 κεφαλὰς,
3835 1655 3983 1706 δυο’ν

2419 1740 2662 1809 θάτερον,
2715 1743 2745 1809 ἢ
2806 1743 2902 1810 τὴν
2943 1744 3183 1811 πονηρὰν
3231 1744 3692 1811 μεταπλάττουσιν
3752 1747 3832 1803 εἰς
3882 1746 3984 1813 τὴν

2418 1831 2579 1898 φύσιν
2613 1831 2706 1883 τοῦ
2736 1832 2960 1898 ἀγαθοῦ,
3013 1834 3132 1901 ἢτὸ
3173 1833 3461 1896 ἀνάπαλιν,
3497 1835 3761 1902 μένουσαν
3806 1835 3862 1885 ὲν
3913 1837 3980 1904 τῇ

2420 1917 2526 1986 ἰδίᾳ
2562 1917 2659 1985 τῆς
2687 1919 2881 1978 κακίας
2907 1923 3245 1989 περιγραφῇ.
3266 1922 3511 1974 ἑκούσιον
3539 1923 3818 1990 ὑπηρέτην
3846 1922 3979 1974 ταύ-

2415 2023 2513 2074 της
2543 2009 2816 2074 γενέσθαι,
2842 2010 3261 2074 καταδικάζουσι
3300 2014 3390 2064 τὸν
3421 2014 3508 2064 διὰ
3547 2013 3744 2082 πολλὴν
3779 2015 3981 2081 ἀγαθό-

2416 2113 2573 2163 τητα,
2610 2101 2702 2150 καὶ
2739 2100 2832 2167 τῆς
2863 2102 2919 2151 ὲν
2949 2100 3256 2169 ἀνθρώποις
3308 2101 3416 2152 τῶν
3453 2101 3637 2154 παθῶν
3667 2102 3980 2172 τυραννίδος

2417 2192 2821 2257 παραγεγονότα
2859 2191 3106 2245 καθελεῖν
3158 2193 3350 2262 αὑτήν.
3388 2194 3460 2245 Τὸ
3491 2194 3546 2245 δὲ
3569 2232 3584 2256 ,
3622 2193 3796 2262 Ἀμὴν
3823 2195 3981 2261 λέγω

2415 2281 2574 2348 ὑμῖν,
2603 2282 2710 2347 ἓως
2733 2282 2809 2334 ἂν
2839 2283 3106 2350 παρέλθῃ
3151 2287 3182 2336 ό
3211 2285 3467 2351 οὐρανὸς
3505 2287 3600 2340 καὶ
3632 2289 3668 2354 ἠ
3715 2287 3810 2354 γῆ,
3837 2286 3978 2341 nisa

2415 2373 2483 2425 ἓν
2519 2375 2556 2440 ἢ
2583 2377 2689 2442 μία
2712 2377 2912 2442 κεραία
2940 2378 3012 2430 οὐ
3041 2376 3126 2444 μὴ
3173 2376 3443 2444 παρέλθῃ
3470 2379 3588 2431 ἀπὸ
3624 2380 3726 2433 τοῦ
3765 2382 3978 2447 νόμον,

2413 2465 2523 2528 ἕως
2545 2467 2622 2518 ἂν
2645 2469 2837 2519 πάντα
2863 2467 3122 2536 ¹νένιπται,
3158 2468 3277 2521 τίνα
3316 2470 3413 2538 μὲν
3439 2470 3777 2539 βεϐαιώσεως
3806 2474 3980 2540 ὑπερς

2414 2556 2576 2624 ϐολὴν
2603 2557 2882 2609 ἀπολειπει
2909 2557 3015 2609 τινί
3039 2574 3052 2623 ;
3077 2557 3194 2618 πῶς
3220 2558 3264 2610 δ’
3289 2561 3352 2612 οὐ
3381 2563 3480 2630 τὴν
3499 2561 3599 2631 τῆς
3616 2563 3822 2632 πλάνης
3851 2564 3980 2616 σαλ-

2415 2646 2561 2710 πίζει
2597 2649 3052 2720 κ’άταστροφὴν,ἢ
3083 2651 3152 2702 τὰ
3170 2649 3279 2702 τῶν
3305 2651 3518 2704 ἀσεϐῶν
3543 2654 3644 2706 οὐκ
3673 2655 3980 2723 ἐμφράττει

2413 2736 2675 2790 ἀπύλωτα
2698 2738 2963 2806 στόματα,
3000 2742 3102 2792 κᾶν
3134 2740 3224 2791 ὑπ’
3253 2741 3443 2794 όιόντα
3476 2741 3856 2810 φιλονεικῶσιν
3898 2745 3983 2796 ἐτι

2415 2828 2899 2896 παραφθέγγεσθαι
2933 2830 3023 2883 τὸν
3049 2831 3210 2901 νόμον
3247 2831 3341 2884 καὶ
3367 2834 3491 2896 τοὺς
3527 2834 3810 2905 προφήτας
3839 2829 3985 2888 εἶναι

2414 2921 2505 2972 τοῦ
2543 2919 2786 2990 Πονηροῦ
2814 2939 2827 2985 ;

824 3021 910 3074 IX.
943 3020 1170 3085 Quando
1198 3035 1323 3072 vero
1377 3017 1650 3072 audiveris
1683 3015 2068 3085 evangelistam
2107 3016 2313 3070 adven-
2338 3013 2382 3072 C
2484 3014 2496 3061 ε

2311 3013 2382 3072 .C
2484 3013 2560 3064 ϐ’.
2593 3013 2757 3064 Ὅταν
2801 3012 2858 3064 δὲ
2903 3012 2995 3064 τὸν
3037 3012 3426 3084 εὐαγγελιστὴν
3470 3014 3706 3088 ἀκούσῃς
3740 3015 3839 3084 τὴν
3885 3015 3983 3068 τοῦ

756 3125 867 3167 tum
893 3113 1020 3166 Jesu
1073 3112 1292 3176 Christi,
1325 3109 1440 3163 Filii
1473 3109 1588 3174 Dei,
1632 3108 2066 3173 inenarrabilem,
2090 3110 2316 3177 ejusque

753 3205 989 3258 actiones
1018 3218 1231 3255 onmem
1265 3217 1571 3255 sermonem
1598 3201 1924 3254 excedentes
1957 3200 2081 3254 inde
2109 3215 2138 3252 a
2164 3200 2315 3269 prino

751 3298 893 3366 cipio
918 3297 984 3349 ad
1018 3296 1308 3364 pr0plietas
1358 3296 1635 3361 (tanquam
1669 3292 2023 3361 prmnuntios)
2072 3291 2313 3344 referen-

754 3400 880 3448 tem.
933 3402 1110 3440 nonne
1159 3387 1362 3452 pudore
1413 3394 1466 3437 et
1519 3383 1839 3452 pmnitentia
1886 3382 2120 3444 duceris,
2167 3381 2310 3449 quod

751 3495 845 3532 eos
868 3479 1060 3546 injuria
1094 3477 1304 3529 allicere
1335 3476 1555 3537 audeas,
1592 3489 1728 3541 quos
1752 3488 1902 3525 sacra
1928 3473 2143 3524 oracula
2179 3472 2312 3523 tanti

752 3568 1012 3639 mysterii,
1065 3583 1301 3619 amorem
1339 3567 1390 3618 in
1432 3567 1680 3618 homines
1716 3564 1986 3626 testantis,
2036 3578 2313 3631 przecones

750 3671 804 3714 et
832 3660 1081 3713 doctores
1106 3658 1464 3719 constituunt,
1508 3665 1562 3708 et
1591 3671 1820 3722 quorum
1857 3655 2107 3707 vaticinia
2142 3653 2312 3706 Evan—

751 3753 871 3820 gelii
918 3760 1043 3803 sunt
1090 3748 1540 3802 fundamentum?
1588 3746 1805 3798 Initium
1847 3746 1988 3796 enim
2037 3743 2309 3812 Evangelii

748 3842 873 3892 Jesu
897 3839 1107 3902 Christi,
1148 3837 1274 3890 Filii
1310 3837 1426 3900 Dei,
1463 3836 1658 3904 inquit,
1707 3836 1840 3886 sicut
1865 3836 2117 3902 scriptum
2144 3846 2222 3886 est
2256 3836 2310 3885 in

749 3931 1039 3998 prophetis:
1064 3928 1194 3981 Ecce
1211 3944 1303 3996 ego
1332 3929 1479 3980 mitto
1505 3925 1748 3994 angelum
1771 3942 1941 3977 meum
1970 3937 2094 3977 ante
2123 3927 2308 3993 [aciem

749 4036 919 4082 tuam,
959 4021 1049 4090 qui
1082 4020 1290 4087 parabit
1321 4020 1458 4072 viam
1489 4028 1636 4070 tuam
1675 4026 1796 4069 ante
1829 4028 1879 4069 te
1909 4017 1976 4069 ".
2025 4017 2157 4081 Quis
2182 4032 2308 4068 vero

751 4114 918 4177 misit,
950 4122 1008 4164 ut
1051 4122 1332 4180 pararetur
1365 4111 1448 4162 via
1469 4110 1596 4162 boni
1627 4108 1747 4161 Filii
1771 4117 1826 4162 et
1852 4108 1966 4171 Dei,
1995 4108 2097 4161 nisi
2132 4109 2307 4161 bonus

749 4204 1028 4272 Patenqui
1057 4218 1152 4271 per
1178 4216 1303 4255 suos
1337 4202 1389 4254 in
1422 4201 1536 4269 lege
1566 4200 1844 4252 ministros
1871 4199 2060 4252 multis
2096 4201 2308 4254 szeculis

749 4307 873 4349 ante
902 4292 1191 4354 nuntiavit,
1242 4289 1438 4343 Filium
1467 4304 1624 4343 suum
1657 4304 1829 4356 usque
1871 4288 1938 4341 ad
1988 4290 2308 4356 assumptio-

2434 3101 2605 3170 Ἰησοῦ
2637 3103 2871 3171 Χριστοῦ
2918 3102 3010 3155 τοῦ
3049 3103 3175 3156 Υἱοῦ
3226 3104 3320 3157 τοῦ
3354 3105 3489 3158 Θεοῦ
3528 3107 3804 3176 ἄφραστον
3857 3109 3982 3162 trct-

2419 3190 2636 3260 δημίαν,
2677 3191 2772 3244 καὶ
2808 3193 2904 3254 τὰς
2931 3194 3065 3264 ὑπὲρ
3096 3193 3251 3261 λόγον
3283 3195 3508 3264 πράξεις
3547 3199 3639 3248 ἀπ’
3668 3197 3842 3268 αὐτῆς
3879 3201 3983 3268 ἀρα

2419 3281 2521 3349 χῆς
2546 3283 2625 3343 εἰς
2652 3283 2780 3344 τοὺς
2813 3286 3095 3353 προφήτας
3137 3286 3502 3357 ἀναφέροντα,
3535 3287 3650 3351 πῶς
3684 3290 3782 3342 οὐκ
3815 3291 3986 3355 αἰδώς

2422 3389 2480 3423 σε
2528 3371 2794 3440 λαμϐάνει
2835 3376 2930 3424 καὶ
2963 3376 3242 3443 μετάνοια,
3283 3377 3398 3429 ἀνθ’
3421 3372 3496 3430 ῶν
3528 3379 3806 3448 ἐνυϐρίσαι
3837 3398 3983 3450 παρ-

2421 3462 2653 3531 ηνέχθης
2672 3500 2687 3524 ,
2713 3463 2806 3525 οὓς
2836 3464 3146 3535 ἀναγράφει
3175 3467 3242 3518 τά
3279 3466 3399 3536 ιερά
3430 3469 3620 3536 Λόγια,
3651 3469 3976 3537 τηλικούτου

2419 3552 2799 3624 φιλανθρώπου
2837 3556 3137 3626 μυστηρίου
3177 3557 3422 3628 κήρυκάς
3470 3575 3529 3610 τε
3583 3559 3674 3612 καὶ
3709 3561 3981 3627 ὲκφάντο-

2421 3661 2556 3712 ρας,
2602 3646 2694 3696 καὶ¹
2731 3637 2805 3697 ῶν
2843 3647 2900 3697 αἱ
2943 3650 3270 3717 προφητεῖαι
3313 3648 3406 3701 τοῦ
3446 3649 3779 3717 Εὑαγγελίου
3813 3653 3979 3723 θεμέ-

2417 3738 2559 3800 ivx;
2607 3737 2784 3806 Ἀρχὴ
2817 3739 2951 3808 γὰρ,
2985 3739 3170 3806 φασὶν,
3205 3740 3310 3794 τοῦ
3358 3743 3721 3810 Euan-sliat:
3782 3743 3980 3810 Ἰησοῦ

2415 3829 2672 3895 Χριστοῦ
2705 3831 2841 3883 Υιοῦ
2857 3830 2963 3883 τοῦ
2985 3829 3152 3894 Θεοῦ,
3173 3832 3253 3895 ὡς
3277 3831 3590 3900 γέγραπται
3609 3834 3679 3886 ἐν
3699 3834 3822 3899 τοῖς
3841 3851 3983 3902 προ-

2415 3921 2629 3986 φήταις
2659 3920 2804 3990 (95)·
2850 3921 3005 3975 Ἰδοὺ
3043 3921 3160 3990 ἐγὼ
3178 3922 3533 3975 ἀποστέλλω
3560 3925 3666 3976 τόν
3717 3925 3980 3993 ἄγγελόν

2411 4027 2527 4076 μου
2557 4011 2671 4076 πρὸ
2706 4011 3029 4078 προσώπου
3083 4027 3200 4064 σου
3220 4051 3236 4076 ,
3278 4012 3347 4078 ὃς
3380 4015 3833 4075 ,κατασκευάσει
3864 4016 3979 4083 τὴν

2414 4101 2558 4153 ὀδόν
2583 4116 2698 4154 σου
2726 4101 3065 4169 ἔμπροσθέν
3092 4119 3228 4156 σου.
3279 4103 3374 4164 Τίς
3403 4103 3449 4155 δ’
3481 4105 3770 4158 ἀπέστελλε
3800 4125 3975 4161 κατα-

2415 4192 2697 4255 σκευάζειν
2728 4193 2824 4262 τὴν
2853 4193 2968 4246 όδὸν
2993 4193 3086 4246 τοῦ
3115 4193 3322 4260 ἀγαθοῦ
3353 4194 3481 4247 Υἰοῦ
3508 4197 3601 4248 καὶ
3629 4197 3787 4261 Θεοῦ,
3820 4201 3868 4251 εἰ
3898 4201 3976 4270 μὴ

2412 4284 2441 4334 ό
2487 4285 2689 4351 ἀγαθὸς
2739 4286 2951 4354 Πατὴρ,
2983 4285 3041 4348 ὃς
3079 4287 3168 4338 διὰ
3196 4288 3303 4339 τῶν
3331 4288 3390 4339 ἐν
3425 4287 3502 4356 τῷ
3534 4289 3683 4357 νόμῳ
3707 4289 3976 4360 θεραπόν-

748 4403 872 4440 nem
925 4383 1102 4438 carnis
1143 4391 1199 4436 et
1237 4380 1518 4452 sanguinis
1565 4380 1904 4433 exinanitum
1952 4379 2054 4432 iri?
2097 4378 2152 4432 In
2204 4380 2309 4433 line
2342 4356 2420 4410 θ’

2300 4397 2309 4433 ε
2342 4356 2387 4410 Ῑ)
2411 4393 2519 4427 των
2561 4375 2726 4428 αὑτοῦ
2753 4378 2850 4445 τὴν
2896 4378 3056 4447 μέχρι
3092 4378 3291 4445 σαρκὸς
3323 4379 3418 4432 καὶ
3459 4356 3687 4449 αἵματος
3716 4356 3810 4433 τοῦ
3846 4382 3972 4434 Υιοῦ

748 4492 875 4530 vero
904 4486 1206 4541 temporum
1255 4472 1469 4524 illorum
1525 4471 1780 4538 angelum
1810 4485 1990 4532 suum,
2023 4469 2306 4533 Joannem,

747 4565 892 4619 misit
919 4563 1188 4616 dicentem
1221 4579 1234 4614 :
1273 4560 1469 4613 Parate
1508 4561 1647 4612 viam
1676 4557 1906 4621 Domini,
1945 4569 2113 4611 rectas
2154 4559 2311 4623 facite

745 4656 959 4707 semitas
982 4652 1193 4718 ejus”.
1243 4651 1452 4718 Aquam
1505 4665 1656 4712 vero,
1715 4649 1769 4700 in
1828 4664 1933 4716 qua
1994 4651 2311 4704 submersus

743 4742 920 4802 Jesus,
972 4738 1710 4803 hominumnamantissimus,
1770 4752 1987 4791 omnem
2039 4737 2307 4806 justitiam

745 4829 1008 4896 implevit,
1038 4827 1312 4896 quomodo
1339 4829 1422 4881 vel
1450 4828 1706 4897 tetigerit,
1727 4843 1796 4882 ne
1824 4829 2021 4892 dicam,
2043 4844 2106 4881 ea
2131 4830 2307 4882 omni-

744 4936 814 4972 no
860 4920 988 4988 tingi
1032 4919 1370 4982 sustinuerit,
1423 4934 1652 4989 eamque
1682 4919 2002 4988 puriﬁcandi
2058 4929 2112 4972 et
2145 4936 2304 4974 mun-

742 5013 903 5065 dandi
937 5012 1184 5066 facultate
1215 5011 1556 5077 instruxerit,
1611 5011 1718 5065 nisi
1761 5027 1873 5064 suae
1903 5010 2101 5078 potius,
2138 5027 2301 5078 quam

810 5147 856 5178 ’°
872 5146 1235 5211 Matth.v,17.
1337 5147 1379 5178 ⁹¹
1425 5145 1556 5200 ibid.
1591 5146 1674 5202 18.
1749 5147 1794 5178 ’ί
1825 5145 1986 5200 Marc.
2017 5160 2054 5209 I,
2095 5145 2142 5210 Ι,
2178 5148 2231 5199 2.

2412 4466 2642 4518 κένωσιν
2704 4467 2926 4519 ἔσεσθαι
2994 4467 3206 4529 πολλοῖς
3271 4468 3476 4537 χρόνοις
3543 4471 3973 4538 προεθέσπιζεν;

2423 4554 2546 4606 Ἐπὶ
2569 4555 2712 4608 τέλει
2738 4556 2796 4607 δὲ
2819 4557 2927 4608 τῶν
2947 4556 3156 4608 αἰώνων
3185 4558 3279 4610 καὶ
3309 4558 3400 4610 τὸν
3431 4558 3660 4626 ἄγγελον
3691 4561 3858 4613 αὑτοῦ
3884 4563 3976 4612 τὸν

2423 4645 2676 4713 Ἰωάννην
2736 4646 3035 4698 ἀπέστελλε
3086 4646 3351 4713 λέγοντα·
3423 4648 3801 4716 Ἑτοιμάσατε
3859 4653 3975 4715 τίν’

2410 4735 2552 4788 ὁδὸν
2579 4737 2798 4803 Kvplov
2818 4776 2832 4799 ,
2856 4739 3089 4802 εὐθείας
3117 4739 3336 4792 ποιεῖτε
3362 4740 3467 4804 τὰς
3501 4741 3730 4806 τρίϐους
3759 4743 3969 4796 αὑτοῦ.

2411 4827 2517 4878 Τοῦ
2569 4828 2625 4880 δὲ
2678 4827 2890 4891 ὓδατος,
2928 4831 2986 4880 ὲν
3027 4823 3071 4896 ᾧ
3104 4830 3475 4887 καταδεδυκὼς
3520 4833 3548 4882 ό
3593 4832 3975 4900 φιλάνθρωπος

2423 4919 2627 4986 Ἰησοῦς
2683 4921 2866 4971 πᾶσαν
2918 4920 3264 4989 δικαιοσύνην
3315 4923 3620 4992 ἐπλήρωσε,
3676 4922 3791 4984 πῶς
3833 4923 3976 4986 ὅλως

2406 5010 2644 5074 ψαῦσαι,
2696 5011 2771 5080 μὴ
2813 5011 2895 5063 ὃτι
2927 5027 2991 5079 γε
3027 5011 3254 5064 καθόλου
3303 5015 3360 5066 ὲν
3393 5011 3540 5084 αὑτῷ
3569 5012 3933 5084 βαπτισθῆναι
3953 5052 3974 5080 ,

2322 5146 2368 5177 ⁸³
2400 5145 2530 5199 ibid.
2562 5147 2614 5199 5.

1771 5282 2007 5338 VAliIE
2079 5283 2461 5338 LECTIUNES
2516 5284 2605 5338 ET
2642 5283 2875 5338 ΝΟΤᾹΞ.

813 5425 922 5493 (94)
959 5423 1219 5487 Τοιαύτη.
1246 5421 1345 5475 Ms.
1371 5421 1422 5493 in
1445 5421 1605 5476 dandi
1639 5436 1766 5475 casu
1798 5421 1945 5489 legit,
1976 5421 2183 5493 sieutet
2210 5437 2298 5475 se-

739 5491 912 5564 quens
943 5493 1256 5564 σαπρὶᾳε-Αι
1289 5492 1490 5564 rectius
1517 5501 1739 5564 utraque
1770 5507 1868 5544 vox
1911 5506 2006 5559 pro
2041 5491 2300 5564 nomina-

743 5560 852 5619 tivo
882 5560 1128 5616 hahetur.
1158 5562 1231 5614 Ea
1275 5561 1418 5613 enim
1451 5573 1532 5613 est
1566 5561 1740 5613 Photii
1792 5576 1965 5621 mens,
2019 5560 2297 5612 salituram

742 5650 846 5686 non
879 5634 1067 5686 cadere
1091 5632 1142 5683 in
1164 5647 1384 5699 corpus,
1422 5641 1676 5697 tanquam
1713 5646 1823 5682 rem
1857 5631 2071 5698 penitus
2102 5631 2295 5681 malam

739 5714 793 5755 et
839 5704 1124 5770 putridam,
1159 5716 1277 5770 quze
1318 5701 1541 5770 proinde
1573 5715 1600 5752 a
1649 5699 1937 5768 putredine
1979 5700 2294 5768 prtescrvari

741 5788 848 5826 non
874 5783 1055 5841 possxt.

2470 5422 2580 5490 (95)
2607 5422 2702 5473 Ἑν
2728 5421 2851 5486 τοῖς
2874 5423 3222 5490 προφήταις.
3248 5423 3325 5477 Ita
3353 5423 3578 5480 Photius
3597 5443 3967 5492 communem,

2398 5507 2517 5564 quae
2556 5492 2715 5564 hodie
2765 5501 2912 5545 recte
2944 5494 3169 5556 obtinet,
3217 5495 3498 5549 lectionem
3524 5498 3740 5555 astruit.
3772 5515 3974 5564 quem-

2397 5563 2683 5613 admodum
2746 5564 2982 5615 lrena‘us
3043 5564 3138 5616 lib.
3198 5579 3288 5622 Ill,
3341 5580 3389 5618 c.
3447 5567 3630 5625 Hzet
3679 5563 3834 5621 mus
3873 5569 3975 5620 Bo-

2399 5633 2628 5682 strensis
2660 5632 2750 5684 lib.
2789 5631 3057 5703 I,7Contra
3099 5631 3438 5703 Maniclm'or.
3474 5635 3704 5688 Codices
3745 5638 3969 5703 quidam

2396 5715 2558 5774 manu
2611 5703 2812 5774 e.\'_arat_i
2847 5702 3045 5754 habent
3077 5703 3134 5774 ἐν
3163 5700 3244 5774 τῶ
3269 5705 3541 5774 προφήτῃ.
3571 5704 3710 5773 Lege
3733 5700 3819 5758 ιλ..
3849 5708 3970 5762 Mil-

2396 5769 2545 5833 lium,
2578 5778 2626 5822 et
2655 5769 2738 5824 ιο.
2771 5769 3059 5826 Ernestum
3087 5769 3342 5828 Grabium
3379 5769 3446 5828 ad
3477 5769 3666 5829 [ἐρωεῖ
3699 5776 3734 5828 l.
3767 5791 3818 5833 c.
