4234 6432
231 401 325 465 197

1240 398 1532 456 CONTRA
1572 390 2023 455 MANICII/EOS
2058 386 2286 446 LIBER
2327 387 2421 445 iV.

3342 375 3442 440 198

224 510 499 574 ἠνέσχετο,
533 505 626 557 καὶ
665 504 963 572 καθαρσίου
1011 501 1290 569 δυνάμεως
1334 503 1429 553 καὶ
1458 498 1784 565 ἀγιαστικῆς
1813 511 1896 567 At

1768 494 2144 567 ;Aoppositze
2193 491 2476 559 potestatis
2530 504 2668 557 opus
2714 487 3037 541 exsisteret?
3094 487 3266 555 Atque
3306 489 3440 542 hanc

229 596 550 663 μεταδοῦναι
584 597 824 664 χάριτος,
870 596 919 645 εί
952 594 1027 661 μὴ
1068 592 1164 659 τῆς
1197 591 1362 642 αὑτοῦ
1390 590 1719 658 δημιουργία
1740 607 1745 637 ῖ
1768 626 1784 651 ,

225 686 358 736 ἀλλὰ
390 684 493 749 τῆς
522 682 901 752 ἀντικειμένης
934 681 1196 748 ἐτύγχανε
1226 679 1652 746 δημιούργημα;
1678 678 1786 727 Καὶ

224 775 428 841 ταύτην
459 774 557 842 τὴν
592 774 749 842 χάριν
774 773 835 825 οὑ
872 771 1062 839 παρὼν
1087 771 1243 839 μόνον
1268 769 1346 837 τῷ
1374 767 1586 835 σώματι
1610 766 1787 834 πηγά-

228 863 341 925 ζειν
376 864 654 931 ἐδωρεῖτο,
701 863 835 915 ἀλλά
887 864 983 914 καὶ
1026 863 1103 923 εἰς
1155 861 1280 922 τοὺς
1310 858 1504 927 ἐφεξῆς
1545 858 1788 917 ἅπαντας

226 952 429 1013 αἰῶνας
479 952 544 1003 δι’
599 949 763 1003 αὑτοῦ
818 953 915 1017 τὴν
963 950 1262 1003 ἀνάπλασιν
1294 949 1387 1000 καὶ
1432 950 1787 1014 ἀναγέννησιν

227 1042 503 1110 εὑρίσκειν
539 1042 682 1103 τοὺς.
711 1042 1049 1109 σωζομένους
1093 1041 1344 1110 ἐνεργείᾳ
1381 1039 1471 1091 τοῦ
1521 1039 1786 1104 παναγίου

228 1133 544 1201 Πνεύματος
590 1133 953 1203 ἐχαρίτωσεν,
1012 1134 1085 1194 ὡς
1142 1132 1408 1184 ἀθάνατον
1459 1132 1606 1198 αὑτῲ
1649 1147 1788 1199 παρ-

232 1223 551 1274 ακολουθεῖν
598 1225 698 1293 τὴν
754 1223 964 1293 δωρεὰν
1010 1222 1105 1275 τοῦ
1139 1224 1489 1292 χαρίσματος.
1523 1222 1701 1286 Ἄξιος
1732 1223 1787 1274 δέ

226 1314 392 1365 πάλιν
440 1317 539 1383 τῆς
591 1315 913 1382 ἐπιφανείας
959 1313 1054 1365 τοῦ
1101 1313 1306 1381 ἀγαθοῦ
1346 1313 1477 1366 Θεοῦ
1506 1312 1789 1380 γεγονὼςὸ

238 1406 523 1473 Ἰωάννης,
556 1406 648 1457 καὶ
681 1406 971 1474 ,προφήτου
1018 1405 1435 1476 περισσότερος,
1463 1405 1554 1455 καὶ
1591 1402 1788 1471 μείζων

226 1496 333 1545 τῶν
361 1497 420 1546 ἐν
447 1496 725 1564 γεννητοῖς
768 1494 1042 1561 γυναικῶν
1072 1494 1162 1547 ὑπ’
1194 1495 1359 1563 αὑτῆς
1402 1493 1501 1561 τῆς
1537 1492 1789 1562 ἀληθείας

226 1586 617 1655 ἀναγορευθεὶς
644 1626 657 1650 ,
707 1584 822 1647 πῶς
853 1585 1059 1654 ὑπέστη
1106 1584 1334 1653 νομικῆς
1382 1580 1596 1650 ἐντολῆς
1625 1583 1789 1651 ὑπερ-

229 1680 448 1744 μαχεῖν,
485 1676 578 1727 καὶ
605 1677 724 1727 τότε
749 1676 1051 1744 πρόδρομος
1073 1674 1172 1741 τῆς
1194 1673 1413 1741 χάριτος
1432 1668 1753 1730 ἀποσταλείς
1773 1684 1789 1732 ;

238 1767 299 1817 Ὀ
333 1766 390 1816 δὲ
440 1767 497 1816 ού
550 1766 709 1833 μόνον
759 1766 898 1833 ὑπὲρ
947 1765 1047 1833 τῆς
1082 1767 1183 1835 ήδη
1239 1766 1585 1833 παυομένης,
1617 1762 1790 1825 οὑτως

1886 583 2106 652 gratiam
2147 600 2210 635 ex
2248 584 2515 650 baptismo
2547 592 2797 648 tanquam
2828 580 2975 632 fonte
3001 580 3261 633 scaturirc
3281 580 3442 645 jussit

1886 691 1993 726 non
2035 674 2205 725 solum
2258 682 2407 735 tunc,
2452 688 2574 723 eum
2603 686 2829 738 corpore
2865 685 3103 737 praesens
3126 680 3293 729 esset.
3345 672 3437 723 sed

1886 766 2117 834 gratiose
2144 765 2342 823 elIecit.
2377 774 2435 817 ut
2468 765 2521 816 in
2549 765 2727 816 futura
2762 763 2955 816 sa-eula
2987 763 3164 815 omnia
3198 764 3437 816 salvamli

1888 857 1973 909 hic
2007 872 2098 924 per
2134 857 2395 924 Spiritum
2422 866 2665 910 sanctum
2718 855 3182 924 regenerationem
3222 870 3439 907 novam-

1886 963 1989 1015 que
2018 949 2348 1000 creationem
2400 948 2727 1009 invenirent,
2775 957 2937 1014 atque
2968 946 3102 999 adeo
3134 946 3235 997 hoc
3258 948 3440 1014 gratiae

1887 1040 2087 1091 donum
2164 1054 2443 1107 nunquam
2509 1039 2879 1091 intercideret.
2942 1036 3225 1100 Quomodo
3283 1054 3441 1105 porro

1887 1131 2141 1193 Joannes,
2178 1132 2372 1200 dignus
2398 1131 2635 1192 habitus,
2676 1130 2765 1197 qui
2801 1129 3005 1181 videret
3045 1130 3239 1181 bonum
3274 1131 3440 1182 Deum

1887 1225 2283 1287 adventantem,
2336 1223 2586 1288 idemque
2649 1222 2934 1289 propheta,
2987 1222 3329 1288 praestantior
3378 1231 3432 1273 et

1888 1314 2062 1377 major
2088 1314 2363 1373 otnnibus,
2393 1312 2480 1379 qui
2514 1327 2575 1362 ex
2618 1311 2872 1361 uxoribus
2908 1312 3014 1362 nati
3046 1318 3190 1373 sunt,
3228 1312 3295 1363 ab
3329 1312 3440 1377 ipsa

1888 1404 2112 1455 veritate
2164 1404 2478 1461 renuntiat,
2540 1416 2636 1471 pro
2685 1401 2968 1468 praeceptis
3019 1401 3148 1468 legis
3207 1417 3442 1471 pugnare

1890 1495 2167 1562 ingressus
2198 1502 2299 1556 est,
2338 1493 2384 1545 is
2413 1492 2639 1553 scilicet,
2670 1492 2758 1558 qui
2791 1494 2986 1544 missus
3010 1502 3145 1555 erat,
3181 1502 3238 1544 ut
3260 1494 3443 1561 gratiae

1889 1594 2031 1639 esset
2066 1584 2396 1652 pra-nuntius
2417 1584 2439 1635 ’ἶ
2464 1584 2650 1650 Neque
2682 1584 2727 1635 is
2756 1592 2960 1635 tantum
2992 1598 3090 1650 pro
3121 1599 3181 1636 ea
3205 1584 3315 1649 jam
3345 1584 3441 1635 de-

1890 1675 2055 1726 situra
2090 1674 2248 1739 (adeo
2278 1673 2419 1724 illam
2454 1682 2608 1723 uorat
2640 1671 2730 1723 Dei
2756 1672 2954 1724 donum
2991 1673 3133 1739 esse)
3169 1683 3442 1725 certamen

1891 1765 2160 1835 ingressus
2189 1774 2289 1827 est,
2314 1767 2407 1817 sed
2433 1780 2498 1817 eo
2520 1780 2732 1831 quoque
2750 1774 2835 1816 est
2862 1774 3168 1832 provectus,
3200 1776 3255 1816 ut
3282 1766 3441 1817 vitam

228 1858 347 1925 ᾔδει
374 1855 575 1924 ταύτην
595 1855 729 1907 Θεοῦ
758 1856 953 1923 δῶρον,
980 1856 1076 1907 τὸν
1107 1855 1292 1923 ἀγῶνα
1326 1854 1622 1926 προθύμως
1660 1870 1785 1922 μετ-
1817 1857 1857 1909 Β
1885 1875 1900 1911 ε

1766 1883 1785 1892 -
1817 1857 2035 1911 Bsuam
2086 1865 2433 1926 postponeret
2487 1858 2629 1909 serio
2678 1857 2822 1908 illam
2867 1856 3189 1909 observandi
3242 1857 3438 1911 studio.

229 1951 464 2015 ήρχετο,
517 1948 653 2000 ἀλλά
703 1952 796 1999 καὶ
842 1948 1007 2015 μέχρι
1055 1947 1330 2010 τοσούτου,
1384 1946 1526 1997 ὥστε
1560 1947 1655 1997 καὶ
1690 1944 1789 2013 τὴν

229 2038 426 2090 ἑαυτοῦ
467 2038 609 2107 ζωὴν
638 2039 898 2107 δευτέραν
938 2040 1092 2106 ἄγειν
1134 2040 1234 2107 τῆς
1268 2039 1395 2107 περὶ
1427 2038 1594 2106 αὑτὴν
1622 2035 1791 2103 φυλαο

232 2131 356 2194 κῆς.
383 2130 457 2181 Τὸ
484 2131 592 2199 γὰρ
624 2130 865 2198 ἐλέγχειν
889 2131 980 2183 τὸν
1021 2131 1263 2201 Ἡρώδην
1280 2170 1294 2193 ,
1320 2130 1394 2191 ὡς
1439 2131 1561 2182 Οὐκ
1590 2128 1792 2191 ἔξεστί

229 2238 328 2273 σοι
371 2222 535 2288 ἔχειν
574 2220 688 2288 τὴν
728 2222 981 2289 γυναῖκα
1024 2221 1128 2274 τοῦ
1161 2220 1424 2289 ἀδελφοῦ
1457 2236 1594 2284 σου,
1630 2219 1791 2273 πόθεν

233 2313 413 2366 λαὸὼν
440 2315 690 2382 ἐπετίμα,
718 2315 750 2383 ἢ
773 2314 915 2377 τίνος
948 2314 1335 2383 ὑπερασπίζων
1359 2314 1677 2383 νομοθεσίας
1701 2313 1791 2365 τὸν

232 2405 456 2471 ἔλεγχον
502 2406 772 2473 προσῆγεν
822 2404 899 2472 τῷ
947 2404 1190 2473 βασιλεῖ;
1245 2406 1353 2473 υύχ
1409 2406 1574 2475 ὁρᾷς,
1632 2406 1793 2457 πόσον

232 2498 463 2563 ἀπεῖχεν
495 2495 728 2563 ὑδρίζειν
757 2495 853 2557 τὰς
882 2497 1108 2564 νομικὰς
1139 2497 1353 2558 ἐντολὰς
1383 2497 1411 2548 ὁ
1437 2497 1536 2565 τῆς
1577 2496 1795 2565 χάριτος

234 2586 564 2653 πρόδρομος,
595 2588 687 2638 καὶ
717 2586 806 2636 τὸν
837 2586 932 2654 τῆς
964 2587 1181 2655 χάριτος
1209 2586 1506 2656 νομοθέτην
1536 2586 1794 2655 βαπτίσαι

236 2676 626 2740 καταξιωθείς;
666 2675 725 2728 Εἰ
755 2677 809 2728 δὲ
847 2677 921 2744 μὴ
960 2677 1055 2746 τῆς
1106 2676 1272 2744 αὑτῆς
1320 2672 1459 2746 ἦσαν
1509 2677 1656 2740 θείας
1706 2679 1795 2729 καὶ

235 2766 581 2835 ἀγαθουργοῦ
626 2766 907 2827 ἐπιπνοίας
939 2767 1005 2818 τὰ
1032 2767 1293 2820 Μωσαϊκά
1342 2767 1792 2837 παραγγέλματα,

240 2856 356 2914 πῶς
383 2857 411 2906 ὁ
439 2854 597 2917 αὑτὸς
642 2855 742 2923 τῆς
774 2856 989 2925 χάριτος
1023 2856 1296 2925 ὑπηρέτης
1322 2856 1427 2908 οὐδ’
1453 2857 1673 2910 ἐκείνων
1698 2859 1795 2927 τὴν

236 2947 531 3015 ὀλιγωρίαν
568 2946 855 3015 ὑπέμενεν,
904 2948 1019 2999 ἀλλ’
1051 2943 1118 3007 ἦν
1156 2947 1334 2999 αὑτῶν
1358 2950 1581 3018 σφοδρὸς
1622 2946 1795 3018 ζηλω-

236 3041 334 3107 τὴς
364 3040 457 3090 καὶ
477 3039 734 3107 διάπυρος
777 3040 1094 3107 ἐκδικητή;;
1156 3040 1387 3108 μάλιστά
1411 3058 1473 3107 γε
1494 3040 1587 3093 τοῦ
1616 3040 1796 3109 Σωτῆι

243 3146 332 3197 ρος
365 3129 783 3197 διακεκραγότος
804 3145 817 3159 ο
855 3128 1061 3192 Οὐδεὶς
1086 3128 1333 3182 δύναται
1365 3130 1523 3198 ,δυσὶ
1566 3131 1791 3197 κυρίοις

238 3219 552 3270 δουλεύειν
574 3236 589 3250 ·
618 3219 654 3284 ἢ
678 3218 788 3286 τὰρ
810 3219 915 3270 τὸν
938 3218 1045 3270 ἕνα
1072 3219 1337 3286 μισήσει,
1354 3220 1576 3272 καὶτὸν
1594 3219 1797 3285 ἕτερον

239 3307 570 3376 ἀγαπήσει·
604 3308 643 3375 ἢ
671 3308 774 3362 τοῦ
804 3308 939 3373 ἐνὸς
967 3308 1294 3371 ἀνθέξεται,
1326 3310 1422 3361 καὶ
1458 3307 1565 3361 τοῦ
1594 3309 1795 3375 ἐτέρου

242 3399 703 3467 καταφρονήσει.
740 3401 821 3452 Οὐ
861 3399 1125 3452 δύνασθε
1178 3397 1297 3463 Θεῷ
1339 3398 1651 3451 δουλεύειν
1699 3399 1797 3453 καὶ

243 3485 563 3553 Μαμμωνᾷ.
600 3488 708 3539 Καὶ
753 3487 859 3556 μὴν
896 3489 941 3538 εἰ
970 3486 1062 3539 δύο
1109 3486 1311 3555 κυρίων
1348 3487 1736 3553 ἀντικειμένων
1770 3488 1797 3538 ὁ

245 3579 403 3647 νόμο,
445 3582 533 3630 καὶ
560 3581 591 3647 ὴ
619 3579 797 3647 χάρις,
836 3578 970 3629 ἀλλά
1000 3579 1075 3647 μὴ
1097 3581 1193 3648 τῆς
1220 3578 1348 3647 μιᾶς
1377 3579 1707 3648 ἀγαθότητός
1738 3594 1794 3629 τε

244 3671 338 3721 καὶ
372 3670 688 3738 μοναρχίας,
718 3670 831 3731 πῶς
862 3665 920 3722 οὑ
950 3670 1135 3738 μηδεὶς
1160 3672 1217 3720 ἐν
1243 3670 1547 3738 ἀνθρώποις
1577 3670 1794 3739 μείζων,

244 3762 365 3813 δυσὶ
411 3760 672 3813 δουλεύων
708 3759 864 3829 ὥιρθη
899 3762 1107 3830 κυρίοις
1152 3761 1295 3813 κατὰ
1321 3762 1418 3831 τὴν
1444 3761 1602 3814 ἄθεον
1628 3763 1797 3829 γλωσ-

247 3854 511 3920 σαλγίαν;
550 3854 821 3913 Ὡσαύτως
842 3852 897 3905 δέ
925 3852 1019 3903 καὶ
1048 3852 1157 3904 τῶν
1185 3853 1291 3923 πρὸ
1322 3851 1485 3905 αὑτοῦ
1510 3853 1796 3922 προφητῶν

248 3947 281 4012 ὴ
324 3946 614 4012 ὁμήγυρις.
647 3944 719 3995 Τὸ
752 3944 860 4011 γὰρ
902 3944 983 3994 ὃτι
1023 3945 1111 3995 καὶ
1143 3944 1302 4006 αὑτὸς
1334 3945 1361 3995 ὁ
1390 3944 1577 4013 Σωτὴρ
1606 3944 1665 3995 τὸ
1697 3962 1799 3997 πα-

246 4038 438 4104 τρικὸν
471 4036 706 4105 ἐπλήρου
734 4035 1155 4106 ἐνανθρωπήσας
1200 4036 1434 4105 θέλημα,
1466 4039 1560 4089 καὶ
1584 4038 1658 4099 ὡς
1700 4038 1798 4089 οὑκ

244 4128 377 4199 ἦλθε
428 4130 844 4197 καταλῦσαι-τὸν
872 4132 1053 4199 νόμον,
1088 4132 1120 4201 ἢ
1158 4132 1284 4193 τοὺς
1322 4132 1624 4200 προφήτας,
1663 4132 1799 4184 ἀλλὰ

246 4219 559 4288 πληρῶσαι,
606 4219 692 4271 διὰ
740 4220 839 4287 τὴν
880 4220 977 4289 τῆς
1006 4219 1294 4288 ἀθεότητος
1330 4221 1653 4291 ὑπερϐολὴν,
1700 4224 1799 4274 οὑκ

248 4310 315 4360 ἂν
342 4307 639 4375 ὑποσταίην
663 4308 994 4377 σαφέστερον
1022 4305 1447 4369 ἁναπτύξασθαι.

320 4400 373 4452 l'.
419 4398 561 4465 Πλὴν
608 4399 729 4464 τόγε
778 4399 1037 4468 ἄρρητον,
1068 4398 1139 4459 ὡς
1169 4394 1279 4450 οἷόν
1308 4398 1365 4449 τέ
1413 4400 1556 4460 ἐστι,
1597 4398 1689 4450 καὶ
1716 4396 1796 4463 ἐφ’

1891 1949 2046 2004 Unde
2081 1949 2224 2002 enim
2255 1947 2779 2001 animadversionem
2828 1948 2969 1999 illam
3000 1963 3149 2000 suam
3197 1948 3249 2000 in
3284 1948 3445 1999 llero—

1890 2040 2033 2103 dem,
2064 2040 2249 2093 dicens
2280 2057 2294 2093 :
2341 2039 2457 2091 Non
2495 2037 2611 2090 licet
2662 2039 2753 2089 tibi
2792 2038 2979 2089 habere
3013 2054 3222 2089 uxorem
3265 2040 3443 2105 fratris

1891 2132 1967 2182 tui
1991 2132 2055 2193 “,
2098 2132 2259 2195 unde,
2303 2131 2541 2198 inquam,
2596 2144 2712 2182 eam
2746 2140 2935 2183 nactus
2960 2140 3063 2191 est,
3098 2139 3190 2183 aut
3220 2146 3315 2198 pro
3339 2147 3441 2199 qua

1890 2221 2005 2290 lege
2058 2237 2399 2291 propugnans
2452 2221 2523 2273 ita
2581 2220 2881 2289 objurgavit
2947 2237 3124 2290 regem
3173 2222 3195 2273 ?
3257 2221 3443 2275 Nonne

1890 2313 2059 2372 vides,
2094 2328 2253 2379 quam
2289 2312 2445 2381 longe
2476 2312 2795 2380 prodromus
2830 2312 3009 2380 gratia:
3031 2328 3059 2364 a
3095 2314 3442 2376 contumelia,

1893 2403 2176 2471 prteceptis
2210 2403 2338 2471 legis
2372 2402 2673 2465 inferenda,
2707 2402 2957 2465 abfuerit,
2998 2403 3041 2457 is
3075 2404 3315 2467 omnino,
3350 2404 3440 2472 qui

1893 2502 1947 2545 ut
1976 2500 2249 2545 auctorem
2278 2494 2460 2562 gratia:
2494 2493 2812 2561 baptizaret,
2855 2493 3048 2562 dignus
3076 2493 3288 2547 habitus
3321 2495 3443 2547 est?

1895 2585 1948 2637 Si
1986 2602 2109 2638 vero
2137 2587 2367 2639 mosaica
2411 2596 2673 2655 prmcepta
2714 2603 2818 2639 non
2848 2589 2922 2641 ab
2968 2589 3155 2641 eadem
3187 2589 3363 2641 divina
3391 2602 3445 2642 et

1894 2677 2131 2731 beneﬁca
2182 2679 2533 2747 inspiratione
2584 2679 2821 2747 profecta
2869 2680 3120 2742 fuissent,
3175 2685 3444 2748 quomodo

1896 2766 2034 2819 idem
2085 2767 2265 2836 gratia:
2315 2768 2560 2820 minister
2613 2767 2699 2820 illa
2745 2768 2880 2820 adeo
2930 2784 3036 2820 non
3091 2774 3442 2838 contemptim

1896 2858 2102 2923 habuit,
2136 2868 2195 2911 ut
2230 2875 2290 2911 ea
2323 2861 2499 2927 potius
2523 2860 2670 2912 omni
2713 2860 2889 2913 studio
2929 2871 3221 2914 sectaretur
3245 2874 3299 2915 et
3335 2862 3443 2915 fer-

1897 2950 2013 3001 vide
2042 2951 2284 3019 urgeret?
2313 2950 2599 3003 Servatore
2631 2959 2818 3003 nostro
2852 2950 3114 3018 imprimis
3142 2951 3405 3005 clamante
3429 2974 3440 3007 :

1895 3041 2058 3093 Nemo
2086 3052 2249 3108 potest
2274 3042 2470 3092 duobus
2494 3041 2720 3093 dominis
2752 3044 2942 3093 servire
2960 3058 2977 3093 :
3008 3054 3097 3093 aut
3123 3044 3256 3095 enim
3286 3061 3444 3096 mium

1897 3133 2013 3183 odio
2041 3130 2261 3190 habebit,
2300 3139 2346 3181 et
2387 3129 2610 3181 alterum
2638 3130 2816 3198 diliget
2847 3145 2865 3181 :
2893 3140 2985 3181 aut
3016 3133 3105 3182 uni
3139 3134 3443 3195 adhwrebit,

1900 3232 1946 3273 et
1996 3222 2219 3273 alterunt
2266 3230 2570 3273 contemnet.
2621 3220 2739 3272 Non
2786 3222 2997 3289 potestis
3047 3221 3151 3274 Deo
3180 3226 3371 3275 servire
3398 3238 3442 3276 et

1900 3311 2212 3363 Hammona:
2241 3313 2305 3363 ".
2362 3310 2515 3375 Quod
2570 3311 2613 3363 si
2661 3312 2743 3364 lex
2774 3322 2827 3363 et
2857 3312 3026 3379 gratia
3059 3328 3086 3365 a
3113 3314 3324 3367 duobus
3352 3317 3446 3369 du-

1898 3404 2056 3455 minis
2106 3403 2364 3470 oppositis
2411 3418 2518 3455 non
2565 3411 2743 3454 autem
2791 3403 2859 3454 ab
2887 3404 3075 3456 eadem
3121 3405 3358 3459 bonitate
3388 3416 3441 3459 et

1898 3505 2161 3561 potestate
2203 3494 2453 3562 profectas
2493 3501 2651 3555 sunt,
2704 3496 2972 3561 quomodo
3024 3496 3088 3555 is,
3132 3512 3238 3564 quo
3267 3499 3445 3550 nullus

1900 3585 2038 3637 inter
2093 3586 2337 3637 homines
2377 3587 2546 3651 major
2592 3595 2693 3650 est,
2751 3588 2960 3639 duobus
3001 3588 3252 3649 dominis,
3286 3600 3443 3658 prout

1900 3675 2061 3743 impia
2115 3677 2390 3728 hominum
2455 3678 2630 3745 lingua
2679 3678 2857 3740 tradit,
2902 3678 3103 3731 servire
3157 3680 3302 3733 visus
3326 3685 3443 3733 est?

1898 3768 2072 3833 Atque
2125 3769 2313 3818 eodem
2354 3776 2512 3820 modo
2545 3778 2885 3837 comparatus
2930 3769 3030 3821 fuit
3057 3770 3316 3834 omnium,
3351 3772 3440 3840 qui

1897 3867 2021 3910 ante
2054 3857 2225 3925 ipsum
2258 3858 2497 3919 fuerunt,
2536 3860 2919 3927 prophetarum
2948 3870 3140 3914 cmtus.
3167 3860 3283 3913 Jam
3316 3878 3442 3914 vero

1898 3946 1972 4007 id,
2009 3947 2150 4014 quod
2180 3946 2432 3999 Servatur
2462 3947 2595 4015 ipse,
2630 3949 2788 4001 homo
2819 3948 3009 4011 factus,
3047 3950 3217 4003 Patris
3249 3953 3440 4005 volun-

1899 4044 2060 4087 tatem
2093 4036 2333 4104 perfecit,
2386 4038 2637 4105 quodque
2687 4053 2794 4089 non
2838 4039 2985 4091 venit
3028 4040 3092 4092 ad
3133 4041 3439 4094 solvendam

1900 4123 2067 4193 legem
2125 4134 2217 4176 aut
2272 4126 2600 4193 prophetas,
2649 4131 2740 4179 sed
2787 4129 2965 4196 potius
2994 4132 3059 4181 ad
3090 4130 3442 4199 implendum,

1900 4214 2062 4267 nolim
2093 4216 2345 4283 amplius,
2392 4217 2459 4268 ob
2508 4216 2792 4269 maximam
2839 4220 3126 4273 contraria:
3163 4224 3443 4275 sententiae

1899 4302 2249 4371 impietatem,
2280 4306 2549 4358 evolvere.

1966 4393 2032 4446 Χ.
2071 4395 2136 4446 At
2182 4395 2456 4448 infandum
2504 4396 2655 4458 illud,
2708 4398 2884 4465 quoad
2932 4400 3046 4452 lieri
3077 4410 3270 4468 potest,
3306 4403 3442 4456 etin

248 4489 371 4540 ὅσον
408 4487 482 4557 μὴ
505 4486 778 4548 παντελῶς
808 4486 1133 4556 χαρίσασθαι
1150 4488 1259 4549 τοῖς
1280 4486 1490 4555 ἐχθροῖς
1522 4485 1793 4553 ἐκφυγὼν,
1826 4507 1876 4564 D
1902 4498 1920 4549 ε

1781 4524 1793 4545 ,
1826 4492 2158 4564 unantum
2204 4499 2312 4536 non
2362 4484 2504 4537 omni
2551 4500 2615 4539 ex
2662 4494 2812 4555 parte
2864 4487 3153 4555 gratiﬁcari
3205 4489 3445 4545 hostibus

246 4580 308 4632 τὸ
338 4578 455 4647 μετ’
476 4579 649 4629 ἐκεῖνο
672 4577 919 4647 δεύτερον
944 4576 1070 4645 ἐρῶ.
1102 4578 1188 4639 Ὠς
1212 4580 1239 4628 ὁ
1275 4576 1523 4644 Ἰωάννης
1545 4579 1609 4644 τῇ
1627 4592 1684 4627 τε
1705 4575 1799 4627 τοῦ

248 4669 415 4737 νόμου
442 4667 725 4733 διαγνώσει
747 4669 840 4719 καὶ
865 4667 962 4735 τῆς
986 4667 1202 4737 χάριτος
1230 4667 1689 4736 ὑπηρετούμενος,
1715 4670 1801 4718 ναὶ

246 4759 311 4827 δὴ
341 4759 438 4810 καὶ
469 4759 529 4809 τὸ
559 4757 838 4827 σύνταγμα
864 4757 971 4809 τῶν
1004 4758 1108 4828 πρὸ
1141 4757 1303 4810 αὑτοῦ
1338 4758 1629 4828 προφητῶν
1666 4758 1803 4825 ἀφύ-

1901 4574 2058 4625 simul
2091 4573 2308 4637 licebit,
2348 4584 2596 4644 tanquam
2626 4578 2787 4645 priori
2815 4577 2919 4631 isto
2958 4580 3252 4634 secundum
3284 4598 3446 4636 enar-

1898 4665 2049 4717 rabo.
2105 4663 2341 4718 Joannes
2383 4667 2607 4729 scilicet,
2656 4666 2707 4720 in
2756 4668 2991 4723 conﬁnio
3021 4670 3152 4740 legis
3177 4679 3230 4724 et
3264 4675 3446 4743 gratia:

1897 4757 2199 4811 ministerio
2234 4756 2482 4825 fungens,
2524 4757 2630 4810 imo
2659 4767 2711 4810 et
2740 4762 2917 4813 omnis
2948 4762 3355 4829 prophetarum,
3382 4781 3447 4818 eo

250 4866 402 4910 κτοις
435 4848 672 4916 ἐλέγχοις
708 4850 832 4910 τοὺς
858 4848 1069 4911 ἀσεϐεῖς
1099 4847 1465 4917 στηλιτεύουσι
1492 4849 1589 4917 τὴν
1618 4848 1804 4901 ἐνυπό-
1901 4863 1922 4916 ι

1772 4848 1804 4897 ἱ-
1901 4849 2159 4916 priorum,
2218 4857 2388 4901 cretus
2418 4851 2752 4918 argumentis
2782 4868 2890 4904 non
2922 4854 3193 4907 solvendis
3216 4857 3444 4908 convin-

251 4952 447 4988 στατον
474 4935 730 5005 ἀλήθειαν
756 4936 835 4998 εἰς
878 4935 1068 5005 ψεῦδος
1107 4936 1398 5005 διασύρειν,
1430 4938 1525 4988 καὶ
1561 4936 1801 5005 μαχομέ-

248 5046 358 5090 νοις
383 5026 695 5096 νομοθέταις
714 5027 810 5089 τάς
832 5026 1048 5089 ἐντολὰς
1066 5027 1429 5097 διασχίζοντας
1449 5029 1513 5097 τῇ
1539 5027 1646 5079 τῶν
1667 5044 1801 5097 προ-

247 5118 425 5183 τέρων
453 5114 694 5183 διαϐολῇ,
728 5112 827 5167 κᾶν
864 5112 1014 5166 οῦπω
1053 5118 1230 5184 γυμνῇ
1260 5117 1326 5185 τῇ
1364 5116 1568 5183 κεφαλῇ
1600 5115 1794 5185 τεθαρ-

250 5208 506 5274 ρήκασιν,
557 5204 707 5256 οὑδέν
754 5205 970 5256 ἔλαττον
1014 5206 1317 5268 ἑαλωκότας
1362 5207 1445 5275 (τί
1484 5207 1590 5275 γὰρ
1629 5206 1694 5259 ἂν
1736 5210 1797 5258 ἐκ

248 5300 473 5365 ,ἶνεύδους
516 5300 575 5350 οὑ
625 5298 825 5365 φαῦλον
858 5298 1176 5368 προέλθοι;)
1226 5301 1659 5371 συνεξορχεῖσθαι
1706 5302 1800 5353 καὶ

256 5392 317 5441 :‘1
348 5389 449 5456 τῆς
493 5390 731 5458 χάριτος.
770 5390 829 5441 Ei
867 5391 974 5459 γὰρ
1016 5390 1113 5459 τῆς
1157 5392 1377 5461 χάριτος
1405 5393 1502 5460 μὲν
1531 5395 1559 5445 ὁ
1602 5392 1800 5459 ἀγαθὸς

251 5481 525 5548 Δεσπότης
544 5482 853 5549 νομοθέτης.
894 5481 950 5532 ἓν
982 5481 1037 5534 δέ
1064 5482 1226 5534 αὑτοῦ
1262 5482 1370 5534 τῶν
1410 5483 1689 5551 δογμάτων
1710 5486 1803 5535 καὶ

256 5572 346 5636 τὸ,
416 5572 617 5640 μηδένα
666 5571 919 5625 δύνασθαι
965 5573 1083 5624 δυσὶ
1130 5572 1336 5641 κυρίοις
1389 5573 1687 5641 δουλεύειν,
1745 5578 1801 5627 ἐν

321 5768 365 5799 ⁸⁸
400 5766 561 5821 Marc.
603 5784 675 5831 γι,
713 5769 795 5823 18.
871 5771 914 5800 ⁵⁵
947 5770 1126 5824 Matth.
1166 5788 1233 5835 γι,
1267 5772 1354 5840 Eli.

1904 4947 2031 4991 cunt
2079 4938 2320 4991 homines
2367 4937 2497 4991 istos
2544 4939 2758 5007 impios,
2806 4943 2946 5009 quod
2992 4945 3272 4997 veritatem
3322 4948 3449 4999 sub-

1903 5033 2203 5085 slantialem
2255 5043 2506 5101 tanquam
2564 5036 2904 5089 mendacium
2952 5037 3305 5102 insectentur,
3359 5049 3446 5101 et,

1902 5125 2048 5185 dum,
2086 5125 2309 5178 invectis
2359 5124 2751 5194 legislatoribus
2807 5127 3122 5189 contrariis,
3182 5138 3448 5196 praecepta

1894 5216 2217 5276 distrahunt,
2251 5215 2436 5269 eadem
2467 5231 2650 5283 opera,
2682 5231 2784 5283 qua
2820 5218 2994 5284 priora
3023 5218 3446 5279 calumniantur,

1895 5305 2138 5372 quamvis
2188 5304 2237 5357 id
2287 5306 2459 5373 palam
2515 5306 2688 5358 facere
2724 5321 2826 5359 non
2855 5308 3107 5369 audeant,
3144 5323 3250 5359 non
3274 5307 3449 5359 minus

1897 5405 1948 5450 et
1978 5412 2059 5459 ea,
2101 5414 2217 5465 qua:
2250 5399 2431 5467 gratia:
2459 5406 2585 5451 sunt
2617 5399 2766 5466 (quid
2796 5399 2938 5451 enim
2966 5398 3087 5450 mali
3116 5412 3178 5450 ex
3219 5397 3446 5450 menda-

1896 5488 1979 5541 cio
2007 5503 2112 5539 non
2144 5488 2512 5556 proliciscatur
2535 5489 2577 5557 ἲ)
2612 5490 2839 5557 prodant
2860 5496 2913 5541 et
2950 5488 3107 5540 simul
3140 5485 3446 5555 explodant.

1901 5578 1954 5632 Si
1988 5579 2128 5633 enim
2182 5580 2353 5632 bonus
2415 5578 2673 5632 Dominus
2725 5577 2903 5649 gratiae
2934 5586 3119 5631 auctor
3152 5587 3252 5630 est.
3289 5576 3448 5625 huius
