4234 6432
790 386 891 446 199

1917 378 2174 436 PllOTll
2224 375 2719 433 I'ATRIARCIIEE
2759 373 2867 432 CP.

3922 371 4030 434 200

787 515 914 551 veto
952 497 1090 550 inter
1127 494 1328 562 reliqua
1360 494 1464 548 hoc
1483 493 1678 563 dogma
1704 501 1806 555 est,
1860 492 2003 558 quod
2035 508 2194 542 nemo
2225 505 2348 557 pos-
2380 499 2421 552 Α
2451 489 2459 536 i‘

2380 499 2421 552 Α
2451 487 2687 555 ἑκατέρα
2731 487 2786 537 δὲ
2819 483 2997 553 μερίδι
3036 484 3446 536 δεδουλεύκασιν
3500 485 3548 536 οί
3603 485 3990 554 προειρημένοι
4014 525 4027 548 ,

785 592 854 641 sit
885 588 1095 640 duobus
1116 584 1353 638 dominis
1384 585 1607 646 servire,
1649 583 1862 650 utrique
1894 596 2022 633 vero
2053 581 2186 646 parti
2217 594 2348 646 pne-

784 679 910 730 dicti
939 679 1010 728 illi
1059 676 1397 735 servierunt,
1455 690 1600 726 nunc
1641 681 1822 725 autem
1856 672 1942 721 illa
1984 680 2346 736 apostatarum

786 770 1041 820 colluvies
1073 767 1235 818 alium
1269 766 1517 817 Mosaicis
1564 763 1847 832 pra‘ceptis
1877 760 2168 814 Dominum
2216 773 2347 811 con-

786 861 991 920 stituit;
1020 875 1198 910 nonue
1225 859 1365 908 inter
1384 857 1591 907 medios
1615 863 1906 922 pnetextus
1933 854 2100 918 ipsam
2126 858 2347 917 gratiam

788 950 998 1014 probris
1056 949 1426 1007 insectantur,
1491 948 1618 998 dum
1677 945 2079 998 caluumiantur
2136 939 2350 1009 legem?

789 1042 860 1091 Ita
893 1041 1033 1092 enim
1100 1047 1261 1106 (quin,
1317 1047 1437 1090 utut
1468 1040 1630 1089 etiam
1666 1038 1717 1088 in
1750 1036 2120 1089 eonfutatione
2156 1034 2350 1102 impie-

788 1130 908 1180 tatis
937 1142 1361 1179 commemorare
1416 1126 1497 1176 vix
1548 1127 1626 1177 l'as
1661 1125 1748 1185 sit,
1803 1125 1972 1193 magis
1998 1134 2176 1176 tamen
2211 1124 2349 1174 inte-

785 1236 936 1287 grum
968 1220 1146 1284 luerit;
1175 1219 1343 1283 ipsum
1382 1215 1786 1268 Testamentum
1832 1215 2095 1267 mendacii
2128 1215 2350 1266 insimu-

789 1309 896 1358 lare
958 1307 1362 1371 judicabantur.
1421 1307 1526 1358 Sed
1579 1305 1707 1372 quid
1766 1307 1808 1356 si
1859 1306 1978 1371 quis
2028 1303 2346 1370 exceperit:

789 1399 844 1447 Si
883 1399 961 1448 lex
994 1399 1128 1448 bona
1161 1407 1260 1457 est,
1310 1414 1458 1455 num,
1489 1397 1579 1462 qui
1613 1399 1710 1447 sub
1738 1397 1905 1465 gratia
1924 1412 2130 1457 sumus,
2155 1411 2349 1447 secun-

787 1492 909 1538 dam
967 1504 1084 1537 eam
1169 1486 1439 1537 vivimus?
1491 1488 1559 1536 At
1618 1496 1706 1538 tua
1750 1486 1965 1553 quidem
2014 1500 2173 1537 causa
2217 1485 2349 1536 nihil

789 1581 979 1632 attinet
1042 1592 1365 1646 quemquam
1440 1577 1492 1628 in
1555 1579 1854 1630 subsidium
1906 1593 2116 1630 vocare.
2166 1578 2349 1640 Quod-

791 1689 910 1722 nam
963 1673 1105 1722 enim
1149 1670 1240 1720 tibi
1299 1667 1465 1734 impio
1511 1669 1742 1736 amplius
1777 1669 1999 1720 dubium
2036 1671 2157 1730 erit,
2199 1669 2353 1734 cujus

789 1763 1113 1814 solutionem
1149 1776 1256 1811 non
1337 1760 1664 1829 aggrediar?
1756 1758 2005 1823 Nunquid
2086 1758 2223 1809 forte
2273 1758 2350 1808 le-

2455 576 2611 628 ἄλλον
2639 577 2694 625 δὲ
2745 575 2947 643 Κύριον
2989 576 3101 634 τοῖς
3150 575 3464 635 Μωσαῖκοῖς
3499 575 3785 643 ἐφίστησιν
3826 577 3858 643 η
3888 576 4030 626 ἀπο-

2458 666 2677 717 στασία·
2714 665 2831 726 πῶς
2852 665 2951 715 οὐκ
2975 666 3034 714 ἐν
3057 664 3134 732 τῷ
3162 665 3602 734 προπηλακισμῷ
3632 666 3726 718 τοῦ
3757 666 3945 734 νόμου,
3979 669 4031 716 εί

2455 759 2550 807 καὶ
2582 756 2670 806 διὰ
2704 755 2882 823 μέσων
2920 757 3453 822 παραπετασμάτων,
3481 757 3541 807 οὐ
3571 754 4029 824 συμπροπηλακί-

2455 848 2606 910 ζουσι
2630 849 2721 898 καὶ¹
2748 849 2847 915 τὴν
2888 849 3080 917 χάριν;
3114 847 3272 898 Οὕτω
3303 849 3412 915 γὰρ
3443 847 3678 916 (καίπερ
3703 849 3762 898 οὐ
3790 847 4029 916 φορητὸν

2453 939 2568 990 οὐδ’
2603 939 2687 988 ἐπ’
2707 937 2912 1006 ἐλέγχῳ
2933 938 3110 1004 λέγειν
3143 938 3241 1006 τῆς
3267 937 3540 998 ἀσεϐείας,
3567 939 3713 1006 ὅμως
3738 938 4028 988 ἀνεκτότε-

2457 1049 2548 1101 ρον
2567 1033 2608 1097 ),
2627 1032 2853 1100 ψεύδους
2869 1032 3035 1102 αὐτὴν
3056 1031 3321 1101 διαθήκην
3341 1031 3733 1099 ἀποφαίνοντες
3754 1026 3863 1084 εἷεν
3887 1031 4024 1098 (96).

2469 1123 2627 1176 Ἀλλὰ
2666 1124 2717 1175 τί
2773 1123 2875 1175 κᾶν
2905 1141 2990 1186 τις
3047 1125 3421 1190 ὑπέκρουσεν’
3473 1124 3643 1192 Εἴπερ
3677 1124 3910 1201 huth
3949 1125 4029 1192 μὴ

2456 1216 2597 1266 κατὰ
2646 1215 2806 1282 νόμον
2840 1213 2935 1265 νῦν
2974 1218 3021 1266 oi
3054 1217 3150 1283 τῆς
3181 1216 3400 1285 χάριτος
3432 1214 3688 1283 βιοῦμενς
3726 1215 3886 1268 Ἀλλὰ
3927 1213 4028 1266 σοῦ

2459 1305 2559 1372 μὲν
2595 1306 2753 1374 χάριν
2781 1305 2933 1357 οὐδὲν
2971 1307 3192 1357 ἀπαιτεῖ
3231 1309 3564 1374 προσειπεῖν.
3601 1307 3664 1356 Τί
3695 1309 3801 1375 γὰρ
3830 1307 3910 1357 ἐτι
3943 1322 4030 1357 σοι

2455 1395 2802 1448 δυσσεεοῦντι
2817 1397 2927 1463 (97)
2945 1396 3294 1465 διηπόρηται,
3315 1396 3424 1462 ἐγὼ
3441 1397 3496 1449 δὲ
3518 1397 3592 1465 μὴ
3608 1397 3700 1448 λύε
3714 1415 3757 1448 .ν
3778 1396 4028 1466 ἑλοίμην;

2456 1481 2603 1554 Ἀρα
2623 1489 2953 1555 κουφότερον
2977 1487 3283 1554 ἀσεϐήσεις,
3305 1487 3336 1555 ἢ
3363 1487 3459 1554 τὴν
3483 1487 3805 1554 ἀνύϐριστον
3825 1487 4032 1551 ἁγαθό-

2455 1593 2592 1644 τητα
2623 1576 2969 1644 καθυϐρίξων
3000 1576 3275 1645 κερδανεῖς
3311 1577 3410 1644 τὴν
3439 1577 3616 1646 ὓϐριν,
3652 1577 3684 1645 ἥ
3728 1576 4031 1644 μετριώτε-

2460 1685 2550 1736 ρον
2590 1668 2950 1732 ἀπαλλάξειςς
2989 1669 3244 1734 Καίτοιγε
3273 1667 3404 1720 αὐτὸ
3425 1668 3522 1735 τῆς
3551 1667 3784 1735 ἀπορίας
3807 1668 3867 1718 τὸ
3899 1667 4031 1736 πρό-

2459 1761 2637 1827 βλημα
2662 1760 2814 1812 οὐδὲν
2838 1760 3055 1811 ἔλαττον
3078 1764 3175 1829 τὴν
3198 1759 3531 1812 ἀποστασίαν
3553 1759 3814 1827 διελέγχει
3839 1775 3854 1788 ·
3885 1758 4032 1810 οὕτω

790 1854 908 1904 \ius
978 1852 1245 1918 peccabis,
1310 1859 1360 1901 et
1435 1852 1563 1901 dum
1640 1849 1957 1907 bonitatem,
2015 1847 2146 1898 nulli
2210 1847 2462 1912 inju-B‘

2387 1860 2426 1912 Β
2457 1849 2793 1918 πανταχόθεν
2840 1851 2931 1901 καὶ
2962 1850 3048 1901 διὰ.
3075 1852 3183 1902 τῶν
3211 1851 3472 1902 ἐναντίων
3514 1853 3612 1919 τῆς
3639 1851 3898 1918 ἀληθείας
3930 1851 4029 1901 ἀσ-

789 1946 882 1995 ι·ἰ;ι;
919 1944 1202 1994 obnoxiam
1252 1941 1446 2007 injuria
1481 1941 1670 2003 allicis,
1706 1941 1786 1992 vel
1811 1941 2030 2006 impune
2062 1955 2178 1990 eam
2212 1939 2354 1991 feres

793 2035 873 2086 vel
905 2034 1116 2085 facilius
1151 2034 1423 2085 dllllilttts?
1448 2034 1557 2083 lmo
1589 2047 1716 2083 vero
1760 2031 1872 2098 ipsa
1907 2032 1994 2082 illa
2025 2032 2354 2083 dillicultatis

790 2123 1059 2190 oppositio
1096 2137 1202 2171 non
1259 2137 1435 2171 iunius
1485 2121 1844 2172 defectionem
1884 2120 2022 2173 hanc
2073 2120 2349 2174 conlutat:

802 2215 938 2265 adeo
968 2211 1332 2277 undequaque
1359 2211 1522 2262 etiam
1556 2226 1621 2262 ex
1649 2212 1812 2262 rebus
1836 2210 1936 2278 ipsi
1953 2211 2239 2263 contrariis
2265 2228 2354 2263 ve-

793 2309 967 2358 ritatis
998 2306 1162 2356 robur
1193 2302 1521 2369 resplendet.
1551 2303 1604 2353 Si
1634 2304 1781 2355 enim
1808 2319 1867 2356 ex
1899 2318 1984 2366 eo,
2015 2304 2158 2371 quod
2184 2303 2266 2355 lex
2289 2303 2355 2355 ab

797 2397 922 2457 illis,
955 2395 1046 2462 qui
1079 2403 1210 2446 sunt
1244 2395 1345 2445 sub
1376 2392 1546 2454 Bono,
1578 2407 1685 2444 non
1715 2395 2055 2457 observatur,
2098 2395 2150 2446 in
2176 2396 2356 2462 suspi—

795 2487 1008 2538 cionem
1044 2486 1235 2537 eadem
1283 2483 1626 2546 admittitur,
1671 2497 1732 2534 ac
1770 2482 1815 2534 si
1865 2498 1986 2535 eum
2022 2484 2194 2552 gratia
2247 2500 2355 2537 non

795 2576 1121 2639 concordet;
1177 2585 1393 2643 quanta:
1439 2574 1697 2627 bonitatis
1733 2573 2004 2642 particeps
2034 2577 2222 2627 eadem
2267 2590 2355 2628 re-

797 2669 1076 2719 nuntiatur
1106 2682 1171 2719 eo
1204 2668 1320 2733 ipso
1341 2706 1354 2729 ,
1384 2666 1528 2733 quod
1564 2663 1704 2716 Deus
1742 2665 1915 2716 bonus
1947 2663 2113 2724 venit,
2147 2679 2276 2726 non,
2301 2673 2355 2715 ut

797 2762 1017 2811 solveret
1043 2759 1204 2827 legem
1236 2768 1283 2808 et
1307 2759 1608 2825 prophetas,
1634 2754 1720 2806 sed
1749 2763 1802 2805 ut
1831 2755 2109 2820 impleret."
2143 2753 2206 2805 Et
2234 2769 2360 2821 apo-

801 2853 958 2904 statis
1003 2851 1221 2917 quidem
1264 2850 1417 2917 plura
1461 2848 1790 2915 respondere
1829 2863 1934 2898 non
1972 2861 2110 2914 Opus
2149 2855 2249 2897 est.
2293 2846 2362 2897 At

803 2942 1014 3009 piorum
1042 2953 1225 2999 causa,
1263 2939 1354 3004 qui
1397 2936 1544 3005 digni
1580 2943 1741 2997 sunt,
1777 2945 1837 2987 ut
1869 2935 2049 3003 gratia:
2091 2934 2360 3001 mysteriis

801 3033 1033 3100 amplius
1063 3031 1362 3092 initientur,
1402 3029 1559 3081 facile
1587 3027 1811 3081 edisseri
1841 3035 2038 3094 potest,
2074 3027 2218 3093 quod
2240 3042 2362 3094 pro-

804 3133 986 3190 pterea
1019 3122 1315 3174 secundum
1349 3121 1601 3186 antiquas
1634 3120 1781 3186 leges
1819 3133 1927 3169 non
1961 3117 2214 3177 vivimus,
2236 3116 2362 3182 quia

803 3216 1079 3272 tihristus,
1112 3211 1200 3263 ubi
1234 3210 1563 3270 advenerat,
1593 3209 1773 3260 omnia
1816 3207 2092 3274 implevit,
2135 3206 2361 3276 gratiam

805 3305 1016 3355 scilicet
1051 3317 1146 3369 pro
1171 3302 1337 3370 gratia
1371 3315 1464 3368 per
1505 3298 1687 3350 Mosen
1717 3299 1912 3350 tradita
1939 3336 1953 3356 ,
1986 3310 2191 3364 proque
2233 3309 2363 3346 san-

804 3397 925 3455 etis,
961 3409 1079 3460 qua:
1121 3392 1174 3443 in
1211 3401 1397 3444 sancto
1432 3397 1628 3450 erant,
1670 3388 1862 3457 typicis
1905 3387 2102 3440 Sancta
2145 3398 2364 3441 sancto-

808 3503 948 3545 rum,
976 3501 1093 3552 qua:
1119 3500 1212 3552 per
1244 3484 1329 3534 illa
1360 3483 1698 3550 prazligurata
1721 3487 1895 3543 erant,
1926 3479 2210 3543 exhibens,
2230 3496 2366 3547 quo-

809 3596 924 3630 rum
954 3581 1179 3629 alterum
1220 3575 1416 3627 Paulus
1441 3576 1522 3636 9",
1545 3575 1776 3626 alterum
1815 3571 2052 3625 Joannes
2076 3574 2144 3635 ",
2181 3572 2234 3624 in
2279 3572 2364 3625 di-

807 3687 930 3722 vma
961 3685 1053 3722 sua
1084 3671 1328 3721 doctrina
1366 3667 1548 3719 tradit.
1593 3665 1775 3733 Itaque
1808 3680 1954 3718 nunc
1981 3665 2230 3732 quidem,
2270 3665 2362 3734 qui

808 3759 1102 3810 secundum
1131 3773 1222 3807 eas
1247 3757 1427 3807 vivere
1461 3755 1737 3817 instituat,
1775 3754 2257 3822 reprehendendus
2287 3754 2366 3806 lo-

810 3860 910 3909 ret,
975 3858 1226 3915 tanquam
1264 3848 1354 3914 qui
1404 3847 1628 3898 auderet
1672 3860 1866 3913 negare
1915 3844 2188 3898 Christum
2215 3886 2230 3908 ,
2272 3846 2363 3914 qui

810 3943 977 4006 legem
1007 3938 1267 4004 implevit,
1303 3938 1485 3988 omnia
1522 3939 1639 4002 ejus
1663 3936 1990 4004 implevisse.
2035 3936 2140 3987 Sed
2183 3951 2364 4004 regre-

809 4029 1063 4080 diendum
1094 4043 1158 4078 eo
1183 4037 1285 4084 est,
1315 4027 1458 4077 umle
1497 4029 1762 4078 sermonis
1802 4027 2054 4093 impetus,
2088 4026 2151 4077 ad
2187 4025 2362 4076 allinia

809 4120 1098 4169 deﬂectens
1119 4155 1136 4179 ,
1169 4129 1267 4166 nos
1295 4118 1511 4166 avertit.
1559 4115 1761 4167 Auctor
1789 4114 1974 4183 gratia:
2005 4124 2056 4167 et
2081 4115 2276 4167 cwlum
2311 4124 2366 4168 et

813 4224 1007 4265 terram
1032 4220 1085 4262 et
1103 4209 1488 4277 Hierosolyma,
1515 4209 1621 4260 imo
1643 4218 1697 4260 et
1720 4209 1941 4276 capillos
1971 4208 2106 4260 adeo
2132 4209 2364 4262 revereri

812 4318 908 4355 nos
934 4303 1123 4370 jubet,
1170 4311 1228 4353 ut
1258 4316 1358 4352 nee
1396 4300 1462 4352 ad
1505 4299 1885 4367 jusjurandum
1925 4299 2168 4351 adhiberi
2205 4299 2361 4352 velit:

810 4404 864 4446 et
889 4394 1083 4446 malum
1111 4392 1328 4459 quidem
1355 4431 1369 4452 ,
1398 4390 1659 4442 Thronum
1694 4391 1788 4443 Dei
1810 4429 1824 4453 ,
1868 4400 2066 4442 terram
2097 4406 2216 4442 vero
2249 4407 2363 4442 sca-

2453 1941 2682 2010 τράπτει
2731 1941 2791 1991 τὸ
2821 1941 3042 2009 κράτος.
3095 1942 3157 1992 El
3193 1942 3319 2010 γὰρ,
3367 1943 3448 1994 ὃτι
3504 1942 3578 2010 μὴ
3624 1944 3736 2003 τοῖς
3778 1942 3887 1993 ὑπὸ
3928 1943 4031 2010 τὴν

2455 2034 2612 2100 χάριν
2642 2033 2957 2101 πράττεται,
2985 2033 3064 2094 εἰς
3099 2033 3355 2084 ὑπόνοιαν
3388 2035 3416 2084 ὁ
3447 2033 3626 2101 νόμος,
3663 2032 3746 2084 ὅτι
3779 2033 3855 2101 μὴ
3885 2049 4028 2100 συμ-

2456 2124 2622 2186 φωνεῖ
2643 2125 2712 2189 τῇ
2742 2121 3059 2189 ἀγαθότητι,
3099 2125 3423 2188 περιάγεται
3449 2138 3462 2151 ·
3492 2125 3664 2192 πόσης
3689 2124 4030 2192 ἀγαθότητος

2453 2212 2552 2262 οὐκ
2608 2211 3043 2279 ἀνακηρύττεται
3096 2213 3322 2281 μέτοχος
3360 2212 3438 2283 τῷ
3488 2213 3580 2267 τὸν
3633 2214 3839 2280 ἀγαθὸν
3892 2215 4029 2266 Θεὸν

2455 2303 2627 2354 ἐλθεῖν
2649 2343 2662 2361 ,
2697 2305 2769 2354 οὐ
2799 2303 3134 2354 καταλῦσαι
3171 2303 3274 2355 τὸν
3316 2305 3503 2372 νόμον
3530 2305 3569 2371 ἦ
3616 2305 3756 2370 τεὺς
3791 2307 4027 2374 προφή-

2456 2411 2581 2458 τας,
2627 2394 2787 2446 ἀλλὰ
2817 2393 3166 2459 πληρῶσαι;
3198 2395 3308 2447 Καὶ
3339 2395 3472 2465 πρὸς
3503 2396 3602 2464 μὲν
3633 2398 3756 2458 τοὺς
3785 2399 4028 2450 ἀποστάς

2455 2501 2552 2546 τας
2582 2485 2734 2536 οὐδὲν
2787 2485 3100 2551 ἐπενεγκεῖν
3155 2487 3236 2538 δεῖ
3284 2486 3464 2538 πλέον.
3522 2487 3642 2539 Τῶν
3688 2487 3743 2540 δὲ
3786 2488 4030 2540 εὐσεϐῶν

2455 2575 2616 2627 ἓνεκα
2637 2616 2652 2640 ,
2689 2578 2782 2628 καὶ
2821 2579 3071 2646 μυεῖσθαι
3105 2582 3197 2630 καὶ
3233 2581 3614 2648 μυσταγωγεῖν
3640 2579 3707 2631 τὰ
3739 2579 3840 2648 τῆς
3871 2582 4027 2650 χάρι-

2456 2682 2546 2727 τος
2581 2667 2682 2718 οὐκ
2738 2669 3005 2733 ἀναξίων,
3047 2670 3178 2738 ῥᾷον
3224 2670 3317 2721 καὶ
3358 2673 3525 2738 σαφὲς
3558 2671 3766 2736 εἰπεῖν,
3801 2673 3886 2722 ὅτι
3943 2671 4033 2723 διὰ

2456 2755 2615 2808 τοῦτο
2648 2757 2723 2827 μὴ
2773 2761 2911 2812 κατὰ
2956 2761 3082 2822 τοὺς
3126 2760 3292 2813 παλαι
3347 2761 3543 2829 νόμους
3591 2761 4028 2830 πολιτευόμεθα,

2457 2848 2591 2899 διότι
2626 2851 3019 2917 παραγεγονὼς
3072 2852 3247 2904 πάντα
3292 2853 3654 2921 πεπλήρωκεν
3699 2857 3727 2906 ὁ
3756 2856 4028 2922 Χριστὸς,

2459 2939 2616 3006 χάριν
2655 2939 2755 3008 μὲν
2785 2942 2907 2992 ἀντὶ
2937 2942 3034 3010 τῆς
3064 2943 3150 2994 διὰ
3175 2944 3418 3006 Μωσέως
3458 2945 3676 3014 χάριτος
3703 2946 4026 3015 παρασχὼν,

2461 3031 2584 3081 ἀντὶ
2611 3029 2665 3082 δὲ
2701 3029 2810 3084 τῶν
2855 3033 2912 3084 ἐν
2943 3035 3056 3096 τοῖς
3098 3035 3274 3102 ἁγίοις
3326 3036 3634 3088 ἀντιτύπων
3662 3038 3858 3104 ἁγίων,
3890 3040 4031 3090 αὐτὰ

2462 3120 2528 3171 τὰ
2559 3119 3064 3192 προδιατυπούμενα
3087 3125 3256 3191 ἁγίων
3276 3127 3462 3192 ⁸Ἅγια,
3489 3120 3562 3179 ὧν
3581 3126 3637 3178 τὸ
3669 3129 3768 3196 μὲν
3796 3128 4028 3190 Παῦλος,

2463 3209 2523 3260 τὸ
2569 3210 2624 3261 δὲ
2673 3211 2924 3281 Ἰωάννης
2980 3212 3244 3281 θεολογῶν
3307 3218 3564 3286 ἑκάτερος
3625 3221 4025 3289 ἀνακέκραγεν.

2468 3298 2629 3350 Ὥστε
2650 3299 2850 3367 μᾶλλον
2866 3299 2979 3364 νῦν,
3003 3302 3139 3363 εἴτις
3167 3302 3314 3354 έϐίου
3339 3305 3458 3355 κατ’
3487 3304 3752 3367 ἐκείνους,
3782 3307 4032 3374 ἠλέγχετ’

2464 3389 2530 3441 ἂν
2576 3390 2936 3459 ἀπαρνεῖσθαι
2985 3391 3220 3460 τολμῶν,
3263 3393 3339 3462 μὴ
3383 3394 3557 3446 πάντα
3602 3395 4036 3466 πεπληρωκέναι

2463 3479 2554 3530 τὸν
2593 3481 2884 3549 πληρωτὴν
2907 3481 2999 3532 τοῦ
3028 3483 3195 3550 νόμου
3221 3483 3477 3550 Χριστόν.
3521 3485 3680 3538 Ἀλλὰ
3726 3489 3832 3555 γὰρ
3862 3490 4034 3539 ἐπαν-

2467 3574 2636 3635 ιτέον,
2688 3571 2806 3623 ὅθεν
2843 3574 2876 3640 ἡ
2905 3572 2999 3624 τοῦ
3051 3573 3209 3640 λόγου
3267 3574 3408 3645 φορά
3449 3575 3583 3646 πρὸς
3626 3576 3684 3630 τὸ
3737 3578 4038 3632 ἀκόλουθον

2463 3665 2815 3733 ἀρμοζομένη
2871 3667 3185 3735 παρήνεγκε
3233 3667 3490 3736 φέρουσα.
3531 3669 3895 3722 Εὖλαδεῖσθαι
3938 3672 4037 3722 τὸν

2463 3757 2690 3826 οὐρανὸν
2719 3757 2811 3808 καὶ
2842 3757 2939 3825 τὴν
2969 3758 3071 3825 γῆν
3104 3759 3196 3808 καὶ
3232 3758 3298 3810 τὰ
3356 3759 3732 3830 Ἱεροσόλυμα,
3767 3762 3903 3814 ἀλλὰ
3940 3765 4039 3815 καὶ

2465 3849 2634 3909 αὑτὰς
2677 3849 2773 3909 τὰς
2825 3850 3051 3916 τρίχας,
3099 3851 3126 3901 ό
3175 3851 3270 3918 τῆς
3321 3852 3538 3920 χάριτος
3593 3853 4038 3921 παρακελεύεται

2464 3940 2796 4008 νομοθέτης,
2850 3942 2943 3992 καὶ
2984 3942 3266 4003 τοσοῦτον,
3307 3944 3446 3994 ὥστε
3493 3943 3616 4011 μηδ’
3655 3945 3803 4014 ὅρκῳ
3856 3944 4040 3997 ταῦτα

2465 4033 2926 4096 καθυποϐάλλειν,
2977 4036 3069 4084 καὶ
3108 4034 3198 4084 τὸν
3247 4035 3343 4101 μὲν
3377 4035 3601 4104 οὐρανὸν
3628 4037 3842 4102 θρόνον
3885 4038 4038 4088 ἀναη

2465 4126 2735 4189 κηρύττει
2757 4123 2860 4175 τοῦ
2894 4123 3061 4186 θεοῦ,
3092 4123 3424 4177 ὑποπόδιον
3450 4124 3518 4176 δὲ
3549 4125 3664 4191 τὴν
3688 4124 3824 4194 τῆν.
3860 4127 4040 4180 Πάλιν

2463 4213 2538 4273 δὲ,
2575 4212 2646 4264 τὰ
2687 4214 3057 4279 Ἰεροσόλυμα
3079 4215 3258 4265 πόλιν
3291 4214 3394 4266 τοῦ
3417 4215 3601 4266 αὐτοῦ
3632 4215 3780 4268 Θεοῦ
3805 4219 3903 4267 καὶ
3929 4235 4041 4283 με-

2466 4303 2651 4370 γάλου
2692 4304 3012 4369 Βασιλέως.
3060 4304 3121 4356 El
3159 4301 3253 4356 οὖν
3285 4305 3383 4373 τῆς
3424 4305 3649 4365 κτίσεώς
3697 4308 3812 4359 ἐστι
3862 4309 4044 4362 ταῦτα

2467 4394 2560 4444 τοῦ
2593 4393 2798 4461 ἀγαθοῦ
2825 4395 3056 4463 Πατρὺς,
3079 4395 3152 4457 ὡς
3175 4398 3202 4447 ὸ
3225 4397 3403 4449 πάντα
3431 4397 3497 4448 τὰ
3518 4397 3611 4448 τοῦ
3637 4398 3846 4467 Πατρδς
3877 4400 4042 4463 εἰδὼς

811 4486 1000 4538 bellant
1047 4485 1234 4552 pedum
1275 4484 1416 4550 ejus,
1465 4481 1826 4549 Hierosolyma
1868 4492 2043 4533 autem
2099 4484 2363 4534 civitatem
2390 4487 2483 4560 Di

2390 4503 2442 4560 D
2469 4485 2594 4546 Υίός
2647 4485 2976 4537 ἐϐεϐαίωσεο
3022 4486 3135 4547 πῶς
3159 4487 3281 4555 οὐχὶ
3323 4487 3429 4557 πρὸ
3455 4487 3554 4555 τῆς
3585 4491 3725 4541 κατὰ
3761 4489 3873 4541 τῶν
3917 4508 4041 4543 κτι-

812 4576 1040 4642 ejusdem
1077 4573 1174 4625 Dei
1212 4583 1258 4624 et
1293 4574 1474 4641 magni
1524 4571 1681 4640 Regis
1709 4572 1775 4635 ",
1813 4572 2066 4640 appellat.
2119 4569 2174 4624 Si
2209 4572 2366 4640 igitur

814 4668 913 4719 ista
946 4667 1012 4719 ad
1039 4674 1314 4718 creaturas
1349 4663 1472 4716 boni
1500 4661 1673 4716 Patris
1702 4663 1990 4731 pertinent,
2012 4663 2148 4715 sicut
2176 4661 2363 4723 Filius,

813 4758 901 4824 qui
932 4756 1133 4817 omnia,
1165 4770 1284 4821 qua:
1312 4752 1485 4806 Patris
1517 4763 1676 4813 sunt,
1709 4752 1875 4812 novit,
1909 4752 2208 4813 conﬁrmat,
2232 4768 2364 4818 quo-

815 4848 974 4900 modo
1003 4863 1112 4899 non
1143 4861 1240 4914 pro
1269 4861 1352 4907 eo,
1381 4844 1524 4912 quod
1550 4844 1601 4895 in
1625 4851 1900 4896 creaturas
1936 4842 2358 4904 debacchantur,

2476 4574 2694 4641 σμάτων
2725 4574 2934 4642 ὖὸρεως
2963 4578 3083 4627 κατ’
3115 4576 3276 4628 αὑτοῦ
3303 4576 3395 4628 τοῦ
3424 4578 3628 4646 Κυρίου
3659 4580 3814 4648 ἡμῶν
3855 4581 4042 4650 Ἰησοῦ

2471 4664 2706 4732 Χριστοῦ
2738 4667 2829 4716 καὶ
2860 4667 2998 4718 κατὰ
3021 4665 3114 4718 τοῦ
3143 4667 3350 4736 [ἰατρὸς
3383 4668 3547 4720 αὐτοῦ
3568 4709 3582 4729 ,
3623 4671 3681 4721 ὲν
3707 4663 3751 4735 ᾧ
3787 4675 4045 4740 πονηρᾶς

2468 4754 2638 4823 ἀρχῆς
2690 4756 2736 4806 οἱ
2785 4757 3084 4809 ἀποστάται
3137 4762 3234 4823 τὴν
3273 4758 3449 4811 αὐτῶν
3496 4760 3672 4814 κτίσιν
3715 4762 4000 4831 ἀναρτιῖηι
4029 4802 4044 4826 ,

2470 4846 2768 4914 μεμηνότες
2795 4847 2890 4914 οὐχ
2923 4846 3258 4912 ἀλίσκονται;

817 4947 868 4997 in
899 4945 1071 5014 ipsum
1103 4945 1279 5011 potius
1303 4942 1584 4995 Dominum
1612 4953 1854 4992 nostrum
1885 4938 2068 4992 Jesum
2096 4938 2366 4990 Christum
2406 4950 2460 4992 et
2498 4939 2705 4994 Patrem
2777 4943 2895 5011 ejus
2930 4985 2945 5008 ,
2989 4959 3055 4997 eo
3093 4946 3209 5012 ipso
3236 4983 3250 5008 ,
3297 4944 3441 5012 quod
3512 4955 3771 5015 apostataz
3816 4947 4044 5004 illorum

817 5038 1143 5089 creationem
1173 5050 1202 5086 a
1231 5034 1373 5087 malo
1401 5032 1667 5102 principio
1697 5040 1972 5099 repetunt,
2015 5031 2193 5081 furere
2221 5031 2563 5085 existimandi
2590 5042 2739 5087 sunt.

890 5155 956 5185 ³³⁵
987 5151 1148 5208 llebr.
1180 5168 1255 5214 XI,
1286 5152 1338 5204 '5.
1379 5151 1425 5182 “
1459 5149 1616 5203 loan.
1652 5164 1688 5214 ι,
1725 5147 1809 5201 16.
1885 5149 1928 5179 ⁹⁷
1962 5145 2148 5198 Matth.
2175 5163 2227 5209 ν,
2255 5147 2342 5198 55-

1879 5261 2112 5314 γΑιιι.Ε
2147 5260 2529 5314 LECTIONES
2571 5261 2654 5314 ET
2694 5260 2926 5316 ΝΟΤᾸΞ.

891 5366 998 5433 (96)
1050 5363 1510 5431 ’Δποφαίνοντες
1559 5353 1700 5433 εἶεν.
1743 5355 1842 5411 Ms.
1905 5356 1975 5433 ita
2025 5356 2374 5433 interpunge-

821 5422 908 5487 bat
947 5455 957 5484 τ
985 5422 1153 5501 αὐτὴν
1179 5422 1440 5501 διαθήκην
1465 5422 1871 5501 αποφαινοντες.
1904 5422 2046 5478 Εἶεν.
2079 5422 2180 5478 Sed
2206 5422 2376 5501 uerius

819 5497 1124 5566 orationisf
1159 5497 1332 5570 puto,'
1390 5500 1519 5553 satis
1575 5499 1811 5570 ostendit
1841 5505 2187 5570 postremum
2247 5497 2375 5570 illud

819 5575 1039 5628 verbum
1073 5565 1194 5625 cum
1229 5571 1582 5624 antecedente
1607 5565 1891 5637 participio
1932 5567 2371 5637 conjungendum

819 5657 956 5695 αδδς.
995 5642 1104 5696 lloc
1134 5643 1249 5695 loco
1286 5656 1507 5693 monere
1543 5634 1624 5691 fas
1661 5637 1729 5689 sit
1768 5650 1851 5688 me
1883 5637 2176 5701 saepissime
2209 5634 2376 5687 inter-

822 5714 1168 5780 punctionem
1205 5710 1497 5780 apographi
1535 5707 1700 5780 nostri
1738 5706 2069 5780 Holstcniani
2111 5715 2368 5780 mutasse,

822 5775 980 5835 etiam
1025 5783 1112 5836 ubi
1163 5775 1426 5836 illius'rci
1487 5781 1538 5831 in
1592 5776 1734 5830 notis
1786 5775 2038 5829 indicium
2095 5789 2200 5826 non
2244 5775 2368 5840 l'eci,

2470 5374 2588 5411 cum
2635 5359 2685 5411 id
2719 5360 2880 5411 nimis
2921 5358 3111 5412 crebro
3144 5358 3254 5412 ﬁeri
3288 5358 3598 5420 debuisset,
3630 5369 3684 5414 et
3715 5365 4052 5417 mutationis

2469 5444 2641 5482 causa:
2670 5427 3188 5482 essentmanilestze.
3221 5429 3274 5481 Si
3307 5430 3450 5497 quod
3485 5445 3612 5483 vero
3639 5432 3867 5485 dubium
3906 5436 4051 5486 sub-

2471 5500 2598 5551 oriri
2631 5509 2864 5566 poterat,
2900 5498 2951 5550 id
2979 5514 3257 5566 nunquam
3287 5500 3450 5552 tacui.

2541 5571 2649 5635 (97)
2689 5567 3110 5620 Δυσσεόοῦντι.
3170 5568 3267 5622 Ms.
3323 5569 3514 5622 dividit
3564 5570 3704 5623 hanc
3755 5586 3951 5624 vocem
3992 5577 4048 5624 in

2471 5641 2624 5703 duas,
2658 5639 2837 5707 legens
2899 5636 3188 5690 δυσσεὸοὖν
3247 5655 3320 5692 τι.
3371 5638 3777 5695 Emendatiunis
3831 5653 4050 5696 nostri:

2470 5726 2627 5764 causa
2653 5711 2702 5761 in
2731 5718 2980 5778 promptu
3009 5717 3115 5762 est.
