4234 6432
217 439 318 503 ἳΟῙ

1272 441 1562 501 CONTRA
1599 442 2054 502 MANlCll/EOS
2100 445 2325 503 LIBER
2364 445 2457 503 IV.

3342 449 3445 512 202

287 550 392 602 IA'.
438 549 508 599 Σὺ
545 549 601 600 δὲ
651 548 744 601 καὶ
802 548 1098 618 βαθύτερον
1122 549 1300 602 αὐτῶν
1329 551 1430 618 τῆς
1471 551 1786 613 δυσσεϐείας
1816 555 1860 610 Λ

1771 569 1786 613 ς
1816 555 1860 610 Λ
1960 551 2050 605 XI.
2091 553 2172 607 Tu
2199 569 2328 608 vero
2349 553 2667 608 crassiorem
2702 555 2879 609 adhuc
2903 556 3193 625 impiorum
3230 558 3443 615 illorum

217 641 316 708 ὅρα
348 638 450 706 τὴν
485 638 688 705 τόλμαν
717 640 812 690 καὶ
838 639 936 708 τὴν
984 638 1261 691 ἀπόνοιαν.
1300 639 1404 690 Τὸν
1442 639 1606 708 ἄρτον
1631 641 1788 709 ἡμῶν

215 736 307 785 τὸν
351 732 630 784 ἐπιούσιον
654 774 670 793 ,
724 732 822 799 τὴν
873 735 1141 802 μυστικὴν
1175 733 1285 801 (98)
1329 735 1500 786 τελῶν
1536 737 1664 804 ἡμῖν
1696 734 1788 788 καὶ

219 826 550 894 παραδιδοὺς
602 826 630 876 6
679 825 889 893 Σωτὴρ,
939 826 1103 887 αὐτὸς
1137 825 1235 893 μὲν
1265 827 1412 893 παρά
1451 827 1544 879 τοῦ
1577 829 1789 896 Πατρός

217 915 388 967 αύτοῦ
417 916 715 983 προσέταξε
743 915 948 986 ταύτην
976 916 1087 984 (99)
1117 917 1308 968 αἰτεῖν.
1342 919 1401 969 Ol
1429 917 1483 970 δέ
1511 917 1600 970 τὸν
1627 919 1788 988 ἄρτον

216 1013 298 1071 εἰς
337 1011 436 1076 τὴν
465 1010 738 1078 ὀλέθριον,
781 1011 862 1062 ὅτι
891 1011 985 1062 καὶ
1045 1010 1221 1062 πάντα
1270 1010 1337 1063 τά
1369 1011 1462 1063 ἐπὶ
1512 1015 1612 1080 γῆς
1664 1029 1786 1081 μετ-

215 1102 443 1164 άγουσιν
475 1101 671 1170 ἀρχὴν,
698 1102 791 1154 καὶ
820 1101 1038 1170 τρέφειν
1070 1101 1137 1153 τά
1186 1102 1243 1167 ἐξ
1285 1102 1455 1171 αὐτῆς
1504 1104 1786 1170 τερατολο-

215 1191 376 1256 γούσι
399 1192 738 1258 προαχθέντα
766 1191 1013 1260 σώματα.
1039 1191 1196 1244 Οὖτω
1225 1194 1344 1244 κατ’
1368 1193 1536 1261 αὐτῆς
1562 1194 1789 1256 ἀναιδῶς

216 1282 316 1349 τῆς
365 1284 706 1351 Δεσποτικῆς
758 1284 1145 1337 ἐπανίστανται
1200 1285 1439 1354 ἐντολῆς,
1501 1286 1682 1354 φαῦλά
1732 1306 1790 1340 τε

217 1372 472 1437 λέγοντες
498 1374 566 1424 τά
603 1372 830 1440 σώματα
861 1375 954 1425 καὶ
986 1372 1191 1441 φαῦλον
1224 1376 1323 1444 τὴν
1355 1377 1584 1445 τροφὴν,
1615 1376 1792 1429 καίτοι

214 1462 514 1532 διαρρήδην
561 1464 654 1515 τού
686 1464 954 1516 Δεσπότου
989 1465 1386 1528 διατάττοντος,
1418 1467 1620 1537 ταύτην
1663 1470 1793 1537 ἡμῖν

218 1551 374 1619 παρά
405 1551 498 1601 τού
530 1552 739 1620 Πατρὸς
773 1553 1041 1606 αἰτεῖσθαι
1070 1555 1162 1609 τοῦ
1192 1555 1416 1621 ἀγαθοῦ.
1451 1558 1558 1610 Καὶ
1585 1559 1697 1619 πῶς
1728 1558 1794 1611 ἂν

218 1640 303 1708 εἴη
356 1639 584 1703 τούτοις,
623 1641 695 1710 μὴ
727 1641 811 1693 ὅτι
854 1659 917 1710 γε
944 1645 1043 1711 τῆς
1082 1645 1315 1712 ἀληθοῦς
1353 1646 1571 1715 ἐντολὴν
1603 1647 1792 1714 ὁμολο-

219 1730 363 1791 γεῖν,
405 1727 541 1779 ἀλλὰ
574 1729 676 1780 κᾶν
709 1729 840 1796 γοῦν
879 1733 1120 1800 σχήματι
1150 1733 1318 1799 μύθου
1350 1731 1521 1785 ταῦτα
1571 1735 1794 1786 δυνατὸν

219 1817 546 1882 ὕποδιλεῖνς
581 1820 721 1870 Ἴσον
751 1820 856 1888 γάρ
895 1824 1008 1872 ἐστι
1039 1823 1300 1890 ρυσθῆναί
1330 1840 1389 1874 τε
1417 1825 1508 1875 τοῦ
1549 1824 1791 1893 Πονηροῦ

215 1907 512 1968 δυσωπεῖν,
545 1910 638 1960 καὶ
672 1910 878 1962 ένοικον
902 1913 1063 1964 αὑτὸν
1091 1913 1271 1966 λαϐεῖν
1313 1913 1462 1980 παρά
1487 1915 1578 1965 τού
1625 1915 1785 1983 Ἀγα-

220 1998 315 2049 θοῦ
376 1999 671 2069 ἐπιζητεῖν.
739 2001 910 2069 Εἴπερ
963 2001 1055 2053 τοῦ
1115 2003 1358 2072 Πονηροῦ
1425 2003 1690 2073 γεώργιον
1750 2008 1781 2074 ή

216 2093 419 2159 τροφὴ,
461 2092 554 2142 καὶ
614 2093 720 2161 μὴν
771 2093 861 2144 ἐπὶ
893 2092 1035 2144 τέλει
1071 2093 1169 2162 τῆς
1215 2094 1382 2162 εὐχῆς
1426 2094 1612 2166 ὥσπερ
1656 2097 1786 2148 αὐτὸ

217 2180 380 2232 τοῦτο
413 2182 755 2250 προαναιρῶν
794 2183 894 2252 τὴν
933 2183 1206 2247 ἀσέῦειαν,
1231 2186 1260 2236 6
1298 2185 1390 2236 ἐπὶ
1418 2187 1659 2256 σωτηρίᾳ
1691 2186 1784 2238 τοῦ

220 2273 414 2337 γένους
451 2273 860 2341 παραγεγονὼς,
902 2277 979 2336 είς
1012 2275 1070 2326 ὃν
1101 2276 1197 2344 τὴν
1242 2275 1458 2344 αἴτησιν
1496 2278 1786 2346 ἀναφέρειν

218 2361 322 2428 τῆς
353 2363 558 2430 τροφῆς
590 2365 666 2425 είς
693 2363 781 2414 τὸν
811 2365 974 2417 αὑτὸν
1003 2366 1292 2434 ἀναφέρειν
1319 2368 1412 2418 καὶ
1450 2368 1547 2435 τὴν
1580 2370 1786 2420 ἱκεσίαν

220 2452 500 2515 ἐθέσπισε,
534 2455 600 2504 δι’
628 2451 693 2524 ἦς
725 2455 1052 2525 ρυσθείημεν
1081 2459 1145 2509 ἂν
1183 2457 1277 2512 τοῦ
1312 2460 1576 2529 Πονηροῦ,
1613 2460 1786 2528 δηλῶν

219 2541 298 2600 ὡς
329 2544 356 2592 ὁ
379 2545 640 2610 ῥυόμενος
666 2546 810 2615 ἡμᾶς
843 2547 936 2598 τοῦ
964 2547 1225 2617 Πονηροῦ,
1250 2550 1409 2611 αὐτός
1436 2552 1579 2602 ἐστιν
1601 2553 1628 2602 6
1650 2569 1786 2622 παρ-

221 2633 367 2699 έχων
399 2635 534 2701 ἡμῖν
575 2635 666 2686 καὶ
711 2636 810 2705 τὴν
843 2639 1158 2709 σωματικὴν
1198 2640 1422 2709 τροφὴν,
1467 2642 1552 2708 ἐφ’
1581 2639 1661 2703 οἷς
1693 2643 1786 2695 καὶ

220 2725 324 2792 τὴν
365 2723 640 2792 βασιλείαν
685 2728 778 2778 καὶ
822 2729 919 2796 τὴν
965 2729 1192 2798 δύναμιν
1235 2731 1327 2782 καὶ⁵
1366 2731 1462 2800 τὴν
1508 2731 1662 2795 δόξαν
1709 2736 1787 2797 εἰς

221 2818 354 2876 τοὺς
392 2817 596 2879 αἰῶνας
648 2815 785 2871 εἶναι
818 2821 910 2872 καὶ
953 2821 1226 2890 διαμένειν
1265 2824 1292 2874 6
1325 2826 1614 2894 μονογενὴς
1661 2826 1784 2890 Υἱὸς

221 2903 319 2955 τοῦ
368 2905 540 2956 ταῦτα
585 2909 942 2977 χαριζομένου
979 2911 1188 2978 Πατρὸς
1223 2912 1546 2976 ἁνεδίδαξεν.
1605 2915 1783 2983 Ὁρᾷς,

224 2998 306 3055 εἰς
338 2991 448 3046 οἷον
497 2996 656 3064 βάθος
704 3001 734 3066 ἡ
783 3003 1086 3053 ἀποστασία
1121 3003 1465 3063 καταδύεται,
1507 3007 1597 3057 καὶ
1643 3007 1717 3067 ώς
1759 3008 1787 3057 6

225 3083 352 3135 κατ’
383 3085 552 3153 αὐτῆς
576 3087 672 3154 τῆς
699 3088 955 3156 ἀληθείας
985 3092 1137 3157 λόγος
1175 3095 1399 3163 ἐνεργὴς
1423 3095 1516 3160 ὢν,
1555 3097 1650 3148 καὶ
1675 3097 1786 3148 δισ-

223 3177 395 3242 τόμου
451 3177 720 3246 μαχαίρας
768 3180 984 3249 ἀπάσης
1019 3182 1323 3254 τομώτερος
1372 3186 1695 3252 ἐπαφίεται;
1726 3188 1787 3238 Εἰ

223 3267 282 3318 δέ
319 3268 409 3318 τὸν
442 3268 715 3321 ἐπιούσιον
760 3269 920 3340 ἄρτον
949 3271 1046 3339 ούχ
1086 3273 1272 3336 ἁπλῶς
1307 3275 1422 3343 ἐρεῖ
1464 3293 1544 3338 τις
1590 3275 1680 3328 τὸν
1711 3278 1789 3340 είς

224 3358 434 3426 τροφὴν
464 3358 539 3427 τῷ
570 3357 781 3427 σώματι
811 3362 1233 3432 χορηγούμενον,
1261 3365 1374 3416 ἀλλ’
1416 3365 1473 3428 ὃς
1512 3368 1589 3429 είς
1634 3367 1792 3434 σῶμα

229 3449 470 3516 Χριστοῦ
509 3451 830 3517 μεταῦἀλ).ει
859 3452 933 3520 (l)
968 3455 1062 3505 καὶ
1085 3454 1179 3524 τὴν
1197 3455 1370 3524 ψυχὴν
1385 3458 1791 3528 συναγιάζει’τῷ

228 3538 462 3604 σώματι,
495 3540 646 3592 οὐδὲν
671 3540 890 3593 ἔλαττον
925 3542 1014 3594 διὰ
1040 3545 1135 3611 τῆς
1168 3545 1425 3613 τοιαύτης
1455 3547 1710 3617 θεωρίας,
1743 3549 1792 3599 εί

226 3631 305 3697 μὴ
353 3632 446 3681 καὶ
488 3633 705 3700 μᾶλλον,
741 3635 773 3702 ἡ
808 3633 1029 3688 ἀσέϐεια
1064 3637 1431 3707 στηλιτεύεται
1467 3642 1542 3709 (2)
1573 3641 1664 3692 καὶ
1696 3640 1794 3710 τὴν

224 3721 464 3790 ἐκτομὴν
488 3724 514 3772 ὁ
544 3721 698 3790 λόγος
729 3728 847 3779 κατ’
877 3727 1038 3779 αὑτοῦ
1064 3730 1312 3798 ἐπιφέρει
1333 3730 1702 3800 ἀδυσώπητον.

299 3814 398 3864 lB’.
432 3814 492 3865 Εί
525 3815 581 3867 δὲ
620 3816 713 3868 καὶ
754 3816 873 3868 δυσὶ
905 3818 1111 3887 κυρίοις
1140 3821 1238 3873 οὐκ
1262 3820 1375 3874 ἔστι
1408 3822 1706 3888 δουλεύειν,
1732 3825 1789 3877 τὸ

225 3904 283 3955 δὲ
307 3905 400 3955 τοῦ
427 3905 766 3974 ἀνθρωπίνου
799 3910 1168 3976 συγκρίματος
1195 3911 1349 3981 ἡμῶν
1373 3914 1466 3965 ἆτε
1495 3915 1558 3984 δὴ
1588 3915 1789 3983 κτίσμα

226 3996 495 4065 ὑπάρχον,
527 3997 600 4059 ώς
629 3999 661 4068 ἡ
688 3999 908 4052 ἀσέϐεια
933 4001 1204 4071 βούλεται,
1231 4003 1324 4055 τοῦ
1359 4005 1629 4073 Πονηροῦ,
1659 4006 1785 4058 ὑπό-

227 4104 411 4139 κειται
435 4089 581 4158 αύτῷ
617 4092 710 4143 καὶ
743 4091 945 4144 ἄκουσα
970 4095 1062 4145 καὶ
1096 4094 1335 4147 δουλεύει
1362 4096 1436 4157 ώς
1460 4096 1682 4165 πλάσμα
1710 4097 1787 4166 τῷ

225 4175 518 4240 πλάσαντι,
557 4179 729 4238 οὐδεὶς
773 4181 880 4247 ἄρα
924 4181 1229 4234 δουλεύσειε
1281 4185 1534 4254 καθαρῶς
1576 4187 1651 4254 (5)
1695 4187 1788 4238 καὶ

221 4267 533 4336 ὁλοκλήρως
563 4269 701 4339 Θεῷ.
744 4272 850 4323 Kal.
904 4273 982 4334 είς
1022 4273 1186 4341 λῆρον
1231 4277 1413 4338 αὐτοῖς
1441 4277 1506 4329 τὰ
1536 4277 1653 4330 θεῖα
1689 4295 1784 4330 κα-

223 4361 518 4426 ταστρέφει
571 4361 921 4431 κηρύγματα,
961 4365 1073 4428 καὶ,
1104 4365 1148 4415 ὦ
1186 4368 1282 4435 τῆς
1314 4368 1511 4419 ἀτόπου
1556 4371 1780 4438 φρενόςῐ

225 4449 256 4516 ἡ
297 4449 500 4516 φρικτὴ
538 4453 809 4516 παρουσία
855 4454 945 4505 καὶ
983 4455 1410 4525 ἐνανθρώπησις,
1465 4461 1556 4510 καὶ
1589 4461 1780 4525 πάντα,

1819 1884 1866 1941 Β

1888 643 2167 696 audaciam
2195 655 2250 697 et
2286 645 2613 698 dementiam
2645 646 2913 714 perspice.
2963 646 3165 703 Panem
3200 661 3446 704 nostrum

1887 735 2281 802 quotidianum,
2317 738 2594 805 mysticam
2635 740 2794 793 nobis
2831 739 3133 794 orationem
3182 744 3447 799 exhibens

1889 835 1943 879 et
1975 827 2193 880 tradens
2225 828 2499 892 Servator,
2535 846 2563 882 a
2586 830 2742 885 Patre
2774 848 2872 887 suo
2895 837 3346 904 expcterejnssit.
3380 839 3445 891 At

1889 919 1962 971 illi
1993 934 2208 986 panem,
2241 921 2382 975 sicut
2430 931 2484 974 et
2513 923 2691 976 omnia
2723 927 2994 979 terrestria
3015 968 3030 990 ,
3073 929 3140 980 ad
3173 931 3447 996 pernicio--

1890 1025 2008 1062 sum
2042 1012 2284 1066 referunt
2320 1013 2667 1082 principium,
2703 1030 2874 1083 eoque
2901 1033 3128 1086 corpora
3162 1021 3229 1074 ab
3254 1022 3443 1074 eodem

1890 1103 2152 1170 producta
2204 1106 2398 1158 nutriri
2434 1117 2724 1174 nugantur.
2757 1109 2905 1161 Adeo
2943 1110 3287 1178 imprudenter
3330 1113 3448 1166 Do—

1891 1192 2092 1246 minico
2118 1209 2174 1247 se
2207 1195 2278 1247 illi
2308 1205 2581 1263 prmcepto
2624 1210 2934 1266 opponunt,
2962 1201 3089 1253 dum
3121 1212 3175 1255 et
3217 1218 3447 1270 corpora

1891 1288 1947 1332 et
1976 1280 2153 1334 cibum
2201 1283 2336 1334 mala
2367 1298 2485 1336 esse
2519 1287 2876 1350 contendunt,
2910 1293 3154 1357 quamvis
3188 1291 3444 1346 Dominus

1893 1370 2094 1424 diserte
2123 1374 2414 1441 prmcipiat,
2440 1384 2500 1428 ut
2529 1391 2652 1429 eum
2678 1393 2706 1430 a
2741 1378 2885 1432 bono
2912 1380 3067 1434 Patre
3101 1393 3442 1452 expetamus.

1894 1460 1961 1512 At
2005 1464 2276 1529 quomodo
2308 1464 2421 1518 ﬁeri
2465 1476 2674 1533 potest,
2714 1478 2774 1521 ut
2809 1470 2885 1522 illi
2929 1473 3148 1540 quidem
3180 1475 3303 1540 hoc,
3338 1492 3446 1530 non

1892 1551 2090 1616 dicam,
2125 1569 2226 1621 pro
2250 1555 2489 1610 veritatis
2520 1569 2786 1628 pracepto
2819 1560 3074 1626 habeant,
3113 1566 3206 1618 sed
3240 1567 3320 1619 vel
3345 1569 3447 1622 sub

1895 1639 2091 1694 fabulae
2121 1643 2300 1709 specie
2328 1645 2427 1697 ista
2452 1647 2632 1700 animo
2661 1653 3091 1717 repraesentem?
3124 1655 3269 1708 Idem
3300 1659 3445 1710 enim

1896 1729 1999 1784 hoc
2029 1742 2132 1794 est,
2169 1749 2231 1787 ac
2289 1735 2334 1787 si
2387 1748 2677 1792 vereantur
2700 1780 2713 1802 ,
2756 1756 2825 1794 ne
2854 1757 2882 1794 a
2918 1744 3060 1797 malo
3107 1746 3445 1809 liberentur.

1898 1823 2137 1890 adeoque
2165 1841 2193 1877 a
2224 1825 2371 1879 Bono
2395 1839 2685 1896 expetant,
2721 1843 2778 1884 ut
2814 1834 2942 1887 illud
2981 1845 3234 1904 tanquam
3265 1839 3449 1893 dome—

1894 1913 2088 1966 sticum
2124 1915 2406 1983 recipiant.
2449 1918 2502 1971 Si
2531 1920 2672 1972 enim
2697 1921 2852 1975 cibus
2881 1923 3001 1976 Mali
3034 1935 3116 1978 est
3147 1942 3303 1995 opus,
3334 1944 3452 1982 cer-

1895 2012 1946 2056 te
1977 2005 2039 2066 is,
2077 2005 2165 2072 qui
2186 2007 2252 2058 ad
2278 2008 2564 2063 salvandos
2593 2010 2840 2064 homines
2867 2015 3054 2079 venit,
3087 2016 3215 2068 dum
3252 2018 3307 2070 in
3345 2019 3452 2072 fine

1893 2097 2153 2151 orationis
2181 2099 2318 2151 idem
2353 2100 2479 2154 illud
2521 2117 2550 2156 e
2577 2103 2756 2157 medio
2780 2106 2950 2169 tollit,
2975 2107 3040 2160 ad
3075 2110 3347 2174 eumdem,
3380 2113 3445 2164 ad

1891 2204 2050 2256 quem
2084 2206 2273 2257 preces
2306 2209 2399 2260 pro
2425 2195 2545 2249 cibo
2585 2197 2784 2251 deferri
2823 2201 2957 2263 vult,
2991 2202 3290 2256 orationem
3317 2221 3451 2274 quo—

1892 2295 1996 2346 que
2028 2283 2270 2348 prmstari
2295 2284 2467 2351 jubet,
2496 2301 2592 2354 per
2614 2303 2773 2356 quam
2805 2304 2833 2343 a
2857 2290 2996 2345 Malo
3018 2293 3344 2348 liberemur:
3369 2297 3453 2350 in—

1894 2371 2079 2425 dicans
2111 2375 2339 2438 scilicet,
2365 2380 2526 2445 quod,
2559 2381 2649 2448 qui
2681 2397 2778 2436 nos
2801 2398 2829 2436 a
2862 2386 3289 2453 maloliberavit,
3309 2389 3448 2444 idem

1893 2461 2050 2514 nobis
2073 2471 2126 2514 ct
2159 2479 2478 2532 corporeum
2531 2469 2710 2523 cibum
2748 2474 3079 2541 suppeditat,
3124 2492 3288 2545 super
3333 2481 3450 2548 qni-

1893 2551 1990 2604 bus
2014 2561 2066 2604 et
2095 2569 2340 2622 regnum,
2374 2565 2427 2609 et
2458 2561 2782 2625 potentiam,
2823 2573 2876 2616 ct
2918 2567 3139 2634 gloriam
3176 2570 3230 2622 in
3260 2586 3454 2639 perpe-

1896 2650 2044 2694 tuum
2074 2659 2193 2697 esse
2229 2656 2281 2699 et
2313 2664 2624 2703 mansuram
2656 2669 2870 2722 quoque
2915 2659 3224 2728 unigenitus
3257 2662 3446 2723 Patris.

1893 2733 1981 2800 qui
2019 2733 2116 2787 ista
2152 2736 2372 2805 largitus
2397 2751 2499 2802 est,
2531 2742 2697 2797 Filius
2727 2746 2930 2800 docuit.
2966 2749 3201 2805 Videsne
3228 2752 3280 2805 in
3307 2756 3447 2821 quod

1894 2823 2205 2879 barathrum
2237 2832 2505 2896 apostasia
2533 2849 2590 2887 se
2615 2837 2935 2904 praecipitet,
2957 2849 3011 2893 et
3038 2843 3309 2908 quomodo
3332 2859 3450 2897 ver-

1893 2910 2018 2963 bum
2052 2915 2330 2980 veritatis,
2377 2918 2562 2972 ellicax
2627 2923 2836 2977 scilicet
2885 2935 2942 2979 et
3002 2930 3222 2997 ancipiti
3271 2933 3451 3000 gladio

1893 3001 2081 3064 quovis
2109 3007 2500 3071 penetrantius,
2529 3011 2580 3062 in
2607 3026 2729 3065 eum
2753 3019 3061 3083 grassetur?
3088 3018 3141 3071 Si
3181 3022 3301 3090 quis
3324 3040 3450 3078 vero

1895 3103 2087 3155 panem
2130 3094 2504 3160 quotidianum
2561 3100 2757 3155 dixerit
2796 3119 2902 3156 non
2951 3107 3271 3176 simpliciter
3325 3129 3447 3166 eum

1894 3192 2013 3230 csse
2037 3180 2126 3246 qui
2161 3187 2374 3252 corpori
2418 3187 2471 3240 in
2509 3203 2690 3244 escam
2735 3197 3143 3264 suppeditatur,
3190 3204 3283 3256 sed
3326 3219 3446 3258 eunt

1891 3269 1982 3336 qui
2025 3271 2078 3322 in
2135 3287 2330 3341 corpus
2372 3276 2572 3332 Christi
2621 3292 2898 3348 mutatur,
2951 3297 3004 3341 et
3056 3290 3289 3345 animam
3325 3309 3448 3348 cum

1890 3374 2121 3428 corpore
2149 3366 2448 3420 sanctificat
2472 3409 2486 3432 ,
2520 3387 2627 3425 non
2661 3374 2862 3438 minus,
2893 3379 2999 3434 nisi
3040 3382 3216 3437 adhuc
3254 3387 3445 3455 magis,

1895 3449 1994 3503 hac
2021 3458 2475 3514 commentatione
2515 3460 2766 3531 impietas
2800 3469 3128 3536 confoditur,
3170 3483 3224 3528 et
3270 3491 3449 3533 sermo

1897 3541 1984 3596 hic
2015 3544 2460 3604 immedicabilem
2501 3552 2602 3620 ipsi
2627 3555 2834 3610 cladem
2869 3559 3050 3614 infert.

1960 3828 2076 3881 XII.
2119 3831 2272 3893 Quod
2315 3835 2358 3887 si
2404 3851 2530 3891 vero
2564 3838 2777 3896 duobus
2817 3842 3051 3899 dominis
3093 3849 3298 3906 servire
3338 3869 3446 3909 non

1889 3919 2034 3984 licet,
2062 3923 2377 3979 substantia:
2397 3943 2524 3981 vero
2556 3931 2806 3986 humana
2834 3935 3052 3990 dimidia
3085 3945 3447 4013 pars,quippe

1888 4024 2007 4077 qua:
2050 4027 2112 4064 ex
2161 4013 2448 4081 impiorum
2493 4018 2772 4076 hominum
2812 4037 2992 4080 mente
3035 4040 3280 4085 creatura
3316 4035 3444 4088 Mali

1888 4104 2135 4164 exsistit,
2169 4105 2269 4173 ipsi
2311 4108 2447 4162 Malo
2492 4113 2655 4166 etiam
2693 4115 2860 4170 invita
2904 4121 3074 4174 servit
3112 4132 3164 4176 et
3201 4126 3445 4194 subjecta

1885 4203 1969 4247 est
2008 4204 2259 4264 tanquam
2291 4211 2537 4255 creatura
2579 4207 2870 4274 conditori,
2899 4226 3060 4264 nemo
3085 4229 3214 4268 sane
3238 4234 3371 4284 pure
3392 4231 3447 4274 et

1889 4283 2092 4353 integre
2123 4286 2230 4340 Deo
2263 4305 2496 4357 unquam
2539 4294 2838 4349 serviverit.
2871 4299 3021 4352 Adeo
3045 4301 3098 4353 in
3123 4283 3292 4371 nugas
3317 4306 3445 4373 ipsis

1886 4373 2292 4431 abeuntdivina
2328 4383 2594 4447 przeconia
2622 4425 2634 4445 ,
2663 4394 2742 4447 et,
2790 4402 2823 4439 o
2874 4391 3154 4444 hominum
3204 4395 3444 4449 insolen-

1889 4465 2047 4518 tiatnl
2095 4466 2210 4534 ipse
2259 4485 2473 4538 quoque
2509 4477 2823 4530 tremendus
2843 4477 3042 4532 Christi
3091 4482 3356 4537 adventus
3390 4497 3446 4539 et

220 4540 324 4591 ὅσα
382 4541 520 4610 ὑπὲρ
576 4543 673 4609 τῆς
729 4543 884 4611 ἡμῶν
939 4547 1207 4613 σωτηρίας
1263 4550 1290 4599 6
1345 4548 1608 4618 δεσπότης
1647 4551 1892 4615 ἐκὼνΒὶ

1768 4571 1784 4602 ι
1811 4557 1862 4615 D
1890 4555 2210 4622 incarnatio,
2251 4569 2411 4628 atque
2440 4563 2574 4616 adeo
2600 4566 2778 4618 omnia
2797 4608 2810 4630 ,
2857 4584 2977 4636 qua:
3008 4587 3105 4638 pro
3133 4574 3307 4627 salute
3338 4591 3440 4628 no—

223 4631 432 4700 ὑπὲστη
481 4633 569 4684 καὶ
599 4634 940 4697 κατεδέξατο.
995 4637 1155 4690 Ἀλλά
1191 4639 1253 4693 σὺ
1285 4640 1382 4708 μὲν
1428 4642 1534 4691 τῶν
1578 4641 1783 4710 ἀνθρω-

1890 4657 1999 4700 stra
2033 4647 2296 4703 Dominus
2323 4652 2465 4706 ultro
2508 4655 2764 4710 sustinuit
2805 4668 2860 4712 et
2890 4662 3113 4730 recepit.
3143 4663 3359 4719 Scilicet
3387 4674 3441 4722 tu

1303 4799 1536 4859 VARIA‘I
1578 4804 1962 4860 LECTIONES
2012 4805 2096 4859 ET
2139 4806 2370 4862 NOTAE.

300 4975 412 5045 (98)
447 4979 776 5055 Mirattacﬁr.
816 4981 1164 5055 Subintcllige
1201 4985 1360 5055 εὐχὴν
1385 5025 1398 5044 ,
1453 4987 1501 5039 id
1531 4994 1610 5038 est
1655 5001 1778 5039 ora-

223 5045 428 5122 tionem
457 5047 964 5122 Dominicamlqum
1007 5045 1136 5108 alias
1170 5045 1482 5122 sim'pl'iciter
1511 5055 1640 5122 εὐχὴ
1686 5065 1779 5109 aut

221 5116 358 5187 εύχὴ
403 5119 702 5187 Δεσποτικὴ
736 5134 764 5170 a
795 5116 990 5175 Grircis
1036 5116 1344 5177 doctoribus
1391 5116 1775 5178 vocariusolct.

223 5185 454 5264 Constat
484 5185 716 5264 alioquin
749 5189 913 5258 εὐχὴν
959 5195 1226 5264 μυστικὴν
1257 5194 1432 5246 vocari
1478 5195 1616 5264 illam
1655 5208 1779 5259 pre-

222 5253 380 5304 candi
417 5253 700 5323 formulam
723 5253 1151 5323 qua-sacerdotes
1177 5253 1227 5314 in
1254 5264 1420 5314 veteri
1449 5253 1685 5315 Ecclesia
1713 5264 1777 5315 ad

222 5322 608 5375 sanctificanda
639 5322 902 5380 elementa
935 5345 1099 5383 sacra:
1130 5347 1296 5384 ccenre
1329 5331 1402 5383 uti
1435 5333 1694 5393 solebant,
1727 5342 1780 5385 et

218 5404 343 5470 qum
372 5407 492 5444 cum
530 5393 640 5470 ipsa
663 5396 937 5470 _oratione
968 5399 1239 5470 Dominica
1271 5401 1520 5470 conjungi
1552 5401 1774 5454 solebat.

221 5458 401 5538 liuius
433 5458 635 5538 m_en_tio
661 5463 913 5538 frequens
937 5478 1020 5521 est
1047 5468 1098 5520 in
1129 5458 1388 5538 Liturgiis'
1407 5458 1624 5522 Graecis.

294 5531 406 5605 (99)
459 5533 701 5596 Ταύτην.
732 5533 1050 5607 _Legendum
1106 5531 1522 5607 videri'poterat
1568 5538 1773 5601 τοῦτον,

218 5600 346 5672 quia
397 5613 575 5672 sermo
608 5603 780 5654 estde
808 5600 972 5672 ἄρτῳ.
1009 5611 1073 5657 At
1105 5600 1330 5660 Photius
1383 5609 1494 5660 haec
1532 5600 1772 5661 scribens

219 5667 475 5743 (‘OSEL’IVit
522 5669 588 5721 de
619 5667 963 5743 νοω-τροφή,
1004 5691 1121 5741 quae
1151 5679 1215 5728 de
1255 5693 1390 5743 pane
1428 5678 1584 5730 etiam
1613 5693 1768 5730 usur-

221 5736 338 5814 [ιε-τί
387 5736 552 5813 solet,
607 5747 662 5790 et
706 5739 772 5791 ad
805 5736 964 5814 hanc,
1007 5736 1155 5799 more
1181 5736 1532 5814 scriptoribus
1571 5746 1766 5802 Graecis

219 5801 472 5869 solemni,
508 5820 801 5873 pronomen
831 5801 1028 5880 ταύτην
1061 5814 1260 5868 rctulit.

462 5897 730 5959 Parnm.
775 5904 890 5963 Gn.
931 5903 1056 5964 CII.

1957 4990 2037 5066 (l)_
2065 4991 2452 5066 Μεταὸἁλλει.
2502 4993 2682 5066 innuit
2733 4999 2817 5051 hic
2861 5015 3046 5052 eorum
3091 5001 3439 5066 sententiam,

1876 5061 1964 5126 qui
2010 5062 2169 5127 ἄρτον
2199 5063 2470 5114 ἐπιούσιον
2505 5065 2570 5117 de
2596 5079 2933 5120 sacrosancta
2969 5071 3302 5123 Eueharistia
3351 5061 3438 5124 in;

1879 5137 2275 5199 t_erprctantur,
2322 5132 2464 5199 quod
2518 5149 2582 5186 ex
2621 5137 2892 5189 veteribus
2939 5149 2992 5190 et
3042 5141 3435 5194 recentioribus

1879 5196 2130 5251 Ecclesiae
2169 5196 2486 5276 doctoribus
2507 5218 2609 5276 non
2647 5206 2732 5254 uni
2763 5223 3075 5270 persuasum
3119 5208 3286 5261 fuisse
3316 5226 3436 5276 per-

1878 5267 2147 5343 vulgatum
2173 5279 2272 5322 est.
2301 5270 2428 5323 Vide
2455 5271 2684 5324 Balthas.
2715 5267 2993 5343 Stolbcrgii
3014 5267 3433 5343 Dissertatidne::,

1880 5350 1930 5402 p.
1961 5337 2064 5407 220
2093 5353 2240 5407 seqq.

1951 5405 2023 5471 (Ξ)
2068 5405 2498 5472 Στηλιτεύεται.
2538 5408 2820 5465 Refellitnr
2864 5414 3070 5469 scilicet
3122 5416 3208 5469 hic
3247 5432 3434 5471 eorum

1883 5489 2032 5554 error
2055 5491 2119 5528 ex
2150 5493 2222 5554 eo.
2273 5479 2435 5554 quod.
2565 5483 2717 5554 panis
2763 5499 2790 5535 a
2827 5483 2960 5536 Malo
2994 5497 3154 5548 esset,
3201 5491 3436 5554 optimus

1884 5542 2134 5614 Servator
2157 5542 2358 5614 aliquid
2387 5549 2508 5600 mali
2539 5542 2603 5602 ad
2637 5566 2744 5603 rem
2772 5562 2876 5604 tam
2909 5542 3152 5609 sanctam
3171 5542 3434 5610 adhiben-

1880 5612 2005 5665 dum
2037 5612 2355 5679 censuisset,
2387 5618 2528 5683 quod
2558 5620 2735 5672 dicere
2766 5623 2916 5675 nefas
2944 5634 3042 5675 est.

1947 5683 2025 5762 (3)
2050 5685 2355 5762 fiaOapch.
2409 5687 2481 5739 Ita
2514 5688 2630 5754 lego
2661 5705 2757 5762 pro
2787 5692 3045 5760 καθαρὸς,
3074 5696 3214 5762 quod
3265 5705 3344 5748 est
3377 5696 3429 5751 in

1872 5749 1976 5806 ms.
2002 5749 2170 5823 'ldque
2199 5749 2282 5810 vel
2311 5770 2338 5807 a
2373 5749 2633 5828 sequente
2659 5749 2965 5832 ὁλοκλήρως
2995 5749 3269 5820 astruitur.

2871 5920 2906 5975 7
