4234 6432
788 385 888 444 199

1915 378 2170 436 PHOTH
2222 373 2717 432 l’ATRlARCll/E
2757 373 2864 431 ΠΡ.

3920 370 4026 434 200

785 513 912 550 ιυιο
949 496 1088 549 inter
1124 493 1326 561 reliqua
1358 493 1462 547 hoc
1480 493 1675 562 dogma
1702 500 1804 554 est,
1858 491 2000 557 quod
2033 506 2192 541 nemo
2222 503 2347 556 pos-
2377 498 2420 551 Α
2449 488 2457 536 l

2377 498 2420 551 Α
2449 487 2685 554 ἑκατέρα
2728 486 2784 536 δὲ
2817 482 2994 553 μερίδι
3033 482 3443 535 δεδουλεύκασιν
3498 485 3546 536 οί
3600 485 4022 553 προειρημένοι,

783 590 852 640 sit
883 587 1093 639 duobus
1114 583 1350 637 dominis
1381 585 1605 646 servire,
1647 583 1860 649 utrique
1892 595 2020 632 vero
2050 581 2184 646 parti
2215 593 2345 646 pne—

782 678 908 730 dicti
937 677 1008 726 illi
1057 674 1394 734 servierunt,
1453 689 1597 725 nunc
1639 680 1819 724 autem
1854 671 1940 720 illa
1982 679 2344 735 apostatarum

783 768 1039 819 colluvies
1070 765 1232 817 alium
1266 765 1515 816 Mosaicis
1561 761 1845 831 prmceptis
1874 759 2166 813 Dominum
2213 772 2344 810 con-

783 859 988 919 stituit;
1018 873 1196 908 nonne
1223 857 1363 907 inter
1381 855 1589 906 medios
1613 862 1903 921 prietextus
1931 853 2098 918 ipsam
2123 857 2345 917 gratiam

785 949 995 1014 probris
1054 948 1424 1006 insectantur,
1489 947 1615 997 dum
1674 944 2076 997 calumniantur
2133 939 2347 1008 legem?

787 1040 858 1090 Ita
890 1040 1031 1090 enim
1097 1042 1258 1105 (qua),
1315 1045 1435 1088 utut
1466 1039 1628 1087 etiam
1664 1037 1716 1088 in
1748 1035 2117 1088 conlutatione
2154 1033 2347 1101 impie-

785 1129 906 1178 tatis
934 1141 1358 1177 commemorare
1413 1125 1495 1175 vix
1545 1125 1624 1174 l'as
1658 1124 1746 1185 sit,
1799 1123 1969 1192 magis
1995 1133 2173 1175 tamen
2208 1123 2347 1173 inte-

783 1234 934 1286 grnm
965 1218 1144 1283 luerit)
1173 1219 1340 1281 ipsum
1380 1213 1784 1267 Testamentum
1829 1214 2092 1266 mendacii
2125 1214 2348 1265 insimu-

786 1307 894 1357 lare
956 1305 1359 1370 jinlicabantur.
1419 1305 1524 1356 Sed
1577 1304 1704 1370 quid
1763 1305 1805 1355 si
1856 1305 1976 1370 quis
2026 1302 2344 1369 exceperit:

786 1398 841 1446 Si
881 1397 959 1446 lex
991 1397 1125 1446 bona
1159 1406 1258 1456 est,
1308 1411 1455 1453 lltllll,
1487 1396 1576 1461 qui
1611 1397 1708 1447 sub
1736 1397 1902 1463 gratia
1921 1411 2128 1456 sumus,
2152 1410 2347 1446 secun-

785 1489 906 1536 dam
964 1503 1081 1536 eam
1167 1485 1436 1536 vivimus?
1489 1487 1556 1536 At
1616 1494 1704 1536 tua
1748 1485 1962 1552 quidem
2011 1499 2170 1536 causa
2215 1484 2347 1536 nihil

787 1580 976 1630 attinet
1040 1591 1363 1645 quanquam
1438 1575 1490 1627 in
1553 1578 1851 1629 subsidium
1904 1591 2113 1629 vocare.
2163 1576 2346 1639 Quod-

787 1687 907 1721 nam
960 1672 1102 1721 enim
1147 1668 1238 1720 tibi
1297 1666 1462 1733 impio
1508 1668 1740 1735 amplius
1775 1668 1997 1719 dubium
2033 1669 2154 1729 erit,
2196 1667 2350 1734 cujus

787 1761 1110 1812 solutionem
1146 1775 1253 1810 non
1334 1758 1661 1828 aggrediar?
1753 1757 2002 1823 Nunquid
2083 1757 2220 1807 forte
2271 1757 2347 1808 le-

2452 575 2609 628 ἆλλον
2637 576 2692 624 δὲ
2743 575 2944 642 Κύριον
2986 575 3099 634 τοῖς
3148 574 3460 634 Μωσαῖκοῖς
3496 574 3782 642 ἐφίστησιν
3823 576 3856 642 ή
3886 576 4026 626 ἀπο-

2456 665 2675 716 στασία·
2711 664 2828 725 πῶς
2850 665 2949 714 οὐκ
2973 666 3032 713 ἐν
3054 663 3132 731 τῷ
3159 665 3599 734 προπηλακισμῷ
3629 665 3724 716 τοῦ
3755 665 3944 733 νόμου,
3974 669 4025 716 ει

2453 757 2547 807 καὶ
2579 755 2667 805 διὰ
2702 755 2879 822 μέσων
2917 756 3450 822 παραπετασμάτων,
3478 755 3538 806 οὐ
3568 754 4024 824 συμπροπηλακί-

2453 847 2603 909 ζουσι
2628 848 2719 898 καὶ⁵
2746 848 2844 915 τήν
2885 847 3042 916 χάριν
3065 863 3077 909 ;
3112 847 3270 897 Οὕτω
3301 847 3410 915 γάρ
3441 847 3675 916 (καίπερ
3700 848 3760 898 οὐ
3787 847 4023 916 φορητὸν

2450 938 2565 989 οὐδ’
2601 939 2684 988 ἐπ’
2704 937 2909 1006 ἐλέγχῳ
2931 937 3108 1004 λέγειν
3141 937 3238 1006 τῆς
3264 937 3537 999 άσεδείας,
3564 938 3711 1006 ὅμως
3735 937 4021 988 ἀνεκτότε-

2454 1032 2604 1100 ρον),
2624 1031 2688 1098 es
2698 1031 3032 1102 660u;.a6tijv
3053 1030 3318 1101 διαθήκην
3338 1031 3731 1099 ἀποφαίνοντες
3751 1026 3862 1084 εἷεν
3885 1031 4018 1097 (96).

2465 1123 2624 1175 Ἀλλὰ
2663 1123 2714 1174 τί
2770 1122 2872 1174 κάν
2902 1140 2988 1185 τις
3043 1124 3418 1189 ὑπέκρουσεν·
3471 1123 3640 1192 Εἴπερ
3674 1123 3908 1200 ἀγαθὸς,
3946 1124 4023 1192 μὴ

2453 1215 2594 1264 κατά
2643 1214 2803 1281 νόμον
2837 1212 2933 1264 νῦν
2971 1217 3018 1265 οί
3051 1216 3147 1282 τῆς
3177 1216 3397 1284 χάριτος
3429 1214 3684 1282 βιοῦμεν;
3723 1215 3883 1267 Ἀλλὰ
3925 1214 4022 1266 σοῦ

2456 1304 2556 1371 μὲν
2592 1305 2750 1374 χάριν
2779 1304 2930 1357 οὐδὲν
2967 1305 3188 1356 ἀπαιτεῖ
3229 1308 3561 1374 προσειπεῖν.
3598 1306 3662 1356 Τί
3691 1308 3798 1375 γὰρ
3828 1307 3908 1356 ἑτι
3941 1322 4024 1356 σοι

2453 1393 2799 1448 δυσσεϐοὖντι
2814 1396 2925 1463 (97)
2943 1395 3290 1464 διηπόρηται,
3311 1395 3421 1462 ἐγὼ
3438 1397 3493 1449 δὲ
3515 1397 3588 1465 μὴ
3605 1396 3697 1448 λύε
3710 1415 3754 1447 .ν
3775 1396 4021 1466 ἑλοίμην;

2453 1479 2600 1553 Ἀρα
2619 1489 2950 1555 κουφότερον
2973 1486 3280 1554 ἀσεϐήσεις,
3301 1486 3332 1554 ἢ
3360 1487 3456 1554 τὴν
3480 1487 3802 1555 ἀνύόριστον
3823 1487 4024 1552 ἀγαθό-

2452 1593 2589 1643 τητα
2620 1575 2966 1644 καθυϐρίζων
2997 1576 3272 1644 κερδανεῖς
3308 1576 3407 1644 τήν
3437 1576 3612 1645 ὓϐριν,
3650 1576 3681 1645 ἢ
3725 1575 4022 1644 μετριώτε-

2457 1684 2547 1737 ρον
2587 1667 2947 1732 ἀπαλλάξειςς
2986 1669 3240 1734 Καίτοιγε
3270 1667 3401 1720 αὐτὸ
3421 1668 3518 1735 τῆς
3549 1667 3781 1735 ἀπορίας
3805 1667 3863 1718 τὸ
3895 1667 4022 1735 πρό-

2457 1760 2634 1826 βλημα
2659 1759 2811 1810 οὐδὲν
2835 1759 3051 1811 ἔλαττον
3075 1763 3172 1829 τήν
3195 1758 3528 1811 ἀποστασίαν
3551 1759 3812 1828 διελέγχει
3836 1774 3850 1788 ⁸
3880 1758 4023 1810 οὕτω

787 1852 905 1902 \ius
975 1851 1242 1917 peccabis,
1307 1858 1358 1900 et
1432 1850 1560 1900 dum
1637 1848 1954 1906 bonitatem,
2012 1846 2142 1897 nulli
2207 1846 2459 1911 inju—Bi

2385 1859 2424 1911 Β
2454 1848 2790 1917 πανταχόθεν
2837 1850 2928 1900 καὶ
2959 1849 3045 1900 διά
3072 1851 3180 1901 τῶν
3208 1850 3469 1901 ἐναντίων
3511 1853 3610 1918 τῆς
3637 1850 3894 1918 ἀληθείας
3925 1851 4021 1901 ἀσι

786 1943 879 1994 ria:
915 1942 1199 1993 obnoxiam
1249 1940 1444 2006 injuria
1479 1939 1666 2002 allicis,
1703 1940 1783 1991 vel
1808 1939 2028 2006 impune
2059 1955 2176 1990 eam
2209 1939 2351 1991 feres

790 2034 870 2085 vel
902 2033 1114 2084 facilius
1147 2032 1420 2084 dimittes?
1445 2032 1554 2082 hno
1586 2046 1713 2082 vero
1756 2030 1869 2096 ipsa
1905 2031 1991 2080 illa
2022 2031 2351 2083 dillicultatis

787 2122 1056 2188 oppositio
1094 2136 1200 2170 non
1256 2135 1432 2170 minus
1482 2119 1841 2171 deiectionem
1881 2118 2020 2171 hane
2069 2119 2346 2174 confutat:

799 2213 934 2263 adeo
965 2208 1329 2276 undequaque
1357 2210 1519 2261 etiam
1552 2225 1618 2261 ex
1646 2210 1809 2261 rebus
1833 2209 1932 2277 ipsi
1950 2210 2236 2262 contrariis
2262 2226 2351 2262 ve-

790 2308 964 2357 ritatis
995 2304 1158 2355 robur
1190 2301 1518 2368 resplendet.
1548 2301 1601 2352 Si
1631 2302 1778 2354 enim
1804 2318 1864 2354 ex
1895 2318 1981 2365 eo,
2013 2303 2154 2370 quod
2181 2302 2262 2353 lex
2285 2302 2352 2354 ab

794 2395 919 2456 illis,
952 2394 1043 2461 qui
1076 2401 1206 2444 sunt
1241 2394 1341 2443 sub
1373 2391 1543 2455 Bono,
1575 2406 1682 2442 non
1712 2393 2052 2456 observatur,
2095 2394 2146 2445 in
2174 2395 2353 2461 suspi-

792 2485 1005 2537 cionem
1041 2485 1232 2536 eadem
1280 2482 1622 2545 admittitur,
1667 2496 1729 2533 ac
1767 2480 1811 2534 si
1862 2497 1982 2534 cum
2019 2484 2191 2551 gratia
2243 2499 2352 2536 non

792 2575 1118 2638 concordet;
1174 2583 1390 2642 quantae
1435 2572 1694 2626 bonitatis
1730 2572 2000 2641 particeps
2031 2575 2219 2626 eadem
2264 2589 2352 2627 re-

794 2667 1072 2718 nuntiatur
1102 2681 1167 2717 eo
1201 2666 1317 2732 ipso
1338 2705 1351 2728 ,
1381 2665 1524 2732 quod
1560 2662 1700 2716 Deus
1738 2664 1912 2715 bonus
1943 2662 2109 2723 venit,
2143 2677 2272 2726 non,
2298 2672 2352 2714 ut

794 2760 1014 2809 solveret
1040 2757 1201 2825 legem
1233 2767 1280 2806 et
1304 2757 1604 2824 prophetas,
1630 2753 1717 2805 sed
1745 2762 1799 2804 ut
1828 2753 2105 2820 impleret?
2140 2752 2204 2804 Et
2231 2768 2357 2820 apo-

797 2852 954 2902 statis
999 2850 1218 2916 quidem
1261 2848 1414 2915 plura
1457 2847 1787 2914 respondere
1826 2861 1930 2897 non
1969 2860 2107 2913 Opus
2145 2854 2246 2896 est.
2289 2844 2358 2896 At

799 2941 1010 3008 piorum
1038 2952 1222 2998 causa,
1259 2937 1351 3004 qui
1394 2935 1540 3004 digni
1577 2942 1737 2997 sunt,
1774 2944 1834 2986 ut
1865 2934 2046 3003 gratia:
2088 2933 2357 3000 mysteriis

798 3031 1030 3098 amplius
1060 3030 1359 3090 initientur,
1399 3027 1555 3080 facile
1584 3025 1808 3080 edisseri
1838 3034 2035 3093 potest,
2071 3026 2214 3092 quod
2237 3041 2358 3093 pro-

800 3132 982 3189 pterea
1015 3121 1312 3172 secundtnn
1345 3120 1598 3186 antiquas
1631 3119 1777 3185 leges
1816 3132 1924 3168 non
1958 3116 2210 3176 vivimus,
2233 3115 2358 3182 quia

799 3214 1076 3272 (Lhristus,
1109 3210 1197 3262 ubi
1231 3209 1559 3269 advenerat,
1590 3208 1769 3259 omnia
1812 3206 2089 3274 implevit,
2132 3205 2357 3274 gratiam

801 3304 1013 3355 scilicet
1047 3316 1143 3368 pro
1167 3301 1333 3368 gratia
1367 3315 1462 3367 per
1501 3297 1682 3350 Mosen
1714 3298 1908 3349 tradita
1935 3335 1949 3356 ,
1983 3310 2187 3364 proque
2230 3308 2360 3346 san-

800 3397 922 3454 etis,
958 3408 1076 3459 quae
1117 3391 1171 3442 in
1207 3400 1394 3443 sancto
1429 3396 1583 3440 erant
1611 3429 1624 3450 ,
1667 3387 1858 3456 typicis
1901 3386 2099 3439 Sancta
2142 3397 2360 3440 saneto-

804 3502 944 3545 rum,
972 3501 1090 3552 ιιιιίυ
1115 3500 1209 3552 per
1240 3483 1326 3533 illa
1357 3482 1694 3549 praeﬁgurata
1717 3487 1890 3541 erant,
1922 3478 2207 3543 exhibens,
2226 3495 2363 3547 quo-

806 3595 920 3629 rum
951 3579 1176 3629 alterum
1217 3575 1412 3626 Paulus
1438 3575 1518 3634 9",
1543 3573 1772 3625 alterum
1811 3571 2048 3624 Joannes
2072 3572 2140 3634 ",
2177 3571 2230 3623 in
2276 3571 2361 3624 di-

804 3686 926 3722 vina
957 3685 1049 3720 sua
1081 3670 1324 3720 doctrina
1362 3665 1545 3718 tradit.
1588 3665 1772 3732 Itaque
1805 3679 1950 3718 nunc
1977 3664 2226 3732 quidem,
2267 3665 2359 3733 qui

804 3758 1098 3810 secundum
1128 3772 1218 3806 cas
1244 3755 1423 3805 vivere
1457 3754 1732 3816 instituat,
1771 3753 2253 3821 reprehendendus
2283 3753 2362 3806 [oo

806 3858 906 3908 ret,
971 3857 1223 3914 tanquam
1261 3847 1351 3912 qui
1401 3846 1625 3898 auderet
1668 3859 1862 3912 negare
1911 3843 2185 3897 Christum
2212 3885 2226 3908 ,
2268 3845 2359 3913 qui

806 3941 973 4005 legem
1004 3937 1264 4003 implevit,
1299 3936 1481 3987 omnia
1518 3937 1635 4002 ejus
1659 3935 1986 4002 implevisse.
2031 3935 2136 3986 Sed
2179 3950 2360 4003 regre-

805 4028 1059 4079 diendum
1090 4041 1155 4076 eo
1180 4035 1281 4082 est,
1312 4025 1454 4076 unde
1493 4027 1758 4076 sermonis
1797 4025 2050 4091 impetus,
2084 4025 2148 4076 ad
2183 4024 2358 4076 alliuia

805 4118 1094 4168 deﬂectens
1115 4153 1132 4178 ,
1165 4128 1264 4164 nos
1293 4116 1507 4164 avertit.
1555 4113 1757 4166 Auctor
1785 4112 1970 4182 gratiae
2001 4123 2053 4166 et
2078 4115 2272 4166 cwlum
2307 4123 2362 4168 et

810 4223 1003 4263 terram
1028 4218 1082 4261 et
1099 4207 1484 4275 Hierosolyma,
1511 4208 1617 4258 into
1640 4217 1693 4258 et
1716 4207 1937 4274 capillos
1967 4207 2103 4259 adeo
2129 4208 2360 4261 revereri

808 4316 905 4354 nos
930 4301 1119 4368 jubet,
1167 4309 1225 4352 ut
1255 4314 1355 4350 nec
1393 4299 1458 4350 ad
1501 4297 1881 4365 jusjurandum
1921 4298 2164 4350 adhiberi
2201 4298 2357 4352 velit:

807 4402 861 4444 et
885 4393 1079 4444 ccelum
1108 4391 1324 4458 quidem
1352 4431 1365 4452 ,
1394 4388 1655 4441 Thronum
1690 4389 1820 4452 Dei,
1864 4399 2062 4441 terram
2093 4405 2212 4440 vero
2246 4405 2359 4441 sca-

2450 1940 2678 2008 τράπτει
2728 1941 2788 1990 τὸ
2819 1941 3039 2008 κράτος.
3092 1941 3153 1992 El
3189 1941 3316 2009 γάρ,
3363 1943 3444 1993 ὅτι
3501 1941 3575 2010 μὴ
3621 1944 3732 2004 τοῖς
3774 1942 3882 1993 ὑπὸ
3923 1943 4022 2010 τήν

2453 2033 2609 2099 χάριν
2639 2032 2953 2100 πράττεται,
2982 2033 3062 2093 εἰς
3096 2032 3352 2084 ὑπόνοιαν
3385 2034 3412 2083 6
3443 2032 3623 2101 νόμος,
3661 2031 3742 2083 ὅτι
3775 2032 3849 2101 μὴ
3880 2049 4019 2100 συμ-

2453 2123 2619 2186 φωνεῖ
2640 2124 2708 2188 τῇ
2739 2120 3056 2189 ἀγαθότητι,
3095 2123 3420 2188 περιάγεται
3445 2138 3459 2150 ο
3489 2125 3661 2191 πόσης
3686 2124 4023 2192 ἀγαθότητος

2450 2211 2549 2261 οὐκ
2605 2211 3039 2278 ἀνακηρύττεται
3093 2212 3319 2280 μέτοχος
3357 2211 3435 2282 τῷ
3485 2213 3576 2266 τὸν
3629 2214 3834 2281 ἀγαθὸν
3886 2215 4021 2266 Θεὸν

2452 2301 2623 2352 ἐλθεῖν
2645 2341 2658 2361 ,
2694 2303 2766 2353 οὺ
2796 2302 3131 2354 καταλῦσαι
3167 2303 3272 2355 τὸν
3313 2305 3500 2370 νόμον
3528 2305 3566 2370 ἢ
3613 2305 3752 2370 τοὺς
3788 2306 4020 2374 προφή-

2453 2410 2578 2457 τας,
2624 2393 2783 2445 ἀλλὰ
2813 2391 3163 2459 πληρῶσαι;
3195 2394 3305 2446 Καὶ
3336 2394 3469 2465 πρὸς
3499 2396 3599 2463 μὲν
3630 2398 3752 2458 τοὺς
3781 2399 4021 2450 ἀποστάο

2451 2499 2549 2545 τας
2579 2484 2731 2536 οὐδὲν
2784 2484 3097 2550 ἐπενεγκεῖν
3152 2487 3233 2538 δεῖ
3281 2486 3460 2538 πλέον.
3519 2486 3638 2539 Τῶν
3684 2487 3738 2539 δὲ
3782 2488 4023 2540 εὐσεϐῶν

2451 2574 2613 2626 ἕνεκα
2633 2616 2648 2639 ,
2686 2577 2778 2628 καὶ
2818 2578 3068 2644 μυεῖσθαι
3102 2581 3194 2630 καὶ
3231 2581 3610 2647 μυσταγωγεῖν
3636 2579 3704 2631 τὰ
3735 2579 3834 2648 τῆς
3864 2582 4021 2650 χάρι-

2453 2681 2543 2726 τος
2578 2666 2678 2718 οὐκ
2734 2667 3002 2732 ἀναξίων,
3044 2669 3175 2737 ῥᾷον
3220 2669 3314 2721 καὶ⁸
3355 2673 3521 2737 σαφὲς
3555 2671 3762 2737 εἰπεῖν,
3797 2673 3878 2722 ὅτι
3933 2671 4025 2724 διά

2453 2754 2611 2807 τοῦτο
2645 2757 2720 2827 μή
2769 2760 2908 2812 κατά
2953 2760 3077 2821 τοὺς
3123 2760 3288 2812 πάλαι
3343 2760 3539 2829 νόμους
3588 2761 4022 2830 πολιτευόμεθα,

2454 2847 2588 2899 διότι
2623 2851 3016 2916 παραγεγονὼς
3069 2851 3243 2904 πάντα
3288 2853 3650 2921 πεπλήρωκεν
3696 2856 3724 2906 6
3752 2855 4021 2922 Χριστὸς,

2456 2938 2613 3005 χάριν
2651 2937 2751 3007 μὲν
2782 2941 2904 2991 ἀντὶ
2934 2941 3031 3010 τῆς
3060 2942 3147 2994 διὰ
3173 2943 3414 3006 Μωσέως
3455 2944 3673 3013 χάριτος
3699 2947 4019 3015 παρασχὼν,

2457 3029 2580 3080 ἀντὶ
2608 3029 2662 3080 δὲ
2697 3028 2806 3084 τῶν
2852 3032 2908 3083 ὲν
2940 3035 3052 3095 τοῖς
3095 3035 3270 3102 ἁγίοις
3323 3035 3632 3088 ἀντιτύπων
3659 3038 3849 3104 ἁγίων,
3882 3039 4024 3090 αὐτα

2459 3119 2525 3170 τά
2555 3119 3061 3192 προδιατυπούμενα
3083 3124 3252 3190 ἁγίων
3272 3126 3459 3191 Ἅγια,
3485 3120 3559 3179 ὧν
3578 3126 3634 3177 τὸ
3666 3129 3762 3195 μὲν
3790 3127 4020 3190 Παῦλος,

2459 3208 2520 3259 τὸ
2565 3209 2621 3260 δὲ
2670 3210 2920 3280 Ἰωάννης
2976 3212 3240 3281 θεολογῶν
3304 3217 3562 3285 ἑκάτερος
3621 3220 4018 3288 ἀνακέκραγεν.

2464 3298 2625 3350 Ὥστε
2646 3298 2845 3366 μᾶλλον
2862 3298 2976 3363 νῦν,
3001 3301 3136 3363 εῐτις
3163 3301 3310 3354 ὲόίου
3336 3303 3454 3355 κατ’
3484 3304 3748 3368 ἐκείνους,
3777 3307 4023 3374 ἠλέγχετ’

2460 3388 2526 3440 ἂν
2572 3389 2932 3458 ἀπαρνεῖσθαι
2982 3390 3216 3460 τολμῶν,
3259 3393 3335 3462 μὴ
3379 3395 3554 3446 πάντα
3599 3395 4025 3465 πεπληρωκέναι

2459 3479 2550 3529 τὸν
2589 3480 2880 3549 πληρωτὴν
2904 3479 2995 3532 τοῦ
3025 3481 3192 3550 νόμου
3217 3483 3473 3549 Χριστόν.
3518 3484 3677 3537 Ἀλλά
3721 3488 3825 3554 γάρ
3856 3489 4024 3539 ἐπαν-

2463 3573 2632 3635 ιτέον,
2683 3571 2802 3623 ὅθεν
2839 3574 2873 3640 ὴ
2902 3571 2995 3623 τοῦ
3047 3571 3206 3640 λόγου
3263 3574 3404 3645 φορά
3445 3575 3580 3646 πρὸς
3622 3576 3680 3629 τὸ
3732 3578 4026 3632 ἀκόλουθον

2459 3665 2811 3733 ἀρμοζομένη
2868 3666 3181 3735 παρήνεγκε
3229 3666 3486 3735 φέρουσα.
3527 3668 3888 3721 Εὑλαὸεῖσθαι
3930 3672 4025 3723 τὸν

2458 3756 2686 3826 οὐρανὸν
2716 3757 2806 3808 καὶ
2838 3757 2935 3824 τὴν
2965 3758 3067 3824 γῆν
3100 3758 3193 3808 καὶ
3228 3757 3295 3810 τὰ
3352 3759 3728 3830 Ἱεροσόλυμα,
3763 3761 3896 3813 ἀλλὰ
3931 3765 4026 3815 καὶ

2461 3848 2629 3908 αὐτας
2673 3847 2769 3909 τὰς
2821 3849 3047 3916 τρίχας,
3095 3850 3122 3901 6
3171 3850 3266 3918 τῆς
3317 3851 3533 3920 χάριτος
3589 3853 4026 3921 παρακελεύεται

2460 3939 2792 4007 νομοθέτης,
2846 3941 2939 3991 καὶ
2980 3941 3262 4003 τοσοῦτον,
3303 3943 3442 3994 ὥστε
3489 3943 3612 4012 μηδ’
3651 3944 3797 4013 ὅρκῳ
3851 3944 4026 3997 ταῦτα

2461 4032 2922 4095 καθυποὸάλλειν,
2973 4036 3065 4083 καὶ
3103 4033 3195 4084 τὸν
3243 4035 3339 4100 μὲν
3373 4034 3597 4103 οὐρανὸν
3623 4037 3837 4101 θρόνον
3879 4037 4024 4089 ἁνα-

2461 4125 2730 4189 κηρύττει
2752 4122 2856 4175 τοῦ
2889 4123 3057 4185 θεοῦ,
3088 4123 3420 4176 ὑποπόδιον
3447 4124 3514 4176 δὲ
3546 4125 3659 4191 τὴν
3683 4124 3818 4194 γῆν.
3854 4127 4025 4180 Πάλιν

2459 4212 2534 4273 δὲ,
2571 4213 2641 4263 τὰ
2682 4213 3053 4279 Ἰεροσόλυμα
3076 4214 3255 4265 πόλιν
3287 4213 3389 4266 τοῦ
3413 4215 3597 4267 αὐτοῦ
3628 4215 3774 4268 Θεοῦ
3799 4218 3894 4267 καὶ
3920 4234 4025 4283 με·

2461 4301 2647 4370 γάλου
2687 4304 3008 4369 Βασιλέως.
3056 4303 3118 4355 Εί
3156 4301 3249 4356 οὖν
3281 4305 3379 4372 τῆς
3419 4306 3644 4365 κτίσεώς
3692 4308 3807 4359 ἐστι
3855 4309 4028 4362 ταῦτα

2463 4393 2556 4444 τοῦ
2590 4393 2794 4460 ἀγαθοῦ
2821 4395 3052 4464 Πατρός,
3075 4395 3149 4457 ὡς
3171 4398 3198 4448 ὁ
3221 4397 3399 4448 πάντα
3427 4396 3494 4448 τά
3514 4397 3607 4449 τοῦ
3633 4398 3841 4468 Πατρδς
3868 4399 4025 4462 εἰδὼς

807 4484 996 4535 bellum
1045 4483 1231 4549 pedum
1270 4483 1412 4549 ejus,
1460 4480 1821 4548 Hierosolyma
1864 4491 2040 4532 autem
2095 4483 2359 4533 civitatem
2385 4485 2479 4559 Di

2351 4499 2359 4533 ι
2385 4501 2438 4559 Ι)
2465 4483 2590 4545 Υίὸς
2643 4484 2971 4537 ἐδεσαίωσεο
3018 4485 3131 4547 πῶς
3155 4487 3277 4555 οὐχὶ
3320 4487 3424 4556 πρὸ
3451 4487 3550 4556 τῆς
3581 4491 3720 4541 κατὰ
3756 4489 3865 4541 τῶν
3907 4508 4023 4543 κτι-

808 4573 1038 4640 ejusdem
1073 4571 1170 4623 Dei
1209 4581 1254 4622 et
1289 4573 1470 4639 magni
1520 4570 1677 4638 Regis
1705 4571 1771 4634 ",
1808 4571 2062 4638 appellat.
2115 4569 2170 4623 Si
2205 4571 2362 4640 igitur

810 4665 910 4717 ista
943 4664 1009 4716 ad
1036 4672 1310 4716 creaturas
1345 4662 1468 4715 boni
1496 4660 1669 4715 Patris
1698 4662 1986 4730 pertinent,
2007 4662 2144 4715 sicut
2171 4660 2358 4723 Filius,

809 4755 897 4822 qui
929 4753 1130 4815 omnia,
1162 4767 1281 4820 quae
1309 4751 1481 4805 Patris
1513 4761 1673 4813 sunt,
1705 4751 1871 4811 novit.
1904 4751 2204 4812 conﬁrmat,
2227 4767 2360 4818 quo-

811 4846 970 4898 modo
1000 4860 1108 4896 non
1140 4859 1237 4912 pro
1266 4859 1348 4905 eo,
1377 4842 1521 4911 quod
1545 4842 1596 4894 in
1621 4849 1896 4895 creaturas
1931 4841 2354 4904 dcbaeebantur,

2471 4573 2690 4640 σμάτων
2721 4573 2930 4640 ὕϐρεως
2959 4578 3078 4626 κατ’
3111 4576 3272 4628 αὑτοῦ
3299 4576 3391 4628 τοῦ
3419 4578 3624 4646 Κυρίου
3654 4580 3808 4648 ἡμῶν
3848 4581 4023 4650 Ἰησοῦ

2466 4663 2702 4732 Χριστοῦ
2734 4666 2825 4715 καὶ
2857 4667 2995 4717 κατά
3017 4665 3110 4718 τοῦ
3139 4667 3346 4736 Πατρός
3380 4668 3543 4720 αὑτοῦ
3564 4709 3578 4730 ,
3619 4671 3676 4721 ἐν
3703 4663 3746 4736 ᾧ
3782 4674 4026 4740 πονηρᾶς

2463 4754 2633 4823 ἀρχῆς
2685 4756 2732 4806 οἱ
2780 4756 3081 4808 ἀποστάται
3133 4761 3230 4824 τὴν
3269 4758 3445 4811 αὐτῶν
3492 4760 3668 4814 κτίσιν
3711 4762 4025 4830 άναρτώσι,

2466 4846 2764 4913 μεμηνότες
2791 4847 2886 4914 οὐχ
2920 4845 3255 4912 ἀλίσκονται;

813 4946 864 4995 in
896 4943 1068 5011 ipsum
1100 4942 1276 5009 potius
1300 4940 1580 4993 Dominum
1607 4951 1850 4991 nostrum
1881 4937 2064 4990 Jcsunt
2092 4937 2362 4990 Christum
2401 4948 2456 4992 et
2493 4940 2701 4994 Patrem
2772 4943 2891 5011 ejus
2926 4986 2941 5008 ,
2986 4959 3051 4997 co
3089 4945 3206 5012 ipso
3232 4984 3246 5007 ,
3294 4944 3436 5012 quod
3508 4955 3766 5015 apostate
3811 4946 4024 5003 illorum

813 5036 1140 5087 creationem
1169 5048 1198 5084 a
1229 5032 1369 5085 malo
1397 5031 1663 5100 principio
1692 5038 1968 5098 repetunt,
2011 5029 2189 5081 furere
2216 5030 2558 5085 existimandi
2585 5042 2734 5087 sunt.

887 5153 951 5184 οδ·
983 5150 1144 5206 llebr.
1176 5166 1252 5212 χι,
1283 5150 1334 5202 3.
1375 5149 1422 5180 "
1454 5147 1612 5201 Joan.
1648 5162 1684 5211 I,
1721 5145 1805 5200 16.
1880 5147 1924 5177 9⁷
1957 5144 2144 5197 Mattb.
2171 5163 2223 5208 v,
2250 5147 2339 5198 55.

1875 5259 2108 5312 VARUS
2143 5259 2524 5314 LECTIONES
2564 5261 2649 5315 ET
2690 5261 2920 5317 ΝΟΤᾸΕ.

887 5364 994 5431 (90')
1045 5361 1505 5430 Ἀποεραίνοντες
1555 5352 1696 5431 eleg.
1739 5354 1838 5410 Ms.
1901 5354 1971 5431 ita
2022 5355 2369 5431 interpunge-

817 5421 905 5485 bat
944 5452 953 5482 :
981 5421 1149 5500 αὐτὴν
1175 5421 1436 5500 διαθήκην
1461 5421 1867 5500 ἀποφαίνοντες.
1899 5421 2042 5478 Εἶεν.
2075 5421 2176 5478 Sed
2200 5421 2371 5500 ineius

816 5496 1120 5565 orationis,‘
1155 5496 1328 5569 βυιο,⁷
1386 5499 1515 5552 satis
1571 5498 1807 5569 ostendit
1837 5505 2182 5569 postremum
2243 5496 2370 5569 illud

815 5573 1035 5626 verbum
1069 5564 1190 5623 cum
1224 5569 1577 5623 antecedente
1605 5564 1888 5635 participio
1928 5566 2366 5635 conjungendum

815 5655 953 5693 αδδς.
991 5640 1099 5693 Hoc
1130 5641 1245 5693 loco
1281 5655 1503 5692 monere
1539 5634 1620 5689 fas
1657 5636 1726 5688 sit
1763 5649 1847 5687 me
1878 5635 2171 5700 seepissime
2204 5634 2372 5687 inter-

818 5712 1163 5778 punctiouem
1201 5709 1492 5778 apographi
1531 5705 1696 5778 nostri
1733 5705 2065 5778 llolsteniaui
2107 5714 2363 5778 mutasse,

818 5774 976 5834 etiam
1021 5780 1108 5834 tibi
1159 5774 1422 5834 illius—rei
1482 5780 1534 5830 in
1588 5775 1729 5829 notis
1782 5774 2034 5828 indicium
2090 5789 2195 5826 non
2239 5774 2364 5839 l'cci,

2465 5373 2585 5411 cum
2631 5358 2681 5411 id
2715 5360 2875 5412 nimis
2916 5358 3107 5413 crebro
3140 5358 3251 5412 ﬁeri
3284 5359 3593 5422 debuisset,
3626 5368 3679 5414 et
3711 5364 4030 5416 mutationis

2465 5443 2636 5481 causa:
2665 5429 3183 5482 essentmanifestie.
3216 5429 3270 5481 Si
3304 5430 3447 5497 quod
3481 5445 3607 5483 vero
3634 5431 3857 5486 dubium
3894 5433 4028 5486 sub-

2466 5499 2593 5551 oriri
2626 5509 2860 5566 poterat,
2896 5498 2946 5550 id
2967 5514 3252 5568 nunquam
3283 5501 3446 5552 tacui.

2536 5571 2644 5636 (97)
2684 5567 3119 5620 AvaueEoﬁr-u.
3165 5569 3261 5622 Ms.
3318 5569 3509 5622 dividit
3559 5570 3699 5623 hanc
3749 5587 3937 5624 vocem
3974 5574 4025 5623 iu

2465 5641 2619 5702 duas,
2652 5638 2832 5707 legens
2894 5637 3183 5690 δυσσεδοῦν
3243 5656 3316 5692 τι.
3367 5639 3771 5695 Emendationis
3822 5651 4028 5694 nostra:

2466 5726 2622 5764 causa
2647 5710 2696 5761 in
2726 5718 2975 5777 promptu
3005 5716 3110 5762 est.
