4234 6432
209 450 318 513 201

1272 442 1562 503 CONTRA
1599 439 2054 500 MANICII/EOS
2101 439 2326 498 LIBER
2364 439 2458 496 IV.

3343 433 3446 496 202

286 561 393 612 Mc.
438 558 509 608 Συ
545 557 602 608 δὲ
651 555 746 608 καὶ
803 554 1099 623 βαθύτερον
1124 552 1300 604 αὐτῶν
1330 553 1431 620 τῆς
1472 551 1787 612 δυσσεϐείας
1817 553 1861 608 Λ

1773 567 1787 612 :
1817 553 1861 608 Λ
1961 548 2051 601 XI.
2092 548 2173 602 Tu
2201 563 2330 602 vero
2351 546 2669 600 crassiorem
2703 545 2881 598 adhuc
2905 544 3195 613 impiorum
3232 543 3445 600 illorum

213 653 320 718 ὅρα
352 648 452 716 τὴν
487 646 689 714 τόλμαν
719 645 813 697 καὶ
840 645 939 713 τὴν
986 643 1263 695 ἀπόνοιαν.
1302 641 1405 691 Τὸν
1444 640 1607 708 ἄρτον
1633 640 1789 708 ὴμῶν

214 747 312 796 τὸν
356 741 632 794 ἐπιούσιον
657 781 672 801 ,
727 738 824 806 τὴν
876 739 1144 806 μυστικὴν
1177 737 1288 803 (98)
1332 735 1502 787 τελῶν
1538 737 1666 804 ἡμῖν
1698 733 1791 786 κα)⁵

219 835 554 905 παραδιδοὺς
605 834 634 883 6
681 832 892 899 Σωτὴρ,
942 830 1107 891 αὐτὸς
1141 829 1238 897 μὲν
1269 829 1416 896 παρά
1454 827 1547 879 τοῦ
1580 827 1792 895 Πατρός

219 926 392 978 αὕτοῦ
422 924 718 992 προσέταξε
746 921 951 991 ταύτην
980 921 1091 988 (99)
1121 919 1312 972 αίτεῖν.
1346 920 1406 971 Oi
1434 919 1488 972 δὲ
1515 917 1603 970 τὸν
1631 918 1792 988 ἄρτον

220 1023 306 1082 εἰς
343 1021 440 1086 τὴν
469 1018 742 1086 ὀλέθριον,
785 1017 866 1068 ὅτι
896 1016 990 1068 καὶ
1049 1014 1226 1066 πάντα
1275 1012 1342 1064 τὰ
1375 1012 1467 1064 ἐπὶ
1517 1015 1616 1081 γῆς
1669 1028 1792 1080 μετ-

220 1113 449 1176 άγουσιν
480 1110 676 1178 ἀρχὴν,
704 1109 797 1161 καὶ
826 1107 1044 1176 τρέφειν
1076 1105 1143 1157 τὰ
1192 1105 1249 1169 ἐξ
1291 1104 1461 1172 αὐτῆς
1510 1103 1793 1170 τερατολο-

221 1202 382 1267 γοῦσι
407 1200 746 1268 προαχθέντα
773 1197 1020 1266 σώματα.
1046 1195 1202 1248 Οὕτω
1232 1195 1351 1246 κατ’
1375 1194 1543 1262 αὐτῆς
1569 1194 1795 1254 ἀναιδῶς

222 1293 324 1361 τῆς
373 1292 713 1359 Δεσποτικῆς
765 1289 1152 1342 ἐπανίστανται
1207 1287 1447 1355 ἐντολῆς,
1509 1287 1690 1354 φαῦλά
1739 1304 1798 1339 τε

225 1383 481 1448 λέγοντες
507 1382 574 1432 τὰ
611 1379 838 1448 σώματα
868 1380 962 1430 καὶ
994 1377 1198 1446 φαῦλον
1232 1379 1332 1447 τὴν
1363 1377 1592 1446 τροφὴν,
1622 1376 1800 1428 καίτοι

223 1473 522 1542 διαρρήδην
570 1472 662 1522 τοῦ
695 1471 962 1521 Δεσπότου
998 1470 1395 1530 διατάττοντος,
1427 1467 1628 1538 ταύτην
1672 1469 1802 1536 ἡμῖν

228 1561 384 1630 παρὰ
415 1560 508 1611 τοῦ
540 1561 748 1628 Πατρὸς
783 1559 1051 1611 αίτεῖσοαι
1079 1558 1172 1613 τοῦ
1202 1557 1426 1624 ἀγαθοῦ.
1459 1559 1567 1610 Καὶ
1595 1559 1707 1618 πῶς
1738 1557 1804 1610 ἂν

227 1652 314 1718 εἴη
366 1649 595 1711 τούτοις,
633 1649 706 1718 μὴ
737 1648 821 1700 ὅτι
864 1665 927 1715 γε
955 1649 1053 1716 τῆς
1092 1647 1326 1716 ἀληθοῦς
1363 1647 1581 1716 ἐντολὴν
1613 1647 1803 1714 ὁμολο-

229 1740 373 1803 γεῖν,
417 1737 552 1787 ἀλλὰ
585 1737 687 1788 κᾶν
720 1735 851 1802 γοῦν
890 1739 1132 1804 σχήματι
1161 1736 1329 1803 μύθου
1361 1733 1532 1786 ταῦτα
1582 1734 1804 1786 δυνατὸν

229 1828 559 1891 ὑποϐαλεῖνς
594 1828 733 1878 Ἴσον
762 1827 868 1895 γάρ
907 1829 1020 1878 ἐστι
1051 1826 1312 1894 ῥυσθῆναί
1342 1843 1400 1876 τε
1429 1825 1520 1876 τοῦ
1561 1822 1802 1892 Πονηροῦ

226 1919 526 1978 δυσωπεῖν,
559 1918 651 1969 καὶ
685 1918 891 1969 ένοικον
915 1918 1076 1969 αὑτὸν
1103 1917 1285 1968 λαϐεῖν
1325 1915 1474 1982 παρὰ
1499 1915 1591 1966 τοῦ
1637 1915 1797 1982 Ἀγα-

231 2009 326 2060 θοῦ
389 2008 685 2077 ἐπιζητεῖν.
752 2008 923 2076 Εἴπερ
976 2005 1069 2059 τοῦ
1128 2004 1372 2075 Πονηροῦ
1438 2004 1703 2073 γεώργιον
1763 2007 1795 2073 ἠ

230 2103 432 2170 τροφὴ,
475 2101 568 2152 καὶ
629 2101 734 2168 μὴν
786 2099 875 2150 ἐπὶ
906 2097 1050 2150 τέλει
1086 2097 1183 2166 τῆς
1230 2097 1396 2165 εὐχῆς
1439 2095 1626 2166 ῶσπερ
1670 2095 1800 2148 αὐτὸ

231 2191 394 2242 τοῦτο
427 2189 770 2258 προαναιρῶν
809 2190 908 2258 τὴν
948 2187 1222 2250 ἀσέϐειαν,
1246 2189 1274 2238 6
1313 2187 1405 2239 ἐπὶ
1433 2187 1673 2256 σωτηρίᾳ
1706 2185 1799 2238 τοῦ

234 2284 428 2349 γένους
466 2280 875 2350 παραγεγονὼς,
918 2282 995 2341 είς
1028 2280 1085 2330 ὃν
1116 2280 1212 2347 τὴν
1259 2278 1474 2346 αἴτησιν
1512 2278 1802 2345 ἀναφέρειν

233 2372 337 2439 τῆς
369 2372 575 2440 τροφῆς
607 2373 683 2433 εἰς
709 2371 798 2422 τὸν
828 2371 991 2423 αὑτὸν
1019 2370 1308 2438 ἀναφέρειν
1336 2370 1429 2420 καὶ
1466 2369 1563 2436 τὴν
1597 2369 1803 2419 ἱκεσίαν

236 2463 517 2524 ἐθέσπισε,
552 2464 618 2513 δι’
646 2458 710 2532 ἧς
743 2462 1069 2530 ρυσθείημεν
1098 2463 1162 2514 ἂν
1201 2460 1294 2514 τοῦ
1329 2461 1594 2530 Πονηροῦ,
1630 2459 1803 2527 δηλῶν

237 2553 313 2610 ὡς
344 2553 373 2602 6
397 2555 658 2620 ῥυόμενος
685 2553 828 2622 ἡμᾶς
861 2553 954 2604 τοῦ
982 2551 1242 2621 Πονηροῦ,
1269 2553 1427 2613 αὑτός
1454 2553 1597 2602 ἐστιν
1619 2553 1646 2602 6
1668 2568 1804 2621 παρ-

239 2645 384 2711 έχων
417 2645 554 2712 ἡμῖν
595 2644 686 2695 καὶ
731 2644 829 2712 τὴν
863 2643 1176 2712 σωματικὴν
1216 2642 1441 2712 τροφὴν,
1486 2643 1570 2708 ἐφ’
1600 2639 1680 2703 οἷς
1711 2642 1805 2694 καὶ

238 2736 341 2803 τὴν
384 2734 660 2803 βασιλείαν
706 2735 798 2786 καὶ
841 2735 939 2802 τὴν
985 2734 1212 2802 δύναμιν
1254 2733 1347 2785 καὶ
1385 2732 1481 2801 τὴν
1528 2732 1682 2795 δόξαν
1729 2735 1807 2796 είς

242 2829 374 2887 τοὺς
413 2826 617 2888 αἰῶνας
669 2822 806 2878 εἶναι
839 2827 931 2878 καὶ
974 2826 1247 2894 διαμένειν
1285 2827 1313 2877 ὁ
1345 2827 1635 2894 μονογενὴς
1681 2825 1804 2888 Υἱὸς

241 2915 339 2967 τοῦ
389 2915 562 2966 ταῦτα
606 2915 963 2983 χαριζομένου
1000 2914 1209 2982 Πατρὸς
1245 2914 1568 2976 ἁνεδίδαξεν.
1626 2914 1805 2982 Ὁρᾷς,

247 3010 326 3066 εἰς
360 3002 470 3056 οἷον
519 3005 678 3073 βάθος
727 3008 757 3074 ἠ
805 3007 1108 3058 ἀποστασία
1143 3006 1487 3064 καταδύεται.
1528 3007 1619 3057 καὶ
1665 3006 1739 3067 ώς
1781 3007 1809 3055 6

247 3094 374 3146 κατ’
406 3094 574 3161 αὐτῆς
599 3096 694 3161 τῆς
723 3095 977 3162 ἀληθείας
1007 3097 1158 3162 λόγος
1198 3096 1422 3165 ἐνεργὴς
1445 3096 1539 3161 ῶν,
1577 3097 1672 3148 καὶ
1698 3096 1809 3148 δισ-

247 3188 419 3252 τόμου
475 3185 743 3254 μαχαίρας
793 3186 1008 3254 ἀπάσης
1042 3185 1347 3258 τομώτερος
1395 3187 1718 3253 ὲπαφίεται;
1749 3186 1811 3237 El

248 3279 306 3330 δὲ
343 3278 434 3329 τὸν
467 3276 740 3329 ἐπιούσιον
784 3276 944 3346 ἄρτον
974 3277 1070 3344 οὐχ
1110 3276 1296 3338 ἁπλῶς
1331 3277 1446 3345 ὲρεῖ
1488 3293 1569 3338 τις
1614 3276 1704 3328 τὸν
1735 3277 1813 3338 είς

250 3368 460 3436 τροφὴν
490 3366 564 3435 τῷ
595 3365 806 3435 σώματι
835 3367 1258 3437 χορηγούμενον,
1286 3367 1399 3419 ἀλλ’
1440 3367 1498 3428 δς
1537 3368 1614 3429 είς
1659 3365 1817 3433 σῶμα

255 3458 496 3527 Χριστοῦ
535 3458 856 3526 μεταϐάλλει
884 3460 958 3526 (I)
994 3460 1087 3510 καὶ
1111 3458 1204 3528 τὴν
1223 3458 1396 3527 ψυχὴν
1411 3457 1816 3527 συναγιὰζει“τῷ

255 3549 489 3615 σώματι,
522 3548 672 3600 οὐδὲν
697 3548 916 3600 ἔλαττον
951 3547 1041 3600 διὰ
1067 3549 1161 3615 τῆς
1194 3548 1452 3614 τοιαύτης
1482 3547 1737 3616 θεωρίας,
1769 3547 1817 3597 εί

255 3642 332 3708 μὴ
381 3641 474 3691 καὶ
515 3641 732 3709 μᾶλλον,
769 3643 800 3710 ἡ
835 3639 1056 3693 ἀσέϐεια
1091 3640 1459 3710 στηλιτεύεται
1494 3641 1569 3709 (2)
1600 3640 1690 3692 καὶ
1723 3639 1821 3709 τὴν

253 3731 494 3799 ἐκτομὴν
516 3733 543 3782 6
573 3730 726 3799 λόγος
757 3734 874 3785 κατ’
905 3732 1067 3784 αὑτοῦ
1091 3734 1340 3801 ἐπιφέρει
1361 3731 1730 3800 ἀδυσώπητον.

328 3825 428 3875 IB'.
463 3823 521 3874 Εί
553 3823 609 3875 δὲ
648 3823 741 3876 καὶ
782 3823 902 3874 δυσὶ
933 3823 1140 3892 κυρίοις
1169 3825 1267 3875 ούκ
1291 3823 1404 3876 ἔστι
1437 3824 1735 3887 δουλεύειν,
1760 3823 1818 3875 τὸ

256 3915 312 3966 δὲ
337 3915 430 3966 τοῦ
458 3914 794 3983 ἀνθρωπίνου
829 3914 1198 3982 συγκρίματος
1224 3914 1378 3983 ήμῶν
1403 3915 1495 3966 ἅτε
1524 3915 1587 3985 δὴ
1617 3914 1818 3981 κτίσμα

257 4007 526 4076 ὑπάρχον,
557 4006 630 4068 ὡς
658 4007 691 4076 ἡ
718 4005 938 4058 ἀσέϐεια
963 4006 1234 4076 βούλεται,
1261 4005 1354 4057 τοῦ
1389 4005 1658 4074 Πονηροῦ,
1688 4005 1815 4056 ὑπό-

259 4115 442 4150 κειται
466 4098 612 4167 αύτῷ
647 4099 741 4151 καὶ
773 4098 976 4150 ἄκουσα
1001 4100 1093 4150 καὶ⁸
1127 4097 1365 4150 δουλεύει
1393 4097 1467 4158 ὡς
1491 4097 1713 4164 πλάσμα
1741 4095 1818 4164 τῷ

258 4186 549 4249 πλάσαντι,
589 4187 760 4245 οὐδεὶς
805 4188 912 4254 ἄρα
955 4186 1260 4238 δουλεύσειε
1312 4185 1565 4256 καθαρῶς
1607 4186 1682 4254 (5)
1727 4185 1820 4236 καὶ

255 4277 565 4345 ὁλοκλήρως
595 4277 733 4346 Θεῷ.
777 4278 882 4330 Καὶ
936 4279 1013 4339 είς
1053 4278 1218 4345 λῆρον
1264 4280 1444 4339 αύτοίς
1473 4277 1539 4329 τὰ
1569 4277 1685 4329 θεῖα
1722 4294 1817 4328 κα-

259 4371 551 4436 ταστρέφει
604 4369 953 4439 κηρύγματα,
993 4370 1106 4433 καὶ,
1136 4369 1180 4419 ὣ
1219 4371 1315 4437 τῆς
1347 4369 1544 4421 ἀτόπου
1589 4369 1813 4438 φρενόςῑ

262 4460 294 4528 ἡ
334 4459 534 4526 φρικτὴ
572 4460 842 4526 παρουσία
888 4459 978 4511 καὶ
1017 4458 1444 4528 ὲνανθρώπησις,
1499 4461 1590 4510 καὶ
1623 4460 1814 4523 πάντα,

1890 638 2170 692 audaciam
2198 650 2252 692 et
2288 638 2616 692 dementiam
2648 635 2916 704 perspice.
2966 634 3167 690 Panem
3203 647 3448 690 nostrum

1890 731 2284 800 quotidianum,
2320 730 2598 799 mysticam
2638 730 2797 783 nobis
2834 727 3136 782 orationem
3185 730 3450 782 exhibens

1893 832 1947 876 et
1979 823 2197 876 tradens
2228 823 2503 884 Servator,
2539 838 2567 873 a
2589 821 2746 875 Patre
2778 838 2876 876 suo
2898 823 3350 890 expeterejussit.
3383 824 3449 876 At

1894 915 1966 968 illi
1996 930 2212 983 panem,
2245 915 2386 968 sicut
2434 923 2489 966 et
2518 913 2696 966 omnia
2728 915 3034 978 terrestria,
3078 915 3144 967 ad
3177 915 3452 983 pernicio--

1895 1022 2014 1060 sum
2047 1007 2289 1060 referunt
2325 1006 2673 1074 principium,
2708 1021 2880 1073 eoque
2907 1022 3134 1074 corpora
3167 1007 3235 1060 ab
3259 1007 3448 1059 eodem

1895 1099 2158 1168 producta
2210 1099 2404 1152 nutriri
2440 1108 2730 1167 nugantur.
2762 1098 2912 1151 Adeo
2950 1099 3292 1165 impudenter
3336 1099 3454 1151 Do—

1897 1188 2099 1242 minico
2125 1205 2181 1242 sc
2214 1189 2284 1241 illi
2315 1197 2588 1256 przecepto
2631 1199 2940 1256 opponunt,
2969 1189 3096 1241 dum
3129 1199 3183 1241 et
3224 1204 3454 1256 corpora

1899 1285 1954 1329 ct
1983 1276 2161 1330 cibum
2209 1277 2344 1329 mala
2374 1291 2494 1329 esse
2527 1278 2884 1339 contendunt,
2917 1280 3162 1345 quamvis
3196 1278 3452 1331 Dominus

1901 1367 2102 1421 diserte
2131 1368 2422 1435 praecipiat,
2449 1377 2509 1421 ut
2537 1383 2660 1420 eum
2687 1384 2714 1421 a
2750 1369 2893 1422 bono
2919 1369 3075 1422 Patre
3109 1380 3451 1438 expetamus.

1903 1458 1970 1510 At
2013 1458 2284 1525 quomodo
2317 1458 2430 1511 ﬁeri
2474 1468 2683 1526 potest,
2723 1469 2782 1512 ut
2818 1459 2894 1511 illi
2938 1461 3157 1528 quidem
3189 1461 3313 1526 hoc,
3347 1477 3455 1515 non

1901 1549 2100 1611 dicam,
2135 1565 2236 1616 pro
2260 1549 2499 1603 veritatis
2529 1559 2796 1618 praecepto
2828 1550 3084 1613 habeant,
3123 1553 3217 1605 sed
3250 1553 3330 1605 vel
3356 1554 3457 1607 sub

1905 1636 2101 1690 fabula:
2131 1638 2311 1704 specie
2339 1639 2438 1690 ista
2463 1639 2643 1691 animo
2671 1641 3101 1707 repraasentent?
3135 1641 3280 1695 Idem
3311 1644 3456 1696 enim

1907 1727 2010 1781 hoc
2040 1738 2143 1789 est,
2180 1744 2242 1782 ac
2301 1729 2346 1782 si
2398 1740 2688 1784 vereantur
2712 1771 2725 1793 ,
2768 1747 2836 1784 ne
2865 1747 2893 1783 a
2929 1732 3071 1784 malo
3119 1733 3456 1793 liberentur.

1909 1819 2149 1886 adeoque
2177 1836 2206 1872 a
2237 1820 2384 1873 Bono
2408 1831 2697 1889 expetant,
2733 1833 2790 1874 ut
2826 1823 2954 1876 illud
2992 1833 3247 1891 tanquam
3277 1824 3461 1877 dome-

1906 1909 2100 1962 sticum
2136 1909 2419 1978 recipiant.
2462 1911 2515 1963 Si
2543 1912 2684 1964 enim
2709 1911 2864 1965 cibus
2894 1912 3014 1964 Mali
3047 1923 3128 1966 est
3161 1929 3316 1982 opus,
3347 1929 3465 1967 cer-

1909 2009 1959 2053 te
1991 2001 2053 2062 is,
2090 2001 2179 2068 qui
2201 2001 2266 2053 ad
2292 2001 2578 2055 salvandos
2607 2002 2854 2054 homines
2882 2003 3067 2067 venit,
3101 2003 3229 2055 dum
3266 2004 3321 2057 in
3359 2004 3466 2057 ﬁne

1907 2093 2168 2146 orationis
2196 2094 2333 2146 idem
2368 2094 2494 2146 illud
2535 2110 2564 2148 e
2592 2094 2770 2148 medio
2795 2095 2930 2148 tollit
2951 2135 2964 2158 ,
2990 2096 3054 2149 ad
3090 2097 3361 2160 eumdem,
3395 2097 3459 2148 ad

1906 2200 2066 2253 quem
2099 2201 2288 2253 preces
2321 2202 2415 2254 pro
2440 2187 2560 2241 cibo
2600 2188 2800 2242 deferri
2838 2190 2973 2251 vult,
3006 2189 3304 2242 orationem
3332 2205 3466 2259 quo—

1908 2292 2012 2344 que
2043 2277 2286 2344 prastari
2312 2277 2483 2345 jubet,
2512 2293 2608 2347 per
2630 2294 2789 2347 quam
2822 2294 2849 2333 a
2873 2279 3011 2333 Malo
3035 2281 3359 2334 liberentur:
3384 2282 3468 2335 in-

1910 2368 2095 2422 dicans
2128 2370 2356 2431 scilicet,
2382 2372 2544 2438 quod,
2577 2372 2666 2440 qui
2699 2388 2796 2425 nos
2818 2388 2846 2425 a
2879 2373 3306 2438 maloliberavit,
3325 2374 3465 2428 idem

1911 2458 2067 2511 nobis
2090 2467 2143 2510 ct
2176 2473 2496 2525 corporeum
2548 2461 2728 2513 cibum
2767 2463 3096 2530 suppeditat,
3141 2479 3304 2532 super
3350 2466 3467 2533 qni-

1911 2547 2008 2601 bus
2032 2558 2085 2600 et
2114 2565 2358 2617 regnum,
2393 2559 2445 2602 et
2477 2552 2800 2618 potentiam,
2841 2563 2894 2605 et
2936 2555 3158 2622 gloriam
3195 2556 3247 2608 in
3278 2571 3471 2624 perpe-

1914 2647 2063 2691 tuum
2092 2655 2212 2693 esse
2248 2651 2300 2693 et
2331 2658 2643 2696 mansuram
2675 2660 2889 2712 quoque
2934 2647 3244 2716 unigenitus
3275 2647 3464 2707 Patris.

1913 2730 2000 2797 qui
2038 2730 2136 2783 ista
2172 2732 2392 2800 largitus
2416 2743 2519 2794 est,
2551 2734 2717 2788 Filius
2747 2736 2950 2789 docuit.
2986 2737 3220 2792 Videsne
3248 2739 3300 2791 in
3327 2740 3467 2807 quod

1915 2821 2225 2874 barathrum
2258 2825 2526 2890 apostasia
2554 2841 2610 2878 se
2635 2827 2955 2894 praecipitet,
2977 2837 3031 2881 et
3058 2829 3330 2896 quomodo
3352 2845 3470 2882 ver-

1915 2908 2038 2960 bum
2073 2911 2351 2974 veritatis,
2399 2911 2583 2964 eﬂicax
2648 2913 2856 2967 scilicet
2905 2924 2963 2967 et
3023 2917 3244 2984 ancipiti
3293 2919 3472 2986 gladio

1915 2997 2103 3061 quovis
2131 3001 2523 3064 penetrantius,
2551 3003 2602 3054 in
2629 3018 2751 3056 eum
2775 3007 3083 3073 grassetur?
3110 3005 3164 3058 Si
3203 3009 3323 3076 quis
3346 3025 3472 3063 vero

1917 3101 2110 3152 panem
2153 3088 2526 3156 quotidianum
2583 3092 2780 3146 dixerit
2818 3109 2926 3146 non
2974 3095 3294 3164 simpliciter
3348 3113 3469 3151 eum

1918 3189 2035 3227 esse
2060 3176 2150 3243 qui
2184 3180 2398 3246 corpori
2441 3180 2495 3232 in
2533 3196 2713 3235 escam
2758 3185 3167 3252 suppeditatur,
3213 3189 3307 3242 sed
3349 3205 3469 3243 eum

1915 3265 2006 3334 qui
2049 3266 2102 3317 in
2159 3283 2354 3336 corpus
2397 3269 2596 3324 Christi
2644 3281 2923 3338 mutatur,
2975 3285 3030 3329 et
3081 3277 3314 3331 animam
3349 3295 3471 3334 cum

1915 3371 2146 3424 corpore
2174 3359 2474 3413 sanctificat
2497 3401 2511 3424 ,
2545 3378 2652 3416 non
2686 3365 2887 3428 minus,
2919 3367 3024 3422 nisi
3065 3369 3241 3423 adhuc
3279 3372 3470 3440 magis,

1921 3446 2019 3499 hac
2047 3451 2501 3506 commentatione
2541 3452 2791 3522 impietas
2825 3457 3154 3524 confoditur,
3195 3470 3250 3514 et
3295 3477 3474 3517 sermo

1923 3539 2010 3593 hic
2041 3540 2486 3596 immedicabilem
2528 3543 2629 3612 ipsi
2653 3546 2861 3600 cladem
2895 3547 3076 3602 infert.

1989 3824 2104 3878 XII.
2147 3826 2301 3889 Quod
2344 3828 2387 3880 si
2433 3844 2560 3882 vero
2593 3829 2806 3886 duobus
2846 3832 3080 3887 dominis
3121 3835 3327 3891 servire
3367 3854 3475 3893 non

1918 3916 2064 3980 licet,
2091 3918 2407 3972 substantia:
2427 3935 2554 3973 vero
2585 3922 2836 3976 humana":
2864 3924 3082 3978 dimidia
3115 3931 3477 3998 pars,quippo

1918 4021 2036 4074 qua:
2080 4022 2142 4059 ex
2191 4008 2479 4076 impiorum
2523 4010 2803 4066 hominum
2842 4026 3023 4068 mente
3065 4027 3311 4070 creatura
3347 4021 3475 4072 Mali

1919 4100 2166 4160 exsistit,
2201 4101 2300 4168 ipsi
2342 4101 2478 4155 Malo
2523 4105 2687 4157 etiam
2725 4105 2891 4159 invita
2936 4110 3105 4161 servit
3143 4119 3196 4163 et
3232 4112 3476 4180 subjecta

1917 4200 2000 4244 est
2039 4200 2291 4259 tanquam
2323 4203 2568 4248 creatura
2612 4197 2902 4263 conditori,
2932 4215 3092 4253 nemo
3117 4217 3246 4254 sane
3270 4219 3404 4270 pure
3425 4215 3479 4258 et

1921 4281 2124 4349 integre
2156 4281 2263 4335 Deo
2295 4299 2528 4351 unquam
2572 4285 2872 4338 serviverit.
2904 4288 3054 4340 Adeo
3079 4289 3131 4340 in
3157 4304 3325 4358 nugas
3349 4291 3478 4358 ipsis

1920 4371 2325 4425 abeuntdivina
2363 4375 2628 4440 praeconia
2656 4416 2668 4436 ,
2697 4385 2776 4437 et,
2824 4391 2856 4429 ο
2908 4379 3188 4431 hominum
3238 4382 3478 4434 insolen-

1922 4463 2080 4514 tiam!
2130 4462 2245 4529 ipse
2293 4479 2507 4531 quoque
2543 4468 2858 4519 tremendus
2878 4466 3077 4520 Christi
3125 4469 3390 4523 adventus
3425 4481 3480 4524 et

259 4551 360 4601 ὅσα
417 4550 555 4619 ὑπὲρ
611 4551 708 4618 τῆς
764 4549 920 4618 ἡμῶν
973 4551 1241 4618 σωτηρίας
1297 4552 1324 4602 6
1380 4550 1642 4618 δεσπότης
1682 4550 1931 4612 ἑκὼνΒῘ

1802 4569 1818 4600 ι
1846 4555 1897 4612 Ι)
1925 4553 2246 4617 inearnatio,
2286 4563 2446 4621 atque
2474 4555 2609 4608 adeo
2635 4557 2846 4619 omnia,
2893 4573 3012 4625 qua:
3045 4574 3140 4626 pro
3168 4560 3342 4612 salute
3373 4576 3474 4612 no—

261 4643 468 4710 ὑπέστη
516 4641 605 4693 καὶ
636 4640 976 4704 κατεδέξατο.
1031 4642 1191 4695 Ἀλλά
1226 4642 1288 4694 σὺ
1321 4642 1418 4710 μὲν
1464 4643 1568 4692 τῶν
1613 4641 1818 4709 ἀνθρω-

1925 4653 2034 4697 stra
2068 4643 2331 4697 Dominus
2359 4645 2500 4699 ultro
2544 4646 2800 4700 sustinuit
2841 4657 2896 4700 et
2926 4649 3149 4717 recepit.
3179 4650 3395 4704 Scilicet
3423 4659 3476 4705 tu

1339 4802 1572 4860 VARle
1615 4803 2000 4858 LECTIONES
2049 4801 2133 4855 ET
2176 4801 2407 4856 ΝΟΤΛΕ.

339 4986 449 5055 (98)
484 4987 815 5059 Μυστικήν.
854 4987 1202 5059 Subinlcllige
1239 4987 1436 5059 εὐχὴν.
1491 4987 1538 5040 id
1569 4995 1662 5059 est
1693 5000 1816 5038 ora-

263 5055 465 5108 tionem
495 5055 852 5115 Domtnicam,
885 5073 1003 5124 quae
1046 5055 1174 5111 alias
1209 5055 1520 5125 simpliciter
1550 5055 1678 5122 εὐχὴ
1724 5063 1818 5125 aut

263 5125 396 5190 εὐχὴ
441 5127 742 5194 Δεσποτικὴ
776 5141 804 5177 a
835 5123 1030 5180 Graecis
1075 5123 1383 5180 doctoribus
1431 5125 1607 5178 vocari
1662 5123 1815 5176 solet.

264 5195 493 5266 Constat
523 5195 756 5266 alioquin
790 5195 954 5262 εὐχὴν
1000 5198 1266 5266 μυστικὴν
1296 5195 1472 5266 vocari
1493 5195 1656 5266 illam
1681 5206 1819 5266 _pre-_

263 5263 419 5314 randi
458 5263 741 5315 formulam
765 5279 863 5330 qua
886 5262 1192 5317 sacerdotes
1218 5262 1267 5317 in
1294 5265 1461 5316 veteri
1491 5263 1725 5316 Ecclesia
1753 5262 1818 5313 ad

264 5332 649 5383 sanctificanda
680 5333 943 5385 elementa
976 5350 1140 5387 sacrae
1171 5350 1337 5386 casnae
1369 5333 1443 5384 uti
1476 5333 1735 5391 solebant,
1768 5340 1821 5383 et

261 5415 383 5470 qua:
413 5417 534 5454 cum
571 5403 682 5467 ipsa
737 5403 979 5456 oratione
1009 5404 1281 5456 Dominica
1313 5403 1561 5470 conjungi
1594 5401 1816 5452 solebat.

263 5469 439 5534 Ilujus
474 5471 678 5522 mentio
703 5470 956 5540 frequens
979 5482 1063 5526 est
1089 5473 1140 5524 in
1172 5472 1420 5540 Liturgiis
1449 5469 1666 5523 Graecis.

337 5543 449 5604 (99)
503 5540 745 5602 Ταύτην.
788 5539 1093 5609 chendum
1151 5537 1565 5609 viileri'poterat
1611 5537 1816 5609 τούτον,

261 5610 388 5675 quia
439 5623 618 5660 sermo
651 5617 732 5660 est
757 5609 823 5660 de
852 5607 1016 5676 ἄρτῳ.
1053 5615 1116 5661 At
1148 5607 1372 5662 Photius
1427 5610 1538 5661 haec
1575 5607 1815 5660 scribens

264 5676 518 5747 cogitavit
565 5677 630 5729 dc
663 5681 1007 5747 νοεθτροφὴ,
1048 5695 1165 5745 qua:
1195 5682 1259 5731 ile
1299 5694 1434 5746 pane
1472 5679 1811 5747 ctiam_usur_-

265 5743 382 5816 pa_ri
431 5746 596 5816 solet,
651 5754 707 5797 et
751 5746 817 5798 ad
850 5743 1009 5816 hanc,
1052 5743 1200 5802 more
1226 5743 1576 5816 scriptoribus
1615 5745 1810 5800 Graecis

264 5813 518 5878 Solemni,
551 5828 847 5882 pronomen
876 5815 1074 5884 ταύτην
1107 5817 1305 5870 retulit.

508 5906 776 5967 PATROL.
821 5910 937 5969 Gn.
977 5908 1101 5969 CII.

1995 4987 2068 5054 (I)
2103 4986 2490 5040 Μεταὸάλλει.
2540 4985 2720 5038 lunuit
2771 4988 2856 5040 hic
2900 5003 3085 5040 eorum
3130 4987 3478 5050 sententiam,

1915 5057 2002 5123 qui
2049 5058 2208 5122 ἄρτον
2238 5056 2510 5107 ἐπιούσιον
2543 5057 2609 5108 de
2635 5068 2972 5108 sacrosancta
3008 5058 3341 5108 Eucharistia
3390 5058 3477 5108 in-

1919 5135 2315 5192 terpretantur,
2362 5125 2504 5192 quod
2557 5140 2621 5176 ex
2661 5126 2932 5177 veteribus
2980 5137 3032 5178 et
3083 5126 3475 5178 recentioribus

1919 5193 2170 5247 Ecclesiae
2209 5195 2517 5247 doctoribus
2547 5209 2649 5244 non
2687 5196 2772 5244 uni
2804 5212 3115 5260 persuasum
3160 5195 3326 5247 fuisse
3357 5211 3477 5261 per-

1918 5264 2187 5332 vulgatum
2214 5274 2313 5316 est.
2341 5264 2469 5316 V’ide
2496 5263 2725 5316 Balthas.
2756 5265 3034 5332 Stolbcrgii
3055 5264 3474 5326 Dissertationes,

1921 5347 1972 5399 p.
2002 5333 2105 5385 220
2134 5348 2281 5400 seqq.

1992 5402 2064 5469 (2)
2111 5399 2539 5466 Στήλιτεύεττιι.
2580 5399 2862 5454 Refellitur
2906 5402 3112 5456 scilicet
3164 5403 3250 5456 hic
3290 5418 3477 5454 eorum

1925 5486 2074 5540 error
2097 5487 2161 5524 ex
2192 5487 2256 5523 eo
2315 5472 2478 5538 quod.
2512 5471 2555 5522 si
2609 5473 2760 5538 panis
2805 5489 2833 5524 a
2869 5472 3003 5524 Malo
3037 5483 3196 5535 esset,
3243 5476 3479 5540 oplimus

1927 5539 2177 5593 Servator
2200 5541 2400 5608 aliquid
2429 5541 2551 5592 mali
2583 5542 2647 5593 ad
2681 5557 2788 5593 rctn
2815 5551 2919 5593 tam
2952 5552 3191 5596 sanctam
3215 5539 3477 5596 adhiben-

1923 5609 2048 5662 dum
2080 5611 2398 5672 censuisset,
2431 5611 2572 5676 quod
2602 5612 2779 5662 dicere
2810 5612 2960 5663 nefas
2988 5623 3086 5662 est.

1990 5680 2070 5749 (ὄλ
2096 5678 2399 5749 Καθαρῶς.
2453 5680 2526 5731 Ita
2558 5681 2674 5745 lego
2706 5695 2801 5747 pro
2831 5681 3090 5748 καθαρὸς,
3118 5682 3258 5749 quod
3310 5690 3389 5733 est
3422 5681 3474 5735 iu

1917 5746 2020 5802 ms.
2047 5746 2214 5819 quue
2244 5749 2327 5804 vel
2355 5764 2382 5801 a
2418 5760 2678 5821 sequente
2704 5746 3010 5820 ὁλοκλήρως
3041 5746 3315 5805 astruitur.

2917 5908 2951 5963 7
