4234 6432
761 409 867 473 203

1877 403 2138 468 ΡΗΟΤΙΙ
2185 403 2686 465 PATRIARCH/E
2719 405 2830 466 CP.

3876 397 3983 463 ΞΜ

761 522 1001 590 quidem,
1038 517 1209 574 malus
1237 528 1292 572 et
1319 515 1623 586 ingratasin
1665 513 2063 570 benefactorem
2086 511 2320 574 futurus,
2350 511 2433 569 A1

2307 551 2320 574 ,
2350 511 2399 569 Α
2423 511 2594 575 πίνων
2627 511 2895 579 σωμάτων
2927 507 3025 579 τὴν
3057 506 3262 578 τροφὴν
3298 506 3532 576 πονηρὸς
3564 505 3656 558 καὶ
3690 506 3979 578 ἀχάριστος

762 611 940 663 cibum
967 623 1255 676 corporum
1293 608 1651 660 humanorum
1683 606 1906 660 malitiae
1937 612 2175 674 segetem
2199 615 2318 655 esse

764 699 962 753 tradis:
1015 696 1272 752 Servator
1314 712 1440 750 vero
1500 697 1740 749 omnium
1777 705 1831 749 et
1883 703 2074 747 auctor
2108 692 2318 746 Patrem

761 803 920 842 suum
953 789 1225 842 cazlestem
1255 802 1317 840 ac
1357 785 1559 846 Deum,
1605 787 1763 853 cujus
1806 800 2028 854 regnum
2060 798 2160 836 nos
2212 797 2319 850 pra:

762 879 925 932 rebus
953 875 1227 945 corporeis
1265 875 1518 928 omnibus
1548 888 1790 942 quaerere
1824 874 1998 941 jubet,
2036 887 2144 924 non
2179 871 2319 923 illius

763 970 938 1022 solum
965 968 1068 1020 cibi
1093 982 1197 1035 quo
1227 966 1492 1027 homines,
1519 966 1610 1018 sed
1643 975 1695 1018 et
1719 965 1932 1017 illorum
1951 1002 1965 1026 ,
1994 963 2192 1030 quibus
2223 978 2318 1012 vo-

764 1060 940 1113 lucres
966 1058 1278 1111 nutriuntur
1299 1097 1312 1120 ,
1350 1065 1623 1110 auctorem
1653 1065 1708 1108 et
1749 1063 2153 1124 procuratorem
2196 1067 2318 1121 pro-

763 1150 996 1204 nuntiat.
1033 1148 1095 1201 Et
1129 1147 1400 1216 quomodo
1441 1163 1568 1200 sana
1600 1145 1736 1199 ratio
1762 1146 1968 1214 qumvis
2007 1145 2110 1197 illis
2137 1155 2318 1198 extre-

763 1257 865 1294 ma:
892 1240 1110 1293 insania:
1137 1253 1322 1308 punias
1359 1253 1464 1291 non
1505 1237 1698 1291 merito
1732 1237 1959 1308 irroget,
1996 1237 2088 1305 qui
2122 1238 2312 1288 clamo-

765 1346 850 1383 res
897 1343 1023 1382 suos
1085 1343 1206 1381 cum
1255 1327 1485 1381 oraculis
1536 1326 1830 1381 Dominicis
1883 1336 1939 1380 et
1993 1326 2321 1380 salutaribus

765 1422 1120 1491 permutant?
1147 1421 1270 1474 Ilaec
1302 1421 1448 1473 enim
1486 1419 1704 1482 docent,
1732 1419 1948 1474 Patrem
1990 1429 2236 1473 nostrum
2265 1418 2320 1471 in

764 1513 916 1567 caelis
940 1526 1099 1565 nosse
1125 1553 1138 1575 ,
1187 1511 1382 1578 quibus
1418 1526 1554 1578 opus
1583 1510 1878 1564 habeamus
1901 1549 1916 1573 ,
1959 1509 2025 1562 ad
2056 1524 2214 1577 quem
2267 1517 2320 1561 et

765 1618 953 1672 preces
974 1601 1332 1668 deferrejussi
1363 1615 1550 1654 sumus
1576 1601 1902 1655 clamantes:
1934 1600 2100 1653 Pater
2129 1607 2317 1661 noster,

768 1693 854 1759 qui
875 1708 925 1743 es
949 1692 1000 1743 in
1029 1691 1166 1743 cwlis
1188 1692 1288 1755 97‘;
1327 1704 1577 1757 eumque,
1610 1690 1655 1742 si
1703 1705 1925 1759 regnum
1955 1690 2070 1756 ejus
2097 1689 2321 1755 ejusque

764 1780 1029 1848 justitiam
1060 1795 1394 1847 qumramus,
1424 1778 1712 1842 nuntiant,
1764 1793 1871 1830 non
1915 1777 2088 1830 solum
2141 1777 2317 1829 cibum

2418 600 2547 670 περὶ
2579 599 2668 650 τὸν
2703 601 3000 669 εὐεργέτην
3028 597 3269 666 γεγονὼς
3289 638 3303 663 ,
3336 597 3602 666 πονηρίας
3635 597 3982 665 δογματίζεις

2417 690 2712 760 γεώργιον·
2743 692 2772 742 ό
2802 691 2858 742 δὲ
2884 691 3071 759 Σωτὴρ
3098 689 3206 742 τῶν
3237 691 3374 743 ὅλων
3415 690 3508 742 καὶ
3540 687 3879 757 Δημιουργὸς
3916 688 3980 741 οὗ

2416 781 2516 849 τῆς
2567 779 2912 850 ἀνθρωπίνης
2962 781 3166 851 τροφῆς
3209 781 3372 849 μόνον
3401 780 3493 831 τὸν
3538 779 3787 849 οὐράνιον
3813 777 3978 832 αὐτοῦ

2419 872 2636 940 Πατέρα
2657 872 2748 925 καὶ
2769 872 2920 936 Θεὸν,
2946 865 3008 924 οὗ
3060 871 3159 942 τὴν
3183 870 3460 939 βασιλείαν
3485 870 3850 938 ἐγκελεύεται,
3874 869 3982 940 πρὸ

2417 962 2522 1014 τῶν
2546 963 2870 1033 σωματικῶν
2898 963 3175 1026 ἁπάντων,
3215 964 3361 1032 ἡμᾶς
3389 962 3687 1032 ἐπιζητεῖν,
3719 962 3856 1014 ἀλλὰ
3888 964 3982 1014 καί

2415 1051 2482 1103 δι’
2506 1046 2581 1106 ὧν
2618 1053 2686 1106 τὰ
2732 1055 2954 1106 πετεινὰ
2979 1053 3263 1122 τρέφεται,
3293 1052 3456 1106 αὑτὸν
3509 1051 3795 1118 ἀποφαίνει
3855 1069 3984 1122 χορ⁴

2415 1145 2549 1212 ηγόν
2575 1161 2633 1195 τε
2671 1144 2762 1197 καὶ
2791 1145 3114 1213 προνοητήν.
3145 1143 3255 1196 Ka‘t
3279 1143 3394 1205 πῶς
3411 1141 3510 1194 οὐκ
3541 1143 3608 1196 ἂν
3627 1147 3725 1213 τῆς
3748 1143 3983 1213 ἐσχάτης

2420 1233 2619 1302 μανίας
2662 1235 2817 1304 δίκην
2859 1235 3207 1288 ἀποτιννύναι
3244 1234 3389 1297 ἄπας
3417 1234 3574 1303 ὀρθὸς
3604 1235 3982 1304 ἐπιψηφιεῖται

2416 1323 2572 1392 λόγος
2609 1326 2734 1388 τοὺς
2771 1324 2869 1386 τὰς
2912 1325 3049 1388 ίδίας
3095 1324 3300 1387 ὕλακάς
3344 1325 3454 1377 τῶν
3491 1327 3838 1378 Δεσποτικῶν
3886 1327 3984 1379 καὶ

2419 1415 2701 1486 σωτηρίων
2730 1416 3262 1485 ἀπαλλασσομένους
3291 1416 3576 1486 χρησμῶν,
3607 1415 3665 1469 δν
3686 1417 3983 1486 διαρρήδην

2419 1505 2616 1558 ειδέναι
2636 1522 2695 1560 τε
2719 1505 2810 1558 τὸν
2841 1509 2898 1558 ἐν
2930 1507 3180 1576 οὐρανοῖς
3222 1506 3440 1576 Πατέρα
3473 1505 3652 1576 ἡμῶν,
3689 1499 3764 1560 ὧν
3795 1508 3984 1576 χρείαν

2418 1595 2635 1665 ἔχομεν,
2667 1595 2802 1664 πρὸς
2831 1596 2890 1648 ὃν
2922 1595 3018 1650 καὶ
3048 1596 3145 1666 τὴν
3175 1596 3340 1666 εὐχὴν
3374 1597 3673 1650 ἀνατείνειν
3703 1597 3986 1665 ἐδιδάχθη-

2421 1702 2540 1754 μεν,
2581 1685 2768 1751 Πάτερ
2807 1683 2993 1751 ἡμῶν,
3030 1685 3449 1755 ἀνακράζοντες.
3484 1689 3518 1739 ό
3543 1687 3611 1739 ἐν
3645 1686 3770 1751 τοῖς
3808 1689 3985 1753 οὐρα-

2417 1776 2572 1841 νοῖς,
2602 1777 2693 1827 καὶ
2716 1776 2773 1827 ἐν
2798 1776 2873 1845 τῷ
2901 1777 3080 1844 ζητεῖν
3114 1778 3213 1846 τὴν
3244 1775 3523 1844 βασιλείαν
3557 1775 3718 1829 αὐτοῦ
3751 1778 3845 1829 καὶ
3883 1778 3984 1846 τὴν

769 1870 923 1922 nobis
953 1869 1214 1937 przebere,
1251 1869 1343 1921 sed
1372 1879 1427 1921 et
1449 1868 1627 1921 omnia
1659 1867 1884 1935 reliqua,
1915 1882 2013 1936 per
2041 1881 2159 1932 quae
2196 1881 2322 1919 cor-
2352 1849 2393 1902 Β
2422 1863 2441 1914 ε

2312 1893 2322 1906 -
2352 1849 2393 1902 Β
2422 1863 2763 1933 δικαιοσύνην
2799 1863 2983 1926 αὐτοῦ,
3019 1865 3081 1917 οὐ
3115 1864 3214 1934 τὴν
3246 1866 3447 1935 τροφὴν
3476 1869 3783 1936 παρέχοντα
3822 1869 3984 1936 μόνον

769 1976 869 2028 pus
890 1970 1127 2023 curatur,
1154 1974 1254 2012 nec
1271 1975 1330 2012 ea
1354 1959 1548 2021 solum,
1567 1959 1761 2027 qua-ad
1782 1958 2144 2012 necessarium
2169 1972 2323 2010 usum

769 2052 1047 2104 hominum
1075 2052 1384 2114 conferunt,
1402 2052 1493 2104 sed
1516 2061 1569 2104 et
1614 2067 1732 2118 qua:
1753 2050 2050 2103 secundum
2075 2049 2186 2102 imo
2208 2048 2327 2100 ulti-

770 2156 916 2193 mum
932 2139 1104 2192 locum
1119 2150 1404 2208 occupant,
1430 2141 1617 2194 habitu
1645 2155 1744 2193 suo
1757 2140 1988 2192 naturali
2008 2138 2327 2192 Instruxisse

769 2238 823 2281 et
851 2228 1069 2281 aluisse.
1098 2227 1438 2281 Considerate
1470 2228 1626 2290 enim,
1666 2227 1859 2295 inquit,
1889 2226 2002 2279 lilia
2037 2227 2172 2294 agri,
2200 2240 2326 2294 quo-

771 2318 919 2368 modo
949 2327 1220 2369 crescant:
1255 2333 1355 2368 non
1400 2317 1661 2375 laborant,
1698 2332 1858 2384 neque
1890 2323 2008 2367 nent
2035 2314 2100 2366 ".
2143 2311 2327 2382 Neque

774 2408 885 2459 biee
924 2407 1118 2468 solum,
1172 2406 1266 2459 sed
1299 2415 1350 2459 et
1382 2407 1556 2474 ipsum
1589 2405 1723 2458 adeo
1775 2405 1884 2474 agri
1919 2418 2161 2474 gramen,
2185 2405 2329 2472 quod

775 2497 933 2549 hodie
991 2496 1220 2559 exsistit,
1279 2507 1332 2549 et
1383 2512 1503 2549 cras
1551 2497 1603 2548 in
1636 2495 1908 2548 fornacem
1957 2494 2209 2547 mittitur.
2241 2494 2330 2548 Ait

773 2577 918 2638 enim
955 2603 968 2638 :
1011 2585 1068 2638 Si
1099 2601 1218 2637 vero
1244 2601 1457 2654 gramen
1489 2587 1603 2655 agri
1644 2586 1791 2637 hodie
1832 2585 2097 2648 exsistem,
2131 2594 2177 2637 et
2215 2601 2328 2636 cras

773 2677 828 2730 in
855 2680 1117 2746 fornacem
1184 2677 1370 2744 conjici
1433 2676 1644 2728 solitum
1702 2676 1838 2728 Deus
1877 2679 2045 2741 vestit,
2076 2677 2328 2745 quomodo

775 2784 878 2819 non
913 2767 1074 2819 multo
1115 2768 1278 2834 magis
1335 2782 1441 2830 vos,
1484 2783 1511 2819 ο
1565 2768 1763 2834 exigua:
1825 2766 1945 2832 ﬁdei
1999 2766 2330 2819 homines”?

777 2855 841 2908 Et
873 2856 1193 2908 naturalium
1224 2856 1440 2923 quidem
1471 2856 1680 2908 illorum
1723 2855 2184 2920 indumentorum,
2213 2857 2330 2924 qui-

779 2949 877 3000 bus
903 2947 1076 3000 bonus
1112 2945 1366 3000 Dominus
1408 2961 1625 3015 gramen
1672 2945 1853 3009 vestit,
1893 2962 2013 3015 quae
2050 2955 2104 3000 et
2129 2955 2328 3015 quanta

776 3047 859 3093 est
881 3035 1314 3105 magniﬁcentia!
1349 3036 1418 3088 Ea
1466 3045 1612 3088 certe
1642 3044 1848 3088 vestem
1886 3035 2085 3105 regiam
2109 3047 2162 3089 et
2199 3052 2329 3105 pur-

2422 1955 2858 2022 διαγγέλλουσιν,
2894 1954 3031 2009 ἀλλὰ
3079 1955 3174 2007 καὶ
3199 1956 3266 2008 τὰ
3307 1957 3440 2009 ἀλλα
3491 1958 3695 2019 πάντα,
3745 1957 3811 2010 δι’
3839 1952 3915 2010 ὧν
3945 1959 3982 2027 ἡ

2424 2043 2684 2114 θεραπεία
2730 2044 2824 2096 τοῦ
2858 2045 3144 2113 σώματος,
3192 2046 3287 2098 καὶ
3313 2046 3410 2116 οὐχ
3451 2048 3549 2100 ὅσα
3599 2048 3759 2117 μόνον
3778 2051 3844 2118 τῇ
3878 2051 3975 2102 ἀν-

2424 2134 2670 2205 θρωπίνῃ
2713 2135 2870 2204 χρεία
2918 2134 2978 2198 ἐξ
3019 2136 3316 2201 ἀναγκαίου
3371 2136 3647 2200 συντελεῖ,
3702 2137 3838 2191 ἀλλὰ
3886 2139 3984 2191 καὶ

2424 2223 2522 2275 ὅσα
2581 2222 2872 2291 δευτέραν,
2939 2222 2971 2291 ἦ
3027 2223 3121 2275 καὶ
3177 2223 3496 2276 τελευταίαν
3549 2227 3735 2293 ἐπέχει
3785 2225 3980 2290 τάξιν,

2425 2313 2588 2366 αὐτὸν
2635 2314 2806 2366 αἴτιον
2858 2309 2997 2366 εἶναι
3051 2316 3143 2368 καὶ
3194 2315 3293 2384 τῆς
3346 2315 3548 2368 τούτων
3592 2316 3824 2385 φυσικῆς
3879 2333 3982 2369 πε-

2430 2405 2643 2474 ριϐολῆς
2697 2406 2791 2458 καὶ
2841 2405 3137 2474 αὐξήσεως.
3189 2407 3560 2474 Καταμάθετε
3617 2408 3761 2474 γὰρ,
3807 2409 3982 2475 φησι,

2425 2496 2496 2548 τὰ
2527 2496 2701 2562 κρίνα
2731 2495 2834 2548 τοῦ
2863 2496 3047 2563 ἀγροῦ
3071 2495 3196 2561 πῶς
3216 2497 3488 2560 αὐξάνει·
3520 2500 3591 2552 οὐ
3619 2497 3816 2565 κοπιᾷ,
3840 2497 3988 2552 οὐδὲ

2425 2586 2612 2651 νήθει.
2652 2587 2759 2638 Kal.
2814 2587 2872 2637 οὐ
2907 2584 3079 2638 ταῦτα
3116 2587 3292 2654 μόνον,
3332 2586 3466 2640 ἀλλὰ
3518 2588 3612 2640 καὶ
3663 2588 3852 2650 ἀπλῶς
3889 2589 3984 2641 τὸν

2426 2679 2613 2746 χόρτον
2640 2677 2729 2729 τοῦ
2763 2676 2934 2746 ἀγροῦ
2974 2681 3064 2730 τὸν
3095 2678 3329 2748 σήμερον
3366 2677 3517 2742 ὄντα,
3563 2679 3656 2730 καὶ
3689 2678 3877 2748 αὔριον
3903 2681 3988 2740 είς

2427 2767 2674 2818 κλίϐανον
2713 2767 3052 2835 βαλλόμενον.
3087 2769 3247 2834 Λέγει
3276 2768 3382 2837 γάρ
3408 2785 3422 2800 ⁶
3455 2770 3522 2821 El
3549 2766 3615 2818 δὲ
3637 2769 3743 2820 τὸν
3769 2768 3989 2835 χόρτον

2427 2857 2532 2910 τοῦ
2559 2858 2741 2925 ἀγροῦ
2778 2857 3045 2924 σήμερον
3071 2859 3214 2910 ὄντα
3242 2857 3336 2910 καί
3361 2859 3570 2925 αὔριον
3589 2861 3672 2923 είς
3695 2861 3988 2911 κλίϐανον

2425 2947 2809 3015 βαλλόμενον
2838 2951 2869 3000 ὀ
2895 2949 3036 3010 Θεὸς
3064 2947 3484 3015 ἀμφιέννυσιν,
3509 2949 3579 3001 οὐ
3608 2947 3812 3012 πολ.ιῷ
3823 2947 3983 3016 μᾶλ-

2429 3040 2541 3090 λον
2571 3036 2747 3104 ὑμᾶς,
2780 3037 3190 3104 ὀλιγόπιστοι;
3238 3038 3346 3089 Καὶ
3372 3037 3479 3090 τῶν
3511 3038 3750 3106 φυσικῶν
3773 3040 3985 3108 ἀμφια-

778 3141 912 3195 pura
965 3126 1372 3195 splendentem,
1430 3141 1588 3194 quam
1637 3126 1872 3179 humana
1924 3127 2140 3180 solertia
2191 3127 2398 3219 interc
2433 3145 2450 3179 c

2314 3143 2331 3178 r
2354 3158 2398 3219 C
2433 3130 2651 3196 σμάτων
2679 3130 2903 3192 τούτων,
2938 3124 3020 3190 οἷς
3064 3131 3092 3180 ό
3140 3128 3340 3195 ἀγαθὸς
3372 3129 3638 3198 Δεσπότης
3667 3130 3986 3198 ὴμφιάσατο

777 3216 978 3284 primas
1002 3215 1246 3277 collocat,
1291 3225 1411 3283 post
1442 3230 1498 3268 se
1555 3222 1808 3283 tanquam
1843 3216 2133 3270 secundam
2169 3216 2332 3269 relin-

777 3309 913 3375 quit.
948 3307 1073 3359 Dico
1105 3307 1240 3358 enim
1283 3305 1446 3370 vobis,
1477 3307 1611 3374 quod
1640 3323 1800 3375 neque
1829 3305 2080 3359 Salomon
2109 3307 2165 3359 in
2192 3308 2331 3360 omni

777 3413 874 3448 sua
905 3396 1072 3466 gloria
1122 3396 1328 3447 vestitus
1360 3395 1434 3446 ita
1469 3395 1586 3462 fuit,
1620 3404 1675 3446 ut
1702 3411 1861 3447 unum
1891 3412 1954 3447 ea:
1978 3395 2083 3448 illis
2114 3396 2155 3448 ‘.
2184 3395 2331 3460 Quo-

780 3487 938 3539 modo
980 3485 1142 3554 igitur
1182 3484 1438 3552 graminis
1463 3484 1677 3551 quidem
1698 3483 1950 3537 vestitum
1977 3483 2150 3536 bonus
2180 3492 2333 3552 parat

782 3577 942 3635 Deus,
985 3584 1038 3627 tu
1071 3589 1196 3627 vero
1231 3574 1372 3627 illius
1398 3574 1726 3635 vestimenti,
1754 3589 1862 3642 quo
1887 3572 2119 3627 hominis
2153 3573 2332 3626 anima

781 3662 1162 3723 circumdatur,
1216 3661 1474 3728 corporis.
1527 3661 1766 3728 inquam,
1804 3662 1992 3726 alium,
2047 3677 2153 3715 non
2203 3677 2332 3716 vero

779 3755 1047 3818 eumdem,
1102 3755 1343 3823 requires
1403 3755 1776 3808 conditorem?
1814 3755 1875 3809 Et
1918 3755 2187 3824 quomodo
2222 3771 2332 3808 non

780 3845 936 3897 simul
970 3853 1019 3898 te
1043 3845 1220 3913 ipsum
1245 3846 1400 3914 longe
1431 3845 1658 3915 graviori
1682 3860 1855 3913 pennae
1877 3845 2166 3899 obnoxium
2199 3844 2334 3898 fate-

780 3935 874 3998 ris,
907 3951 1065 4002 quam
1095 3950 1313 4004 gramen
1340 3935 1490 3999 illud,
1526 3936 1670 4004 quod
1705 3936 1758 3989 in
1812 3935 2084 3989 fornacem
2106 3937 2332 4003 conjici-

782 4025 908 4077 tur?
944 4024 1010 4078 Et
1040 4024 1292 4078 Servator
1313 4026 1528 4094 quidem
1569 4026 1694 4088 illis,
1749 4027 1841 4096 qui
1868 4027 2128 4095 justitiam
2163 4027 2255 4079 Dei
2279 4035 2333 4080 et

781 4130 1004 4183 regnum
1031 4130 1126 4184 per
1148 4130 1307 4183 opera
1331 4126 1596 4185 quzerunt,
1629 4117 1900 4181 eumdem,
1929 4118 2084 4186 cujus
2105 4133 2330 4186 regnum

780 4205 907 4258 illud
935 4213 1037 4269 est,
1075 4215 1128 4258 et
1185 4206 1365 4260 cibum
1416 4215 1468 4260 et
1519 4208 1841 4262 vestimenta
1866 4209 2097 4278 aliaque,
2133 4212 2331 4281 quibus

780 4304 1153 4358 conservatur,
1219 4298 1685 4366 suppeditaturum
1722 4300 2005 4368 promittit.
2070 4301 2148 4354 Tu
2204 4317 2332 4356 vero

782 4391 881 4442 ista
928 4391 1110 4459 gratiae
1165 4399 1219 4443 et
1275 4389 1620 4457 benignitatis
1677 4406 1899 4444 munera
1945 4391 2011 4444 ad
2061 4393 2331 4446 contraria

2429 3219 2516 3272 τὸν
2543 3219 2753 3288 χόρτον,
2789 3220 2924 3288 τίςή
2973 3219 3291 3288 λαμπρότης
3325 3223 3420 3272 καὶ
3469 3221 3636 3291 πόσηί
3673 3222 3763 3284 Είς
3799 3222 3987 3276 δευτέ-

2430 3327 2529 3378 ραν
2559 3309 2719 3378 αῦτη,
2760 3309 2858 3378 τὴν
2902 3310 2959 3373 ἐξ
2997 3308 3342 3378 ἀνθρωπίνης
3371 3311 3646 3379 περινοίας
3671 3311 3739 3364 τὰ
3789 3313 3992 3382 πρῶτα

2429 3399 2696 3468 λαχοῦσαν
2723 3399 3002 3468 βασιλικὴν
3063 3399 3275 3468 στολὴν,
3306 3399 3400 3452 καὶ
3455 3402 3523 3470 τῇ
3563 3401 3854 3470 πορφυρίδι
3899 3403 3992 3453 ἐν-

2428 3488 2734 3557 αστράπτου
2743 3504 2857 3550 σαν,
2871 3488 3247 3556 παραπέμπει.
3265 3488 3425 3558 Λέγω
3439 3488 3547 3557 γὰρ
3562 3489 3722 3550 ὑμῖν,
3738 3489 3824 3542 ὅτι
3838 3491 3994 3544 οὐδὲ

2429 3579 2710 3648 Σολομὼν
2731 3578 2799 3630 ἐν
2813 3577 2982 3646 πάσῃ
3010 3577 3082 3645 τῇ
3103 3577 3248 3645 δόξῃ
3265 3578 3449 3633 αὐτοῦ
3471 3580 3872 3646 περιεϐάλετο,
3901 3582 3990 3648 ὡς

2428 3670 2497 3722 ἐν
2524 3671 2766 3723 τούτων.
2797 3670 2861 3720 Τί
2890 3663 2982 3721 οὖν
3011 3669 3108 3738 τὴν
3141 3669 3239 3739 μὲν
3264 3668 3358 3721 τοῦ
3392 3670 3584 3738 χόρτου
3626 3670 3921 3741 περιϐολὴν
3960 3674 3991 3725 ὁ

2429 3757 2630 3825 ἀγαθὸς
2654 3757 2961 3828 περιϐάλλει
2983 3756 3130 3819 Θεὸς,
3157 3757 3253 3824 τῆς
3304 3758 3360 3810 δὲ
3391 3757 3676 3827 περιϐολῆς
3695 3799 3708 3821 ,
3739 3760 3805 3828 ἢν
3835 3761 3867 3828 ἡ
3895 3763 3990 3814 ἀν-

2431 3845 2670 3915 θρωπίνη
2711 3845 2855 3915 ψυχὴ
2877 3845 3283 3915 περιϐάλλεται,
3313 3846 3373 3899 τὸ
3402 3846 3559 3916 σῶμα
3611 3847 3772 3914 λέγω,
3824 3847 3988 3902 ἄλλον

2430 3937 2524 3988 καὶ
2579 3937 2700 4005 οὐχὶ
2736 3936 2826 3988 τὸν
2876 3935 3039 3989 αὑτὸν
3095 3935 3443 4006 ἐπιζητήσας
3475 3936 3840 4007 δημιουργόν;
3876 3939 3990 3992 Καὶ

2430 4025 2546 4089 πῶς
2580 4027 2698 4095 οὐχὶ
2719 4025 2810 4078 τοῦ
2844 4027 2922 4087 είς
2941 4025 3191 4080 κλίϐανον
3229 4026 3628 4097 ἐμϐαλλημένου
3663 4028 3855 4099 χόρτου
3887 4047 3989 4082 πο-

2430 4115 2493 4166 λὺ
2523 4114 2905 4184 χαλεπωτέρας
2951 4115 3173 4167 σεαυτὸν
3212 4112 3480 4183 τιμωρίας
3514 4113 3814 4166 ὑπεύθυνον
3846 4117 3986 4169 ἀπο-

2431 4204 2671 4272 φαίνεις;
2711 4205 2819 4256 Καὶ
2847 4206 2875 4256 ὁ
2911 4205 3007 4273 μὲν
3035 4203 3228 4273 Σωτὴρ
3254 4206 3364 4266 τοῖς
3393 4203 3490 4273 τὴν
3510 4204 3861 4273 δικαιοσύνην
3885 4206 3985 4259 τοῦ

2429 4295 2587 4358 Θεοῦ,
2625 4295 2716 4346 καὶ
2744 4294 2838 4363 τὴν
2875 4292 3148 4363 βασιλείαν
3180 4293 3248 4346 δι’
3276 4293 3452 4363 ἔργων
3475 4293 3844 4363 ἐπιζητοῦσιν,
3881 4298 3984 4350 αὺ-

2431 4387 2520 4439 τὸν
2563 4389 2714 4456 ἠμῖν,
2752 4381 2812 4439 οὖ
2839 4387 2870 4456 ἡ
2901 4385 3143 4453 βασιλεία
3184 4386 3275 4437 καὶ
3302 4387 3399 4455 τὴν
3424 4385 3626 4456 τροφὴν
3662 4389 3846 4441 καὶτὰ
3893 4393 3984 4442 ἐν-

783 4480 962 4532 omuia
988 4479 1172 4532 refers.
1204 4478 1482 4542 Quomodo
1531 4493 1660 4531 vero
1693 4478 1828 4548 ipse,
1863 4494 1920 4532 se
1955 4495 2140 4533 eorum
2191 4496 2328 4549 quo-
2360 4480 2455 4541 D6

2319 4510 2328 4521 -
2360 4483 2407 4541 D
2433 4479 2667 4550 δόματα,
2693 4480 2786 4533 καὶ
2809 4475 2888 4544 οἷς
2918 4478 3099 4541 ἄλλοις
3143 4479 3202 4531 τὸ
3235 4479 3393 4548 σῶμα
3423 4481 3720 4548 συνέχεται,
3747 4485 3991 4552 χορηγήο

787 4583 905 4620 rum
949 4583 1057 4621 non
1090 4578 1171 4621 est
1195 4576 1403 4631 auctor,
1440 4567 1532 4621 sed
1565 4584 1684 4637 quae
1728 4569 1951 4624 alterius
1978 4580 2104 4624 sunt
2147 4587 2329 4640 opera,

785 4666 1060 4710 auctorem
1110 4656 1392 4710 inscribit?
1419 4656 1720 4724 Quomodo,
1755 4661 1897 4727 quod
1923 4660 2098 4713 adhuc
2144 4664 2336 4715 absur-

786 4748 905 4800 dius
937 4755 1037 4809 est,
1063 4761 1118 4798 se
1165 4745 1475 4800 hominibus
1509 4763 1605 4815 pro
1635 4749 1834 4802 virtute
1875 4750 2260 4804 dimicantibus
2282 4761 2336 4806 et

787 4852 1010 4905 regnum
1078 4851 1234 4889 suum
1275 4839 1664 4903 quaerentibus,
1726 4842 1888 4894 talem
1922 4841 2083 4905 sistit,
2124 4844 2214 4911 qui
2260 4844 2336 4898 eis

785 4928 950 4980 malas
999 4925 1118 4979 Mali
1165 4937 1438 4981 creaturas
1483 4931 1764 4996 praemium
1798 4932 1960 4984 studii
2013 4933 2117 4995 sui,
2149 4933 2332 4987 divino

783 5031 963 5069 amore
997 5016 1160 5084 pleni,
1205 5027 1257 5071 et
1282 5019 1640 5072 certaminum
1674 5021 2029 5089 plurimorum
2079 5023 2252 5077 tradat
2280 5033 2334 5078 et

784 5108 1068 5162 exhibeat?

855 5365 990 5418 XIII.
1028 5364 1179 5431 Quod
1228 5381 1357 5420 vero
1394 5366 1476 5419 lex
1517 5378 1778 5423 consonet
1827 5370 2028 5440 gratiae,
2059 5370 2192 5424 adeo
2211 5385 2328 5425 eer-

785 5467 899 5510 tum
929 5468 1034 5518 est,
1070 5467 1127 5510 ut
1151 5458 1318 5511 altera
1343 5459 1411 5511 ab
1443 5459 1611 5512 altera
1653 5461 1969 5515 stabiliatur.
2008 5461 2184 5516 Gratia
2213 5464 2332 5531 qui-

785 5551 927 5612 dem,
965 5558 1218 5618 tanquam
1252 5565 1370 5616 qua:
1399 5565 1427 5602 a
1477 5550 1591 5620 lege
1621 5552 1955 5621 prazﬁgurata
1993 5560 2046 5607 et
2075 5569 2328 5623 praenun-

2435 4587 2549 4622 σειν
2581 4570 2990 4636 ἐπαγγέλλεται.
3010 4569 3080 4621 Σὺ
3109 4568 3164 4620 δέ
3194 4569 3364 4623 ταῦτα
3389 4569 3490 4638 τῆς
3508 4569 3711 4638 δωρεᾶς
3735 4571 3828 4623 καὶ
3852 4588 3990 4639 χρη-

2435 4659 2686 4727 στότητος
2714 4659 2792 4719 είς
2820 4658 3166 4728 ἀλλοτρίωσιν
3187 4656 3529 4720 ὑποϐάλλεις.
3562 4659 3672 4710 Καὶ
3711 4658 3848 4721 πῶς,
3879 4654 3990 4711 ὧν·

2433 4763 2538 4817 περ
2567 4747 2724 4807 αὐτὸς
2748 4748 2847 4798 οὐκ
2876 4746 2988 4798 ἐστι
3019 4747 3363 4816 προαγωγὸς,
3409 4746 3522 4799 ἀλλ’
3570 4747 3761 4816 ἐτέρας
3810 4748 3989 4816 ἀρχῆς

2436 4837 2738 4906 πεφύκασιν
2759 4838 2914 4906 ἔργα,
2952 4839 3113 4891 αὑτὸν
3142 4839 3451 4908 ἀναγράφει
3473 4839 3747 4908 παροχέας
3783 4841 3895 4892 Καὶ
3926 4841 3990 4892 τὸ

2433 4925 2510 4978 ἔτι
2539 4927 2899 4995 ἀτοπώτερον,
2955 4928 3068 4989 τοῖς
3099 4929 3197 4996 τῆς
3251 4926 3451 4998 ἀρετῆς
3512 4927 3838 4993 ἀγωνισταῖς
3892 4931 3991 4981 καὶ

2435 5015 2531 5084 τὴν
2563 5015 2833 5084 βασιλείαν
2861 5015 3025 5067 αὑτοῦ
3058 5016 3314 5068 ποθοῦσιν
3345 5010 3432 5070 οἷα
3454 5015 3518 5086 δὴ
3542 5016 3731 5085 μισθὸν
3767 5017 3865 5070 καὶ
3889 5019 3993 5088 τῆς

2439 5106 2685 5173 φιλοθέου
2714 5105 3022 5173 προθυμίας
3054 5106 3146 5159 καὶ
3173 5106 3281 5158 τῶν
3301 5107 3567 5176 ἀορίστων
3588 5107 3992 5176 ἀγωνισμάτων

2435 5197 2504 5248 τὰ
2529 5195 2618 5248 τοῦ
2651 5195 2893 5264 Πονηροῦ
2928 5195 3380 5266 δημιουργήματα
3417 5196 3725 5266 παρέχοντά
3778 5213 3836 5249 τε
3896 5201 3994 5251 καὶ

2434 5287 2848 5342 ἀνταποδιδόντα
2865 5305 2879 5352 ;

2508 5381 2603 5433 ll".
2631 5379 2750 5431 Ὅτι
2783 5380 2962 5448 μέντοι
2987 5378 3270 5448 σύμφωνος
3293 5380 3321 5430 ὁ
3350 5379 3509 5447 νόμος
3541 5382 3604 5449 τῇ
3629 5381 3832 5449 χάριτι,
3860 5380 3993 5431 ἐκα-

2437 5482 2591 5535 τερον
2619 5465 2684 5517 δι’
2711 5465 2966 5535 ἐκατέρου
3001 5465 3215 5534 δέχεται
3235 5466 3332 5534 τὴν
3357 5466 3660 5535 βεϐαίωσιν.
3698 5467 3761 5518 Ἦ
3789 5467 3890 5534 μὲν
3915 5467 3995 5528 ὡς

2441 5556 2530 5608 ὑπ’
2559 5553 2720 5608 αὑτοῦ
2744 5555 3248 5626 προδιατυπουμένη
3275 5572 3334 5608 τε
3373 5556 3465 5609 καὶ
3515 5556 3994 5626 προκαταγγελλο-

857 5755 924 5784 ⁹⁷’
947 5752 1134 5806 Matlh.
1167 5756 1306 5816 τηε).
1385 5751 1723 5814 ⁹¹¹Μθιιιι.·.·ι,
1747 5753 1836 5804 ‘28.
1912 5755 1954 5786 ”
1975 5751 2206 5806 ibid.30.
2282 5752 2298 5784 ⁸
2329 5751 2560 5806 ibid.9.9.
