4234 6432
261 421 369 486 205

1275 427 1569 489 CONTRA
1598 429 2052 494 MANICH/EOS
2099 435 2327 498 LIBER
2377 438 2471 497 IV.

3383 443 3488 506 206

264 534 401 600 μένη
430 531 525 584 καὶ
546 523 657 587 οἷον
691 534 1200 606 προχαραττομένη,
1228 539 1323 591 καὶ
1359 541 1731 613 ἐμφαινομένη
1765 562 1821 597 τε
1850 546 1901 604 Α
1927 556 1936 600 1

1816 546 1901 604 ;Α
1927 547 2053 601 tiata
2096 556 2151 602 et
2197 549 2351 618 quasi
2404 564 2677 619 expressa,
2711 550 2821 606 imo
2880 551 3221 609 manifestata
3276 564 3331 610 et
3364 571 3488 626 pro-

264 630 360 679 καὶ
379 628 761 697 ἐνδεικνυμένη
784 633 895 694 τοῖς
909 632 1237 701 σκιάσμασιν
1250 650 1267 668 ο
1288 637 1316 687 6
1334 636 1389 687 δὲ
1401 634 1494 687 an
1511 637 1619 690 τῶν
1646 642 1823 710 προρο

266 721 481 787 ῥήσεων
504 721 595 772 καὶ
621 726 1097 792 προχαραγμάτων
1126 725 1212 777 ἐπ’
1238 726 1416 795 ἔργοις
1444 729 1824 799 ἐκϐεδηκότων

265 809 353 862 διὰ
378 811 476 879 τῆς
501 813 743 881 χάριτος,
761 815 853 864 καὶ
875 815 973 883 τὴν
991 817 1049 867 ἐν
1082 817 1229 885 αὐτῷ
1248 818 1351 870 ὑπὸ
1374 821 1487 882 τοῖς
1508 822 1826 890 παραπετά-

269 915 443 966 σμασι
487 903 872 971 κρυπτομένην
896 907 1379 978 ἀνακαλυπτούσης
1413 928 1469 962 τε
1503 914 1595 963 καὶ
1621 914 1826 981 ἀνακη-

271 988 568 1057 ρυττούσης
607 990 884 1059 ἀλήθειαν.
947 993 1007 1045 El
1035 994 1091 1047 δὲ
1122 996 1284 1065 μὴτὸ
1332 998 1616 1067 σύμφωνον
1651 1001 1825 1052 συνδιο

264 1078 473 1141 έσωζον
491 1079 785 1151 ἀλλήλοιςή
806 1084 967 1152 χάρις
992 1086 1085 1136 καὶ
1107 1086 1173 1137 τά
1203 1088 1307 1156 πρὸ
1336 1090 1431 1157 τῆς
1450 1090 1684 1159 χάριτος,
1709 1094 1826 1156 πῶς

267 1169 334 1221 ἂν
374 1170 408 1221 ἃ
439 1171 587 1237 παρὰ
614 1171 707 1223 τοῦ
741 1174 905 1241 νόμου
949 1178 1043 1228 καὶ
1081 1177 1186 1229 τῶν
1244 1181 1536 1249 προφητῶν
1584 1183 1826 1252 ἐχρησμ-

267 1260 454 1328 ῳδήθη
478 1260 649 1312 ταῦτα
687 1264 987 1332 πανδήμοις
1038 1266 1279 1335 ὄμμασιν
1303 1270 1481 1337 ὼρᾶτο
1511 1272 1826 1340 τελούμενα.

269 1349 396 1409 Πῶς
449 1349 504 1400 δὲ
549 1350 643 1401 καὶ
682 1354 709 1402 6
756 1352 945 1421 Σωτὴρ
986 1354 1141 1422 ἡμῶν
1178 1357 1300 1417 τοὺς
1348 1358 1577 1425 λεπροὺς
1627 1360 1829 1429 ῥήματι

277 1439 558 1508 καθαίρων
611 1442 746 1509 πρὸς
797 1443 923 1504 τοὺς
967 1445 1025 1495 ἐν
1055 1446 1203 1515 νόμῳ
1253 1448 1419 1516 ίερεῖς
1456 1448 1673 1513 τούτους
1725 1454 1831 1504 ἀπ-

275 1529 515 1591 έστελλε.
568 1532 919 1600 προστάττων
948 1536 1165 1589 ἀπιέναι
1200 1539 1292 1590 καὶ
1322 1540 1681 1595 ἐπιδεικνύναι
1709 1541 1832 1594 τού-

267 1637 383 1681 τοις
413 1623 659 1687 ἑαυτοὺς,
704 1624 778 1685 ὡς
804 1626 833 1676 6
866 1626 1027 1695 νόμος
1059 1628 1292 1682 ἐκέλευε.
1332 1632 1440 1682 Καὶ
1465 1632 1527 1683 τὸ
1556 1633 1831 1700 ἰσχυρότε-

271 1727 365 1777 ρον
404 1718 790 1780 προσενεγκεῖν
822 1716 881 1767 τὸ
905 1716 1096 1783 δῶρον,
1128 1717 1202 1781 ὡς
1235 1721 1261 1770 6
1288 1720 1492 1788 Μωσῆς
1527 1720 1827 1784 διετάξατο.

1927 636 2163 705 mulgata
2194 648 2277 692 est
2324 640 2487 693 variis
2549 640 3096 695 adumbrationibus:
3144 643 3225 695 lex
3310 654 3489 697 autem

1923 736 2205 793 postquam
2241 729 2618 797 praedictiones
2663 740 2713 783 et
2757 729 2937 799 ﬁgura:
2972 731 3072 782 illa:
3107 745 3203 798 pcr
3245 734 3488 801 gratiam,

1926 814 1979 866 in
2011 830 2126 867 rem
2168 815 2339 884 ipsam
2388 817 2659 878 abierunt,
2691 833 2809 884 qua:
2859 819 3163 883 veritatem,
3218 822 3320 872 sub
3354 822 3489 874 velis

1924 906 2043 973 ejus
2074 907 2326 960 latentem
2366 910 2560 961 retexit
2606 918 2660 960 et
2700 909 2750 959 in
2784 909 2955 962 lucem
3004 911 3276 978 produxit.
3333 912 3487 975 Quod

1926 997 1969 1049 si
2004 1012 2089 1050 res
2119 999 2301 1066 gratiae
2330 1010 2382 1052 et
2415 1015 2499 1051 res
2540 1014 2657 1052 eam
2688 1009 3011 1067 antegressa:
3052 1010 3297 1053 mutuam
3346 1002 3487 1055 hanc

1928 1089 2342 1142 consensionem
2401 1106 2508 1142 non
2564 1101 2903 1152 servassent,
2956 1093 3244 1159 quomodo,
3304 1108 3423 1162 qua:
3455 1110 3484 1147 ιι

1926 1179 2044 1248 lege
2075 1188 2127 1231 et
2158 1182 2434 1249 prophetis
2464 1184 2816 1248 pnenuntiata
2837 1194 3008 1245 erant,
3040 1183 3279 1236 omnium
3312 1186 3484 1237 oculis

1930 1280 1989 1324 ut
2019 1272 2236 1339 impleta
2268 1283 2632 1341 apparuerunt
2655 1275 2677 1326 ?
2699 1272 2981 1337 Quomodo
3005 1290 3131 1328 vero
3155 1285 3209 1328 et
3226 1275 3485 1329 Servator

1928 1373 2132 1427 noster,
2191 1364 2434 1431 leprosos
2484 1365 2649 1417 verbo
2684 1365 2989 1427 mundatos,
3035 1366 3099 1418 ad
3153 1367 3481 1429 sacerdotes,

1930 1455 2022 1523 qui
2046 1455 2146 1508 sub
2176 1456 2293 1524 lege
2333 1464 2505 1518 erant,
2548 1457 2776 1525 ablegat,
2812 1456 2961 1509 abire
2992 1471 3107 1517 eos,
3161 1471 3325 1524 seque
3357 1457 3485 1522 ipsis

1931 1560 1995 1598 ex
2031 1554 2301 1613 praecepto
2333 1545 2462 1615 legis
2489 1546 2797 1609 ostendere,
2831 1546 2959 1610 imo,
2990 1545 3132 1613 quod
3178 1546 3296 1614 plus
3322 1546 3481 1608 valet,

1930 1635 2133 1688 donum
2165 1650 2193 1686 a
2224 1634 2367 1688 Mose
2406 1635 2732 1702 postulatum
2756 1635 3177 1703 oll‘errejubens.
3215 1634 3269 1688 Si
3303 1643 3484 1688 vetera

1932 1725 2091 1777 novis
2143 1724 2386 1791 Opposita
2439 1734 2585 1787 sunt,
2637 1725 2907 1792 quomodo
2950 1739 3062 1786 eos,
3121 1724 3211 1791 qui
3272 1724 3483 1777 Domini

270 1801 535 1853 Καὶείτά
568 1804 769 1856 παλαιά
815 1808 928 1867 τοῖς
972 1806 1109 1861 νέοις
1149 1809 1492 1878 διαμάχεται,
1545 1811 1660 1873 πῶς
1704 1813 1829 1874 τοὺς
1855 1871 1898 1885 Ἀ
1933 1831 1942 1882 ι

1808 1830 1898 1885 :h
1933 1822 2199 1883 pmcepta
2261 1813 2644 1883 impleverunt,
2692 1825 2749 1868 et
2781 1816 2831 1867 in
2882 1816 3051 1885 gratia
3098 1816 3295 1868 versati
3335 1824 3480 1876 sunt.

269 1887 564 1957 πληρωτὰς
585 1892 693 1943 τῶν
715 1895 1056 1947 Δεσποτικῶν
1106 1896 1335 1948 ἐντολῶν
1366 1898 1458 1949 καὶ
1508 1899 1823 1952 πολιτευσα-
1855 1871 1899 1928 Β
1928 1904 1941 1956 i

1811 1931 1823 1940 -
1855 1871 2041 1972 Bipse
2097 1904 2353 1957 Servator
2406 1905 2473 1957 ab
2531 1905 2741 1958 oriente
2788 1914 2841 1957 et
2900 1906 3177 1957 occidente
3229 1906 3483 1959 collectos

273 1980 471 2044 μένους
502 1981 560 2031 ἐν
590 1985 655 2051 τῇ
688 1984 869 2051 χάριτι
907 1984 1015 2036 ἀπὸ
1038 1986 1312 2037 ἀνατολῶν
1348 1988 1441 2039 καὶ
1465 1988 1680 2055 δυσμῶν
1702 2006 1827 2041 συν-
1920 2010 1945 2048 c

1809 2018 1827 2029 -
1920 2010 2043 2048 cum
2069 1994 2373 2048 Abrahamo
2402 2004 2455 2048 et
2488 1994 2664 2049 Isaaco
2692 2004 2746 2049 et
2768 1994 2934 2049 Jacob
2956 1997 3022 2026 ¹·³
3054 1996 3143 2065 qui
3180 1995 3481 2048 secundum

268 2068 419 2133 άγων
465 2073 492 2121 6
537 2072 723 2141 Σωτὴρ
770 2075 948 2136 αὐτὸς,
987 2077 1122 2144 μετά
1171 2075 1263 2127 τοῦ
1304 2076 1551 2146 Ἀϐραὰμ
1611 2081 1826 2131 καὶτοῦ
1924 2084 1939 2137 l

1809 2082 1826 2131 5
1924 2084 2094 2155 legem
2130 2084 2239 2139 Deo
2284 2085 2620 2153 placuerunt,
2653 2087 2704 2139 in
2738 2102 2901 2156 regno
2948 2088 3207 2140 caelorum
3254 2100 3481 2155 congre-

281 2159 469 2210 Ἰσαὰκ
504 2162 597 2212 καὶ
626 2162 718 2214 τοῦ
758 2162 967 2226 Ἰακὼϐ,
994 2166 1117 2227 τοὺς
1160 2166 1299 2217 κατὰ
1339 2168 1499 2235 νόμον
1530 2170 1828 2238 εύηρεστη-
1924 2191 1953 2243 g

1807 2195 1828 2207 -
1924 2183 2010 2243 gat
2043 2182 2097 2227 et
2136 2174 2435 2245 coniungit,
2474 2177 2578 2238 vel,
2634 2177 2777 2243 quod
2807 2177 2987 2229 dicere
3032 2177 3113 2228 fas
3167 2185 3267 2236 est,
3330 2176 3479 2244 regni

269 2246 434 2309 κότας
460 2249 577 2319 Θεῷ
602 2253 658 2302 ἐν
679 2255 742 2321 τῇ
764 2253 1011 2324 βασιλείᾳ
1038 2257 1345 2324 συνεισάγει
1357 2274 1414 2310 τε
1438 2259 1529 2310 καὶ
1553 2260 1830 2312 συντάττει
1924 2278 1941 2317 ε

1805 2278 1830 2312 ηι
1924 2263 2006 2317 sui
2038 2279 2103 2317 ex
2147 2273 2380 2332 utroque
2441 2263 2790 2319 Testamento
2834 2266 3142 2319 cohaeredes
3176 2264 3477 2329 constituit,

269 2340 381 2390 τῶν
410 2342 674 2411 οὐρανῶν.
720 2346 863 2397 Ἴσον
892 2346 947 2398 δέ
978 2348 1122 2398 ἐστιν
1145 2348 1317 2400 εἰπεῖν
1352 2349 1453 2416 τῆς
1503 2349 1667 2401 αὑτοῦ
1707 2367 1833 2417 συγ-
1926 2368 1941 2403 ι

1730 2367 1833 2417 πυγ-
1926 2361 1985 2406 ιιι
2017 2352 2179 2405 simul
2204 2352 2479 2421 promissis
2509 2362 2561 2406 et
2591 2354 2809 2407 aeternis
2836 2354 2991 2407 bonis
3020 2354 3121 2407 frui
3145 2353 3355 2421 possint
3380 2353 3402 2405 ?

273 2432 646 2503 κληρονόμους
676 2453 733 2488 τε
785 2438 1071 2509 καθίστησι
1102 2441 1225 2503 τοὺς
1290 2441 1349 2508 ἐξ
1406 2442 1668 2511 ἑκατέρας
1739 2443 2021 2515 διαθήκης,
2072 2445 2165 2497 καὶ
2241 2445 2705 2507 συναπολαύοντας
2753 2445 2862 2497 τῶν
2918 2446 3340 2516 ἐπηγγελμένων
3388 2446 3481 2498 καὶ

267 2530 503 2579 αἰωνίων
536 2527 771 2593 ἀγαθῶν.
792 2519 805 2529 ’

343 2623 441 2673 1Δ’.
466 2618 590 2690 'Ap‘
618 2618 710 2674 οὖν
735 2620 879 2675 ἔστιν
908 2623 1087 2691 εὑρεῖν
1126 2641 1179 2677 τι
1212 2625 1309 2694 τῆς
1336 2625 1599 2695 λεγούσης
1640 2625 1824 2695 φωνῆς
1996 2619 2015 2674 1

1808 2643 1824 2689 ;
1996 2618 2135 2674 XIV.
2159 2620 2295 2674 Num
2319 2621 2439 2689 quis
2478 2621 2637 2690 igitur
2658 2620 2871 2675 dabitur
2902 2636 3077 2676 sermo
3105 2624 3272 2693 magis
3309 2625 3480 2683 furio-

273 2713 664 2782 μανικώτερον,
693 2715 724 2783 ἥ
751 2715 848 2783 τῆς
874 2715 1109 2777 διανοίας
1139 2716 1437 2788 ἀθεώτερον
1475 2719 1582 2771 τῶν
1621 2721 1827 2771 ἐννοου-
1928 2730 1945 2767 ε

1806 2748 1827 2759 -
1928 2729 2040 2777 sus,
2070 2714 2447 2767 autsententia
2467 2713 2635 2782 magis
2661 2712 2843 2781 impia,
2876 2729 3033 2780 quam
3062 2730 3247 2769 eorum
3274 2727 3357 2770 est
3384 2722 3478 2787 qui

273 2805 453 2871 μένων
478 2805 611 2867 ὅλως
632 2806 709 2865 είς
733 2806 1057 2872 ἀντιπάλους
1076 2809 1368 2877 διασχίζειν
1401 2810 1593 2879 μοίρας
1612 2809 1710 2878 τὴν
1734 2809 1830 2878 χά-
1929 2822 1945 2874 ι

1805 2841 1830 2851 -
1929 2806 2148 2874 gratiam
2186 2814 2240 2858 et
2268 2804 2438 2873 legem
2477 2805 2543 2857 ad
2599 2805 2840 2874 opposita
2894 2806 3153 2875 principia
3218 2808 3477 2873 referunt,

272 2912 363 2961 ριν
380 2896 473 2947 καὶ
497 2896 587 2947 τὸν
614 2898 794 2965 νόμον,
828 2900 921 2952 καὶ
946 2900 1071 2961 τοὺς
1093 2900 1150 2951 ἐν
1178 2900 1409 2970 ἑκατέρᾳ
1430 2900 1828 2970 διαπρέψαντας
1934 2913 1944 2949 l

1808 2917 1828 2963 ;
1934 2911 2133 2965 eosque
2162 2897 2250 2963 qui
2291 2898 2392 2951 sub
2447 2907 2673 2964 utraque
2724 2897 2997 2964 republica
3054 2899 3325 2961 vixerunt,
3374 2915 3480 2953 non

272 2987 521 3056 πολιτείᾳ
547 2988 621 3058 μὴ
659 2990 748 3040 τὸν
794 2990 957 3042 αὐτὸν
1011 2992 1217 3058 ἀγαθὸν
1262 2991 1593 3062 θεραπεῦσαι
1650 2992 1828 3059 λέγειν
1932 3005 1944 3040 ι

1807 3010 1828 3044 ν
1932 2987 2180 3041 eumdem
2212 2989 2443 3041 coluisse
2466 2989 2666 3040 bonum
2688 2988 2872 3051 Deum,
2905 2988 2998 3041 sed
3022 2990 3305 3041 contrariis
3326 2991 3479 3059 prin-

1927 3077 2085 3144 cipiis
2121 3076 2321 3129 divisos
2345 3077 2616 3128 contrario
2659 3077 2824 3128 etiam
2873 3077 3015 3129 cultu
3060 3092 3184 3130 usos
3231 3092 3353 3131 esse
3398 3078 3482 3131 di-

1926 3166 2086 3219 cant?
2109 3166 2348 3232 Cumquc
2385 3167 2571 3218 doctor
2609 3167 2791 3233 gratiae
2834 3165 2998 3218 Mosis
3024 3166 3214 3219 iterum
3245 3167 3482 3235 proferat

1925 3263 2213 3322 prmeepta,
2247 3269 2473 3320 quorum
2506 3265 2558 3306 ct
2577 3254 2676 3307 hoc
2693 3262 2775 3307 est
2792 3255 2933 3322 quod
2954 3255 3197 3324 pratcipit
3230 3274 3243 3308 :
3266 3256 3480 3309 Patrem

1929 3355 1977 3397 et
2027 3354 2247 3397 matrem
2281 3347 2420 3405 cole;
2470 3346 2576 3398 imo
2614 3346 2870 3399 ultionem
2927 3346 3043 3414 ejus
3083 3348 3369 3415 suscipiat;
3415 3362 3479 3400 ea

271 3078 427 3140 Θεὸν,
464 3078 578 3130 ἀλλ’
626 3080 1033 3148 ἀντικειμέναις
1088 3082 1612 3144 συνδιασπασθέντας
1638 3085 1831 3151 ἀρχαῖς

270 3170 362 3219 διὰ
396 3172 707 3238 μαχομένης
748 3171 998 3237 λατρείας
1049 3173 1298 3241 ἀλλήλοις
1358 3172 1665 3240 προελθεῖν;
1724 3173 1831 3225 Καὶ

272 3257 515 3319 Μωσέως
546 3259 601 3310 δὲ
636 3259 796 3312 πάλιν
854 3260 953 3321 τάς
982 3259 1200 3322 ἐντολὰς
1231 3262 1259 3313 6
1297 3261 1394 3329 τῆς
1429 3261 1648 3330 χάριτος
1688 3278 1827 3328 παρ-

272 3350 422 3415 ἀγων
445 3310 736 3419 εἰσηγητὴς
759 3343 831 3404 ὧν
847 3310 961 3403 ἐστι
983 3352 1079 3419 μία
1111 3310 1202 3404 καῖ
1225 3352 1279 3420 ἡ,
1320 3310 1461 3419 ὤίᾷιιῖ
1481 3310 1585 3403 τὸν
1600 3310 1822 3417 :z'arépra
1850 3310 1893 3370 C

270 3455 411 3503 σου,
441 3440 822 3509 νομοθετοῦσα,
852 3442 948 3493 καί
1003 3442 1118 3507 τὴν
1149 3442 1373 3509 μητέρα
1415 3458 1529 3495 σου
1564 3458 1576 3470 ’
1622 3443 1821 3509 μᾶλλον

268 3531 330 3581 δέ
350 3531 603 3599 πράττων
627 3531 804 3583 αὐτῶν
831 3533 932 3601 τὴν
959 3533 1259 3598 ἐκδίκησιν,
1299 3532 1514 3593 ἐντολὰς
1548 3534 1645 3601 μὲν
1693 3533 1824 3584 ταύ-

270 3640 369 3684 τας
400 3625 687 3690 ἀποφαίνει
724 3623 879 3677 Θεοῦ.
914 3625 1010 3676 Διά
1040 3625 1095 3677 δέ
1139 3642 1202 3689 γε
1236 3627 1333 3691 τῆς
1384 3626 1676 3694 εἰρημένης
1730 3626 1823 3677 καὶ

269 3716 364 3765 τὸν
386 3717 831 3783 ἐγκεκρυμμένον
853 3715 953 3777 τῆς
976 3715 1197 3783 καρδίας
1241 3715 1406 3775 δόλον.
1432 3718 1526 3768 καὶ
1556 3717 1659 3784 τὴν
1689 3716 1821 3768 ὑπό-

272 3821 453 3871 κρισιν
476 3805 581 3855 τῶν
624 3804 890 3856 Ἰουδαίων
929 3803 1260 3872 ἀπογυμνῶν
1284 3804 1373 3855 καὶ
1396 3803 1705 3873 διελέγχων,
1740 3804 1821 3855 ὅτι

270 3893 381 3944 τῶν
408 3892 567 3944 θείων
596 3894 1027 3963 προσταγμάτων
1068 3893 1268 3960 ταύτης
1293 3893 1471 3961 ἶούσης
1524 3894 1673 3945 αὐτοὶ
1723 3894 1822 3955 τάς

268 3983 477 4044 οίκείας
516 3983 732 4045 ἐντολὰς
774 3984 1081 4053 ἔμπροσθεν
1130 3983 1223 4051 τῆς
1258 3986 1319 4035 ἐκ
1365 3984 1497 4035 Θεοῦ
1536 3984 1820 4053 δεδομένης

268 4069 421 4141 ἦγον.
450 4073 638 4124 Καίτοι
659 4074 819 4124 πόσον
837 4068 900 4143 ἦν
929 4073 1248 4141 κουφότερον
1271 4072 1632 4140 ἀνθρωπίναις
1656 4088 1821 4141 προσ-

268 4166 484 4233 ανέχειν
539 4166 869 4233 ὑποθήκαις.
922 4167 1063 4234 ἥπερ
1091 4166 1153 4226 ἃς
1200 4168 1227 4217 6
1264 4166 1568 4233 ἀρχέκακος
1616 4167 1820 4217 ἀνετεί-

270 4348 461 4415 θηταῖς
487 4346 584 4396 οὐκ
613 4346 845 4411 εὐλόγως
870 4346 1382 4414 προσκεκρουκότων
1441 4344 1671 4410 σφοδρὰν
1723 4345 1820 4413 τὴν

270 4434 587 4499 ἐπιτίμησιν
632 4433 945 4499 ἐπαφίησιν,
998 4432 1149 4483 οὐδὲν
1199 4432 1305 4482 τῶν
1338 4433 1415 4492 είς
1468 4431 1671 4501 βρῶσιν
1723 4433 1816 4483 καὶ

270 4524 428 4574 πόσιν
488 4523 750 4590 ἡκόντων,
801 4523 989 4590 ὅτιπερ
1038 4521 1159 4573 οὔτε
1210 4525 1396 4584 κοινοῖ,
1432 4520 1554 4573 οὔτε
1601 4522 1818 4592 βεδηλοῖ

265 4613 359 4663 τὸν
396 4612 679 4679 ἄνθρωπον
711 4612 1160 4679 ἀποφαινόμενος.
1192 4613 1301 4663 Καὶ
1326 4613 1425 4682 ὅρα
1471 4613 1545 4673 ὡς
1597 4613 1658 4665 οὐ
1701 4613 1819 4667 κατ’
1854 4639 1897 4693 D

265 4703 491 4753 ἐκείνων
518 4704 694 4770 μόνον,
719 4704 832 4755 ἀλλ’
853 4702 1003 4754 οὐδὲν
1035 4702 1253 4754 ἔλαττον
1286 4703 1375 4753 καὶ
1394 4701 1515 4753 καθ’
1534 4703 1686 4771 ὑμῶν
1730 4704 1820 4754 αὐ-

263 4793 375 4844 τῶν
433 4795 465 4861 ἡ
520 4793 650 4845 ’θεία
713 4793 889 4861 ψῆφος
936 4792 1248 4859 ἐκφέρεται.
1323 4792 1578 4854 Ἐκείνοις
1632 4793 1727 4860 μὲν
1784 4792 1818 4845 ἃ

268 4883 541 4950 μηδεμίαν
633 4884 785 4952 φέρει
872 4883 1074 4951 βλάϐην
1160 4881 1369 4933 οἴκοθεν
1455 4882 1522 4933 τά
1596 4881 1819 4950 βρῶμα-

264 4987 334 5021 τα
362 4970 784 5039 καθυϐρίζουσα,
821 4972 971 5041 ὑμῶν
992 4972 1048 5023 δὲ
1071 4972 1166 5039 τὴν
1190 4970 1533 5039 βλασφημίαν
1562 4989 1817 5040 προαναι-

270 5060 443 5127 ροῦσα
476 5061 570 5111 καὶ
624 5062 1084 5130 προεκτέμνουσα,
1143 5062 1209 5115 δι’
1259 5058 1323 5132 ἧς
1385 5063 1642 5131 πονηρίας
1675 5060 1814 5116 εἶναι

264 5152 439 5200 ταῦτα
473 5152 567 5201 καὶ
606 5150 781 5218 λέγειν
812 5154 903 5203 καὶ
934 5152 1169 5221 νομίζειν
1194 5151 1586 5221 παρηνέχθητε.
1616 5153 1676 5204 Ei
1708 5153 1814 5223 γὰρ

340 5261 387 5293 ’³
418 5262 602 5316 Matth.
646 5278 763 5326 vni,
801 5263 885 5316 ll.

1929 3436 2145 3503 quidem
2176 3436 2267 3487 Dei
2316 3444 2582 3503 prazcepta
2617 3451 2736 3489 esse
2772 3438 2933 3490 edicit
2975 3437 3268 3505 eademque
3316 3453 3478 3506 opera

1928 3540 2024 3593 per
2039 3534 2387 3578 memoratam
2416 3526 2586 3593 legem
2626 3537 2678 3579 et
2698 3525 2878 3579 dolum
2912 3527 2964 3579 in
2992 3527 3173 3579 animo
3201 3527 3479 3589 latentem,

1926 3624 1981 3667 et
2013 3615 2317 3682 hypocrisin
2344 3613 2649 3667 Judaaorum
2689 3614 2921 3668 denudat
2948 3630 3011 3669 ac
3038 3617 3283 3686 castigat.
3335 3617 3477 3684 quod

1928 3720 2051 3759 cum
2081 3705 2130 3758 id
2156 3720 2219 3758 ex
2255 3704 2537 3772 praeceptis
2564 3705 2761 3757 divinis
2779 3707 2867 3767 sit,
2905 3705 3003 3773 ipsi
3036 3706 3134 3775 legi
3159 3706 3355 3759 divina:
3381 3721 3478 3759 sua

1931 3794 2244 3862 praeferant.
2275 3792 2408 3846 Nam
2440 3807 2569 3845 sane
2600 3803 2653 3845 et
2678 3792 2889 3846 facilius
2920 3804 3054 3857 erat,
3102 3795 3477 3863 praeceptioni—

1927 3885 2028 3937 bus
2054 3885 2304 3937 humanis
2346 3884 2584 3945 obedire,
2610 3898 2771 3950 quam
2824 3899 2957 3950 quas
2987 3883 3249 3950 Malignus
3294 3884 3477 3950 injun-

1928 3984 2098 4028 xerat.
2135 3974 2356 4027 Interim
2400 3988 2495 4042 per
2539 3989 2655 4027 eam
2686 3974 2901 4042 (legem)
2956 3974 3097 4037 illos,
3144 3974 3233 4041 qui
3282 3982 3479 4042 plaater

1928 4066 2191 4119 rationem
2216 4065 2492 4133 discipulis
2525 4079 2582 4118 se
2615 4064 2840 4118 infestos
2874 4064 3202 4132 praebebant,
3248 4064 3480 4132 graviter

1927 4157 2192 4224 obiurgat,
2219 4156 2535 4218 ostendens,
2556 4155 2690 4207 nihil
2723 4169 2929 4215 eorum,
2958 4169 3078 4222 qua:
3106 4155 3159 4205 in
3188 4154 3368 4207 cibum
3424 4162 3480 4207 et

1925 4254 2109 4314 potum
2130 4253 2501 4308 assumuntur,
2538 4243 2623 4296 vel
2652 4244 2937 4311 inquinare
2968 4242 3051 4295 vel
3095 4243 3333 4310 polluere
3378 4240 3477 4294 ho-

1926 4336 2150 4388 minem.
2182 4336 2247 4388 Et
2273 4336 2413 4398 vide,
2439 4334 2582 4403 quod
2602 4350 2710 4387 non
2736 4335 2907 4387 solum
2954 4342 3138 4387 contra
3192 4333 3330 4394 illos,
3381 4332 3477 4385 sed

1926 4436 1981 4478 et
2003 4440 2109 4478 non
2134 4426 2313 4478 minus
2345 4433 2531 4478 contra
2562 4440 2655 4477 vos
2681 4425 2826 4491 ipsos
2862 4424 3038 4477 divina
3070 4424 3335 4477 sententia
3360 4438 3479 4491 pro-

1926 4516 2215 4568 nunciatur
2253 4532 2265 4567 :
2300 4524 2489 4568 contra
2542 4514 2662 4567 illos
2687 4514 2926 4581 quidem,
2989 4513 3183 4580 quibus
3219 4520 3343 4564 nota
3401 4512 3478 4563 in-

1925 4604 2117 4669 uritur,
2147 4604 2285 4668 ideo,
2310 4605 2452 4672 quod
2473 4603 2576 4657 cibi
2601 4604 2653 4656 in
2681 4618 2759 4665 se,
2782 4605 2979 4656 nullam
3000 4619 3191 4656 noxam
3219 4602 3472 4666 aderant;

1924 4710 2020 4751 vos
2049 4704 2250 4760 autem,
2280 4711 2507 4763 quorum
2531 4696 2853 4748 calumniam
2887 4705 3114 4764 occupat
3136 4705 3189 4748 et
3218 4694 3473 4762 praesciu-

1924 4788 2021 4851 dit,
2045 4803 2140 4855 per
2158 4803 2319 4854 quam
2341 4802 2406 4840 ex
2430 4786 2567 4839 Malo
2592 4802 2652 4840 ea
2673 4801 2791 4841 esse
2815 4796 2869 4840 et
2896 4787 3073 4841 dicere
3096 4786 3474 4839 etexistimare

1923 4878 2225 4931 sustinetis.
2257 4876 2409 4940 Quod
2436 4876 2479 4930 si
2510 4876 2653 4930 enim
2682 4892 2712 4929 a
2742 4877 2883 4931 malo
2905 4876 3183 4929 conditore
3225 4883 3352 4927 sunt
3388 4888 3472 4926 se-

1927 4968 2070 5022 mina
2106 4968 2422 5037 etgermina
2457 4982 2522 5020 ex
2543 4976 2686 5020 terra
2721 4976 2859 5031 orta,
2899 4976 2953 5020 et
2998 4982 3116 5033 qua:
3144 4966 3210 5019 ad
3267 4983 3469 5034 rerum,

1924 5059 2129 5111 ratione
2156 5057 2476 5120 carentium,
2533 5058 2759 5109 classem
2797 5057 3087 5124 pertinent,
3155 5072 3335 5110 nonne
3384 5059 3471 5112 illa

1920 5163 2036 5212 eos,
2072 5149 2161 5216 qui
2190 5147 2274 5201 bis
2299 5146 2550 5201 fruuntur
2583 5146 2989 5210 etnutriuntur,
3018 5147 3261 5215 polluunt
3296 5156 3349 5200 et
3382 5150 3470 5201 in-

1332 5376 1562 5431 VARIAE
1602 5376 1980 5432 LECTIONES
2020 5378 2105 5430 ΕΤ
2141 5374 2369 5430 NOTAE.

339 5495 415 5564 (4)
461 5492 843 5564 11111thch
878 5493 953 5545 Ita
1017 5490 1232 5559 quidem
1282 5490 1398 5560 lego
1452 5506 1548 5564 pro
1604 5492 1818 5564 πληρω-

339 5508 415 5564 (4)
461 5508 802 5557 υληρωτας.
879 5508 953 5545 tta
1017 5508 1232 5559 quidem
1284 5508 1398 5560 tego
1452 5508 1548 5559 pro
1604 5508 1818 5614 πληρω-

266 5566 481 5624 θέντας,
518 5563 660 5628 quod
695 5562 885 5615 eratin
911 5576 1045 5625 ms.;
1081 5575 1258 5613 sermo
1311 5571 1392 5613 est
1438 5562 1580 5614 enim
1610 5562 1674 5615 de
1737 5577 1818 5614 ιο-

266 5633 509 5689 tninibus
526 5632 695 5697 legem
726 5630 1080 5684 servantibus.

344 5704 420 5769 (5‘.
472 5698 682 5767 ’Υμών.
716 5699 809 5751 Ms.
864 5700 991 5769 legit
1034 5700 1216 5767 ἡμῶν.
1276 5698 1727 5769 quemadmodum
1768 5709 1823 5752 et

270 5771 431 5842 paulo
448 5778 570 5839 post
601 5769 798 5824 iterum
821 5768 873 5821 in
914 5768 1014 5823 hac
1053 5769 1290 5824 periodo.
1331 5768 1591 5837 Utrinque
1622 5784 1716 5838 per
1745 5783 1823 5823 er-

1925 5508 2099 5563 rorem
2128 5490 2612 5563 librarii.__Sequ_en_s
2634 5492 2777 5563 enim
2808 5491 3185 5561 παρηνέχθητε
3207 5497 3463 5563 ostendit,

1926 5562 2171 5615 Photium
2205 5560 2290 5613 hic
2328 5560 2520 5626 alloqui
2575 5560 3173 5630 Paulicianos,re05que
3206 5578 3235 5615 a
3278 5560 3471 5619 Serva-

1929 5630 2376 5755 toie'confutatos
2400 5630 2595 5685 dicere.
2644 5629 2825 5698 Itaque
2878 5629 3131 5701 intriane
3182 5633 3466 5702 legendum

1927 5715 1986 5755 es
2052 5716 2223 5767 υμων.
