4234 6432
767 427 866 491 (ἐοἹ

1886 417 2140 478 ΙἮΟΤΙΙ
2181 418 2678 478 ΡΛΤΗΗΗΟΠΈ
2720 421 2808 478 (Il'

3880 415 3984 480 208

766 532 1012 600 quinant,
1044 543 1105 580 ac
1134 526 1352 595 duplici,
1381 528 1486 579 imo
1506 540 1632 578 vero
1663 524 1942 593 multiplici
1978 540 2038 578 ac
2065 526 2320 577 continua
2354 528 2395 582 Α
2425 544 2438 574 -.

2315 545 2320 576 l
2354 528 2395 582 .\
2425 527 2521 594 τῆς
2556 529 2863 595 ἀρχεκάκου
2893 528 3250 596 δημιουργίας
3308 529 3374 580 τὰ
3417 528 3527 581 ἀπὸ
3583 529 3686 596 γῆς
3744 531 3987 595 φυόμενα

767 613 1029 683 pravitate
1050 614 1273 681 implent
1305 613 1453 674 dum,
1478 611 1603 665 hinc
1625 612 1882 664 malitiam
1913 612 2164 664 humanis
2190 628 2322 665 cor-

767 702 988 772 poribus
1020 702 1086 754 ab
1124 711 1244 753 ortu
1277 701 1487 753 insitam
1517 710 1734 770 augent,
1771 709 2093 754 conservant
2115 709 2169 752 et
2202 717 2324 752 cou-

767 795 990 858 tinent;
1054 793 1177 846 hinc
1229 793 1550 860 pravitatem
1605 794 1849 845 innatam
1921 801 2199 844 maturant
2271 800 2325 843 et

767 881 1114 949 protrudunt.
1174 879 1278 932 Sed
1331 879 1374 931 si
1424 880 1567 948 leges
1623 879 1870 932 Mosaicze
1921 895 2028 932 non
2069 889 2251 933 essent
2295 894 2323 930 a

766 974 1006 1027 benclica
1041 971 1379 1041 providentia
1423 973 1696 1040 prolectat,
1739 973 2011 1039 quomodo
2066 971 2324 1024 Dominus

768 1063 917 1132 regni
972 1063 1230 1115 cmlorum
1275 1063 1535 1123 scribam,
1595 1061 1711 1114 illas
1752 1062 2167 1130 approbantem,
2217 1062 2326 1129 pri-

768 1170 1016 1222 mamque
1040 1164 1094 1208 et
1123 1154 1416 1208 secundam
1464 1168 1650 1206 carum
1695 1152 2074 1221 recipientem,
2114 1151 2323 1214 dilexit,

767 1258 821 1300 et
862 1248 1109 1300 laudibus
1173 1248 1409 1309 ornavit,
1450 1246 1649 1315 quippe
1701 1246 1792 1314 qui
1859 1256 1912 1298 et
1963 1245 2326 1313 principatum

769 1344 873 1394 illis
905 1340 1153 1392 tribuerit
1207 1355 1329 1392 cum
1378 1339 1607 1400 ratione,
1654 1351 1851 1404 easque
1892 1337 2040 1388 cultu
2067 1345 2121 1388 et
2149 1336 2330 1389 studio

768 1442 1090 1501 prosccutus
1120 1431 1228 1482 sit?
1269 1428 1424 1492 Quod
1472 1443 1600 1480 vero
1639 1431 1704 1479 ad
1740 1426 1951 1479 laudem
2007 1426 2127 1494 plus
2166 1427 2326 1489 valet,

767 1524 909 1584 ideo,
943 1521 1085 1590 quod
1127 1536 1154 1572 a
1201 1520 1349 1572 Bono
1387 1518 1628 1586 profecta
1661 1528 1817 1571 erant
1846 1517 2006 1570 Mosis
2033 1526 2326 1585 praecepta,

768 1630 916 1676 eum,
946 1614 1036 1682 qui
1065 1613 1119 1665 in
1144 1612 1249 1665 illis
1282 1611 1496 1669 vixerit,
1530 1611 1844 1676 cultumque
1867 1609 1971 1661 illis
2001 1608 2326 1671 exhibuerit,

769 1720 878 1756 non
917 1703 1104 1771 procul
1145 1718 1172 1753 a
1206 1716 1370 1768 regno
1418 1699 1679 1751 cmlorum
1734 1713 1854 1751 esse
1894 1697 2174 1766 professus
2223 1707 2325 1751 est.

769 1796 856 1849 Sic
901 1804 955 1847 et
1009 1792 1324 1845 Zachariam
1375 1800 1430 1843 et
1482 1789 1867 1852 Elisabetham,
1927 1790 2092 1841 vitam
2131 1803 2326 1842 secun-

769 1889 897 1940 dum
940 1887 1112 1954 legem
1176 1883 1526 1944 instruentes,
1577 1881 1756 1934 videre
1801 1880 1927 1932 licet
1966 1895 1997 1932 a
2048 1878 2323 1947 Scriptura

769 1995 917 2032 sacra
972 1979 1145 2044 justos
1205 1975 1617 2043 pronuntiatus,
1679 1987 1785 2023 non
1845 1970 2184 2038 simpliciter,
2232 1971 2325 2024 sed

769 2070 837 2121 ita
909 2079 966 2120 ut
1031 2067 1240 2134 iustitia
1328 2066 1564 2132 ipsorum
1625 2077 1807 2114 coram
1865 2061 1974 2114 Deo
2036 2061 2325 2114 manifesta

768 2160 999 2212 dicatur.
1060 2155 1212 2220 Quod
1260 2155 1434 2222 ipsum
1491 2152 1748 2214 ostendit,
1807 2167 1902 2205 eos
1951 2167 2059 2205 non
2113 2166 2176 2204 ex
2220 2152 2326 2204 hu—

769 2265 927 2303 mana
980 2248 1146 2317 gloria
1201 2246 1463 2311 justitiam
1512 2244 1778 2308 nancisci,
1841 2243 1935 2297 sed
1979 2258 2040 2297 ea
2078 2259 2160 2309 se,
2201 2252 2328 2296 tan-

770 2357 930 2410 quam
959 2339 1124 2393 divini
1145 2339 1332 2407 judicii
1363 2349 1588 2400 ornatu,
1615 2337 1834 2390 vestire.
1873 2335 2014 2400 Quid
2045 2350 2172 2389 vero
2207 2344 2331 2389 tan-

769 2433 892 2483 dem
923 2430 1103 2499 Operis
1133 2429 1518 2497 prmstitcrunt,
1564 2436 1623 2480 ut
1667 2425 1808 2480 hanc
1845 2427 2101 2495 gratiam,
2142 2439 2200 2477 se
2238 2438 2328 2476 or-

769 2531 1009 2582 nantcm,
1049 2515 1628 2584 consequerentuan
1654 2516 1911 2578 omnibus,
1953 2515 2149 2583 inquit,
2195 2530 2330 2582 pra:-

771 2612 932 2678 rcptis
971 2621 1016 2663 et
1052 2609 1302 2661 institutis
1338 2607 1546 2659 Domini
1584 2606 1922 2659 ambularunt
1965 2605 2327 2673 inculpabiles.

771 2701 999 2766 Quando
1030 2699 1190 2769 igitur
1221 2713 1371 2752 sacra
1402 2696 1620 2750 oracula
1647 2711 1760 2761 eos,
1785 2697 1874 2765 qui
1917 2696 2161 2750 Mosaieis
2194 2711 2328 2765 pra:-

771 2790 944 2857 ccptis
977 2786 1197 2842 exerciti
1238 2796 1401 2847 sunt,
1444 2786 1620 2854 justos
1668 2794 1725 2838 et
1768 2785 2179 2854 reprehensioni
2221 2799 2331 2837 non

773 2879 1034 2932 obnoxios
1075 2877 1456 2946 pronuntiant,
1501 2885 1557 2929 tu
1598 2891 1726 2930 vero
1760 2890 1855 2929 eos
1896 2885 1952 2929 ut
1992 2877 2206 2930 malitia:
2227 2877 2332 2930 mi-

775 2971 974 3023 nistros
1018 2968 1334 3022 calumniari
1381 2967 1580 3030 audes,
1626 2966 2085 3030 nonneostendis,
2135 2976 2185 3021 te
2222 2982 2331 3019 non

776 3062 975 3127 minus,
1006 3074 1167 3128 quam
1208 3059 1364 3123 alios,
1405 3059 1773 3113 Christianum
1821 3074 2022 3112 nomen
2078 3061 2333 3113 mentiri?

2427 618 2714 686 σπέρματα
2753 618 2846 669 καὶ
2904 619 3284 686 βλαστήματα,
3334 618 3429 668 καὶ
3484 619 3582 670 ὅσα
3637 619 3736 686 τὴν
3795 617 3987 683 ἄλογον

2426 707 2774 777 ἐκληρώσατο
2830 709 3011 775 φύσιν,
3083 710 3177 758 ἐπὶ
3233 709 3357 770 τοὺς
3409 709 3734 775 μετέχοντας
3781 709 3984 769 αὐτῶν,

2427 799 2517 849 καὶ
2553 798 2640 848 ὑπ’
2692 798 2871 849 αὐτῶν
2929 799 3295 867 τρεφομένους
3328 799 3388 849 ού
3435 797 3650 865 βεϐηλοῖ
3680 796 3852 848 ταῦτα
3890 798 3988 848 καὶ

2424 890 2619 941 κοινοῖο
2653 890 2745 940 καὶ
2775 888 2988 959 διπλῆς,
3023 891 3221 957 μάλλον
3258 890 3314 942 δὲ
3343 889 3652 956 πολλαπλῆς
3682 889 3775 940 καὶ
3807 888 3986 958 διηνε-

2427 981 2554 1042 κοῦς
2599 980 2943 1049 ἐμπίμπλησι
2979 982 3264 1051 πονηρίας,
3310 981 3467 1033 τοῦτο
3497 983 3594 1050 μὲν
3624 980 3855 1043 αῦξοντα
3886 981 3988 1048 τὴν

2426 1070 2846 1140 ἐμςωλεύουσαν
2862 1072 2968 1124 ἀπὸ
2993 1072 3254 1139 γενέσεως
3282 1073 3395 1133 τοῖς
3417 1070 3778 1141 ἀνθρωπίνοις
3801 1071 3989 1139 σώμασ

2428 1180 2478 1214 σι
2516 1163 2779 1232 πονηρίαν
2814 1162 3210 1232 διακρατοῦντά
3238 1179 3295 1214 τε
3319 1164 3411 1215 καὶ
3441 1163 3732 1232 συνέχοντα
3759 1177 3773 1192 ’
3827 1160 3988 1212 τοῦτο

2427 1253 2604 1306 δὲκαὶ
2652 1253 2747 1322 τὴν
2802 1255 2858 1305 ἐν
2887 1254 3071 1316 αὐτοῖς
3107 1254 3348 1323 ἔμφυτον
3399 1253 3600 1307 κακίαν
3635 1253 3990 1321 ὑποφυόμενά

2428 1360 2484 1395 τε
2520 1345 2610 1396 καὶ¹
2660 1344 3065 1410 συνεπάγοντας
3112 1343 3249 1395 Ἀλλ’
3292 1345 3341 1395 εί
3386 1343 3461 1412 μὴ
3503 1344 3600 1410 τῆς
3645 1341 3987 1412 ἀγαθουργοῦ

2429 1434 2678 1504 προνοίας
2704 1430 2843 1503 ἦσαν
2874 1435 2928 1486 αἱ
2986 1435 3277 1486 Μωσαῖκαὶ
3319 1434 3649 1502 νομοθεσίαι,
3697 1434 3811 1494 πῶς
3837 1435 3865 1484 ὀ
3890 1435 3990 1500 τῆς

2428 1527 2536 1578 τῶν
2566 1524 2808 1594 οὐρανῶν
2838 1523 3108 1591 βασιλείας
3152 1524 3352 1593 Κύριος
3393 1524 3484 1577 τὸν
3517 1523 3990 1591 συγκαταθέμενον

2429 1617 2653 1678 ταύταις
2700 1615 3033 1684 γραμματέα
3070 1615 3161 1666 καὶ
3188 1614 3584 1681 ἀποδεξάμενον
3619 1615 3715 1683 τήν
3743 1630 3801 1663 τε
3837 1613 3988 1680 πρώ-

2429 1723 2528 1775 την
2557 1709 2613 1758 ἐν
2641 1706 2718 1774 τῷ
2740 1706 2888 1774 νόμῳ
2904 1707 2996 1758 καὶ
3027 1706 3123 1774 τὴν
3157 1705 3413 1774 δευτέραν
3445 1705 3682 1773 ἐντολὴν,
3713 1704 3988 1773 ἠγάπησε,

2434 1800 2525 1851 καὶ
2545 1798 2611 1850 δι’
2635 1799 2868 1850 ἐπαίνων
2887 1797 3224 1860 ἐδεξιώσατο,
3243 1798 3323 1848 ὅτι
3344 1812 3403 1847 τε
3424 1797 3688 1864 νουνεχῶς
3715 1797 3907 1856 αὑταῖς
3929 1796 3991 1846 τὺ

2430 1884 2729 1955 πρεσϐεῦον
2770 1885 3168 1953 ἐπεψηφίσατο,
3192 1887 3284 1936 καὶ
3309 1885 3390 1936 ὃτι
3422 1882 3596 1953 τιμῶν
3638 1886 3728 1936 καὶ
3749 1885 3993 1946 ἀσπαζό-

2431 1991 2589 2044 μενος
2615 1975 2813 2036 ταύτας
2841 1973 2995 2043 ὤφθη
3019 1990 3034 2038 ;
3059 1975 3166 2026 Καὶ
3193 1974 3251 2025 τὸ
3277 1974 3463 2042 μεῖζον
3480 1975 3559 2035 είς
3576 1974 3868 2040 ἐγκώμιον,
3897 1972 3994 2024 καὶ

2427 2067 2508 2118 ὅτι
2535 2067 2629 2134 τῆς
2657 2065 2990 2134 ἀγαθότητος
3011 2065 3276 2134 προῆλθον
3293 2065 3348 2116 αί
3373 2065 3724 2126 διάΜωσέως
3752 2064 3988 2124 ἐντολαὶ,

2428 2155 2489 2208 ού
2521 2156 2738 2224 μακρὰν
2769 2151 2908 2206 εἶναι
2938 2156 3253 2224 ἀπεφήνατο
3280 2154 3372 2207 τὸν
3400 2156 3456 2206 ἐν
3481 2154 3702 2216 ταύταις
3729 2154 3991 2222 βεϐιωκόδ

2429 2266 2515 2312 τα,
2547 2249 2640 2300 καὶ
2663 2246 2828 2316 τιμὴν
2848 2247 3029 2308 αὐτοῖς
3062 2246 3256 2310 είδότα,
3280 2246 3379 2315 τῆς
3401 2244 3674 2314 βασιλείας
3693 2245 3802 2298 τῶν
3821 2245 3992 2313 ούρα-

2431 2343 2553 2395 νῶν.
2589 2341 2746 2394 Ἀλλὰ
2763 2342 2868 2411 γὰρ
2888 2343 2914 2394 ό
2933 2341 3204 2410 Ζαχαρίας
3230 2340 3322 2392 καὶ
3343 2341 3375 2409 ἡ
3419 2338 3698 2392 Ἐλισάϐετ
3733 2341 3881 2407 νόμῳ
3900 2338 3994 2388 τὸν

2432 2433 2543 2502 βίον
2569 2432 3004 2501 ίθύνοντες,ὁρᾷν
3047 2431 3430 2494 ἐνεστιν,ὅπως
3464 2431 3566 2481 ὑπὸ
3593 2430 3886 2498 ἱερολογίας
3910 2429 3994 2480 δί-

2431 2524 2574 2577 καιοί
2596 2541 2656 2576 τε
2681 2524 3163 2593 ἀνακηρύττονται,
3185 2525 3276 2575 καὶ
3292 2523 3389 2591 οὐχ
3411 2509 3755 2586 ἀπλῶς,ἀλλά
3779 2521 3872 2573 καὶ
3899 2521 3996 2588 τὴν

2431 2614 2771 2685 δικαιοσύνην
2792 2614 2966 2666 αὐτῶν
2979 2613 3159 2683 έχουσι
3185 2613 3728 2683 παρρησιαζομένην,
3761 2612 3998 2663 ἐνώπιον

2430 2707 2526 2761 τοῦ
2557 2705 2714 2761 Θεοῦ.
2738 2707 2917 2775 Ὅπερ
2937 2705 3036 2758 οὐκ
3057 2705 3114 2770 ἐξ
3133 2704 3477 2773 ἀνθρωπίνης
3511 2704 3665 2772 δόξης
3698 2706 3758 2756 τὸ
3784 2704 3997 2755 δίκαιον

2430 2799 2673 2851 διδάσκει
2702 2797 2908 2859 λαϐεῖν,
2935 2795 3070 2849 άλλά
3097 2795 3246 2858 Θείας
3265 2796 3496 2864 κρίσεως
3525 2795 3728 2863 κόσμον
3774 2796 3994 2856 ἑαυτοῖς

2431 2890 2529 2960 τὴν
2559 2888 2906 2957 δικαιοσύνην
2944 2887 3278 2957 περιϐαλεῖν.
3322 2888 3431 2940 Καὶ
3473 2886 3526 2938 τί
3571 2886 3625 2937 δὲ
3667 2884 4016 2954 πράττοντες

2432 2980 2633 3048 ταύτην
2664 2975 2806 3049 εἶχον
2844 2980 2942 3050 τὴν
2965 2980 3124 3049 χάριν
3154 2979 3462 3048 κοσμοῦσαν
3488 2976 3714 3040 αὑτούς;
3762 2978 3859 3028 Ἐν
3887 2976 4002 3028 πά-

2433 3086 2592 3136 σαις,
2611 3072 2763 3141 φησὶ,
2794 3070 2922 3134 ταῖς
2943 3069 3217 3134 ἐντολαῖς
3243 3068 3341 3122 καὶ
3369 3067 3718 3136 δικαιώμασι
3744 3067 3850 3120 τοῦ
3883 3071 4000 3120 Κυ-

776 3153 888 3206 lino
921 3167 1100 3205 nonne
1129 3167 1236 3205 non
1270 3151 1470 3216 minus,
1509 3151 1552 3203 si
1583 3166 1690 3203 non
1717 3152 1906 3220 magis,
1939 3161 2126 3204 contra
2157 3151 2329 3216 ipsam
2355 3171 2400 3232 ρ
2427 3179 2448 3229 ι

2328 3191 2329 3200 ξ
2355 3171 2400 3232 C
2427 3163 2561 3229 ρίου
2590 3163 2975 3228 πορευόμενοι
3001 3160 3304 3228 ἄμεμπτοι.
3335 3160 3501 3212 Ὀταν
3531 3155 3623 3212 οῦν
3652 3159 3722 3211 τά
3755 3159 3874 3227 ἱερά
3907 3159 4000 3211 λό-

774 3244 1000 3312 gratiam
1028 3257 1187 3310 quam
1209 3252 1396 3295 contra
1432 3242 1599 3311 legem
1636 3241 1891 3311 insurgis,
1909 3251 1962 3295 et
1995 3241 2158 3311 impia
2189 3243 2329 3296 labia

776 3334 830 3384 in
854 3347 970 3384 eam
1002 3345 1210 3392 moves,
1229 3346 1389 3398 quam
1427 3339 1605 3383 tamen
1632 3330 1814 3398 lingua
1839 3331 2086 3396 adorare,
2107 3341 2161 3385 et
2181 3332 2331 3387 cultu

773 3423 1026 3490 prosequi
1065 3430 1116 3475 te
1144 3421 1406 3474 simulas?
1449 3419 1630 3474 Missio
1674 3436 1803 3475 vero
1839 3420 2107 3476 Gabrielis
2146 3438 2177 3475 a
2218 3421 2329 3477 Deo

775 3515 951 3576 facta,
1005 3523 1060 3566 et
1121 3512 1474 3565 sanctiﬁcatio
1540 3513 1676 3566 uteri
1744 3513 1971 3580 virginei
2025 3528 2089 3566 ac
2140 3529 2328 3567 semen

776 3622 883 3658 non
916 3605 1155 3672 experti,
1204 3619 1304 3656 nec
1346 3604 1525 3656 minus
1564 3604 1894 3657 renuntiatio
1934 3604 2166 3667 Davidis,
2209 3612 2329 3657 tan-

773 3711 933 3764 quam
980 3693 1153 3747 Patris
1201 3694 1327 3745 boni
1378 3693 1741 3746 universitatis
1786 3708 1965 3746 rerum
2002 3694 2327 3759 conditoris;

777 3786 993 3839 traditio
1045 3785 1171 3836 item
1221 3783 1403 3834 throni
1438 3780 1650 3835 Davidis
1682 3781 1812 3850 regii
1852 3797 1882 3835 a
1918 3796 2040 3851 rege
2086 3781 2329 3836 omnium

771 3880 824 3930 in
844 3884 1162 3943 perpetuum
1180 3871 1349 3935 facta;
1372 3881 1484 3923 tum
1509 3885 1635 3924 vero
1660 3871 1774 3939 ipsa
1799 3872 1977 3925 carnis
2006 3873 2326 3940 assumptio,

770 3983 834 4021 ac
857 3964 1088 4016 hominis
1105 3962 1412 4029 appellatio,
1431 3978 1591 4030 quam
1612 3962 1788 4016 bonus
1812 3963 1935 4016 boni
1958 3961 2131 4016 Patris
2161 3961 2330 4016 Filius

770 4060 1058 4129 suscepit(
1097 4059 1211 4111 haac
1240 4058 1382 4110 enim
1425 4058 1577 4127 quasi
1629 4075 1724 4129 per
1768 4059 2104 4114 reticentiam
2155 4059 2332 4114 obiter

770 4167 1195 4208 commemorare
1260 4151 1340 4206 fas
1393 4153 1490 4216 sit,
1555 4167 1679 4206 cum
1731 4164 1981 4207 accurata
2032 4152 2330 4206 confutatio

769 4246 1157 4314 blasphemiam
1207 4259 1391 4300 secum
1424 4243 1580 4308 lerat,
1613 4259 1713 4296 nec
1742 4242 1872 4311 ipsis
1896 4243 2118 4296 auribus
2148 4243 2329 4295 teren-

768 4336 890 4389 dam
925 4338 978 4404 ),
1011 4337 1298 4406 quomodo,
1336 4338 1580 4404 inquam,
1605 4335 1706 4387 ista
1751 4333 1931 4387 omnia
1963 4348 2069 4386 non
2110 4348 2324 4387 omnem

767 4430 890 4482 mali
921 4428 1169 4498 principii
1205 4427 1483 4480 audaciam
1517 4435 1570 4480 et
1608 4426 1811 4479 rabiem
1860 4425 2153 4493 dejiciant?
2184 4423 2325 4488 Quid

2431 3267 2524 3318 για
2546 3249 2784 3310 δικαίους
2807 3249 2900 3301 καὶ
2920 3249 3238 3318 ἀμέμπτους
3263 3247 3384 3318 θείᾳ
3407 3247 3580 3316 κρίσει
3602 3249 3722 3308 τοὺς
3745 3249 4002 3299 ἐνασκου-

2434 3339 2628 3408 μένους
2672 3342 2793 3400 ταῖς
2823 3339 3141 3399 Μωσαῖκαῖς
3183 3338 3486 3406 ἀναγράφει
3519 3336 3790 3400 ἐντολαῖς,
3824 3336 3888 3389 σὺ
3944 3338 4002 3390 Et

2431 3429 2693 3498 πονηρίας
2721 3429 2995 3497 ὑπηρέτας
3022 3428 3244 3490 τούτους
3272 3428 3574 3497 ἐξυϐρίζειν
3603 3428 3805 3496 τολμᾷς
3833 3467 3847 3490 ,
3879 3427 4000 3490 πῶς

2431 3517 2492 3569 οὐ
2522 3517 2832 3587 καταψεύδῃ
2862 3517 2957 3584 μὲν
2987 3518 3123 3586 μετὰ
3144 3517 3250 3568 τῶν
3279 3517 3453 3569 ἀλλων
3477 3517 3672 3569 σαυτοῦ
3699 3516 3793 3568 καὶ
3823 3516 3998 3584 αὐτὴν

2429 3605 2528 3675 τὴν
2559 3606 2873 3674 ἐπωνυμίαν
2906 3606 3171 3675 Χριστοῦ;
3199 3606 3319 3669 Πῶς
3344 3606 3398 3659 δὲ
3419 3607 3568 3660 οὐδὲν
3588 3607 3808 3659 ἔλαττον
3838 3609 3887 3659 εί
3920 3608 3996 3676 μὴ

2431 3695 2522 3745 καὶ
2565 3693 2764 3761 μᾶλλον
2797 3694 2914 3746 κατ’
2946 3694 3116 3762 αὐτῆς
3145 3695 3244 3763 τῆς
3274 3695 3491 3765 χάριτος
3525 3697 3666 3765 ήπερ
3696 3695 3790 3748 τοῦ
3828 3699 3996 3765 νόμου

2431 3785 2900 3851 κατεξανίστασαι,
2931 3786 3023 3837 καὶ
3053 3786 3118 3838 τά
3152 3786 3448 3856 βλάσφημα
3485 3787 3637 3857 χείλη
3672 3789 3871 3852 κινεῖς;
3905 3791 3996 3840 καὶ

2429 3877 2597 3928 ταῦτα
2624 3879 2687 3946 τῇ
2712 3876 2926 3947 γλώσσῃ
2949 3879 3408 3946 προσποιούμενος
3431 3883 3753 3946 προσκυνεῖν
3783 3881 3878 3932 καὶ
3908 3880 3995 3932 διά

2433 3966 2768 4036 σεϐάσματος
2804 3968 2956 4033 ἄγειν
2989 3969 3191 4034 αύτήν;
3236 3967 3300 4019 Ἥ
3332 3967 3387 4019 δὲ
3413 3966 3507 4019 τοῦ
3544 3968 3778 4037 Γαϐριὴλ
3811 3969 3994 4020 θεόθεν

2429 4054 2723 4123 ἀποστολὴ,
2747 4055 2841 4106 καὶ
2861 4055 2888 4105 ὁ
2909 4055 3006 4123 τῆς
3027 4055 3266 4126 ἀσπόρου
3290 4056 3383 4106 καὶ
3408 4055 3739 4124 παρθενικῆς
3757 4059 3994 4127 γαστρὸς

2429 4147 2717 4214 ἁγιασμὸς,
2747 4147 2842 4198 καὶ
2864 4145 2923 4197 τὸ
2947 4145 3320 4215 ἀναρρηθῆναι
3343 4146 3558 4215 Πατέρα
3582 4146 3673 4198 τὸν
3698 4147 3864 4199 Δαϐὶδ
3895 4148 3992 4200 τοῦ

2429 4237 2633 4305 ἀγαθοῦ
2665 4237 3006 4305 Δημιουργοῦ
3048 4235 3156 4286 τῶν
3194 4235 3329 4287 ὅλων
3363 4235 3519 4287 Θεοῦ·
3570 4237 3706 4288 ἀλλά
3761 4239 3854 4290 καὶ
3901 4240 3992 4292 τὸν

2430 4333 2638 4383 ἐκείνου
2668 4329 2942 4399 βασιλικὸν
2970 4328 3156 4397 θρόνον
3179 4328 3244 4380 δι’
3269 4328 3460 4390 αίῶνος
3485 4329 3882 4398 ἐγχειρίζεσθαι
3900 4333 3992 4384 τὸν

2429 4421 2535 4472 τῶν
2564 4421 2699 4472 ὅλων
2729 4420 2976 4488 βασιλέα·
3009 4419 3104 4471 καὶ
3143 4418 3326 4480 ἀπλῶς
3355 4419 3414 4470 τὸ
3444 4419 3621 4489 σάρκα
3654 4420 3858 4485 λαϐεῖν,
3894 4424 3992 4475 καὶ

767 4489 998 4572 enim-id
1021 4489 1163 4587 quod
1201 4518 1328 4571 hinc
1367 4516 1738 4585 consequitur,
1780 4489 1950 4584 magis
1971 4515 2320 4580 _horrendum
2349 4489 2439 4564 Dl

2316 4539 2320 4568 ι
2349 4489 2403 4548 Ῑ)
2428 4511 2711 4580 ἄνθρωπον
2758 4508 3092 4579 χρηματίσαι
3135 4509 3225 4560 τὸν
3255 4508 3454 4575 ἀγαθὸν
3486 4510 3611 4562 Υίὸν
3640 4509 3730 4562 τοῦ
3781 4511 3988 4578 ἀγαθοῦ

766 4621 821 4664 et
851 4611 1065 4665 silentio
1096 4609 1423 4677 praeteritum
1462 4607 1660 4660 aﬂ'erre
1686 4607 1913 4664 attinet.
1945 4606 2085 4674 quod
2128 4615 2184 4660 et
2223 4621 2317 4660 co-

767 4700 1025 4770 gitatione
1054 4697 1267 4766 assequi
1299 4697 1460 4761 licet,
1504 4705 1555 4749 et
1580 4697 1686 4764 iam
1718 4705 1842 4749 ante
1880 4695 2170 4748 indicatum
2203 4697 2322 4748 est?

766 4791 1010 4858 Cumque
1044 4789 1120 4842 illi
1153 4804 1218 4842 eo
1251 4788 1475 4840 insania:
1505 4788 1807 4855 mentisque
1847 4787 2155 4856 pertinaciae
2198 4803 2321 4856 per-

767 4881 1039 4941 venerint,
1076 4889 1134 4933 ut
1156 4879 1338 4933 cultus
1373 4879 1555 4949 legalis
1582 4879 1813 4931 asseclas
1842 4879 2233 4938 convicientnr,
2271 4887 2324 4930 et

767 4971 1150 5034 condemnent,
1184 4969 1458 5023 suffecerit
1507 4968 1748 5033 omnino,
1784 4969 1826 5021 si
1856 4971 2028 5037 pietas
2057 4968 2318 5036 impietati

770 5071 928 5116 tanta:
987 5060 1126 5113 nihil
1178 5059 1321 5113 aliud
1369 5058 1711 5128 opposuerit,
1765 5073 1924 5126 quam
1986 5059 2319 5112 tremendum

765 5151 898 5205 illud
964 5149 1315 5217 mysterium,
1367 5148 1796 5203 incarnationem
1854 5148 2056 5201 scilicet
2107 5146 2318 5202 Domini

764 5241 937 5295 nostri
971 5239 1097 5293 Jesu
1127 5239 1348 5300 Christi,
1371 5238 1791 5306 assumptionem
1821 5237 1998 5290 carnis
2023 5252 2088 5290 ex
2112 5238 2318 5290 semine

764 5332 1001 5394 Davidis,
1051 5347 1152 5386 nec
1182 5331 1360 5383 minus
1407 5330 1494 5392 id,
1539 5330 1680 5398 quod
1718 5329 2039 5382 sanctissimi
2087 5329 2319 5398 Spiritus

764 5420 1197 5490 supervenientis
1225 5420 1425 5474 virtute
1454 5419 1733 5486 virgineus
1751 5420 1988 5488 sanguis,
2020 5419 2073 5471 in
2097 5433 2315 5472 carnem

767 5522 1100 5581 compactus,
1141 5511 1415 5563 hominem
1448 5510 1781 5578 produxerit.
1818 5510 1944 5572 imo,
1980 5511 2023 5564 si
2056 5519 2109 5563 et
2144 5511 2318 5564 haere-

767 5603 988 5657 ditatem
1041 5601 1299 5669 aliquam,
1351 5609 1603 5669 tanquam
1658 5611 1955 5668 paternam,
2004 5601 2112 5670 regi
2159 5600 2318 5669 hujus

765 5694 1000 5747 universi
1031 5691 1430 5746 attribuendam
1477 5701 1657 5759 putas,
1701 5692 2099 5745 successionem
2147 5688 2202 5744 in
2231 5708 2317 5745 rc-

765 5801 868 5858 gno
902 5785 1172 5850 Daridico,
1202 5795 1256 5838 et
1287 5783 1490 5852 reliqua
1520 5783 1701 5838 omnia
1727 5798 1843 5853 quin
1873 5792 2020 5837 tanto
2046 5784 2302 5855 mysterio

2429 4602 2637 4670 Πατρὸς
2674 4601 2776 4665 (δεῖ
2805 4601 2914 4668 γάρ
2957 4601 3013 4651 ἐν
3055 4601 3485 4669 ἀποσιωπήσεως
3516 4601 3664 4670 νόμῳ
3707 4602 3989 4655 κάνταῦθα

2422 4693 2674 4746 διελθεῖνο
2706 4693 2734 4742 ό
2764 4693 2868 4761 γάρ
2892 4690 2977 4743 διὰ
2995 4691 3092 4758 τῆς
3117 4689 3397 4759 ἀκριϐείας
3426 4690 3642 4760 ἔλεγχος
3674 4694 3766 4744 καὶ
3795 4695 3990 4757 αὑταῖς

2422 4784 2612 4844 ἀκοαῖς
2640 4781 2699 4833 τὸ
2730 4781 3049 4850 βλάσφημον
3079 4781 3350 4851 ἀφόρητον
3397 4783 3833 4851 συνεφέλκεται)·
3869 4787 3988 4848 πῶς

2424 4873 2639 4926 ἃπασαν
2669 4873 2776 4924 τῶν
2820 4872 3137 4925 ἀποστατῶν
3186 4874 3243 4924 οὺ
3279 4873 3611 4926 καταϐάλλει
3647 4875 3852 4941 τόλμαν
3892 4894 3987 4928 και

2426 4961 2618 5029 μανίαν
2648 4960 2746 5029 τῆς
2782 4959 3018 5030 χείρονος
3050 4962 3276 5032 μοίρας;
3313 4962 3377 5014 Τί
3423 4962 3530 5031 γὰρ
3565 4963 3643 5014 δεῖ
3671 4964 3730 5015 τὸ
3761 4967 3986 5033 φρικτό-

2420 5068 2575 5122 τερον
2613 5053 2836 5118 ἐπάγειν
2861 5052 2958 5119 τῆς
2988 5052 3279 5104 ἀκολούθου
3319 5053 3413 5104 καὶ
3444 5053 3816 5122 σιωπώμενον,
3851 5056 3986 5107 αὐτὸ

2425 5143 2654 5211 μάλιστα
2680 5145 2817 5194 νοεῖν
2848 5143 3210 5212 παρεχοόσης,
3240 5143 3412 5206 ἄλλως
3438 5160 3497 5195 τε
3523 5143 3615 5196 καὶ
3648 5148 3987 5215 προειρημέ-

2423 5251 2508 5285 νον
2526 5252 2539 5297 ;
2558 5235 2694 5295 Τοὺς
2714 5234 2756 5286 δ’
2776 5229 2868 5286 οῦν
2897 5237 2961 5303 τῇ
2987 5237 3180 5303 νομικῇ
3204 5235 3426 5304 λατρεία
3451 5238 3984 5305 προσανακειμένους

2419 5325 2693 5395 διασύρειν
2733 5343 2790 5377 τε
2825 5331 2917 5378 καὶ
2945 5325 3323 5390 καταδικάζειν
3350 5328 3483 5396 πρὸς
3513 5329 3775 5397 τοσαύτην
3809 5329 3985 5399 μέθην

2422 5418 2512 5469 καὶ
2541 5416 2771 5478 διανοίας
2804 5418 3056 5484 πώρωσιν
3083 5417 3552 5485 ἀπενηνεγμένων,
3589 5418 3745 5486 ἡρχει
3773 5419 3894 5486 μὲν,
3931 5423 3985 5474 εί

2421 5509 2514 5559 καὶ
2544 5507 2708 5576 μηδὲν
2741 5507 2865 5559 ἄλλο
2890 5508 3024 5559 κατὰ
3055 5507 3150 5575 τῆς
3179 5507 3426 5570 ἀσεϐείας
3456 5507 3790 5576 προύϐάλετο
3817 5510 3850 5578 ἡ
3887 5509 3986 5562 εὑο

2422 5600 2604 5651 σέϐεια
2631 5638 2644 5659 ,
2673 5599 2785 5650 ἀλλ’
2811 5600 2939 5650 αὑτό
2979 5616 3040 5664 γε
3066 5601 3125 5650 τὸ
3153 5601 3373 5666 φρικτὸν
3394 5639 3406 5658 ,
3439 5599 3536 5667 τὴν
3565 5597 3985 5667 ἐνανθρώπησιν

2419 5691 2558 5756 λέγω
2586 5689 2678 5741 τοῦ
2703 5689 2907 5758 Κυρίου
2932 5690 3084 5758 ἡμῶν
3127 5689 3296 5757 Ἰησοῦ
3319 5689 3574 5758 Χριστοῦ,
3603 5689 3696 5742 καὶ
3716 5692 3775 5740 τὸ
3799 5694 3982 5757 σάρκα

2418 5779 2602 5834 λαϐεῖν
2631 5781 2694 5832 ἐκ
2728 5779 3036 5851 σπέρματος
3071 5779 3263 5849 Δαϐὶδ,
3305 5781 3397 5833 καὶ
3425 5779 3485 5832 τὸ
3515 5779 3600 5833 διά
3635 5779 3985 5849 παρθενικῶν
