4234 6432
236 430 341 494 209

1219 430 1508 491 CONTRA
1547 424 1999 485 ΜΛΝΙΟΗιΕΟΞ
2047 424 2270 484 LIBER
2312 425 2407 483 ιν.

3346 418 3450 482 210

238 549 523 615 αἱμάτων,
588 548 925 615 ἐπιφοιτήσει
984 550 1075 601 τοῦ
1152 546 1414 611 παναγίου
1490 538 1910 608 ΠνεύματοςΛι

1778 556 1802 600 ς
1829 538 1877 594 Λ
1901 536 2433 603 comprehenduntur
2487 552 2497 585 :
2529 533 2664 597 lucc,
2712 532 2927 599 inquam
2949 572 2963 595 ,
2998 531 3115 585 sine
3162 530 3310 583 omni
3352 530 3450 581 alia

239 640 655 705 συμπαγέντων,
684 642 761 701 είς
790 641 967 708 σάρκα
990 639 1289 708 προελθεῖν,
1313 639 1407 687 καὶ
1428 637 1561 693 ὃλως
1592 632 1798 700 ἄνθρω-

236 749 337 779 πον
368 730 640 795 γενέσθαι.
676 732 735 782 Ei
783 730 958 798 βούλει
987 732 1041 782 δὲ
1072 731 1165 781 καὶ
1193 730 1266 789 ὡς
1304 724 1556 793 πατρῷον
1600 724 1799 790 κλῆρον

237 820 549 871 ἐπιϐάλλειν
593 820 671 888 τῷ
725 822 929 888 βασιλεί
983 823 1090 873 τῶν
1135 821 1290 880 ὅλων,
1345 819 1441 885 τὴν
1490 818 1588 883 τῆς
1639 817 1799 865 Δαυῖ-

236 910 393 978 δικῆς
420 911 692 978 βασιλείας
719 912 988 981 διαδοχὴν,
1013 912 1106 963 καὶ
1131 913 1229 963 ὅσα
1256 909 1387 962 ἄλλα
1415 907 1491 975 τῷ
1521 904 1799 974 μυστηρίῳ

242 998 688 1066 συμπεριὲχεται⁸
725 1001 882 1068 ἢρκει
926 1000 982 1051 δὲ
1012 1000 1181 1051 ταῦτα
1210 998 1302 1049 καὶ⁸
1331 996 1499 1065 χωρίς
1522 1011 1664 1055 τινος
1709 993 1800 1043 ἄλ-

239 1089 337 1155 λης
363 1090 631 1156 ἐπιφορᾶς
660 1090 752 1141 καὶ
783 1088 1120 1158 προσθήκης,
1151 1090 1262 1148 τοῖς
1288 1103 1347 1137 τε
1379 1086 1453 1153 μὴ
1488 1083 1800 1135 παντάπασι

240 1181 339 1246 τήν
366 1180 459 1231 τοῦ
492 1179 976 1249 νοῦςπροδεδωκόσι
1006 1181 1185 1248 χάριν,
1215 1179 1281 1247 ἥν
1308 1175 1688 1241 Πλαστουργδς
1719 1174 1802 1224 δε-

244 1269 332 1331 ξιά
357 1271 493 1338 αὐτῇ
528 1270 811 1322 διαπλάσει
846 1270 1133 1338 ἐχαρίσατο
1154 1310 1168 1332 ,
1198 1267 1534 1336 ἐπιστροφήν
1570 1282 1691 1317 τινα
1712 1265 1804 1315 καὶ

243 1358 511 1427 άνάνηψιν
534 1358 633 1425 τῆς
662 1358 928 1427 θεομάχου
960 1358 1185 1425 γνώμης
1226 1355 1677 1425 ἀπεργάσασθαι,
1707 1354 1804 1406 καὶ

243 1449 351 1501 τῶν
383 1448 588 1517 ταύτην
630 1448 881 1510 καθάπαξ
911 1449 977 1500 δι’
1017 1443 1093 1500 ὢν
1127 1446 1486 1514 θεομαχοῦσιν
1509 1485 1524 1507 ,
1559 1444 1806 1511 ἀπεσϐη-

245 1534 421 1586 κότων
449 1534 546 1586 καὶ
577 1534 657 1603 τῷ
680 1534 857 1603 ἐχθρῷ
886 1534 1322 1604 προδεδωκότων,
1354 1533 1622 1600 ἀνακόψαι
1659 1549 1719 1584 τε
1748 1533 1808 1584 τὸ

246 1625 487 1691 θράσος,
533 1624 627 1676 καὶ
674 1625 809 1692 πρὸς
859 1624 1066 1693 σιωπὴν
1104 1624 1163 1686 ἐξ
1192 1624 1447 1691 ἀπορίας,
1502 1625 1550 1674 εί
1599 1623 1692 1675 καὶ
1734 1622 1807 1691 μὴ

248 1716 501 1775 ἑκόντων,
536 1715 839 1767 συνελάσαι.
874 1715 939 1765 Τί
966 1716 1072 1781 γὰρ
1100 1712 1291 1765 τούτου
1318 1712 1693 1780 λαμπρότερον
1726 1713 1808 1772 είς

1902 625 2211 679 accessione
2264 635 2355 677 aut
2405 625 2677 677 additionc
2702 622 3015 675 suﬁeccrint
3060 621 3183 683 illis,
3209 620 3299 688 qui
3350 634 3455 670 non

1905 717 2127 771 omnino
2163 717 2309 777 illud,
2342 715 2481 783 quod
2512 713 2821 766 Conditoris
2854 712 3043 765 dextra
3077 710 3129 762 in
3164 711 3277 777 ipsa
3305 724 3456 761 crea-

1906 809 2051 861 tione
2092 805 2199 859 illis
2230 806 2416 874 largita
2457 814 2571 863 est.
2604 803 2828 854 rationis
2874 799 3196 852 beneﬁcium
3250 798 3459 866 abjece-

1902 902 2065 955 runt,
2116 893 2181 946 ad
2224 891 2631 945 conversionem
2667 899 2721 941 et
2767 888 3137 941 excussionem
3173 886 3453 939 sententia:

1904 986 2080 1052 impia:
2114 984 2494 1053 perducendis.
2527 998 2632 1035 non
2667 982 2847 1033 minus
2884 988 3063 1032 autem
3112 994 3322 1040 eorum,
3360 978 3449 1045 qui

1904 1076 2164 1129 rationem
2193 1091 2289 1143 per
2320 1088 2551 1143 pugnam
2586 1072 2845 1124 adversus
2870 1069 3035 1123 Deum
3066 1070 3458 1131 exstinxerunt,

1905 1168 2156 1235 hostique
2178 1164 2779 1226 tradiderunt,audaci:e
2796 1160 3211 1221 contundendaa,
3234 1160 3467 1225 ipsisque

1903 1259 2065 1312 etiam
2114 1259 2296 1312 invitis
2329 1274 2358 1310 a
2385 1256 2754 1324 disputatione
2793 1254 2859 1306 ad
2912 1252 3187 1307 silentium
3227 1252 3465 1319 compel-

1905 1350 2097 1403 lendis.
2124 1349 2391 1413 Quidnam
2420 1350 2562 1400 enim
2585 1346 2913 1400 luculentius
2940 1345 3006 1398 ad
3042 1342 3467 1397 confutationem

1908 1442 2027 1493 talis
2059 1440 2349 1507 impietatis
2380 1439 2559 1492 aﬁ‘erri
2595 1439 2813 1507 potest?
2853 1436 2992 1501 Quid
3025 1450 3155 1487 vero
3201 1434 3471 1487 elﬁcacius

1906 1530 1971 1582 ad
2002 1530 2243 1582 maxillas
2269 1543 2454 1580 eorum
2484 1528 2634 1595 quasi
2668 1542 2821 1579 camo
2848 1535 2902 1579 et
2938 1526 3090 1578 freno
3116 1539 3470 1592 compescen-

1906 1618 2021 1679 das.
2080 1633 2143 1671 ac
2184 1618 2573 1671 ostendendam
2604 1616 2819 1669 eminus
2871 1615 3162 1683 ﬂagrorum
3213 1614 3423 1681 copiam
3455 1654 3469 1669 .

1906 1709 2103 1775 quibus
2129 1723 2187 1760 se
2230 1707 2326 1774 ipsi
2356 1716 2608 1774 tanquam
2639 1722 2667 1758 a
2699 1707 2926 1759 veritate
2946 1704 3143 1766 alieni,
3178 1718 3359 1770 neque
3404 1704 3471 1755 ad

246 1804 471 1870 ἔλεγχον
502 1803 599 1869 τῆς
628 1803 880 1871 τοιαύτης
912 1802 1200 1865 ἀσεδείαςς
1241 1800 1306 1852 Τί
1344 1801 1399 1853 δέ
1443 1799 1807 1870 δυνατώτερον
1836 1854 1879 1871 ἢ
1909 1800 1918 1849 l

1797 1820 1879 1871 In
1909 1800 2075 1850 Deum
2119 1796 2379 1850 accedere
2424 1797 2725 1864 cupientes,
2774 1796 3037 1848 obnoxios
3094 1794 3469 1847 reddiderunt.

248 1854 409 1960 κη
440 1893 535 1944 καὶ
559 1854 757 1960 χαλινῷ
785 1854 883 1955 τάξ
915 1854 1167 1958 σιαγόνας
1190 1854 1369 1944 αὐτῶν
1395 1891 1556 1957 ἀγξαι
1584 1893 1677 1943 καὶ
1700 1854 1809 1942 τῶν
1836 1854 1881 1910 Β
1914 1891 1920 1942 l

1800 1909 1809 1937 ι
1836 1854 1881 1910 Β
1914 1890 2209 1942 Enimvero
2238 1887 2487 1955 quamvis
2528 1902 2637 1939 non
2663 1887 2842 1939 omnia
2885 1901 2947 1939 ea
2972 1927 2985 1949 ,
3035 1901 3155 1953 quae
3207 1885 3472 1937 insaniam

252 1984 533 2050 μαστίγων
550 1984 607 2035 τὸ
631 1984 831 2053 πλῆθος
848 1984 1125 2046 ἐπιδεῖξαι,
1146 1976 1223 2036 ὧν
1240 1982 1426 2050 πόρρω
1444 1983 1542 2048 τῆς
1560 1981 1816 2049 ἀληθείας
1914 1995 1924 2029 ι

1800 1999 1816 2042 ;
1914 1993 2103 2031 eorum
2130 1987 2424 2047 coarguunt
2449 2018 2463 2041 ,
2499 1979 2551 2030 in
2586 1978 2820 2030 medium
2851 1976 3030 2030 aﬁ‘crri
3067 1977 3308 2044 possint,
3343 1992 3472 2043 pra:-

250 2073 566 2139 γεγονότες,
601 2074 692 2124 καὶ
721 2071 915 2141 μηκέτι
947 2071 1063 2140 Θεῴ
1092 2069 1476 2140 προσεγγίζειν
1500 2071 1818 2138 ἀνεχόμενοι
1920 2097 1922 2112 ι

1801 2088 1818 2122 ι
1920 2070 2074 2139 cipua
2136 2078 2324 2122 tamen
2376 2071 2625 2137 persequi
2660 2085 2760 2122 nec
2801 2084 3261 2137 supervacaneum
3316 2068 3473 2125 forte,

251 2164 588 2226 ὑπευθύνους
644 2164 866 2226 ἑαυτοὺς
907 2164 1416 2233 παρεσκευάσαντο·
1454 2162 1596 2231 πλὴν
1642 2164 1689 2214 εί
1722 2164 1817 2215 καὶ
1916 2178 1923 2214 1

1800 2164 1817 2215 t
1916 2178 2016 2215 nec
2050 2162 2239 2215 inutile
2277 2161 2459 2214 fuerit.
2493 2161 2778 2213 Plenitudo
2814 2162 2959 2214 enim
3006 2160 3261 2212 Ecclesiae
3302 2158 3393 2210 Dei
3431 2159 3472 2209 si

253 2256 433 2307 πάντα
479 2254 743 2322 παράγειν
779 2254 839 2305 ού
874 2254 1056 2322 ῥᾴδιον
1086 2253 1185 2305 ὅσα
1225 2252 1526 2321 στηλιτεύει
1550 2254 1652 2321 τὴν
1676 2252 1814 2305 ἀπό-
1917 2268 1925 2306 1

1802 2283 1814 2293 -
1917 2252 2061 2306 nulla
2091 2266 2152 2305 re
2194 2251 2317 2314 alia,
2358 2259 2505 2304 certe
2544 2250 2713 2319 copiis
2740 2260 2795 2304 et
2824 2250 3149 2303 abundantia
3191 2264 3474 2317 argumen-

251 2359 424 2404 νοιαν,
466 2341 581 2394 ἀλλ’
618 2337 711 2394 οῦν
738 2341 825 2393 διά
853 2342 960 2393 τῶν
988 2341 1283 2410 ἐπικαίρων
1328 2341 1407 2393 ἔτι
1438 2342 1715 2409 προῖέναι,
1752 2343 1812 2394 οὐ
1921 2356 1923 2381 ι

1494 2342 1715 2404 οοῖέναι,
1752 2343 1812 2394 οὐ
1921 2350 2095 2395 torum
2132 2350 2317 2394 contra
2346 2340 2703 2394 defectionem
2738 2340 2876 2393 hanc
2902 2339 3166 2407 superbit.

254 2430 511 2500 περιττὸν
554 2431 681 2493 ἴσως
732 2430 853 2483 οὐδὲ
887 2431 1175 2500 ἄχρηστον.
1221 2432 1567 2500 Σεμνυνεῖται
1598 2431 1706 2500 γὰρ
1736 2433 1784 2483 εί
1824 2432 1899 2499 μή
1936 2448 2039 2482 τινι
2066 2431 2227 2499 άλλῳ,
2266 2430 2380 2483 ἀλλ’
2408 2427 2501 2482 οὖν
2539 2448 2601 2496 γε
2636 2430 2715 2498 τῷ
2741 2429 2954 2498 πλούτῳ
2984 2429 3080 2482 καὶ
3136 2431 3201 2498 τῇ
3263 2446 3474 2499 περιου-

256 2530 349 2597 σία
376 2527 485 2580 τῶν
532 2527 670 2579 κατά
708 2526 806 2595 τῆς
846 2526 1181 2589 ἀποστασίας
1227 2525 1549 2589 ἀποδείξεων
1579 2526 1676 2594 τῆς
1698 2526 1791 2579 τοῦ
1816 2526 1950 2579 Θεοῦ
1985 2526 2309 2594 Ἐκκλησίας
2338 2527 2399 2577 τὸ
2432 2526 2723 2595 πλήρωμα.

328 2618 429 2670 lE'.
473 2616 532 2667 '0
570 2618 665 2685 μέν
688 2612 783 2669 οὖν
806 2616 915 2668 τῶν
938 2617 1183 2683 ἀγγέλων
1215 2615 1381 2684 ὕμνος
1418 2618 1511 2669 ἐπὶ
1536 2616 1616 2684 τῷ
1644 2618 1812 2687 τόκῳ,
1983 2617 2000 2670 1

1803 2656 1812 2680 ,
1983 2615 2099 2670 XV.
2138 2615 2465 2687 Angelorum
2494 2617 2674 2685 itaque
2711 2616 2942 2685 hymnus
2989 2614 3044 2667 in
3077 2614 3357 2667 nativitate
3383 2613 3475 2667 de-

254 2703 338 2766 οῗς
364 2705 453 2756 τὸν
480 2705 706 2773 οὐρανὸν
743 2705 835 2757 καὶ
870 2706 968 2773 τὴν
1005 2706 1106 2773 γῆν
1142 2705 1223 2767 είς
1257 2706 1388 2773 μίαν
1420 2704 1683 2774 ἁρμονίαν
1724 2708 1818 2758 καὶ
1912 2724 1926 2762 t

1805 2713 1818 2758 ι
1912 2716 2183 2770 cantatus,
2224 2722 2319 2776 per
2349 2723 2485 2776 quos
2513 2708 2710 2762 caelum
2736 2717 2793 2761 et
2818 2717 3015 2759 terram
3051 2706 3105 2758 in
3146 2706 3477 2758 harmoniam

258 2794 580 2861 συμφωνίαν
614 2794 912 2863 συνῆπτεν,
942 2795 1019 2857 είς
1047 2795 1144 2845 ἕνα
1185 2795 1414 2863 ποιητὴν
1439 2795 1539 2862 τὴν
1572 2795 1818 2863 αἱσθητι-
1916 2815 1930 2853 ε

1793 2824 1818 2834 -
1916 2809 1976 2854 et
2035 2807 2358 2854 concentum
2393 2799 2698 2867 conjunxit,
2739 2808 3016 2851 creaturas
3051 2796 3334 2849 sensibiles
3366 2810 3453 2848 om

259 2888 364 2943 κὴν
394 2885 573 2936 κτίσιν
602 2884 818 2937 ἅπασαν
848 2885 1041 2953 ἀνῆγε,
1067 2885 1154 2936 διὰ
1184 2884 1291 2937 τῶν
1317 2885 1501 2954 ἄκρων
1530 2884 1700 2952 αὐτῆς
1729 2886 1821 2937 καὶ
1915 2908 1931 2944 ι

1806 2887 1821 2936 ι
1915 2906 2014 2945 nes
2053 2892 2119 2945 ad
2172 2907 2338 2944 unum
2388 2890 2737 2944 Conditorem
2791 2890 3016 2953 retulit,
3077 2904 3176 2957 per
3228 2901 3478 2955 suprema

257 2979 329 3027 τά
356 2978 415 3028 ἐν
445 2976 594 3043 μέσῳ
624 2976 1027 3045 συναναφέρων.
1056 2976 1164 3028 Καὶ
1191 2976 1371 3045 χαρᾶς
1394 2976 1567 3045 ἀρχὴν
1591 2976 1818 3027 ἀεννάου
1922 3001 1929 3031 ι

1807 2994 1818 3026 ι
1922 2996 2107 3034 earum
2146 2996 2207 3033 ea
2236 2994 2479 3049 quoque.
2506 2996 2625 3049 qua:
2654 2980 2708 3032 in
2739 2979 2916 3032 medio
2953 2987 3115 3039 sunt,
3160 2978 3214 3029 in
3239 2976 3479 3029 eamdem

257 3071 362 3135 τὴν
388 3067 541 3119 πόλιν
569 3067 745 3136 εὑρεῖν
771 3067 863 3119 τοῦ
889 3066 1051 3118 Δαυῒδ
1080 3066 1478 3135 εὐηγγελίζετο,
1508 3067 1605 3119 ἅτε
1633 3067 1696 3135 δὴ
1722 3068 1820 3134 τῆς
1925 3091 1929 3114 ι

1808 3084 1820 3127 ;
1925 3069 2153 3121 classem
2203 3068 2491 3121 collocaris.
2523 3068 2668 3121 ldem
2716 3082 2928 3136 quoque
2983 3067 3253 3119 civitatem
3316 3064 3480 3116 David

259 3156 623 3225 ἀνεκλαλήτου
651 3158 871 3225 εἰρήνης
890 3172 950 3207 τε
974 3157 1067 3208 καὶ
1092 3156 1241 3218 θείας
1261 3156 1508 3217 εὐδοκίας
1529 3156 1618 3208 διὰ
1643 3157 1818 3224 πάσης
1867 3225 1872 3226 γ
1926 3172 1931 3225 ]

1808 3173 1818 3216 ;
1867 3225 1872 3226 ί
1926 3158 2124 3225 primas
2158 3157 2317 3224 hujus
2349 3156 2530 3226 gaudii
2581 3156 2770 3209 αξιοι-ιιὶ
2819 3164 3000 3224 partes
3038 3154 3179 3209 ferre
3226 3154 3480 3213 nuntiat.

262 3248 368 3313 γῆς
394 3246 839 3315 ἐμπολιτεύεσθαι
869 3247 1178 3317 παρρησίαν
1210 3245 1613 3315 λαμϐανούσης.
1650 3241 1743 3309 Οἷς
1775 3248 1816 3299 δ’
1843 3225 1885 3285 C

262 3338 297 3404 ή
334 3336 515 3387 θεόθεν
561 3337 770 3404 εἰρήνη,
802 3337 897 3388 καὶ
938 3337 972 3403 ή
1018 3336 1263 3398 εὐδοκία,
1306 3336 1373 3387 δι’
1406 3329 1481 3387 ὧν
1512 3336 1690 3388 αὐτῶν
1721 3336 1816 3398 τὰς

261 3426 444 3493 ψυχὰς
473 3425 699 3486 ἀτοπίας
726 3425 1077 3494 ἐπλήρωσαν,
1108 3425 1465 3494 ἀπελήλαται,
1510 3425 1713 3486 τούτοις
1743 3428 1819 3479 εί-

263 3519 439 3577 κνετως
467 3516 584 3567 οὐδὲ
606 3516 693 3567 τὸν
723 3516 899 3567 αὐτῶν
925 3516 1178 3584 Ποιητὴν,
1210 3516 1267 3578 ὃς
1297 3517 1388 3568 καὶ
1410 3516 1534 3577 τοὺς
1558 3515 1821 3582 ἀγγέλους

267 3602 583 3668 ὑμνολογεῖν
612 3601 975 3665 ἐξαπέστειλε,
1007 3603 1100 3655 καὶ
1124 3602 1217 3654 τὸν
1249 3602 1278 3655 ὖ
1288 3620 1416 3671 μνον
1445 3604 1817 3672 προσεδέξατο,

265 3692 530 3760 οὐμενοῦν
554 3692 651 3761 οὐχ
675 3693 951 3759 ὁμολογεῖν
980 3694 1070 3743 τὸν
1097 3693 1258 3745 αὑτὸν
1285 3694 1511 3763 οὐρανοῦ
1529 3711 1586 3745 τε
1612 3695 1705 3746 καὶ
1719 3696 1821 3763 γῆς

266 3784 498 3852 ποιητὴν
525 3783 900 3851 συνησέϐηται.
944 3783 1105 3835 Ἀλλά
1132 3783 1305 3835 ταῦτα
1337 3784 1435 3851 μὲν
1462 3786 1563 3837 οὐκ
1588 3785 1690 3847 ἐξω
1714 3786 1822 3837 τῶν

264 3873 501 3939 πρώτων
525 3870 619 3924 τοῦ
649 3873 945 3942 μυστηρίου
972 3873 1274 3941 συμϐόλων,
1302 3869 1485 3942 οἶμαι,
1516 3876 1820 3928 πίπτουσιν.

271 3964 340 4015 Ἀ
364 3962 421 4014 δὲ
450 3964 551 4033 τὴν
584 3964 699 4032 μετ’
722 3966 903 4016 ἐκεῖνα
932 3965 1082 4028 τάξιν
1109 3964 1314 4033 ἐπέχει,
1350 3966 1378 4016 6
1407 3964 1510 4016 ὑπὸ
1543 3965 1633 4017 τὸν
1660 3965 1822 4034 νόμον

270 4053 518 4122 Συμεὼν,
549 4055 643 4107 καὶ
670 4054 730 4107 τὸ
756 4056 840 4107 ἐπ’
864 4056 1025 4107 αὑτὸν
1046 4056 1263 4124 πνεῦμα
1285 4057 1439 4123 ᾶγιον
1455 4058 1547 4109 καὶ
1570 4058 1600 4109 6
1626 4059 1693 4109 δι’
1721 4059 1822 4111 αὐ-

269 4144 365 4196 τοῦ
395 4144 793 4215 χρηματισμὸς,
826 4147 916 4199 καὶ
938 4148 971 4215 ή
993 4147 1051 4198 ἐν
1077 4146 1153 4215 τῷ
1181 4145 1387 4215 νομικῷ
1408 4147 1519 4215 ναῷ
1554 4147 1649 4199 τοῦ
1688 4165 1822 4216 πρε-

266 4234 467 4286 σϐύτου
520 4236 826 4304 παρουσία,
871 4235 980 4287 οὐδ’
1027 4235 1163 4305 αὐτὴ
1208 4236 1377 4305 χωρὶς
1421 4236 1515 4288 τοῦ
1562 4236 1825 4302 παναγίου

272 4324 593 4390 Πνεύματος
623 4324 940 4393 τελουμένη,
972 4326 1065 4377 καὶ
1110 4326 1207 4393 τῆς
1240 4325 1569 4393 ἀγαθότητος
1606 4327 1639 4394 ὴ
1672 4326 1822 4394 πηγὴ

271 4413 603 4467 ὑποκύπτων
642 4416 671 4467 6
695 4416 887 4484 Σωτήρ
918 4415 1077 4485 ήμῶν
1117 4414 1195 4484 τῷ
1236 4416 1415 4485 νόμῳ,
1447 4417 1541 4467 καὶ
1568 4416 1665 4485 οὐχ
1698 4417 1826 4467 ὑπο-

271 4502 495 4555 κύπτων
524 4504 711 4575 μόνον,
753 4506 890 4557 ἀλλά
918 4507 1011 4559 καὶ
1043 4507 1308 4574 ἀγκάλαις
1328 4547 1342 4569 ,
1374 4508 1429 4560 αἳ
1460 4507 1558 4576 τὴν
1596 4508 1824 4577 νομικὴν

269 4594 529 4662 ἔστεργον
561 4594 811 4663 λατρείαν
831 4634 845 4657 ,
877 4596 1355 4665 δορυφορούμενος,
1388 4600 1479 4649 καὶ
1512 4598 1642 4649 αὐτὸ
1674 4599 1737 4666 δὴ
1766 4600 1826 4649 τὸ

276 4685 422 4752 ἱερὸν
449 4685 540 4737 καὶ
564 4684 723 4737 πάλιν
748 4686 776 4736 6
804 4686 1045 4754 Συμεὼν,
1080 4688 1201 4738 ἐπεὶ
1229 4688 1335 4739 τῶν
1365 4688 1596 4740 ἐλπίδων
1622 4686 1733 4757 εἶχε
1765 4693 1827 4741 τὸ

271 4778 469 4843 πέρας,
500 4777 589 4827 καὶ
619 4775 711 4827 τοῦ
749 4778 1128 4845 χρηματισμοῦ
1164 4780 1224 4829 τὸ
1259 4780 1441 4847 μεῖζον
1479 4775 1604 4842 εἶδε,
1644 4781 1828 4833 καὶτὸ

267 4868 453 4919 λεῖπον
481 4865 678 4929 αὐτῶν,
708 4868 800 4919 καὶ
822 4868 1096 4935 τυγχάνων
1126 4869 1359 4935 εὐλογῶν
1385 4887 1445 4921 τε
1469 4871 1559 4923 τὸν
1586 4872 1736 4933 Θεὸν,
1770 4872 1828 4931 ὃς

272 4959 405 5009 ἰδεῖν
428 4973 487 5007 τε
512 4956 657 5024 αὐτῷ
686 4958 1017 5025 ἐχρημάτισε
1046 4958 1106 5009 τὸ
1137 4959 1462 5028 ἀπόρρητον,
1493 4961 1585 5012 καὶ
1615 4962 1711 5029 τῆς
1736 4961 1821 5011 ἐλ-

1921 3262 2051 3315 pace
2103 3248 2309 3301 scilicet
2364 3247 2616 3301 ineﬂ‘abili
2664 3257 2719 3300 et
2770 3247 2952 3300 divino
3000 3246 3334 3315 beneplacito
3388 3260 3479 3313 per

1921 3352 2136 3390 omnem
2188 3346 2387 3390 terram
2434 3336 2747 3389 dominandi
2802 3336 3113 3389 facultatem
3161 3341 3473 3387 exercente.

1922 3426 2128 3490 Quibus
2166 3441 2296 3480 vero
2326 3426 2488 3479 rebus
2517 3426 2697 3479 divina
2732 3442 2832 3494 pax
2861 3435 2915 3478 et
2945 3424 3317 3478 benevolentia
3344 3465 3356 3487 ,
3386 3440 3481 3491 per

1921 3531 2058 3583 quas
2097 3517 2305 3568 animas
2339 3530 2463 3568 suas
2497 3515 2788 3567 insolentes
2826 3515 3207 3577 reddiderunt,
3242 3514 3309 3566 ab
3354 3515 3481 3579 ipsis

1924 3604 2233 3672 propulsata
2264 3614 2377 3665 est.
2423 3604 2613 3658 iisdem
2657 3620 2723 3657 eo
2760 3604 3053 3672 impietatis
3092 3603 3290 3657 redacti
3325 3612 3479 3659 sunt.

1923 3706 1984 3751 ut
2014 3713 2115 3751 nec
2146 3712 2332 3749 eorum
2369 3696 2737 3755 Conditorem,
2776 3695 2863 3763 qui
2895 3704 2948 3747 et
2979 3694 3193 3763 angelos
3226 3694 3479 3762 hymnum

1923 3798 2231 3842 cantaturos
2263 3788 2425 3845 misit.
2461 3789 2821 3855 liymnumque
2860 3801 3049 3837 eorum
3091 3785 3319 3852 recepit,
3372 3800 3479 3836 non

1922 3880 2171 3932 eumdem
2194 3879 2312 3932 caeli
2344 3888 2399 3931 et
2429 3887 2587 3930 terra:
2614 3886 2912 3929 creatorem
2952 3875 3353 3945 proﬁterentur.
3376 3874 3481 3927 Sed

1925 3971 2015 4023 illa
2048 3969 2263 4037 quidem
2290 3984 2395 4022 non
2423 3969 2593 4037 prima
2616 3967 2995 4037 mysteriorum
3018 3966 3302 4029 elementa,
3327 3973 3477 4034 puto,

1924 4070 2201 4127 superant.
2228 4058 2357 4123 Qua:
2386 4073 2515 4111 vero
2541 4058 2838 4111 secundum
2864 4058 2932 4110 ab
2972 4057 3090 4110 istis
3112 4057 3285 4109 locum
3316 4070 3480 4109 occu-

1926 4158 2084 4217 pant,
2120 4149 2349 4217 Symeon
2386 4148 2594 4201 scilicet
2636 4148 2739 4200 sub
2770 4147 2885 4216 lege
2926 4148 3211 4208 exsistens,
3250 4144 3481 4214 Spiritus

1927 4250 2146 4294 sanctus
2176 4239 2274 4307 ipsi
2313 4238 2720 4306 superveniens,
2749 4238 3064 4291 vaticinium
3090 4252 3187 4304 per
3213 4250 3337 4289 eum
3367 4235 3483 4288 edi-

1928 4338 2075 4387 tum.
2122 4328 2365 4395 ejusdem
2405 4328 2552 4380 senis
2597 4327 2650 4379 in
2704 4327 2963 4395 templum
3005 4326 3335 4387 adventatio,
3378 4340 3480 4378 nec

1927 4416 2038 4483 ipsa
2075 4416 2189 4467 sine
2216 4415 2416 4483 Spiritu
2460 4424 2645 4469 sancto
2686 4414 2856 4479 facta;
2894 4424 2949 4469 et
2990 4415 3241 4467 Servator
3280 4423 3478 4477 uoster,

1930 4506 2019 4559 ille
2054 4507 2311 4560 bonitatis
2343 4505 2481 4568 fons,
2510 4506 2611 4576 legi
2638 4521 2695 4559 se
2726 4506 3040 4573 subjiciens,
3068 4520 3167 4558 nec
3190 4503 3481 4572 subjiciens

1928 4598 2123 4661 solum,
2157 4598 2251 4650 sed
2277 4607 2331 4649 et
2374 4596 2536 4659 ulnis,
2566 4610 2684 4663 qua:
2714 4596 2917 4648 cultum
2944 4594 3165 4664 legalem
3188 4594 3481 4662 amplecte-

1929 4690 2143 4752 bantur,
2188 4696 2492 4755 susceptus,
2535 4686 2643 4740 imo
2691 4686 2867 4753 ipsum
2918 4699 3131 4753 quoque
3174 4684 3431 4751 templum
3461 4724 3475 4746 ,

1929 4780 2233 4845 iterumque
2256 4778 2510 4845 Symeon,
2539 4776 2629 4844 qui
2659 4776 2799 4836 ideo.
2828 4777 2969 4843 quod
3011 4775 3170 4827 ﬁnem
3215 4775 3326 4842 spei
3370 4790 3481 4827 sua:

1928 4879 2252 4922 consecutus
2281 4878 2413 4929 erat,
2434 4877 2488 4921 et
2522 4867 2780 4935 majorem
2811 4866 3049 4920 vaticinii
3090 4875 3295 4934 partem
3328 4867 3481 4919 vide-

1928 4970 2030 5024 rat,
2058 4962 2227 5014 Deum
2266 4960 2547 5022 laudabat,
2597 4959 2689 5025 qui
2744 4966 2797 5011 et
2840 4972 3095 5011 arcanum
3138 4958 3238 5010 hoc
3304 4958 3477 5025 ipsum

274 5046 429 5107 πίδος
452 5045 551 5097 οὐκ
567 5044 812 5113 ἐψευσεν,
861 5047 973 5098 ἀλλ’
994 5047 1286 5114 ὀφθαλμοῖς
1307 5049 1504 5117 ἠξίωσε
1530 5049 1822 5102 θεάσασθαι
1923 5068 1946 5104 v

1807 5068 1822 5101 ι
1923 5051 2162 5105 visurum
2197 5052 2536 5120 pradixerat.
2568 5065 2668 5103 nec
2708 5064 2802 5118 spe
2836 5048 3155 5117 permiserat
3198 5047 3477 5111 frustrari,

270 5137 334 5187 τὸ
379 5136 644 5203 σωτήριον
668 5136 883 5188 πάντων
914 5137 1019 5188 τῶν
1059 5137 1247 5200 ἐθνῶν,
1289 5140 1380 5190 καὶ
1418 5140 1514 5206 τὴν
1547 5139 1704 5202 δόξαν
1731 5139 1823 5191 τοῦ
1924 5154 1942 5193 ε

1807 5140 1823 5191 3
1924 5142 2017 5195 sed
2049 5142 2223 5208 potius
2246 5141 2464 5209 dignum
2495 5139 2845 5206 judicaverat,
2876 5138 2966 5205 qui
2993 5138 3163 5191 oculis
3190 5138 3301 5190 suis
3328 5138 3479 5189 vide-

285 5224 524 5293 Ίσραὴλ,
571 5226 691 5294 ἥτις
737 5226 880 5276 ἐστὶν
926 5227 1081 5288 αὐτὸς
1122 5228 1150 5279 6
1192 5228 1377 5297 Σωτὴρ
1421 5229 1577 5297 ἡμῶν
1627 5229 1827 5297 Ἰησοῦς

272 5318 527 5385 Χριστός.
578 5318 686 5369 Καὶ
734 5318 806 5387 μή
840 5318 1129 5387 παρέργως
1162 5318 1329 5371 ταῦτα
1360 5322 1471 5381 τοῖς
1506 5320 1611 5371 ὠσὶ
1649 5320 1825 5388 δέχου.

273 5407 498 5474 Πνεῦμα
540 5407 689 5472 ἅγιον
730 5402 797 5475 ἦν
829 5408 884 5457 ἐν
924 5408 997 5475 τῷ
1038 5408 1348 5477 πρεσὸύτῃ,
1382 5408 1494 5458 ἀλλ’
1511 5410 1608 5476 οὐχ
1650 5412 1675 5461 6
1723 5413 1825 5461 llo-

273 5499 460 5567 νηρὸς,
492 5497 744 5567 ἄνθρωπε
761 5540 773 5561 ,
810 5499 876 5550 δι’
897 5490 957 5549 οὗ
983 5499 1077 5551 καὶ
1099 5501 1127 5551 6
1152 5500 1528 5568 χρηματισμὸς
1562 5498 1637 5569 (6)
1669 5500 1825 5568 ἀνδρὶ

1928 5239 2011 5285 ret
2038 5231 2279 5283 Salutare
2313 5229 2553 5282 omnium
2589 5229 2860 5298 gentium,
2895 5238 2949 5281 et
2986 5229 3204 5298 gloriam
3240 5227 3475 5291 lsraelis,

1928 5337 2047 5389 quae
2086 5331 2167 5375 est
2217 5321 2329 5388 ipse
2374 5319 2627 5373 Servator
2677 5329 2860 5371 noster
2900 5318 3057 5372 Jesus
3087 5318 3353 5372 Christus.
3400 5319 3481 5371 Tu

1931 5425 2058 5462 vero
2084 5410 2192 5462 haec
2214 5409 2435 5462 auribus
2462 5423 2566 5459 non
2589 5408 2761 5461 obiter
2781 5408 2981 5475 accipe.
3008 5407 3241 5475 Spiritus
3262 5416 3480 5461 sanctus

1931 5509 2045 5553 erat
2083 5499 2222 5567 apud
2252 5515 2433 5551 senem
2466 5498 2635 5564 illum,
2663 5514 2694 5552 ο
2729 5499 2908 5560 homo,
2956 5514 3062 5551 non
3105 5508 3283 5552 autem
3312 5497 3482 5553 Malus

1361 5672 1585 5725 VARUE
1643 5672 2021 5727 LECTIONES
2068 5674 2155 5725 ET
2190 5674 2413 5727 NOTIE.

353 5809 433 5866 (t3)
476 5811 907 5870 Χρηματισμός.
944 5809 1015 5863 lta
1060 5809 1246 5873 scripsi
1273 5826 1368 5876 pro
1411 5812 1826 5877 χρηματισμὸν,
1865 5812 2007 5877 quod

1273 5826 1368 5876 pro
1411 5812 1791 5877 χρηματισμὸν
1812 5851 1826 5873 ,
1865 5812 2007 5877 quod
2041 5822 2241 5865 textum
2262 5811 2517 5865 mendose
2546 5823 2918 5880 occupaverat.
