4234 6432
704 407 801 476 211

1838 397 2095 462 PHOTII
2134 390 2635 455 PATRIARCHlE
2673 389 2781 449 (ΖΡ.

3821 372 3929 436 212

713 519 799 572 ille
833 537 847 573 :
880 532 976 587 per
1016 516 1267 571 eumdem
1308 520 1365 569 et
1408 511 1684 568 oraculum
1732 509 1860 564 illud
1906 508 2107 562 factum
2151 509 2267 556 erat
2295 506 2343 560 Α

2368 498 2644 571 διὰηνόμου
2678 496 2909 566 βιοῦντι,
2946 492 3038 547 καὶ
3077 490 3215 547 κατὰ
3252 490 3415 559 νόμον
3451 490 3479 543 6
3511 486 3701 556 Σωτὴρ
3729 487 3930 553 ἀνάγε-

714 610 919 666 homini
948 610 999 661 in
1026 609 1141 678 lege
1165 608 1386 669 viventi,
1412 607 1551 661 sicut
1574 612 1629 658 et
1657 599 2075 667 Servatorjuxta
2101 595 2270 663 legem

716 704 767 753 in
822 701 1079 770 templum
1124 698 1428 758 adducitur,
1462 706 1514 749 et
1580 696 1731 764 juxta
1761 694 1933 761 legem
1974 688 2116 742 ulnis
2150 700 2271 753 por-

716 800 877 845 tatur.
912 791 1097 860 Neque
1136 806 1261 844 vero
1307 792 1467 842 homo
1499 788 1731 856 injurius
1774 793 1869 837 aut
1918 781 2053 834 Malo
2100 779 2268 832 obno-

717 883 854 943 xius,
891 883 983 935 sed
1018 898 1046 934 a
1081 880 1189 934 Deo
1215 879 1412 948 duplici
1455 878 1673 934 nomine
1689 886 1863 938 actus,
1896 874 2041 942 quod
2073 880 2129 925 et
2160 870 2277 939 Spi-

718 976 853 1028 ritus
895 975 1125 1026 Sanctus
1156 988 1317 1041 super
1364 987 1485 1026 eum
1522 978 1672 1032 erat,
1701 978 1756 1022 et
1780 966 2027 1021 manibus
2070 962 2278 1017 ferebat

716 1064 1019 1125 Christum,
1046 1065 1273 1117 salutem
1318 1064 1559 1115 omnium
1586 1060 1825 1131 gentium
1850 1060 1958 1113 imo
1978 1064 2034 1111 et
2058 1055 2278 1126 gloriam

722 1154 932 1208 lsraelis
950 1155 1384 1223 proclamat,non
1412 1154 1575 1206 alium
1598 1162 1758 1221 atque
1784 1152 1968 1212 alium,
1993 1148 2086 1203 sed
2107 1148 2279 1217 ipsum

720 1246 1006 1300 Dominum
1063 1256 1306 1299 nostrum
1343 1246 1525 1301 Jesum
1567 1245 1842 1299 Christum
1868 1285 1883 1307 ,
1926 1241 2279 1296 mediatorem

720 1350 773 1393 ct
800 1339 1157 1392 conditorem.
1194 1336 1325 1391 Nam
1370 1354 1488 1406 qua:
1518 1336 1693 1392 Patris
1724 1343 1884 1400 sunt,
1932 1335 2118 1387 eadem
2158 1339 2284 1385 sunt

722 1437 777 1481 ct
807 1429 976 1497 ipsius
1002 1428 1203 1490 omnia,
1247 1429 1359 1481 sive
1402 1428 1599 1481 veteris
1646 1426 1756 1481 sint
1809 1423 2112 1478 testamenti
2170 1421 2283 1474 sive

722 1520 924 1589 gratiae.
941 1518 1317 1587 Qumquidem,
1337 1520 1582 1587 quamvis
1596 1518 1867 1587 praedictis
1884 1515 2133 1569 inferiora
2153 1513 2281 1575 sint,

724 1623 831 1660 non
864 1619 1042 1659 tamen
1074 1606 1126 1658 in
1158 1606 1527 1660 confutatione
1572 1607 1856 1659 hominum
1896 1615 2080 1658 contra
2116 1600 2283 1654 Deum

725 1699 1078 1767 pugnantium
1136 1698 1433 1751 secundum
1467 1698 1645 1750 locum
1673 1703 1962 1763 occupant.
2005 1692 2106 1746 Ubi
2140 1692 2284 1745 enim

727 1789 1117 1855 blasphemiam
1148 1789 1309 1840 ullam
1338 1796 1527 1841 contra
1551 1787 1742 1855 legem,
1768 1795 1863 1838 aut
1890 1800 1974 1848 ea,
2011 1798 2131 1851 qua:
2162 1789 2288 1835 sunt
2320 1826 2361 1880 Β

729 1872 881 1943 legis,
915 1884 1008 1926 aut
1057 1876 1348 1927 sanctuarii
1415 1875 1623 1944 legalis,
1682 1873 1914 1927 inveniri
1962 1871 2288 1926 ostendent?

731 1966 836 2019 Sed
866 1966 992 2033 quid
1041 1966 1161 2019 dico
1211 1967 1645 2035 blasphemiam?
1700 1965 1891 2017 Nonne
1925 1964 2102 2033 potius
2143 1961 2289 2016 omni

732 2056 936 2110 honore
970 2066 1025 2111 et
1055 2058 1201 2110 cultu
1238 2057 1477 2110 alliciunt
1504 2072 1586 2120 ea,
1613 2072 1733 2125 qua:
1752 2056 2061 2109 communia
2085 2064 2212 2108 sunt
2238 2062 2291 2107 et

731 2147 1042 2214 conjuncta,
1080 2154 1133 2199 et
1166 2146 1345 2199 aliinia
1378 2146 1582 2215 gratim.
1617 2146 1772 2199 Anna
1813 2154 2016 2209 autem,
2054 2142 2291 2212 pr0phe-

732 2238 801 2290 tis
819 2237 859 2301 δ,
916 2237 1069 2304 cujus
1114 2236 1221 2288 vita
1278 2244 1393 2289 crat
1444 2236 1705 2303 precatio,
1746 2242 1801 2287 et
1848 2232 2200 2287 commoratio
2238 2230 2291 2283 in

734 2325 957 2393 templo,
981 2335 1036 2376 et
1061 2335 1119 2377 ut
1154 2324 1461 2377 summatim
1495 2324 1694 2383 dicam,
1743 2323 1923 2376 cultus
1959 2320 2162 2390 legalis,
2186 2320 2288 2373 nisi

732 2426 787 2470 et
831 2416 942 2483 ipsa
985 2431 1012 2468 a
1075 2416 1316 2469 beneﬁca
1351 2431 1515 2469 manu
1565 2424 1619 2469 et
1661 2413 1997 2483 providentia
2048 2410 2290 2480 profecta

735 2506 926 2560 luisset
963 2522 1065 2559 una
1100 2522 1220 2559 cum
1264 2507 1347 2568 iis,
1373 2508 1572 2575 quibus
1612 2507 1666 2559 in
1698 2506 1806 2559 vita
1854 2503 2140 2574 gaudebat,
2187 2502 2294 2555 nisi

736 2599 899 2652 etiam
931 2598 1339 2667 inspirationem
1374 2599 1499 2651 inde
1541 2598 1821 2651 habuisset
1864 2594 2135 2664 quomodo
2178 2595 2297 2647 lau-

737 2692 916 2745 dasset
952 2691 1263 2752 Dominum,
1319 2698 1373 2741 et
1405 2688 1472 2742 de
1512 2689 1656 2742 bono
1716 2688 1827 2741 Deo
1860 2688 2037 2740 locuta
2084 2685 2296 2750 fuisset,

736 2783 877 2850 quod
909 2781 1115 2835 scilicet
1144 2780 1300 2833 saluti
1336 2779 1549 2832 l‘uturus
1589 2779 1657 2831 sit
1682 2779 1807 2842 illis,
1846 2776 1937 2845 qui
1993 2775 2300 2843 Hierosoly-

741 2875 844 2925 mis
885 2873 1059 2939 ipsum
1104 2869 1522 2939 exspectarent?
1558 2868 1711 2921 Itane
1750 2867 1847 2930 illi,
1893 2868 1983 2935 qui
2015 2866 2304 2935 sperabant

740 2965 1018 3017 Christum
1042 2964 1093 3015 in
1137 2962 1363 3015 salutem
1383 2975 1535 3015 suam
1562 2967 1875 3022 venturum,
1919 2959 2118 3012 malum
2151 2958 2303 3026 prin-

742 3058 943 3125 cipium
971 3057 1232 3116 colentes,
1263 3055 1329 3107 ad
1366 3054 1566 3107 bonum
1589 3052 1903 3105 retulissent
1931 3066 2083 3118 spem
2113 3051 2303 3103 suam?

2372 607 2461 642 ται
2494 590 2572 650 είς
2595 589 2654 640 τὸ
2680 588 2722 639 ίε
2733 588 2843 657 ρὸν,
2867 584 2958 638 καὶ
2986 582 3129 638 κατὰ
3151 582 3242 635 τὸν
3264 581 3427 650 νόμον
3449 578 3929 647 άγκαλοφορείται.

2376 683 2485 735 Καὶ
2513 681 2611 748 οὐχ
2637 682 2663 731 ὁ
2697 674 2992 745 θεοόλαόὴς
3020 675 3052 743 ἢ
3090 673 3370 742 ἀνειμένος
3400 672 3477 739 τῷ
3513 669 3734 738 χείρονι,
3759 666 3870 717 ἀλλ’
3905 666 3935 716 6

2376 772 2630 842 θεοφορού
2640 788 2796 839 μενος
2820 766 3232 838 ἀμφοτέρωθεν,
3250 766 3332 816 ὅτι
3357 780 3416 816 τε
3446 760 3667 829 Πνεῦμα
3688 760 3839 826 άγιον
3863 752 3935 825 ἧν

2377 866 2543 936 αὐτῷ,
2577 865 2669 916 καὶ
2699 864 2780 915 ὅτι
2817 860 3003 931 χερσὶν
3045 858 3204 926 ἔφερε
3229 856 3320 908 τὸν
3346 852 3611 923 Χριστὸν,
3657 847 3935 917 σωτηρίαν

2381 959 2480 1027 μὲν
2508 958 2718 1009 πάντων
2740 953 2848 1005 τῶν
2868 952 3035 1005 ἐθνῶν
3064 948 3355 1015 ἀναφωνεῖ,
3383 942 3517 998 ἀλλὰ
3540 942 3634 995 καὶ
3660 940 3815 1004 δόξαν
3839 937 3936 989 τοῦ

2392 1046 2629 1118 Ἰσραὴλ,
2658 1045 2756 1097 οὐκ
2782 1042 2939 1095 άλλον
2962 1040 3057 1093 καὶ
3083 1038 3259 1101 άλλον,
3290 1036 3405 1089 ἀλλ’
3424 1035 3584 1087 αὑτὸν
3612 1031 3702 1083 τδν
3733 1029 3940 1097 Κύριον

2381 1138 2537 1208 ἡμῶν
2572 1134 2777 1203 Ἰησοῦν
2798 1131 3049 1203 Χριστὸν,
3083 1130 3177 1182 τὸν
3213 1126 3442 1196 μεσίτην
3465 1125 3557 1176 καὶ
3588 1118 3937 1191 δημιουργόν.

2383 1230 2491 1282 Καὶ
2518 1229 2586 1280 τά
2606 1225 2699 1279 τοῦ
2733 1224 2943 1293 Πατρὸς
2968 1221 3077 1291 γὰρ
3106 1218 3265 1273 αὑτοῦ
3295 1219 3441 1270 ἐστιν
3470 1214 3681 1268 ἅπαντα
3710 1211 3807 1278 τῆς
3834 1226 3941 1260 πα-

2383 1318 2539 1378 λαιᾶς
2584 1316 2678 1369 καὶ
2721 1314 2821 1383 τῆς
2879 1312 3119 1381 χάριτος.
3169 1307 3351 1362 Ταῦτα
3401 1306 3446 1358 εί
3492 1304 3587 1357 καὶ
3633 1298 3943 1368 δευτερεύει

2382 1409 2488 1462 τῶν
2528 1406 2945 1477 προλαϐόντων,
2989 1401 3102 1455 ἀλλ’
3148 1395 3240 1453 οὖν
3284 1398 3343 1450 ού
3394 1394 3492 1466 τὴν
3533 1392 3787 1461 δευτέραν
3835 1390 3943 1458 χὼ-

2389 1518 2519 1571 ραν,
2580 1500 2679 1551 ὅσα
2736 1513 2800 1563 γε
2853 1496 2964 1557 τοῖς
3020 1491 3261 1559 ἐλέγχοις
3312 1487 3523 1557 βάλλειν
3564 1484 3687 1543 τοὺς
3739 1479 3940 1571 θεομάῖ

2386 1565 2533 1659 γους,
2580 1587 2712 1656 ἔχει.
2772 1582 2880 1636 Ποῦ
2933 1582 3041 1651 γάρ
3096 1595 3216 1632 τινα
3267 1572 3611 1646 βλασφημίαν
3658 1567 3799 1621 κατὰ
3848 1565 3944 1659 τοῦ

2388 1656 2553 1750 νόμον
2614 1678 2648 1747 ἢ
2690 1675 2796 1729 τῶν
2854 1676 2911 1726 ἐν
2973 1672 3050 1742 τῷ
3101 1671 3281 1740 νόμῳ,
3326 1667 3360 1735 ἢ
3396 1663 3490 1716 τοῦ
3532 1659 3752 1730 νομικοῦ
3796 1656 3945 1750 ἱεροῦ

2388 1748 2621 1840 πάροδον
2668 1768 2848 1837 εὑρεῖν
2901 1765 3035 1826 ὅλως
3085 1761 3411 1821 ἐνδιδόασιν;
3479 1755 3638 1808 Ἀλλὰ
3688 1752 3738 1804 τί
3792 1748 3948 1802 εἶπον

2392 1860 2738 1932 βλασφημίαν
2757 1874 2772 1922 ;
2794 1857 2971 1925 Πὸσης
2993 1854 3156 1923 τιμῆς
3181 1852 3274 1903 καὶ
3292 1848 3447 1917 δόξης
3467 1845 3529 1898 ού
3552 1841 3948 1932 μεταδιδόασιν,

2390 1957 2535 2015 ὅσοις
2582 1953 2755 2005 ἔνεστι
2790 1948 3079 2019 μετασχεῖν
3122 1945 3231 2004 τοῖς
3264 1936 3577 1992 κοινωνοῦσι
3608 1934 3699 1986 καὶ
3732 1930 3949 1983 συνδια-

2392 2045 2741 2114 πλεκομένοις
2774 2043 2865 2094 καὶ
2896 2036 3244 2109 συμφωνοῦσι
3270 2035 3335 2101 τῇ
3365 2032 3578 2101 χάριτις
3624 2027 3687 2078 Ἦ
3723 2024 3949 2114 δὲ-προῖ

2392 2107 2787 2206 φῆτιςλΑννα,
2825 2123 2890 2199 ἧς
2916 2107 3028 2197 βίος
3059 2126 3092 2193 ἡ
3140 2121 3415 2193 προσευχὴ
3458 2116 3551 2169 καὶ
3580 2116 3612 2184 ἡ
3644 2116 3700 2206 ἐν
3732 2107 3954 2206 sip-vat?

2393 2199 2589 2298 ἆολὴι.
2618 2224 2711 2276 κα)⁸
2736 2222 2797 2273 τὸ
2822 2220 2929 2272 πᾶν
2966 2218 3159 2276 εἰπεῖν,
3195 2214 3229 2282 ἡ
3259 2206 3454 2278 νομικὴ
3488 2203 3750 2298 λατρεία,
3792 2200 3845 2298 εί
3876 2199 3951 2298 μὴ

2392 2287 2488 2386 τῆς
2518 2287 2858 2383 άγαθουργοῦ
2877 2309 2968 2361 καὶ
2995 2304 3175 2375 χειρὸς
3197 2303 3289 2355 καὶ
3315 2296 3569 2386 προνοίας
3585 2289 3652 2363 ἦν
3672 2291 3762 2386 καί
3789 2287 3952 2357 αὑτὴ,

2393 2381 2487 2463 καὶ
2518 2381 2599 2467 οἷς
2636 2381 2782 2456 ἐϐίου
2822 2399 2915 2453 καὶ
2945 2394 3283 2464 ἐσεμνύνετο,
3316 2390 3363 2441 εἰ
3415 2386 3489 2456 μὴ
3526 2385 3623 2454 τὴν
3668 2381 3955 2435 ἐπίπνοιαν

2396 2495 2541 2553 εἶκεν
2567 2496 2642 2566 (7)
2683 2491 2910 2553 ἐκεῖθεν,
2960 2486 3076 2548 πῶς
3126 2479 3555 2549 ἀνθωμολογεῖτο
3603 2473 3679 2543 τῷ
3720 2470 3916 2566 Κυρίιρ
3938 2508 3953 2530 ,

2396 2592 2491 2645 καὶ
2520 2554 2645 2658 περί.
2672 2584 2766 2638 τοῦ
2822 2580 3024 2650 ἀγαθοῦ
3057 2576 3230 2630 ἐλάλει
3277 2570 3434 2633 Θεοῦ,
3469 2570 3541 2632 ὼς
3565 2566 3828 2658 λύτρωσις
3861 2554 3955 2658 οῦ-

2397 2700 2485 2743 τος
2518 2652 2606 2747 εἴη
2640 2679 2750 2737 τοῖς
2804 2676 2861 2725 ἐν
2899 2666 3248 2739 Ἰερουσαλὴμ
3278 2658 3722 2747 προσδεχομένοις
3758 2652 3957 2747 αύτόνς

2397 2770 2543 2839 Ἀρα
2571 2743 2661 2831 δέ,
2703 2768 2752 2819 οἳ
2789 2762 3125 2832 προσεδόκων
3158 2759 3233 2818 είς
3269 2751 3546 2820 Σωτηρίαν
3586 2746 3779 2839 αὐτῶν
3802 2743 3963 2839 ἥκειν

2398 2833 2488 2916 τὸν
2515 2858 2767 2931 Χριστὸν,
2798 2849 2963 2917 οὗτοι,
2983 2852 3083 2919 τὴν
3106 2847 3313 2918 φαύλην
3342 2840 3733 2931 θεραπεύοντες
3759 2833 3960 2931 ἀρχὴν,

2401 2954 2534 3021 πρὸς
2568 2922 2668 3019 τὴν
2696 2945 2904 3013 ἀγαθὴν
2928 2942 3188 3009 ἀνέφερον
3219 2937 3314 2998 τὰς
3348 2933 3601 2995 ἐλπίδας;
3639 2928 3745 2981 Καὶ
3779 2926 3861 3021 τίς
3896 2922 3965 2975 ἂν

2402 3017 2657 3113 λογισμοῦ
2702 3038 2886 3105 κύριος
2921 3035 2980 3086 οὐ
3016 3031 3326 3102 βδελύξηται
3366 3025 3459 3077 καὶ
3494 3023 3699 3089 πλάνης
3727 3017 3967 3085 ἐσχάτης

743 3148 875 3213 Quis
912 3162 1061 3207 vero,
1092 3146 1319 3199 rationis
1350 3158 1593 3212 compos,
1644 3158 1754 3195 non
1794 3149 2070 3195 aversetur
2101 3149 2155 3193 et
2182 3154 2303 3209 gra-
2328 3150 2361 3211 ς

2356 3150 2375 3211 ζ
2410 3134 2778 3205 ἐπιψηφιεῖται
2808 3128 2867 3180 τὸ
2887 3120 3279 3191 διαλογίζεσθαι
3312 3117 3480 3171 ταῦτα
3505 3132 3519 3179 ;

744 3239 951 3293 vissimi
978 3238 1180 3291 erroris
1219 3246 1407 3306 arguat
1442 3237 1513 3288 ita
1548 3232 2005 3286 ratiocinantem?

818 3329 958 3383 XVI.
1016 3328 1123 3381 Sed
1194 3326 1423 3396 procede
1470 3339 1681 3378 mecum
1743 3322 1992 3376 ulterius.
2049 3320 2309 3375 Ascendit

750 3421 1005 3474 Servator
1036 3420 1089 3471 in
1118 3418 1378 3485 templum
1408 3431 1512 3469 una
1551 3430 1675 3468 cum
1709 3414 1875 3467 Matre
1893 3428 2011 3475 sua,
2038 3428 2167 3466 vere
2194 3412 2306 3475 tali,

749 3519 804 3563 ct
847 3508 1051 3577 virgine
1097 3525 1110 3558 :
1149 3507 1309 3559 simul
1349 3521 1479 3559 vero
1527 3505 1640 3559 ibat
1676 3513 1851 3573 pater,
1900 3520 1967 3557 ex
2012 3504 2310 3571 desponsa-

750 3600 897 3651 tione
923 3597 1044 3651 talis
1075 3595 1313 3649 habitus.
1372 3595 1437 3648 Et
1465 3595 1555 3648 hic
1609 3594 1804 3649 iterum
1851 3594 2022 3664 legem
2081 3594 2311 3663 implens

762 3690 1017 3742 Servator
1065 3687 1329 3750 ascendit,
1388 3701 1497 3739 non
1526 3676 1714 3749 semel,
1758 3684 1852 3739 sed
1898 3684 2114 3753 sapius,
2155 3683 2313 3751 quasi

752 3776 1018 3831 destinata
1063 3789 1226 3843 opera
1264 3788 1372 3827 non
1424 3773 1591 3826 semel
1625 3773 1720 3827 sed
1767 3787 1912 3842 saepe
1959 3786 2210 3827 coercere
2261 3780 2316 3825 et

753 3866 990 3933 dejicere
1022 3865 1185 3918 vellet
1213 3864 1459 3917 homines
1489 3864 1541 3915 in
1566 3872 1836 3931 praecepta
1881 3863 2013 3932 legis
2060 3862 2312 3931 injurios.

754 3954 893 4009 Cum
917 3955 1080 4024 igitur
1114 3953 1402 4021 aliquando
1442 3968 1540 4021 pro
1573 3968 1723 4005 more
1752 3968 1818 4005 eo
1852 3952 2096 4014 abiisset,
2149 3952 2316 4004 abso-

756 4047 883 4100 lutis
924 4046 1008 4109 iis,
1033 4060 1151 4113 qua:
1180 4046 1262 4098 lex
1303 4045 1582 4113 poscebat,
1634 4059 1696 4097 ac
1741 4053 1984 4112 tempore
2025 4042 2319 4097 domuitio-

757 4154 881 4192 nem
901 4137 1170 4190 inferente
1193 4136 1536 4189 sanctissima
1558 4135 1777 4203 quidem
1811 4133 1981 4187 Mater
2018 4149 2139 4187 cum
2178 4133 2317 4197 aliis,

760 4236 816 4282 et
848 4229 964 4296 ipso
986 4241 1199 4295 quoque
1232 4225 1490 4295 Josepho,
1525 4226 1743 4279 domum
1786 4224 2160 4278 revertebatur
2192 4241 2204 4275 :
2240 4231 2318 4286 et,

762 4318 853 4386 qui
876 4317 1044 4371 nostri
1074 4331 1235 4371 causa
1259 4332 1397 4384 puer
1435 4316 1606 4369 factus
1634 4325 1768 4378 erat,
1801 4329 1897 4383 per
1919 4314 2155 4367 triduum
2183 4314 2322 4367 inte-

764 4424 915 4477 grum
962 4408 1017 4460 in
1070 4404 1332 4475 templum
1384 4406 1820 4460 commorabatur
1899 4418 2129 4472 cumque
2184 4403 2324 4458 inter

767 4496 973 4549 medios
1002 4496 1270 4558 doctores,
1301 4495 1377 4547 uti
1404 4494 1651 4557 decebat,
1685 4494 2039 4556 consedisset,
2069 4502 2183 4545 tum
2208 4507 2327 4560 per-

767 4584 1013 4654 ceptione
1053 4584 1435 4651 quaestionum,
1488 4591 1602 4635 tum
1638 4583 1922 4651 exquisitis
1968 4592 2022 4636 et
2061 4581 2329 4636 accuratis

771 4675 1217 4745 responsionibus
1245 4675 1315 4727 ita
1345 4675 1487 4743 cepit
1516 4675 1909 4742 colloquentes,
1956 4684 2013 4728 ut
2050 4684 2327 4743 stuporem

770 4766 953 4819 illiset
1002 4764 1411 4817 admirationem
1451 4765 1560 4817 Deo
1614 4764 1828 4833 plenam
1879 4763 2111 4825 aﬂ‘erret.
2155 4779 2327 4832 neque

782 4856 889 4911 illis
924 4856 1119 4919 solum,
1149 4856 1243 4909 sed
1288 4865 1343 4907 et
1385 4855 1655 4919 omnibus,
1692 4855 1891 4922 quibus
1926 4853 2227 4907 doctrinam
2273 4863 2329 4906 et

772 4948 1167 5003 sententiarum
1229 4946 1575 5001 collationem
1652 4945 1839 4999 audire
1913 4945 2131 4998 licebat.
2189 4944 2326 4997 Cum

774 5040 978 5092 interea
1018 5037 1198 5097 Jesus,
1251 5037 1448 5104 templo
1485 5035 1752 5100 addictus,
1790 5035 1843 5087 in
1874 5034 1958 5087 his
2001 5044 2332 5096 versaretur,

776 5128 1113 5182 sanctissima
1164 5125 1333 5180 Mater
1371 5128 1490 5197 ejus
1522 5135 1576 5180 et
1610 5126 1881 5195 Iosephus
1928 5127 1981 5178 in
2012 5127 2097 5179 via
2150 5126 2335 5180 Jesum

779 5234 962 5273 secum
985 5233 1092 5271 non
1124 5231 1243 5270 esse
1270 5216 1538 5281 videntes,
1567 5232 1689 5270 cum
1721 5217 1963 5286 cognatis
1992 5226 2170 5270 autem
2201 5232 2338 5270 ver-

2432 5212 2665 5282 ὁρῶντες
2700 5203 2925 5257 συνόντα
2964 5198 3145 5258 αὐτοῖς
3174 5193 3265 5246 τὸν

783 5311 890 5365 sari
945 5310 1251 5379 opinantes,
1303 5324 1411 5362 non
1448 5308 1638 5364 adesse
1668 5323 1820 5373 vero,
1855 5308 2103 5362 instituto
2144 5308 2336 5362 scruti-

856 5427 879 5457 ⁸
896 5424 1029 5490 Luc,
1063 5441 1123 5489 ιι,
1159 5424 1247 5479 36.

2478 3311 2592 3375 ις’.
2631 3305 2733 3358 Ἴθι
2760 3303 2820 3372 δή
2850 3317 2937 3371 μοι
2968 3299 3059 3352 καὶ
3088 3294 3434 3365 προσωτέρω.
3467 3290 3701 3341 ’Λνεισιν
3728 3282 3756 3333 6
3778 3277 3971 3375 Σωτηρ

2410 3404 2488 3463 είς
2513 3371 2573 3452 τὸ
2606 3398 2746 3466 ἱερὸν
2770 3371 2884 3464 ἆμα
2908 3393 3007 3461 τῆς
3040 3393 3112 3453 ὼς
3138 3386 3349 3455 ἀληθῶς
3383 3380 3601 3450 Μητρὸς
3633 3377 3725 3429 καὶ
3761 3371 3972 3441 παρθι-

2413 3511 2521 3547 νουο
2547 3488 2797 3558 συνανῄει
2821 3487 2877 3538 δέ
2905 3485 2997 3538 καὶ
3026 3485 3053 3535 6
3076 3483 3141 3549 τῇ
3171 3478 3298 3547 δόξῃ
3322 3476 3417 3544 τῆς
3441 3469 3733 3543 μνηστείας
3760 3466 3973 3558 πατήρ.

2413 3580 2701 3639 Κάνταῦθα
2725 3557 2892 3632 πάλιν
2913 3574 3003 3627 τὸν
3030 3573 3191 3641 νόμον
3215 3565 3483 3637 πληρῶνῤ
3501 3560 3686 3630 Σωτὴρ
3711 3558 3803 3611 καὶ
3830 3557 3980 3609 άνει-

2417 3696 2520 3741 σιν,
2552 3677 2649 3743 οὐχ
2688 3671 2851 3734 ἅπαξ,
2882 3667 3015 3722 ἀλλὰ
3044 3665 3137 3719 καὶ
3168 3661 3425 3719 πολλάκις
3455 3697 3469 3721 ,
3503 3656 3690 3722 ὥσπερ
3720 3648 3978 3743 ἐξεπίτηῗ

2415 3737 2539 3829 δεςϋ,
2570 3737 2665 3831 ούγ
2703 3759 2846 3825 ἅπαξ
2874 3757 3007 3811 ἀλλὰ
3036 3755 3127 3807 καὶ
3166 3749 3420 3809 πολλάκις
3439 3786 3454 3810 ,
3482 3741 3851 3831 ἐπιστομίζειν
3882 3737 3979 3831 καὶ

2417 3827 2771 3910 καταϐάλλειν
2801 3845 3116 3907 σπουδάζων
3145 3843 3269 3903 τοὺς
3298 3839 3405 3892 τῶν
3431 3834 3670 3904 νομικῶν
3713 3827 3980 3898 ὑϐριστὰς

2420 3943 2665 3999 ἐντολῶν.
2727 3937 2985 3994 Ἀνελθὼν
3034 3934 3077 3987 δ’
3122 3927 3215 3985 οὖν
3270 3944 3399 3981 ποτε
3451 3924 3592 3977 κατὰ
3622 3918 3979 3986 τὺ,είθισμέο

2420 4054 2529 4102 νον,
2560 4034 2681 4087 ἐπεὶ
2700 4031 2768 4086 τά
2789 4025 3147 4097 νενομισμένα
3176 4022 3357 4081 αὐτοῖς
3380 4013 3719 4102 ἐτελευτήθη,
3748 4009 3842 4102 καὶ
3883 4009 3983 4102 την

2423 4132 2501 4190 εἰς
2519 4097 2623 4179 ντδν
2652 4119 2798 4176 οἷκον
2849 4115 3103 4171 ἐπάνοδον
3148 4107 3443 4164 ἐπέϐαλλεν
3484 4106 3511 4156 6
3542 4101 3756 4190 καιρὸς.
3791 4100 3847 4190 ἡέ
3884 4097 3983 4190 μέν

2424 4186 2686 4283 πάνάγιος
2712 4213 2892 4281 μήτηρ
2918 4207 3033 4276 ἃμα
3054 4220 3111 4256 τε
3138 4200 3315 4260 ἄλλοις
3347 4195 3438 4249 καὶ
3460 4192 3536 4263 τῷ
3576 4189 3770 4256 Ἰωσὴφ
3794 4186 3983 4283 οἶκαδε

2425 4279 2611 4378 ἀπῄει·
2653 4306 2681 4357 6
2714 4279 2781 4355 -δέ
2806 4301 2872 4353 δι’
2922 4298 3065 4368 ἡμᾶς
3102 4295 3226 4352 παῖς
3271 4289 3355 4357 ἐφ’
3402 4286 3526 4378 ὅλας
3576 4284 3785 4378 ἡμερας
3830 4279 3983 4378 γρέἷς

2426 4368 2805 4465 ἐνειριλοχώρει
2838 4406 2897 4443 τε
2920 4387 2998 4457 τῷ
3034 4384 3162 4454 ἱερῷ
3185 4381 3278 4434 καὶ
3305 4379 3412 4430 τῶν
3440 4371 3790 4432 διδασκάλων,
3820 4368 3985 4434 ἡνίκα

2356 4467 2402 4523 D
2425 4459 2566 4554 δέοι,
2601 4459 2959 4551 καθεζόμενος
2992 4480 3048 4529 ἐν
3081 4474 3253 4545 μέσῳ,
3280 4472 3347 4539 τῇ
3376 4483 3434 4520 τε
3464 4464 3672 4554 συνέσει
3700 4460 3808 4554 των
3846 4459 3985 4554 {pui-

2423 4547 2632 4650 τήσεων
2662 4575 2754 4628 καὶ
2796 4547 2861 4639 τῇ
2898 4566 3149 4634 εὐθύτητι
3190 4563 3283 4614 καὶ
3314 4554 3571 4650 άκριθεία
3606 4550 3715 4650 τῶν
3749 4547 3985 4650 ἀποκρίο

2427 4638 2561 4725 σεων
2586 4668 2755 4727 οὕτως
2785 4656 2892 4715 εἷλε
2919 4658 2993 4729 (8)
3025 4656 3149 4717 τοὺς
3175 4644 3655 4719 προσομιλοῦντας,
3688 4641 3761 4702 ὡς
3793 4638 3989 4690 ἔκστα-

2426 4766 2509 4818 σίν
2559 4777 2619 4812 τε
2653 4757 2748 4810 καὶ
2790 4750 2993 4821 θάμ6ο;
3028 4747 3210 4804 αὐτοῖς
3257 4740 3507 4808 φιλόθεον
3540 4734 3819 4804 ἐμϐαλεῖν.
3877 4733 3989 4782 Καὶ

2424 4857 2483 4909 οὐ
2514 4853 2720 4911 τούτοις
2757 4846 2935 4916 μόνον,
2972 4838 3105 4893 ἀλλά
3144 4837 3236 4888 καὶ
3262 4834 3404 4893 ὅσοις
3436 4826 3861 4916 άκούειηπαρῆν
3890 4823 3990 4916 τῆς

2423 4907 2769 4994 διδασκαλίας
2808 4932 2900 4983 καὶ
2930 4926 3035 4979 τῶν
3062 4922 3369 4985 διαλέξεων.
3399 4914 3528 4970 Εἶτα
3561 4917 3617 4966 ἐν
3653 4907 3694 4980 ᾧ
3722 4912 3993 4981 διέτριὸεν

2436 5035 2492 5084 ἐν
2513 5029 2721 5087 τούτοις
2741 5063 2755 5085 .
2787 5022 2865 5091 τῷ
2896 5017 3024 5088 ἰερῷ
3053 5010 3428 5086 προσεδρεύων
3460 5009 3487 5061 6
3530 5003 3758 5075 Ἰησοῦς,
3782 5004 3815 5070 ἡ
3851 5019 3992 5054 παν-

2436 5125 2589 5189 άγιος
2621 5118 2821 5187 Μήτηρ
2841 5109 3005 5165 αὐτοῦ
3036 5108 3128 5159 καὶ
3160 5107 3187 5158 6
3226 5101 3425 5189 'lwoiqcp
3458 5100 3596 5151 κατὰ
3623 5095 3719 5189 την
3894 5095 3995 5162 οὐχ

3311 5188 3497 5251 παῖδα,
3536 5186 3769 5237 συνεῖναι
3813 5183 3870 5234 δέ
3910 5200 3997 5234 νομ-

2436 5274 2679 5373 μίζοντές
2716 5311 2827 5349 τισι
2850 5291 2957 5345 τῶν
2990 5284 3284 5355 συγγενῶν,
3316 5280 3437 5335 ἐπεὶ
3463 5275 3766 5339 άνεδίδαξεν
3797 5274 3999 5335 αὐτοὺς

1843 5520 2072 5575 νΑιιιΑε
2116 5518 2493 5574 LEC'I‘IONES
2531 5517 2617 5571 ET
2649 5514 2880 5572 NOTE.

856 5650 931 5720 (7)
970 5645 1165 5720 Εἷκειςτ
1205 5642 1513 5720 Legendum
1554 5649 1684 5720 putri
1719 5636 1896 5720 εἷλκεν
1930 5653 1991 5720 εξ
2046 5636 2205 5720 ξλκω.
2262 5633 2333 5720 [ια

786 5706 945 5789 paulo
984 5727 1110 5789 post
1139 5716 1164 5785 §
1200 5706 1511 5789 16_,'Noster
1539 5706 1569 5762 ε’
1593 5710 1711 5772 [ιὼς
1750 5710 1806 5762 δὲ
1838 5708 1933 5778 τὴν
1968 5707 2250 5759 ἐπίπνοιαν
2271 5706 2333 5756 ἐκ

787 5736 945 5789 paulo
964 5736 1105 5844 ap05!
1140 5736 1164 5785 9
1200 5736 1283 5775 ιο,
1320 5736 1509 5765 noster
1539 5736 1553 5762 ;

787 5807 958 5862 πονηρ
1002 5806 1026 5852 ς
1050 5782 1226 5840 εἷλκον
1258 5782 1568 5853 ἐνψγείαςς

2516 5635 2589 5704 (8)
2626 5632 2781 5688 Εἷλε.
2825 5633 2899 5686 Ita
2932 5645 3038 5704 non
3062 5628 3250 5704 dubito
3274 5623 3558 5704 legendum
3584 5635 3704 5678 esse
3732 5635 3801 5675 ex
3831 5618 4006 5689 αίρέω

2442 5696 2538 5775 pro
2568 5696 2674 5759 εττε
2710 5704 2853 5775 quod
2886 5701 3175 5771 scripserat
3200 5696 3469 5752 librarius.
