4234 6432
252 397 356 462 213
1237 404 1533 463 CONTRA
1573 401 1924 463 MANICHA!

1811 401 2025 463 ΗᾸΞΟΞ
2064 402 2293 463 LIBER
2329 402 2425 462 IV.
3378 396 3481 461 214

255 514 283 577 ἡ
317 511 579 578 ζήτησις,
607 513 814 573 τούτοις
855 513 929 582 μὴ
962 515 1215 582 παρεῖναι
1238 552 1252 576 ,
1286 514 1682 582 ἀναστρέφουσι
1718 513 1816 582 μὲν
1845 516 1927 573 Α]

1808 516 1894 573 Ἀ
1920 514 2031 578 nio,
2095 513 2486 582 intelligentes,
2556 515 2901 564 revertuntur
2950 506 3168 576 quidem
3203 506 3383 560 statim
3428 512 3480 561 in

252 601 444 652 θᾶττον
474 599 615 651 κατά
647 600 745 669 τὴν
785 602 956 672 αὐτὴν
1004 602 1231 672 ζήτησιν
1257 605 1336 666 είς
1378 603 1439 655 τὸ
1469 604 1628 672 ἱερὸν,
1674 603 1821 672 εὑρί-

1811 633 1821 642 -
1926 605 2206 673 templum,
2252 604 2640 670 inveniuntque
2707 608 2955 669 agentem
3024 614 3107 661 ea,
3149 613 3269 666 qua:
3324 612 3483 667 agere

254 704 445 741 σκουσι
478 690 533 741 δέ
572 692 877 759 πράττοντα
900 734 913 756 ,
962 694 1107 762 ἆπερ
1148 710 1207 746 τε
1238 689 1307 761 ἦν
1350 694 1606 762 πράττειν
1644 694 1819 757 εἰκὸς,
1922 723 1926 746 l

1811 735 1819 757 ν
1922 699 2148 752 decebat
2179 712 2325 761 eum,
2386 698 2478 765 qui
2531 705 2583 749 et
2617 695 2759 748 salus
2814 691 2999 746 mundi
3046 699 3163 743 erat
3207 700 3261 744 et
3315 692 3483 761 gloria

252 781 352 846 τὴν
404 781 678 849 σωτηρίαν
722 781 815 833 τοῦ
849 782 1053 850 κόσμου
1102 783 1196 835 καὶ
1236 783 1393 846 δόξαν
1438 782 1532 834 τοῦ
1580 783 1819 853 Ἰσραὴλ,
1923 792 1924 795 ‘

1810 824 1819 847 ι
1923 789 2153 850 Israelis,
2192 804 2417 856 quaeque
2438 788 2659 841 verbum
2692 785 2781 839 Dei
2808 783 3289 853 praenuntiaverat.
3328 784 3482 835 Post—

253 872 348 921 καὶ
379 874 408 923 ό
436 871 592 937 λόγος
626 874 1089 941 προαπήγγειλεν.
1129 871 1257 925 Εἶτα
1288 874 1433 941 λέγει
1464 874 1612 942 αὐτῷ
1641 876 1672 943 ή
1704 876 1823 940 Μή·
1924 909 1925 923 χ

1814 902 1823 913 ·
1924 896 1987 933 ea
2039 880 2169 933 dicit
2217 881 2265 932 ei
2313 879 2480 931 Mater
2528 877 2703 941 :Fili,
2765 876 2887 943 quid
2940 874 3106 943 fecisti
3171 871 3315 924 nobis
3374 873 3486 924 ita?

252 976 381 1030 τηρ·
425 962 667 1023 Τέκνον,
702 966 759 1015 τί
807 964 1103 1030 ἐποίησας
1135 965 1280 1032 ἡμῖν
1308 966 1529 1030 οὒτως;
1561 968 1594 1017 ό
1633 963 1826 1031 πατήρ

1811 982 1826 1016 )
1926 983 2037 1021 ecre
2085 976 2236 1035 pater
2275 976 2392 1019 tuus
2425 976 2471 1018 et
2509 982 2601 1034 ego
2641 981 2758 1016 cum
2792 962 2966 1015 dolore
2998 962 3329 1030 quwsivimus
3364 970 3408 1012 te
3443 962 3483 1011 ⁵.

254 1066 373 1103 σου
403 1052 563 1119 κάγὼ
581 1053 951 1120 ὀδυνώμενοι
968 1055 1290 1123 ἐζητοῦμέν
1316 1071 1412 1111 σε.
1437 1058 1543 1109 Καὶ
1570 1058 1823 1126 πρόσεχεο

1813 1072 1823 1086 ·
1928 1056 2158 1109 Attende
2196 1070 2345 1108 nunc
2378 1072 2391 1108 :
2426 1055 2517 1107 sed
2546 1071 2650 1107 non
2677 1069 2812 1123 Opus
2846 1062 2929 1105 est
2957 1062 3193 1107 mentem
3212 1052 3485 1120 colligere,

261 1142 464 1209 μᾶλλον
502 1143 559 1194 δέ
596 1143 747 1195 οὐδὲν
774 1143 853 1196 δεῖ
892 1147 1215 1211 συναγαγεῖν
1261 1146 1471 1198 ἑαυτόν·
1505 1145 1647 1197 οὓτω
1682 1147 1826 1214 σαφῆ
1928 1164 1933 1198 :

1818 1148 1826 1214 ι
1928 1146 2063 1199 adeo
2087 1147 2267 1199 omnia
2287 1147 2429 1199 clara
2457 1154 2583 1199 sunt
2611 1156 2667 1199 et
2700 1146 2768 1198 ob
2789 1145 2977 1198 oculos
3010 1144 3203 1212 posita.
3247 1143 3490 1211 Respon-

258 1235 439 1289 πάντα
473 1236 565 1287 καὶ
601 1236 824 1291 ἐνώπια.
870 1238 1247 1307 ’Δποκρίνεται
1273 1238 1383 1307 γὰρ
1409 1240 1591 1301 αὐτοῖς
1621 1238 1654 1306 ἡ
1679 1238 1829 1307 πηγὴ

1819 1256 1829 1307 ι
1930 1236 2182 1291 detenim
2208 1237 2312 1289 illis
2338 1236 2459 1290 fons
2481 1237 2726 1289 veritatis
2758 1246 2811 1289 et
2832 1236 3087 1289 bonitatis
3131 1252 3143 1287 :
3176 1234 3311 1297 Quid
3348 1251 3491 1303 qua:-

258 1328 361 1393 τῆς
391 1326 649 1392 ἀληθείας
692 1328 917 1395 καὶτῆς
956 1328 1310 1397 ἀγαθότητοςο
1359 1329 1420 1381 Τί
1452 1330 1539 1381 ὅτι
1584 1326 1833 1395 ἐζητεῖτέ

1821 1326 1833 1378 ἓ
1932 1328 2125 1381 rebatis
2164 1330 2477 1381 me?nmme
2526 1328 2767 1381 sciebatis
2812 1345 2890 1380 me
2942 1344 3049 1380 esse
3100 1328 3282 1380 debere
3331 1328 3383 1379 in
3432 1328 3493 1378 iis

256 1433 371 1483 pa;
401 1418 511 1468 οὐκ
542 1416 735 1483 ᾔδειτε
792 1416 881 1469 ὅτι
923 1418 993 1469 ἐν
1023 1417 1147 1482 τοῖς
1188 1418 1296 1471 τοῦ
1336 1419 1561 1486 Πατρός
1597 1435 1715 1485 μου
1746 1418 1839 1470 δεῖ

1820 1418 1839 1470 ῖ
1934 1436 2047 1488 qua:
2076 1420 2249 1472 Patris
2289 1421 2387 1471 mei
2415 1420 2602 1471 sunt“?
2628 1420 2766 1483 Quid
2800 1419 2900 1470 hoc
2930 1419 3129 1471 clarius
3168 1428 3271 1483 est,
3312 1420 3492 1471 autad

260 1503 418 1558 εἶναι
442 1522 517 1573 με
528 1522 546 1568 ;
575 1507 639 1558 Τί
678 1506 865 1558 τούτου
911 1507 1251 1577 σαφέστερον
1286 1509 1319 1577 ἦ
1349 1508 1457 1561 τῶν
1488 1508 1700 1561 ἀσεϐῶν
1733 1510 1834 1576 ἐμ-

1822 1537 1834 1548 -
1934 1521 2025 1558 ora
2064 1506 2348 1575 impiorum
2376 1508 2768 1575 compescenda
2790 1508 3105 1559 efficacius?
3140 1507 3299 1559 Pater
3343 1522 3494 1559 meus

264 1598 526 1665 φράττειν
577 1597 647 1649 τά
703 1599 947 1665 στόματα
998 1598 1400 1668 δυνατῶτερονς
1471 1601 1659 1669 Πατὴρ
1707 1601 1836 1668 ἐμὸς

1826 1616 1836 1661 ς
1941 1610 2097 1647 verus
2127 1598 2172 1647 is
2198 1604 2300 1655 est,
2354 1596 2438 1647 cui
2474 1596 2736 1663 templum
2794 1596 2894 1649 hoc
2941 1612 3155 1648 sacrum
3210 1606 3334 1648 est:
3379 1612 3498 1662 qua:

262 1687 501 1755 ἀληθῶς,
524 1680 675 1756 ᾧπερ
708 1689 1001 1757 ἀνιέρωται
1025 1690 1085 1740 τὸ
1114 1690 1277 1760 ἱερόν.
1316 1690 1397 1741 Τά
1420 1690 1476 1741 δὲ
1498 1690 1591 1741 τοῦ
1627 1689 1836 1757 Πατρός

1824 1705 1836 1750 ;
1938 1702 2067 1738 vero
2110 1686 2281 1738 Patris
2326 1695 2471 1748 sunt,
2518 1696 2572 1738 et
2605 1700 2720 1739 mea
2755 1697 2882 1738 sunt
2923 1688 3124 1739 omnia.
3160 1686 3345 1752 Itaque
3389 1702 3496 1737 non

266 1778 443 1828 πάντα
489 1778 634 1827 ἐστὶν
664 1778 791 1845 ἐμά.
837 1777 1045 1829 Οὐκοῦν
1086 1779 1185 1830 οὑκ
1220 1778 1325 1831 ἔδει
1359 1780 1540 1847 ζητεῖν
1577 1778 1833 1847 ἀλλαχοῦ,
1862 1839 1903 1847 ﬁ

1823 1816 1833 1840 ,
1862 1839 1903 1847 Ἀ
1940 1776 2062 1827 alibi
2084 1776 2309 1828 decebat
2336 1792 2421 1828 me
2448 1792 2711 1844 qumrcre,
2736 1792 2894 1843 quem
2917 1777 3042 1829 licet
3064 1777 3115 1828 in
3144 1778 3206 1829 iis
3231 1777 3495 1838 invenire,

264 1866 387 1930 ἐξὸν
439 1839 709 1936 εὑρίσκειν
762 1868 821 1919 ἐν
870 1870 982 1929 τοῖς
1027 1868 1121 1920 τοῦ
1166 1839 1587 1938 Πατρός.”Αλλ’
1640 1872 1672 1939 ἠ
1862 1839 1936 1907 Βι

1819 1887 1833 1921 ν
1862 1839 1908 1896 Β
1935 1882 2054 1934 qua:
2084 1865 2258 1920 Patris
2293 1878 2438 1919 sunt.
2480 1868 2554 1919 Ita
2583 1868 2802 1934 quidem
2845 1869 3047 1921 veritas
3081 1868 3194 1935 ipsa
3232 1868 3491 1935 templum

276 1956 533 2024 Ἀλήθεια
559 1957 619 2008 τδ
638 1960 861 2025 νομικόν
888 1959 1028 2027 ἱερὸν
1048 1960 1142 2011 καὶ
1165 1961 1233 2012 τά
1252 1960 1345 2011 τοῦ
1372 1960 1534 2028 νόμου
1565 1960 1832 2028 δόγματα,
1936 1958 1948 2010 I

1828 2002 1832 2019 ,
1936 1958 2104 2027 legale
2142 1967 2195 2010 et
2250 1958 2380 2026 legis
2424 1967 2712 2025 praecepta,
2774 1974 2893 2025 qua:
2941 1968 2995 2011 et
3051 1957 3407 2020 docebantur,
3448 1969 3500 2010 et

263 2039 340 2099 ὧν
388 2046 484 2097 καὶ
514 2048 546 2115 ή
579 2046 896 2100 διδασκαλία
946 2050 1037 2101 καὶ
1076 2052 1110 2118 ἡ
1143 2050 1373 2114 διάλεξις
1399 2051 1714 2119 ἐπράττετο,
1741 2049 1837 2102 τοῦ

1827 2049 1837 2101 i
1936 2049 2374 2119 disputabantur,
2408 2049 2583 2103 Patris
2602 2050 2684 2103 sui
2719 2066 2839 2104 esse
2873 2052 3015 2104 clara
3070 2066 3202 2104 voce
3251 2059 3499 2110 testatur,

268 2136 483 2204 Πατρὸς
511 2136 674 2189 αὑτοῦ
706 2134 842 2189 εἶναι
862 2178 877 2203 ,
905 2138 1135 2210 λαμπρᾷ
1161 2142 1225 2208 τῇ
1270 2143 1421 2209 φωνῇ
1475 2140 1837 2210 διαμαρτύρε-

264 2243 377 2279 ταιο
410 2228 460 2278 οἱ
490 2228 548 2279 δὲ
583 2227 677 2279 τοῦ
709 2228 936 2296 ψεύδους
964 2231 1233 2300 ὑπηρέται
1264 2232 1561 2299 ἀντιλέγειν
1588 2231 1647 2282 οὺ
1677 2230 1834 2299 φρίτ-

263 2333 474 2379 τουσιν,
492 2317 606 2369 ἀλλ’
632 2319 746 2387 ἅμα
760 2318 852 2371 δύο
882 2319 1051 2373 ταῦτα
1072 2322 1309 2391 τολμῶσι
1330 2323 1396 2375 τὰ
1416 2324 1635 2392 ἔσχατα,
1663 2326 1752 2377 τόν
1774 2342 1833 2377 τε

268 2407 492 2476 Πατέρα
511 2407 603 2460 τοῦ
631 2409 833 2479 Κυρίου
868 2412 1024 2480 ἡμῶν
1073 2413 1247 2481 Ἰησοῦ
1274 2415 1510 2484 Χριστοῦ
1537 2417 1635 2486 τῆς
1664 2418 1841 2470 αὐτῶν

266 2499 646 2569 ἀπωθοῦμενοι
663 2501 983 2571 νομοθεσίας
1001 2505 1097 2557 καὶ
1120 2505 1457 2575 κυριότητος,
1491 2510 1583 2560 καὶ
1608 2509 1705 2578 τὴν
1735 2508 1834 2561 τοῦ

273 2588 405 2640 Υίοῦ
427 2590 749 2660 μαρτυρίαν,
766 2591 825 2644 ὃν
841 2593 887 2643 εί
911 2594 1004 2646 καὶ
1020 2594 1248 2662 χείλεσιν
1272 2596 1457 2666 ἄκροις
1477 2598 1624 2666 ὅμως
1638 2600 1730 2651 καὶ
1749 2600 1842 2651 αὖ-

272 2681 359 2732 τοὶ
378 2680 597 2749 σωτῆρα
625 2682 810 2735 καλεῖν
838 2685 931 2736 καὶ
955 2685 1206 2755 ἀλήθειαν
1219 2687 1280 2738 οὐ
1303 2688 1710 2758 παραιτοῦνται,
1740 2707 1843 2742 πα-

277 2769 658 2839 ραγράφεσθαι
678 2772 876 2842 τόλμαν
898 2774 946 2825 οί
964 2776 1362 2846 τρισαλιτήριοι
1389 2779 1841 2848 προσλαμϐάνου-

276 2875 384 2911 σιν.
408 2859 631 2922 Οῦτωςό
647 2862 788 2915 κατὰ
807 2861 899 2915 τοῦ
919 2864 1083 2932 νόμου
1110 2866 1562 2936 προπηλακισμός
1589 2886 1842 2939 συμπρο-

275 2950 571 3017 πηλακίζει
598 2952 697 3019 μὲν
734 2952 826 3005 καὶ
850 2953 1010 3005 αὐτὸν
1040 2954 1129 3007 τὸν
1152 2956 1449 3025 νομοθέτην
1469 2958 1565 3025 τῆς
1592 2960 1835 3028 χάριτος.

276 3040 494 3094 Μᾶλλον
532 3042 588 3093 δὲ
613 3045 743 3095 ’κατ’
781 3042 959 3095 αὐτῶν
1010 3043 1117 3095 τῶν
1154 3045 1420 3115 ἑκατέραν
1456 3046 1533 3114 (9)
1581 3047 1845 3116 διαθήκην

1938 2143 2077 2196 servi
2112 2153 2290 2195 autem
2343 2141 2609 2195 mendacii
2658 2144 3031 2195 contradicere
3070 2158 3177 2195 non
3220 2152 3500 2204 verentur,

1939 2239 2031 2293 sed
2072 2240 2261 2292 eadem
2310 2254 2472 2307 opera
2513 2238 2621 2291 duo
2669 2239 2942 2291 contraria
3007 2240 3231 2299 audent,
3289 2240 3499 2292 Patrem

1939 2329 2158 2398 quidem
2188 2328 2398 2383 Domini
2421 2331 2590 2383 nostri
2614 2329 2745 2383 Jesn
2779 2329 2980 2383 Christi
3007 2344 3035 2382 a
3096 2331 3301 2399 legibus
3330 2330 3410 2383 his
3450 2342 3504 2385 et

1942 2421 2181 2475 dominio
2208 2421 2259 2474 in
2314 2436 2373 2474 se
2428 2422 2771 2489 repellentes,
2819 2432 2871 2474 et
2922 2420 3042 2473 Filii
3109 2422 3500 2486 testimonium,

1940 2526 2099 2580 quem
2112 2511 2365 2565 extremis
2390 2511 2543 2564 labiis
2569 2509 2908 2563 Servatorem
2935 2521 2987 2563 et
3009 2512 3289 2565 veritatem
3311 2528 3504 2567 vocare

1941 2619 2050 2657 non
2085 2601 2389 2671 defugiunt,
2419 2602 2763 2672 perditissimi
2791 2603 3037 2656 homines
3070 2604 3337 2656 mendacii
3363 2605 3499 2656 insi-

1944 2693 2151 2748 mulare
2181 2692 2405 2745 audent.
2440 2692 2589 2746 Adeo
2616 2693 2886 2746 aversatio
2916 2694 3047 2763 legis
3078 2696 3255 2762 ipsum
3288 2711 3505 2763 quoque

1946 2786 2307 2855 legislatorem
2342 2798 2369 2837 a
2402 2784 2569 2853 gratia
2616 2785 2845 2853 repellit.
2884 2784 2977 2838 Vel
3006 2786 3188 2853 potius
3250 2796 3509 2854 apostata:

1945 2874 2000 2927 hi
2032 2874 2359 2944 jampridem
2388 2874 2455 2927 ab
2488 2873 2640 2927 initio
2661 2874 3051 2943 blasphemiam
3074 2886 3261 2928 contra
3306 2878 3508 2930 utrius-

1943 2984 2048 3037 que
2106 2970 2412 3022 testamenti
2495 2979 2743 3022 auetores
2841 2969 3245 3036 parturientes,
3311 2970 3509 3023 deinde

1948 3075 2098 3123 vero,
2140 3061 2387 3129 quamvis
2424 3060 2488 3113 ad
2539 3060 2720 3113 omnia
2751 3061 3005 3120 audaces,
3040 3076 3069 3112 a
3108 3070 3263 3128 partu
3324 3061 3508 3128 perni-

275 3132 611 3200 διαθεμένων
647 3135 707 3185 τὸ
741 3133 1073 3225 -βλάσφημον
1116 3135 1210 3187 ἀπ’
1245 3137 1417 3206 ἀρχῆς
1467 3138 1515 3189 oi
1544 3139 1845 3192 ἀποστάται
1870 3165 1913 3225 C
1946 3184 1947 3193 η

1839 3157 1913 3225 ιο
1946 3152 2253 3207 ciosissimo
2289 3162 2438 3206 metu
2467 3152 2772 3205 auditorum
2797 3153 3075 3220 prohibiti,
3109 3169 3207 3221 pro
3254 3169 3338 3217 eo,
3366 3154 3511 3222 quod

279 3223 643 3287 ιῶινήσαντες
669 3263 683 3285 ,
712 3220 827 3275 εἶτα
856 3227 990 3293 πρὸς
1017 3226 1108 3276 τὸν
1138 3224 1378 3294 ὀλέθριον
1412 3228 1567 3280 τόκον
1596 3230 1644 3280 οἱ
1671 3230 1846 3283 πάντα

278 3312 502 3383 θρασεῖς
547 3313 740 3384 ἀθρόον
773 3315 945 3367 ἐλθεῖν
982 3315 1058 3384 τῷ
1102 3316 1210 3368 δέει
1244 3318 1353 3369 τῶν
1395 3319 1679 3388 ἀκροατῶν
1713 3322 1848 3372 ἀπο-

278 3403 664 3465 δειλιάσαντες,
698 3404 816 3455 ἀντὶ
848 3403 943 3456 τοῦ
989 3404 1172 3457 δοῦναι
1204 3405 1419 3476 φθορᾷ,
1477 3408 1543 3476 ἢν
1591 3410 1847 3479 ἐνεκυμό-

280 3512 475 3563 νησαν,
522 3496 613 3547 τοῦ
666 3496 958 3565 δράκοντος
1009 3497 1234 3564 σποράν·
1269 3498 1317 3548 οἱ
1352 3498 1408 3549 δέ
1461 3498 1653 3567 βραχεῖ
1704 3501 1849 3570 μόνῳ

283 3585 461 3653 χρόνῳ
494 3585 581 3636 τὸν
610 3584 766 3636 τόκον
797 3586 1182 3649 συστέλλουσι,
1211 3584 1394 3655 κύκλῳ
1423 3586 1480 3638 δὲ
1510 3590 1601 3640 καὶ
1629 3588 1716 3641 διά
1745 3607 1847 3659 μη-

281 3677 450 3745 χανῆς
475 3675 566 3728 τὸν
594 3676 965 3744 συλληφθέντα
1016 3678 1091 3728 ίὸν
1123 3677 1221 3733 διὰ..
1241 3676 1339 3745 τῆς
1377 3678 1622 3749 γλώττης
1648 3680 1849 3748 ὁμοίως

283 3766 662 3819 ἀποτίκτουσι.
726 3765 836 3818 Καὶ
874 3765 981 3835 γὰρ
1030 3766 1279 3833 ἐκχέουσι
1313 3767 1409 3836 μὲν
1455 3768 1544 3820 τὸν
1600 3768 1676 3821 ίὸν
1711 3770 1850 3822 κατὰ

280 3856 384 3924 τῆς
427 3856 776 3924 νομοθεσίας,
820 3855 928 3909 ἀπὸ
964 3856 1020 3907 δὲ
1053 3856 1151 3923 τῆς
1184 3855 1321 3908 κατά
1366 3857 1474 3909 τῶν
1522 3858 1849 3927 νομοθεσιῶν

284 3947 571 4015 παροινίας
602 3946 720 3998 κατ’
755 3944 932 3998 αὐτῶν
958 3945 1118 3997 πάλιν
1166 3946 1272 3996 τῶν
1304 3946 1545 4014 θεμένων
1592 3948 1715 4011 τοὺς
1763 3950 1849 4001 νό-

287 4053 421 4105 μους
450 4036 599 4087 οὑδὲν
624 4035 865 4099 ἔλαττον,
892 4036 939 4086 εί
970 4036 1043 4103 μὴ
1071 4036 1163 4086 καὶ
1189 4035 1406 4101 μᾶλλον,
1439 4037 1851 4107 ἐπαναδραμόν-

280 4145 375 4191 τες
408 4127 879 4194 ἐνασελγαίνουσι,
916 4126 1010 4178 καὶ
1055 4126 1121 4177 δι’
1173 4120 1247 4178 ὧν
1283 4126 1379 4194 μὲν
1426 4127 1722 4191 δεδοικότες
1752 4131 1851 4200 τὴν

282 4220 486 4287 ἀθρόαν
517 4218 819 4289 προσόολὴν
849 4218 1153 4285 ἐπέχουσιν,
1179 4218 1276 4268 οὐκ
1302 4217 1513 4283 ἀγνοεῖν
1542 4219 1601 4270 τὸ
1625 4220 1852 4289 μέγεθος

283 4311 379 4363 τοῦ
409 4310 753 4379 τολμήματος
784 4309 1179 4377 ἐξελέγχονται·
1214 4308 1279 4359 δι’
1329 4302 1405 4361 ὧν
1436 4309 1494 4361 δὲ
1541 4312 1850 4376 ἐπιγνόντες

282 4403 385 4453 οὐκ
414 4401 737 4467 ἀφίστανται
763 4438 778 4462 ,
810 4399 1192 4466 ἀσύγγνωστον
1220 4399 1403 4462 αὐτοῖς
1438 4400 1715 4464 παντελῶς
1748 4420 1849 4454 κα-

285 4492 685 4555 τασκευάζουσι
714 4492 774 4543 τὸ
797 4490 1192 4560 πλημμέλημα.

358 4586 457 4639 IZ'.
514 4584 670 4637 Ἐστι
711 4583 768 4635 δὲ
807 4583 931 4644 τοὺς
969 4583 1068 4650 τῆς
1108 4580 1360 4651 ἀληθείας
1405 4582 1651 4651 μαθητὰς
1701 4582 1845 4644 ίδεῖν,

284 4675 381 4727 καὶ
404 4673 563 4725 αὑτὸν
588 4674 644 4724 δὲ
677 4673 765 4725 τὸν
797 4672 996 4741 Κύριον
1038 4672 1193 4741 ἡμῶν
1240 4672 1447 4740 Ἰησοῦν
1473 4673 1725 4742 Χριστὸν,
1752 4676 1848 4741 οὐχ

280 4765 360 4827 ὡς
386 4764 595 4832 ἔτυχεν,
622 4763 731 4815 οὐδ’
784 4761 961 4827 ἅπαξ,
993 4762 1107 4815 ἀλλ’
1140 4762 1250 4815 ἀνω
1295 4763 1389 4814 καὶ
1430 4764 1580 4815 κάτω
1620 4767 1847 4833 περιφέ-

288 4869 484 4923 ροντας
504 4890 519 4913 ,
549 4851 645 4920 τὴν
676 4850 927 4920 Ναζαρὲτ
951 4851 1045 4901 καὶ
1064 4850 1299 4917 πατρίδα
1331 4850 1627 4913 καλοῦντας
1662 4853 1843 4918 αὑτοῦ,

287 4943 383 4994 καὶ
410 4939 520 4992 οὔτ’
565 4940 806 5002 ἐκείνους
850 4939 998 4993 οὐδὲν
1029 4938 1486 5007 εὐλαϐουμένους,
1517 4939 1641 4992 οὔτε
1680 4943 1849 5012 αὐτὴν

283 5032 385 5101 τὴν
426 5030 663 5096 ἐπίγειον
734 5028 927 5081 κτίσιν.
974 5028 1167 5081 Καίτοι
1218 5029 1383 5080 πόσον
1422 5030 1609 5099 ἐπῄτει
1675 5033 1847 5101 ἀρχὴν

284 5121 452 5176 αὑτοῦ
485 5122 585 5190 τῆς
613 5121 914 5190 γεννήσεως
957 5120 1340 5190 ἀνομολογεῖν;
1379 5123 1440 5173 hi
1495 5123 1552 5175 δὲ
1596 5125 1691 5193 τῆς
1733 5125 1849 5176 όλεο

284 5210 441 5279 θρίας
466 5205 533 5279 ἦν
566 5209 725 5279 ἔργον
755 5208 891 5277 αῦτη
917 5210 1096 5279 χειρὸς
1116 5250 1131 5274 ,
1160 5205 1269 5280 ἆρα
1297 5210 1361 5263 ἂν
1392 5212 1675 5281 ἠνέσχετο,
1712 5215 1847 5281 ἀγα-

285 5301 376 5363 θὸς
410 5300 484 5352 ῶν
516 5300 719 5368 ἀγαθοῦ
771 5301 982 5369 [ἰατρὸς
1015 5302 1180 5366 Παῖς,
1219 5302 1451 5371 πατρίδα
1492 5305 1695 5375 ταύτην
1732 5309 1849 5358 ἐπι-

355 5415 378 5446 ⁵
406 5413 538 5467 Luc.
563 5428 622 5477 ιι,
648 5412 735 5467 48.
814 5412 834 5441 ⁸
874 5411 1004 5465 ibid.
1035 5412 1121 5466 49.

1870 4486 1921 4543 D

1949 3259 2135 3299 semen
2190 3244 2473 3307 draconis,
2526 3245 2669 3313 quod
2717 3254 3103 3315 conceperant,
3165 3248 3346 3315 perire
3398 3248 3512 3315 pati

1948 3338 2238 3401 debebant,
2277 3338 2429 3392 brevi
2459 3339 2677 3407 quidem
2713 3348 2954 3405 tempore
2982 3348 3198 3407 partum
3228 3338 3511 3403 cohibent,

1950 3430 2143 3484 deinde
2184 3446 2311 3483 vero
2359 3446 2454 3499 per
2501 3431 2753 3500 ambages
2812 3430 2968 3499 quasi
3029 3439 3083 3484 et
3132 3440 3246 3485 arte
3286 3434 3514 3499 qumsita

1952 3530 2274 3588 conceptum
2301 3536 2571 3574 venenum
2622 3521 2801 3589 lingua
2842 3522 3074 3587 pariunt.
3126 3522 3189 3575 Et
3229 3523 3517 3575 effundunt

1952 3606 2027 3659 illi
2059 3607 2275 3675 quidem
2302 3624 2571 3662 venenum
2611 3620 2798 3663 contra
2850 3611 3055 3679 legem,
3106 3612 3175 3664 ab
3227 3612 3513 3665 insolentia

1950 3713 2076 3751 vero
2106 3699 2155 3751 in
2218 3700 2388 3767 legem
2439 3715 2544 3752 non
2597 3703 2816 3764 minus,
2881 3702 2986 3755 nisi
3043 3703 3199 3771 longe
3240 3703 3406 3770 magis
3460 3701 3512 3753 in

1952 3790 2095 3856 ipsos
2150 3789 2326 3860 legum
2385 3800 2594 3845 actores
2633 3793 2839 3860 abrepti
2884 3792 3193 3860 petulanter
3238 3800 3420 3861 agunt.
3453 3791 3517 3843 Et

1952 3880 2029 3933 sie
2064 3880 2118 3932 in
2146 3890 2407 3947 quantum
2431 3882 2701 3934 crassiore
2726 3882 2926 3935 insultu
2978 3882 3054 3933 uti
3081 3890 3357 3942 verentur,
3382 3897 3515 3934 con-

1954 3972 2125 4024 victos
2167 3972 2388 4025 omnino
2447 3988 2504 4025 se
2555 3984 2832 4041 przestant,
2886 3973 3028 4041 quod
3091 3973 3514 4042 magnitudinem

1953 4061 2207 4115 facinoris
2263 4063 2346 4117 sui
2388 4078 2493 4115 non
2544 4064 2810 4126 nesciant,
2872 4064 2925 4115 in
2979 4073 3245 4130 quantum
3294 4079 3419 4115 vero
3463 4064 3514 4115 id

1953 4172 2061 4209 non
2082 4158 2388 4227 ignorantes
2414 4173 2518 4210 non
2552 4158 2829 4221 recedunt,
2856 4156 3116 4219 efficiunt,
3151 4164 3207 4208 ut
3233 4164 3513 4224 peccatum

1954 4246 2055 4299 hoe
2090 4247 2223 4316 ipsis
2250 4262 2360 4300 non
2398 4249 2731 4299 remittatur.

2017 4574 2177 4628 XVII.
2219 4572 2410 4627 Videas
2433 4588 2560 4626 vero
2594 4572 2834 4625 veritatis
2858 4570 3177 4639 discipulos,
3204 4567 3377 4635 ipsum
3409 4565 3513 4618 Do-

1946 4669 2154 4720 minum
2185 4676 2427 4718 nostrum
2461 4662 2645 4717 Jesum
2688 4662 2968 4716 Christum
2990 4699 3004 4721 .
3047 4675 3158 4712 non
3202 4663 3323 4710 data
3354 4672 3513 4710 ocea-

1946 4759 2117 4817 sione,
2149 4765 2243 4809 aut
2272 4756 2466 4819 semel,
2501 4755 2596 4809 sed
2629 4754 2975 4822 undiquaque
3023 4749 3470 4805 circumferentes
3498 4787 3510 4803 .

1945 4859 1999 4902 et
2047 4847 2277 4901 Nazaret
2320 4848 2547 4915 patriam
2600 4847 2717 4915 ejus
2760 4843 3133 4913 appellantes,
3188 4840 3516 4906 eosdemque

1945 4938 2078 4991 nihil
2111 4950 2165 4990 et
2200 4954 2267 4991 ne
2296 4938 2464 5006 ipsam
2502 4937 2721 5005 quidem
2754 4944 3023 4987 terrenam
3055 4932 3391 4985 nativitatem
3429 4946 3514 4982 rc-

1946 5043 2169 5081 censcre
2194 5026 2544 5096 refugientes.
2586 5026 2858 5089 Quantum
2890 5037 3019 5075 vero
3043 5020 3422 5089 requirebatur
3447 5017 3514 5070 ad

1944 5126 2206 5195 originem
2240 5125 2534 5179 nativitatis
2569 5125 2689 5194 ejus
2723 5120 3166 5176 edisserendaml
3198 5117 3316 5171 Jam
3358 5116 3399 5167 si
3430 5115 3515 5167 illa

1947 5217 2263 5286 perniciosa:
2295 5231 2488 5269 manus
2521 5228 2658 5284 opus
2683 5213 2909 5277 fuisset,
2938 5208 3184 5277 nunquid
3232 5216 3390 5275 putas
3420 5205 3515 5258 b0-

1944 5324 2072 5361 nnm
2102 5309 2222 5363 boni
2257 5307 2431 5362 Patris
2464 5306 2656 5359 Filium
2685 5316 2966 5373 passurum
2987 5342 3000 5364 ,
3035 5309 3093 5352 ut
3125 5300 3236 5352 hzec
3279 5295 3379 5363 ipsi
3417 5309 3514 5361 pa-

1356 5552 1583 5607 VARIAS
1623 5553 2005 5611 LECTIUNES
2047 5556 2131 5610 ET
2164 5556 2390 5612 ΝΟΤΑΞ.

360 5685 437 5753 (ιι)
486 5685 939 5760 Ἐκατέρανηιιει
990 5689 1180 5756 scripsi
1218 5706 1314 5757 pro
1363 5691 1655 5760 ἑκατέρων,
1709 5690 1852 5759 quod
1890 5693 2032 5745 cxhil

1848 5698 1852 5745 l
1890 5693 2182 5747 exhibebat
2210 5694 2399 5747 codex.
2428 5693 2617 5748 Sermo
2639 5692 2725 5746 hic
2749 5692 2924 5745 estde
2968 5689 3313 5742 'l‘cslatnento
3376 5695 3520 5733 υιτυο

289 5770 413 5823 quc,
446 5763 502 5808 et
531 5756 718 5811 eodem
750 5758 1027 5826 utriusque
1055 5756 1293 5813 auctore.
