4234 6432
708 412 814 476 915

1845 415 1908 473 ΡΙ
1922 415 2100 474 [ΟΤΙΙ
2141 413 2640 476 ΡΑΤΠΙΑΒΟΗᾸΞ
2673 416 2780 477 CP.

3826 412 3932 479 216

712 524 810 575 tria
843 521 1230 582 vindicaretur,
1261 530 1353 574 aut
1384 519 1803 589 permissurum,
1850 532 1905 574 ut
1935 523 2188 591 discipuli
2216 523 2266 576 id
2296 526 2342 582 Λ
2370 541 2384 590 γ

2258 524 2266 575 l
2296 526 2342 582 Λ
2370 525 2619 591 γράφειν,
2648 525 2680 592 ἢ
2708 527 2802 577 καὶ
2847 527 2973 587 τοὺς
3024 524 3269 594 μαθητάς
3300 527 3380 578 εἴα
3406 525 3627 595 τολμᾷν,
3657 525 3684 577 ὅ
3724 526 3822 578 κάν
3847 542 3930 588 τις

711 614 992 674 auderent,
1031 612 1177 678 quod
1207 611 1253 664 si
1292 612 1413 678 quis
1454 611 1590 664 alius
1635 611 1815 665 dicere
1853 612 2042 666 fuisset
2067 630 2230 666 ausus
2254 653 2270 676 ,

709 703 911 770 justum
944 701 1045 768 ipsi
1072 700 1336 767 judicium
1374 701 1718 757 immissurus
1759 711 1812 754 et
1850 702 1917 754 ab
1963 703 2064 755 hac
2099 711 2272 756 teme-

714 789 872 841 ritate
912 803 1101 842 severe
1127 797 1448 842 avocaturus
1480 790 1708 842 fuisset?
1739 790 1912 857 Atque
1953 790 2021 841 ita
2054 790 2272 858 quidem

713 893 808 945 per
835 878 1061 946 patriam
1095 877 1304 930 Domini
1337 893 1525 931 eorum
1570 879 1621 931 in
1649 895 1989 931 communem
2022 878 2270 946 patriam,

715 970 796 1022 vel
849 971 1027 1038 potius
1059 978 1220 1022 totam
1269 971 1601 1023 creationem
1643 970 1874 1022 insultus
1924 971 2186 1023 evertitur
2221 979 2275 1022 et

714 1063 1092 1131 prosternitur.
1143 1063 1197 1114 Si
1245 1080 1370 1116 vero
1415 1064 1552 1115 alius
1586 1065 1744 1116 homo
1775 1064 1948 1115 bonus
1984 1071 2066 1115 est
2092 1105 2104 1124 ,
2139 1062 2274 1115 alius

715 1151 948 1205 vicissim
979 1154 1152 1205 malus
1173 1195 1186 1215 ,
1228 1169 1456 1222 quorum
1485 1154 1570 1206 ille
1603 1170 1668 1207 ex
1701 1154 1841 1206 bono
1883 1154 2136 1206 thesauro
2157 1168 2276 1206 cor-

717 1242 800 1294 dis
825 1243 908 1294 sui
953 1243 1152 1295 bonum
1200 1244 1438 1310 profert,
1475 1245 1559 1296 hic
1591 1260 1720 1297 vero
1769 1244 1965 1296 malum
1999 1260 2065 1296 ex
2102 1245 2274 1307 malo,

717 1333 839 1399 quis
882 1349 989 1385 non
1048 1333 1386 1401 proﬁteatur,
1437 1336 1578 1403 quod
1633 1351 1741 1388 non
1779 1335 1982 1388 ereatio
2034 1335 2277 1403 corporis

717 1425 992 1492 primmva,
1025 1441 1124 1479 nec
1157 1427 1333 1479 anima
1356 1469 1369 1489 ,
1407 1429 1460 1479 in
1505 1428 1948 1495 eoujunctionem
1993 1437 2046 1480 et
2079 1431 2276 1497 guber-

718 1513 990 1566 nationem
1021 1515 1138 1583 ejus
1171 1516 1312 1576 data,
1342 1517 1395 1567 in
1426 1515 1618 1568 hostile
1645 1516 1968 1583 principium
1999 1517 2303 1569 referenda

718 1603 808 1665 sit,
843 1605 934 1655 sed
966 1605 1107 1671 quod
1149 1605 1378 1656 liberum
1410 1606 1729 1667 arbitrium,
1780 1606 1833 1657 in
1863 1620 1925 1657 ea
1957 1606 2193 1665 scilicet,
2224 1605 2278 1657 in

717 1707 836 1760 qua:
876 1709 982 1744 non
1016 1695 1244 1747 decebat
1267 1737 1281 1758 ,
1318 1695 1616 1754 declinans,
1654 1695 1754 1747 hac
1792 1695 2151 1747 declinatione
2183 1710 2279 1748 sua

719 1785 917 1837 bonum
974 1785 1028 1838 in
1079 1788 1278 1839 malum
1327 1786 1678 1839 converterit.
1711 1787 1880 1850 Quam
1931 1788 2075 1840 enim
2119 1787 2277 1840 aliam

2373 615 2526 676 ἄλλος
2554 614 2731 680 λέγειν
2756 614 3180 684 ἀπεθρασύνετο,
3209 617 3414 668 δίκαιόν
3435 634 3494 668 τε
3522 616 3677 684 δίκην
3709 617 3934 668 ἐπιϐάλ-

2373 707 2482 758 λειν
2515 706 2664 774 αύτῷ
2684 706 2778 758 καὶ
2801 706 2896 759 τοῦ
2919 706 3264 776 τολμήματος
3295 706 3435 758 κατὰ
3467 705 3667 774 πολλῆς
3697 706 3938 772 ἀπάγειν

2373 801 2472 868 τῆς
2514 800 2978 868 ἀγανακτήσεωςς
3043 797 3183 850 Ἀλλ’
3232 798 3374 850 οὕτω
3421 799 3519 868 μὲν
3571 798 3658 849 διὰ
3696 799 3797 865 τῆς
3840 796 3935 848 τοῦ

2373 893 2575 961 Κυρίου
2607 892 2861 960 πατρίδος
2886 893 2918 960 ἡ
2942 891 3080 944 κατά
3106 891 3202 959 τῆς
3222 891 3402 958 κοινῆς
3431 891 3704 959 πατρίδος,
3735 890 3936 959 μᾶλλον

2373 983 2427 1033 δὲ
2457 984 2490 1050 ἡ
2538 981 2676 1033 κατά
2708 982 2818 1051 (10)
2847 982 2944 1049 τῆς
2993 982 3217 1041 κτίσεως
3244 982 3369 1049 ὅλης
3397 983 3761 1042 ἐπανάστασις
3799 979 3935 1032 καθ-

2375 1075 2605 1142 αιρεῖται
2636 1073 2730 1124 καλ⁸
2773 1076 3228 1142 καταστρέφεται.
3265 1073 3323 1124 Ei
3353 1072 3408 1123 δέ
3452 1073 3564 1123 ἐστι
3600 1073 3697 1139 μὲν
3729 1071 3939 1140 ἄνθρω-

2379 1181 2476 1224 πος
2502 1163 2703 1230 ἀγαθὸς
2728 1204 2742 1227 ,
2769 1165 2885 1217 ἐστι
2925 1164 2978 1216 δέ
3007 1181 3089 1227 τις
3141 1165 3235 1216 καὶ
3271 1164 3529 1234 πονηρός·
3575 1158 3649 1216 ὧν
3679 1167 3706 1217 ὁ
3743 1164 3840 1233 μὲν
3874 1165 3939 1215 ὲκ

2376 1251 2469 1303 τοῦ
2494 1251 2698 1318 ἀγαθοῦ
2729 1251 3002 1321 θησαυροῦ
3041 1253 3138 1322 τῆς
3185 1253 3408 1321 καρδίας
3449 1251 3614 1304 αὐτοῦ
3669 1253 3939 1323 προφέρει

2378 1342 2436 1393 τὸ
2467 1342 2688 1408 ἀγαθὸν,
2715 1343 2742 1393 ὁ
2762 1343 2818 1394 δὲ
2848 1342 2909 1395 τδ
2939 1342 3174 1411 πονηρὸν
3201 1344 3264 1394 ὲκ
3301 1342 3393 1394 τοῦ
3426 1340 3682 1410 πονηροῦ,
3725 1342 3809 1403 τίς
3839 1341 3941 1402 οὐκ

2376 1433 2442 1483 ἂν
2468 1433 2967 1502 συνομολογήσειεν,
3006 1432 3081 1495 ὡς
3105 1433 3200 1501 ούχ
3231 1435 3263 1501 ἡ
3301 1433 3394 1485 ἀπ’
3426 1432 3598 1500 ἀρχῆς
3627 1431 3819 1492 πλάσις
3845 1429 3940 1481 τοῦ

2380 1522 2647 1590 σώματος,
2695 1524 2882 1593 ὥσπερ
2929 1523 3033 1574 οὐδ’
3087 1522 3357 1591 ήδοθεΐσα
3396 1520 3761 1574 συνάπτεσθαι
3793 1519 3942 1587 ψυχὴ

2377 1616 2469 1666 καὶ
2492 1613 2850 1684 διακυϐερνᾷν
2869 1615 3020 1677 αὐτὸ,
3044 1615 3143 1666 οὐκ
3163 1615 3242 1673 είς
3263 1613 3552 1666 ἀντίπαλον
3568 1612 3824 1678 ἀνάγεται
3845 1612 3943 1678 άρ-

2379 1705 2499 1771 χὴν,
2529 1702 2664 1754 ἀλλά
2698 1719 2759 1768 γε
2790 1703 2851 1753 τὸ
2897 1701 3262 1766 αὐτεξούσιον,
3301 1703 3435 1769 πρὸς
3459 1700 3493 1752 ἃ
3523 1700 3577 1752 δὲ
3608 1701 3679 1767 μὴ
3719 1699 3826 1749 ἔδει
3852 1700 3942 1762 ῥο-

2384 1795 2488 1864 πὴν
2522 1794 2862 1863 προσλαϐεῖν,
2890 1794 3019 1845 αύτὸ
3052 1793 3138 1845 διά
3159 1793 3258 1859 τῆς
3296 1791 3468 1860 ῥοπῆς
3499 1789 3597 1858 τὴν
3629 1789 3943 1857 ἀγαθότητα

719 1875 932 1927 dederis
961 1892 1212 1940 causam,
1244 1877 1386 1944 quod
1419 1877 1508 1928 alii
1542 1877 1790 1929 homines
1821 1877 1929 1929 sint
1957 1877 2113 1940 boni,
2145 1877 2278 1930 alios
2307 1857 2355 1914 Β
2385 1904 2391 1953 ι

2270 1893 2278 1929 ε
2307 1857 2355 1914 Β
2385 1857 2702 1953 μεταϐάλλει
2727 1885 2804 1943 εἰς
2833 1883 2893 1934 τὸ
2921 1882 3174 1951 πονηρόν.
3217 1857 3368 1933 Ἐπεὶ
3403 1857 3522 1931 τίνα
3545 1857 3610 1932 ἂν
3644 1879 3755 1947 ἔχοι
3786 1879 3942 1944 λόγον

719 1980 850 2018 vero
884 1968 937 2019 in
978 1970 1178 2020 malum
1225 1970 1620 2037 prospicientes
1663 1969 1873 2032 videas,
1907 1983 2014 2020 non
2056 1967 2234 2020 minus
2260 2007 2274 2032 ,

717 2059 861 2124 quod
887 2059 1102 2126 quidem
1136 2061 1320 2121 nolim,
1359 2077 1516 2128 quam
1551 2061 1680 2113 vos?
1701 2059 1829 2123 Qua:
1859 2062 2002 2112 enim
2028 2059 2082 2110 in
2107 2059 2278 2110 aetio-

719 2149 880 2201 nihus
921 2157 976 2202 ct
1021 2151 1304 2203 sententiis
1335 2152 1528 2203 vestris
1564 2161 1861 2218 spon’tanca
1912 2160 1996 2203 est
2040 2149 2276 2209 malitia,

717 2241 898 2290 eadem
935 2241 1208 2307 separavit
1240 2256 1333 2293 vos
1362 2256 1390 2292 a
1422 2256 1578 2309 grege
1611 2241 1898 2302 bonorum,
1929 2241 2068 2292 sicut
2092 2247 2146 2291 et
2169 2240 2278 2306 jam

719 2341 843 2383 ante
876 2348 970 2384 vos
1006 2348 1035 2384 a
1085 2333 1224 2385 bona
1260 2343 1569 2386 secreverat
1604 2333 1906 2385 intentione
1937 2340 1992 2384 et
2030 2329 2278 2383 consilio.

720 2421 1009 2492 PrOptcrea
1069 2424 1158 2477 alii
1225 2423 1441 2492 quidem
1506 2433 1636 2476 sunt
1689 2438 1970 2493 praecones
2027 2422 2282 2475 bonitatis

718 2516 1012 2575 Creatoris,
1042 2530 1310 2582 suumque
1336 2525 1390 2568 et
1423 2525 1626 2568 norunt
1647 2515 1994 2568 etcelebrant
2019 2513 2283 2566 Condito-

719 2620 873 2668 rem;
906 2607 995 2658 alii
1053 2621 1178 2659 vero
1213 2606 1278 2657 ad
1321 2621 1443 2657 eum
1479 2605 1919 2658 calumniantium
1960 2614 2016 2659 et
2047 2604 2202 2657 factis
2231 2613 2284 2656 et

720 2698 899 2764 lingua
950 2696 1231 2757 conversi,
1261 2712 1317 2750 se
1355 2695 1503 2763 ipsos
1549 2696 1763 2762 quidem
1804 2693 2029 2748 bonitati
2076 2695 2194 2761 ejus
2232 2703 2286 2746 et

719 2789 981 2844 creationi
1012 2798 1065 2842 et
1085 2788 1325 2843 dominio
1355 2787 1699 2844 subtrahunt,
1725 2786 1985 2839 obnoxios
2014 2800 2158 2848 vero,
2178 2784 2245 2836 oh
2269 2786 2281 2836 !

722 2881 1080 2934 stultitiamne
1119 2881 1327 2942 dicam,
1364 2895 1432 2931 an
1474 2877 1802 2931 dementiam
1835 2876 1856 2926 ?
1892 2875 2072 2928 manui
2105 2874 2286 2927 hostili

723 2982 776 3026 et
803 2973 987 3024 rebelli
1025 2972 1250 3025 faciunt.
1283 2971 1338 3025 Si
1369 2971 1492 3038 quis
1521 2969 1666 3022 enim
1697 2983 1808 3020 rem
1849 2975 1992 3019 recte
2022 2965 2289 3017 aestimare

722 3063 976 3125 voluerit,
999 3063 1062 3125 is,
1090 3062 1181 3132 qui
1210 3078 1274 3115 ex
1311 3061 1487 3114 anima
1521 3059 1659 3128 (eam
1698 3059 1842 3110 enim
1875 3072 1968 3110 cor
2004 3057 2092 3110 hie
2120 3056 2290 3125 signi-

2381 1974 2560 2036 ἀλλον,
2593 1972 2719 2034 τοὺς
2757 1972 2854 2041 μὲν
2877 1972 2983 2024 τῶν
3011 1971 3314 2040 ἀνθρώπων
3355 1965 3493 2022 εἶναι
3526 1971 3782 2036 ἀγαθοὺς,
3815 1970 3944 2030 τοὺς

2381 2065 2434 2115 δὲ
2463 2065 2699 2133 καθορᾷν
2727 2063 3044 2125 νενευκότας
3091 2065 3170 2124 εἰς
3196 2063 3256 2115 τὸ
3291 2061 3547 2130 πονηρὸν,
3580 2061 3788 2129 ὥσπερ,
3829 2060 3945 2111 εἴθε

2380 2155 2435 2204 δὲ
2477 2153 2550 2221 μὴ
2580 2153 2810 2219 ὤφειλε,
2848 2152 2942 2205 καὶ
2978 2153 3142 2220 ὑμᾶς.
3188 2153 3257 2203 Ἥ
3287 2151 3395 2220 γὰρ
3435 2154 3491 2202 ἐν
3548 2154 3666 2213 ταῖς
3713 2151 3946 2219 πράξεσι

2381 2245 2474 2296 καὶ
2502 2244 2764 2312 δόγμασιν
2793 2243 2946 2312 ὑμῶν
2993 2243 3100 2294 ἀπὸ
3128 2242 3352 2309 γνώμης
3379 2240 3634 2309 πονηρία,
3665 2240 3945 2307 διέσχισεν

2382 2335 2522 2403 ὑμᾶς
2555 2336 2654 2404 τῆς
2689 2334 2889 2403 ἀγέλης
2938 2333 3047 2385 τῶν
3085 2332 3325 2399 ἀγαθῶν,
3371 2332 3802 2401 προδιασχίσασα
3846 2331 3947 2399 τῆς

2382 2427 2755 2495 προαιρέσεως
2773 2426 2874 2494 τῆς
2908 2424 3274 2492 άγαθοειδούς.
3320 2425 3412 2476 Διδ
3441 2424 3536 2477 καὶ
3561 2427 3608 2476 οί
3646 2425 3745 2493 μὲν
3778 2425 3952 2492 κήρυ-

2384 2517 2477 2576 κές
2517 2519 2623 2568 είσι
2666 2517 2763 2584 τῆς
2810 2515 3147 2584 ἀγαθότητος
3190 2515 3284 2567 τοῦ
3319 2513 3661 2583 Δημιουργοῦ
3689 2531 3702 2545 ο
3742 2513 3952 2565 καὶτὸν

2387 2607 2595 2660 ἑαυτῶν
2624 2607 2941 2658 ἐπίστανται
3000 2606 3093 2657 καὶ
3147 2604 3462 2668 δοξάζουσιν
3511 2607 3774 2672 πλάστην,
3818 2603 3868 2655 oi
3895 2604 3953 2655 δὲ

2388 2694 2520 2761 πρὸς
2543 2693 2794 2761 διαϐολὴν
2841 2692 3005 2746 αὐτοῦ
3039 2694 3132 2745 καὶ
3161 2695 3273 2754 τοίς
3321 2693 3717 2761 ἐπιτηδεύμασι
3748 2692 3842 2743 καὶ
3881 2694 3952 2760 τῇ

2388 2782 2602 2853 γλώττῃ
2635 2784 3041 2854 κατασύραντες
3073 2785 3323 2846 ἐξιστῶσι
3369 2785 3467 2852 μὲν
3496 2782 3660 2836 αὑτοῦ
3683 2783 3782 2850 τῆς
3815 2785 3956 2848 ἀγα-

2391 2875 2631 2944 θότητος,
2662 2875 2755 2926 καὶ
2789 2877 3035 2937 πλάσεως
3076 2877 3166 2928 καὶ
3197 2876 3515 2945 κυριότητος
3569 2877 3815 2938 ἑαυτοὺς,
3854 2876 3960 2926 ύπ-

2390 2967 2663 3029 εξουσίους
2685 2965 2761 3030 δὲ,
2791 2966 2835 3016 ὦ
2865 2965 2982 3026 πῶς
3009 2965 3076 3018 ἂν
3105 2968 3245 3018 εἴποι
3267 2984 3348 3029 τις
3381 2967 3478 3036 τῆς
3517 2967 3871 3035 ἀναλγησίας,
3922 2967 3958 3036 ἢ

2391 3061 2488 3128 τῆς
2520 3057 2850 3127 ἐμπληξίαςί
2913 3059 3390 3127 παρασκευάζουσι
3455 3060 3590 3125 σφᾶς
3637 3059 3831 3119 αὐτοὺς
3858 3059 3959 3126 τῆς

725 3153 868 3218 fucat)
899 3155 1037 3206 bona
1078 3153 1347 3222 profert',
1383 3151 1654 3220 quomodo
1705 3151 1881 3202 bonus
1915 3164 2034 3202 esse
2077 3157 2286 3214 potest,
2315 3188 2358 3247 C
2393 3171 2397 3197 ι

2315 3188 2358 3247 C
2393 3150 2687 3200 ἀντιπάλου
2730 3150 2827 3200 καὶ
2874 3148 3140 3216 πολεμίας
3203 3149 3401 3218 χειρός.
3456 3149 3609 3200 Ἐπεὶ
3659 3148 3713 3199 εί
3758 3165 3842 3209 τις
3895 3165 3961 3213 γε

725 3245 824 3297 nisi
854 3251 961 3297 tota
984 3243 1287 3298 substantia
1315 3243 1454 3296 bona
1474 3242 1723 3294 dicatur?
1749 3243 1886 3293 sicut
1916 3238 2152 3292 vicissim
2180 3247 2289 3290 tota

727 3335 1030 3389 substantia
1068 3334 1208 3387 mala
1250 3342 1365 3396 est,
1403 3347 1524 3401 quae
1562 3347 1629 3384 ex
1658 3331 1836 3382 anima
1878 3343 1972 3381 sua
2018 3328 2106 3388 id,
2148 3327 2292 3394 quod

729 3428 1066 3482 reconditum
1095 3435 1214 3489 est,
1244 3425 1442 3478 malum
1485 3422 1753 3492 producit.
1804 3419 1946 3473 Sane
1991 3435 2098 3473 non
2137 3418 2294 3471 video

728 3534 888 3587 quam
920 3518 1021 3570 sibi
1055 3518 1266 3570 veniam
1303 3517 1510 3583 reliqua
1549 3514 1784 3577 faciant,
1828 3513 1884 3565 hi
1918 3513 2165 3566 homines
2204 3512 2295 3580 qui

729 3609 862 3661 mihi
899 3608 1111 3676 potius,
1147 3607 1274 3660 dum
1311 3607 1604 3675 prophetas
1649 3613 1702 3658 et
1744 3605 1915 3671 legem
1959 3603 2154 3671 injuria
2184 3601 2297 3655 alli-

729 3698 900 3763 ciunt,
940 3697 1204 3767 ejusmodi
1253 3696 1464 3765 culpam
1507 3693 1830 3748 contrahere
1864 3694 2135 3756 videntur,
2178 3709 2297 3760 qua:

734 3807 760 3842 a
821 3805 979 3858 paena
1049 3788 1306 3840 immunis
1359 3802 1479 3838 esse
1539 3800 1648 3838 non
1711 3783 1901 3853 possit.
1974 3783 2092 3852 Ipse
2152 3783 2295 3836 enim

734 3884 989 3937 Servator
1035 3880 1318 3938 clamavit:
1361 3879 1510 3931 Multi
1571 3877 1836 3946 praphetw
1874 3887 1921 3928 ct
1975 3877 2140 3942 justi,
2206 3876 2296 3929 ubi

733 3974 935 4026 clarum
980 3983 1098 4036 est,
1152 3971 1251 4024 hos
1294 3986 1413 4023 esse
1467 3985 1590 4030 eos,
1646 3967 1739 4036 qui
1783 3966 1883 4019 sub
1927 3966 2043 4033 lege
2102 3974 2296 4027 erant,

733 4066 1097 4117 desiderarunt
1146 4063 1317 4114 videre
1361 4071 1407 4112 et
1453 4060 1674 4121 audire,
1710 4075 1824 4126 quae
1884 4058 2066 4110 videtis
2111 4066 2159 4108 et
2202 4072 2300 4107 au-

731 4156 854 4208 ditis
870 4154 911 4206 ⁸.
931 4153 1124 4206 Eadem
1148 4168 1308 4221 opera
1328 4151 1603 4219 discipulis
1627 4150 1843 4218 quidem
1872 4148 2111 4202 ostendit
2137 4149 2300 4199 ratio-

735 4262 858 4300 nem
901 4244 1174 4314 dignitatis
1199 4253 1250 4295 et
1284 4242 1484 4311 gloria),
1516 4242 1581 4295 ad
1603 4256 1763 4309 quam
1799 4238 2166 4308 pervenerint,
2203 4237 2300 4290 de-

735 4339 1018 4391 lectionem
1042 4351 1169 4388 vero
1198 4333 1460 4387 subvertit
1484 4334 1640 4394 ineo,
1667 4332 1808 4399 quod
1832 4332 2055 4401 gratiam
2083 4330 2300 4396 quidem

733 4430 956 4495 ejusque
998 4441 1274 4495 prxeones
1331 4423 1569 4491 potiores
1616 4430 1816 4491 partes,
1883 4419 2150 4474 secundas
2177 4434 2303 4470 vero

2395 3241 2636 3308 βούλοιτο
2672 3241 2932 3304 συνιέναι,
2959 3242 2986 3292 ὁ
3026 3240 3090 3290 ὲκ
3115 3239 3292 3307 ψυχῆς
3339 3239 3627 3308 προφέρων
3656 3241 3721 3291 τά
3759 3238 3960 3305 ἀγαθὰ,

2391 3330 2550 3383 τοῦτο
2598 3330 2706 3398 γὰρ
2739 3330 2832 3382 νῦν
2871 3332 2904 3398 ή
2949 3330 3144 3398 καρδία
3199 3329 3368 3398 δηλοῖ,
3417 3329 3533 3392 πῶς
3558 3331 3623 3382 ἂν
3660 3329 3694 3397 ἦ
3734 3329 3816 3390 τίς
3875 3330 3962 3396 εἴη

2394 3423 2615 3490 ἀγαθὸς,
2653 3425 2699 3474 εἰ
2747 3423 2821 3492 μὴ
2874 3423 2993 3475 ὅλον
3044 3423 3259 3489 λέγοιτο
3281 3423 3342 3474 τὸ
3388 3423 3668 3492 σύγκριμα
3718 3422 3964 3488 ἀγαθόν;

2396 3514 2584 3582 ὥσπερ
2604 3515 2762 3567 πάλιν
2792 3514 2912 3566 ὅλον
2938 3515 3171 3584 πονηρὸν
3192 3517 3366 3566 ἐκεῖνο
3413 3514 3474 3564 τὸ
3501 3512 3801 3582 σύγκριμα,
3837 3514 3865 3564 ὅ
3895 3515 3961 3564 ὲκ

2395 3608 2494 3674 τῆς
2521 3607 2658 3668 ίδίας
2685 3607 2863 3674 ψυχῆς
2891 3606 2950 3658 τὸ
2980 3605 3480 3675 τεθησαυρισμένον
3504 3606 3765 3675 προφέρει
3799 3621 3964 3673 πονηο

2401 3699 2516 3767 ρόνέ
2551 3700 2664 3767 Ούχ
2696 3699 2807 3768 ὁρῶ
2845 3698 2900 3750 δὲ
2951 3698 3073 3749 τίνα
3128 3696 3459 3765 συγγνώμην
3512 3696 3694 3758 αὐτοῖς
3750 3695 3963 3746 ὑπολεί-

2399 3806 2614 3852 πονται,
2665 3789 2866 3858 μᾶλλον
2895 3789 2950 3840 δὲ
2983 3788 3099 3850 πῶς
3141 3787 3522 3856 ἀπαραίτητον
3553 3787 3756 3847 αὐτοῖς,
3793 3785 3864 3836 δι’
3890 3779 3966 3837 ὦν

2398 3882 2523 3943 τοὺς
2593 3881 2876 3948 προφήτας
2931 3879 3025 3930 καὶ
3080 3879 3171 3930 τὸν
3223 3879 3386 3946 νόμον
3441 3875 3836 3945 ἐνυϐρίζουσιν,
3903 3877 3966 3926 ού

2400 3969 2863 4033 κατασκευάζουσι
2906 3970 2965 4020 τὸ
3023 3968 3416 4038 πλημμέλημα.
3468 3969 3641 4029 Αὐτὸς
3695 3967 3806 4034 γάρ
3836 3968 3967 4017 ἀνα-

2401 4062 2668 4131 κέκραγεν
2700 4061 2729 4111 ὁ
2760 4061 2946 4128 Σωτήρ
2972 4075 2987 4088 ·
3021 4059 3243 4111 Πολλοὶ
3275 4057 3572 4126 προφῆται
3605 4059 3704 4110 καὶ
3726 4059 3965 4109 δικαίου

2400 4152 2556 4220 eam
2580 4151 2635 4202 δὲ
2661 4151 2755 4212 ὼς,
2793 4154 2856 4201 Οἱ
2889 4150 2958 4202 ἐν
2988 4148 3066 4213 τῷ
3115 4152 3275 4218 νόμῳ
3310 4151 3660 4217 ,ἐπεθύμουν
3684 4149 3834 4202 ἰδεῖν
3869 4150 3966 4200 καὶ

2402 4241 2676 4302 ἀκοῦσαι,
2719 4240 3034 4303 ἇβλέπετε
3078 4240 3175 4294 καὶ
3208 4242 3478 4302 ἀκούετε,
3530 4243 3642 4302 τοῖς
3698 4240 3967 4309 μαθηταῖς

2405 4332 2521 4400 ἅμα
2571 4348 2630 4383 τε
2693 4332 2782 4383 τὸν
2821 4332 2975 4397 λόγον
3013 4332 3311 4399 προτείνων
3369 4331 3587 4383 καὶτοῦ
3637 4332 3968 4399 ἀξιώματος,

2405 4421 2630 4489 καὶτῆς
2674 4421 2830 4489 δόξης
2875 4423 2953 4483 είς
2988 4420 3111 4473 ὅσον
3158 4423 3403 4490 ἥκουσιν,
3465 4421 3806 4483 ἐπιδεικνύςο
3854 4423 3971 4489 ἅμα

738 4519 1048 4586 prophetas,
1080 4526 1136 4569 ct
1187 4530 1302 4578 eos,
1353 4515 1442 4581 qui
1480 4515 1581 4566 sub
1617 4514 1732 4582 lege
1765 4513 2024 4575 vixerint,
2084 4526 2296 4564 necnon
2332 4513 2410 4567 Di

2332 4514 2374 4567 ι)
2403 4511 2459 4561 δὲ
2492 4511 2589 4581 τὴν
2644 4511 2982 4562 ἀποστασίαν
3033 4511 3446 4578 καταστρέφων,
3479 4511 3535 4560 ὲν
3580 4503 3624 4576 ᾧ
3663 4510 3762 4578 τὴν
3809 4511 3970 4579 χάριν

740 4609 979 4662 veritatis
1013 4606 1379 4674 bonitatisque
1424 4605 1718 4667 studiosos,
1750 4604 1997 4657 obtinere
2049 4612 2298 4656 testatur.

736 4699 1017 4764 Quomodo
1049 4713 1176 4751 vero
1199 4697 1499 4750 Servatoris
1550 4694 1777 4762 ejusque
1820 4692 2132 4762 dogmatum
2160 4707 2305 4744 ama-

739 4803 882 4843 tores
912 4791 1053 4843 servi
1085 4788 1407 4842 adversaria:
1458 4785 1627 4854 partis
1677 4798 1797 4836 esse
1837 4783 2113 4852 possunt?
2166 4798 2303 4849 quo-

740 4882 900 4934 modo
940 4881 1102 4933 iidem
1155 4879 1508 4948 inspiratione
1546 4891 1573 4927 a
1624 4875 1764 4927 malo
1825 4873 2094 4943 principio
2149 4872 2304 4940 potiti

741 4983 884 5036 sunt,
922 4989 1044 5024 cum
1075 4988 1169 5041 per
1193 4980 1437 5022 naturam
1465 4968 1578 5020 fieri
1610 4974 1865 5035 nequeat,
1898 4965 2114 5016 eosdem
2148 4962 2307 5016 simul

738 5078 792 5117 et
827 5065 1042 5117 malitia:
1094 5063 1394 5131 indulgere,
1439 5076 1506 5113 ne
1543 5059 1739 5124 (licam,
1795 5057 1860 5109 ah
1907 5071 1969 5108 ea
2020 5054 2309 5106 fabricatos

740 5173 882 5214 esse,
917 5165 969 5208 et
1005 5153 1275 5207 desiderio
1305 5161 1483 5204 tamen
1510 5151 1561 5202 in
1597 5151 1795 5201 bonum
1835 5147 2000 5200 ferri?
2029 5146 2138 5198 lloe
2165 5144 2306 5197 enim

745 5249 874 5302 nihil
909 5249 1051 5301 aliud
1082 5257 1186 5308 est,
1219 5261 1379 5314 quam
1417 5244 1638 5296 verbum
1691 5239 1899 5294 Domini
1946 5240 1998 5291 in
2040 5237 2309 5292 contraria

741 5339 922 5391 omnia
953 5345 1184 5390 vertere.
1244 5333 1376 5385 Illud
1429 5333 1574 5385 enim
1615 5331 1823 5383 Bonum
1860 5345 1925 5383 ex
1957 5329 2097 5381 malo
2149 5327 2311 5380 corde

863 5462 974 5514 Luc
1007 5477 1078 5521 vi,
1103 5458 1189 5510 45.
1266 5458 1286 5487 ⁸
1316 5454 1502 5508 Matth.
1533 5467 1647 5518 xui,
1684 5454 1730 5506 7.

2405 4601 2501 4669 μὲν
2539 4601 2632 4652 καὶ
2665 4603 2785 4662 τοὺς
2818 4600 3021 4667 ταύτης
3061 4601 3306 4669 κήρυκας
3356 4601 3415 4650 τὸ
3471 4599 3653 4667 μεῖζον
3704 4600 3871 4667 ἔχειν,
3909 4602 3971 4649 ού

2406 4695 2512 4762 μήν
2536 4709 2597 4760 γε
2632 4692 2767 4745 ἀλλά
2801 4693 2894 4744 καὶ
2936 4694 3060 4755 τοὺς
3103 4696 3384 4761 προφήτας
3431 4695 3522 4743 καὶ
3554 4694 3678 4753 τοὺς
3703 4692 3843 4743 κατά
3895 4692 3976 4742 νόο

2407 4803 2504 4854 μον
2533 4784 3043 4852 πολιτευσαμένους,
3075 4784 3309 4852 ἐραστάς
3334 4799 3392 4834 τε
3452 4782 3550 4851 τῆς
3581 4781 3840 4849 ἀληθείας
3879 4783 3974 4833 καὶ

2404 4876 2504 4944 τῆς
2531 4874 2696 4927 αὑτοῦ
2727 4873 3250 4943 προσεμαρτύρησεν
3280 4873 3637 4940 ἀγαθότητος.
3671 4874 3734 4924 Οί
3779 4873 3836 4923 δὲ
3874 4874 3974 4925 τοῦ

2407 4967 2654 5035 Σωτῆρος
2693 4966 2788 5017 καὶ
2817 4966 2924 5016 τῶν
2956 4967 3118 5018 αὑτοῦ
3167 4966 3452 5035 δογμάτων
3498 4966 3723 5034 ἐρασταὶ
3753 4964 3872 5026 πῶς
3907 4964 3978 5017 ἂν

2406 5057 2594 5126 εἴησαν
2622 5059 2916 5110 ἀντιπάλου
2971 5060 3161 5128 μοίρας
3210 5056 3577 5126 θεραπευταί;
3631 5054 3746 5116 πῶς
3774 5055 3830 5106 δὲ
3874 5055 3977 5124 τὴν

2406 5149 2691 5204 ἐπίπνοιαν
2745 5153 2807 5202 ὲκ
2855 5153 3096 5222 πονηρᾶς
3142 5146 3320 5202 εἷλκον
3356 5149 3671 5218 ἐνεργείας;
3719 5149 3795 5215 μὴ
3831 5164 3976 5212 συμ-

2407 5238 2679 5302 ϐαίνοντος
2705 5241 2840 5302 ὅλως
2884 5244 2948 5310 τῇ
2985 5239 3141 5308 φύσει
3174 5241 3289 5310 ἅμα
3317 5257 3377 5292 τε
3417 5241 3541 5302 τοὺς
3576 5239 3770 5299 αὐτοὺς
3803 5255 3979 5305 πονης

2408 5331 2500 5400 pia
2529 5333 2816 5397 τελεῖσθαι,
2856 5334 2941 5386 ἵνα
2969 5333 3043 5403 μὴ
3076 5333 3217 5401 λέγω
3268 5330 3844 5400 συγκατεσκευάσθαι,
3879 5329 3978 5379 καὶ

1813 5606 2044 5665 VARIIE
2075 5605 2458 5664 LECTIONES
2499 5603 2584 5659 ET
2623 5602 2851 5660 NOTAE.

817 5736 923 5798 (I0)
968 5734 1143 5787 Kurd.
1173 5731 1352 5785 Malim
1385 5732 1564 5799 legere
1595 5727 1731 5798 μετὰ
1762 5739 2016 5796 tanquam
2047 5722 2215 5793 magis
2243 5723 2348 5778 huc
2389 5724 2873 5781 accommodatum.
2908 5721 3096 5792 Neque
3137 5735 3260 5777 raro
3320 5717 3729 5790 praapositiunes
3755 5717 3897 5770 κατά
3931 5721 3989 5772 et

747 5821 880 5866 μετα
913 5805 965 5858 in
1006 5821 1132 5860 mss.
1167 5802 1586 5858 confunduntur.
