4234 6432
277 447 383 511 217

1291 443 1583 503 CONTRA
1619 439 2072 502 ΜΛΝΙΟῘΙᾹΞΟΞ
2112 437 2340 498 LIBER
2378 437 2456 497 IV

3399 431 3503 499 218

265 567 367 631 τὴν
424 557 714 628 ἐπιθυμίαν
745 559 888 627 ἔχειν
928 554 1340 626 ἀναφερομένην
1373 557 1452 618 είς
1496 556 1556 607 τὸ
1598 554 1824 622 ἀγαθόν.
1854 555 1937 622 Al

1854 555 1904 613 Α
1930 551 2218 622 provenire
2250 547 2558 604 contendit.
2604 545 2850 614 Cumque
2903 543 3026 597 alibi
3081 543 3336 598 Servator
3368 561 3503 598 nova

269 652 444 705 Τοῦτο
489 652 590 720 γὰρ
623 650 881 719 ἀντικρὺς
919 650 998 710 είς
1030 648 1091 700 τὸ
1123 647 1362 700 ἐναντίον
1387 645 1504 698 ἐστὶ
1547 648 1638 698 τὸν
1672 645 1829 713 λόγον

269 743 622 814 περιτρέπειν
653 743 744 795 τὸν
770 739 1117 793 Δεσποτικόν.
1159 739 1254 791 Ἐκ
1281 738 1386 806 γὰρ
1418 738 1656 806 πονηρᾶς
1695 753 1830 804 καρ-

266 835 385 897 δίας
418 833 620 902 ἀγαθὸν
647 832 908 896 ἐπιδεῖξαι
933 831 1225 899 φιλονεικεῖ
1241 830 1640 899 προερχόμενον
1661 828 1828 898 (10⁸).

267 926 439 979 Πάλιν
472 926 529 978 δὲ
573 925 856 977 συνάπτων
878 925 908 975 ὁ
930 922 1116 992 Σωτὴρ
1146 923 1212 974 τὰ
1241 923 1392 974 κοινὰ
1417 925 1528 984 τοῖς
1559 922 1829 984 παλαιοῖς,

267 1018 363 1069 καὶ
405 1016 707 1086 παριστῶν,
744 1015 820 1078 ὡς
857 1018 935 1076 είς
982 1015 1108 1083 μίαν
1143 1014 1333 1082 ἄγουσι
1389 1013 1660 1081 σωτηρίας
1692 1012 1827 1073 ὁδὸν,

265 1112 335 1164 τὰ
370 1111 468 1180 μὲν
498 1105 609 1163 οἷον
639 1109 768 1162 δντα
791 1108 1100 1179 προτέλεια,
1129 1109 1197 1160 τὰ
1217 1107 1273 1160 δὲ
1300 1106 1468 1175 αὐτὴν
1498 1105 1832 1175 χαριζόμενά

265 1200 366 1267 τὴν
392 1197 723 1265 τελειότητα.
770 1197 867 1248 Διά
897 1198 1050 1249 τοῦτό
1098 1211 1249 1266 φησι·
1285 1194 1408 1259 Πᾶς
1443 1193 1832 1263 Γραμματεὺς

263 1287 657 1355 μαθητευθεὶς
712 1290 799 1352 εις
855 1286 969 1353 τὴν
1017 1287 1346 1349 βασιλείαν
1395 1284 1513 1336 τῶν
1563 1282 1835 1351 οὐρανῶν

267 1379 470 1446 ὅμοιός
492 1379 660 1431 ἐστιν
680 1377 972 1444 ἀνθρώπῳ
991 1375 1406 1441 οἰκοδεσπότῃ.
1429 1374 1597 1439 ὅστις
1622 1375 1834 1426 ἐκϐάλ-

264 1470 358 1519 λει
383 1467 452 1518 ἐκ
480 1466 586 1519 τοῦ
640 1464 948 1532 θησαυροῦ
1002 1465 1189 1518 αὐτοῦ
1225 1463 1399 1516 καινὰ
1450 1465 1545 1515 καὶ
1586 1461 1830 1514 παλαιά.

269 1559 346 1609 Δι’
375 1551 451 1609 ὧν
481 1574 538 1608 τε
565 1556 671 1626 γάρ
698 1559 755 1607 ὲν
784 1555 862 1624 τῷ
888 1555 1037 1624 αύτῷ
1067 1554 1328 1624 θησαυρῷ
1349 1559 1442 1606 καὶ
1466 1557 1528 1606 ὲκ
1551 1553 1644 1604 τοῦ
1671 1552 1834 1605 αὐτοῦ

267 1651 366 1717 τὴν
403 1649 595 1716 καινὴν
621 1647 1096 1719 προέρχεσθαικαὶ
1123 1646 1220 1714 τὴν
1243 1645 1480 1698 παλαιὰν
1507 1644 1833 1706 ἐκδιδάσκει,

267 1738 328 1791 τὸ
355 1741 595 1791 συνεῖναι
647 1741 741 1791 καὶ
776 1740 1084 1806 συμφωνεῖν
1117 1737 1366 1806 ἀλλήλοις
1403 1738 1495 1789 καὶ
1532 1737 1605 1806 μὴ
1635 1735 1834 1804 διαμά-

271 1829 466 1899 χεσθαι
504 1829 734 1898 βεϐαιοῖ,
769 1831 844 1881 Δι’
878 1823 954 1882 ὧν
979 1845 1037 1881 τε
1061 1829 1327 1898 ἑκατέρας
1362 1828 1460 1898 τὴν
1484 1827 1836 1880 διδασκαλίαν

1929 659 2051 698 cum
2082 642 2355 696 veteribus
2395 638 2709 708 coniungat,
2748 645 2934 690 monet
2963 636 3128 690 simul
3159 637 3214 690 in
3247 637 3500 690 eamdem

1930 750 1992 788 ea
2021 734 2222 787 dueere
2256 733 2445 785 salutis
2475 731 2641 793 viam,
2673 745 2795 782 eum
2849 729 2956 782 alia
2985 729 3206 796 quidem
3254 729 3499 792 initient,

1931 826 2033 878 alia
2051 839 2179 877 vero
2196 823 2585 892 perfectionem
2611 820 2818 873 donent
2840 839 2851 870 :
2874 821 3054 872 Omnis
3078 818 3282 881 Scriba,
3307 821 3498 886 inquit,

1932 919 2138 970 edoctus
2172 933 2383 984 regnum
2417 914 2678 976 certorum,
2708 913 2893 965 similis
2922 922 2993 964 est
3033 915 3174 978 patri
3236 913 3497 980 familias.

1931 1011 2020 1079 qui
2050 1025 2112 1061 ex
2137 1009 2376 1059 thesauro
2405 1023 2498 1058 suo
2521 1006 2649 1056 bono
2678 1005 2875 1073 profert
2902 1019 3030 1054 nova
3056 1012 3102 1054 et
3132 1003 3363 1055 vetera“
3394 1044 3406 1055 .
3430 1003 3504 1055 Eo

1935 1105 2050 1173 ipso
2081 1102 2248 1163 enim,
2282 1116 2390 1169 quo
2415 1099 2468 1151 in
2495 1099 2683 1152 eodem
2718 1099 2979 1150 thesauro
3002 1104 3056 1148 et
3090 1111 3156 1147 ex
3186 1097 3376 1148 eodem
3409 1112 3506 1147 no-

1933 1212 2060 1248 vum
2090 1204 2145 1248 et
2174 1202 2326 1247 vetus
2348 1200 2733 1246 testamentum
2764 1189 3053 1258 provenire
3081 1189 3264 1250 do«_-et,
3305 1191 3506 1240 contir-

1935 1296 2045 1341 mat
2066 1287 2310 1350 omnino,
2347 1301 2409 1338 ea
2451 1283 2551 1336 sibi
2584 1283 2818 1336 invicem
2873 1282 3182 1335 consentire
3211 1291 3265 1334 et
3300 1298 3505 1334 conve-

1937 1379 2072 1438 nire,
2097 1395 2204 1430 non
2223 1387 2401 1430 autem
2426 1393 2607 1430 secum
2629 1391 2891 1446 pugnare.
2919 1376 3050 1428 Dum
3074 1392 3201 1428 vero
3227 1377 3509 1443 utriusque

1937 1469 2238 1522 doctrinam
2270 1468 2336 1520 ad
2402 1483 2626 1535 regnum
2678 1467 2938 1519 caelorum
2981 1466 3278 1535 perducere
3323 1469 3502 1528 tradit,

1937 1561 2114 1614 adhuc
2163 1559 2358 1613 clarius
2411 1558 2830 1610 consensionem
2860 1562 2960 1612 9et
3004 1573 3204 1611 nexum
3261 1570 3509 1611 mutuum

1939 1649 2362 1704 indissolubilem
2403 1648 2652 1701 astruxit.
2711 1647 2866 1711 Quod
2916 1649 2960 1701 si
3014 1650 3177 1718 igitur
3221 1659 3510 1716 utrumque

1939 1751 2318 1796 testamentum
2352 1740 2402 1792 in
2440 1740 2629 1794 eadem
2671 1756 2726 1793 rc
2783 1740 3022 1793 thesauri
3054 1741 3226 1793 instar
3262 1743 3509 1794 recondi—

1941 1843 2052 1886 tum
2083 1842 2186 1892 est,
2211 1843 2265 1886 et
2292 1847 2354 1886 ex
2387 1831 2578 1884 eodem
2609 1831 2803 1885 iterum
2843 1831 3044 1900 prodit,
3080 1833 3135 1883 in
3181 1832 3321 1884 idem
3373 1849 3510 1898 quo-

267 1926 346 1984 εἰς
378 1921 480 1992 τὴν
505 1922 783 1990 βασιλείαν
847 1921 1042 1988 ἐπάγει
1101 1921 1211 1972 τῶν
1261 1921 1527 1990 οὐρανῶν,
1577 1921 1656 1972 ἔτι
1686 1938 1839 1989 περι·
1871 1906 1914 1964 Β

1836 1953 1839 1960 ι
1871 1906 1914 1964 Β
1943 1941 2047 1992 que
2059 1925 2317 1978 caelorum
2332 1939 2555 1993 regnum
2571 1939 2683 1987 eos,
2706 1923 2796 1991 qui
2821 1933 3109 1989 utrumque
3127 1939 3454 1977 asservarun
3469 1935 3508 1984 t,

269 2015 605 2084 φανέστερον
630 2015 689 2066 τὸ
715 2014 838 2066 λίαν
869 2013 1047 2066 αὐτῶν
1079 2013 1368 2082 σύμφωνον
1406 2013 1501 2065 καὶ
1534 2012 1838 2081 ἀδιαίρετον

268 2108 667 2178 ἐπεψηφίσατο.
704 2109 765 2161 Et
795 2103 886 2161 οὖν
917 2107 1154 2179 ἑκατέρα
1180 2108 1279 2176 μὲν
1301 2108 1358 2158 ὲν
1380 2109 1446 2176 τῇ
1473 2107 1608 2175 αὐτῇ
1633 2105 1838 2175 θησαυο

270 2203 484 2272 ρίζεται
522 2201 776 2271 διαθήκῃ.
806 2201 868 2252 ὲκ
908 2199 1000 2252 τοῦ
1031 2197 1197 2251 αὑτοῦ
1255 2199 1311 2250 δὲ
1378 2197 1536 2250 πάλιν
1566 2199 1837 2267 πρόεισιν,

269 2294 352 2355 είς
389 2293 500 2361 τὴν
519 2291 687 2360 αὐτὴν
727 2290 785 2343 δὲ
814 2289 959 2352 τοὺς,
986 2289 1035 2341 οἳ
1059 2289 1260 2350 ταύτας
1283 2286 1670 2356 ὲθησαύρισαν,
1725 2286 1836 2339 τῶν

270 2383 518 2451 οὐρανῶν
564 2383 767 2448 ἀπάγει
826 2381 1123 2450 βασιλείαν,
1166 2380 1283 2443 πῶς
1342 2380 1511 2443 αὑτὰς
1560 2378 1840 2431 ἀντίπαλοι

271 2475 610 2543 διασχίσουσι
647 2474 893 2544 μερίδες;
936 2472 1076 2524 Ἀλλ’
1105 2472 1227 2540 οὐχὶ
1247 2474 1378 2534 τοὺς
1427 2470 1843 2540 φρυαξαμένους

272 2570 451 2619 είπεῖν
479 2565 673 2629 ταῦτα,
729 2567 758 2617 ό
790 2564 1054 2634 διαθήκης
1095 2564 1362 2634 ἑκατέρας
1395 2561 1692 2632 νομοθέτης
1742 2563 1842 2614 οὐκ

271 2658 631 2725 ὲκγελάσεται
685 2657 784 2727 μὲν
833 2657 928 2708 καὶ
978 2657 1376 2723 ὲκμυκτηριεῖ;
1425 2652 1501 2714 ὡς
1555 2651 1725 2720 σκεύη
1787 2652 1842 2704 δὲ

275 2751 560 2820 συντρίψει
586 2750 895 2820 κεραμέως,
924 2747 1016 2801 an
1046 2748 1109 2816 δὴ
1134 2747 1476 2800 παντάπασιν
1514 2744 1633 2799 ὁδοῦ
1665 2745 1842 2798 δικαί-

275 2860 344 2905 ας
411 2843 639 2904 έαυτοὺς
675 2839 1062 2908 διασχίσαντάς
1135 2855 1193 2889 τε
1261 2838 1354 2890 καὶ
1402 2836 1839 2897 ὰπολωλεκὸταςς

275 2932 760 3002 Προανακηρύττει
829 2928 885 2982 δὲ
937 2928 1032 2980 καὶ⁸
1079 2929 1106 2980 ό
1140 2929 1424 2996 προφήτης
1489 2926 1736 2988 Ἡσαΐας,
1808 2925 1844 2977 ἃ.

273 3027 389 3087 τοῖς
418 3023 600 3094 ἔργοις
632 3023 815 3084 αὐτοῖς
840 3021 936 3072 ἐπὶ
965 3019 1058 3072 τοῦ
1091 3020 1342 3088 Σωτῆρος
1373 3017 1561 3088 ὠράθη
1589 3017 1844 3085 τελούμε-

276 3131 345 3166 να
370 3127 385 3142 °
431 3113 624 3176 Αὐτὸς
656 3113 761 3177 τὰς
792 3110 1112 3174 ἀσθενείας
1141 3108 1312 3178 ἡμῶν
1341 3108 1542 3171 ἔλαϐε,
1594 3108 1691 3160 καὶ
1737 3109 1843 3172 τὰς

275 3205 506 3269 νόσους
536 3202 908 3256 ἐϐάστασεν·
939 3201 1037 3254 καὶ
1091 3199 1169 3263 τῷ
1203 3198 1447 3267 μώλωπι
1473 3197 1660 3252 αὐτοῦ
1691 3199 1843 3251 πάν-

275 3313 378 3360 τες
418 3255 590 3364 ἡμεῖς
631 3296 897 3362 ίὰθημεν.
927 3295 1037 3347 Καὶ
1059 3293 1095 3346 ἆ
1124 3255 1219 3346 τοῦ
1245 3292 1470 3354 σκότους
1493 3291 1583 3342 τὸν
1607 3291 1843 3360 ἄρχοντα
1873 3255 1917 3314 C

277 3387 498 3449 καὶτὰς
531 3387 641 3456 (fl)
685 3386 930 3450 ἐξουσίας
979 3384 1213 3448 διέλαθε,
1265 3383 1436 3436 ταῦτα
1463 3383 1781 3452 ξπροειδέναι
1814 3383 1847 3450 ή

277 3478 596 3548 προφητικὴ
644 3478 804 3547 χάρις
859 3476 956 3529 καὶ
998 3477 1032 3545 ἡ
1081 3475 1222 3528 κατὰ
1283 3473 1446 3541 νόμον
1498 3471 1743 3523 πολιτεία
1773 3471 1850 3538 τῷ

280 3570 542 3641 προφήτῃ
590 3568 894 3638 ἐχαρίζετο.
957 3566 1069 3620 Καὶ
1109 3565 1225 3626 πῶς
1274 3566 1304 3631 ὴ
1353 3564 1444 3614 τὸν
1481 3562 1684 3632 λῃστὴν
1723 3561 1850 3612 λαν-

279 3660 519 3713 θάνουσα
578 3659 886 3728 προφητεία
957 3658 1021 3708 ὲκ
1067 3654 1165 3722 τῆς
1191 3652 1356 3705 αὑτοῦ
1413 3651 1686 3721 προήγετο
1727 3651 1849 3700 ἑπι-

1946 2017 2211 2087 perducit,
2239 2015 2511 2084 quomodo
2542 2031 2603 2069 ca
2658 2016 2920 2084 opposita:
2966 2016 3230 2068 factiones
3283 2033 3518 2084 separa-

1947 2109 2125 2164 bunt?
2155 2106 2343 2161 Nonne
2365 2109 2544 2176 potius
2572 2109 2856 2176 utriusque
2886 2107 3196 2161 testamenti
3229 2118 3419 2160 auctor
3452 2123 3515 2160 ea

1947 2201 2194 2272 proloqui
2240 2201 2503 2255 audentes
2539 2199 2734 2253 ridebit
2782 2209 2836 2252 et
2885 2199 3264 2260 subsannabit,
3307 2199 3415 2251 imo
3459 2207 3521 2250 ut

1947 2308 2073 2346 vasa
2113 2293 2258 2363 figuli
2303 2299 2575 2356 conteret,
2617 2300 2872 2358 tanquam
2939 2304 3052 2353 eos,
3109 2289 3199 2358 qui
3262 2304 3320 2342 se
3370 2305 3397 2341 a
3435 2290 3518 2342 via

1950 2394 2094 2438 recta
2123 2384 2491 2452 separaveriut
2523 2391 2577 2437 et
2606 2382 2986 2451 perdiderint?
3018 2381 3354 2435 Pratnuntiat
3392 2398 3520 2434 vero

1948 2486 2002 2530 et
2023 2478 2283 2545 propheta
2313 2476 2505 2538 Isaias,
2542 2490 2606 2529 ea
2637 2491 2759 2543 quae
2816 2485 3062 2543 tempore
3119 2476 3426 2528 Servatoris
3462 2489 3520 2526 re

1949 2567 2063 2636 ipsa
2085 2568 2322 2634 przestita
2355 2566 2727 2635 apparebant:
2777 2563 2896 2632 Ipse
2938 2566 3275 2630 inﬁrmitates
3313 2576 3521 2616 nostras

1947 2658 2189 2725 suscepit,
2219 2666 2265 2709 et
2297 2656 2500 2708 morbos
2528 2655 2743 2721 pertulit
2768 2673 2785 2708 :
2816 2666 2861 2708 et
2885 2657 3051 2724 plagis
3080 2657 3193 2724 ejus
3228 2673 3318 2708 nos
3345 2673 3519 2707 omnes

1948 2749 2123 2801 sanati
2156 2746 2434 2800 sumus”.
2460 2745 2533 2799 Ea
2567 2762 2782 2815 quoque
2811 2763 2933 2816 qua:
2972 2747 3253 2801 dominum
3272 2750 3521 2802 tenebra-

1950 2854 2068 2892 rum
2097 2849 2152 2891 et
2175 2847 2469 2907 potestates
2502 2838 2800 2900 latuerunt,
2834 2838 2950 2892 hate
2999 2838 3252 2907 praescire
3284 2838 3520 2905 prophe-

1951 2939 2081 2990 tam,
2108 2930 2308 2983 donum
2341 2930 2718 2997 propheticum
2748 2938 2803 2982 et
2855 2930 2964 2983 vita
3006 2930 3305 2982 secundum
3353 2931 3521 2997 legem

1951 3029 2069 3071 acta
2101 3019 2248 3072 fecit.
2285 3018 2569 3083 Quomodo
2599 3034 2730 3073 vero
2758 3019 3065 3089 prophetia,
3095 3035 3215 3087 qua:
3258 3019 3523 3071 latronem

1952 3109 2126 3171 latuit,
2165 3125 2228 3162 ex
2253 3109 2420 3178 ipsius
2443 3110 2800 3178 inSpiratione
2831 3109 3070 3178 profecta
3099 3110 3222 3162 est?
3243 3108 3525 3172 Quomodo

1954 3200 1999 3252 is
2031 3201 2122 3268 qui
2157 3199 2440 3254 Dominum
2471 3209 2718 3255 nostrum
2757 3200 2942 3255 Jesum
2973 3199 3250 3253 Christum
3288 3200 3355 3251 ita
3387 3215 3526 3266 pra!-

1948 3292 2170 3354 dicavit,
2221 3301 2381 3360 atque
2414 3293 2645 3346 salutem
2685 3302 2930 3344 nostram
2984 3291 3057 3343 ita
3117 3289 3523 3342 instaurandam

1945 3384 2215 3452 praedixit,
2257 3383 2439 3437 futura
2487 3384 2589 3437 nisi
2633 3400 2661 3437 a
2701 3382 2811 3437 Deo
2857 3384 3001 3436 bono
3024 3382 3292 3444 etPatre,
3347 3397 3375 3432 a
3417 3395 3527 3449 quo

1947 3475 2068 3526 fons
2111 3474 2373 3537 veritatis,
2403 3474 2518 3543 ipse
2556 3475 2815 3528 Servator
2848 3485 3055 3534 noster,
3093 3471 3381 3540 profluxit,
3431 3470 3525 3522 sed

1948 3563 2014 3614 ab
2059 3563 2164 3616 alio
2222 3565 2362 3618 malo
2407 3565 2676 3634 principio
2735 3565 3148 3626 inspirationcm
3205 3562 3524 3616 habuisset.

1950 3653 2278 3708 vaticinatus
2315 3656 2441 3710 est?

279 3750 506 3814 πνοίαςς
536 3751 657 3813 Πῶς
699 3750 755 3802 δὲ
782 3751 810 3802 ό
843 3750 934 3801 τδν
965 3750 1169 3819 Κύριον
1206 3745 1365 3815 ήμῶν
1418 3740 1625 3812 Ἰησοῦν
1655 3741 1888 3808 Χριστὸν
1927 3740 2069 3795 οὕτω
2128 3745 2228 3813 μὲν
2290 3747 2576 3815 θεολογῶν,
2635 3749 2778 3801 οὕτω
2818 3749 2876 3800 δὲ
2915 3749 3012 3817 τὴν
3053 3747 3330 3817 σωτηρίαν
3369 3743 3528 3814 ἡμῶν

275 3843 776 3913 προκαταγγέλλων
804 3841 1257 3912 διαπράττεσθαι,
1283 3839 1385 3891 οὐκ
1412 3839 1475 3889 ἐκ
1499 3833 1595 3887 τοῦ
1635 3833 1841 3900 ἀγαυοῦ
1881 3834 2016 3887 Θεοῦ
2041 3839 2133 3889 καὶ
2163 3839 2373 3907 Πατρὸς
2422 3842 2785 3912 ὲκπνεόμενος
2831 3843 2900 3895 τὰ
2957 3842 3219 3911 μέλλοντα
3279 3841 3526 3908 ἐχρησμ-

281 3941 430 4012 ῴδει,
466 3938 526 4001 ἐξ
553 3932 618 3990 οἶδ’
641 3937 737 4005 τῆς
758 3935 1014 4005 ἀληθείας
1035 3937 1069 4004 ἡ
1098 3933 1250 4003 πηγὴ
1277 3931 1439 3993 αὑτὸς
1465 3930 1494 3981 ὁ
1516 3927 1705 3997 Σωτὴρ
1731 3927 1892 3996 ήμῶν
1931 3930 2219 4000 προῆλθεν,
2249 3934 2386 3987 ἀλλά
2413 3953 2559 3998 τινος
2590 3937 2702 4005 (12)
2734 3936 2902 4005 ἄλλης
2951 3936 3215 4007 πονηρίας
3279 3933 3529 4004 ενεργού-

285 4050 387 4102 σης
419 4030 732 4100 ἁρχεκάκου
754 4045 769 4094 ;

357 4123 496 4176 KH’.
550 4117 675 4191 Ἆρ’
740 4119 802 4171 ού
842 4117 1081 4171 παύεσθε
1134 4113 1551 4185 θεομαχοῦντες,
1602 4111 1720 4164 οὺδέ
1767 4127 1851 4170 τις

285 4214 433 4284 ὑμᾶς
466 4211 768 4282 μετάμελος
810 4209 908 4278 τῆς
954 4210 1169 4278 μακρᾶς
1216 4208 1475 4275 ἀναφέρει
1510 4205 1750 4271 πλάνης;
1795 4202 1852 4253 Ὀ

289 4304 542 4373 μέντοιγε
602 4300 790 4369 Σωτὴρ
839 4299 994 4369 ήμῶν
1044 4299 1124 4367 τῷ
1172 4297 1522 4367 προσελθόντι
1562 4295 1713 4364 αὐτῷ
1761 4293 1856 4348 καὶ

285 4391 435 4460 ζωὴν
481 4388 699 4441 αίώνιον
731 4386 1080 4457 έπιζητοῦντι
1119 4386 1322 4456 ταύτης
1353 4388 1532 4455 τυχεῖν
1583 4385 1855 4451 ἐπαγγέλ-

2018 4108 2210 4164 XVIII.
2260 4113 2517 4183 Nunquid
2586 4115 2748 4184 igitur
2803 4117 3074 4180 cessatis,
3118 4127 3304 4170 contra
3359 4117 3529 4171 Deum

1950 4215 2210 4270 pugnare,
2237 4217 2412 4270 neque
2438 4219 2530 4256 vos
2565 4206 2669 4256 ulla
2707 4205 3030 4272 poenitentia
3072 4220 3102 4256 a
3137 4205 3298 4273 longo
3340 4219 3527 4257 errore

1953 4294 2212 4347 revocat?
2238 4294 2306 4347 At
2341 4295 2622 4348 enimvero
2677 4279 2934 4348 Servator
2984 4304 3170 4348 noster
3225 4295 3399 4357 illum,
3434 4295 3528 4361 qui

1953 4384 2020 4437 ad
2058 4399 2116 4437 se
2146 4385 2369 4438 veniens
2397 4385 2560 4438 vitam
2587 4394 2845 4438 aeternam
2869 4386 3168 4454 qurerebat,
3198 4385 3362 4453 hujus
3399 4401 3526 4452 par-

286 4479 468 4542 λεται,
499 4478 601 4530 οὐκ
654 4477 750 4530 ἐὰν
793 4477 884 4529 τὸν
930 4477 1093 4557 νόμον
1135 4476 1519 4545 βλασφημήσῃ,
1578 4473 1698 4527 οὐδὲ
1729 4475 1853 4536 τοὺς
1881 4499 1933 4557 D

1881 4499 1933 4557 D
1961 4473 2178 4542 ticipem
2212 4472 2327 4527 fore
2357 4474 2646 4542 promittit,
2695 4489 2802 4527 non
2845 4481 3016 4538 certe,
3057 4475 3100 4527 si
3135 4474 3302 4544 legem
3346 4473 3530 4527 convi-

289 4567 578 4635 προφήτας
627 4553 1214 4635 έκμυκτηρίσῃ,-’ἁλλ⁹
1268 4567 1320 4618 εἴ
1367 4582 1430 4634 γε
1474 4567 1573 4624 τὰς
1636 4564 1856 4626 ἐντολὰς

290 4658 582 4729 πληρώσῃ.
646 4657 1056 4726 Πυνθανομένου
1100 4658 1208 4725 γὰρ
1270 4656 1366 4709 τοῦ
1414 4657 1512 4724 τὴν
1557 4656 1701 4721 ζωὴν
1755 4655 1856 4724 τὴν

291 4747 510 4801 αἰώνιον
548 4745 846 4808 αἰτοῦντος,
871 4746 1070 4809 Ποίαςς
1100 4746 1188 4815 (Ὢ
1223 4744 1322 4813 τῆς
1356 4744 1554 4812 πολλῆς
1577 4743 1669 4796 τοῦ
1692 4744 1854 4812 νόμου

292 4835 720 4904 σεϐασμιότητος
745 4836 793 4906 ι)
815 4837 874 4888 ού
897 4836 997 4898 τὰς
1027 4836 1133 4887 ἀπὸ
1151 4835 1252 4904 τῆς
1275 4835 1494 4904 χάριτος
1524 4834 1688 4898 αὐτῷ,
1723 4835 1858 4888 ἀλλὰ

289 4928 394 4988 τὰς
428 4922 538 4978 άπδ
577 4924 670 4977 τοῦ
724 4926 888 4994 νόμου
933 4924 1324 4994 προϐάλλεται,
1373 4925 1454 4976 Οὐ
1513 4924 1854 4992 φονεύσεις,

294 5018 495 5084 λέγων,
530 5019 601 5070 οὐ
625 5018 995 5086 μοιχεύσεις,
1017 5017 1088 5069 οὐ
1123 5014 1389 5083 κλέψεις,
1422 5017 1492 5068 οὺ
1519 5016 1858 5084 ψευδομαρ-

294 5107 602 5177 τυρήσεις.
635 5108 780 5177 Τίμα
812 5107 919 5160 τὸν
956 5106 1181 5174 πατέρα
1215 5105 1316 5159 καὶ
1352 5107 1468 5174 τὴν
1493 5107 1739 5175 μητέρα,
1765 5110 1862 5162 καὶ

369 5261 424 5293 ⁸*
457 5260 643 5315 Matth.
667 5277 786 5323 xm,
811 5261 899 5314 52.
974 5261 995 5292 ⁹
1019 5260 1148 5315 Luc.
1181 5277 1236 5325 ιι,
1263 5262 1332 5314 42
1442 5261 1499 5292 θ*
1528 5262 1626 5315 lsa.
1657 5279 1764 5325 mu,
1800 5265 1850 5317 5.

1953 4565 2052 4624 ciis
2089 4564 2478 4634 proscinderet,
2506 4573 2600 4618 aut
2621 4566 2917 4634 prophetas
2950 4567 3335 4624 subsannaret,
3365 4565 3459 4617 sed
3484 4565 3529 4617 si

1955 4665 2223 4730 praecepta
2252 4663 2514 4708 servaret.
2539 4656 2674 4709 Cum
2701 4656 2847 4709 enim
2876 4657 3061 4722 homo,
3101 4657 3167 4710 de
3198 4657 3305 4709 vita
3328 4666 3530 4708 aeterna

1955 4749 2240 4809 sollicitus,
2283 4757 2590 4814 quareret,
2640 4761 2886 4814 quaenam
2923 4749 3189 4802 servanda
3242 4748 3459 4816 essent(
3489 4746 3534 4801 Ο

1955 4840 2212 4896 eximium
2245 4838 2470 4901 cultum,
2498 4838 2596 4908 legi
2632 4839 3009 4907 praestitum!)
3034 4857 3137 4893 non
3162 4855 3222 4893 ea
3252 4855 3370 4907 qua:
3411 4855 3532 4908 gra-

1958 4932 2064 4995 tiae,
2107 4931 2199 4984 sed
2245 4945 2363 4997 quae
2427 4929 2558 4997 legis
2597 4939 2771 4993 erant,
2827 4929 3102 4998 proponit,
3148 4930 3268 4983 Non
3308 4931 3526 4988 orcides,

1969 5024 2238 5092 inquiens,
2261 5038 2362 5074 non
2395 5021 2748 5084 masc/laberis,
2773 5039 2873 5075 non
2903 5023 3183 5093 furaberis,
3209 5040 3307 5075 non
3336 5022 3531 5088 falsum

1973 5115 2322 5168 testimonium
2344 5114 2503 5167 dices.
2533 5113 2752 5168 Honora
2777 5125 2981 5184 patrem
3006 5126 3174 5178 tuum,
3209 5123 3257 5168 et
3288 5123 3534 5180 matrem,

1387 5375 1618 5431 VARIAS
1659 5377 2036 5434 LECTlONES
2063 5379 2149 5434 ΕΤ
2184 5379 2417 5436 ΝΟΤἈΕ.

376 5486 512 5566 αρ’)
530 5489 992 5566 Προερχόμεζον.
1007 5487 1079 5566 ita
1091 5489 1278 5566 scripsi
1294 5505 1390 5566 pro
1405 5491 1856 5566 προσερχόμενον.

302 5556 648 5628 Manifestum
676 5627 690 5628 γ
714 5570 818 5628 est,
876 5558 1125 5613 Photium
1181 5556 1268 5612 hic
1294 5556 1308 5558 “
1338 5556 1467 5612 illud
1530 5556 1690 5621 velle,
1722 5562 1865 5628 quod

305 5625 520 5698 Marcus
550 5627 760 5698 VII,20.
810 5628 941 5680 dicit
988 5628 1376 5696 ἐκπορεύεσθαι
1424 5630 1490 5680 ὲκ
1514 5629 1608 5681 τοῦ
1659 5625 1869 5698 ἀνθρώ-

305 5711 434 5769 που.
459 5694 558 5769 ⁸δίο
587 5697 744 5769 paulo
804 5707 936 5769 post
963 5699 1037 5769 ait
1068 5715 1081 5751 :
1114 5694 1225 5769 Τὴν
1270 5699 1463 5768 καινὴν
1508 5694 1866 5768 προέρχεσοαι

306 5763 401 5816 καὶ
421 5763 522 5828 τὴν
546 5763 778 5817 παλαιὰν
804 5763 1127 5821 ἐκδιδάσκει.

379 5833 494 5903 (ii)
531 5832 658 5899 Τάς.
688 5833 916 5891 Restitui
945 5838 1048 5893 hoc
1077 5855 1174 5909 pro
1207 5838 1324 5908 τῆς,
1353 5838 1494 5908 quod
1523 5837 1578 5892 in
1599 5853 1702 5896 ms.
1728 5848 1862 5895 erat.

2038 5495 2150 5568 (12)
2181 5497 2366 5551 Ἀλλὰ
2388 5515 2568 5562 τινος.
2592 5496 2681 5550 Sic
2709 5497 2898 5568 scripsi
2922 5513 3019 5568 pro
3046 5497 3179 5550 ἀλλὰ
3199 5497 3361 5561 τίνος.
3384 5500 3530 5566 quod

1968 5567 2149 5646 cod-ex.
2171 5568 2428 5621 mendose
2461 5568 2775 5646 exhibebat.
2820 5567 2991 5646 quem
3039 5578 3094 5621 et
3127 5582 3270 5646 Stepe
3309 5567 3442 5646 alias
3466 5568 3528 5646 in

1969 5637 2261 5704 scriptione
2285 5645 2605 5690 accentuum
2638 5653 2669 5691 a
2710 5653 2836 5691 vero
2864 5640 3120 5691 aberrare
3164 5637 3524 5705 deprehendi,

1970 5705 2095 5776 hinc
2123 5705 2245 5760 inde
2271 5707 2456 5770 etiam,
2490 5707 2580 5759 ubi
2606 5723 2711 5760 non
2747 5708 2958 5774 monui,
2987 5709 3054 5762 ad
3083 5708 3323 5762 rationes
3356 5722 3535 5776 grani-

1968 5775 2188 5830 maticas
2211 5791 2240 5831 a
2276 5791 2363 5830 me
2401 5777 2771 5832 emendatum.
