4234 6432
746 411 852 473 219

1848 417 2108 478 ΡΙΙΟΤῙΙ
2163 415 2436 477 ΡΑΤΒΙΑ
2448 415 2666 476 ΒΟΗἉΕ
2700 416 2809 478 CP.

3883 410 3988 474 220

750 537 797 579 ct
828 528 983 595 dilige
1005 529 1296 594 proximum
1345 540 1487 580 tuum
1515 529 1644 580 sicut
1665 539 1712 580 te
1743 531 1909 596 ipsimi
1940 533 2002 581 '°.
2029 530 2160 584 Vide
2191 546 2317 583 vero
2347 531 2391 586 Α
2419 555 2422 578 l

2313 553 2317 575 ι
2347 531 2391 586 Α
2419 529 2755 596 ἀγαπήσεις
2789 529 2896 583 τὸν
2925 528 3196 597 πλησίον
3249 540 3366 581 σου
3408 526 3490 592 ὠς
3542 524 3825 579 σεαυτόν.
3879 525 3985 576 Καὶ

752 619 972 679 bonum,
1001 618 1141 686 quod
1172 619 1437 688 injuvene
1471 620 1562 672 illo
1591 630 1725 679 erat,
1759 629 1815 671 ut
1835 621 2122 690 intelligas,
2153 620 2312 688 quale

751 707 965 772 quidem
1015 707 1143 759 illud
1185 708 1272 770 sit,
1297 709 1452 776 cujus
1481 710 1791 762 observatio
1843 712 2008 764 vitam
2049 721 2310 764 :eternam

751 797 1018 850 conciliet.
1069 799 1205 850 Cum
1240 799 1383 851 enim
1445 801 1489 852 is
1541 802 1937 871 interrogaret,
1983 803 2118 855 nihil
2162 803 2310 855 aliud

753 885 926 952 ipsum
953 887 1186 948 edocuit,
1220 905 1402 956 quam,
1427 895 1710 959 apostasia:
1739 908 1797 945 se
1825 909 2130 962 opponens,
2179 893 2311 964 legis

753 988 1017 1044 prarCepta
1055 982 1358 1046 proposuit,
1391 997 1512 1033 cum
1546 983 1709 1035 multa
1745 984 2150 1037 asseveratione
2177 999 2312 1037 con-

755 1068 1001 1128 tendens,
1041 1083 1104 1120 ea
1138 1071 1274 1122 bona
1296 1087 1416 1124 esse
1441 1081 1496 1123 et
1521 1073 1584 1123 ad
1609 1074 1771 1126 vitam
1803 1083 2062 1127 aeternam
2089 1074 2311 1129 ducere.

754 1157 905 1219 Quod
938 1160 980 1211 si
1032 1177 1206 1214 veroa
1239 1163 1380 1215 bono
1407 1162 1562 1216 Patre
1595 1180 1702 1216 non
1748 1164 2001 1229 fuissent,
2033 1166 2314 1234 ipsiusque

757 1253 1027 1317 praeconio
1058 1268 1316 1316 consona,
1371 1256 1463 1307 sed
1503 1271 1530 1306 a
1564 1255 1847 1323 tyrannide
1874 1265 2012 1320 orta,
2044 1257 2315 1324 quomodo

756 1336 842 1387 illa
878 1339 1071 1390 veritas
1103 1339 1216 1407 ipsa
1258 1350 1516 1409 tanquam
1550 1342 1794 1395 veritatis
1824 1344 1984 1411 plena
2026 1347 2314 1414 produxis-

756 1430 874 1480 Slfl?
911 1430 1192 1492 Quomodo
1229 1448 1355 1485 vero
1407 1433 1569 1485 vitam
1609 1443 1869 1487 aeternam
1902 1437 2162 1502 qurerenti
2194 1453 2314 1490 eam

756 1533 852 1585 per
890 1536 949 1570 ea
987 1523 1328 1587 quaerendam
1368 1525 1670 1577 suasisset?
1724 1525 2007 1587 Quomodo
2057 1527 2314 1594 denique,

757 1627 790 1660 υ
821 1612 1106 1664 maximam
1137 1614 1400 1666 insaniam
1426 1617 1438 1666 ε
1469 1615 1513 1668 si
1546 1616 1666 1684 quis
1702 1617 1816 1670 haec
1845 1618 1928 1671 vel
1955 1617 2010 1670 in
2044 1635 2101 1672 se
2132 1621 2316 1672 consi-

759 1701 950 1754 derare
980 1705 1243 1768 voluerit,
1284 1707 1446 1769 illius,
1468 1707 1558 1774 qui
1595 1708 1661 1760 ab
1685 1709 1838 1760 initio
1867 1709 2130 1762 homicida
2171 1721 2313 1774 erat,

758 1793 841 1843 lex
875 1793 1034 1846 fuerit
1069 1812 1078 1845 :
1106 1797 1221 1846 Non
1245 1798 1462 1860 occides,
1489 1814 1590 1848 non
1627 1799 1978 1862 mwchaberis,
2007 1809 2060 1852 et
2085 1811 2315 1863 caterua,

757 1882 953 1948 quibus
1015 1885 1215 1936 malitia
1286 1885 1513 1953 ejusque
1567 1897 1714 1940 sator
1776 1902 1806 1940 c
1860 1888 2124 1941 diametro
2183 1889 2317 1956 ipsis

759 1973 1075 2038 oppositus,
1123 1989 1229 2026 non
1271 1990 1431 2035 sane,
1483 1975 1728 2039 fovetur,
1783 1977 1877 2030 sed
1930 1977 2110 2044 potius
2149 1976 2316 2030 cilici-

761 2071 864 2124 tur,
909 2072 964 2114 ut
1009 2063 1325 2117 obedientcs
1357 2081 1385 2118 a
1422 2067 1859 2136 castigandorum
1917 2067 2094 2136 poenis
2125 2067 2317 2135 procul

756 2155 1268 2219 amoveantur?Qui
1302 2156 1490 2208 enima
1521 2156 1778 2220 aedibus,
1810 2165 1862 2210 et
1890 2158 2051 2219 furto,
2080 2168 2135 2211 et
2165 2158 2317 2211 adul-

761 2245 899 2296 terio
921 2252 974 2296 et
1005 2244 1138 2297 falso
1165 2247 1477 2299 testimonio
1507 2248 1801 2300 immunem
1829 2263 1886 2301 se
1917 2257 2162 2316 praestat,
2194 2264 2318 2316 pro-

761 2333 1074 2401 ximumque
1105 2350 1266 2388 suum
1299 2335 1471 2406 diligit
1499 2344 1555 2388 ut
1585 2351 1641 2388 se
1691 2336 1888 2405 ipsum,
1929 2336 2015 2389 hic
2042 2345 2124 2389 est
2154 2375 2169 2398 ,
2225 2337 2317 2405 qui

760 2422 905 2492 leges
941 2423 1088 2478 Bono
1130 2426 1410 2493 oppositas
1452 2428 1766 2490 conculcat,
1813 2435 1868 2480 ct
1909 2444 2069 2490 eum,
2115 2429 2206 2496 qui
2252 2430 2320 2483 ab

761 2515 918 2568 initio
947 2518 1118 2570 malus
1148 2519 1268 2580 fuit,
1311 2528 1564 2586 tanquam
1614 2519 1823 2572 hostem
1865 2519 2182 2583 confundit,
2228 2519 2319 2590 qui

759 2603 1014 2671 denique,
1051 2608 1303 2673 praestitis
1323 2610 1606 2676 praeceptis
1634 2609 1897 2670 Mosaicis,
1916 2611 2139 2679 gratiam
2165 2626 2320 2665 acce—

761 2693 842 2763 pit
874 2710 930 2748 se
962 2697 1029 2748 ab
1061 2697 1177 2764 ejus
1211 2698 1516 2754 actionibus
1558 2700 1886 2753 abstinendi.
1936 2700 2012 2753 Ita
2042 2705 2318 2769 actiones,

761 2802 880 2852 qua:
930 2802 958 2838 a
1002 2788 1133 2857 legis
1163 2792 1447 2859 praceptis
1487 2792 1903 2859 proficiscuntur
1934 2833 1948 2857 ,
1996 2810 2092 2848 sua
2127 2807 2322 2851 natura

762 2875 962 2929 bonum
994 2893 1175 2930 secum
1207 2879 1408 2942 ferunt,
1442 2891 1496 2934 et
1545 2882 1709 2935 robur
1746 2883 1866 2934 Mali
1903 2899 1997 2951 per
2022 2900 2080 2938 se
2129 2885 2324 2938 invali-

762 2969 889 3022 dum
927 2984 1049 3021 esse
1102 2969 1493 3023 demonstrant.
1534 2971 1670 3024 Dum
1733 2987 1862 3026 vero
1917 2975 2321 3030 adolescentem

763 3050 1060 3128 perfectum
1097 3061 1211 3114 fore
1240 3063 1616 3130 pronuntiavit
1639 3061 1897 3116 Servator
1920 3104 1934 3128 ,
1977 3066 2022 3118 si
2056 3066 2325 3134 reciperet

2413 622 2513 689 ὅρα
2552 620 2644 672 τοῦ
2674 621 2960 674 νεανίσκου
2991 620 3054 672 τὸ
3082 618 3306 687 ἀγαθὸν,
3333 619 3515 671 ὁποῖόν
3551 618 3606 670 τί
3640 617 3811 680 ἐστιν,
3849 610 3912 670 οὗ
3945 619 3977 683 ἡ

2415 710 2611 781 πρᾶξις
2639 713 2736 780 τὴν
2775 711 2991 763 αἰώνιον
3029 710 3173 779 ζωὴν
3205 709 3472 779 προξενεῖ.
3523 707 3926 778 Διερωτῶντος,
3959 706 3987 756 6

2414 803 2604 872 Σωτὴρ
2650 803 2801 856 οὐδὲν
2849 803 3050 872 μᾶλλον
3083 804 3293 856 ἐκεῖνον
3322 801 3609 864 διδάσκων,
3645 800 3677 868 ἢ
3717 799 3858 851 κατά
3882 797 3985 865 τῆς

2414 895 2746 956 άποστασίας
2771 895 3076 963 ίστάμενος,
3105 893 3204 955 τὰς
3235 893 3466 961 νομικὰς
3493 891 3806 961 προέτεινεν
3834 891 3984 942 ἐντο-

2415 987 2530 1048 λάς,
2574 987 2710 1056 μετά
2740 987 2937 1055 πολλῆς
2998 986 3098 1054 τῆς
3152 985 3526 1054 βεϐαιώσεως,
3575 983 3788 1051 ἀγαθὰς
3843 976 3985 1034 εἶναι

2414 1077 2615 1139 ταύτας
2653 1077 2748 1129 καὶ
2776 1079 2909 1146 πρὸς
2939 1076 3083 1146 ζωὴν
3108 1077 3344 1144 ἀπάγειν
3373 1077 3472 1144 τὴν
3493 1074 3712 1128 αἰώνιον
3737 1075 3983 1142 ἐπιμαρ-

2414 1171 2613 1240 τυρῶν.
2644 1169 2750 1222 Καί
2773 1187 2855 1222 τοι
2879 1170 2926 1221 εί
2964 1169 3040 1238 μὴ
3065 1169 3157 1221 τοῦ
3195 1166 3404 1236 ἀγαθοῦ
3445 1167 3662 1232 Πατρδς
3688 1159 3854 1234 ἦσαν,
3889 1163 3986 1215 καὶ⁸

2415 1259 2495 1328 τῷ
2551 1257 2712 1312 αὑτοῦ
2761 1259 3078 1328 κηρύγματι
3136 1256 3443 1327 σύμφωνοι,
3497 1255 3680 1323 ἀλλ’ἢ
3732 1253 3988 1322 τυραννὶς

2417 1352 2600 1414 αὐτοῖς
2645 1350 2933 1418 ἐπεφύετο,
2980 1350 3097 1411 πῶς
3135 1349 3233 1419 μὲν
3291 1348 3460 1411 αὑτὰς
3512 1349 3546 1417 ἠ
3608 1346 3857 1416 ἀλήθεια,
3910 1345 3988 1408 ὡς

2421 1442 2677 1512 μετόχους
2691 1440 2896 1510 προῆγε
2921 1439 3018 1508 τῆς
3034 1438 3372 1507 άγαθότητος
3394 1455 3408 1503 ;
3433 1437 3552 1498 πῶς
3571 1436 3628 1489 δέ
3643 1435 3719 1504 τῷ
3735 1435 3990 1504 ζητοῦντι

2417 1533 2514 1602 τὴν
2543 1532 2759 1584 αἰώνιον
2789 1530 2933 1600 ζωὴν
2964 1530 3030 1581 δι’
3075 1528 3254 1581 αὐτῶν
3294 1528 3476 1596 εὑρεῖν
3508 1525 3823 1586 ἐπετίθετο;
3863 1523 3992 1586 Πῶς

2417 1623 2493 1685 δὲ,
2524 1621 2568 1673 ῶ
2596 1619 2816 1689 βαθείας
2874 1619 3071 1689 μέθηςί
3107 1619 3160 1670 εῖ
3184 1635 3268 1680 τις
3293 1618 3388 1670 καὶ
3438 1615 3560 1669 καθ’
3604 1613 3774 1667 ἐαυτὰ
3811 1612 3992 1665 ἐθέλοι

2419 1715 2590 1769 ταῦτα
2624 1715 2866 1775 σκοπεῖν,
2895 1711 2991 1763 τοῦ
3014 1711 3109 1764 ἀπ’
3133 1710 3309 1781 ἀρχῆς
3331 1709 3781 1778 άνθρωποκτόνου
3827 1707 3993 1773 νόμος

2419 1804 2480 1856 τό
2508 1819 2523 1834 ο
2573 1805 2655 1856 Οὐ
2689 1803 3034 1870 φονεύσεις,
3080 1803 3152 1854 οὐ
3175 1801 3548 1869 μοιχεύσεις,
3599 1800 3694 1851 καὶ
3729 1799 3800 1849 τὰ
3828 1795 3992 1856 ἀλλα,

2418 1893 2500 1961 οἷς
2550 1898 2615 1949 ἐκ
2653 1897 2943 1966 διαμέτρου
2979 1898 3013 1967 ἠ
3055 1895 3224 1948 κακία
3270 1897 3365 1948 καὶ
3410 1897 3438 1947 ὁ
3467 1894 3689 1961 ,ταύτης
3725 1891 3992 1957 σπορεὺς,

2422 1988 2497 2058 μὴ
2519 1989 2599 2041 ὅτι
2626 1987 3012 2057 θεραπεύεται,
3072 1987 3208 2041 ἀλλά
3231 2003 3294 2054 γε
3321 1985 3386 2056 δὴ
3437 1984 3533 2038 καὶ⁸
3585 1984 3660 2046 ὡς
3705 1980 3992 2052 πορρωτά-

2417 2098 2495 2134 τω
2559 2081 3012 2151 μαστιγουμένων
3081 2080 3236 2149 δίκην
3293 2079 3679 2134 ἀπελαύνεται.
3763 2075 3820 2128 '0
3878 2073 3993 2142 γὰρ

2419 2176 2593 2244 φόνων
2615 2175 2709 2228 καὶ
2751 2175 2981 2244 κλοπῆς,
3034 2175 3131 2228 καὶ
3190 2174 3438 2244 μοιχείας
3471 2174 3565 2226 καὶ
3609 2172 3992 2240 ψευδομαρτυ-

2422 2266 2537 2334 ρίας
2574 2265 2834 2335 κρείττων
2867 2263 3133 2332 γεγονὼς,
3172 2265 3384 2318 καὶτὸν
3438 2262 3667 2332 πλησίον
3691 2261 3992 2330 ἀγαπήσας

2418 2355 2492 2418 ὡς
2521 2354 2735 2419 ἐαυτὸν,
2778 2349 2934 2418 οὗτός
2974 2357 3119 2408 ἐστιν
3149 2357 3177 2407 ὁ
3226 2353 3556 2408 καταπατῶν
3588 2354 3714 2414 τοὺς
3744 2354 3991 2404 ἀντικει-

2422 2447 2616 2514 μένους
2639 2449 2704 2516 cf;
2731 2447 3024 2514 ἀγαθὸτητι
3045 2447 3300 2516 θεσμοὺς,
3325 2447 3417 2498 καὶ
3441 2445 3602 2499 αὑτὸν
3623 2444 3679 2496 δέ
3698 2442 3788 2494 τὸν
3818 2441 3991 2510 ἀρχέ-

2420 2555 2590 2592 κακον
2617 2537 2995 2606 καταισχύνων
3015 2537 3226 2608 ἐχθρὸν,
3269 2538 3363 2590 καὶ
3395 2537 3503 2590 τῶν
3540 2535 3704 2590 αὐτοῦ
3729 2533 3992 2605 πράξεων

2423 2629 2640 2699 μακρὰν
2663 2627 2987 2682 ἀποδιὼκειν
3032 2629 3191 2698 χάριν
3224 2627 3403 2681 λαϐὼν
3449 2628 3538 2681 διὰ
3583 2629 3682 2696 τῆς
3721 2625 3993 2695 ἐργασίας

2419 2719 2529 2772 τῶν
2558 2719 2867 2773 Μωσαῖκῶν
2898 2719 3147 2772 ἐντολῶν.
3185 2718 3374 2780 Οὕτως
3401 2719 3497 2773 καὶ
3518 2718 3640 2771 καθ’
3666 2717 3835 2771 ἐαυτά
3881 2715 3995 2768 τῶν

2421 2812 2659 2882 νομικῶν
2688 2811 2913 2865 ἐντολῶν
2941 2813 2998 2864 αί
3027 2811 3253 2881 πράξεις
3287 2811 3386 2881 τὴν
3427 2810 3739 2879 ἀγαθότητα
3793 2810 3997 2878 φέρου-

2424 2919 2506 2957 σιν
2539 2904 2596 2955 ἐν
2620 2903 2856 2965 ἑαυταῖς,
2884 2903 2979 2956 καὶ
3003 2903 3096 2956 τοῦ
3132 2901 3376 2971 Πονηροῦ
3421 2901 3482 2955 τὸ
3520 2902 3724 2972 κράτος
3778 2902 3988 2970 σαθρὸν

2422 2995 2703 3064 ἐλέγχουσι
2733 2995 2801 3047 δι’
2841 2995 3066 3049 ἑαυτῶν.
3104 2993 3165 3048 Εί
3200 2995 3257 3047 δέ
3310 2995 3402 3047 καὶ
3431 2994 3634 3046 τέλειον
3669 2993 3760 3045 τὸν
3808 2991 3997 3045 νεανί-

2425 3103 2552 3138 σκον
2581 3087 2799 3139 ἀνεῖπεν
2827 3085 3545 3156 ἐσεσθαιπροσλαμσάνοντα
3575 3084 3786 3146 καὶτὰς
3821 3083 3996 3147 ιδίας,

763 3163 812 3202 ei
841 3165 968 3212 sua,
1004 3166 1122 3218 quae
1166 3151 1392 3220 gratiam
1467 3161 1762 3221 parerent,
1799 3164 2101 3223 praecepta,
2147 3171 2321 3224 neque
2351 3183 2394 3242 ο
2427 3196 2435 3229 ί

2351 3183 2394 3242 c
2427 3177 2481 3230 αἳ
2512 3177 2608 3246 τὴν
2634 3177 2792 3246 χάριν
2819 3177 3084 3241 ποιοῦσιν,
3103 3151 3356 3242 ἐντολάς,
3388 3176 3508 3229 οὐδὲ
3556 3175 3714 3228 τοῦτο
3746 3175 3861 3236 τοῖς
3915 3174 3995 3225 εί-

765 3239 868 3293 hoc
915 3255 1046 3294 sane
1085 3242 1418 3309 quidquam,
1461 3243 1603 3311 quod
1642 3243 1799 3296 dictis
1856 3245 2182 3298 contrarium
2232 3246 2323 3310 sit,

765 3328 948 3383 infert.
998 3330 1235 3385 Primum
1277 3333 1422 3386 enim
1474 3349 1583 3387 non
1640 3334 2062 3403 unumquodque
2113 3350 2324 3403 eorum,

766 3434 886 3486 qua:
916 3421 1016 3472 sub
1040 3422 1207 3490 gratia
1229 3431 1710 3490 sunt.przeceptum
1736 3439 1833 3492 per
1857 3439 1913 3477 se
1937 3425 2328 3492 perfectionem

768 3515 999 3578 confert,
1031 3516 1153 3583 quia
1197 3515 1276 3568 sic
1320 3516 1593 3570 sulliceret
1641 3531 1836 3580 unum,
1884 3525 1938 3569 et
1996 3517 2326 3584 reliquorum

769 3603 1076 3658 observatio
1124 3620 1527 3674 supervacanea
1584 3605 1743 3660 foret.
1784 3606 1967 3675 Neque
2013 3608 2157 3660 enim
2225 3608 2329 3662 hoc

773 3703 978 3746 tantum
1007 3695 1072 3748 ad
1109 3695 1264 3748 bona:
1293 3697 1423 3764 legis
1456 3697 1718 3750 rationem
1759 3699 2072 3764 requiritur,
2100 3707 2157 3751 ut
2188 3699 2240 3750 in
2270 3715 2329 3753 se

775 3781 1157 3850 perfectionem
1177 3786 1447 3846 exhibeat,
1472 3788 1563 3840 sed
1589 3787 1640 3840 id
1670 3789 1868 3856 potius,
1899 3799 1955 3841 ut
1981 3789 2136 3851 nihil,
2163 3806 2331 3858 quan-

775 3882 886 3926 tum
918 3877 1131 3943 quidem
1158 3877 1212 3929 in
1241 3878 1352 3945 ipSa
1377 3889 1480 3941 est,
1513 3879 1779 3947 reliquum
1806 3880 1988 3941 faciat,
2040 3884 2332 3949 quominus

773 3981 920 4030 eum,
951 3968 1040 4035 qui
1081 3969 1222 4022 circa
1253 3985 1372 4023 eam
1423 3981 1669 4024 versatur
1691 4011 1704 4034 ,
1754 3971 1897 4024 bono
1929 3973 2241 4043 conjungat,
2280 3984 2333 4028 et

775 4059 842 4111 ab
867 4059 1170 4115 actionibus
1206 4062 1361 4115 malis
1389 4073 1596 4116 avocet.
1635 4064 1838 4119 Deinde
1888 4076 1942 4118 et
1985 4082 2046 4119 ex
2082 4067 2194 4134 ipsa
2232 4068 2334 4121 hac

777 4149 1078 4203 assertione
1107 4167 1212 4204 non
1253 4153 1454 4218 minus,
1487 4169 1649 4221 quam
1682 4171 1747 4208 ex
1779 4157 2084 4223 praedictis,
2125 4159 2335 4227 perspi-

777 4253 901 4290 cere
943 4239 1098 4302 licet,
1138 4253 1407 4311 praecepta
1443 4245 1576 4314 legis
1617 4245 1670 4297 in
1715 4246 1920 4299 honore
1961 4247 2148 4301 fuisse.
2199 4249 2332 4302 Dum

777 4330 918 4382 enim
950 4330 1204 4385 Servator
1251 4335 1336 4386 illa
1380 4350 1487 4387 non
1535 4336 1756 4403 abjicit,
1803 4337 1897 4389 sed
1929 4338 2110 4404 potius
2144 4338 2335 4393 iisdem

2428 3268 2684 3338 ρημένοις
2722 3267 2872 3320 ούδέν
2921 3267 3240 3320 ὑπεναντίον
3279 3267 3578 3337 μετακινεῖ.
3621 3265 3844 3335 Πρῶτον
3897 3264 3998 3332 μὲν

2426 3362 2533 3429 γὰρ
2564 3361 2683 3414 ούδέ
2724 3361 2926 3430 ἐκάστη
2954 3361 3061 3413 τῶν
3089 3361 3147 3412 ἐν
3206 3363 3273 3429 τῇ
3302 3359 3485 3428 χάριτι
3545 3357 3672 3410 καθ’
3707 3356 3911 3425 ἑαυτὴν
3935 3355 4000 3408 τὺ

2426 3450 2631 3503 τέλειον
2666 3451 2934 3518 προξενεῖ,
2970 3450 3094 3502 ἐπεὶ
3142 3447 3364 3519 ἐξήρκει
3393 3448 3458 3502 ἂν
3513 3448 3546 3518 ἡ
3602 3449 3724 3516 μία,
3759 3447 3855 3499 καὶ
3886 3446 3998 3497 τῶν

2429 3539 2602 3591 ἄλλων
2705 3541 2737 3606 ὴ
2767 3538 2966 3607 πρᾶξις
3005 3539 3256 3606 περιττή.
3297 3537 3376 3592 Ού
3421 3537 3530 3606 γάρ
3576 3535 3730 3588 τοῦτο
3770 3533 3998 3600 νομοθε-

2432 3630 2551 3690 σίας
2581 3628 2810 3698 ἀγαθῆς,
2845 3628 2905 3681 τδ
2935 3628 3055 3681 καθ’
3103 3628 3303 3699 ἐαυτὴν
3351 3629 3613 3698 παρέχειν
3655 3627 3716 3678 τὸ
3761 3625 3999 3689 ἐντελὲς,

2429 3719 2565 3773 ἀλλὰ
2596 3720 2656 3772 τὸ
2687 3721 2853 3789 μηδὲν
2893 3719 3240 3787 καθυφεῖναι,
3268 3720 3392 3786 τόγε
3440 3719 3526 3771 ἐπ’
3559 3719 3718 3788 αὐτῇ,
3772 3718 3912 3787 πρὸς
3939 3718 4000 3769 τὸ

2436 3808 2510 3879 μὴ
2544 3808 2833 3862 συνάπτειν
2870 3811 2969 3880 μὲν
3006 3809 3094 3862 τὸν
3137 3809 3387 3879 μετιόντα
3434 3808 3637 3878 ταύτην
3669 3808 3749 3878 τῷ
3783 3808 3999 3877 ἀγαθῷ,

2431 3902 2664 3966 ἀπάγειν
2684 3902 2740 3954 δέ
2753 3902 2849 3970 τῆς
2873 3902 3132 3972 ἐργασίας
3151 3902 3244 3955 τοῦ
3264 3900 3520 3970 πονηροῦ.
3548 3900 3809 3968 Δεύτερον
3829 3901 3886 3952 δὲ
3906 3898 4002 3952 καὶ

2432 3992 2498 4044 δι’
2528 3991 2698 4060 αὐτῆς
2722 3993 2837 4044 ἐστι
2855 3993 2954 4061 τῆς
2977 3992 3301 4060 ἀποφάσεως
3331 3992 3481 4044 οὐδὲν
3502 3990 3718 4043 ἔλαττον
3745 3990 3999 4052 συνιδεῖν,

2435 4083 2469 4152 ἢ
2489 4082 2577 4136 διὰ
2603 4083 2711 4134 τῶν
2738 4082 3018 4154 προτέρων
3044 4083 3141 4145 τὰς
3160 4082 3388 4152 νομικὰς
3421 4081 3736 4151 τιμωμένας
3756 4079 4000 4142 ἐντολάς.

2436 4173 2508 4224 Τὸ
2536 4173 2644 4242 γάρ
2673 4173 2887 4235 ἐκείνας
2940 4172 3038 4241 μὲν
3085 4173 3174 4224 τὸν
3219 4173 3446 4241 Σωτῆρα
3487 4173 3563 4240 μὴ
3598 4169 3872 4234 ἐκϐαλεῖν,
3907 4170 4004 4221 ἐπὶ

2433 4262 2490 4313 δὲ
2535 4261 2758 4324 ταύταις
2782 4263 2875 4314 καὶ
2905 4263 3003 4324 τὰς
3057 4262 3190 4325 ίδίας
3219 4262 3538 4329 ἐπαγαγεῖν,
3586 4255 3704 4312 εἶτα
3729 4259 3822 4310 τὸν
3861 4258 4001 4327 (12⁸)

2433 4353 2636 4405 τέλειον
2689 4353 2756 4405 δι’
2796 4353 2997 4421 ἀμφοῖν
3034 4351 3436 4416 ἀποτελεῖσθαι,
3471 4350 3628 4419 δῆλον
3677 4351 3744 4402 ἂν
3788 4351 3897 4418 εῖη,
3929 4349 4006 4411 ὡς

778 4439 871 4474 δ¹¹³
909 4426 1242 4492 ⁵¹¹Ρθτ³ἀάίίο
1277 4437 1535 4494 Ρηείετθθ
1567 4444 1694 4482 vero
1732 4444 1828 4496 Per
1859 4437 2084 4496 υῑτείιυε
2153 4430 2333 4498 Perfe-
2360 4508 2400 4513 _
2437 4443 2718 4504 κάκείναις
2743 4445 2809 4513 τῇ
2844 4442 3112 4512 συνδρομῇ
3136 4458 3195 4494 τε
3248 4443 3342 4495 καὶ
3374 4439 3748 4494 συνοικειώσει
3797 4439 3910 4491 τῶν
3943 4441 4002 4491 ἐν

777 4521 921 4563 ctum
966 4515 1253 4580 quemdam
1301 4515 1414 4568 fieri
1447 4517 1784 4584 pronuntiat,
1822 4518 2168 4572 manifestum
2203 4535 2333 4575 sane
2360 4508 2449 4577 De

2327 4508 2413 4573 1D
2437 4536 2502 4601 τῇ
2537 4534 2718 4601 χάριτι
2888 4508 3219 4602 τελειύτίητος
3268 4530 3634 4600 ἀνακηρύττει
3673 4531 3999 4598 μετασχεῖν.

777 4612 860 4654 est
886 4642 899 4665 ,
945 4605 1085 4670 quod
1127 4620 1189 4658 ea
1228 4621 1444 4674 quoque
1489 4607 1602 4675 ipsa
1638 4609 1738 4662 hac
1781 4623 2007 4672 eorum,
2055 4625 2176 4678 qua:
2231 4611 2334 4666 sub

776 4695 946 4760 gratia
977 4704 1120 4754 sunt,
1149 4697 1484 4750 connexione
1505 4706 1560 4750 et
1582 4698 1967 4766 conjunctione
1987 4699 2335 4767 perfectionis

778 4782 1047 4835 consortia
1079 4797 1200 4836 esse
1244 4785 1579 4850 pronuntiat.
1627 4786 1812 4855 Neque
1845 4788 1990 4840 enim
2020 4788 2333 4857 quisquam,

778 4872 870 4939 qui
895 4872 1116 4926 rationis
1152 4890 1306 4927 usum
1339 4876 1604 4945 integrum
1637 4877 1838 4943 habet,
1881 4878 2158 4931 aliirmarit
2183 4921 2197 4945 ,
2244 4895 2337 4934 eas

780 4959 947 5027 leges,
976 4977 1108 5028 quas
1131 4964 1243 5031 ipsa
1276 4965 1474 5018 veritas
1504 4966 1670 5018 bonas
1695 4982 1836 5030 esse,
1862 4977 1915 5019 et
1936 4967 2002 5020 ad
2026 4968 2200 5036 ipsum
2227 4983 2339 5022 cce-

782 5052 954 5105 lorum
984 5069 1204 5123 regnum
1229 5056 1429 5110 ducere
1477 5059 1691 5122 asserit,
1729 5058 1937 5112 etiamsi
1969 5073 2030 5111 ea
2058 5074 2178 5127 quae
2215 5075 2340 5128 gra-

784 5142 869 5196 tiae
892 5154 1037 5210 sunt,
1067 5146 1226 5200 simul
1253 5148 1431 5202 adsint
1452 5189 1466 5214 ,
1515 5148 1650 5203 nihil
1683 5149 1748 5203 ad
1783 5149 2178 5219 perfectionem
2216 5165 2342 5204 con-

783 5233 942 5288 ferre.

857 5350 898 5382 ¹⁶
924 5350 1110 5405 Matth.
1146 5371 1255 5418 xu,
1290 5355 1474 5411 lii-20.

2441 4624 2513 4676 Οὐ
2549 4624 2656 4694 γὰρ
2684 4625 2749 4678 ἄν
2767 4642 2848 4686 τις
2881 4623 3068 4688 σώζων
3094 4623 3228 4685 ὅλως
3256 4621 3348 4675 τοῦ
3384 4611 3644 4691 λογισμοῦ
3672 4621 3733 4673 τὸ
3761 4621 4004 4688 ἀξίωμα,

2439 4712 2505 4776 ἃς
2532 4713 2738 4780 άγαοάς
2763 4731 2821 4766 τε
2854 4715 3068 4766 ἀνεῖπεν
3092 4713 3200 4782 (l3)
3235 4715 3268 4783 ἡ
3302 4711 3526 4781 ἀλήθεια
3556 4712 3647 4763 καὶ
3671 4711 3809 4780 πρὸς
3834 4710 4008 4779 αὐτὴν

2441 4803 2539 4872 τὴν
2600 4803 2876 4872 βασιλείαν
2926 4803 3034 4856 τῶν
3079 4801 3324 4873 οὐρανῶν
3367 4803 3739 4872 χειραγωγοὺς
3795 4800 4008 4862 πάντας

2437 4892 2844 4961 ἀποψηφιεῖται,
2880 4895 2928 4945 εί
2977 4893 3071 4945 καὶ
3134 4892 3488 4962 προσέχουσιν
3522 4892 3578 4943 at
3625 4891 3724 4960 τῆς
3759 4889 4007 4962 χάριτος,

2444 4979 2609 5048 μηδὲν
2643 4981 2776 5050 πρὸς
2801 4981 2900 5051 τὴν
2933 4980 3244 5051 τελειότητα
3287 4979 3578 5034 συντελεῖν.

1892 5541 2122 5599 νΑΒΙᾹΞ
2161 5537 2533 5596 LECTIONES
2564 5537 2653 5592 ET
2686 5534 2914 5590 ΝΟΤΑΞ.

859 5655 998 5730 (12])
1037 5655 1150 5708 Τὸν
1170 5655 1433 5730 τέλειον.
1495 5655 1745 5714 Fortasse
1795 5659 2112 5730 praestiterit
2165 5659 2342 5730 legere

790 5727 850 5798 τὺ
885 5724 1107 5798 τέλειον,
1139 5726 1280 5781 sicut
1312 5728 1471 5798 paulo
1497 5737 1622 5785 ante
1651 5724 1838 5786 noster
1879 5730 2094 5789 dixerat
2142 5724 2340 5782 τὺ“τέ-

792 5795 845 5847 λε
857 5813 930 5849 ιον
953 5795 1219 5865 προξενεῖ.

2521 5653 2654 5717 (13)
2724 5651 3015 5722 [Ανεῖπεν.
3079 5651 3354 5722 Scriptum
3412 5652 3646 5722 primum
3699 5651 3752 5706 in
3825 5652 4020 5708 codice

2449 5730 2567 5776 erat
2601 5716 2666 5773 ἂν
2697 5716 2868 5783 εἶπεν,
2925 5722 3068 5790 quod
3121 5716 3309 5778 eadem
3345 5716 3538 5779 manus
3564 5731 3710 5780 recte
3762 5738 4022 5778 correxe—

2451 5801 2532 5847 rat
2561 5807 2656 5861 per
2685 5791 2924 5845 ἀνεῖπεν.
