4234 6432
263 389 364 454 221

1284 390 1577 451 CONTRA
1615 391 2067 455 MANICH/EOS
2097 395 2323 457 LIBER
2360 396 2457 458 IV.

3383 398 3487 462 222

338 504 438 557 16‘.
483 502 638 572 Ἐμοὶ
704 501 802 570 μὲν
833 492 925 554 οὗν
961 497 1132 552 ταῦτα
1185 500 1536 571 λογιζομένῳ,
1577 503 1669 555 καὶ
1706 504 1827 556 ὅσον
1854 506 1905 563 Α
1998 505 2010 559 ἶ

1814 521 1827 554 ρ
1854 506 1905 563 Α
1998 505 2139 559 XIX.
2171 506 2298 560 Mihi
2330 522 2460 561 vero
2491 506 2604 561 haec
2633 506 2705 561 ita
2728 507 3151 575 argumentanti,
3198 518 3274 573 et,
3316 525 3486 579 quan-

269 596 455 663 ῖσχυσε
485 593 623 644 κατά
649 589 740 643 τοῦ
771 590 957 655 γένους
988 589 1016 640 6
1044 588 1255 657 ἐχθρὸς,
1308 590 1386 651 είς
1413 591 1530 643 οἵαν
1569 606 1627 642 τε
1684 608 1818 642 κατ-

266 685 469 754 ηνέχθη
501 683 706 735 πτῶσιν
730 684 758 733 6
782 680 1084 749 ἄνθρωπος,
1102 680 1195 733 καὶ
1223 680 1357 750 πρὸς
1382 682 1511 751 ὅσην
1532 681 1821 751 ἀλλοτρίω-

268 792 353 827 σιν
407 777 440 845 η
481 775 641 841 φύσις
667 772 943 842 ἀπηνέχθη
972 770 1066 824 τοῦ
1119 770 1447 833 πλάσαντος.
1494 771 1827 841 ἀνθελομένη

264 867 361 919 τοῦ
392 866 627 919 κτίστου
659 865 751 917 τὸν
798 864 1054 933 πολέμιον
1094 861 1494 931 ἐπιγράφεσθαι
1530 863 1825 929 δεσπότην·

266 956 667 1025 ἀναστρέφεται
705 955 803 1025 μιν
841 955 908 1006 τά
948 954 1122 1019 ἐντὸς,
1168 954 1509 1024 ταράσσεται
1539 955 1651 1023 (14)
1674 954 1730 1007 δέ
1762 954 1831 1007 τά

268 1048 578 1117 σπλάγχνα,
612 1048 704 1098 καὶ
740 1046 1038 1117 προπίπτει
1090 1046 1324 1116 δάκρυα,
1382 1046 1632 1108 καὶτοὺς
1676 1043 1829 1112 ἐλέγ-

268 1156 398 1209 χους
428 1139 481 1190 οί
528 1138 713 1209 θρῆνοι
746 1137 1135 1208 παρέρχονται.
1194 1136 1356 1190 Ἀλλά
1386 1136 1469 1199 τίς
1524 1136 1589 1189 ἂν
1636 1135 1831 1207 θρῆνος

272 1230 559 1299 ἐξαρκέσει
599 1230 678 1299 τῷ
729 1229 926 1293 πάθας
992 1226 1158 1298 Οἶμαι
1208 1229 1316 1299 γὰρ
1388 1229 1484 1281 καὶ
1543 1228 1701 1283 αὑτὸν
1742 1228 1832 1280 τὸν

282 1321 575 1390 Ἱερεμίαν,
600 1320 850 1390 θρήνους,
878 1321 929 1372 εί
948 1338 1030 1382 τις
1059 1320 1235 1383 ἄλλος,
1264 1320 1440 1373 είδότα
1466 1320 1834 1389 συμπαρατεί-

270 1429 383 1464 νειν
411 1412 839 1481 παραπτώμασι,
873 1411 934 1463 τὸ
964 1411 1183 1464 ἔλαττον
1200 1411 1434 1464 ἐνταῦθα
1458 1412 1711 1472 λαϐόντα,
1739 1410 1833 1463 καὶ

268 1504 367 1573 τὴν
390 1502 730 1571 συμπάθειαν
750 1501 800 1553 ὃ)
813 1520 877 1571 ην
902 1501 1216 1555 κενώσαντα
1240 1501 1513 1555 ἀπελθεῖν.
1566 1502 1832 1571 Τηλικοῦ-

268 1610 361 1645 τον
396 1592 686 1662 πρόκειται
740 1594 965 1662 πτῶμα,
1016 1594 1111 1646 καὶ
1153 1593 1449 1664 τηλικαύτη
1494 1594 1726 1663 κατέσχε
1776 1594 1836 1646 τὸ

268 1684 612 1753 ἀνθρώπινον
636 1684 840 1754 πληγή.
878 1685 1018 1753 Ὅρα
1051 1684 1179 1751 γὰρ,
1214 1684 1385 1753 οίμοι,
1436 1683 1528 1735 νῦν
1562 1685 1659 1752 μὲν
1688 1686 1835 1746 ὅπως

273 1775 604 1842 συνηγόρους
633 1774 858 1836 ἐαυτοὺς
891 1774 1325 1843 προχειρίζονται
1368 1773 1462 1826 τοῦ
1488 1774 1705 1843 ἐχθροῦ,
1738 1774 1835 1826 νῦν

270 1864 326 1916 δὲ
350 1866 412 1916 οὺ
443 1865 771 1935 συνηγόρους
806 1866 966 1933 μόνον
995 1865 1129 1918 ἀλλὰ
1175 1866 1269 1918 καὶ
1320 1868 1385 1936 τῇ
1420 1866 1587 1936 κακίᾳ
1663 1868 1829 1937 ὑπερ·
1862 1848 1908 1905 Β

273 1956 501 2023 ἔχοντας
548 1956 642 2007 καὶ
679 1956 1213 2026 παρευδοκιμῶντας
1251 1956 1341 2008 τὸν
1389 1957 1696 2027 ἀρχέκακον
1740 1960 1835 2011 καὶ

273 2046 586 2115 {incompta
629 2048 739 2108 τοῖς
776 2046 1054 2109 τοιούτοις.
1108 2049 1214 2100 Καὶ
1256 2048 1683 2117 παρελαύνοντες
1724 2051 1835 2112 τοῖς

272 2136 595 2197 ἀτόποιςτδν
614 2136 931 2206 εἰσηγητὴν,
954 2137 1206 2208 αῖσθησιν
1225 2139 1326 2191 ούκ
1359 2138 1600 2191 ἐθέλουσι
1630 2139 1832 2194 λαϐεῖν.

272 2226 382 2279 Τοῦ
417 2227 523 2295 γὰρ
556 2227 804 2296 Σωτῆρος
835 2228 991 2296 ἡμῶν
1022 2228 1123 2298 ήδη
1156 2228 1256 2299 τὴν
1283 2229 1448 2283 αὑτοῦ
1469 2229 1696 2301 θεότητα
1738 2233 1831 2282 καὶ

275 2320 431 2386 ίσχὺν
456 2318 906 2385 παραδεικνύντος
930 2322 1041 2381 τοῖς
1073 2319 1365 2390 θαύμασιν,
1390 2322 1511 2374 ἐπεὶ
1532 2323 1640 2373 τῶν
1662 2320 1835 2373 ἄλλων

272 2409 600 2477 νοσημάτων
641 2408 995 2461 ἀπαλλάττων
1028 2410 1087 2461 τὸ
1126 2412 1321 2463 οίκεῖον
1349 2410 1591 2480 πλάσμα,
1619 2411 1737 2463 οὐδὲ
1777 2411 1837 2462 τὸ

271 2498 383 2550 τῶν
437 2497 705 2566 δαιμόνων
764 2498 947 2566 στῖφος
988 2498 1073 2550 εία
1129 2498 1446 2568 διενοχλεῖν,
1496 2498 1632 2552 ἀλλά
1694 2499 1833 2568 μετά

276 2588 483 2658 πολλῆς
517 2590 617 2654 τῆς
654 2589 940 2651 αύθεντίας
986 2589 1315 2658 ἀπήλαυνεν,
1367 2591 1465 2643 οὐκ
1517 2590 1834 2659 ἐτόλμησεν,

275 2682 415 2750 ὅπερ
449 2680 731 2748 πρότερον,
757 2680 1216 2743 ἀλαζονεύσασθαι
1245 2682 1273 2733 6
1301 2680 1510 2749 ἐχθρὸς,
1536 2681 1629 2732 καὶ
1646 2680 1835 2733 ἐαυτοῦ

276 2768 441 2833 εἶναι,
483 2770 543 2833 ἐξ
593 2764 654 2823 οὗ
704 2770 979 2835 ἐδιώκετο,
1033 2774 1324 2825 ἀντειπεῖν.
1367 2771 1507 2824 Ἀλλ’
1563 2774 1677 2841 ἅμα
1709 2790 1767 2825 τε
1810 2775 1838 2826 6

278 2864 524 2932 Κτίστης
566 2863 925 2933 εύσπλάγχνῳ
994 2864 1071 2932 τῷ
1139 2864 1395 2933 κτίσματι
1472 2864 1846 2935 προσέϐλεψεν

277 2953 511 3021 ὄμματι,
551 2955 643 3004 καὶ
683 2952 938 3019 ὁλεγεὼν
987 2952 1337 3022 ἐδραπέτευε,
1367 2955 1460 3006 καὶ
1508 2955 1607 3008 ούκ
1650 2955 1707 3019 ἐξ
1754 2948 1836 3007 ὧν

277 3042 475 3109 φεύγει
503 3043 662 3112 μόνον
716 3042 809 3096 τοῦ
861 3044 1141 3113 ἀλλοτρίου
1179 3044 1488 3109 διώκεσθαι,
1531 3050 1628 3100 καὶ
1690 3048 1838 3101 ἄκων

278 3138 937 3207 ἐργοιςέπιμαρτύρεται,
994 3139 1107 3191 ἀλλ’
1155 3141 1235 3191 ὃτι
1293 3141 1429 3210 μηδὲ
1479 3142 1588 3194 τῶν
1640 3143 1840 3212 χοίρων

277 3230 443 3296 φύσις
482 3229 585 3281 ὑπὸ
615 3229 711 3298 τὴν
741 3232 982 3298 πονηράν
1006 3230 1122 3282 ἐστι
1153 3232 1348 3284 πλάσιν
1376 3234 1470 3285 καὶ
1498 3234 1672 3303 ἀρχὴν
1701 3235 1839 3305 λαμ-

278 3320 547 3389 πρότερον
575 3321 913 3387 ἀνομολογεῖ.
949 3320 1170 3373 Αίτοῦσι
1201 3323 1307 3389 γὰρ
1338 3323 1388 3373 οί
1427 3323 1524 3391 τῆς
1574 3324 1840 3393 πονηρίας

276 3412 373 3465 τδν
406 3412 582 3464 κοινὸν
613 3412 851 3481 κτίστην
901 3410 997 3464 καὶ
1056 3413 1395 3483 Δημιουργὸν
1446 3414 1628 3467 ἄδειαν
1658 3416 1837 3477 αὐτοῖς

278 3503 606 3569 παρασχεῖν,
658 3501 761 3553 κᾶν
794 3499 925 3568 γοῦν
985 3503 1043 3552 ἐν
1096 3504 1324 3564 ἐκείνοις
1355 3504 1635 3557 εἰσελθεῖν.
1683 3506 1743 3555 Ὀ
1782 3505 1838 3555 δὲ

277 3590 389 3659 ἄρα
419 3590 595 3642 πάντα
627 3590 685 3642 ἐν
721 3590 883 3659 σοφίᾳ
910 3589 1101 3650 ποιῶν,
1142 3591 1241 3642 ούκ
1271 3590 1518 3654 ἐκείνοις,
1549 3592 1623 3653 ὼς
1674 3591 1837 3656 ἔοικε,

279 3681 656 3751 χαριζόμενος,
684 3681 798 3733 ἀλλ’
838 3682 905 3751 ην
951 3681 1086 3733 κατά
1129 3680 1237 3733 τῶν
1285 3682 1585 3752 ἀνθρώπων
1642 3683 1841 3753 ἔχθραν

279 3773 465 3841 ἔχουσι
528 3774 622 3826 καὶ
677 3773 988 3842 μιαιφονίαν
1060 3773 1397 3837 ἐνδείξασθαι
1472 3775 1839 3844 παραχωρῶν,

278 3864 417 3918 ἀλλά
455 3865 561 3933 μὴν
593 3865 687 3917 καὶ
719 3864 819 3933 τῆς
860 3865 1060 3917 ἀτόπου
1122 3866 1329 3934 ταύτης
1372 3865 1551 3928 νόσου,
1581 3863 1690 3917 οἷόν
1720 3884 1841 3919 τινα

280 3954 580 4024 θεραπείαν
660 3955 1308 4023 προκατασκευαζόμενος
1379 3956 1478 4024 τήν
1510 3972 1568 4007 τε
1626 3954 1841 4025 αἴτησιν

279 4046 465 4099 αὐτῶν
490 4045 667 4115 ἀφῆκε
705 4045 1005 4115 προελθεῖν,
1042 4047 1135 4097 καὶ
1175 4046 1270 4116 τὴν
1302 4046 1479 4098 αὐτῶν
1530 4045 1704 4115 ὁρμὴν
1744 4048 1841 4099 καὶ

283 4135 519 4203 γνώμην
568 4136 646 4197 είς
690 4135 954 4204 θρίαμϐον
1010 4136 1265 4200 ἐξελθεῖν.
1303 4138 1465 4206 Ὁρᾷς
1503 4138 1618 4199 πῶς
1663 4140 1691 4190 6
1735 4138 1842 4190 τῶν

276 4222 547 4291 δαιμόνων
583 4222 783 4290 λεγεὼν
810 4224 868 4276 οὐ
897 4224 1079 4292 λόγοις
1120 4226 1234 4279 ἀλλ’
1268 4225 1483 4296 ἀνάγκῃ
1519 4226 1840 4297 πιεζόμενος

277 4313 404 4374 τοὺς
438 4312 651 4381 χοίρους
686 4312 1004 4379 ἀνομολογεῖ
1032 4312 1169 4382 ἔργα
1203 4308 1340 4365 εἶναι
1370 4313 1461 4366 τοῦ
1500 4316 1556 4366 ἐν
1589 4318 1654 4384 τῇ
1678 4318 1841 4385 σαρκὶ

278 4404 657 4471 κρυπτομένου
679 4403 935 4472 ἀληθινοῦ
959 4404 1131 4469 Θεοῦ;
1175 4401 1309 4456 Εἶτα
1363 4407 1390 4455 6
1420 4405 1612 4474 ἐχθρὸς
1646 4407 1839 4476 πρότε-

1930 603 2039 649 tum
2074 597 2244 651 hostis
2271 608 2458 652 contra
2492 598 2737 653 homines
2770 599 3021 663 valuerit,
3048 599 3100 653 in
3120 611 3485 671 quantamque

1928 685 2216 753 perniciem
2248 688 2555 755 praecipites
2593 686 2668 739 illi
2703 689 2805 740 acti
2833 690 2966 754 sint,
2992 705 3154 758 quam
3182 691 3309 743 item
3360 709 3485 759 pro-

1928 777 2012 829 cul
2047 785 2239 830 natura
2274 794 2302 831 a
2334 778 2623 832 Conditore
2652 793 2841 831 aversa
2875 780 2964 843 sit,
2992 790 3273 849 postquam
3300 784 3483 835 adver-

1928 866 2129 919 sarium
2174 867 2291 921 loco
2342 866 2651 921 Conditoris
2698 877 2756 921 ut
2783 868 3062 922 dominum
3104 886 3262 924 suum
3307 874 3479 940 (διυιςίι,

1929 959 2241 1025 exponenti,
2283 959 2537 1012 interiora
2574 960 2953 1023 invertuntur,
2985 962 3307 1031 visceraque
3335 979 3485 1017 com~

1929 1059 2232 1113 moventur,
2270 1051 2517 1119 lacrymaa
2558 1067 2621 1105 ex
2662 1052 2835 1106 oculis
2867 1053 3104 1118 cadunt,
3146 1065 3199 1109 et
3253 1056 3487 1124 querelze

1931 1148 2241 1210 argumenta
2284 1152 2560 1210 superant.
2596 1142 2701 1196 Sed
2745 1160 2866 1212 quae
2907 1144 3121 1198 tandem
3173 1147 3488 1201 lamentatio

1932 1232 2182 1287 allectum
2236 1235 2369 1288 satis
2414 1236 2721 1303 exprimat?
2754 1236 2933 1306 Ipsum
2978 1238 3122 1291 enim
3158 1237 3444 1293 Jercmiam
3473 1281 3486 1303 ,

1931 1323 2021 1390 qui
2042 1332 2207 1385 certe,
2242 1324 2284 1376 si
2308 1323 2427 1392 quis
2457 1325 2615 1388 alius,
2657 1327 2877 1379 threnos
2907 1327 3118 1381 delictis
3160 1345 3316 1398 pares
3356 1346 3487 1383 eon-

1934 1413 2153 1467 cinnare
2186 1414 2367 1479 valuit,
2396 1415 2481 1470 hic
2517 1415 2829 1470 inferiorem
2858 1417 2994 1480 fore,
3026 1428 3080 1471 et
3101 1420 3248 1471 omni
3275 1421 3491 1473 commi-

1934 1502 2203 1556 seratione
2235 1503 2450 1570 profusa
2492 1506 2770 1574 negotium
2818 1507 3131 1561 relicturum
3163 1524 3282 1562 esse
3312 1511 3487 1563 credi-

1935 1591 2125 1644 derim.
2159 1591 2290 1644 Tam
2318 1592 2495 1661 gravis
2525 1594 2595 1646 ob
2630 1595 2815 1648 oculos
2843 1597 2997 1650 nobis
3018 1608 3266 1650 versatur
3288 1599 3488 1665 lapsus.

1934 1689 1988 1733 et
2033 1690 2240 1734 tantum
2281 1697 2451 1751 genus
2494 1683 2788 1737 humanum
2840 1686 3035 1739 vulnus
3096 1688 3321 1756 accepit.
3362 1686 3490 1741 Vide

1936 1772 2077 1825 enim
2109 1774 2378 1840 quomodo
2413 1790 2554 1829 nunc
2581 1776 2819 1843 quidem,
2853 1778 2987 1845 proh
3020 1778 3171 1831 dolor
3198 1782 3209 1831 l
3243 1795 3299 1833 se
3326 1780 3493 1832 ImSIiS

1936 1863 2280 1917 administros
2331 1864 2557 1929 sistant,
2607 1883 2752 1919 nunc
2785 1883 2911 1921 vero
2974 1886 3080 1922 non
3143 1871 3491 1924 administros

1936 1951 2116 2012 modo,
2141 1951 2233 2003 sed
2261 1959 2315 2003 et
2347 1961 2403 2004 ut
2440 1952 2573 2005 tales
2600 1992 2612 2016 ,
2654 1956 2743 2023 qui
2788 1957 2988 2008 malitia
3021 1973 3082 2009 ac
3116 1958 3268 2011 lactis
3302 1960 3491 2025 hujus-

1937 2041 2078 2095 modi
2098 2042 2271 2111 ipsum
2299 2045 2367 2097 ab
2388 2044 2595 2114 origine
2629 2046 2829 2112 malum
2871 2058 2923 2100 et
2958 2048 3082 2100 mali
3130 2058 3363 2100 satorem
3402 2065 3493 2100 su-

1937 2146 2127 2204 perant
2155 2150 2216 2189 ac
2242 2136 2490 2196 vincunt,
2525 2147 2579 2190 et
2608 2152 2675 2191 ne
2708 2138 2785 2192 sic
2814 2139 3030 2205 quidem
3056 2139 3298 2206 quamvis
3328 2140 3493 2208 magi-

1940 2235 2111 2280 strum
2154 2227 2440 2281 insolentia
2481 2244 2576 2283 sua
2622 2231 3121 2299 praetervehantur,
3157 2229 3280 2282 mali
3332 2246 3494 2283 sensu

1940 2319 2266 2373 alliciuntur.
2290 2319 2423 2374 Cum
2464 2321 2606 2374 enim
2651 2322 2903 2375 Servator
2940 2331 3121 2375 noster
3162 2321 3494 2373 divinitatem

1939 2426 2089 2464 suam
2116 2421 2167 2464 et
2198 2413 2491 2479 potentiam
2525 2413 2800 2466 miraculis
2830 2413 2938 2481 jam
2974 2412 3320 2473 declarasset,
3354 2412 3495 2463 idem

1939 2516 2047 2554 non
2082 2502 2254 2555 solum
2287 2502 2403 2556 aliis
2441 2503 2645 2556 morbis
2674 2512 2977 2557 creaturam
3011 2518 3161 2556 suam
3210 2502 3494 2562 liberavit,

1941 2591 2033 2644 sed
2070 2606 2170 2644 nec
2200 2592 2475 2656 permisit,
2524 2601 2581 2644 ut
2626 2593 2813 2645 eadem
2860 2607 2887 2645 a
2935 2592 3239 2645 daemonum
3282 2600 3495 2643 caterva

1944 2682 2271 2745 turbaretur,
2301 2692 2463 2750 atque
2502 2682 2637 2736 adeo
2666 2697 2787 2735 cum
2822 2682 3143 2735 auctoritate
3176 2681 3343 2733 multa
3378 2695 3497 2732 eam

1944 2772 2294 2840 propulsavil,
2327 2787 2434 2825 non
2466 2787 2596 2825 sane
2628 2782 2775 2838 tunc,
2810 2781 2864 2825 ut
2886 2782 3062 2834 antea,
3098 2787 3260 2826 ausus
3290 2781 3375 2825 est
3405 2786 3497 2823 su-

1943 2864 2155 2932 perbire
2185 2864 2377 2926 hostis,
2403 2878 2671 2932 suumque
2716 2864 2787 2927 id,
2826 2879 2933 2931 quo
2966 2865 3346 2933 impetebatur,
3379 2876 3500 2915 esse

1944 2954 2095 3007 dixit.
2127 2954 2230 3007 Sed
2260 2954 2419 3008 simul
2457 2970 2518 3008 ac
2558 2956 2783 3009 Creator
2812 2964 3115 3008 creaturam
3160 2970 3311 3007 suam
3342 2954 3499 3007 oculo

1944 3047 2236 3099 miserante
2260 3046 2488 3115 aspexit.
2534 3046 2670 3115 legio
2703 3048 3005 3101 dmmonum
3033 3045 3241 3115 aufugit
3265 3046 3355 3105 η’,
3402 3060 3500 3097 ne-

1944 3151 2048 3203 que
2073 3136 2244 3188 solum
2276 3151 2339 3189 eo
2375 3137 2513 3203 ipso,
2541 3136 2683 3203 quod
2716 3135 2869 3206 fugit,
2911 3137 2977 3189 ab
3017 3137 3196 3188 alieno
3211 3150 3268 3187 se
3300 3134 3408 3203 peti
3441 3149 3499 3187 re

1943 3225 2074 3293 ipsa,
2109 3224 2268 3278 etiam
2300 3225 2524 3289 invitus,
2556 3235 2803 3288 testatur,
2833 3227 2926 3280 sed
2958 3236 3033 3291 et,
3064 3226 3205 3294 quod
3238 3242 3337 3279 nec
3366 3241 3494 3295 por-

1941 3331 2126 3369 corum
2156 3326 2346 3370 natura
2387 3318 2529 3369 malo
2553 3318 2821 3371 conditori
2864 3327 2918 3371 et
2950 3318 3220 3387 principio
3256 3319 3496 3386 subjecta

1940 3407 2027 3467 sit,
2066 3406 2363 3459 clarissime
2390 3406 2695 3474 profitetur.
2726 3406 2847 3460 Mali
2878 3408 3022 3461 enim
3050 3409 3135 3461 isti
3164 3424 3191 3460 ε
3222 3407 3497 3462 communi

1941 3494 2233 3547 Conditore
2262 3504 2317 3547 et
2341 3494 2597 3549 Creatore
2635 3508 2897 3565 expetunt
2924 3499 3024 3551 sibi
3060 3499 3368 3552 facultatem
3414 3500 3499 3552 vel

1942 3584 1993 3637 in
2026 3600 2220 3653 porcos
2244 3585 2601 3656 ingrediendi.
2630 3587 2730 3651 Qui
2763 3603 2889 3642 vero
2923 3592 3103 3641 omnia
3131 3588 3401 3657 sapienter
3422 3587 3503 3641 ia-

1941 3675 2133 3739 ciebat,
2171 3684 2317 3730 certe
2340 3692 2445 3730 non
2481 3677 2604 3740 illis,
2635 3686 2690 3731 ut
2714 3678 2946 3740 videtur,
2972 3679 3387 3747 gratiﬁcaturus,
3406 3680 3500 3733 sed

1941 3766 2119 3833 potius
2139 3776 2478 3829 ostensurus,
2511 3782 2670 3835 quam
2696 3768 2954 3821 adversus
2989 3770 3237 3823 homines
3264 3769 3498 3822 inimici-

1941 3856 2067 3909 tiam
2092 3855 2330 3922 foveant,
2360 3857 2679 3925 eademque
2717 3860 2941 3927 spirent,
2968 3860 3074 3912 imo
3102 3875 3230 3913 vero
3257 3871 3309 3913 et
3337 3861 3501 3914 medi-

1940 3947 2117 4001 cinam
2146 3947 2434 4015 quamdam
2471 3956 2661 4001 contra
2694 3948 3017 4004 insolentem
3066 3952 3209 4005 hunc
3253 3954 3497 4006 morbum

1940 4047 2247 4106 paraturus,
2278 4038 2596 4107 petitionem
2624 4053 2812 4092 eorum
2850 4043 2996 4094 omni
3023 4059 3086 4094 ex
3130 4053 3281 4111 parte
3326 4054 3499 4098 ratam

1940 4140 2081 4188 esse,
2118 4141 2414 4193 eorumque
2461 4126 2724 4197 impetum
2767 4139 2821 4181 et
2862 4130 3194 4184 voluntatem
3242 4132 3499 4201 triumphi

1940 4216 2057 4270 loco
2078 4216 2343 4271 inservire
2363 4217 2606 4286 iubebat.
2638 4219 2891 4286 Videsne,
2921 4223 3193 4290 quomodo
3226 4223 3363 4292 legio
3394 4225 3500 4277 da:-

1941 4323 2161 4362 monum
2206 4322 2314 4361 non
2352 4309 2533 4364 verbis
2567 4310 2661 4364 sed
2698 4311 2856 4366 lactis
2881 4351 2894 4371 .
2943 4328 3118 4381 neque
3155 4322 3347 4382 sponte
3380 4330 3497 4377 sua,

1941 4396 2035 4449 sed
2076 4398 2401 4450 necessitate
2436 4407 2642 4463 coacta,
2683 4399 3035 4467 profiteatur,
3080 4416 3269 4468 porcos
3334 4418 3497 4471 opera

280 4512 375 4563 ρον
408 4494 872 4564 καταψευδόμενος
912 4497 1005 4548 καὶ
1034 4495 1223 4563 λέγων·
1264 4497 1454 4550 Ταῦτα
1487 4496 1680 4550 πάντα
1727 4498 1838 4567 ἐμά
1864 4501 1952 4559 Β(

1822 4498 1915 4559 ίῙ)
1941 4501 2057 4541 esse
2086 4488 2196 4540 veri
2233 4487 2348 4551 Dei,
2383 4489 2484 4543 sub
2522 4505 2683 4543 carne
2714 4491 3016 4545 occultati?
3050 4490 3249 4545 Deinde
3290 4492 3494 4556 hostis,

274 4585 431 4646 ἐστι,
462 4584 557 4636 καὶ
587 4584 694 4636 ἐὰν
746 4585 949 4637 πεσὼν
990 4585 1432 4653 προσκυνήσῃς
1486 4604 1605 4655 μοι,
1665 4587 1835 4642 δώσω

275 4689 379 4727 σοι
413 4674 593 4726 αὐτὰ·
654 4667 804 4736 οὗτος
835 4675 953 4727 τότε
989 4674 1196 4742 ἀγνοῶν
1229 4675 1347 4743 μέν,
1387 4677 1468 4729 ὅτι
1513 4677 1645 4740 Θεὸς
1673 4673 1761 4748 ἦν,
1794 4671 1837 4743 ᾧ

274 4767 380 4835 τὴν
421 4767 613 4834 πεῖραν
646 4768 911 4836 προσῆγε,
956 4766 1515 4837 καταλαζονευὸμενος
1548 4770 1623 4833 δὲ,
1664 4770 1738 4832 ὡς
1771 4770 1837 4823 τὰ

274 4856 503 4923 ἐπίγειά
528 4858 676 4909 ἐστιν
705 4856 891 4920 αὐτοῦ,
923 4856 1023 4924 τῆς
1066 4856 1253 4926 θεῖκῆς
1280 4858 1378 4926 ήδη
1413 4858 1568 4926 δόξης
1614 4860 1701 4911 διὰ
1730 4859 1837 4911 τῶν

276 4947 575 5017 θαυμάτων
628 4946 1145 5015 ἀπαστραπτούσης,
1182 4947 1349 4999 ἐδεισέ
1429 4966 1485 5000 τε
1519 4951 1546 5001 6
1592 4950 1833 5018 ἀναιδὴς,

274 5040 372 5091 καὶ
413 5038 512 5107 τῆς
534 5037 851 5100 ἀλαζονείας
882 5037 1118 5105 ἀπέστη·
1148 5039 1239 5089 καὶ⁹
1270 5039 1523 5107 ὁμολογεῖ
1552 5040 1618 5092 δι’
1662 5042 1837 5110 ἔργων

274 5128 416 5197 μηδὲ
440 5128 537 5196 τὴν
564 5127 656 5179 ἐπὶ
682 5129 793 5189 τοῖς
831 5128 1029 5197 χοίροις
1064 5127 1207 5197 ἔχειν
1242 5129 1513 5195 ἐξουσίαν,
1559 5131 1633 5201 μὴ
1661 5133 1740 5184 ὅτι
1773 5149 1836 5199 γε

272 5216 494 5269 πλάσιν.

348 5388 427 5419 ιο*
458 5386 620 5445 Marc.
650 5401 706 5453 v,
731 5385 785 5443 9.
864 5387 906 5418 “
931 5385 1143 5444 Matth.‘
1183 5407 1254 5456 γι,
1276 5392 1328 5446 9.

1933 4577 2025 4647 qui
2055 4578 2289 4645 primum
2325 4580 2581 4633 mentitus
2611 4590 2726 4633 erat
2756 4581 2943 4635 dicens
2969 4598 2981 4633 :
3026 4581 3147 4635 ch
3176 4582 3352 4634 omnia
3387 4598 3501 4634 mea

1934 4680 2074 4735 sunt,
2106 4678 2173 4732 et,
2195 4670 2241 4722 si
2264 4672 2533 4739 procidens
2557 4672 2859 4724 adoraveris
2888 4689 2986 4736 me,
3038 4689 3099 4725 ea
3144 4674 3235 4724 tibi
3265 4674 3399 4725 dabo
3422 4673 3498 4737 “;

1935 4761 2001 4822 is,
2036 4760 2275 4829 inquam,
2304 4762 2522 4828 quidem
2559 4762 2811 4831 ignorans
2834 4800 2849 4824 ,
2888 4762 3057 4816 Deum
3092 4778 3208 4817 esse
3238 4780 3396 4827 eum,
3444 4764 3500 4816 in

1934 4868 2093 4922 quem
2126 4852 2478 4906 tentationem
2515 4854 2815 4917 moliretur,
2846 4864 3009 4923 atque
3041 4855 3176 4907 adeo
3219 4856 3498 4909 terrestria

1936 4960 2030 4996 sua
2058 4958 2177 4996 esse
2204 4942 2481 5011 gloriatus,
2515 4960 2689 5005 nunc.
2739 4945 2954 5015 quando
2984 4946 3165 4999 divina
3202 4948 3365 5017 gloria
3403 4962 3500 5015 per

1935 5033 2192 5088 miracula
2225 5033 2501 5095 eluxisset,
2537 5035 2717 5089 timuit
2747 5036 2847 5089 sibi
2878 5036 3164 5105 impudens
3184 5076 3197 5097 .
3233 5044 3287 5089 et
3317 5035 3384 5089 ab
3412 5051 3498 5088 ar-

1935 5126 2177 5195 rogantia
2202 5126 2497 5179 abstinuit:
2529 5138 2691 5195 atque
2727 5126 2802 5181 sic
2834 5143 2998 5197 opere
3024 5128 3138 5197 ipso
3172 5128 3404 5189 fatetur,
3439 5140 3499 5180 se

1933 5230 2035 5269 nec
2064 5223 2385 5283 potestatem
2428 5216 2649 5287 quidem
2688 5218 2742 5271 in
2787 5232 2981 5287 porcos
3018 5219 3250 5287 habere,
3298 5216 3498 5272 nedum

1936 5320 2029 5359 COS
2055 5322 2289 5361 creasse.

1384 5582 1616 5638 VARIA‘I
1666 5584 2044 5641 LECTIONES
2074 5587 2159 5641 ET
2200 5587 2424 5643 ΝΟΤᾹΞ.

346 5753 461 5822 (Η)
519 5756 902 5824 Ίϊιράσσεται.
963 5756 1040 5811 Ita
1083 5758 1270 5827 scripsi
1324 5772 1421 5827 pro
1466 5758 1993 5830 παράσσεται,,‹]υυι1

655 5756 902 5813 ἱσσεται.
963 5756 1040 5811 Ita
1083 5758 1270 5827 scripsi
1324 5772 1421 5827 pro
1466 5758 1993 5830 παράσσεται,,‹]υυι1
2020 5761 2189 5819 estin
2228 5777 2327 5815 nis.
