  <div class='ocr_page' id='page_1' title='image "/cluster/home/n/w/nwhite01/storage/ocr_20150623/102/nnc1.0046979620/121.png"; bbox 0 0 4234 6432; ppageno 0'>
   <div class='ocr_carea' id='block_1_1' title="bbox 749 407 852 468">
    <p class='ocr_par' dir='ltr' id='par_1_1' title="bbox 749 407 852 468">
     <span class='ocr_line' id='line_1_1' title="bbox 749 407 852 468; baseline 0.01 -1"><span class='ocrx_word' id='word_1_1' title='bbox 749 407 852 468; x_wconf 74' lang='lat'><strong>2‘23</strong></span> 
     </span>
    </p>
   </div>
   <div class='ocr_carea' id='block_1_2' title="bbox 1866 393 2828 457">
    <p class='ocr_par' dir='ltr' id='par_1_2' title="bbox 1866 393 2828 457">
     <span class='ocr_line' id='line_1_2' title="bbox 1866 393 2828 457; baseline -0.005 -1"><span class='ocrx_word' id='word_1_2' title='bbox 1866 397 2124 457; x_wconf 84' lang='grc' dir='ltr'>ΡῐΙΟΤΙΙ</span> <span class='ocrx_word' id='word_1_3' title='bbox 2162 393 2668 454; x_wconf 71' lang='lat' dir='ltr'><strong>PATRIARCII/E</strong></span> <span class='ocrx_word' id='word_1_4' title='bbox 2721 393 2828 453; x_wconf 76' lang='grc' dir='ltr'>ΟΡ.</span> 
     </span>
    </p>
   </div>
   <div class='ocr_carea' id='block_1_3' title="bbox 3876 393 3982 454">
    <p class='ocr_par' dir='ltr' id='par_1_3' title="bbox 3876 393 3982 454">
     <span class='ocr_line' id='line_1_3' title="bbox 3876 393 3982 454; baseline 0 0"><span class='ocrx_word' id='word_1_5' title='bbox 3876 393 3982 454; x_wconf 72' lang='grc'><strong>924</strong></span> 
     </span>
    </p>
   </div>
   <div class='ocr_carea' id='block_1_4' title="bbox 825 503 2497 580">
    <p class='ocr_par' dir='ltr' id='par_1_4' title="bbox 825 509 2497 580">
     <span class='ocr_line' id='line_1_4' title="bbox 825 509 2497 580; baseline -0.008 -7"><span class='ocrx_word' id='word_1_6' title='bbox 825 520 937 573; x_wconf 79' lang='lat' dir='ltr'><strong>XX.</strong></span> <span class='ocrx_word' id='word_1_7' title='bbox 967 517 1047 570; x_wconf 89' lang='lat' dir='ltr'><strong>Tu</strong></span> <span class='ocrx_word' id='word_1_8' title='bbox 1081 531 1230 579; x_wconf 78' lang='lat' dir='ltr'><strong>vero,</strong></span> <span class='ocrx_word' id='word_1_9' title='bbox 1263 531 1295 567; x_wconf 92' lang='lat' dir='ltr'><strong>o</strong></span> <span class='ocrx_word' id='word_1_10' title='bbox 1341 516 1520 574; x_wconf 88' lang='lat' dir='ltr'><strong>homo,</strong></span> <span class='ocrx_word' id='word_1_11' title='bbox 1557 511 1963 580; x_wconf 75' lang='lat' dir='ltr'><strong>expergiscere:</strong></span> <span class='ocrx_word' id='word_1_12' title='bbox 1999 511 2312 561; x_wconf 83' lang='lat' dir='ltr'><strong>nondumne</strong></span> <span class='ocrx_word' id='word_1_13' title='bbox 2343 509 2390 566; x_wconf 85' lang='grc' dir='ltr'><strong>Λ</strong></span> <span class='ocrx_word' id='word_1_14' title='bbox 2486 510 2497 559; x_wconf 95' lang='lat' dir='ltr'><strong>l</strong></span> 
     </span>
    </p>
   </div>
   <div class='ocr_carea' id='block_1_5' title="bbox 2305 503 3977 580">
    <p class='ocr_par' dir='ltr' id='par_1_5' title="bbox 2305 503 3977 574">
     <span class='ocr_line' id='line_1_5' title="bbox 2305 503 3977 574; baseline -0.002 -14"><span class='ocrx_word' id='word_1_15' title='bbox 2305 529 2312 560; x_wconf 85' lang='lat'>:</span> <span class='ocrx_word' id='word_1_16' title='bbox 2343 509 2390 566; x_wconf 85' lang='grc' dir='ltr'><strong>Λ</strong></span> <span class='ocrx_word' id='word_1_17' title='bbox 2486 510 2567 560; x_wconf 85' lang='lat' dir='ltr'><strong>K&#39;.</strong></span> <span class='ocrx_word' id='word_1_18' title='bbox 2598 509 2704 559; x_wconf 70' lang='grc' dir='ltr'><strong>Καὶ</strong></span> <span class='ocrx_word' id='word_1_19' title='bbox 2731 509 2817 569; x_wconf 85' lang='grc' dir='ltr'><strong>σὺ,</strong></span> <span class='ocrx_word' id='word_1_20' title='bbox 2842 505 3117 574; x_wconf 79' lang='grc' dir='ltr'>ἄνθρωπε,</span> <span class='ocrx_word' id='word_1_21' title='bbox 3148 504 3438 574; x_wconf 70' lang='grc' dir='ltr'>ἀνάνηψον,</span> <span class='ocrx_word' id='word_1_22' title='bbox 3468 503 3620 557; x_wconf 78' lang='grc' dir='ltr'>οὔπω</span> <span class='ocrx_word' id='word_1_23' title='bbox 3651 505 3822 567; x_wconf 79' lang='grc' dir='ltr'><strong>Θέλεις</strong></span> <span class='ocrx_word' id='word_1_24' title='bbox 3857 505 3977 557; x_wconf 81' lang='grc' dir='ltr'>ἐπι-</span> 
     </span>
    </p>
   </div>
   <div class='ocr_carea' id='block_1_6' title="bbox 757 601 2315 674">
    <p class='ocr_par' dir='ltr' id='par_1_6' title="bbox 757 601 2315 674">
     <span class='ocr_line' id='line_1_6' title="bbox 757 601 2315 674; baseline -0.006 -13"><span class='ocrx_word' id='word_1_25' title='bbox 757 612 1040 663; x_wconf 79' lang='grc' dir='ltr'>Ιὶοιιιίιιιιιιι</span> <span class='ocrx_word' id='word_1_26' title='bbox 1071 620 1220 662; x_wconf 86' lang='lat' dir='ltr'><strong>tuum</strong></span> <span class='ocrx_word' id='word_1_27' title='bbox 1253 621 1547 674; x_wconf 79' lang='lat' dir='ltr'><strong>agnoscere</strong></span> <span class='ocrx_word' id='word_1_28' title='bbox 1579 604 1750 670; x_wconf 89' lang='lat' dir='ltr'><strong>cupis,</strong></span> <span class='ocrx_word' id='word_1_29' title='bbox 1787 601 1878 653; x_wconf 87' lang='lat' dir='ltr'><strong>sed</strong></span> <span class='ocrx_word' id='word_1_30' title='bbox 1911 601 2087 652; x_wconf 87' lang='lat' dir='ltr'><strong>adhuc</strong></span> <span class='ocrx_word' id='word_1_31' title='bbox 2119 615 2315 666; x_wconf 88' lang='lat' dir='ltr'><strong>corpus</strong></span> 
     </span>
    </p>
   </div>
   <div class='ocr_carea' id='block_1_7' title="bbox 753 691 2315 763">
    <p class='ocr_par' dir='ltr' id='par_1_7' title="bbox 753 691 2315 763">
     <span class='ocr_line' id='line_1_7' title="bbox 753 691 2315 763; baseline -0.009 -7"><span class='ocrx_word' id='word_1_32' title='bbox 753 715 900 756; x_wconf 90' lang='lat' dir='ltr'><strong>tuum</strong></span> <span class='ocrx_word' id='word_1_33' title='bbox 951 711 1254 755; x_wconf 88' lang='lat' dir='ltr'><strong>creaturam</strong></span> <span class='ocrx_word' id='word_1_34' title='bbox 1303 698 1420 750; x_wconf 86' lang='lat' dir='ltr'><strong>Mali</strong></span> <span class='ocrx_word' id='word_1_35' title='bbox 1472 695 1747 763; x_wconf 72' lang='lat' dir='ltr'><strong>appellas?</strong></span> <span class='ocrx_word' id='word_1_36' title='bbox 1790 691 1867 751; x_wconf 88' lang='lat' dir='ltr'><strong>Is.</strong></span> <span class='ocrx_word' id='word_1_37' title='bbox 1916 693 2074 760; x_wconf 82' lang='lat' dir='ltr'><strong>cujus</strong></span> <span class='ocrx_word' id='word_1_38' title='bbox 2120 691 2315 759; x_wconf 78' lang='lat' dir='ltr'><strong>agebas</strong></span> 
     </span>
    </p>
   </div>
   <div class='ocr_carea' id='block_1_8' title="bbox 753 784 2311 860">
    <p class='ocr_par' dir='ltr' id='par_1_8' title="bbox 753 784 2311 860">
     <span class='ocr_line' id='line_1_8' title="bbox 753 784 2311 860; baseline -0.006 -18"><span class='ocrx_word' id='word_1_39' title='bbox 753 805 1058 860; x_wconf 86' lang='lat' dir='ltr'><strong>patronum,</strong></span> <span class='ocrx_word' id='word_1_40' title='bbox 1108 791 1298 843; x_wconf 79' lang='lat' dir='ltr'><strong>timore</strong></span> <span class='ocrx_word' id='word_1_41' title='bbox 1332 798 1646 852; x_wconf 83' lang='lat' dir='ltr'><strong>correptus,</strong></span> <span class='ocrx_word' id='word_1_42' title='bbox 1693 784 1917 852; x_wconf 90' lang='lat' dir='ltr'><strong>deponit</strong></span> <span class='ocrx_word' id='word_1_43' title='bbox 1950 785 2311 844; x_wconf 79' lang='lat' dir='ltr'><strong>mendacium,</strong></span> 
     </span>
    </p>
   </div>
   <div class='ocr_carea' id='block_1_9' title="bbox 753 875 2309 948">
    <p class='ocr_par' dir='ltr' id='par_1_9' title="bbox 753 875 2309 948">
     <span class='ocr_line' id='line_1_9' title="bbox 753 875 2309 948; baseline -0.008 -12"><span class='ocrx_word' id='word_1_44' title='bbox 753 895 806 936; x_wconf 90' lang='lat' dir='ltr'><strong>tu</strong></span> <span class='ocrx_word' id='word_1_45' title='bbox 835 900 958 935; x_wconf 82' lang='lat' dir='ltr'><strong>vero</strong></span> <span class='ocrx_word' id='word_1_46' title='bbox 991 883 1040 932; x_wconf 92' lang='lat' dir='ltr'><strong>iu</strong></span> <span class='ocrx_word' id='word_1_47' title='bbox 1070 879 1371 948; x_wconf 89' lang='lat' dir='ltr'><strong>patrocinio</strong></span> <span class='ocrx_word' id='word_1_48' title='bbox 1396 878 1610 945; x_wconf 74' lang='lat' dir='ltr'><strong>pergis?</strong></span> <span class='ocrx_word' id='word_1_49' title='bbox 1640 877 1729 928; x_wconf 91' lang='lat' dir='ltr'><strong>Ille</strong></span> <span class='ocrx_word' id='word_1_50' title='bbox 1760 891 1920 942; x_wconf 87' lang='lat' dir='ltr'><strong>opere</strong></span> <span class='ocrx_word' id='word_1_51' title='bbox 1954 875 2069 941; x_wconf 90' lang='lat' dir='ltr'><strong>ipso</strong></span> <span class='ocrx_word' id='word_1_52' title='bbox 2095 875 2309 935; x_wconf 89' lang='lat' dir='ltr'><strong>clamat,</strong></span> 
     </span>
    </p>
   </div>
   <div class='ocr_carea' id='block_1_10' title="bbox 751 967 2312 1041">
    <p class='ocr_par' dir='ltr' id='par_1_10' title="bbox 751 967 2312 1041">
     <span class='ocr_line' id='line_1_10' title="bbox 751 967 2312 1041; baseline -0.006 -16"><span class='ocrx_word' id='word_1_53' title='bbox 751 975 893 1041; x_wconf 89' lang='lat' dir='ltr'><strong>quod</strong></span> <span class='ocrx_word' id='word_1_54' title='bbox 917 988 1014 1024; x_wconf 88' lang='lat' dir='ltr'><strong>nec</strong></span> <span class='ocrx_word' id='word_1_55' title='bbox 1044 985 1330 1039; x_wconf 66' lang='lat' dir='ltr'><strong>porcorum</strong></span> <span class='ocrx_word' id='word_1_56' title='bbox 1355 968 1426 1020; x_wconf 90' lang='lat' dir='ltr'><strong>sit</strong></span> <span class='ocrx_word' id='word_1_57' title='bbox 1455 967 1727 1026; x_wconf 91' lang='lat' dir='ltr'><strong>dominus,</strong></span> <span class='ocrx_word' id='word_1_58' title='bbox 1757 974 1811 1018; x_wconf 94' lang='lat' dir='ltr'><strong>tu</strong></span> <span class='ocrx_word' id='word_1_59' title='bbox 1842 981 1968 1017; x_wconf 89' lang='lat' dir='ltr'><strong>vero</strong></span> <span class='ocrx_word' id='word_1_60' title='bbox 2000 980 2123 1016; x_wconf 92' lang='lat' dir='ltr'><strong>cum</strong></span> <span class='ocrx_word' id='word_1_61' title='bbox 2163 973 2312 1016; x_wconf 91' lang='lat' dir='ltr'><strong>tuum</strong></span> 
     </span>
    </p>
   </div>
   <div class='ocr_carea' id='block_1_11' title="bbox 754 1054 2312 1124">
    <p class='ocr_par' dir='ltr' id='par_1_11' title="bbox 754 1054 2312 1124">
     <span class='ocr_line' id='line_1_11' title="bbox 754 1054 2312 1124; baseline -0.007 -8"><span class='ocrx_word' id='word_1_62' title='bbox 754 1066 886 1116; x_wconf 83' lang='lat' dir='ltr'><strong>facis</strong></span> <span class='ocrx_word' id='word_1_63' title='bbox 935 1061 1266 1116; x_wconf 86' lang='lat' dir='ltr'><strong>dominum?</strong></span> <span class='ocrx_word' id='word_1_64' title='bbox 1323 1060 1370 1112; x_wconf 93' lang='lat' dir='ltr'><strong>Is</strong></span> <span class='ocrx_word' id='word_1_65' title='bbox 1428 1058 1670 1109; x_wconf 91' lang='lat' dir='ltr'><strong>nondum</strong></span> <span class='ocrx_word' id='word_1_66' title='bbox 1734 1055 1973 1124; x_wconf 88' lang='lat' dir='ltr'><strong>perfecte</strong></span> <span class='ocrx_word' id='word_1_67' title='bbox 2029 1054 2312 1108; x_wconf 89' lang='lat' dir='ltr'><strong>Dominum</strong></span> 
     </span>
    </p>
   </div>
   <div class='ocr_carea' id='block_1_12' title="bbox 751 1145 2314 1221">
    <p class='ocr_par' dir='ltr' id='par_1_12' title="bbox 751 1145 2314 1221">
     <span class='ocr_line' id='line_1_12' title="bbox 751 1145 2314 1221; baseline -0.005 -17"><span class='ocrx_word' id='word_1_68' title='bbox 751 1167 1071 1221; x_wconf 75' lang='lat' dir='ltr'><strong>agnoscens,</strong></span> <span class='ocrx_word' id='word_1_69' title='bbox 1109 1167 1282 1218; x_wconf 89' lang='lat' dir='ltr'><strong>neque</strong></span> <span class='ocrx_word' id='word_1_70' title='bbox 1318 1149 1460 1201; x_wconf 91' lang='lat' dir='ltr'><strong>enim</strong></span> <span class='ocrx_word' id='word_1_71' title='bbox 1492 1163 1623 1199; x_wconf 76' lang='lat' dir='ltr'><strong>crux</strong></span> <span class='ocrx_word' id='word_1_72' title='bbox 1645 1147 1822 1199; x_wconf 89' lang='lat' dir='ltr'><strong>adhuc</strong></span> <span class='ocrx_word' id='word_1_73' title='bbox 1845 1154 1961 1198; x_wconf 87' lang='lat' dir='ltr'><strong>eral.</strong></span> <span class='ocrx_word' id='word_1_74' title='bbox 1990 1145 2114 1204; x_wconf 80' lang='lat' dir='ltr'><strong>lixa,</strong></span> <span class='ocrx_word' id='word_1_75' title='bbox 2139 1159 2314 1212; x_wconf 86' lang='lat' dir='ltr'><strong>neque</strong></span> 
     </span>
    </p>
   </div>
   <div class='ocr_carea' id='block_1_13' title="bbox 751 1240 2315 1303">
    <p class='ocr_par' dir='ltr' id='par_1_13' title="bbox 751 1240 2315 1303">
     <span class='ocr_line' id='line_1_13' title="bbox 751 1240 2315 1303; baseline -0.005 -9"><span class='ocrx_word' id='word_1_76' title='bbox 751 1244 829 1295; x_wconf 78' lang='lat' dir='ltr'><strong>sol</strong></span> <span class='ocrx_word' id='word_1_77' title='bbox 856 1244 1093 1295; x_wconf 75' lang='lat' dir='ltr'><strong>tenebris</strong></span> <span class='ocrx_word' id='word_1_78' title='bbox 1121 1242 1418 1293; x_wconf 67' lang='lat' dir='ltr'><strong>obduxerat</strong></span> <span class='ocrx_word' id='word_1_79' title='bbox 1453 1240 1626 1290; x_wconf 84' lang='lat' dir='ltr'><strong>lucem</strong></span> <span class='ocrx_word' id='word_1_80' title='bbox 1657 1277 1670 1301; x_wconf 93' lang='lat'><strong>,</strong></span> <span class='ocrx_word' id='word_1_81' title='bbox 1714 1252 1890 1303; x_wconf 87' lang='lat' dir='ltr'><strong>neque</strong></span> <span class='ocrx_word' id='word_1_82' title='bbox 1924 1245 2125 1288; x_wconf 86' lang='lat' dir='ltr'><strong>terram</strong></span> <span class='ocrx_word' id='word_1_83' title='bbox 2153 1276 2166 1298; x_wconf 93' lang='lat'><strong>,</strong></span> <span class='ocrx_word' id='word_1_84' title='bbox 2219 1251 2315 1302; x_wconf 92' lang='lat' dir='ltr'><strong>per</strong></span> 
     </span>
    </p>
   </div>
   <div class='ocr_carea' id='block_1_14' title="bbox 754 1326 2316 1397">
    <p class='ocr_par' dir='ltr' id='par_1_14' title="bbox 754 1326 2316 1397">
     <span class='ocr_line' id='line_1_14' title="bbox 754 1326 2316 1397; baseline -0.005 -13"><span class='ocrx_word' id='word_1_85' title='bbox 754 1343 1002 1385; x_wconf 87' lang='lat' dir='ltr'><strong>naturam</strong></span> <span class='ocrx_word' id='word_1_86' title='bbox 1044 1332 1280 1397; x_wconf 88' lang='lat' dir='ltr'><strong>alioquin</strong></span> <span class='ocrx_word' id='word_1_87' title='bbox 1341 1330 1618 1397; x_wconf 90' lang='lat' dir='ltr'><strong>quietam,</strong></span> <span class='ocrx_word' id='word_1_88' title='bbox 1670 1326 1932 1379; x_wconf 81' lang='lat' dir='ltr'><strong>mirabilis</strong></span> <span class='ocrx_word' id='word_1_89' title='bbox 1971 1326 2316 1392; x_wconf 85' lang='lat' dir='ltr'><strong>corripuerat</strong></span> 
     </span>
    </p>
   </div>
   <div class='ocr_carea' id='block_1_15' title="bbox 753 1418 2313 1489">
    <p class='ocr_par' dir='ltr' id='par_1_15' title="bbox 753 1418 2313 1489">
     <span class='ocr_line' id='line_1_15' title="bbox 753 1418 2313 1489; baseline -0.006 -13"><span class='ocrx_word' id='word_1_90' title='bbox 753 1434 1158 1489; x_wconf 88' lang='lat' dir='ltr'><strong>tremor,ucque</strong></span> <span class='ocrx_word' id='word_1_91' title='bbox 1177 1422 1449 1474; x_wconf 78' lang='lat' dir='ltr'><strong>conclavia</strong></span> <span class='ocrx_word' id='word_1_92' title='bbox 1478 1419 1773 1469; x_wconf 89' lang='lat' dir='ltr'><strong>inferorum</strong></span> <span class='ocrx_word' id='word_1_93' title='bbox 1799 1418 2034 1468; x_wconf 89' lang='lat' dir='ltr'><strong>locorum</strong></span> <span class='ocrx_word' id='word_1_94' title='bbox 2057 1425 2313 1468; x_wconf 76' lang='lat' dir='ltr'><strong>evacuata</strong></span> 
     </span>
    </p>
   </div>
   <div class='ocr_carea' id='block_1_16' title="bbox 752 1509 2314 1579">
    <p class='ocr_par' dir='ltr' id='par_1_16' title="bbox 752 1509 2314 1579">
     <span class='ocr_line' id='line_1_16' title="bbox 752 1509 2314 1579; baseline -0.003 -14"><span class='ocrx_word' id='word_1_95' title='bbox 752 1516 1110 1571; x_wconf 78' lang='lat' dir='ltr'><strong>adhucerant.</strong></span> <span class='ocrx_word' id='word_1_96' title='bbox 1128 1528 1302 1579; x_wconf 88' lang='lat' dir='ltr'><strong>neque</strong></span> <span class='ocrx_word' id='word_1_97' title='bbox 1324 1510 1647 1562; x_wconf 89' lang='lat' dir='ltr'><strong>resurrectio</strong></span> <span class='ocrx_word' id='word_1_98' title='bbox 1658 1510 1871 1578; x_wconf 71' lang='lat' dir='ltr'><strong>cognita</strong></span> <span class='ocrx_word' id='word_1_99' title='bbox 1890 1526 1901 1559; x_wconf 90' lang='lat'>:</span> <span class='ocrx_word' id='word_1_100' title='bbox 1924 1509 2072 1560; x_wconf 89' lang='lat' dir='ltr'><strong>ctvel</strong></span> <span class='ocrx_word' id='word_1_101' title='bbox 2087 1509 2314 1569; x_wconf 85' lang='lat' dir='ltr'><strong>sic,cum</strong></span> 
     </span>
    </p>
   </div>
   <div class='ocr_carea' id='block_1_17' title="bbox 755 1599 2315 1663">
    <p class='ocr_par' dir='ltr' id='par_1_17' title="bbox 755 1599 2315 1663">
     <span class='ocr_line' id='line_1_17' title="bbox 755 1599 2315 1663; baseline -0.003 -7"><span class='ocrx_word' id='word_1_102' title='bbox 755 1605 884 1656; x_wconf 85' lang='lat' dir='ltr'><strong>nihil</strong></span> <span class='ocrx_word' id='word_1_103' title='bbox 924 1605 1110 1655; x_wconf 91' lang='lat' dir='ltr'><strong>horum</strong></span> <span class='ocrx_word' id='word_1_104' title='bbox 1143 1602 1375 1660; x_wconf 89' lang='lat' dir='ltr'><strong>adesset,</strong></span> <span class='ocrx_word' id='word_1_105' title='bbox 1405 1603 1538 1652; x_wconf 85' lang='lat' dir='ltr'><strong>latro</strong></span> <span class='ocrx_word' id='word_1_106' title='bbox 1567 1641 1582 1663; x_wconf 92' lang='lat'><strong>,</strong></span> <span class='ocrx_word' id='word_1_107' title='bbox 1628 1615 1657 1651; x_wconf 88' lang='lat' dir='ltr'><strong>a</strong></span> <span class='ocrx_word' id='word_1_108' title='bbox 1712 1600 1937 1653; x_wconf 79' lang='lat' dir='ltr'><strong>veritate</strong></span> <span class='ocrx_word' id='word_1_109' title='bbox 1976 1599 2315 1651; x_wconf 87' lang='lat' dir='ltr'><strong>substantiali</strong></span> 
     </span>
    </p>
   </div>
   <div class='ocr_carea' id='block_1_18' title="bbox 753 1689 2316 1759">
    <p class='ocr_par' dir='ltr' id='par_1_18' title="bbox 753 1689 2316 1759">
     <span class='ocr_line' id='line_1_18' title="bbox 753 1689 2316 1759; baseline -0.004 -13"><span class='ocrx_word' id='word_1_110' title='bbox 753 1695 852 1746; x_wconf 68' lang='lat' dir='ltr'><strong>sibi</strong></span> <span class='ocrx_word' id='word_1_111' title='bbox 888 1704 1151 1754; x_wconf 88' lang='lat' dir='ltr'><strong>metuens,</strong></span> <span class='ocrx_word' id='word_1_112' title='bbox 1185 1708 1213 1744; x_wconf 89' lang='lat' dir='ltr'><strong>a</strong></span> <span class='ocrx_word' id='word_1_113' title='bbox 1235 1702 1694 1759; x_wconf 86' lang='lat' dir='ltr'><strong>potestatc,quam</strong></span> <span class='ocrx_word' id='word_1_114' title='bbox 1729 1700 1884 1742; x_wconf 88' lang='lat' dir='ltr'><strong>antea</strong></span> <span class='ocrx_word' id='word_1_115' title='bbox 1908 1690 2008 1740; x_wconf 85' lang='lat' dir='ltr'><strong>sibi</strong></span> <span class='ocrx_word' id='word_1_116' title='bbox 2033 1690 2131 1756; x_wconf 86' lang='lat' dir='ltr'><strong>ipsi</strong></span> <span class='ocrx_word' id='word_1_117' title='bbox 2165 1689 2316 1740; x_wconf 83' lang='lat' dir='ltr'><strong>alliu-</strong></span> 
     </span>
    </p>
   </div>
   <div class='ocr_carea' id='block_1_19' title="bbox 754 1779 2313 1850">
    <p class='ocr_par' dir='ltr' id='par_1_19' title="bbox 754 1779 2313 1850">
     <span class='ocr_line' id='line_1_19' title="bbox 754 1779 2313 1850; baseline -0.004 -16"><span class='ocrx_word' id='word_1_118' title='bbox 754 1793 921 1845; x_wconf 80' lang='lat' dir='ltr'><strong>xerat,</strong></span> <span class='ocrx_word' id='word_1_119' title='bbox 951 1801 1007 1836; x_wconf 87' lang='lat' dir='ltr'><strong>sc</strong></span> <span class='ocrx_word' id='word_1_120' title='bbox 1039 1783 1215 1850; x_wconf 89' lang='lat' dir='ltr'><strong>ipsmn</strong></span> <span class='ocrx_word' id='word_1_121' title='bbox 1245 1783 1404 1835; x_wconf 89' lang='lat' dir='ltr'><strong>etiam</strong></span> <span class='ocrx_word' id='word_1_122' title='bbox 1438 1782 1637 1833; x_wconf 90' lang='lat' dir='ltr'><strong>invitus</strong></span> <span class='ocrx_word' id='word_1_123' title='bbox 1671 1789 1906 1832; x_wconf 87' lang='lat' dir='ltr'><strong>revocat.</strong></span> <span class='ocrx_word' id='word_1_124' title='bbox 1934 1779 2145 1831; x_wconf 75' lang='lat' dir='ltr'><strong>Veritas</strong></span> <span class='ocrx_word' id='word_1_125' title='bbox 2171 1781 2313 1830; x_wconf 89' lang='lat' dir='ltr'><strong>enim</strong></span> 
     </span>
    </p>
   </div>
   <div class='ocr_carea' id='block_1_20' title="bbox 754 1870 2316 1938">
    <p class='ocr_par' dir='ltr' id='par_1_20' title="bbox 754 1870 2316 1938">
     <span class='ocr_line' id='line_1_20' title="bbox 754 1870 2316 1938; baseline -0.003 -12"><span class='ocrx_word' id='word_1_126' title='bbox 754 1875 1156 1926; x_wconf 84' lang='lat' dir='ltr'><strong>mcmlacemita</strong></span> <span class='ocrx_word' id='word_1_127' title='bbox 1187 1873 1489 1932; x_wconf 86' lang='lat' dir='ltr'><strong>coercebat,</strong></span> <span class='ocrx_word' id='word_1_128' title='bbox 1524 1883 1723 1923; x_wconf 90' lang='lat' dir='ltr'><strong>utcum</strong></span> <span class='ocrx_word' id='word_1_129' title='bbox 1758 1881 1916 1923; x_wconf 86' lang='lat' dir='ltr'><strong>antea</strong></span> <span class='ocrx_word' id='word_1_130' title='bbox 1951 1885 2112 1938; x_wconf 73' lang='lat' dir='ltr'><strong>regna</strong></span> <span class='ocrx_word' id='word_1_131' title='bbox 2135 1870 2316 1922; x_wconf 85' lang='lat' dir='ltr'><strong>omnia</strong></span> 
     </span>
    </p>
   </div>
   <div class='ocr_carea' id='block_1_21' title="bbox 754 1960 2318 2035">
    <p class='ocr_par' dir='ltr' id='par_1_21' title="bbox 754 1960 2318 2035">
     <span class='ocr_line' id='line_1_21' title="bbox 754 1960 2318 2035; baseline -0.004 -17"><span class='ocrx_word' id='word_1_132' title='bbox 754 1985 848 2019; x_wconf 84' lang='lat' dir='ltr'><strong>sua</strong></span> <span class='ocrx_word' id='word_1_133' title='bbox 881 1984 999 2020; x_wconf 68' lang='lat' dir='ltr'><strong>esse</strong></span> <span class='ocrx_word' id='word_1_134' title='bbox 1032 1966 1379 2035; x_wconf 77' lang='lat' dir='ltr'><strong>gloriaretur,</strong></span> <span class='ocrx_word' id='word_1_135' title='bbox 1422 1980 1586 2032; x_wconf 83' lang='lat' dir='ltr'><strong>opere</strong></span> <span class='ocrx_word' id='word_1_136' title='bbox 1627 1964 1743 2031; x_wconf 89' lang='lat' dir='ltr'><strong>ipso</strong></span> <span class='ocrx_word' id='word_1_137' title='bbox 1762 1979 1828 2015; x_wconf 90' lang='lat' dir='ltr'><strong>ue</strong></span> <span class='ocrx_word' id='word_1_138' title='bbox 1875 1963 1929 2014; x_wconf 91' lang='lat' dir='ltr'><strong>in</strong></span> <span class='ocrx_word' id='word_1_139' title='bbox 1963 1977 2156 2028; x_wconf 88' lang='lat' dir='ltr'><strong>porcos</strong></span> <span class='ocrx_word' id='word_1_140' title='bbox 2196 1960 2318 2028; x_wconf 89' lang='lat' dir='ltr'><strong>qui-</strong></span> 
     </span>
    </p>
   </div>
   <div class='ocr_carea' id='block_1_22' title="bbox 753 2054 2317 2122">
    <p class='ocr_par' dir='ltr' id='par_1_22' title="bbox 753 2054 2317 2122">
     <span class='ocr_line' id='line_1_22' title="bbox 753 2054 2317 2122; baseline -0.003 -13"><span class='ocrx_word' id='word_1_141' title='bbox 753 2059 899 2118; x_wconf 92' lang='lat' dir='ltr'><strong>dem,</strong></span> <span class='ocrx_word' id='word_1_142' title='bbox 946 2060 1143 2109; x_wconf 80' lang='lat' dir='ltr'><strong>nedum</strong></span> <span class='ocrx_word' id='word_1_143' title='bbox 1191 2058 1242 2107; x_wconf 94' lang='lat' dir='ltr'><strong>in</strong></span> <span class='ocrx_word' id='word_1_144' title='bbox 1302 2057 1595 2122; x_wconf 77' lang='lat' dir='ltr'><strong>quidquam</strong></span> <span class='ocrx_word' id='word_1_145' title='bbox 1673 2054 1839 2115; x_wconf 87' lang='lat' dir='ltr'><strong>aliud,</strong></span> <span class='ocrx_word' id='word_1_146' title='bbox 1896 2061 2218 2120; x_wconf 86' lang='lat' dir='ltr'><strong>potestatem</strong></span> <span class='ocrx_word' id='word_1_147' title='bbox 2258 2068 2317 2105; x_wconf 87' lang='lat' dir='ltr'><strong>se</strong></span> 
     </span>
    </p>
   </div>
   <div class='ocr_carea' id='block_1_23' title="bbox 756 2145 2310 2213">
    <p class='ocr_par' dir='ltr' id='par_1_23' title="bbox 756 2145 2310 2213">
     <span class='ocr_line' id='line_1_23' title="bbox 756 2145 2310 2213; baseline -0.003 -13"><span class='ocrx_word' id='word_1_148' title='bbox 756 2150 955 2201; x_wconf 86' lang='lat' dir='ltr'><strong>habere</strong></span> <span class='ocrx_word' id='word_1_149' title='bbox 1010 2149 1287 2201; x_wconf 83' lang='lat' dir='ltr'><strong>clamaret.</strong></span> <span class='ocrx_word' id='word_1_150' title='bbox 1338 2147 1416 2199; x_wconf 90' lang='lat' dir='ltr'><strong>Tu</strong></span> <span class='ocrx_word' id='word_1_151' title='bbox 1459 2161 1588 2198; x_wconf 82' lang='lat' dir='ltr'><strong>vero</strong></span> <span class='ocrx_word' id='word_1_152' title='bbox 1628 2153 1751 2213; x_wconf 90' lang='lat' dir='ltr'><strong>post</strong></span> <span class='ocrx_word' id='word_1_153' title='bbox 1781 2160 1997 2197; x_wconf 88' lang='lat' dir='ltr'><strong>crucem</strong></span> <span class='ocrx_word' id='word_1_154' title='bbox 2031 2145 2310 2212; x_wconf 88' lang='lat' dir='ltr'><strong>perlatam,</strong></span> 
     </span>
    </p>
   </div>
   <div class='ocr_carea' id='block_1_24' title="bbox 757 2234 2316 2307">
    <p class='ocr_par' dir='ltr' id='par_1_24' title="bbox 757 2234 2316 2307">
     <span class='ocr_line' id='line_1_24' title="bbox 757 2234 2316 2307; baseline -0.001 -18"><span class='ocrx_word' id='word_1_155' title='bbox 757 2250 877 2307; x_wconf 79' lang='lat' dir='ltr'><strong>post</strong></span> <span class='ocrx_word' id='word_1_156' title='bbox 909 2240 1196 2307; x_wconf 85' lang='lat' dir='ltr'><strong>spoliatum</strong></span> <span class='ocrx_word' id='word_1_157' title='bbox 1240 2238 1535 2299; x_wconf 90' lang='lat' dir='ltr'><strong>infernum,</strong></span> <span class='ocrx_word' id='word_1_158' title='bbox 1562 2245 1686 2304; x_wconf 87' lang='lat' dir='ltr'><strong>post</strong></span> <span class='ocrx_word' id='word_1_159' title='bbox 1719 2235 1915 2288; x_wconf 88' lang='lat' dir='ltr'><strong>factam</strong></span> <span class='ocrx_word' id='word_1_160' title='bbox 1961 2234 2316 2287; x_wconf 90' lang='lat' dir='ltr'><strong>resurrectio-</strong></span> 
     </span>
    </p>
   </div>
   <div class='ocr_carea' id='block_1_25' title="bbox 756 2327 2316 2400">
    <p class='ocr_par' dir='ltr' id='par_1_25' title="bbox 756 2327 2316 2400">
     <span class='ocr_line' id='line_1_25' title="bbox 756 2327 2316 2400; baseline -0.002 -17"><span class='ocrx_word' id='word_1_161' title='bbox 756 2349 900 2393; x_wconf 87' lang='lat' dir='ltr'><strong>nem,</strong></span> <span class='ocrx_word' id='word_1_162' title='bbox 963 2342 1083 2400; x_wconf 88' lang='lat' dir='ltr'><strong>post</strong></span> <span class='ocrx_word' id='word_1_163' title='bbox 1141 2331 1504 2398; x_wconf 88' lang='lat' dir='ltr'><strong>triumphatos</strong></span> <span class='ocrx_word' id='word_1_164' title='bbox 1559 2327 1894 2395; x_wconf 81' lang='lat' dir='ltr'><strong>principatus</strong></span> <span class='ocrx_word' id='word_1_165' title='bbox 1924 2336 1978 2379; x_wconf 91' lang='lat' dir='ltr'><strong>et</strong></span> <span class='ocrx_word' id='word_1_166' title='bbox 2016 2337 2316 2395; x_wconf 85' lang='lat' dir='ltr'><strong>potestates</strong></span> 
     </span>
    </p>
   </div>
   <div class='ocr_carea' id='block_1_26' title="bbox 757 2417 2314 2487">
    <p class='ocr_par' dir='ltr' id='par_1_26' title="bbox 757 2417 2314 2487">
     <span class='ocr_line' id='line_1_26' title="bbox 757 2417 2314 2487; baseline -0.003 -15"><span class='ocrx_word' id='word_1_167' title='bbox 757 2422 1123 2482; x_wconf 79' lang='lat' dir='ltr'><strong>tenebrarum,</strong></span> <span class='ocrx_word' id='word_1_168' title='bbox 1182 2429 1300 2487; x_wconf 89' lang='lat' dir='ltr'><strong>post</strong></span> <span class='ocrx_word' id='word_1_169' title='bbox 1330 2419 1512 2472; x_wconf 89' lang='lat' dir='ltr'><strong>datam</strong></span> <span class='ocrx_word' id='word_1_170' title='bbox 1570 2418 1668 2470; x_wconf 87' lang='lat' dir='ltr'><strong>tibi</strong></span> <span class='ocrx_word' id='word_1_171' title='bbox 1717 2417 2051 2480; x_wconf 81' lang='lat' dir='ltr'><strong>facultatem,</strong></span> <span class='ocrx_word' id='word_1_172' title='bbox 2098 2433 2314 2470; x_wconf 90' lang='lat' dir='ltr'><strong>omnem</strong></span> 
     </span>
    </p>
   </div>
   <div class='ocr_carea' id='block_1_27' title="bbox 755 2510 2314 2579">
    <p class='ocr_par' dir='ltr' id='par_1_27' title="bbox 755 2510 2314 2579">
     <span class='ocr_line' id='line_1_27' title="bbox 755 2510 2314 2579; baseline -0.001 -17"><span class='ocrx_word' id='word_1_173' title='bbox 755 2511 946 2572; x_wconf 90' lang='lat' dir='ltr'><strong>hostis,</strong></span> <span class='ocrx_word' id='word_1_174' title='bbox 984 2513 1028 2564; x_wconf 88' lang='lat' dir='ltr'><strong>si</strong></span> <span class='ocrx_word' id='word_1_175' title='bbox 1079 2512 1230 2573; x_wconf 85' lang='lat' dir='ltr'><strong>velis,</strong></span> <span class='ocrx_word' id='word_1_176' title='bbox 1273 2521 1596 2579; x_wconf 89' lang='lat' dir='ltr'><strong>potestatem</strong></span> <span class='ocrx_word' id='word_1_177' title='bbox 1633 2510 1921 2573; x_wconf 87' lang='lat' dir='ltr'><strong>eludendi;</strong></span> <span class='ocrx_word' id='word_1_178' title='bbox 1960 2520 2034 2573; x_wconf 92' lang='lat' dir='ltr'><strong>tu,</strong></span> <span class='ocrx_word' id='word_1_179' title='bbox 2070 2510 2314 2577; x_wconf 84' lang='lat' dir='ltr'><strong>inquam,</strong></span> 
     </span>
    </p>
   </div>
   <div class='ocr_carea' id='block_1_28' title="bbox 759 2601 2316 2669">
    <p class='ocr_par' dir='ltr' id='par_1_28' title="bbox 759 2601 2316 2669">
     <span class='ocr_line' id='line_1_28' title="bbox 759 2601 2316 2669; baseline 0.001 -17"><span class='ocrx_word' id='word_1_180' title='bbox 759 2603 988 2669; x_wconf 85' lang='lat' dir='ltr'><strong>teipsum</strong></span> <span class='ocrx_word' id='word_1_181' title='bbox 1047 2603 1224 2654; x_wconf 89' lang='lat' dir='ltr'><strong>adlme</strong></span> <span class='ocrx_word' id='word_1_182' title='bbox 1279 2601 1420 2655; x_wconf 89' lang='lat' dir='ltr'><strong>ferre</strong></span> <span class='ocrx_word' id='word_1_183' title='bbox 1485 2609 1659 2668; x_wconf 86' lang='lat' dir='ltr'><strong>potes,</strong></span> <span class='ocrx_word' id='word_1_184' title='bbox 1712 2602 1930 2668; x_wconf 86' lang='lat' dir='ltr'><strong>quando</strong></span> <span class='ocrx_word' id='word_1_185' title='bbox 1972 2609 2022 2653; x_wconf 90' lang='lat' dir='ltr'><strong>te</strong></span> <span class='ocrx_word' id='word_1_186' title='bbox 2053 2601 2212 2662; x_wconf 75' lang='lat' dir='ltr'><strong>alius,</strong></span> <span class='ocrx_word' id='word_1_187' title='bbox 2247 2615 2316 2653; x_wconf 92' lang='lat' dir='ltr'><strong>ne</strong></span> 
     </span>
    </p>
   </div>
   <div class='ocr_carea' id='block_1_29' title="bbox 755 2692 2316 2759">
    <p class='ocr_par' dir='ltr' id='par_1_29' title="bbox 755 2692 2316 2759">
     <span class='ocr_line' id='line_1_29' title="bbox 755 2692 2316 2759; baseline 0 -16"><span class='ocrx_word' id='word_1_188' title='bbox 755 2692 927 2744; x_wconf 90' lang='lat' dir='ltr'><strong>dicam</strong></span> <span class='ocrx_word' id='word_1_189' title='bbox 981 2702 1037 2744; x_wconf 92' lang='lat' dir='ltr'><strong>tu</strong></span> <span class='ocrx_word' id='word_1_190' title='bbox 1101 2693 1472 2759; x_wconf 81' lang='lat' dir='ltr'><strong>temetipsum,</strong></span> <span class='ocrx_word' id='word_1_191' title='bbox 1537 2692 1833 2744; x_wconf 77' lang='lat' dir='ltr'><strong>obnoxium</strong></span> <span class='ocrx_word' id='word_1_192' title='bbox 1905 2701 1958 2743; x_wconf 90' lang='lat' dir='ltr'><strong>et</strong></span> <span class='ocrx_word' id='word_1_193' title='bbox 2012 2702 2316 2744; x_wconf 85' lang='lat' dir='ltr'><strong>creaturam</strong></span> 
     </span>
    </p>
   </div>
   <div class='ocr_carea' id='block_1_30' title="bbox 756 2781 2318 2852">
    <p class='ocr_par' dir='ltr' id='par_1_30' title="bbox 756 2781 2318 2852">
     <span class='ocr_line' id='line_1_30' title="bbox 756 2781 2318 2852; baseline 0 -19"><span class='ocrx_word' id='word_1_194' title='bbox 756 2781 878 2839; x_wconf 85' lang='lat' dir='ltr'><strong>Mali</strong></span> <span class='ocrx_word' id='word_1_195' title='bbox 908 2785 1188 2852; x_wconf 88' lang='lat' dir='ltr'><strong>appellat?</strong></span> <span class='ocrx_word' id='word_1_196' title='bbox 1220 2784 1352 2848; x_wconf 79' lang='lat' dir='ltr'><strong>Quis</strong></span> <span class='ocrx_word' id='word_1_197' title='bbox 1384 2797 1513 2835; x_wconf 86' lang='lat' dir='ltr'><strong>vero</strong></span> <span class='ocrx_word' id='word_1_198' title='bbox 1565 2798 1672 2835; x_wconf 91' lang='lat' dir='ltr'><strong>non</strong></span> <span class='ocrx_word' id='word_1_199' title='bbox 1721 2783 1805 2835; x_wconf 88' lang='lat' dir='ltr'><strong>vel</strong></span> <span class='ocrx_word' id='word_1_200' title='bbox 1847 2782 1976 2835; x_wconf 89' lang='lat' dir='ltr'><strong>hinc</strong></span> <span class='ocrx_word' id='word_1_201' title='bbox 2009 2782 2164 2835; x_wconf 82' lang='lat' dir='ltr'><strong>facile</strong></span> <span class='ocrx_word' id='word_1_202' title='bbox 2192 2798 2318 2849; x_wconf 90' lang='lat' dir='ltr'><strong>per-</strong></span> 
     </span>
    </p>
   </div>
   <div class='ocr_carea' id='block_1_31' title="bbox 759 2870 2321 2941">
    <p class='ocr_par' dir='ltr' id='par_1_31' title="bbox 759 2870 2321 2941">
     <span class='ocr_line' id='line_1_31' title="bbox 759 2870 2321 2941; baseline -0.001 -15"><span class='ocrx_word' id='word_1_203' title='bbox 759 2874 1024 2941; x_wconf 77' lang='lat' dir='ltr'><strong>Spexeiit,</strong></span> <span class='ocrx_word' id='word_1_204' title='bbox 1085 2872 1250 2939; x_wconf 88' lang='lat' dir='ltr'><strong>quod,</strong></span> <span class='ocrx_word' id='word_1_205' title='bbox 1295 2871 1386 2938; x_wconf 87' lang='lat' dir='ltr'><strong>qui</strong></span> <span class='ocrx_word' id='word_1_206' title='bbox 1439 2870 1538 2922; x_wconf 88' lang='lat' dir='ltr'><strong>sub</strong></span> <span class='ocrx_word' id='word_1_207' title='bbox 1585 2870 1703 2939; x_wconf 81' lang='lat' dir='ltr'><strong>lege</strong></span> <span class='ocrx_word' id='word_1_208' title='bbox 1765 2872 2044 2938; x_wconf 75' lang='lat' dir='ltr'><strong>prephetze</strong></span> <span class='ocrx_word' id='word_1_209' title='bbox 2088 2880 2321 2924; x_wconf 81' lang='lat' dir='ltr'><strong>erantet</strong></span> 
     </span>
    </p>
   </div>
   <div class='ocr_carea' id='block_1_32' title="bbox 758 2958 2320 3031">
    <p class='ocr_par' dir='ltr' id='par_1_32' title="bbox 758 2958 2320 3031">
     <span class='ocr_line' id='line_1_32' title="bbox 758 2958 2320 3031; baseline -0.002 -17"><span class='ocrx_word' id='word_1_210' title='bbox 758 2962 937 3031; x_wconf 76' lang='lat' dir='ltr'><strong>legati.</strong></span> <span class='ocrx_word' id='word_1_211' title='bbox 995 2975 1238 3029; x_wconf 89' lang='lat' dir='ltr'><strong>quosque</strong></span> <span class='ocrx_word' id='word_1_212' title='bbox 1287 2958 1609 3022; x_wconf 86' lang='lat' dir='ltr'><strong>Jerusalem,</strong></span> <span class='ocrx_word' id='word_1_213' title='bbox 1673 2974 1773 3012; x_wconf 91' lang='lat' dir='ltr'><strong>ceu</strong></span> <span class='ocrx_word' id='word_1_214' title='bbox 1823 2959 2320 3026; x_wconf 90' lang='lat' dir='ltr'><strong>stupidissimorum</strong></span> 
     </span>
    </p>
   </div>
   <div class='ocr_carea' id='block_1_33' title="bbox 757 3050 2320 3120">
    <p class='ocr_par' dir='ltr' id='par_1_33' title="bbox 757 3050 2320 3120">
     <span class='ocr_line' id='line_1_33' title="bbox 757 3050 2320 3120; baseline -0.004 -11"><span class='ocrx_word' id='word_1_215' title='bbox 757 3055 1064 3109; x_wconf 80' lang='lat' dir='ltr'><strong>.‘ud:eorum</strong></span> <span class='ocrx_word' id='word_1_216' title='bbox 1093 3063 1266 3106; x_wconf 72' lang='lat' dir='ltr'><strong>cmtus</strong></span> <span class='ocrx_word' id='word_1_217' title='bbox 1312 3052 1510 3120; x_wconf 86' lang='lat' dir='ltr'><strong>prodit,</strong></span> <span class='ocrx_word' id='word_1_218' title='bbox 1556 3050 1806 3118; x_wconf 84' lang='lat' dir='ltr'><strong>lapidans</strong></span> <span class='ocrx_word' id='word_1_219' title='bbox 1839 3060 1894 3103; x_wconf 93' lang='lat' dir='ltr'><strong>et</strong></span> <span class='ocrx_word' id='word_1_220' title='bbox 1932 3051 2185 3103; x_wconf 89' lang='lat' dir='ltr'><strong>occidens</strong></span> <span class='ocrx_word' id='word_1_221' title='bbox 2211 3065 2320 3102; x_wconf 89' lang='lat' dir='ltr'><strong>non</strong></span> 
     </span>
    </p>
   </div>
   <div class='ocr_carea' id='block_1_34' title="bbox 762 3140 2320 3208">
    <p class='ocr_par' dir='ltr' id='par_1_34' title="bbox 762 3140 2320 3208">
     <span class='ocr_line' id='line_1_34' title="bbox 762 3140 2320 3208; baseline -0.002 -12"><span class='ocrx_word' id='word_1_222' title='bbox 762 3145 988 3204; x_wconf 82' lang='lat' dir='ltr'><strong>ferebat,</strong></span> <span class='ocrx_word' id='word_1_223' title='bbox 1046 3143 1119 3194; x_wconf 94' lang='lat' dir='ltr'><strong>illi</strong></span> <span class='ocrx_word' id='word_1_224' title='bbox 1143 3143 1364 3195; x_wconf 87' lang='lat' dir='ltr'><strong>omnino</strong></span> <span class='ocrx_word' id='word_1_225' title='bbox 1405 3158 1434 3193; x_wconf 92' lang='lat' dir='ltr'><strong>a</strong></span> <span class='ocrx_word' id='word_1_226' title='bbox 1478 3142 1620 3193; x_wconf 90' lang='lat' dir='ltr'><strong>bono</strong></span> <span class='ocrx_word' id='word_1_227' title='bbox 1663 3140 1934 3208; x_wconf 89' lang='lat' dir='ltr'><strong>principio</strong></span> <span class='ocrx_word' id='word_1_228' title='bbox 1976 3140 2222 3208; x_wconf 88' lang='lat' dir='ltr'><strong>inspirati</strong></span> <span class='ocrx_word' id='word_1_229' title='bbox 2265 3150 2320 3193; x_wconf 89' lang='lat' dir='ltr'><strong>et</strong></span> 
     </span>
    </p>
   </div>
   <div class='ocr_carea' id='block_1_35' title="bbox 763 3229 2322 3297">
    <p class='ocr_par' dir='ltr' id='par_1_35' title="bbox 763 3229 2322 3297">
     <span class='ocr_line' id='line_1_35' title="bbox 763 3229 2322 3297; baseline -0.001 -12"><span class='ocrx_word' id='word_1_230' title='bbox 763 3232 910 3285; x_wconf 90' lang='lat' dir='ltr'><strong>missi</strong></span> <span class='ocrx_word' id='word_1_231' title='bbox 966 3232 1096 3292; x_wconf 90' lang='lat' dir='ltr'><strong>sint,</strong></span> <span class='ocrx_word' id='word_1_232' title='bbox 1148 3239 1310 3297; x_wconf 92' lang='lat' dir='ltr'><strong>atque</strong></span> <span class='ocrx_word' id='word_1_233' title='bbox 1360 3229 1485 3282; x_wconf 87' lang='lat' dir='ltr'><strong>inde</strong></span> <span class='ocrx_word' id='word_1_234' title='bbox 1553 3230 1816 3297; x_wconf 77' lang='lat' dir='ltr'><strong>originem</strong></span> <span class='ocrx_word' id='word_1_235' title='bbox 1862 3229 2133 3292; x_wconf 84' lang='lat' dir='ltr'><strong>duxerint,</strong></span> <span class='ocrx_word' id='word_1_236' title='bbox 2182 3230 2322 3283; x_wconf 91' lang='lat' dir='ltr'><strong>unde</strong></span> 
     </span>
    </p>
   </div>
   <div class='ocr_carea' id='block_1_36' title="bbox 763 3319 2324 3388">
    <p class='ocr_par' dir='ltr' id='par_1_36' title="bbox 763 3319 2324 3388">
     <span class='ocr_line' id='line_1_36' title="bbox 763 3319 2324 3388; baseline 0 -13"><span class='ocrx_word' id='word_1_237' title='bbox 763 3325 946 3375; x_wconf 87' lang='lat' dir='ltr'><strong>omnia</strong></span> <span class='ocrx_word' id='word_1_238' title='bbox 995 3322 1094 3374; x_wconf 90' lang='lat' dir='ltr'><strong>ista</strong></span> <span class='ocrx_word' id='word_1_239' title='bbox 1146 3319 1534 3388; x_wconf 83' lang='lat' dir='ltr'><strong>proﬂuxerant,</strong></span> <span class='ocrx_word' id='word_1_240' title='bbox 1591 3335 1785 3387; x_wconf 87' lang='lat' dir='ltr'><strong>nempe</strong></span> <span class='ocrx_word' id='word_1_241' title='bbox 1815 3320 1884 3372; x_wconf 90' lang='lat' dir='ltr'><strong>ab</strong></span> <span class='ocrx_word' id='word_1_242' title='bbox 1920 3321 2037 3387; x_wconf 73' lang='lat' dir='ltr'><strong>ipso</strong></span> <span class='ocrx_word' id='word_1_243' title='bbox 2092 3321 2324 3375; x_wconf 82' lang='lat' dir='ltr'><strong>Domino</strong></span> 
     </span>
    </p>
   </div>
   <div class='ocr_carea' id='block_1_37' title="bbox 765 3410 2325 3470">
    <p class='ocr_par' dir='ltr' id='par_1_37' title="bbox 765 3410 2325 3470">
     <span class='ocr_line' id='line_1_37' title="bbox 765 3410 2325 3470; baseline -0.002 -4"><span class='ocrx_word' id='word_1_244' title='bbox 765 3425 951 3468; x_wconf 88' lang='lat' dir='ltr'><strong>nostro</strong></span> <span class='ocrx_word' id='word_1_245' title='bbox 983 3413 1111 3466; x_wconf 85' lang='lat' dir='ltr'><strong>Jesu</strong></span> <span class='ocrx_word' id='word_1_246' title='bbox 1159 3412 1399 3470; x_wconf 88' lang='lat' dir='ltr'><strong>Christo,</strong></span> <span class='ocrx_word' id='word_1_247' title='bbox 1431 3411 1675 3462; x_wconf 86' lang='lat' dir='ltr'><strong>veritatis</strong></span> <span class='ocrx_word' id='word_1_248' title='bbox 1724 3411 1872 3462; x_wconf 86' lang='lat' dir='ltr'><strong>fonte</strong></span> <span class='ocrx_word' id='word_1_249' title='bbox 1901 3410 1922 3460; x_wconf 87' lang='lat'><strong>?</strong></span> <span class='ocrx_word' id='word_1_250' title='bbox 1949 3410 1996 3462; x_wconf 81' lang='lat' dir='ltr'><strong>is</strong></span> <span class='ocrx_word' id='word_1_251' title='bbox 2040 3412 2188 3463; x_wconf 88' lang='lat' dir='ltr'><strong>enim</strong></span> <span class='ocrx_word' id='word_1_252' title='bbox 2223 3413 2325 3464; x_wconf 92' lang='lat' dir='ltr'><strong>mi-</strong></span> 
     </span>
    </p>
   </div>
   <div class='ocr_carea' id='block_1_38' title="bbox 765 3496 2326 3562">
    <p class='ocr_par' dir='ltr' id='par_1_38' title="bbox 765 3496 2326 3562">
     <span class='ocr_line' id='line_1_38' title="bbox 765 3496 2326 3562; baseline -0.002 -9"><span class='ocrx_word' id='word_1_253' title='bbox 765 3517 942 3553; x_wconf 86' lang='lat' dir='ltr'><strong>seram</strong></span> <span class='ocrx_word' id='word_1_254' title='bbox 973 3501 1169 3552; x_wconf 91' lang='lat' dir='ltr'><strong>clamat</strong></span> <span class='ocrx_word' id='word_1_255' title='bbox 1202 3512 1322 3550; x_wconf 88' lang='lat' dir='ltr'><strong>esse</strong></span> <span class='ocrx_word' id='word_1_256' title='bbox 1368 3496 1668 3548; x_wconf 78' lang='lat' dir='ltr'><strong>Jerusalem</strong></span> <span class='ocrx_word' id='word_1_257' title='bbox 1706 3496 1774 3546; x_wconf 93' lang='lat' dir='ltr'><strong>ob</strong></span> <span class='ocrx_word' id='word_1_258' title='bbox 1813 3510 1897 3557; x_wconf 87' lang='lat' dir='ltr'><strong>ea,</strong></span> <span class='ocrx_word' id='word_1_259' title='bbox 1945 3496 2140 3562; x_wconf 88' lang='lat' dir='ltr'><strong>quibus</strong></span> <span class='ocrx_word' id='word_1_260' title='bbox 2185 3497 2326 3550; x_wconf 88' lang='lat' dir='ltr'><strong>facta</strong></span> 
     </span>
    </p>
   </div>
   <div class='ocr_carea' id='block_1_39' title="bbox 766 3585 2326 3644">
    <p class='ocr_par' dir='ltr' id='par_1_39' title="bbox 766 3585 2326 3644">
     <span class='ocr_line' id='line_1_39' title="bbox 766 3585 2326 3644; baseline -0.001 -2"><span class='ocrx_word' id='word_1_261' title='bbox 766 3592 836 3644; x_wconf 64' lang='lat' dir='ltr'><strong>sit</strong></span> <span class='ocrx_word' id='word_1_262' title='bbox 887 3590 1139 3643; x_wconf 83' lang='lat' dir='ltr'><strong>obnoxia.</strong></span> <span class='ocrx_word' id='word_1_263' title='bbox 1189 3587 1306 3641; x_wconf 85' lang='lat' dir='ltr'><strong>Non</strong></span> <span class='ocrx_word' id='word_1_264' title='bbox 1364 3602 1490 3639; x_wconf 88' lang='lat' dir='ltr'><strong>vero</strong></span> <span class='ocrx_word' id='word_1_265' title='bbox 1541 3586 1792 3638; x_wconf 86' lang='lat' dir='ltr'><strong>miseram</strong></span> <span class='ocrx_word' id='word_1_266' title='bbox 1848 3587 2052 3638; x_wconf 87' lang='lat' dir='ltr'><strong>diceret</strong></span> <span class='ocrx_word' id='word_1_267' title='bbox 2107 3585 2326 3641; x_wconf 80' lang='lat' dir='ltr'><strong>Bonitas</strong></span> 
     </span>
    </p>
   </div>
   <div class='ocr_carea' id='block_1_40' title="bbox 767 3676 2327 3750">
    <p class='ocr_par' dir='ltr' id='par_1_40' title="bbox 767 3676 2327 3750">
     <span class='ocr_line' id='line_1_40' title="bbox 767 3676 2327 3750; baseline -0.002 -18"><span class='ocrx_word' id='word_1_268' title='bbox 767 3683 879 3750; x_wconf 88' lang='lat' dir='ltr'><strong>ipsa</strong></span> <span class='ocrx_word' id='word_1_269' title='bbox 908 3697 1023 3734; x_wconf 89' lang='lat' dir='ltr'><strong>eam</strong></span> <span class='ocrx_word' id='word_1_270' title='bbox 1057 3680 1266 3740; x_wconf 88' lang='lat' dir='ltr'><strong>urbem,</strong></span> <span class='ocrx_word' id='word_1_271' title='bbox 1314 3693 1433 3747; x_wconf 75' lang='lat' dir='ltr'><strong>qua:</strong></span> <span class='ocrx_word' id='word_1_272' title='bbox 1462 3677 1720 3745; x_wconf 88' lang='lat' dir='ltr'><strong>lapidaret</strong></span> <span class='ocrx_word' id='word_1_273' title='bbox 1753 3686 1846 3728; x_wconf 91' lang='lat' dir='ltr'><strong>aut</strong></span> <span class='ocrx_word' id='word_1_274' title='bbox 1893 3676 2163 3729; x_wconf 87' lang='lat' dir='ltr'><strong>occideret</strong></span> <span class='ocrx_word' id='word_1_275' title='bbox 2203 3692 2327 3744; x_wconf 90' lang='lat' dir='ltr'><strong>pra-</strong></span> 
     </span>
    </p>
   </div>
   <div class='ocr_carea' id='block_1_41' title="bbox 766 3768 2327 3836">
    <p class='ocr_par' dir='ltr' id='par_1_41' title="bbox 766 3768 2327 3836">
     <span class='ocr_line' id='line_1_41' title="bbox 766 3768 2327 3836; baseline -0.003 -12"><span class='ocrx_word' id='word_1_276' title='bbox 766 3773 946 3825; x_wconf 70' lang='lat' dir='ltr'><strong>vitatis</strong></span> <span class='ocrx_word' id='word_1_277' title='bbox 991 3783 1262 3825; x_wconf 86' lang='lat' dir='ltr'><strong>amatores</strong></span> <span class='ocrx_word' id='word_1_278' title='bbox 1302 3780 1394 3822; x_wconf 88' lang='lat' dir='ltr'><strong>aut</strong></span> <span class='ocrx_word' id='word_1_279' title='bbox 1441 3769 1687 3836; x_wconf 82' lang='lat' dir='ltr'><strong>ejusdem</strong></span> <span class='ocrx_word' id='word_1_280' title='bbox 1738 3769 1980 3836; x_wconf 82' lang='lat' dir='ltr'><strong>legatos:</strong></span> <span class='ocrx_word' id='word_1_281' title='bbox 2035 3768 2327 3821; x_wconf 78' lang='lat' dir='ltr'><strong>Jerusalem</strong></span> 
     </span>
    </p>
   </div>
   <div class='ocr_carea' id='block_1_42' title="bbox 767 3861 2328 3931">
    <p class='ocr_par' dir='ltr' id='par_1_42' title="bbox 767 3861 2328 3931">
     <span class='ocr_line' id='line_1_42' title="bbox 767 3861 2328 3931; baseline -0.001 -16"><span class='ocrx_word' id='word_1_282' title='bbox 767 3865 926 3927; x_wconf 64' lang='lat' dir='ltr'><strong>enim,</strong></span> <span class='ocrx_word' id='word_1_283' title='bbox 978 3863 1169 3931; x_wconf 86' lang='lat' dir='ltr'><strong>inquit,</strong></span> <span class='ocrx_word' id='word_1_284' title='bbox 1215 3861 1527 3923; x_wconf 78' lang='lat' dir='ltr'><strong>Jerusalem,</strong></span> <span class='ocrx_word' id='word_1_285' title='bbox 1578 3876 1693 3929; x_wconf 73' lang='lat' dir='ltr'><strong>qua:</strong></span> <span class='ocrx_word' id='word_1_286' title='bbox 1739 3861 1926 3912; x_wconf 80' lang='lat' dir='ltr'><strong>occidis</strong></span> <span class='ocrx_word' id='word_1_287' title='bbox 1948 3862 2242 3927; x_wconf 83' lang='lat' dir='ltr'><strong>prophetas,</strong></span> <span class='ocrx_word' id='word_1_288' title='bbox 2280 3870 2328 3914; x_wconf 82' lang='lat' dir='ltr'><strong>et</strong></span> 
     </span>
    </p>
   </div>
   <div class='ocr_carea' id='block_1_43' title="bbox 769 3948 2329 4020">
    <p class='ocr_par' dir='ltr' id='par_1_43' title="bbox 769 3948 2329 4020">
     <span class='ocr_line' id='line_1_43' title="bbox 769 3948 2329 4020; baseline -0.001 -16"><span class='ocrx_word' id='word_1_289' title='bbox 769 3954 975 4020; x_wconf 84' lang='lat' dir='ltr'><strong>lapidas</strong></span> <span class='ocrx_word' id='word_1_290' title='bbox 1005 3954 1182 4004; x_wconf 85' lang='lat' dir='ltr'><strong>missos</strong></span> <span class='ocrx_word' id='word_1_291' title='bbox 1230 3952 1300 4002; x_wconf 85' lang='lat' dir='ltr'><strong>ad</strong></span> <span class='ocrx_word' id='word_1_292' title='bbox 1346 3967 1461 4002; x_wconf 89' lang='lat' dir='ltr'><strong>eam</strong></span> <span class='ocrx_word' id='word_1_293' title='bbox 1491 3952 1553 4000; x_wconf 77' lang='grc' dir='ltr'><strong>ι’.</strong></span> <span class='ocrx_word' id='word_1_294' title='bbox 1599 3948 1663 4000; x_wconf 82' lang='lat' dir='ltr'><strong>Et</strong></span> <span class='ocrx_word' id='word_1_295' title='bbox 1691 3958 1875 4017; x_wconf 89' lang='lat' dir='ltr'><strong>postea</strong></span> <span class='ocrx_word' id='word_1_296' title='bbox 1897 3965 1916 4002; x_wconf 93' lang='lat'><strong><em>:</em></strong></span> <span class='ocrx_word' id='word_1_297' title='bbox 1945 3949 2155 4012; x_wconf 82' lang='lat' dir='ltr'><strong>Quoties</strong></span> <span class='ocrx_word' id='word_1_298' title='bbox 2191 3950 2329 4002; x_wconf 79' lang='lat' dir='ltr'><strong>volui</strong></span> 
     </span>
    </p>
   </div>
   <div class='ocr_carea' id='block_1_44' title="bbox 767 4039 2328 4109">
    <p class='ocr_par' dir='ltr' id='par_1_44' title="bbox 767 4039 2328 4109">
     <span class='ocr_line' id='line_1_44' title="bbox 767 4039 2328 4109; baseline 0.001 -17"><span class='ocrx_word' id='word_1_299' title='bbox 767 4057 1086 4109; x_wconf 73' lang='lat' dir='ltr'><strong>congregare</strong></span> <span class='ocrx_word' id='word_1_300' title='bbox 1111 4040 1246 4106; x_wconf 81' lang='lat' dir='ltr'><strong>ﬁlios</strong></span> <span class='ocrx_word' id='word_1_301' title='bbox 1294 4049 1428 4101; x_wconf 80' lang='lat' dir='ltr'><strong>tuos,</strong></span> <span class='ocrx_word' id='word_1_302' title='bbox 1456 4041 1708 4107; x_wconf 88' lang='lat' dir='ltr'><strong>quomodo</strong></span> <span class='ocrx_word' id='word_1_303' title='bbox 1755 4039 1955 4105; x_wconf 83' lang='lat' dir='ltr'><strong>gallina</strong></span> <span class='ocrx_word' id='word_1_304' title='bbox 1984 4039 2154 4106; x_wconf 79' lang='lat' dir='ltr'><strong>pullos</strong></span> <span class='ocrx_word' id='word_1_305' title='bbox 2185 4057 2328 4106; x_wconf 84' lang='lat' dir='ltr'><strong>suos,</strong></span> 
     </span>
    </p>
   </div>
   <div class='ocr_carea' id='block_1_45' title="bbox 769 4127 2329 4193">
    <p class='ocr_par' dir='ltr' id='par_1_45' title="bbox 769 4127 2329 4193">
     <span class='ocr_line' id='line_1_45' title="bbox 769 4127 2329 4193; baseline 0.001 -10"><span class='ocrx_word' id='word_1_306' title='bbox 769 4149 855 4183; x_wconf 83' lang='lat' dir='ltr'><strong>vos</strong></span> <span class='ocrx_word' id='word_1_307' title='bbox 906 4140 1080 4182; x_wconf 80' lang='lat' dir='ltr'><strong>autem</strong></span> <span class='ocrx_word' id='word_1_308' title='bbox 1133 4129 1368 4181; x_wconf 82' lang='lat' dir='ltr'><strong>noluistis</strong></span> <span class='ocrx_word' id='word_1_309' title='bbox 1421 4129 1482 4184; x_wconf 79' lang='lat'><strong>“.</strong></span> <span class='ocrx_word' id='word_1_310' title='bbox 1519 4127 1630 4180; x_wconf 81' lang='lat' dir='ltr'><strong>Hoc</strong></span> <span class='ocrx_word' id='word_1_311' title='bbox 1673 4137 1788 4181; x_wconf 88' lang='lat' dir='ltr'><strong>est:</strong></span> <span class='ocrx_word' id='word_1_312' title='bbox 1820 4128 2044 4193; x_wconf 87' lang='lat' dir='ltr'><strong>Quoties</strong></span> <span class='ocrx_word' id='word_1_313' title='bbox 2081 4130 2224 4183; x_wconf 87' lang='lat' dir='ltr'><strong>volui</strong></span> <span class='ocrx_word' id='word_1_314' title='bbox 2263 4146 2329 4184; x_wconf 75' lang='lat' dir='ltr'><strong>ex</strong></span> 
     </span>
    </p>
   </div>
   <div class='ocr_carea' id='block_1_46' title="bbox 766 4220 2332 4290">
    <p class='ocr_par' dir='ltr' id='par_1_46' title="bbox 766 4220 2332 4290">
     <span class='ocr_line' id='line_1_46' title="bbox 766 4220 2332 4290; baseline 0.001 -17"><span class='ocrx_word' id='word_1_315' title='bbox 766 4221 1246 4274; x_wconf 88' lang='lat' dir='ltr'><strong>commiseratione</strong></span> <span class='ocrx_word' id='word_1_316' title='bbox 1321 4235 1415 4272; x_wconf 90' lang='lat' dir='ltr'><strong>eos</strong></span> <span class='ocrx_word' id='word_1_317' title='bbox 1468 4220 1533 4271; x_wconf 91' lang='lat' dir='ltr'><strong>ad</strong></span> <span class='ocrx_word' id='word_1_318' title='bbox 1601 4236 1687 4273; x_wconf 88' lang='lat' dir='ltr'><strong>me</strong></span> <span class='ocrx_word' id='word_1_319' title='bbox 1731 4220 1994 4288; x_wconf 86' lang='lat' dir='ltr'><strong>recipere,</strong></span> <span class='ocrx_word' id='word_1_320' title='bbox 2055 4231 2111 4275; x_wconf 92' lang='lat' dir='ltr'><strong>et</strong></span> <span class='ocrx_word' id='word_1_321' title='bbox 2157 4237 2332 4290; x_wconf 66' lang='lat' dir='ltr'><strong>paena:</strong></span> 
     </span>
    </p>
   </div>
   <div class='ocr_carea' id='block_1_47' title="bbox 771 4311 2331 4381">
    <p class='ocr_par' dir='ltr' id='par_1_47' title="bbox 771 4311 2331 4381">
     <span class='ocr_line' id='line_1_47' title="bbox 771 4311 2331 4381; baseline 0.002 -17"><span class='ocrx_word' id='word_1_322' title='bbox 771 4312 1110 4374; x_wconf 85' lang='lat' dir='ltr'><strong>subtrahere,</strong></span> <span class='ocrx_word' id='word_1_323' title='bbox 1144 4327 1264 4379; x_wconf 77' lang='lat' dir='ltr'><strong>quze</strong></span> <span class='ocrx_word' id='word_1_324' title='bbox 1300 4326 1394 4364; x_wconf 88' lang='lat' dir='ltr'><strong>vos</strong></span> <span class='ocrx_word' id='word_1_325' title='bbox 1425 4327 1524 4379; x_wconf 91' lang='lat' dir='ltr'><strong>pro</strong></span> <span class='ocrx_word' id='word_1_326' title='bbox 1557 4311 1702 4365; x_wconf 74' lang='lat' dir='ltr'><strong>czede</strong></span> <span class='ocrx_word' id='word_1_327' title='bbox 1731 4312 2119 4379; x_wconf 82' lang='lat' dir='ltr'><strong>prephetarum</strong></span> <span class='ocrx_word' id='word_1_328' title='bbox 2147 4323 2202 4366; x_wconf 89' lang='lat' dir='ltr'><strong>et</strong></span> <span class='ocrx_word' id='word_1_329' title='bbox 2233 4329 2331 4381; x_wconf 91' lang='lat' dir='ltr'><strong>pro</strong></span> 
     </span>
    </p>
   </div>
   <div class='ocr_carea' id='block_1_48' title="bbox 771 4401 2328 4471">
    <p class='ocr_par' dir='ltr' id='par_1_48' title="bbox 771 4401 2328 4471">
     <span class='ocr_line' id='line_1_48' title="bbox 771 4401 2328 4471; baseline 0.001 -18"><span class='ocrx_word' id='word_1_330' title='bbox 771 4402 1029 4463; x_wconf 78' lang='lat' dir='ltr'><strong>ludibrio,</strong></span> <span class='ocrx_word' id='word_1_331' title='bbox 1075 4401 1128 4452; x_wconf 93' lang='lat' dir='ltr'><strong>in</strong></span> <span class='ocrx_word' id='word_1_332' title='bbox 1162 4401 1305 4471; x_wconf 75' lang='lat' dir='ltr'><strong>leges</strong></span> <span class='ocrx_word' id='word_1_333' title='bbox 1358 4401 1511 4453; x_wconf 87' lang='lat' dir='ltr'><strong>vobis</strong></span> <span class='ocrx_word' id='word_1_334' title='bbox 1539 4401 1692 4454; x_wconf 87' lang='lat' dir='ltr'><strong>datas</strong></span> <span class='ocrx_word' id='word_1_335' title='bbox 1749 4401 1995 4468; x_wconf 88' lang='lat' dir='ltr'><strong>probato,</strong></span> <span class='ocrx_word' id='word_1_336' title='bbox 2054 4401 2328 4464; x_wconf 87' lang='lat' dir='ltr'><strong>manebat,</strong></span> 
     </span>
    </p>
   </div>
   <div class='ocr_carea' id='block_1_49' title="bbox 2415 594 3977 665">
    <p class='ocr_par' dir='ltr' id='par_1_49' title="bbox 2415 594 3977 665">
     <span class='ocr_line' id='line_1_49' title="bbox 2415 594 3977 665; baseline 0.001 -19"><span class='ocrx_word' id='word_1_337' title='bbox 2415 598 2619 665; x_wconf 82' lang='grc' dir='ltr'>γνῶναι</span> <span class='ocrx_word' id='word_1_338' title='bbox 2648 597 2737 648; x_wconf 83' lang='grc' dir='ltr'><strong>τὸν</strong></span> <span class='ocrx_word' id='word_1_339' title='bbox 2771 595 3001 648; x_wconf 80' lang='grc' dir='ltr'>σεαυτοῦ</span> <span class='ocrx_word' id='word_1_340' title='bbox 3027 596 3322 662; x_wconf 82' lang='grc' dir='ltr'>Δεσπότην,</span> <span class='ocrx_word' id='word_1_341' title='bbox 3347 596 3459 647; x_wconf 81' lang='grc' dir='ltr'>ἀλλ’</span> <span class='ocrx_word' id='word_1_342' title='bbox 3487 594 3568 646; x_wconf 75' lang='grc' dir='ltr'>ἔτι</span> <span class='ocrx_word' id='word_1_343' title='bbox 3603 595 3664 647; x_wconf 86' lang='grc' dir='ltr'>τὸ</span> <span class='ocrx_word' id='word_1_344' title='bbox 3694 598 3782 647; x_wconf 77' lang='grc' dir='ltr'><strong>σὺν</strong></span> <span class='ocrx_word' id='word_1_345' title='bbox 3817 596 3977 664; x_wconf 77' lang='grc' dir='ltr'>σῶμα</span> 
     </span>
    </p>
   </div>
   <div class='ocr_carea' id='block_1_50' title="bbox 2416 687 3973 757">
    <p class='ocr_par' dir='ltr' id='par_1_50' title="bbox 2416 687 3973 757">
     <span class='ocr_line' id='line_1_50' title="bbox 2416 687 3973 757; baseline -0.002 -16"><span class='ocrx_word' id='word_1_346' title='bbox 2416 691 2639 757; x_wconf 79' lang='grc' dir='ltr'><strong>πλάσμα</strong></span> <span class='ocrx_word' id='word_1_347' title='bbox 2679 689 2857 754; x_wconf 83' lang='grc' dir='ltr'>λέγεις</span> <span class='ocrx_word' id='word_1_348' title='bbox 2903 687 2996 739; x_wconf 90' lang='grc' dir='ltr'><strong>τοῦ</strong></span> <span class='ocrx_word' id='word_1_349' title='bbox 3031 688 3308 754; x_wconf 89' lang='grc' dir='ltr'>Πονηροῦ;</span> <span class='ocrx_word' id='word_1_350' title='bbox 3357 687 3414 738; x_wconf 86' lang='lat'><strong>&#39;0</strong></span> <span class='ocrx_word' id='word_1_351' title='bbox 3485 688 3973 756; x_wconf 76' lang='grc' dir='ltr'>συνηγορούμενος,</span> 
     </span>
    </p>
   </div>
   <div class='ocr_carea' id='block_1_51' title="bbox 2416 775 3976 845">
    <p class='ocr_par' dir='ltr' id='par_1_51' title="bbox 2416 775 3976 845">
     <span class='ocr_line' id='line_1_51' title="bbox 2416 775 3976 845; baseline 0.002 -21"><span class='ocrx_word' id='word_1_352' title='bbox 2416 776 2564 844; x_wconf 81' lang='grc' dir='ltr'>φόϐῳ</span> <span class='ocrx_word' id='word_1_353' title='bbox 2625 779 2928 845; x_wconf 74' lang='grc' dir='ltr'>συσχεθεὶς,</span> <span class='ocrx_word' id='word_1_354' title='bbox 2985 777 3044 826; x_wconf 75' lang='grc' dir='ltr'>τὸ</span> <span class='ocrx_word' id='word_1_355' title='bbox 3098 775 3293 843; x_wconf 76' lang='grc' dir='ltr'>ψεῦδος</span> <span class='ocrx_word' id='word_1_356' title='bbox 3340 776 3594 837; x_wconf 83' lang='grc' dir='ltr'><strong>ἀπέθετο,</strong></span> <span class='ocrx_word' id='word_1_357' title='bbox 3631 778 3723 827; x_wconf 71' lang='grc' dir='ltr'><strong>καὶ</strong></span> <span class='ocrx_word' id='word_1_358' title='bbox 3757 777 3819 827; x_wconf 74' lang='grc' dir='ltr'><strong>σὺ</strong></span> <span class='ocrx_word' id='word_1_359' title='bbox 3875 777 3976 844; x_wconf 79' lang='grc' dir='ltr'>τὴν</span> 
     </span>
    </p>
   </div>
   <div class='ocr_carea' id='block_1_52' title="bbox 2418 865 3972 934">
    <p class='ocr_par' dir='ltr' id='par_1_52' title="bbox 2418 865 3972 934">
     <span class='ocr_line' id='line_1_52' title="bbox 2418 865 3972 934; baseline 0.001 -18"><span class='ocrx_word' id='word_1_360' title='bbox 2418 867 2745 934; x_wconf 71' lang='grc' dir='ltr'><strong>συνηγορίαν</strong></span> <span class='ocrx_word' id='word_1_361' title='bbox 2801 867 2879 919; x_wconf 85' lang='grc' dir='ltr'>ἔτι</span> <span class='ocrx_word' id='word_1_362' title='bbox 2935 868 3291 934; x_wconf 75' lang='grc' dir='ltr'>συγκροτεῖςς</span> <span class='ocrx_word' id='word_1_363' title='bbox 3339 865 3575 925; x_wconf 84' lang='grc' dir='ltr'>Ἐκεῖνος</span> <span class='ocrx_word' id='word_1_364' title='bbox 3625 869 3736 926; x_wconf 78' lang='grc' dir='ltr'>τοῖς</span> <span class='ocrx_word' id='word_1_365' title='bbox 3790 866 3972 934; x_wconf 79' lang='grc' dir='ltr'>ἔργοις</span> 
     </span>
    </p>
   </div>
   <div class='ocr_carea' id='block_1_53' title="bbox 2416 956 3974 1027">
    <p class='ocr_par' dir='ltr' id='par_1_53' title="bbox 2416 956 3974 1027">
     <span class='ocr_line' id='line_1_53' title="bbox 2416 956 3974 1027; baseline -0.001 -19"><span class='ocrx_word' id='word_1_366' title='bbox 2416 957 2644 1027; x_wconf 77' lang='grc' dir='ltr'>ἀναϐοᾷ,</span> <span class='ocrx_word' id='word_1_367' title='bbox 2673 957 2746 1019; x_wconf 84' lang='grc' dir='ltr'>ὡς</span> <span class='ocrx_word' id='word_1_368' title='bbox 2781 958 2902 1009; x_wconf 85' lang='grc' dir='ltr'><strong>ούδέ</strong></span> <span class='ocrx_word' id='word_1_369' title='bbox 2942 957 3053 1009; x_wconf 84' lang='grc' dir='ltr'><strong>τῶν</strong></span> <span class='ocrx_word' id='word_1_370' title='bbox 3104 958 3298 1025; x_wconf 82' lang='grc' dir='ltr'><strong>χοίρων</strong></span> <span class='ocrx_word' id='word_1_371' title='bbox 3348 956 3534 1024; x_wconf 88' lang='grc' dir='ltr'>κύριός</span> <span class='ocrx_word' id='word_1_372' title='bbox 3586 957 3724 1016; x_wconf 82' lang='grc' dir='ltr'>ἐστι,</span> <span class='ocrx_word' id='word_1_373' title='bbox 3779 959 3873 1007; x_wconf 66' lang='grc' dir='ltr'><strong>κα)⁸</strong></span> <span class='ocrx_word' id='word_1_374' title='bbox 3911 957 3974 1007; x_wconf 64' lang='grc' dir='ltr'><strong>σὺ</strong></span> 
     </span>
    </p>
   </div>
   <div class='ocr_carea' id='block_1_54' title="bbox 2415 1046 3976 1117">
    <p class='ocr_par' dir='ltr' id='par_1_54' title="bbox 2415 1046 3976 1117">
     <span class='ocr_line' id='line_1_54' title="bbox 2415 1046 3976 1117; baseline -0.001 -19"><span class='ocrx_word' id='word_1_375' title='bbox 2415 1048 2640 1100; x_wconf 81' lang='grc' dir='ltr'><strong>σεαυτοῦ</strong></span> <span class='ocrx_word' id='word_1_376' title='bbox 2681 1048 2866 1117; x_wconf 87' lang='grc' dir='ltr'>κύριον</span> <span class='ocrx_word' id='word_1_377' title='bbox 2915 1049 3123 1109; x_wconf 77' lang='grc' dir='ltr'>ποιεῖςς</span> <span class='ocrx_word' id='word_1_378' title='bbox 3165 1048 3397 1107; x_wconf 83' lang='grc' dir='ltr'>Ἐκεῖνος</span> <span class='ocrx_word' id='word_1_379' title='bbox 3430 1046 3582 1098; x_wconf 74' lang='grc' dir='ltr'>οὔπω</span> <span class='ocrx_word' id='word_1_380' title='bbox 3625 1047 3844 1107; x_wconf 80' lang='grc' dir='ltr'>τελείως</span> <span class='ocrx_word' id='word_1_381' title='bbox 3886 1047 3976 1097; x_wconf 64' lang='grc' dir='ltr'><strong>τὸν</strong></span> 
     </span>
    </p>
   </div>
   <div class='ocr_carea' id='block_1_55' title="bbox 2415 1132 3978 1208">
    <p class='ocr_par' dir='ltr' id='par_1_55' title="bbox 2415 1132 3978 1208">
     <span class='ocr_line' id='line_1_55' title="bbox 2415 1132 3978 1208; baseline -0.001 -19"><span class='ocrx_word' id='word_1_382' title='bbox 2415 1139 2686 1208; x_wconf 84' lang='grc' dir='ltr'>Δεσπότην</span> <span class='ocrx_word' id='word_1_383' title='bbox 2736 1140 2986 1204; x_wconf 80' lang='grc' dir='ltr'>ἐπιγνοὺς</span> <span class='ocrx_word' id='word_1_384' title='bbox 3019 1139 3154 1207; x_wconf 79' lang='grc'><strong>(15),</strong></span> <span class='ocrx_word' id='word_1_385' title='bbox 3201 1135 3352 1188; x_wconf 79' lang='grc' dir='ltr'>οῠπω</span> <span class='ocrx_word' id='word_1_386' title='bbox 3402 1136 3510 1205; x_wconf 79' lang='grc' dir='ltr'><strong>γὰρ</strong></span> <span class='ocrx_word' id='word_1_387' title='bbox 3563 1132 3630 1206; x_wconf 78' lang='grc' dir='ltr'>ἦν</span> <span class='ocrx_word' id='word_1_388' title='bbox 3668 1140 3695 1188; x_wconf 90' lang='grc' dir='ltr'><strong>ὁ</strong></span> <span class='ocrx_word' id='word_1_389' title='bbox 3749 1138 3978 1205; x_wconf 74' lang='grc' dir='ltr'>σταυρὸς</span> 
     </span>
    </p>
   </div>
   <div class='ocr_carea' id='block_1_56' title="bbox 2416 1225 3975 1298">
    <p class='ocr_par' dir='ltr' id='par_1_56' title="bbox 2416 1225 3975 1298">
     <span class='ocr_line' id='line_1_56' title="bbox 2416 1225 3975 1298; baseline -0.001 -18"><span class='ocrx_word' id='word_1_390' title='bbox 2416 1230 2634 1296; x_wconf 82' lang='grc' dir='ltr'>πηγεὶς,</span> <span class='ocrx_word' id='word_1_391' title='bbox 2682 1230 2790 1280; x_wconf 72' lang='grc' dir='ltr'>οὐδ’</span> <span class='ocrx_word' id='word_1_392' title='bbox 2840 1232 2868 1282; x_wconf 98' lang='lat'><strong>6</strong></span> <span class='ocrx_word' id='word_1_393' title='bbox 2917 1229 3068 1298; x_wconf 76' lang='grc' dir='ltr'>ἥλιος</span> <span class='ocrx_word' id='word_1_394' title='bbox 3103 1229 3278 1296; x_wconf 85' lang='grc' dir='ltr'>σκότῳ</span> <span class='ocrx_word' id='word_1_395' title='bbox 3313 1227 3690 1294; x_wconf 68' lang='grc' dir='ltr'>καλυψάμενος</span> <span class='ocrx_word' id='word_1_396' title='bbox 3737 1225 3797 1278; x_wconf 80' lang='grc' dir='ltr'><strong>τὸ</strong></span> <span class='ocrx_word' id='word_1_397' title='bbox 3839 1227 3975 1292; x_wconf 74' lang='grc' dir='ltr'>φῶς,</span> 
     </span>
    </p>
   </div>
   <div class='ocr_carea' id='block_1_57' title="bbox 2415 1317 3973 1388">
    <p class='ocr_par' dir='ltr' id='par_1_57' title="bbox 2415 1317 3973 1388">
     <span class='ocr_line' id='line_1_57' title="bbox 2415 1317 3973 1388; baseline -0.002 -16"><span class='ocrx_word' id='word_1_398' title='bbox 2415 1320 2534 1372; x_wconf 84' lang='grc' dir='ltr'>οὐδὲ</span> <span class='ocrx_word' id='word_1_399' title='bbox 2568 1319 2666 1388; x_wconf 85' lang='grc' dir='ltr'>τὴν</span> <span class='ocrx_word' id='word_1_400' title='bbox 2699 1320 2802 1387; x_wconf 88' lang='grc' dir='ltr'><strong>γῆν</strong></span> <span class='ocrx_word' id='word_1_401' title='bbox 2823 1319 2944 1371; x_wconf 77' lang='grc' dir='ltr'>ἀντὶ</span> <span class='ocrx_word' id='word_1_402' title='bbox 2974 1321 3066 1386; x_wconf 80' lang='grc' dir='ltr'><strong>τῆς</strong></span> <span class='ocrx_word' id='word_1_403' title='bbox 3099 1318 3238 1370; x_wconf 85' lang='grc' dir='ltr'><strong>κατά</strong></span> <span class='ocrx_word' id='word_1_404' title='bbox 3268 1318 3426 1384; x_wconf 82' lang='grc' dir='ltr'>φύσιν</span> <span class='ocrx_word' id='word_1_405' title='bbox 3451 1317 3686 1385; x_wconf 80' lang='grc' dir='ltr'>ἠρεμίας</span> <span class='ocrx_word' id='word_1_406' title='bbox 3726 1318 3754 1368; x_wconf 89' lang='grc' dir='ltr'><strong>ό</strong></span> <span class='ocrx_word' id='word_1_407' title='bbox 3793 1318 3973 1386; x_wconf 79' lang='grc' dir='ltr'>παρά-</span> 
     </span>
    </p>
   </div>
   <div class='ocr_carea' id='block_1_58' title="bbox 2416 1406 3973 1480">
    <p class='ocr_par' dir='ltr' id='par_1_58' title="bbox 2416 1406 3973 1480">
     <span class='ocr_line' id='line_1_58' title="bbox 2416 1406 3973 1480; baseline -0.004 -16"><span class='ocrx_word' id='word_1_408' title='bbox 2416 1411 2564 1475; x_wconf 83' lang='grc' dir='ltr'>δοξος</span> <span class='ocrx_word' id='word_1_409' title='bbox 2580 1406 2692 1479; x_wconf 85' lang='grc' dir='ltr'>εἶχε</span> <span class='ocrx_word' id='word_1_410' title='bbox 2709 1411 2929 1480; x_wconf 84' lang='grc' dir='ltr'>τρόμος,</span> <span class='ocrx_word' id='word_1_411' title='bbox 2954 1410 3075 1461; x_wconf 82' lang='grc' dir='ltr'>οὐδὲ</span> <span class='ocrx_word' id='word_1_412' title='bbox 3094 1410 3161 1461; x_wconf 80' lang='grc' dir='ltr'>τὰ</span> <span class='ocrx_word' id='word_1_413' title='bbox 3179 1408 3270 1460; x_wconf 88' lang='grc' dir='ltr'><strong>τοῦ</strong></span> <span class='ocrx_word' id='word_1_414' title='bbox 3291 1409 3417 1477; x_wconf 72' lang='grc' dir='ltr'>ᾅδου</span> <span class='ocrx_word' id='word_1_415' title='bbox 3439 1408 3736 1460; x_wconf 81' lang='grc' dir='ltr'>ἐκεκένωτο</span> <span class='ocrx_word' id='word_1_416' title='bbox 3753 1410 3973 1474; x_wconf 87' lang='grc' dir='ltr'>ταμεῖα,</span> 
     </span>
    </p>
   </div>
   <div class='ocr_carea' id='block_1_59' title="bbox 2416 1498 3975 1569">
    <p class='ocr_par' dir='ltr' id='par_1_59' title="bbox 2416 1498 3975 1569">
     <span class='ocr_line' id='line_1_59' title="bbox 2416 1498 3975 1569; baseline -0.004 -16"><span class='ocrx_word' id='word_1_417' title='bbox 2416 1502 2587 1569; x_wconf 82' lang='grc' dir='ltr'>οὐδὲὴ</span> <span class='ocrx_word' id='word_1_418' title='bbox 2621 1502 2914 1561; x_wconf 83' lang='grc' dir='ltr'>ἀνάστασις</span> <span class='ocrx_word' id='word_1_419' title='bbox 2936 1500 3282 1568; x_wconf 84' lang='grc' dir='ltr'>ἐγινώσκετο.</span> <span class='ocrx_word' id='word_1_420' title='bbox 3331 1499 3469 1550; x_wconf 78' lang='grc' dir='ltr'>Ἀλλ’</span> <span class='ocrx_word' id='word_1_421' title='bbox 3502 1498 3594 1551; x_wconf 81' lang='grc' dir='ltr'><strong>οὖν</strong></span> <span class='ocrx_word' id='word_1_422' title='bbox 3617 1498 3710 1549; x_wconf 77' lang='grc' dir='ltr'>καὶ</span> <span class='ocrx_word' id='word_1_423' title='bbox 3748 1498 3975 1566; x_wconf 72' lang='grc' dir='ltr'>μηδενὸς</span> 
     </span>
    </p>
   </div>
   <div class='ocr_carea' id='block_1_60' title="bbox 2418 1587 3975 1661">
    <p class='ocr_par' dir='ltr' id='par_1_60' title="bbox 2418 1587 3975 1661">
     <span class='ocr_line' id='line_1_60' title="bbox 2418 1587 3975 1661; baseline -0.003 -19"><span class='ocrx_word' id='word_1_424' title='bbox 2418 1591 2494 1642; x_wconf 79' lang='grc' dir='ltr'><strong>ἑτι</strong></span> <span class='ocrx_word' id='word_1_425' title='bbox 2516 1592 2719 1644; x_wconf 89' lang='grc' dir='ltr'>τούτων</span> <span class='ocrx_word' id='word_1_426' title='bbox 2739 1592 3002 1661; x_wconf 84' lang='grc' dir='ltr'>παρόντος</span> <span class='ocrx_word' id='word_1_427' title='bbox 3027 1593 3056 1643; x_wconf 90' lang='lat'><strong>6</strong></span> <span class='ocrx_word' id='word_1_428' title='bbox 3083 1590 3284 1659; x_wconf 81' lang='grc' dir='ltr'>λῃστὴς</span> <span class='ocrx_word' id='word_1_429' title='bbox 3303 1590 3398 1658; x_wconf 82' lang='grc' dir='ltr'>τὴν</span> <span class='ocrx_word' id='word_1_430' title='bbox 3416 1590 3774 1641; x_wconf 78' lang='grc' dir='ltr'>ἐνυπόστατον</span> <span class='ocrx_word' id='word_1_431' title='bbox 3787 1587 3975 1648; x_wconf 87' lang='grc' dir='ltr'>δεδιὼς</span> 
     </span>
    </p>
   </div>
   <div class='ocr_carea' id='block_1_61' title="bbox 2417 1679 3979 1752">
    <p class='ocr_par' dir='ltr' id='par_1_61' title="bbox 2417 1679 3979 1752">
     <span class='ocr_line' id='line_1_61' title="bbox 2417 1679 3979 1752; baseline -0.004 -18"><span class='ocrx_word' id='word_1_432' title='bbox 2417 1684 2696 1752; x_wconf 82' lang='grc' dir='ltr'>ἀλήθειαν,</span> <span class='ocrx_word' id='word_1_433' title='bbox 2730 1684 2797 1750; x_wconf 83' lang='grc' dir='ltr'>ἦν</span> <span class='ocrx_word' id='word_1_434' title='bbox 2826 1683 2972 1751; x_wconf 85' lang='grc' dir='ltr'>αὑτῷ</span> <span class='ocrx_word' id='word_1_435' title='bbox 3001 1680 3445 1750; x_wconf 79' lang='grc' dir='ltr'>προανεπλάσατο</span> <span class='ocrx_word' id='word_1_436' title='bbox 3471 1679 3736 1742; x_wconf 80' lang='grc' dir='ltr'>ἐξουσίαν,</span> <span class='ocrx_word' id='word_1_437' title='bbox 3769 1679 3979 1745; x_wconf 83' lang='grc' dir='ltr'>ταύτης</span> 
     </span>
    </p>
   </div>
   <div class='ocr_carea' id='block_1_62' title="bbox 2419 1769 3978 1838">
    <p class='ocr_par' dir='ltr' id='par_1_62' title="bbox 2419 1769 3978 1838">
     <span class='ocr_line' id='line_1_62' title="bbox 2419 1769 3978 1838; baseline -0.003 -14"><span class='ocrx_word' id='word_1_438' title='bbox 2419 1773 2607 1825; x_wconf 79' lang='grc' dir='ltr'>ἑαυτὸν</span> <span class='ocrx_word' id='word_1_439' title='bbox 2631 1774 2718 1824; x_wconf 72' lang='grc' dir='ltr'><strong>ιιια1</strong></span> <span class='ocrx_word' id='word_1_440' title='bbox 2760 1775 2908 1825; x_wconf 81' lang='grc' dir='ltr'>ἄκων</span> <span class='ocrx_word' id='word_1_441' title='bbox 2959 1772 3187 1837; x_wconf 82' lang='grc' dir='ltr'>ἀπάγει.</span> <span class='ocrx_word' id='word_1_442' title='bbox 3231 1769 3508 1832; x_wconf 75' lang='grc' dir='ltr'>Ἐϐιάζετο</span> <span class='ocrx_word' id='word_1_443' title='bbox 3537 1770 3644 1838; x_wconf 85' lang='grc' dir='ltr'><strong>γάρ</strong></span> <span class='ocrx_word' id='word_1_444' title='bbox 3695 1769 3978 1837; x_wconf 77' lang='grc' dir='ltr'>ἠάλήθεια</span> 
     </span>
    </p>
   </div>
   <div class='ocr_carea' id='block_1_63' title="bbox 2420 1857 3978 1932">
    <p class='ocr_par' dir='ltr' id='par_1_63' title="bbox 2420 1857 3978 1932">
     <span class='ocr_line' id='line_1_63' title="bbox 2420 1857 3978 1932; baseline -0.008 -12"><span class='ocrx_word' id='word_1_445' title='bbox 2420 1869 2508 1920; x_wconf 85' lang='grc' dir='ltr'><strong>τὸν</strong></span> <span class='ocrx_word' id='word_1_446' title='bbox 2520 1859 2782 1932; x_wconf 70' lang='grc' dir='ltr'>ψεύστην·</span> <span class='ocrx_word' id='word_1_447' title='bbox 2799 1863 2889 1914; x_wconf 69' lang='grc' dir='ltr'>καὶ</span> <span class='ocrx_word' id='word_1_448' title='bbox 2909 1861 3043 1930; x_wconf 82' lang='grc' dir='ltr'>μηδὲ</span> <span class='ocrx_word' id='word_1_449' title='bbox 3059 1861 3164 1911; x_wconf 84' lang='grc' dir='ltr'><strong>τῶν</strong></span> <span class='ocrx_word' id='word_1_450' title='bbox 3193 1859 3406 1927; x_wconf 84' lang='grc' dir='ltr'>χοίρων,</span> <span class='ocrx_word' id='word_1_451' title='bbox 3431 1858 3504 1926; x_wconf 83' lang='grc' dir='ltr'>μὴ</span> <span class='ocrx_word' id='word_1_452' title='bbox 3539 1859 3620 1909; x_wconf 84' lang='grc' dir='ltr'>ὅτι</span> <span class='ocrx_word' id='word_1_453' title='bbox 3637 1858 3780 1918; x_wconf 83' lang='grc' dir='ltr'>τινὸς</span> <span class='ocrx_word' id='word_1_454' title='bbox 3794 1857 3978 1917; x_wconf 80' lang='grc' dir='ltr'>ἄλλου,</span> 
     </span>
    </p>
   </div>
   <div class='ocr_carea' id='block_1_64' title="bbox 2417 1941 3977 2022">
    <p class='ocr_par' dir='ltr' id='par_1_64' title="bbox 2417 1941 3977 2022">
     <span class='ocr_line' id='line_1_64' title="bbox 2417 1941 3977 2022; baseline -0.009 -13"><span class='ocrx_word' id='word_1_455' title='bbox 2417 1960 2444 2008; x_wconf 90' lang='lat'><strong>6</strong></span> <span class='ocrx_word' id='word_1_456' title='bbox 2471 1957 2565 2017; x_wconf 79' lang='grc' dir='ltr'>τὰς</span> <span class='ocrx_word' id='word_1_457' title='bbox 2603 1952 2879 2022; x_wconf 77' lang='grc' dir='ltr'>βασιλείας</span> <span class='ocrx_word' id='word_1_458' title='bbox 2932 1950 3112 2009; x_wconf 80' lang='grc' dir='ltr'>πάσας</span> <span class='ocrx_word' id='word_1_459' title='bbox 3143 1946 3331 1999; x_wconf 84' lang='grc' dir='ltr'>ἐαυτοῦ</span> <span class='ocrx_word' id='word_1_460' title='bbox 3368 1945 3796 2014; x_wconf 85' lang='grc' dir='ltr'>τερατευόμενος</span> <span class='ocrx_word' id='word_1_461' title='bbox 3837 1941 3977 1996; x_wconf 78' lang='grc' dir='ltr'>εἶναι</span> 
     </span>
    </p>
   </div>
   <div class='ocr_carea' id='block_1_65' title="bbox 2421 2036 3982 2114">
    <p class='ocr_par' dir='ltr' id='par_1_65' title="bbox 2421 2036 3982 2114">
     <span class='ocr_line' id='line_1_65' title="bbox 2421 2036 3982 2114; baseline -0.008 -17"><span class='ocrx_word' id='word_1_462' title='bbox 2421 2047 2543 2114; x_wconf 87' lang='grc' dir='ltr'>μηδ’</span> <span class='ocrx_word' id='word_1_463' title='bbox 2587 2044 2763 2095; x_wconf 82' lang='grc' dir='ltr'>αὐτῶν</span> <span class='ocrx_word' id='word_1_464' title='bbox 2822 2040 2965 2109; x_wconf 80' lang='grc' dir='ltr'>ἔχειν</span> <span class='ocrx_word' id='word_1_465' title='bbox 3009 2039 3109 2107; x_wconf 86' lang='grc' dir='ltr'>τὴν</span> <span class='ocrx_word' id='word_1_466' title='bbox 3168 2037 3462 2106; x_wconf 85' lang='grc' dir='ltr'>κυριότητα</span> <span class='ocrx_word' id='word_1_467' title='bbox 3509 2037 3620 2098; x_wconf 87' lang='grc' dir='ltr'>τοῖς</span> <span class='ocrx_word' id='word_1_468' title='bbox 3658 2036 3982 2105; x_wconf 72' lang='grc' dir='ltr'>πράγμασιν</span> 
     </span>
    </p>
   </div>
   <div class='ocr_carea' id='block_1_66' title="bbox 2417 2128 3982 2204">
    <p class='ocr_par' dir='ltr' id='par_1_66' title="bbox 2417 2128 3982 2204">
     <span class='ocr_line' id='line_1_66' title="bbox 2417 2128 3982 2204; baseline -0.01 -14"><span class='ocrx_word' id='word_1_469' title='bbox 2417 2137 2733 2204; x_wconf 80' lang='grc' dir='ltr'>ἀνακράζει.</span> <span class='ocrx_word' id='word_1_470' title='bbox 2768 2133 2880 2185; x_wconf 79' lang='grc' dir='ltr'>Καὶ</span> <span class='ocrx_word' id='word_1_471' title='bbox 2907 2133 2970 2183; x_wconf 79' lang='grc' dir='ltr'><strong>σὺ</strong></span> <span class='ocrx_word' id='word_1_472' title='bbox 3003 2136 3140 2198; x_wconf 79' lang='grc' dir='ltr'><strong>μετὰ</strong></span> <span class='ocrx_word' id='word_1_473' title='bbox 3168 2131 3257 2180; x_wconf 67' lang='grc' dir='ltr'>τὸν</span> <span class='ocrx_word' id='word_1_474' title='bbox 3297 2128 3549 2195; x_wconf 83' lang='grc' dir='ltr'>σταυρὸν,</span> <span class='ocrx_word' id='word_1_475' title='bbox 3587 2129 3724 2196; x_wconf 87' lang='grc' dir='ltr'><strong>μετά</strong></span> <span class='ocrx_word' id='word_1_476' title='bbox 3752 2128 3811 2178; x_wconf 78' lang='grc' dir='ltr'><strong>τὸ</strong></span> <span class='ocrx_word' id='word_1_477' title='bbox 3851 2144 3982 2178; x_wconf 80' lang='grc' dir='ltr'>σκυ-</span> 
     </span>
    </p>
   </div>
   <div class='ocr_carea' id='block_1_67' title="bbox 2417 2216 3980 2294">
    <p class='ocr_par' dir='ltr' id='par_1_67' title="bbox 2417 2216 3980 2294">
     <span class='ocr_line' id='line_1_67' title="bbox 2417 2216 3980 2294; baseline -0.008 -15"><span class='ocrx_word' id='word_1_478' title='bbox 2417 2223 2778 2294; x_wconf 79' lang='grc' dir='ltr'>λευθῆναιτδν</span> <span class='ocrx_word' id='word_1_479' title='bbox 2822 2221 2992 2290; x_wconf 79' lang='grc' dir='ltr'>ᾇδην,</span> <span class='ocrx_word' id='word_1_480' title='bbox 3026 2219 3163 2287; x_wconf 87' lang='grc' dir='ltr'><strong>μετά</strong></span> <span class='ocrx_word' id='word_1_481' title='bbox 3213 2217 3308 2286; x_wconf 79' lang='grc' dir='ltr'><strong>τὴν</strong></span> <span class='ocrx_word' id='word_1_482' title='bbox 3358 2218 3673 2279; x_wconf 82' lang='grc' dir='ltr'>ἀνάστασιν,</span> <span class='ocrx_word' id='word_1_483' title='bbox 3725 2217 3862 2284; x_wconf 81' lang='grc' dir='ltr'><strong>μετά</strong></span> <span class='ocrx_word' id='word_1_484' title='bbox 3918 2216 3980 2266; x_wconf 79' lang='grc' dir='ltr'><strong>τὸ</strong></span> 
     </span>
    </p>
   </div>
   <div class='ocr_carea' id='block_1_68' title="bbox 2418 2306 3978 2387">
    <p class='ocr_par' dir='ltr' id='par_1_68' title="bbox 2418 2306 3978 2387">
     <span class='ocr_line' id='line_1_68' title="bbox 2418 2306 3978 2387; baseline -0.009 -16"><span class='ocrx_word' id='word_1_485' title='bbox 2418 2313 3024 2387; x_wconf 85' lang='grc' dir='ltr'>παραδειγματισθῆναι</span> <span class='ocrx_word' id='word_1_486' title='bbox 3051 2311 3144 2372; x_wconf 82' lang='grc' dir='ltr'><strong>τάς</strong></span> <span class='ocrx_word' id='word_1_487' title='bbox 3173 2310 3346 2380; x_wconf 74' lang='grc' dir='ltr'>ἀρχὰς</span> <span class='ocrx_word' id='word_1_488' title='bbox 3367 2309 3457 2360; x_wconf 75' lang='grc' dir='ltr'>καὶ</span> <span class='ocrx_word' id='word_1_489' title='bbox 3483 2308 3579 2370; x_wconf 77' lang='grc' dir='ltr'><strong>τὰς</strong></span> <span class='ocrx_word' id='word_1_490' title='bbox 3607 2308 3855 2370; x_wconf 83' lang='grc' dir='ltr'>ἐξουσίας</span> <span class='ocrx_word' id='word_1_491' title='bbox 3881 2306 3978 2357; x_wconf 83' lang='grc' dir='ltr'><strong>τοῦ</strong></span> 
     </span>
    </p>
   </div>
   <div class='ocr_carea' id='block_1_69' title="bbox 2420 2398 3981 2475">
    <p class='ocr_par' dir='ltr' id='par_1_69' title="bbox 2420 2398 3981 2475">
     <span class='ocr_line' id='line_1_69' title="bbox 2420 2398 3981 2475; baseline -0.009 -13"><span class='ocrx_word' id='word_1_492' title='bbox 2420 2410 2665 2471; x_wconf 86' lang='grc' dir='ltr'>σκότους,</span> <span class='ocrx_word' id='word_1_493' title='bbox 2730 2406 2867 2475; x_wconf 88' lang='grc' dir='ltr'><strong>μετά</strong></span> <span class='ocrx_word' id='word_1_494' title='bbox 2894 2404 2955 2456; x_wconf 83' lang='grc' dir='ltr'><strong>τὸ</strong></span> <span class='ocrx_word' id='word_1_495' title='bbox 2998 2402 3183 2455; x_wconf 86' lang='grc' dir='ltr'>λαϐεῖν</span> <span class='ocrx_word' id='word_1_496' title='bbox 3216 2418 3273 2452; x_wconf 83' lang='grc' dir='ltr'><strong>σε</strong></span> <span class='ocrx_word' id='word_1_497' title='bbox 3326 2401 3422 2468; x_wconf 80' lang='grc' dir='ltr'><strong>τὴν</strong></span> <span class='ocrx_word' id='word_1_498' title='bbox 3453 2400 3715 2464; x_wconf 82' lang='grc' dir='ltr'>ἐξουσίαν,</span> <span class='ocrx_word' id='word_1_499' title='bbox 3771 2399 3835 2450; x_wconf 85' lang='grc' dir='ltr'>ἂν</span> <span class='ocrx_word' id='word_1_500' title='bbox 3870 2398 3981 2465; x_wconf 80' lang='grc' dir='ltr'>ἄρα</span> 
     </span>
    </p>
   </div>
   <div class='ocr_carea' id='block_1_70' title="bbox 2419 2491 3981 2572">
    <p class='ocr_par' dir='ltr' id='par_1_70' title="bbox 2419 2491 3981 2572">
     <span class='ocr_line' id='line_1_70' title="bbox 2419 2491 3981 2572; baseline -0.008 -18"><span class='ocrx_word' id='word_1_501' title='bbox 2419 2502 2605 2572; x_wconf 84' lang='grc' dir='ltr'>βούλῃ,</span> <span class='ocrx_word' id='word_1_502' title='bbox 2639 2500 2782 2552; x_wconf 87' lang='grc' dir='ltr'><strong>κατά</strong></span> <span class='ocrx_word' id='word_1_503' title='bbox 2816 2497 2992 2565; x_wconf 83' lang='grc' dir='ltr'>πάσης</span> <span class='ocrx_word' id='word_1_504' title='bbox 3039 2496 3137 2564; x_wconf 90' lang='grc' dir='ltr'><strong>τῆς</strong></span> <span class='ocrx_word' id='word_1_505' title='bbox 3171 2495 3451 2560; x_wconf 76' lang='grc' dir='ltr'>δυνάμεως</span> <span class='ocrx_word' id='word_1_506' title='bbox 3485 2493 3576 2544; x_wconf 89' lang='grc' dir='ltr'><strong>τοῦ</strong></span> <span class='ocrx_word' id='word_1_507' title='bbox 3621 2491 3838 2560; x_wconf 82' lang='grc' dir='ltr'>ἐχθροῦ,</span> <span class='ocrx_word' id='word_1_508' title='bbox 3897 2492 3981 2541; x_wconf 72' lang='grc' dir='ltr'>ἔτι</span> 
     </span>
    </p>
   </div>
   <div class='ocr_carea' id='block_1_71' title="bbox 2420 2579 3981 2660">
    <p class='ocr_par' dir='ltr' id='par_1_71' title="bbox 2420 2579 3981 2660">
     <span class='ocr_line' id='line_1_71' title="bbox 2420 2579 3981 2660; baseline -0.009 -16"><span class='ocrx_word' id='word_1_509' title='bbox 2420 2593 2639 2660; x_wconf 72' lang='grc' dir='ltr'>σεαυτὸν</span> <span class='ocrx_word' id='word_1_510' title='bbox 2661 2588 2850 2657; x_wconf 81' lang='grc' dir='ltr'>ἀνέχῃ,</span> <span class='ocrx_word' id='word_1_511' title='bbox 2871 2588 3019 2647; x_wconf 77' lang='grc' dir='ltr'>είτις</span> <span class='ocrx_word' id='word_1_512' title='bbox 3047 2601 3103 2635; x_wconf 88' lang='grc' dir='ltr'><strong>σε</strong></span> <span class='ocrx_word' id='word_1_513' title='bbox 3125 2583 3280 2643; x_wconf 80' lang='grc' dir='ltr'>ἄλλος</span> <span class='ocrx_word' id='word_1_514' title='bbox 3303 2580 3619 2644; x_wconf 78' lang='grc' dir='ltr'>ὑπεξούσιςν</span> <span class='ocrx_word' id='word_1_515' title='bbox 3643 2581 3735 2631; x_wconf 78' lang='grc' dir='ltr'>καὶ</span> <span class='ocrx_word' id='word_1_516' title='bbox 3754 2579 3981 2646; x_wconf 75' lang='grc' dir='ltr'>πλάσμα</span> 
     </span>
    </p>
   </div>
   <div class='ocr_carea' id='block_1_72' title="bbox 2419 2669 3983 2748">
    <p class='ocr_par' dir='ltr' id='par_1_72' title="bbox 2419 2669 3983 2748">
     <span class='ocr_line' id='line_1_72' title="bbox 2419 2669 3983 2748; baseline -0.009 -14"><span class='ocrx_word' id='word_1_517' title='bbox 2419 2682 2565 2748; x_wconf 82' lang='grc' dir='ltr'><strong>λέγει</strong></span> <span class='ocrx_word' id='word_1_518' title='bbox 2613 2679 2707 2731; x_wconf 91' lang='grc' dir='ltr'><strong>τοῦ</strong></span> <span class='ocrx_word' id='word_1_519' title='bbox 2736 2675 2995 2747; x_wconf 88' lang='grc' dir='ltr'>πονηροῦ,</span> <span class='ocrx_word' id='word_1_520' title='bbox 3042 2675 3116 2743; x_wconf 83' lang='grc' dir='ltr'>μὴ</span> <span class='ocrx_word' id='word_1_521' title='bbox 3147 2675 3230 2725; x_wconf 83' lang='grc' dir='ltr'>ὅτι</span> <span class='ocrx_word' id='word_1_522' title='bbox 3270 2689 3331 2738; x_wconf 88' lang='grc' dir='ltr'><strong>γε</strong></span> <span class='ocrx_word' id='word_1_523' title='bbox 3369 2673 3430 2723; x_wconf 80' lang='grc' dir='ltr'><strong>σὺ</strong></span> <span class='ocrx_word' id='word_1_524' title='bbox 3477 2670 3739 2732; x_wconf 85' lang='grc' dir='ltr'>σεαυτόν;</span> <span class='ocrx_word' id='word_1_525' title='bbox 3790 2670 3886 2731; x_wconf 87' lang='grc' dir='ltr'><strong>Τίς</strong></span> <span class='ocrx_word' id='word_1_526' title='bbox 3933 2669 3983 2720; x_wconf 83' lang='grc' dir='ltr'>δ’</span> 
     </span>
    </p>
   </div>
   <div class='ocr_carea' id='block_1_73' title="bbox 2419 2755 3981 2838">
    <p class='ocr_par' dir='ltr' id='par_1_73' title="bbox 2419 2755 3981 2838">
     <span class='ocr_line' id='line_1_73' title="bbox 2419 2755 3981 2838; baseline -0.011 -16"><span class='ocrx_word' id='word_1_527' title='bbox 2419 2771 2539 2838; x_wconf 75' lang='grc' dir='ltr'>οὐχὶ</span> <span class='ocrx_word' id='word_1_528' title='bbox 2587 2765 2880 2820; x_wconf 79' lang='grc' dir='ltr'>κάντεῦθεν</span> <span class='ocrx_word' id='word_1_529' title='bbox 2930 2764 3104 2832; x_wconf 76' lang='grc' dir='ltr'>ῥᾷστα</span> <span class='ocrx_word' id='word_1_530' title='bbox 3142 2759 3361 2821; x_wconf 79' lang='grc' dir='ltr'>συνίδοι,</span> <span class='ocrx_word' id='word_1_531' title='bbox 3386 2757 3459 2818; x_wconf 83' lang='grc' dir='ltr'>ὡς</span> <span class='ocrx_word' id='word_1_532' title='bbox 3488 2758 3538 2809; x_wconf 86' lang='grc' dir='ltr'>οἱ</span> <span class='ocrx_word' id='word_1_533' title='bbox 3574 2756 3659 2809; x_wconf 83' lang='grc' dir='ltr'><strong>διά</strong></span> <span class='ocrx_word' id='word_1_534' title='bbox 3687 2755 3779 2807; x_wconf 92' lang='grc' dir='ltr'><strong>τοῦ</strong></span> <span class='ocrx_word' id='word_1_535' title='bbox 3812 2756 3981 2823; x_wconf 87' lang='grc' dir='ltr'>νόμου</span> 
     </span>
    </p>
   </div>
   <div class='ocr_carea' id='block_1_74' title="bbox 2422 2844 3986 2932">
    <p class='ocr_par' dir='ltr' id='par_1_74' title="bbox 2422 2844 3986 2932">
     <span class='ocr_line' id='line_1_74' title="bbox 2422 2844 3986 2932; baseline -0.012 -18"><span class='ocrx_word' id='word_1_536' title='bbox 2422 2861 2695 2932; x_wconf 71' lang='grc' dir='ltr'>προφῆται</span> <span class='ocrx_word' id='word_1_537' title='bbox 2742 2856 2835 2908; x_wconf 74' lang='grc' dir='ltr'>καὶ</span> <span class='ocrx_word' id='word_1_538' title='bbox 2881 2851 3296 2920; x_wconf 81' lang='grc' dir='ltr'>ἀπεσταλμένοι,</span> <span class='ocrx_word' id='word_1_539' title='bbox 3342 2848 3432 2911; x_wconf 79' lang='grc' dir='ltr'><strong>οὓς</strong></span> <span class='ocrx_word' id='word_1_540' title='bbox 3468 2848 3502 2916; x_wconf 82' lang='grc' dir='ltr'>ἡ</span> <span class='ocrx_word' id='word_1_541' title='bbox 3545 2844 3918 2915; x_wconf 83' lang='grc' dir='ltr'>Ἰερουσαλὴμ,</span> <span class='ocrx_word' id='word_1_542' title='bbox 3955 2844 3986 2896; x_wconf 81' lang='grc' dir='ltr'><strong>ὃ</strong></span> 
     </span>
    </p>
   </div>
   <div class='ocr_carea' id='block_1_75' title="bbox 2423 2936 3986 3018">
    <p class='ocr_par' dir='ltr' id='par_1_75' title="bbox 2423 2936 3986 3018">
     <span class='ocr_line' id='line_1_75' title="bbox 2423 2936 3986 3018; baseline -0.013 -14"><span class='ocrx_word' id='word_1_543' title='bbox 2423 2952 2516 3004; x_wconf 90' lang='grc' dir='ltr'><strong>νῦν</strong></span> <span class='ocrx_word' id='word_1_544' title='bbox 2535 2950 2685 3018; x_wconf 84' lang='grc' dir='ltr'>δηλοῖ</span> <span class='ocrx_word' id='word_1_545' title='bbox 2705 2949 2811 2999; x_wconf 83' lang='grc' dir='ltr'>τῶν</span> <span class='ocrx_word' id='word_1_546' title='bbox 2827 2941 3317 3014; x_wconf 86' lang='grc' dir='ltr'>ἀγνωμονεστέρων</span> <span class='ocrx_word' id='word_1_547' title='bbox 3348 2939 3614 2992; x_wconf 83' lang='grc' dir='ltr'>Ἰουδαίων</span> <span class='ocrx_word' id='word_1_548' title='bbox 3635 2937 3692 2988; x_wconf 83' lang='grc' dir='ltr'><strong>τὸ</strong></span> <span class='ocrx_word' id='word_1_549' title='bbox 3707 2936 3986 3004; x_wconf 75' lang='grc' dir='ltr'>σύστημα,</span> 
     </span>
    </p>
   </div>
   <div class='ocr_carea' id='block_1_76' title="bbox 2423 3020 3987 3095">
    <p class='ocr_par' dir='ltr' id='par_1_76' title="bbox 2423 3020 3987 3095">
     <span class='ocr_line' id='line_1_76' title="bbox 2423 3020 3987 3095; baseline -0.013 0"><span class='ocrx_word' id='word_1_550' title='bbox 2423 3039 2770 3095; x_wconf 88' lang='grc' dir='ltr'>λιθοϐολοῦσά</span> <span class='ocrx_word' id='word_1_551' title='bbox 2794 3055 2854 3090; x_wconf 90' lang='grc' dir='ltr'><strong>τε</strong></span> <span class='ocrx_word' id='word_1_552' title='bbox 2885 3036 2981 3089; x_wconf 71' lang='grc' dir='ltr'>καὶ</span> <span class='ocrx_word' id='word_1_553' title='bbox 3008 3030 3375 3087; x_wconf 86' lang='grc' dir='ltr'>ἀποκτιννῦσα</span> <span class='ocrx_word' id='word_1_554' title='bbox 3411 3030 3509 3081; x_wconf 77' lang='grc' dir='ltr'><strong>οὐκ</strong></span> <span class='ocrx_word' id='word_1_555' title='bbox 3540 3028 3698 3090; x_wconf 82' lang='grc' dir='ltr'>ἀνίει,</span> <span class='ocrx_word' id='word_1_556' title='bbox 3732 3020 3879 3077; x_wconf 67' lang='grc' dir='ltr'>οὗτοι</span> <span class='ocrx_word' id='word_1_557' title='bbox 3919 3025 3987 3094; x_wconf 79' lang='grc' dir='ltr'>δὴ</span> 
     </span>
    </p>
   </div>
   <div class='ocr_carea' id='block_1_77' title="bbox 2424 3115 3990 3202">
    <p class='ocr_par' dir='ltr' id='par_1_77' title="bbox 2424 3115 3990 3202">
     <span class='ocr_line' id='line_1_77' title="bbox 2424 3115 3990 3202; baseline -0.013 -18"><span class='ocrx_word' id='word_1_558' title='bbox 2424 3136 2521 3202; x_wconf 85' lang='grc' dir='ltr'><strong>τῆς</strong></span> <span class='ocrx_word' id='word_1_559' title='bbox 2557 3130 2767 3198; x_wconf 80' lang='grc' dir='ltr'>ἀγαθῆς</span> <span class='ocrx_word' id='word_1_560' title='bbox 2803 3127 3047 3196; x_wconf 79' lang='grc' dir='ltr'>ὑπῆρχον</span> <span class='ocrx_word' id='word_1_561' title='bbox 3097 3124 3381 3182; x_wconf 72' lang='grc' dir='ltr'>ἐπιπνοίας</span> <span class='ocrx_word' id='word_1_562' title='bbox 3429 3137 3488 3171; x_wconf 90' lang='grc' dir='ltr'><strong>τε</strong></span> <span class='ocrx_word' id='word_1_563' title='bbox 3524 3119 3616 3170; x_wconf 77' lang='grc' dir='ltr'><strong>καὶ</strong></span> <span class='ocrx_word' id='word_1_564' title='bbox 3658 3115 3990 3183; x_wconf 82' lang='grc' dir='ltr'>ἀποστολῆς,</span> 
     </span>
    </p>
   </div>
   <div class='ocr_carea' id='block_1_78' title="bbox 2427 3207 3992 3292">
    <p class='ocr_par' dir='ltr' id='par_1_78' title="bbox 2427 3207 3992 3292">
     <span class='ocr_line' id='line_1_78' title="bbox 2427 3207 3992 3292; baseline -0.013 -15"><span class='ocrx_word' id='word_1_565' title='bbox 2427 3225 2518 3277; x_wconf 75' lang='grc' dir='ltr'><strong>καὶ</strong></span> <span class='ocrx_word' id='word_1_566' title='bbox 2550 3224 2614 3292; x_wconf 83' lang='grc' dir='ltr'>δὴ</span> <span class='ocrx_word' id='word_1_567' title='bbox 2640 3222 2733 3274; x_wconf 75' lang='grc' dir='ltr'>καὶ</span> <span class='ocrx_word' id='word_1_568' title='bbox 2760 3221 2859 3290; x_wconf 81' lang='grc' dir='ltr'><strong>τὴν</strong></span> <span class='ocrx_word' id='word_1_569' title='bbox 2883 3216 3239 3287; x_wconf 84' lang='grc' dir='ltr'>δημιουργίαν</span> <span class='ocrx_word' id='word_1_570' title='bbox 3269 3214 3515 3273; x_wconf 73' lang='grc' dir='ltr'>ἕλκοντες</span> <span class='ocrx_word' id='word_1_571' title='bbox 3533 3208 3740 3262; x_wconf 78' lang='grc' dir='ltr'>ἐκεῖθεν</span> <span class='ocrx_word' id='word_1_572' title='bbox 3773 3224 3787 3270; x_wconf 88' lang='lat'><strong>;</strong></span> <span class='ocrx_word' id='word_1_573' title='bbox 3819 3207 3992 3258; x_wconf 76' lang='grc' dir='ltr'>Πόθεν</span> 
     </span>
    </p>
   </div>
   <div class='ocr_carea' id='block_1_79' title="bbox 2426 3298 3993 3381">
    <p class='ocr_par' dir='ltr' id='par_1_79' title="bbox 2426 3298 3993 3381">
     <span class='ocr_line' id='line_1_79' title="bbox 2426 3298 3993 3381; baseline -0.013 -14"><span class='ocrx_word' id='word_1_574' title='bbox 2426 3317 2518 3367; x_wconf 75' lang='grc' dir='ltr'>καὶ</span> <span class='ocrx_word' id='word_1_575' title='bbox 2545 3314 2625 3374; x_wconf 85' lang='grc' dir='ltr'><strong>τίς</strong></span> <span class='ocrx_word' id='word_1_576' title='bbox 2659 3315 2692 3381; x_wconf 82' lang='grc' dir='ltr'>ἡ</span> <span class='ocrx_word' id='word_1_577' title='bbox 2749 3311 3089 3380; x_wconf 83' lang='grc' dir='ltr'>παράστασις</span> <span class='ocrx_word' id='word_1_578' title='bbox 3111 3323 3125 3337; x_wconf 75' lang='grc' dir='ltr'><strong><em>ο</em></strong></span> <span class='ocrx_word' id='word_1_579' title='bbox 3177 3304 3334 3364; x_wconf 82' lang='grc' dir='ltr'>αὑτός</span> <span class='ocrx_word' id='word_1_580' title='bbox 3358 3305 3503 3355; x_wconf 88' lang='grc' dir='ltr'>ἐστιν</span> <span class='ocrx_word' id='word_1_581' title='bbox 3533 3303 3560 3353; x_wconf 90' lang='lat'><strong>6</strong></span> <span class='ocrx_word' id='word_1_582' title='bbox 3600 3300 3797 3367; x_wconf 80' lang='grc' dir='ltr'>Κύριος</span> <span class='ocrx_word' id='word_1_583' title='bbox 3827 3298 3993 3366; x_wconf 80' lang='grc' dir='ltr'>ἡμῶν</span> 
     </span>
    </p>
   </div>
   <div class='ocr_carea' id='block_1_80' title="bbox 2441 3386 3994 3471">
    <p class='ocr_par' dir='ltr' id='par_1_80' title="bbox 2441 3386 3994 3471">
     <span class='ocr_line' id='line_1_80' title="bbox 2441 3386 3994 3471; baseline -0.013 -16"><span class='ocrx_word' id='word_1_584' title='bbox 2441 3402 2644 3471; x_wconf 84' lang='grc' dir='ltr'>Ἰησοῦς</span> <span class='ocrx_word' id='word_1_585' title='bbox 2675 3400 2928 3469; x_wconf 75' lang='grc' dir='ltr'>Χριστὸς,</span> <span class='ocrx_word' id='word_1_586' title='bbox 2961 3399 2994 3465; x_wconf 79' lang='grc' dir='ltr'><strong>ἡ</strong></span> <span class='ocrx_word' id='word_1_587' title='bbox 3023 3396 3119 3464; x_wconf 85' lang='grc' dir='ltr'><strong>τῆς</strong></span> <span class='ocrx_word' id='word_1_588' title='bbox 3167 3391 3424 3461; x_wconf 84' lang='grc' dir='ltr'>ἀληθείας</span> <span class='ocrx_word' id='word_1_589' title='bbox 3451 3389 3623 3457; x_wconf 82' lang='grc' dir='ltr'>πηγή.</span> <span class='ocrx_word' id='word_1_590' title='bbox 3677 3386 3994 3447; x_wconf 69' lang='grc' dir='ltr'>Ταλανίζων</span> 
     </span>
    </p>
   </div>
   <div class='ocr_carea' id='block_1_81' title="bbox 2429 3476 3995 3563">
    <p class='ocr_par' dir='ltr' id='par_1_81' title="bbox 2429 3476 3995 3563">
     <span class='ocr_line' id='line_1_81' title="bbox 2429 3476 3995 3563; baseline -0.014 -16"><span class='ocrx_word' id='word_1_591' title='bbox 2429 3497 2536 3563; x_wconf 79' lang='grc' dir='ltr'>γὰρ</span> <span class='ocrx_word' id='word_1_592' title='bbox 2565 3493 2661 3562; x_wconf 86' lang='grc' dir='ltr'><strong>τῆν</strong></span> <span class='ocrx_word' id='word_1_593' title='bbox 2697 3487 3075 3560; x_wconf 82' lang='grc' dir='ltr'>Ἰερουσαλὴμ,</span> <span class='ocrx_word' id='word_1_594' title='bbox 3106 3479 3187 3546; x_wconf 74' lang='grc' dir='ltr'>οἷς</span> <span class='ocrx_word' id='word_1_595' title='bbox 3222 3485 3278 3534; x_wconf 89' lang='grc' dir='ltr'><strong>ἐν</strong></span> <span class='ocrx_word' id='word_1_596' title='bbox 3307 3481 3514 3540; x_wconf 88' lang='grc' dir='ltr'>τούτοις</span> <span class='ocrx_word' id='word_1_597' title='bbox 3559 3476 3860 3544; x_wconf 83' lang='grc' dir='ltr'>ὑπηνέχθη,</span> <span class='ocrx_word' id='word_1_598' title='bbox 3893 3476 3995 3526; x_wconf 83' lang='grc' dir='ltr'><strong>οῦκ</strong></span> 
     </span>
    </p>
   </div>
   <div class='ocr_carea' id='block_1_82' title="bbox 2429 3566 3996 3646">
    <p class='ocr_par' dir='ltr' id='par_1_82' title="bbox 2429 3566 3996 3646">
     <span class='ocr_line' id='line_1_82' title="bbox 2429 3566 3996 3646; baseline -0.013 -9"><span class='ocrx_word' id='word_1_599' title='bbox 2429 3585 2496 3637; x_wconf 79' lang='grc' dir='ltr'>ἂν</span> <span class='ocrx_word' id='word_1_600' title='bbox 2534 3584 2588 3633; x_wconf 82' lang='grc' dir='ltr'>δὲ</span> <span class='ocrx_word' id='word_1_601' title='bbox 2618 3580 2954 3634; x_wconf 86' lang='grc' dir='ltr'>ταλανίσειεν</span> <span class='ocrx_word' id='word_1_602' title='bbox 2984 3577 3016 3646; x_wconf 83' lang='grc' dir='ltr'>ἡ</span> <span class='ocrx_word' id='word_1_603' title='bbox 3049 3575 3320 3643; x_wconf 88' lang='grc' dir='ltr'>ἀγαθότης</span> <span class='ocrx_word' id='word_1_604' title='bbox 3349 3571 3446 3640; x_wconf 86' lang='grc' dir='ltr'><strong>τὴν</strong></span> <span class='ocrx_word' id='word_1_605' title='bbox 3475 3566 3855 3620; x_wconf 83' lang='grc' dir='ltr'>λιθοϐολοῦσαν</span> <span class='ocrx_word' id='word_1_606' title='bbox 3897 3567 3996 3617; x_wconf 73' lang='grc' dir='ltr'>καὶ</span> 
     </span>
    </p>
   </div>
   <div class='ocr_carea' id='block_1_83' title="bbox 2429 3657 3999 3734">
    <p class='ocr_par' dir='ltr' id='par_1_83' title="bbox 2429 3657 3999 3734">
     <span class='ocr_line' id='line_1_83' title="bbox 2429 3657 3999 3734; baseline -0.013 -6"><span class='ocrx_word' id='word_1_607' title='bbox 2429 3670 2828 3728; x_wconf 84' lang='grc' dir='ltr'>ἀποκτενοῦσαν</span> <span class='ocrx_word' id='word_1_608' title='bbox 2881 3669 3006 3729; x_wconf 79' lang='grc' dir='ltr'>τοὺς</span> <span class='ocrx_word' id='word_1_609' title='bbox 3057 3665 3288 3734; x_wconf 76' lang='grc' dir='ltr'>ἐραστὰς</span> <span class='ocrx_word' id='word_1_610' title='bbox 3319 3664 3416 3728; x_wconf 87' lang='grc' dir='ltr'><strong>τῆς</strong></span> <span class='ocrx_word' id='word_1_611' title='bbox 3456 3658 3758 3726; x_wconf 85' lang='grc' dir='ltr'>πονηρίας,</span> <span class='ocrx_word' id='word_1_612' title='bbox 3797 3657 3830 3725; x_wconf 76' lang='grc' dir='ltr'>ἦ</span> <span class='ocrx_word' id='word_1_613' title='bbox 3869 3657 3999 3718; x_wconf 81' lang='grc' dir='ltr'>τοὺς</span> 
     </span>
    </p>
   </div>
   <div class='ocr_carea' id='block_1_84' title="bbox 2431 3748 3997 3828">
    <p class='ocr_par' dir='ltr' id='par_1_84' title="bbox 2431 3748 3997 3828">
     <span class='ocr_line' id='line_1_84' title="bbox 2431 3748 3997 3828; baseline -0.012 -13"><span class='ocrx_word' id='word_1_614' title='bbox 2431 3763 2520 3816; x_wconf 85' lang='grc' dir='ltr'>ὑπ’</span> <span class='ocrx_word' id='word_1_615' title='bbox 2545 3760 2714 3828; x_wconf 81' lang='grc' dir='ltr'>αὐτῆς</span> <span class='ocrx_word' id='word_1_616' title='bbox 2737 3755 3202 3824; x_wconf 82' lang='grc' dir='ltr'>ἀπεσταλμένους.</span> <span class='ocrx_word' id='word_1_617' title='bbox 3239 3748 3635 3817; x_wconf 78' lang='grc' dir='ltr'>Ἰερουσαλὴμ</span> <span class='ocrx_word' id='word_1_618' title='bbox 3655 3748 3784 3815; x_wconf 79' lang='grc' dir='ltr'>γὰρ,</span> <span class='ocrx_word' id='word_1_619' title='bbox 3803 3749 3997 3814; x_wconf 63' lang='grc' dir='ltr'>ςιησὶν,</span> 
     </span>
    </p>
   </div>
   <div class='ocr_carea' id='block_1_85' title="bbox 2441 3838 4000 3921">
    <p class='ocr_par' dir='ltr' id='par_1_85' title="bbox 2441 3838 4000 3921">
     <span class='ocr_line' id='line_1_85' title="bbox 2441 3838 4000 3921; baseline -0.012 -13"><span class='ocrx_word' id='word_1_620' title='bbox 2441 3850 2862 3921; x_wconf 74' lang='grc' dir='ltr'>Ἰερουσαλὴμ,</span> <span class='ocrx_word' id='word_1_621' title='bbox 2887 3849 2924 3915; x_wconf 76' lang='grc' dir='ltr'>ἡ</span> <span class='ocrx_word' id='word_1_622' title='bbox 2947 3846 3356 3900; x_wconf 80' lang='grc' dir='ltr'>ἀποκτείνασα</span> <span class='ocrx_word' id='word_1_623' title='bbox 3379 3840 3520 3905; x_wconf 86' lang='grc' dir='ltr'>τοὺς</span> <span class='ocrx_word' id='word_1_624' title='bbox 3539 3840 3871 3906; x_wconf 68' lang='grc' dir='ltr'>προφήτας,</span> <span class='ocrx_word' id='word_1_625' title='bbox 3896 3838 4000 3890; x_wconf 74' lang='grc' dir='ltr'><strong>καί</strong></span> 
     </span>
    </p>
   </div>
   <div class='ocr_carea' id='block_1_86' title="bbox 2431 3927 3996 4000">
    <p class='ocr_par' dir='ltr' id='par_1_86' title="bbox 2431 3927 3996 4000">
     <span class='ocr_line' id='line_1_86' title="bbox 2431 3927 3996 4000; baseline -0.011 -2"><span class='ocrx_word' id='word_1_626' title='bbox 2431 3941 2834 3999; x_wconf 75' lang='grc' dir='ltr'>λιθοϐολοῦσα</span> <span class='ocrx_word' id='word_1_627' title='bbox 2870 3937 3012 3997; x_wconf 86' lang='grc' dir='ltr'>τοὺς</span> <span class='ocrx_word' id='word_1_628' title='bbox 3057 3933 3551 4000; x_wconf 78' lang='grc' dir='ltr'>ἀπεσταλμένους</span> <span class='ocrx_word' id='word_1_629' title='bbox 3584 3930 3732 3996; x_wconf 82' lang='grc' dir='ltr'>πρὸς</span> <span class='ocrx_word' id='word_1_630' title='bbox 3777 3927 3996 3992; x_wconf 77' lang='grc' dir='ltr'>αὐτήν.</span> 
     </span>
    </p>
   </div>
   <div class='ocr_carea' id='block_1_87' title="bbox 2431 4016 4001 4090">
    <p class='ocr_par' dir='ltr' id='par_1_87' title="bbox 2431 4016 4001 4090">
     <span class='ocr_line' id='line_1_87' title="bbox 2431 4016 4001 4090; baseline -0.01 -7"><span class='ocrx_word' id='word_1_631' title='bbox 2431 4027 2581 4083; x_wconf 73' lang='grc' dir='ltr'>Εἶτα·</span> <span class='ocrx_word' id='word_1_632' title='bbox 2634 4026 2896 4090; x_wconf 80' lang='grc' dir='ltr'>Ποσὰκις</span> <span class='ocrx_word' id='word_1_633' title='bbox 2943 4023 3216 4090; x_wconf 77' lang='grc' dir='ltr'>ἠθέλησα</span> <span class='ocrx_word' id='word_1_634' title='bbox 3264 4019 3626 4081; x_wconf 78' lang='grc' dir='ltr'>ἐπισυνάξαι</span> <span class='ocrx_word' id='word_1_635' title='bbox 3680 4018 3750 4071; x_wconf 83' lang='grc' dir='ltr'>τὰ</span> <span class='ocrx_word' id='word_1_636' title='bbox 3813 4016 4001 4069; x_wconf 77' lang='grc' dir='ltr'>τέκνα</span> 
     </span>
    </p>
   </div>
   <div class='ocr_carea' id='block_1_88' title="bbox 2433 4105 4003 4183">
    <p class='ocr_par' dir='ltr' id='par_1_88' title="bbox 2433 4105 4003 4183">
     <span class='ocr_line' id='line_1_88' title="bbox 2433 4105 4003 4183; baseline -0.011 -8"><span class='ocrx_word' id='word_1_637' title='bbox 2433 4135 2572 4180; x_wconf 87' lang='grc' dir='ltr'>σου,</span> <span class='ocrx_word' id='word_1_638' title='bbox 2609 4119 2679 4171; x_wconf 80' lang='grc' dir='ltr'><strong>ὃν</strong></span> <span class='ocrx_word' id='word_1_639' title='bbox 2715 4116 2932 4183; x_wconf 76' lang='grc' dir='ltr'>τρόπον</span> <span class='ocrx_word' id='word_1_640' title='bbox 2952 4114 3115 4180; x_wconf 75' lang='grc' dir='ltr'>ὅρνις</span> <span class='ocrx_word' id='word_1_641' title='bbox 3145 4111 3216 4163; x_wconf 88' lang='grc' dir='ltr'>τὰ</span> <span class='ocrx_word' id='word_1_642' title='bbox 3242 4109 3465 4162; x_wconf 83' lang='grc' dir='ltr'>νοσσία</span> <span class='ocrx_word' id='word_1_643' title='bbox 3489 4105 3730 4172; x_wconf 83' lang='grc' dir='ltr'>ἑαυτῆς,</span> <span class='ocrx_word' id='word_1_644' title='bbox 3767 4105 3867 4157; x_wconf 76' lang='grc' dir='ltr'><strong>καί</strong></span> <span class='ocrx_word' id='word_1_645' title='bbox 3888 4109 4003 4159; x_wconf 74' lang='grc' dir='ltr'>οὐκ</span> 
     </span>
    </p>
   </div>
   <div class='ocr_carea' id='block_1_89' title="bbox 2431 4196 4000 4279">
    <p class='ocr_par' dir='ltr' id='par_1_89' title="bbox 2431 4196 4000 4279">
     <span class='ocr_line' id='line_1_89' title="bbox 2431 4196 4000 4279; baseline -0.013 -13"><span class='ocrx_word' id='word_1_646' title='bbox 2431 4209 2789 4279; x_wconf 77' lang='grc' dir='ltr'>ἠθελήσατε.</span> <span class='ocrx_word' id='word_1_647' title='bbox 2844 4204 2991 4257; x_wconf 71' lang='grc' dir='ltr'>Ἀντὶ</span> <span class='ocrx_word' id='word_1_648' title='bbox 3026 4201 3143 4255; x_wconf 86' lang='grc' dir='ltr'>τοῦ·</span> <span class='ocrx_word' id='word_1_649' title='bbox 3184 4200 3428 4261; x_wconf 85' lang='grc' dir='ltr'>Ποσάκις</span> <span class='ocrx_word' id='word_1_650' title='bbox 3459 4197 3699 4267; x_wconf 70' lang='grc' dir='ltr'>ἠθέλησα</span> <span class='ocrx_word' id='word_1_651' title='bbox 3747 4196 3833 4248; x_wconf 73' lang='grc' dir='ltr'><strong>διὰ</strong></span> <span class='ocrx_word' id='word_1_652' title='bbox 3861 4214 4000 4263; x_wconf 83' lang='grc' dir='ltr'>συγ-</span> 
     </span>
    </p>
   </div>
   <div class='ocr_carea' id='block_1_90' title="bbox 2433 4286 4000 4368">
    <p class='ocr_par' dir='ltr' id='par_1_90' title="bbox 2433 4286 4000 4368">
     <span class='ocr_line' id='line_1_90' title="bbox 2433 4286 4000 4368; baseline -0.01 -15"><span class='ocrx_word' id='word_1_653' title='bbox 2433 4300 2656 4368; x_wconf 88' lang='grc' dir='ltr'>γνώμης</span> <span class='ocrx_word' id='word_1_654' title='bbox 2697 4295 2985 4349; x_wconf 87' lang='grc' dir='ltr'>ἀναλαϐεῖν</span> <span class='ocrx_word' id='word_1_655' title='bbox 3013 4294 3178 4360; x_wconf 82' lang='grc' dir='ltr'>ὑμᾶς.</span> <span class='ocrx_word' id='word_1_656' title='bbox 3221 4291 3313 4341; x_wconf 76' lang='grc' dir='ltr'><strong>καὶ</strong></span> <span class='ocrx_word' id='word_1_657' title='bbox 3345 4290 3442 4358; x_wconf 89' lang='grc' dir='ltr'><strong>τῆς</strong></span> <span class='ocrx_word' id='word_1_658' title='bbox 3475 4288 3630 4356; x_wconf 88' lang='grc' dir='ltr'>δίκης</span> <span class='ocrx_word' id='word_1_659' title='bbox 3663 4286 4000 4354; x_wconf 76' lang='grc' dir='ltr'>ἐξαρπάσαι,</span> 
     </span>
    </p>
   </div>
   <div class='ocr_carea' id='block_1_91' title="bbox 2434 4369 4004 4462">
    <p class='ocr_par' dir='ltr' id='par_1_91' title="bbox 2434 4369 4004 4462">
     <span class='ocr_line' id='line_1_91' title="bbox 2434 4369 4004 4462; baseline -0.012 -19"><span class='ocrx_word' id='word_1_660' title='bbox 2434 4393 2554 4462; x_wconf 85' lang='grc' dir='ltr'>ἦτις</span> <span class='ocrx_word' id='word_1_661' title='bbox 2582 4389 2702 4442; x_wconf 72' lang='grc' dir='ltr'>ἀντὶ</span> <span class='ocrx_word' id='word_1_662' title='bbox 2741 4387 2849 4440; x_wconf 82' lang='grc' dir='ltr'><strong>τῶν</strong></span> <span class='ocrx_word' id='word_1_663' title='bbox 2886 4381 3239 4452; x_wconf 79' lang='grc' dir='ltr'>προφητικῶν</span> <span class='ocrx_word' id='word_1_664' title='bbox 3268 4380 3513 4448; x_wconf 79' lang='grc' dir='ltr'>αἱμάτων</span> <span class='ocrx_word' id='word_1_665' title='bbox 3545 4376 3638 4429; x_wconf 75' lang='grc' dir='ltr'>καὶ</span> <span class='ocrx_word' id='word_1_666' title='bbox 3671 4369 3750 4438; x_wconf 75' lang='grc' dir='ltr'>οἷς</span> <span class='ocrx_word' id='word_1_667' title='bbox 3780 4375 3889 4427; x_wconf 83' lang='grc' dir='ltr'><strong>τῶν</strong></span> <span class='ocrx_word' id='word_1_668' title='bbox 3916 4375 4004 4427; x_wconf 85' lang='grc' dir='ltr'>δε-</span> 
     </span>
    </p>
   </div>
   <div class='ocr_carea' id='block_1_92' title="bbox 771 4465 2443 4558">
    <p class='ocr_par' dir='ltr' id='par_1_92' title="bbox 771 4465 2443 4558">
     <span class='ocr_line' id='line_1_92' title="bbox 771 4465 2443 4558; baseline 0.003 -17"><span class='ocrx_word' id='word_1_669' title='bbox 771 4500 1140 4557; x_wconf 66' lang='lat' dir='ltr'><strong>praetereaque</strong></span> <span class='ocrx_word' id='word_1_670' title='bbox 1170 4504 1233 4542; x_wconf 90' lang='lat' dir='ltr'><strong>ea</strong></span> <span class='ocrx_word' id='word_1_671' title='bbox 1258 4488 1425 4558; x_wconf 81' lang='lat' dir='ltr'><strong>gratia</strong></span> <span class='ocrx_word' id='word_1_672' title='bbox 1465 4489 1689 4548; x_wconf 90' lang='lat' dir='ltr'><strong>donare,</strong></span> <span class='ocrx_word' id='word_1_673' title='bbox 1737 4465 1795 4540; x_wconf 80' lang='lat' dir='ltr'><strong>ut</strong></span> <span class='ocrx_word' id='word_1_674' title='bbox 1831 4490 2084 4556; x_wconf 69' lang='lat' dir='ltr'><strong>pra&#39;senti</strong></span> <span class='ocrx_word' id='word_1_675' title='bbox 2128 4490 2180 4542; x_wconf 92' lang='lat' dir='ltr'><strong>in</strong></span> <span class='ocrx_word' id='word_1_676' title='bbox 2228 4490 2327 4543; x_wconf 88' lang='lat' dir='ltr'><strong>hac</strong></span> <span class='ocrx_word' id='word_1_677' title='bbox 2363 4492 2404 4546; x_wconf 92' lang='lat' dir='ltr'><strong>D</strong></span> <span class='ocrx_word' id='word_1_678' title='bbox 2436 4484 2443 4531; x_wconf 62' lang='grc' dir='ltr'><strong><em>ἀ</em></strong></span> 
     </span>
    </p>
   </div>
   <div class='ocr_carea' id='block_1_93' title="bbox 2332 4465 4004 4558">
    <p class='ocr_par' dir='ltr' id='par_1_93' title="bbox 2363 4465 4004 4550">
     <span class='ocr_line' id='line_1_93' title="bbox 2363 4465 4004 4550; baseline -0.012 -17"><span class='ocrx_word' id='word_1_679' title='bbox 2363 4492 2404 4546; x_wconf 84' lang='lat' dir='ltr'><strong>D</strong></span> <span class='ocrx_word' id='word_1_680' title='bbox 2436 4480 2675 4550; x_wconf 83' lang='grc' dir='ltr'>δομένων</span> <span class='ocrx_word' id='word_1_681' title='bbox 2707 4478 2834 4547; x_wconf 81' lang='grc' dir='ltr'>ὑμῖν</span> <span class='ocrx_word' id='word_1_682' title='bbox 2872 4472 3224 4542; x_wconf 86' lang='grc' dir='ltr'>κατορχεῖσθε</span> <span class='ocrx_word' id='word_1_683' title='bbox 3262 4470 3462 4538; x_wconf 86' lang='grc' dir='ltr'>νόμων,</span> <span class='ocrx_word' id='word_1_684' title='bbox 3505 4467 3784 4525; x_wconf 77' lang='grc' dir='ltr'>ἀπέκειτο,</span> <span class='ocrx_word' id='word_1_685' title='bbox 3819 4465 4004 4516; x_wconf 71' lang='grc' dir='ltr'>εὐδαι-</span> 
     </span>
    </p>
   </div>
   <div class='ocr_carea' id='block_1_94' title="bbox 774 4577 2328 4648">
    <p class='ocr_par' dir='ltr' id='par_1_94' title="bbox 774 4577 2328 4648">
     <span class='ocr_line' id='line_1_94' title="bbox 774 4577 2328 4648; baseline 0.001 -16"><span class='ocrx_word' id='word_1_686' title='bbox 774 4581 886 4632; x_wconf 80' lang='lat' dir='ltr'><strong>vita</strong></span> <span class='ocrx_word' id='word_1_687' title='bbox 940 4579 1196 4632; x_wconf 85' lang='lat' dir='ltr'><strong>felicitate</strong></span> <span class='ocrx_word' id='word_1_688' title='bbox 1243 4578 1348 4632; x_wconf 91' lang='lat' dir='ltr'><strong>frui</strong></span> <span class='ocrx_word' id='word_1_689' title='bbox 1397 4577 1652 4646; x_wconf 85' lang='lat' dir='ltr'><strong>possitis?</strong></span> <span class='ocrx_word' id='word_1_690' title='bbox 1701 4578 1766 4631; x_wconf 82' lang='lat' dir='ltr'><strong>At</strong></span> <span class='ocrx_word' id='word_1_691' title='bbox 1823 4579 2123 4641; x_wconf 87' lang='lat' dir='ltr'><strong>enimvero,</strong></span> <span class='ocrx_word' id='word_1_692' title='bbox 2165 4595 2328 4648; x_wconf 89' lang='lat' dir='ltr'><strong>quam</strong></span> 
     </span>
    </p>
   </div>
   <div class='ocr_carea' id='block_1_95' title="bbox 774 4668 2335 4742">
    <p class='ocr_par' dir='ltr' id='par_1_95' title="bbox 774 4668 2335 4742">
     <span class='ocr_line' id='line_1_95' title="bbox 774 4668 2335 4742; baseline -0.001 -19"><span class='ocrx_word' id='word_1_693' title='bbox 774 4671 1118 4742; x_wconf 84' lang='lat' dir='ltr'><strong>tyrannidem</strong></span> <span class='ocrx_word' id='word_1_694' title='bbox 1185 4669 1404 4739; x_wconf 86' lang='lat' dir='ltr'><strong>insipidi</strong></span> <span class='ocrx_word' id='word_1_695' title='bbox 1464 4671 1564 4738; x_wconf 91' lang='lat' dir='ltr'><strong>ipsi</strong></span> <span class='ocrx_word' id='word_1_696' title='bbox 1625 4669 1778 4722; x_wconf 83' lang='lat' dir='ltr'><strong>vobis</strong></span> <span class='ocrx_word' id='word_1_697' title='bbox 1829 4668 2211 4731; x_wconf 84' lang='lat' dir='ltr'><strong>constituistis,</strong></span> <span class='ocrx_word' id='word_1_698' title='bbox 2271 4684 2335 4722; x_wconf 88' lang='lat' dir='ltr'><strong>ea</strong></span> 
     </span>
    </p>
   </div>
   <div class='ocr_carea' id='block_1_96' title="bbox 773 4758 2337 4829">
    <p class='ocr_par' dir='ltr' id='par_1_96' title="bbox 773 4758 2337 4829">
     <span class='ocr_line' id='line_1_96' title="bbox 773 4758 2337 4829; baseline -0.001 -15"><span class='ocrx_word' id='word_1_699' title='bbox 773 4778 884 4814; x_wconf 89' lang='lat' dir='ltr'><strong>non</strong></span> <span class='ocrx_word' id='word_1_700' title='bbox 925 4762 1098 4816; x_wconf 91' lang='lat' dir='ltr'><strong>solum</strong></span> <span class='ocrx_word' id='word_1_701' title='bbox 1144 4776 1253 4813; x_wconf 91' lang='lat' dir='ltr'><strong>non</strong></span> <span class='ocrx_word' id='word_1_702' title='bbox 1310 4760 1588 4829; x_wconf 88' lang='lat' dir='ltr'><strong>permissit</strong></span> <span class='ocrx_word' id='word_1_703' title='bbox 1645 4759 1713 4811; x_wconf 90' lang='lat' dir='ltr'><strong>ad</strong></span> <span class='ocrx_word' id='word_1_704' title='bbox 1769 4758 2180 4812; x_wconf 88' lang='lat' dir='ltr'><strong>conversionem</strong></span> <span class='ocrx_word' id='word_1_705' title='bbox 2229 4760 2337 4814; x_wconf 91' lang='lat' dir='ltr'><strong>ullo</strong></span> 
     </span>
    </p>
   </div>
   <div class='ocr_carea' id='block_1_97' title="bbox 774 4851 2336 4922">
    <p class='ocr_par' dir='ltr' id='par_1_97' title="bbox 774 4851 2336 4922">
     <span class='ocr_line' id='line_1_97' title="bbox 774 4851 2336 4922; baseline 0.001 -18"><span class='ocrx_word' id='word_1_706' title='bbox 774 4854 959 4915; x_wconf 88' lang='lat' dir='ltr'><strong>modo,</strong></span> <span class='ocrx_word' id='word_1_707' title='bbox 1011 4869 1173 4922; x_wconf 89' lang='lat' dir='ltr'><strong>quam</strong></span> <span class='ocrx_word' id='word_1_708' title='bbox 1230 4861 1409 4906; x_wconf 89' lang='lat' dir='ltr'><strong>tamen</strong></span> <span class='ocrx_word' id='word_1_709' title='bbox 1462 4862 1608 4906; x_wconf 88' lang='lat' dir='ltr'><strong>tanta</strong></span> <span class='ocrx_word' id='word_1_710' title='bbox 1669 4860 1724 4905; x_wconf 89' lang='lat' dir='ltr'><strong>et</strong></span> <span class='ocrx_word' id='word_1_711' title='bbox 1780 4851 1901 4904; x_wconf 89' lang='lat' dir='ltr'><strong>talis</strong></span> <span class='ocrx_word' id='word_1_712' title='bbox 1960 4851 2336 4905; x_wconf 87' lang='lat' dir='ltr'><strong>benevolentia</strong></span> 
     </span>
    </p>
   </div>
   <div class='ocr_carea' id='block_1_98' title="bbox 771 4943 2326 5012">
    <p class='ocr_par' dir='ltr' id='par_1_98' title="bbox 771 4943 2326 5012">
     <span class='ocr_line' id='line_1_98' title="bbox 771 4943 2326 5012; baseline -0.003 -14"><span class='ocrx_word' id='word_1_713' title='bbox 771 4945 1058 5006; x_wconf 74' lang='lat' dir='ltr'><strong>offerebat,</strong></span> <span class='ocrx_word' id='word_1_714' title='bbox 1100 4954 1154 4998; x_wconf 83' lang='grc' dir='ltr'><strong>οι</strong></span> <span class='ocrx_word' id='word_1_715' title='bbox 1178 4945 1246 4998; x_wconf 89' lang='lat' dir='ltr'><strong>ad</strong></span> <span class='ocrx_word' id='word_1_716' title='bbox 1292 4957 1412 4996; x_wconf 87' lang='lat' dir='ltr'><strong>eam</strong></span> <span class='ocrx_word' id='word_1_717' title='bbox 1440 4943 1867 5012; x_wconf 86' lang='lat' dir='ltr'><strong>amplectendam</strong></span> <span class='ocrx_word' id='word_1_718' title='bbox 1921 4943 2326 5006; x_wconf 84' lang='lat' dir='ltr'><strong>cohortabatur,</strong></span> 
     </span>
    </p>
   </div>
   <div class='ocr_carea' id='block_1_99' title="bbox 775 5034 2329 5106">
    <p class='ocr_par' dir='ltr' id='par_1_99' title="bbox 775 5034 2329 5106">
     <span class='ocr_line' id='line_1_99' title="bbox 775 5034 2329 5106; baseline -0.002 -16"><span class='ocrx_word' id='word_1_719' title='bbox 775 5039 1068 5106; x_wconf 80' lang='lat' dir='ltr'><strong>rcSpieere,</strong></span> <span class='ocrx_word' id='word_1_720' title='bbox 1120 5037 1213 5090; x_wconf 89' lang='lat' dir='ltr'><strong>sed</strong></span> <span class='ocrx_word' id='word_1_721' title='bbox 1262 5046 1318 5090; x_wconf 88' lang='lat' dir='ltr'><strong>et</strong></span> <span class='ocrx_word' id='word_1_722' title='bbox 1379 5045 1441 5088; x_wconf 93' lang='lat' dir='ltr'><strong>ut</strong></span> <span class='ocrx_word' id='word_1_723' title='bbox 1507 5034 1777 5103; x_wconf 83' lang='lat' dir='ltr'><strong>prioribus</strong></span> <span class='ocrx_word' id='word_1_724' title='bbox 1849 5034 2044 5087; x_wconf 90' lang='lat' dir='ltr'><strong>similia</strong></span> <span class='ocrx_word' id='word_1_725' title='bbox 2097 5035 2329 5098; x_wconf 88' lang='lat' dir='ltr'><strong>addatis,</strong></span> 
     </span>
    </p>
   </div>
   <div class='ocr_carea' id='block_1_100' title="bbox 778 5121 2330 5196">
    <p class='ocr_par' dir='ltr' id='par_1_100' title="bbox 778 5121 2330 5196">
     <span class='ocr_line' id='line_1_100' title="bbox 778 5121 2330 5196; baseline -0.002 -19"><span class='ocrx_word' id='word_1_726' title='bbox 778 5126 1026 5193; x_wconf 88' lang='lat' dir='ltr'><strong>impellit.</strong></span> <span class='ocrx_word' id='word_1_727' title='bbox 1066 5126 1131 5179; x_wconf 85' lang='lat' dir='ltr'><strong>Et</strong></span> <span class='ocrx_word' id='word_1_728' title='bbox 1185 5125 1311 5196; x_wconf 78' lang='lat' dir='ltr'><strong>quid</strong></span> <span class='ocrx_word' id='word_1_729' title='bbox 1350 5124 1472 5179; x_wconf 91' lang='lat' dir='ltr'><strong>dico</strong></span> <span class='ocrx_word' id='word_1_730' title='bbox 1503 5122 1735 5176; x_wconf 89' lang='lat' dir='ltr'><strong>similia?</strong></span> <span class='ocrx_word' id='word_1_731' title='bbox 1764 5121 1876 5173; x_wconf 93' lang='lat' dir='ltr'><strong>lmo</strong></span> <span class='ocrx_word' id='word_1_732' title='bbox 1925 5121 2080 5190; x_wconf 79' lang='lat' dir='ltr'><strong>longe</strong></span> <span class='ocrx_word' id='word_1_733' title='bbox 2124 5122 2330 5191; x_wconf 86' lang='lat' dir='ltr'><strong>pejora,</strong></span> 
     </span>
    </p>
   </div>
   <div class='ocr_carea' id='block_1_101' title="bbox 773 5211 2334 5284">
    <p class='ocr_par' dir='ltr' id='par_1_101' title="bbox 773 5211 2334 5284">
     <span class='ocr_line' id='line_1_101' title="bbox 773 5211 2334 5284; baseline -0.002 -18"><span class='ocrx_word' id='word_1_734' title='bbox 773 5217 974 5283; x_wconf 85' lang='lat' dir='ltr'><strong>quibus</strong></span> <span class='ocrx_word' id='word_1_735' title='bbox 992 5215 1386 5284; x_wconf 87' lang='lat' dir='ltr'><strong>providentiam</strong></span> <span class='ocrx_word' id='word_1_736' title='bbox 1409 5228 1584 5268; x_wconf 89' lang='lat' dir='ltr'><strong>meam</strong></span> <span class='ocrx_word' id='word_1_737' title='bbox 1610 5221 1664 5265; x_wconf 89' lang='lat' dir='ltr'><strong>et</strong></span> <span class='ocrx_word' id='word_1_738' title='bbox 1693 5211 2085 5264; x_wconf 88' lang='lat' dir='ltr'><strong>humanitatem</strong></span> <span class='ocrx_word' id='word_1_739' title='bbox 2117 5226 2147 5263; x_wconf 89' lang='lat' dir='ltr'><strong>a</strong></span> <span class='ocrx_word' id='word_1_740' title='bbox 2183 5211 2334 5264; x_wconf 86' lang='lat' dir='ltr'><strong>vobis</strong></span> 
     </span>
    </p>
   </div>
   <div class='ocr_carea' id='block_1_102' title="bbox 849 5328 1868 5394">
    <p class='ocr_par' dir='ltr' id='par_1_102' title="bbox 849 5328 1868 5394">
     <span class='ocr_line' id='line_1_102' title="bbox 849 5328 1868 5394; baseline -0.006 -10"><span class='ocrx_word' id='word_1_741' title='bbox 849 5329 893 5361; x_wconf 84' lang='grc'><strong>⁸³</strong></span> <span class='ocrx_word' id='word_1_742' title='bbox 928 5329 1113 5384; x_wconf 71' lang='lat' dir='ltr'><strong>Matth.</strong></span> <span class='ocrx_word' id='word_1_743' title='bbox 1151 5346 1303 5394; x_wconf 62' lang='grc' dir='ltr'>χχιιι,</span> <span class='ocrx_word' id='word_1_744' title='bbox 1336 5330 1423 5383; x_wconf 83' lang='grc'><strong>57.</strong></span> <span class='ocrx_word' id='word_1_745' title='bbox 1538 5329 1581 5360; x_wconf 85' lang='grc'><strong>¹³</strong></span> <span class='ocrx_word' id='word_1_746' title='bbox 1623 5328 1752 5382; x_wconf 90' lang='lat' dir='ltr'><strong>ibid.</strong></span> <span class='ocrx_word' id='word_1_747' title='bbox 1781 5328 1868 5381; x_wconf 83' lang='lat'><strong>&#39;58.</strong></span> 
     </span>
    </p>
   </div>
   <div class='ocr_carea' id='block_1_103' title="bbox 2438 4555 4002 4643">
    <p class='ocr_par' dir='ltr' id='par_1_103' title="bbox 2438 4555 4002 4643">
     <span class='ocr_line' id='line_1_103' title="bbox 2438 4555 4002 4643; baseline -0.012 -17"><span class='ocrx_word' id='word_1_748' title='bbox 2438 4573 2625 4643; x_wconf 79' lang='grc' dir='ltr'>μονίας</span> <span class='ocrx_word' id='word_1_749' title='bbox 2675 4587 2736 4622; x_wconf 87' lang='grc' dir='ltr'><strong>τε</strong></span> <span class='ocrx_word' id='word_1_750' title='bbox 2787 4568 3042 4626; x_wconf 83' lang='grc' dir='ltr'>συνόντας</span> <span class='ocrx_word' id='word_1_751' title='bbox 3100 4561 3352 4629; x_wconf 78' lang='grc' dir='ltr'>ἀλλήλοις</span> <span class='ocrx_word' id='word_1_752' title='bbox 3386 4558 3483 4625; x_wconf 91' lang='grc' dir='ltr'><strong>τῆς</strong></span> <span class='ocrx_word' id='word_1_753' title='bbox 3537 4557 3679 4609; x_wconf 86' lang='grc' dir='ltr'><strong>κατά</strong></span> <span class='ocrx_word' id='word_1_754' title='bbox 3731 4555 3823 4606; x_wconf 79' lang='grc' dir='ltr'><strong>τὸν</strong></span> <span class='ocrx_word' id='word_1_755' title='bbox 3885 4556 4002 4623; x_wconf 81' lang='grc' dir='ltr'>βίον</span> 
     </span>
    </p>
   </div>
   <div class='ocr_carea' id='block_1_104' title="bbox 2433 4643 4004 4727">
    <p class='ocr_par' dir='ltr' id='par_1_104' title="bbox 2433 4643 4004 4727">
     <span class='ocr_line' id='line_1_104' title="bbox 2433 4643 4004 4727; baseline -0.015 -12"><span class='ocrx_word' id='word_1_756' title='bbox 2433 4662 2745 4723; x_wconf 86' lang='grc' dir='ltr'>ἀπολαύειν,</span> <span class='ocrx_word' id='word_1_757' title='bbox 2776 4659 2935 4727; x_wconf 82' lang='grc' dir='ltr'>χάριν</span> <span class='ocrx_word' id='word_1_758' title='bbox 2959 4654 3285 4724; x_wconf 86' lang='grc' dir='ltr'>παρασχεῖν.</span> <span class='ocrx_word' id='word_1_759' title='bbox 3332 4646 3470 4700; x_wconf 79' lang='grc' dir='ltr'>Ἀλλ’</span> <span class='ocrx_word' id='word_1_760' title='bbox 3496 4647 3561 4716; x_wconf 83' lang='grc' dir='ltr'>ἢν</span> <span class='ocrx_word' id='word_1_761' title='bbox 3592 4645 3745 4698; x_wconf 78' lang='grc' dir='ltr'>αὐτοί</span> <span class='ocrx_word' id='word_1_762' title='bbox 3782 4660 3845 4710; x_wconf 84' lang='grc' dir='ltr'><strong>γε</strong></span> <span class='ocrx_word' id='word_1_763' title='bbox 3877 4643 4004 4695; x_wconf 79' lang='grc' dir='ltr'>καθ’</span> 
     </span>
    </p>
   </div>
   <div class='ocr_carea' id='block_1_105' title="bbox 2435 4734 4005 4817">
    <p class='ocr_par' dir='ltr' id='par_1_105' title="bbox 2435 4734 4005 4817">
     <span class='ocr_line' id='line_1_105' title="bbox 2435 4734 4005 4817; baseline -0.013 -12"><span class='ocrx_word' id='word_1_764' title='bbox 2435 4752 2639 4806; x_wconf 79' lang='grc' dir='ltr'>ἑαυτῶν</span> <span class='ocrx_word' id='word_1_765' title='bbox 2692 4751 2790 4817; x_wconf 88' lang='grc' dir='ltr'><strong>τῆς</strong></span> <span class='ocrx_word' id='word_1_766' title='bbox 2837 4745 3094 4806; x_wconf 86' lang='grc' dir='ltr'>ἀπονοίας</span> <span class='ocrx_word' id='word_1_767' title='bbox 3139 4739 3425 4811; x_wconf 88' lang='grc' dir='ltr'>τυραννίδα</span> <span class='ocrx_word' id='word_1_768' title='bbox 3473 4734 3911 4805; x_wconf 87' lang='grc' dir='ltr'>προεστήσασθε,</span> <span class='ocrx_word' id='word_1_769' title='bbox 3943 4736 4005 4786; x_wconf 76' lang='grc' dir='ltr'><strong>οὐ</strong></span> 
     </span>
    </p>
   </div>
   <div class='ocr_carea' id='block_1_106' title="bbox 2441 4829 4010 4914">
    <p class='ocr_par' dir='ltr' id='par_1_106' title="bbox 2441 4829 4010 4914">
     <span class='ocr_line' id='line_1_106' title="bbox 2441 4829 4010 4914; baseline -0.013 -18"><span class='ocrx_word' id='word_1_770' title='bbox 2441 4845 2601 4914; x_wconf 89' lang='grc' dir='ltr'>μόνον</span> <span class='ocrx_word' id='word_1_771' title='bbox 2633 4841 2784 4894; x_wconf 81' lang='grc' dir='ltr'>οὐδὲν</span> <span class='ocrx_word' id='word_1_772' title='bbox 2833 4839 2969 4909; x_wconf 87' lang='grc' dir='ltr'>πρὸς</span> <span class='ocrx_word' id='word_1_773' title='bbox 3019 4833 3353 4903; x_wconf 69' lang='grc' dir='ltr'>ἐπιστροφὴν</span> <span class='ocrx_word' id='word_1_774' title='bbox 3394 4830 3605 4898; x_wconf 80' lang='grc' dir='ltr'>ἀφορᾷν</span> <span class='ocrx_word' id='word_1_775' title='bbox 3659 4829 3802 4895; x_wconf 83' lang='grc' dir='ltr'>ὑμᾶς</span> <span class='ocrx_word' id='word_1_776' title='bbox 3857 4843 4010 4895; x_wconf 84' lang='grc' dir='ltr'>παρ-</span> 
     </span>
    </p>
   </div>
   <div class='ocr_carea' id='block_1_107' title="bbox 2440 4918 4006 4994">
    <p class='ocr_par' dir='ltr' id='par_1_107' title="bbox 2440 4918 4006 4994">
     <span class='ocr_line' id='line_1_107' title="bbox 2440 4918 4006 4994; baseline -0.015 -5"><span class='ocrx_word' id='word_1_777' title='bbox 2440 4935 2702 4988; x_wconf 88' lang='grc' dir='ltr'>εσκεύασε</span> <span class='ocrx_word' id='word_1_778' title='bbox 2724 4932 2901 4986; x_wconf 89' lang='grc' dir='ltr'>καίτοι</span> <span class='ocrx_word' id='word_1_779' title='bbox 2922 4926 3189 4994; x_wconf 85' lang='grc' dir='ltr'>τοσαύτης</span> <span class='ocrx_word' id='word_1_780' title='bbox 3220 4925 3312 4976; x_wconf 79' lang='grc' dir='ltr'>καὶ</span> <span class='ocrx_word' id='word_1_781' title='bbox 3341 4919 3673 4991; x_wconf 84' lang='grc' dir='ltr'>τηλικαύτης</span> <span class='ocrx_word' id='word_1_782' title='bbox 3695 4918 3795 4984; x_wconf 84' lang='grc' dir='ltr'><strong>τῆς</strong></span> <span class='ocrx_word' id='word_1_783' title='bbox 3834 4918 4006 4984; x_wconf 78' lang='grc' dir='ltr'>εὐμε-</span> 
     </span>
    </p>
   </div>
   <div class='ocr_carea' id='block_1_108' title="bbox 2441 5008 4008 5091">
    <p class='ocr_par' dir='ltr' id='par_1_108' title="bbox 2441 5008 4008 5091">
     <span class='ocr_line' id='line_1_108' title="bbox 2441 5008 4008 5091; baseline -0.015 -12"><span class='ocrx_word' id='word_1_784' title='bbox 2441 5027 2585 5087; x_wconf 85' lang='grc' dir='ltr'>νείας</span> <span class='ocrx_word' id='word_1_785' title='bbox 2621 5024 2823 5091; x_wconf 89' lang='grc' dir='ltr'>ταύτην</span> <span class='ocrx_word' id='word_1_786' title='bbox 2870 5021 2996 5090; x_wconf 83' lang='grc' dir='ltr'>ὑμῖν</span> <span class='ocrx_word' id='word_1_787' title='bbox 3053 5014 3461 5087; x_wconf 85' lang='grc' dir='ltr'>προτεινούσης,</span> <span class='ocrx_word' id='word_1_788' title='bbox 3525 5011 3620 5063; x_wconf 79' lang='grc' dir='ltr'>καὶ</span> <span class='ocrx_word' id='word_1_789' title='bbox 3663 5008 3797 5078; x_wconf 83' lang='grc' dir='ltr'>πρὸς</span> <span class='ocrx_word' id='word_1_790' title='bbox 3833 5009 4008 5077; x_wconf 77' lang='grc' dir='ltr'>αὐτὴν</span> 
     </span>
    </p>
   </div>
   <div class='ocr_carea' id='block_1_109' title="bbox 2445 5100 4008 5186">
    <p class='ocr_par' dir='ltr' id='par_1_109' title="bbox 2445 5100 4008 5186">
     <span class='ocr_line' id='line_1_109' title="bbox 2445 5100 4008 5186; baseline -0.015 -14"><span class='ocrx_word' id='word_1_791' title='bbox 2445 5115 2871 5186; x_wconf 73' lang='grc' dir='ltr'>ἐπιστρέφεσθαι</span> <span class='ocrx_word' id='word_1_792' title='bbox 2891 5107 3336 5180; x_wconf 89' lang='grc' dir='ltr'>παρακαλούσης,</span> <span class='ocrx_word' id='word_1_793' title='bbox 3354 5103 3489 5157; x_wconf 90' lang='grc' dir='ltr'><strong>ἀλλά</strong></span> <span class='ocrx_word' id='word_1_794' title='bbox 3510 5104 3601 5155; x_wconf 78' lang='grc' dir='ltr'>καὶ</span> <span class='ocrx_word' id='word_1_795' title='bbox 3620 5101 3739 5154; x_wconf 85' lang='grc' dir='ltr'>καθ’</span> <span class='ocrx_word' id='word_1_796' title='bbox 3763 5100 4008 5165; x_wconf 72' lang='grc' dir='ltr'>ἑκάστην</span> 
     </span>
    </p>
   </div>
   <div class='ocr_carea' id='block_1_110' title="bbox 2446 5191 4008 5278">
    <p class='ocr_par' dir='ltr' id='par_1_110' title="bbox 2446 5191 4008 5278">
     <span class='ocr_line' id='line_1_110' title="bbox 2446 5191 4008 5278; baseline -0.014 -17"><span class='ocrx_word' id='word_1_797' title='bbox 2446 5206 2853 5278; x_wconf 88' lang='grc' dir='ltr'>παραθρασύνει</span> <span class='ocrx_word' id='word_1_798' title='bbox 2895 5201 3007 5273; x_wconf 75' lang='grc'><strong>(16)</strong></span> <span class='ocrx_word' id='word_1_799' title='bbox 3061 5194 3406 5270; x_wconf 84' lang='grc' dir='ltr'>προστιθέναι</span> <span class='ocrx_word' id='word_1_800' title='bbox 3461 5193 3530 5246; x_wconf 87' lang='grc' dir='ltr'><strong>τά</strong></span> <span class='ocrx_word' id='word_1_801' title='bbox 3575 5193 3756 5263; x_wconf 85' lang='grc' dir='ltr'>ὃμοια.</span> <span class='ocrx_word' id='word_1_802' title='bbox 3809 5192 3920 5244; x_wconf 77' lang='grc' dir='ltr'>Καὶ</span> <span class='ocrx_word' id='word_1_803' title='bbox 3952 5191 4008 5240; x_wconf 89' lang='grc' dir='ltr'><strong>τί</strong></span> 
     </span>
    </p>
   </div>
   <div class='ocr_carea' id='block_1_111' title="bbox 1893 5449 2912 5516">
    <p class='ocr_par' dir='ltr' id='par_1_111' title="bbox 1893 5449 2912 5516">
     <span class='ocr_line' id='line_1_111' title="bbox 1893 5449 2912 5516; baseline -0.013 0"><span class='ocrx_word' id='word_1_804' title='bbox 1893 5460 2126 5516; x_wconf 70' lang='grc' dir='ltr'>νΑιιιΑε</span> <span class='ocrx_word' id='word_1_805' title='bbox 2166 5457 2538 5513; x_wconf 77' lang='lat' dir='ltr'><strong>LECTIONES</strong></span> <span class='ocrx_word' id='word_1_806' title='bbox 2571 5455 2652 5508; x_wconf 84' lang='lat' dir='ltr'>ET</span> <span class='ocrx_word' id='word_1_807' title='bbox 2680 5449 2912 5506; x_wconf 75' lang='grc' dir='ltr'><strong>ΝΟΤΑΞ.</strong></span> 
     </span>
    </p>
   </div>
   <div class='ocr_carea' id='block_1_112' title="bbox 854 5576 2341 5652">
    <p class='ocr_par' dir='ltr' id='par_1_112' title="bbox 854 5576 2341 5652">
     <span class='ocr_line' id='line_1_112' title="bbox 854 5576 2341 5652; baseline -0.01 -13"><span class='ocrx_word' id='word_1_808' title='bbox 854 5585 965 5652; x_wconf 76' lang='grc'><strong>(15)</strong></span> <span class='ocrx_word' id='word_1_809' title='bbox 1017 5583 1352 5647; x_wconf 75' lang='grc' dir='ltr'>Ἐπιγνους.</span> <span class='ocrx_word' id='word_1_810' title='bbox 1405 5580 1481 5632; x_wconf 87' lang='lat' dir='ltr'><strong>Ita</strong></span> <span class='ocrx_word' id='word_1_811' title='bbox 1518 5578 1938 5652; x_wconf 77' lang='lat' dir='ltr'><strong>fert__variorum</strong></span> <span class='ocrx_word' id='word_1_812' title='bbox 1967 5576 2182 5652; x_wconf 66' lang='lat' dir='ltr'><strong>Patrum</strong></span> <span class='ocrx_word' id='word_1_813' title='bbox 2216 5591 2341 5626; x_wconf 92' lang='lat' dir='ltr'><strong>sen-</strong></span> 
     </span>
    </p>
   </div>
   <div class='ocr_carea' id='block_1_113' title="bbox 784 5646 2344 5716">
    <p class='ocr_par' dir='ltr' id='par_1_113' title="bbox 784 5646 2344 5716">
     <span class='ocr_line' id='line_1_113' title="bbox 784 5646 2344 5716; baseline -0.008 -8"><span class='ocrx_word' id='word_1_814' title='bbox 784 5646 975 5716; x_wconf 80' lang='lat' dir='ltr'><strong>tentia,</strong></span> <span class='ocrx_word' id='word_1_815' title='bbox 1031 5646 1230 5705; x_wconf 89' lang='lat' dir='ltr'><strong>malum</strong></span> <span class='ocrx_word' id='word_1_816' title='bbox 1277 5652 1575 5702; x_wconf 73' lang='lat' dir='ltr'><strong>daemonem</strong></span> <span class='ocrx_word' id='word_1_817' title='bbox 1628 5648 1923 5704; x_wconf 73' lang='lat' dir='ltr'><strong>Christum,</strong></span> <span class='ocrx_word' id='word_1_818' title='bbox 1973 5655 2031 5698; x_wconf 89' lang='lat' dir='ltr'><strong>ut</strong></span> <span class='ocrx_word' id='word_1_819' title='bbox 2092 5646 2257 5716; x_wconf 82' lang='lat' dir='ltr'><strong>Deum</strong></span> <span class='ocrx_word' id='word_1_820' title='bbox 2290 5653 2344 5695; x_wconf 92' lang='lat' dir='ltr'><strong>ct</strong></span> 
     </span>
    </p>
   </div>
   <div class='ocr_carea' id='block_1_114' title="bbox 789 5714 2340 5781">
    <p class='ocr_par' dir='ltr' id='par_1_114' title="bbox 789 5714 2340 5781">
     <span class='ocr_line' id='line_1_114' title="bbox 789 5714 2340 5781; baseline -0.008 -6"><span class='ocrx_word' id='word_1_821' title='bbox 789 5714 1129 5776; x_wconf 75' lang='lat' dir='ltr'><strong>Servatorcm</strong></span> <span class='ocrx_word' id='word_1_822' title='bbox 1186 5720 1395 5781; x_wconf 88' lang='lat' dir='ltr'><strong>mundi,</strong></span> <span class='ocrx_word' id='word_1_823' title='bbox 1451 5720 1553 5771; x_wconf 89' lang='lat' dir='ltr'><strong>sub</strong></span> <span class='ocrx_word' id='word_1_824' title='bbox 1602 5717 1939 5769; x_wconf 87' lang='lat' dir='ltr'><strong>nativitatem</strong></span> <span class='ocrx_word' id='word_1_825' title='bbox 1982 5725 2074 5767; x_wconf 89' lang='lat' dir='ltr'><strong>aut</strong></span> <span class='ocrx_word' id='word_1_826' title='bbox 2127 5714 2340 5765; x_wconf 89' lang='lat' dir='ltr'><strong>initium</strong></span> 
     </span>
    </p>
   </div>
   <div class='ocr_carea' id='block_1_115' title="bbox 791 5789 1752 5860">
    <p class='ocr_par' dir='ltr' id='par_1_115' title="bbox 791 5789 1752 5860">
     <span class='ocr_line' id='line_1_115' title="bbox 791 5789 1752 5860; baseline -0.005 -15"><span class='ocrx_word' id='word_1_827' title='bbox 791 5792 1045 5860; x_wconf 61' lang='lat' dir='ltr'><strong>praeconii</strong></span> <span class='ocrx_word' id='word_1_828' title='bbox 1092 5792 1209 5860; x_wconf 90' lang='lat' dir='ltr'><strong>ejus</strong></span> <span class='ocrx_word' id='word_1_829' title='bbox 1261 5805 1365 5841; x_wconf 90' lang='lat' dir='ltr'><strong>non</strong></span> <span class='ocrx_word' id='word_1_830' title='bbox 1421 5789 1752 5858; x_wconf 73' lang='lat' dir='ltr'><strong>cognovisse.</strong></span> 
     </span>
    </p>
   </div>
   <div class='ocr_carea' id='block_1_116' title="bbox 1837 5781 2344 5839">
    <p class='ocr_par' dir='ltr' id='par_1_116' title="bbox 1837 5781 2344 5839">
     <span class='ocr_line' id='line_1_116' title="bbox 1837 5781 2344 5839; baseline 0 -5"><span class='ocrx_word' id='word_1_831' title='bbox 1837 5783 1965 5839; x_wconf 82' lang='lat' dir='ltr'><strong>Vide</strong></span> <span class='ocrx_word' id='word_1_832' title='bbox 2033 5781 2344 5836; x_wconf 73' lang='lat' dir='ltr'><strong>testimonia</strong></span> 
     </span>
    </p>
   </div>
   <div class='ocr_carea' id='block_1_117' title="bbox 2441 5549 4010 5627">
    <p class='ocr_par' dir='ltr' id='par_1_117' title="bbox 2441 5549 4010 5627">
     <span class='ocr_line' id='line_1_117' title="bbox 2441 5549 4010 5627; baseline -0.013 -4"><span class='ocrx_word' id='word_1_833' title='bbox 2441 5583 2628 5623; x_wconf 89' lang='lat' dir='ltr'><strong>eorum</strong></span> <span class='ocrx_word' id='word_1_834' title='bbox 2660 5566 2882 5620; x_wconf 83' lang='lat' dir='ltr'><strong>collecta</strong></span> <span class='ocrx_word' id='word_1_835' title='bbox 2913 5577 2942 5615; x_wconf 90' lang='lat' dir='ltr'><strong>a</strong></span> <span class='ocrx_word' id='word_1_836' title='bbox 2997 5556 3252 5627; x_wconf 81' lang='lat' dir='ltr'><strong>Dionysio</strong></span> <span class='ocrx_word' id='word_1_837' title='bbox 3289 5551 3511 5627; x_wconf 82' lang='lat' dir='ltr'><strong>Petavio</strong></span> <span class='ocrx_word' id='word_1_838' title='bbox 3543 5551 3605 5627; x_wconf 64' lang='lat' dir='ltr'><strong>ip</strong></span> <span class='ocrx_word' id='word_1_839' title='bbox 3658 5549 4010 5618; x_wconf 75' lang='lat' dir='ltr'><strong>Dagmatibus</strong></span> 
     </span>
    </p>
   </div>
   <div class='ocr_carea' id='block_1_118' title="bbox 2443 5621 3628 5704">
    <p class='ocr_par' dir='ltr' id='par_1_118' title="bbox 2443 5621 3628 5704">
     <span class='ocr_line' id='line_1_118' title="bbox 2443 5621 3628 5704; baseline -0.017 -13"><span class='ocrx_word' id='word_1_840' title='bbox 2443 5621 2756 5704; x_wconf 70' lang='lat' dir='ltr'><strong>llicologicis,</strong></span> <span class='ocrx_word' id='word_1_841' title='bbox 2797 5645 2942 5686; x_wconf 89' lang='lat' dir='ltr'><strong>tomo</strong></span> <span class='ocrx_word' id='word_1_842' title='bbox 2967 5630 3052 5704; x_wconf 87' lang='lat' dir='ltr'><strong>ll_|,</strong></span> <span class='ocrx_word' id='word_1_843' title='bbox 3091 5621 3256 5704; x_wconf 40' lang='lat' dir='ltr'><strong>libt‘t.</strong></span> <span class='ocrx_word' id='word_1_844' title='bbox 3289 5639 3338 5677; x_wconf 90' lang='lat' dir='ltr'><strong>c.</strong></span> <span class='ocrx_word' id='word_1_845' title='bbox 3379 5624 3433 5704; x_wconf 71' lang='lat'><strong>8,</strong></span> <span class='ocrx_word' id='word_1_846' title='bbox 3466 5621 3628 5702; x_wconf 55' lang='lat' dir='ltr'><strong>p.27:</strong></span> 
     </span>
    </p>
   </div>
   <div class='ocr_carea' id='block_1_119' title="bbox 2513 5687 4012 5775">
    <p class='ocr_par' dir='ltr' id='par_1_119' title="bbox 2513 5687 4012 5775">
     <span class='ocr_line' id='line_1_119' title="bbox 2513 5687 4012 5775; baseline -0.012 -16"><span class='ocrx_word' id='word_1_847' title='bbox 2513 5687 2634 5775; x_wconf 49' lang='lat' dir='ltr'><strong>illi},</strong></span> <span class='ocrx_word' id='word_1_848' title='bbox 2668 5687 3131 5775; x_wconf 57' lang='lat' dir='ltr'><strong>flcij)a0p(zci&#39;2_ret.</strong></span> <span class='ocrx_word' id='word_1_849' title='bbox 3179 5695 3270 5774; x_wconf 68' lang='lat' dir='ltr'><strong>Sic</strong></span> <span class='ocrx_word' id='word_1_850' title='bbox 3301 5687 3486 5760; x_wconf 77' lang='lat' dir='ltr'><strong>putavi</strong></span> <span class='ocrx_word' id='word_1_851' title='bbox 3522 5687 3870 5743; x_wconf 83' lang='lat' dir='ltr'><strong>scribendum</strong></span> <span class='ocrx_word' id='word_1_852' title='bbox 3915 5705 4012 5757; x_wconf 86' lang='lat' dir='ltr'><strong>pro</strong></span> 
     </span>
    </p>
   </div>
   <div class='ocr_carea' id='block_1_120' title="bbox 2447 5767 3387 5842">
    <p class='ocr_par' dir='ltr' id='par_1_120' title="bbox 2447 5767 3387 5842">
     <span class='ocr_line' id='line_1_120' title="bbox 2447 5767 3387 5842; baseline -0.016 -14"><span class='ocrx_word' id='word_1_853' title='bbox 2447 5767 3023 5842; x_wconf 50' lang='grc' dir='ltr'>παραθραπύνη,⁷ιιιιοι1</span> <span class='ocrx_word' id='word_1_854' title='bbox 3052 5776 3169 5820; x_wconf 87' lang='lat' dir='ltr'><strong>erat</strong></span> <span class='ocrx_word' id='word_1_855' title='bbox 3204 5767 3255 5817; x_wconf 90' lang='lat' dir='ltr'><strong>in</strong></span> <span class='ocrx_word' id='word_1_856' title='bbox 3291 5779 3387 5815; x_wconf 85' lang='lat' dir='ltr'><strong>ms.</strong></span> 
     </span>
    </p>
   </div>
  </div>
