4234 6432
226 416 333 477 225

1275 407 1566 467 CONTRA
1610 405 2065 466 MANICILEOS
2109 407 2338 467 LIBER
2387 409 2483 471 IV.

3366 413 3471 479 226

229 532 373 595 λέγω
405 527 473 579 τά
494 527 653 594 ὃμοια
681 542 694 588 ;
747 521 905 576 ’Λλλά
949 522 1024 591 μὴ
1052 521 1120 573 τὰ
1152 520 1286 573 πολὺ
1318 522 1694 590 χαλεπώτερα,
1735 520 1800 571 δι’
1835 526 1876 580 Λ

1798 522 1800 532 ’
1835 526 1876 580 Λ
1908 521 2041 589 ipsis
2076 520 2421 589 propulsatis.
2465 521 2758 590 Propterea
2792 532 2847 576 et
2887 534 3103 592 tempus
3144 542 3241 580 vos
3277 542 3470 596 exspe-

225 615 301 671 ῶν
352 622 509 686 ὑμεῖς
559 618 657 685 τὴν
726 614 864 683 ἐμὴν
907 614 1161 681 πρόνοιαν
1227 615 1320 665 καὶ
1393 613 1803 683 φιλανθρωπίαν

233 709 448 761 ἑαυτῶν
507 705 989 760 ἀπεσκευάσασθε.
1045 705 1135 756 Διὸ
1208 707 1305 755 καὶ
1357 705 1385 755 ὁ
1432 705 1621 772 καιρὸς
1679 706 1805 770 ὑμῖν

228 795 577 851 ἀπαιτεῖσθαι
597 796 911 864 παρέστηκε
936 794 1003 846 τὰ
1022 794 1296 863 ἐπίχειρα,
1320 797 1418 861 τήν
1438 811 1496 846 τε
1522 795 1616 846 ἀπ’
1638 794 1803 860 ἀλλή-

231 891 341 942 λων
391 888 771 950 καταδικάζων
795 888 1119 954 διασπορὰν,
1170 888 1261 938 καὶ
1286 888 1345 939 οὺ
1381 885 1478 955 τὴν
1506 887 1805 954 διασπορὰν

235 982 418 1050 μόνον,
454 980 589 1032 ἀλλά
630 980 724 1031 καὶ
759 979 928 1046 αὐτὴν
975 977 1072 1046 τὴν
1116 978 1271 1029 πόλιν
1322 978 1504 1039 αὐτοῖς
1536 977 1803 1045 θεμελίοις

230 1073 654 1141 καταστρέφων,
692 1070 785 1121 καὶ
832 1069 1040 1139 ἐρημίᾳ
1072 1069 1419 1138 παραδιδούς.
1451 1069 1512 1120 Εἰ
1545 1065 1638 1120 οὖν
1666 1070 1805 1121 κατά

227 1164 339 1214 τῶν
398 1162 753 1231 προφητικῶν
796 1161 1042 1230 αἱμάτων
1091 1164 1123 1231 ἡ
1166 1162 1339 1229 τόλμα
1377 1161 1469 1212 καὶ
1538 1159 1649 1211 τῶν
1697 1160 1803 1212 άπ-

229 1254 575 1321 εσταλμένων
602 1253 629 1302 ὁ
661 1251 817 1320 φόνος
844 1254 924 1314 είς
962 1252 1294 1321 ταλανισμὸν
1332 1252 1429 1320 μὲν
1452 1250 1652 1317 ἀπάγει
1680 1253 1806 1313 τοὺς

242 1346 551 1405 Ἰουδαίους,
589 1343 872 1413 προοίμιον
903 1344 961 1395 δὲ
993 1344 1202 1412 γίνεται
1234 1346 1329 1413 τῆς
1357 1345 1590 1413 ἐσχάτης
1628 1344 1804 1395 αὐτῶν

229 1438 531 1500 ἀπωλείας,
558 1436 674 1498 πῶς
709 1437 828 1504 οὐχὶ
854 1436 953 1505 τὴν
982 1437 1104 1505 ίσην
1132 1437 1309 1505 δίκην,
1338 1437 1426 1489 ἵνα
1451 1437 1524 1505 μὴ
1550 1437 1693 1503 λέγω
1706 1436 1803 1506 τὴν

235 1526 483 1593 μείζονα,
519 1527 567 1577 ol
602 1525 795 1593 θερμοὶ
846 1526 943 1595 μὲν
978 1526 1085 1576 τῶν
1126 1526 1393 1578 Ἰουδαίων
1444 1526 1676 1593 μιμηταὶ
1711 1526 1804 1577 καὶ

229 1620 638 1689 ὑπερϐαλέσθαι
670 1622 725 1673 δὲ
760 1622 1237 1692 φιλονεικήσαντες
1265 1624 1480 1684 αὑτοὺς,
1522 1623 1620 1674 οὑκ
1649 1624 1804 1674 αὑτοὶ

229 1710 353 1761 καθ’
388 1710 597 1763 ἑαυτῶν
637 1712 905 1778 ὲπάγουσί
943 1730 1000 1765 τε
1046 1714 1138 1765 καὶ
1170 1714 1404 1780 ἄφυκτον
1456 1714 1661 1781 ταύτην
1704 1731 1805 1764 κα-

228 1803 630 1865 τασκευάζουσι
655 1803 993 1873 περιφανῶς.
1030 1804 1092 1855 Ol
1124 1804 1231 1873 γάρ
1265 1805 1506 1871 πονηρᾶς
1538 1804 1795 1871 δημιουρ-

228 1894 374 1959 γίας,
411 1911 487 1946 ων
512 1894 725 1957 ἔκδικος
754 1897 892 1962 ἡμῖν
921 1896 947 1946 ό
970 1894 1177 1964 Σωτὴρ,
1207 1894 1430 1955 τούτους
1451 1894 1798 1961 δυσφημοῦν-

228 2002 318 2046 τες
381 1985 699 2051 προελθεῖν,
748 1986 925 2054 πολλῷ
984 1986 1363 2055 χαλεπώτερον
1420 1986 1658 2052 τολμῶσι
1696 1985 1802 2036 τῶν

228 2075 531 2127 ἀνελόντων
552 2074 768 2136 αὐτούς.
808 2076 870 2126 Ol
906 2076 1004 2143 μὲν
1038 2076 1144 2145 γάρ
1177 2077 1317 2126 κατά
1360 2074 1628 2143 σωμάτων
1656 2072 1801 2135 ᾶπαξ

226 2165 451 2232 ἀφῆκαν
474 2166 573 2233 τὴν
604 2165 836 2233 πληγὴν,
867 2168 916 2217 οἱ
944 2166 1120 2235 δὲτὴν
1147 2165 1409 2234 πονηρίαν
1436 2167 1619 2226 αὑτοῖς
1643 2164 1801 2231 φύσει

230 2253 837 2319 συγκατασκευάζοντες
860 2296 873 2316 ,
923 2255 1094 2307 ἀΐδιον
1150 2258 1413 2324 ὲναφιεῖσι
1451 2257 1547 2325 τήν
1584 2258 1800 2308 ἀνίατον

229 2345 325 2394 καὶ
365 2345 737 2396 ἀνυπόστατον
773 2344 1005 2414 πληγὴν,
1044 2346 1181 2413 μετά
1208 2346 1269 2397 τὸ
1304 2348 1397 2397 καὶ
1426 2347 1550 2408 τοὺς
1585 2346 1800 2397 ἀνελόν-

229 2453 330 2496 τας
361 2438 560 2498 αὐτοὺς
584 2437 703 2488 ἀντὶ
718 2435 819 2503 τῆς
860 2438 1131 2506 τιμωρίας
1163 2437 1415 2499 ὲπάθλοις
1443 2439 1691 2506 κοσμεῖν,
1733 2436 1801 2488 δι’

229 2522 305 2577 ῶν
342 2528 439 2595 μὲν
469 2528 567 2595 τῆς
594 2527 911 2594 σωματικῆς
942 2529 1155 2597 ἐκείνης
1188 2530 1400 2598 σφαγῆς
1429 2530 1703 2598 ἀρχηγοὺς
1732 2532 1798 2598 τῇ

228 2616 426 2687 γνώμῃ
477 2616 816 2686 παριστῶσιν
847 2618 1095 2679 ἑαυτούς.
1150 2621 1258 2672 Καὶ
1302 2620 1363 2672 ού
1396 2620 1569 2671 ταῦτα
1618 2621 1797 2689 μόνον,

228 2710 324 2761 καί
349 2727 431 2761 τοι
470 2708 770 2778 τηλικαῦτα
800 2710 946 2770 ὄντα.
980 2711 1116 2763 ἀλλά
1144 2713 1239 2764 καὶ
1271 2713 1377 2765 ἀπὸ
1403 2713 1499 2781 τῆς
1527 2714 1668 2765 κατὰ
1694 2715 1799 2764 τῶν

229 2801 503 2868 σωμάτων
556 2800 843 2867 ἀσελγείας
890 2802 982 2853 ἐπὶ
1034 2802 1124 2854 τὸν
1167 2803 1343 2854 κοινὸν
1378 2805 1656 2872 Δεσπότην
1709 2804 1800 2856 καὶ

229 2893 579 2960 Δημιουργὸν
597 2892 889 2961 ἀναφέρειν
919 2894 981 2945 οὑ
1011 2894 1321 2963 φρίττουσιν
1350 2897 1449 2962 τὴν
1486 2894 1796 2961 ἀσέλγειαν.

228 2975 325 3041 Οἷς
377 2980 509 3049 γάρ,
546 2974 619 3032 ῶν
650 2983 795 3032 ἐστιν
845 2982 1079 3045 ἔκδικος,
1105 2984 1332 3045 ’κακίας
1383 2983 1633 3051 λέγουσιν
1664 2984 1799 3054 ἔργα

230 3075 328 3123 καὶ
369 3071 732 3141 θεραπευτὰς,
792 3074 1001 3135 τούτοις
1053 3075 1150 3142 τὴν
1207 3074 1383 3142 ὓϐριν,
1421 3075 1534 3127 ἀλλ’
1592 3075 1690 3126 οὑκ
1734 3077 1800 3128 ἀν

226 3162 585 3231 όνομάσαιμι,
621 3160 1057 3233 συνεξυϐρίξουσι
1084 3166 1177 3216 καὶ
1210 3166 1299 3216 τὸν
1323 3165 1629 3235 ἐκδικητὴν.

302 3253 435 3308 KA'.
478 3255 600 3306 Ὀτι
634 3255 689 3306 δὲ
737 3256 845 3306 τῶν
898 3256 1190 3326 προφητῶν
1240 3258 1268 3308 ό
1317 3260 1508 3326 χορὸς,
1559 3260 1653 3313 καὶ
1711 3256 1795 3322 αἷς

230 3344 561 3414 ίερολογίαις
587 3346 793 3413 Μωσῆς
824 3346 1228 3415 ὑπηρετήσατο,
1260 3349 1411 3399 αὐτοί
1437 3366 1497 3400 τε
1536 3349 1669 3401 Θεοῦ
1699 3368 1795 3401 πε-

231 3441 438 3507 φήνασι
473 3437 566 3490 τοῦ
622 3437 827 3505 ἀγαθοῦ
856 3438 951 3490 καὶ
992 3439 1218 3507 πλάσμα
1265 3442 1356 3491 καὶ
1383 3440 1673 3509 λατρευταὶ
1704 3441 1795 3491 καὶ

223 3524 298 3579 ἐν
341 3529 620 3597 ὑποφῆται
660 3529 997 3597 χρηματίσαι
1042 3531 1201 3598 χάριν
1249 3530 1456 3592 ἔλαϐον,
1510 3534 1795 3594 ἐπιπνοίας

224 3617 291 3689 ἦν
308 3620 483 3673 ταῦτα
503 3622 598 3673 καὶ
620 3622 869 3690 προνοίας
901 3622 1263 3689 ἀγαθουργοὺ,
1284 3626 1376 3675 καὶ
1394 3624 1541 3675 οὐδὲν
1564 3620 1627 3693 ἦν
1661 3627 1795 3693 πρός

224 3733 287 3782 γε
318 3717 421 3785 τὴν
454 3716 574 3766 τότε
607 3716 712 3767 τῶν
743 3716 1044 3785 ἀνθρώπων
1076 3718 1266 3785 ἀκοὴν,
1294 3716 1415 3768 οὔτε
1464 3718 1792 3787 σοφώτερον,

223 3804 345 3858 οὒτε
385 3804 804 3874 ἀσφαλέστερον,
857 3805 971 3857 ἀλλ’
1016 3805 1138 3857 οὔτε
1173 3808 1445 3875 σωτηρίαν
1496 3811 1793 3876 παρασχεῖν

228 3896 731 3965 έτοιμότερον,ούδὲ
762 3896 1170 3965 χειραγωγῆσαι
1199 3898 1425 3966 βέλτιον,
1446 3900 1605 3960 αὐτὸς
1633 3900 1793 3951 πάλιν

227 3992 361 4056 ἡμῖν
391 3991 418 4040 ό
472 3992 563 4041 καὶ
594 3991 694 4057 τῆς
726 3991 959 4051 παλαιᾶς
987 3991 1083 4043 καὶ
1124 3992 1224 4059 τῆς
1260 3991 1382 4054 νέας
1412 3992 1673 4061 διαθήκης
1698 3997 1792 4045 Δε-

226 4081 458 4147 σπότης,
508 4080 733 4149 παρέχει
772 4082 864 4133 καὶ
913 4082 1012 4151 τὴν
1040 4082 1333 4146 ἀπόδειξιν.
1378 4083 1643 4154 Τοιαύτην
1686 4085 1791 4153 γὰρ

224 4175 338 4234 τοῖς
374 4174 685 4242 προφήταις
713 4175 827 4235 τοῖς
852 4174 1017 4227 αὐτοῦ
1047 4175 1314 4244 παρέσχεν
1342 4175 1521 4245 ἔργοις
1559 4177 1655 4247 τὴν
1695 4179 1792 4246 τῆς

219 4263 484 4331 ἀληθείας
517 4263 839 4331 ἀσφάλειαν,
873 4265 968 4317 καὶ
993 4266 1072 4326 είς
1100 4267 1365 4334 τοσαύτην
1391 4267 1612 4330 τούτους
1635 4268 1789 4331 δόξαν

219 4354 315 4405 καὶ
344 4354 703 4423 περιφάνειαν
742 4353 978 4422 ὕψωσεν,
1017 4354 1157 4407 ῶστε
1188 4359 1249 4409 οὑ
1279 4360 1347 4411 τά
1380 4360 1654 4428 παράδοξα
1683 4362 1789 4412 τῶν

222 4445 403 4513 ἔργων
460 4447 618 4515 μόνον
670 4446 896 4509 τούτους
946 4447 1281 4513 ἐπιδείκνυσι
1327 4454 1786 4519 προκαταγγεῖλαι

1907 622 2054 664 ctare
2076 612 2230 679 jubet
2250 627 2435 679 punias
2460 613 2801 680 promeritus,
2831 614 2975 681 quod
3017 630 3125 666 non
3156 615 3330 668 solum
3360 617 3475 671 dis-

1908 703 2215 771 persionem
2238 719 2266 755 a
2297 704 2449 757 vobis
2491 703 2724 756 invicem
2786 705 3065 773 irrogabit,
3098 706 3191 759 sed
3213 718 3267 759 et
3301 707 3472 776 ipsam

1906 796 2095 847 urbem
2153 794 2394 849 ftn'iditus
2432 805 2663 855 evertet.
2721 806 2775 848 et
2820 797 3090 850 desertam
3139 800 3344 851 reddet.
3413 800 3468 851 Si

1906 885 2071 955 igitur
2123 888 2295 939 audax
2351 887 2404 938 in
2446 885 2834 954 prophetarum
2886 890 3207 955 sanguinem
3260 888 3471 942 facinus

1906 986 1960 1030 ct
2011 976 2304 1030 missormn
2342 978 2518 1031 credes
2546 978 2767 1032 Judieos
2812 980 2867 1031 in
2908 981 3185 1033 miseriam
3230 982 3469 1049 c0njicit.

1906 1080 2074 1138 atque
2124 1071 2342 1124 initium
2386 1070 2511 1124 facit
2565 1081 2821 1125 extrema:
2861 1074 3097 1140 ipsorum
3130 1075 3469 1137 calamitatis,

1905 1160 2177 1227 quomodo
2220 1177 2327 1213 nun
2381 1163 2521 1215 idem
2560 1164 2849 1229 judicium,
2885 1180 2953 1216 ne
3010 1166 3183 1218 dicam
3231 1168 3468 1233 gravius,

1906 1251 2117 1303 strenui
2186 1250 2494 1303 Judreorum
2563 1251 2888 1314 imitatores,
2963 1254 3074 1305 imo
3132 1255 3349 1305 eosdem
3413 1266 3471 1307 ut

1905 1350 2186 1407 superent,
2241 1341 2570 1404 adnitentes,
2634 1342 2733 1409 ipsi
2779 1343 2852 1395 illi
2901 1344 2955 1395 in
2998 1360 3056 1396 se
3108 1346 3469 1406 transferunt,

1907 1428 2075 1495 idque
2130 1432 2416 1484 manifeste
2463 1431 2774 1484 inevitabile
2834 1433 3119 1485 reddunt?
3173 1435 3272 1497 Qui
3323 1436 3469 1487 enim

1906 1535 2024 1582 eos,
2077 1537 2305 1589 quorum
2361 1523 2589 1575 ultorem
2632 1522 2886 1575 Serv-ator
2944 1539 3003 1577 se
3066 1527 3221 1579 nubis
3251 1527 3471 1585 sistit.a

1906 1612 2048 1665 malo
2088 1613 2353 1680 principio
2400 1614 2671 1681 prolicisiti
2723 1616 3122 1669 calumniantur
3153 1658 3164 1677 .
3224 1618 3299 1670 illi
3348 1634 3471 1687 gra-

1906 1702 2057 1755 viora
2090 1704 2295 1755 audent
2349 1703 2488 1765 istis,
2547 1705 2637 1771 qui
2697 1720 2791 1758 eos
2832 1722 2893 1758 ex
2948 1708 3052 1759 vita
3112 1710 3469 1763 sustulerunt.

1906 1793 1985 1845 llli
2025 1793 2171 1847 enim
2204 1795 2374 1847 semel
2420 1797 2740 1863 corporibus
2802 1814 2995 1850 manus
3033 1799 3352 1864 intulerunt,
3396 1813 3470 1865 at,

1906 1886 1998 1954 qui
2033 1886 2290 1939 malitiam
2323 1897 2515 1939 natura
2548 1888 2683 1956 ipsis
2723 1890 2939 1941 insitam
2994 1902 3288 1957 nugantur,
3348 1910 3467 1961 per-

1904 1984 2071 2045 petuo
2121 1976 2227 2029 illis
2264 1980 2447 2046 plagas
2479 1978 2720 2033 inl'erunt
2750 1981 3084 2036 insanabiles
3119 1994 3173 2036 et
3212 1985 3470 2037 intolera-

1903 2065 2064 2126 biles,
2123 2064 2392 2132 siquidem
2454 2075 2508 2117 et
2560 2068 2834 2120 oceisores
2887 2084 3074 2120 eorum
3136 2086 3234 2137 pro
3295 2087 3471 2138 paena:

1901 2156 2142 2225 praamiis
2174 2165 2394 2220 ornant,
2438 2166 2601 2223 atque
2624 2159 2702 2211 sic
2740 2161 2917 2227 quoad
2949 2172 3189 2213 mentem
3217 2172 3271 2213 et
3302 2161 3467 2213 animi

1901 2248 2229 2301 sententiam
2281 2249 2446 2301 (undis
2505 2248 2669 2317 hujus
2715 2264 2992 2318 corporea:
3039 2252 3205 2305 duces
3246 2267 3303 2305 se
3343 2268 3469 2320 pro-

1901 2341 2056 2393 bant.
2115 2340 2246 2404 Quae
2304 2341 2553 2409 quamvis
2609 2342 2792 2411 gravia
2845 2344 2975 2404 sint,
3021 2359 3089 2395 ne
3124 2344 3204 2397 sic
3250 2346 3468 2413 quidem

1903 2430 2012 2483 illis
2064 2430 2359 2494 sullieiunt,
2412 2432 2503 2500 qui
2588 2434 2770 2501 potius
2823 2434 3179 2502 petulantiam
3232 2451 3382 2488 suam
3438 2453 3467 2488 ιι

1902 2523 2223 2591 corporibus
2284 2525 2352 2578 ad
2413 2541 2763 2580 communem
2812 2525 3100 2580 Dominum
3154 2537 3208 2581 et
3263 2530 3466 2582 Condi-r

1902 2624 2072 2669 torem
2097 2626 2419 2670 convertere
2451 2633 2557 2670 non
2583 2628 2861 2673 verentur.
2894 2618 3122 2683 Quando
3152 2620 3300 2673 enim
3342 2637 3461 2684 eos,

1901 2722 2135 2775 quorum
2168 2708 2311 2761 ultor
2342 2719 2446 2770 est,
2501 2710 2725 2763 malitiae
2757 2727 2921 2778 opera
2949 2722 3003 2765 et
3035 2712 3311 2765 ministros
3350 2730 3470 2767 esse

1900 2799 2112 2862 dicunt,
2144 2806 2256 2851 tum
2292 2800 2512 2867 injuria,
2543 2801 2630 2853 vix
2656 2803 2830 2855 ausim
2877 2802 3081 2869 dicere,
3130 2804 3305 2874 ipsum
3329 2820 3467 2874 quo-

1901 2904 2008 2958 que
2043 2889 2309 2945 vindicem
2335 2907 2524 2947 eorum
2555 2892 2820 2948 alliciunt.

1976 3285 2116 3340 XXI.
2150 3287 2302 3352 Quod
2361 3305 2489 3345 vero
2542 3291 2929 3361 prophetarum
2959 3296 3163 3349 chorus
3206 3304 3259 3350 et
3296 3296 3471 3351 Moses

1905 3379 1958 3430 in
1994 3379 2161 3432 sacris
2185 3381 2440 3445 oraculis,
2487 3399 2605 3452 qua:
2636 3385 2950 3447 ediderunt,
2987 3395 3044 3439 ut
3098 3403 3232 3457 opus
3282 3388 3373 3441 Dei
3418 3400 3465 3443 et

1903 3470 2137 3523 ministri
2191 3471 2323 3525 Boni
2386 3486 2827 3542 comparuerunt,
2881 3486 3043 3542 atque
3102 3494 3185 3538 ea,
3236 3495 3467 3545 quorum

1906 3561 2192 3629 prwnuntii
2220 3563 2476 3630 appellari
2521 3566 2890 3626 merebantur,
2926 3567 2993 3619 ab
3056 3567 3235 3620 alllatu
3267 3581 3319 3621 et
3346 3584 3443 3636 pro

1912 3652 2148 3704 videntia
2186 3654 2363 3705 divina
2397 3656 2629 3722 profecta
2666 3666 2903 3720 eranl,et
2929 3658 3051 3711 talia
3073 3661 3316 3721 omnino,
3348 3660 3465 3728 qni-

1903 3743 2002 3795 bus
2032 3759 2096 3795 eo
2124 3754 2366 3812 tempore
2408 3746 2457 3796 in
2490 3746 2712 3799 auribus
2754 3748 3032 3800 hominum
3075 3749 3209 3801 nihil
3247 3750 3461 3816 sapien—

1904 3833 2031 3895 tius,
2064 3835 2417 3897 veriusnihil,
2458 3846 2551 3889 aut
2579 3838 2642 3891 ad
2678 3839 2911 3891 salutem
2945 3842 3235 3908 parandam
3261 3842 3459 3909 aptius,

1899 3927 1983 3978 vel
2010 3926 2073 3978 ad
2109 3927 2408 3981 docendum
2440 3930 2635 3983 melius
2668 3931 2850 3995 fuerit,
2884 3932 2997 3999 ipse
3027 3932 3217 3984 iterum
3253 3931 3467 3985 Veteris

1899 4028 1951 4069 et
1977 4017 2111 4070 Novi
2142 4017 2474 4074 Testamenti
2512 4022 2773 4075 Dominus
2808 4025 3163 4077 demonstrat.
3196 4025 3467 4093 Operibus

1898 4111 2041 4161 enim
2056 4111 2169 4164 suis
2196 4112 2475 4180 prophetis
2498 4130 2614 4167 eam
2637 4115 2879 4168 veritatis
2910 4115 3067 4168 [idem
3094 4115 3239 4177 fecit,
3266 4131 3465 4183 eosque

1898 4202 1951 4253 in
1977 4211 2180 4255 tantam
2201 4204 2421 4273 gloriam
2450 4215 2501 4258 et
2527 4206 2844 4274 dignitatem
2880 4206 3078 4269 evexit,
3116 4216 3175 4260 ut
3195 4209 3463 4271 ostendat,

1898 4310 1988 4347 eas
2030 4311 2137 4349 non
2163 4298 2335 4350 solum
2372 4298 2635 4351 mirabllia
2669 4315 2836 4368 opera
2857 4315 2952 4351 sua
2986 4300 3320 4367 prmdixisse,
3350 4310 3462 4361 aut,

1896 4400 2114 4438 CI'UCEH)
2144 4397 2197 4439 Cl
2233 4398 2489 4452 mortem,
2522 4406 2683 4457 quam
2740 4405 3124 4457 perpessurus,
3185 4406 3463 4459 genusque

1897 4485 2138 4527 nostrum
2204 4478 2276 4529 ita
2347 4480 2725 4546 redempturus
2792 4481 3013 4542 sit;aut
3086 4480 3152 4533 fel
3215 4489 3265 4533 et
3340 4496 3462 4534 acc-

220 4537 315 4588 καὶ
374 4537 639 4597 ἀνειπεῖν,
687 4537 795 4588 οὐδ’
851 4538 930 4589 ὅτι
978 4526 1207 4606 σταυρόν
1260 4540 1352 4590 καὶ⁵
1399 4540 1647 4604 θάνατον,
1701 4538 1777 4605 οἷς
1814 4559 1892 4616 υι

2112 4526 2137 4527 η
2350 4526 2401 4529 __
2792 4526 3013 4542 -.η-γ--
3087 4526 3152 4533 ---
3218 4526 3265 4533 η
3340 4526 3433 4534 ,νυ

1814 4559 1854 4611 D
1885 4574 2018 4625 tum,
2077 4568 2273 4635 quibus
2328 4572 2596 4637 potandus
2647 4573 2715 4624 sit
2747 4614 2758 4634 ,
2804 4582 2893 4623 ant
2943 4573 3098 4636 solis,
3153 4573 3456 4640 passionem

219 4629 595 4696 ὑποστήσεται
630 4628 738 4697 (l7)
778 4627 941 4680 σώσει
972 4630 1032 4681 τὸ
1061 4631 1210 4695 γένος
1250 4630 1406 4699 ήμῶν
1432 4649 1446 4662 ·
1480 4633 1601 4685 οὐδὲ
1629 4634 1787 4704 χολὴν

219 4718 316 4770 καὶ
346 4718 491 4781 ὅξος,
520 4718 593 4779 ὡς
628 4718 737 4786 (l8)
770 4719 1155 4787 ποτισθήσεται
1176 4736 1191 4749 ·
1224 4722 1334 4772 οὐδ’
1361 4721 1525 4773 ὅτιτὸ
1568 4722 1736 4785 πάθος
1763 4726 1789 4776 ὁ

217 4810 367 4877 ἣλιος
396 4810 458 4860 οὐ
494 4809 676 4877 φέρων
708 4811 1143 4879 σκοτισθήσεται,
1173 4812 1281 4863 οὐδ’
1326 4815 1425 4864 ὅσα
1470 4814 1601 4866 ἀλλα
1656 4817 1789 4881 μετά

217 4900 311 4951 τοῦ
345 4900 665 4969 ὑπερφυοῦς
704 4902 1040 4955 καθέκαστον
1084 4902 1207 4972 ἔσχε
1243 4904 1339 4973 τὴν
1391 4904 1615 4957 ἔκϐασιν
1649 4908 1790 4957 ἀπα-

221 4993 530 5060 ράτρεπτον
552 5009 564 5021 ·
601 4992 715 5043 ἀλλ’
746 4994 855 5045 οὐδ’
883 4996 963 5045 ὅτι
988 4996 1075 5047 ἐπὶ
1113 4996 1287 5047 πῶλον
1308 4998 1427 5048 ὄνου
1461 4998 1785 5063 καθεδεῖται,

216 5082 308 5130 καὶ
338 5080 449 5130 τῶν
502 5080 1043 5150 δυσανασχετούντων
1072 5087 1195 5145 τοὺς
1226 5087 1419 5147 παῖδας
1444 5088 1774 5155 ὑμνολόγους

214 5167 347 5230 ἕξει.
398 5168 677 5235 Οὑμενοῦν
728 5170 878 5222 οὐδὲν
910 5171 1112 5223 τούτων
1151 5174 1330 5241 ἀφῆκε
1374 5176 1446 5243 μὴ
1480 5178 1619 5228 κατά
1657 5179 1783 5241 τοὺς

215 5257 445 5307 ἐκείνων
474 5258 663 5323 λόγους
695 5260 790 5311 καὶ
827 5260 926 5322 τὰς
958 5263 1295 5331 προφητείας
1338 5267 1640 5333 προελθεῖν,
1689 5271 1781 5321 καὶ

218 5348 410 5401 εαυτὸν
445 5350 709 5416 ἐπιδεῖξαι
750 5352 1234 5425 διαπραττόμενον.
1278 5359 1447 5425 Καίγε
1494 5360 1544 5410 τί
1606 5379 1773 5430 προσ-

222 5442 342 5505 ῆκον
360 5436 453 5510 ἦν,
482 5442 570 5495 τὸν
590 5445 881 5513 ἁναιρέτην
901 5447 1000 5514 τῆς
1026 5448 1240 5509 κακίας,
1276 5451 1366 5500 καὶ
1394 5444 1453 5501 οὗ
1480 5452 1577 5520 τῆς
1600 5454 1781 5523 ἐπιδη-

1894 4658 2033 4711 hanc
2078 4676 2187 4712 non
2246 4660 2494 4724 ferentis,
2568 4662 3051 4727 obseurationem;
3106 4672 3199 4716 aut
3268 4675 3457 4718 caetera

1892 4750 2095 4813 omnia,
2159 4766 2276 4819 qua:
2329 4753 2544 4819 quidem
2612 4754 2845 4822 singula,
2906 4764 2963 4806 ut
3018 4756 3454 4823 supernaturalia

1891 4852 2068 4902 erant,
2102 4852 2353 4894 eventum
2418 4843 2854 4896 indeclinabilem
2909 4844 3316 4907 sortiebantur;
3362 4847 3455 4897 sed

1891 4941 1945 4983 et
1980 4933 2121 4999 quod
2163 4949 2327 5002 super
2360 4936 2561 5002 pullum
2594 4936 2758 4988 asinae
2784 4950 3054 4999 sessurus,
3090 4945 3144 4988 et
3171 4934 3458 5004 indignati-

1890 5022 2021 5072 tium
2056 5020 2192 5075 ﬁlios
2243 5023 2551 5077 laudatores
2610 5024 2895 5077 habiturus
2954 5024 3044 5078 sit.
3103 5024 3327 5087 llorum,
3372 5026 3458 5076 iu-

1887 5127 2071 5179 quam,
2126 5112 2259 5166 nihil
2317 5116 2585 5183 reliquum
2634 5117 2779 5181 fecit,
2816 5117 2961 5184 quod
2994 5131 3101 5169 non
3157 5115 3455 5167 secundum

1880 5217 2161 5257 sermones
2187 5220 2374 5257 eorum
2415 5217 2468 5261 et
2526 5209 2774 5263 vaticinia
2799 5211 3173 5277 perliceretur,
3215 5222 3379 5274 seque
3405 5207 3455 5258 id

1879 5294 2097 5349 eﬂicere
2148 5307 2458 5352 testaretur.
2525 5300 2643 5354 Jam
2667 5318 2794 5355 vero
2844 5300 2975 5369 quid
3027 5299 3252 5352 decebat
3308 5313 3450 5359 eum,

1893 5388 1981 5453 qui
2018 5388 2217 5441 malum
2251 5392 2568 5447 sublaturus
2614 5402 2733 5446 erat
2764 5408 2793 5447 e
2851 5393 3049 5455 medio,
3082 5401 3136 5445 et
3170 5392 3324 5457 cujus
3353 5388 3449 5440 ad-

1890 5492 2084 5534 ventus
2141 5483 2478 5551 potissimum
2504 5486 2571 5540 ad
2626 5487 2922 5556 tyrannidis
2952 5486 3298 5540 abolitionem
3333 5496 3453 5549 spe-

1338 5584 1572 5639 VARI/ﬁ
1623 5586 2006 5648 LECTIONES
2044 5592 2129 5647 ΕΤ
2159 5594 2385 5653 NOTAE.

450 5714 1214 5797 :l:xogrwiastat._Excidissc
1240 5724 1327 5797 hic
1364 5726 1575 5781 videtur
1608 5728 1867 5797 particula
1903 5734 2013 5787 καί.

282 5785 397 5853 (ιδ)
450 5784 565 5851 Ὧς.
598 5785 757 5842 Forte
791 5790 990 5845 rectius
1020 5794 1211 5862 legeris
1243 5789 1341 5856 οἷς.
