4234 6432
801 383 907 446 227

1943 379 2203 440 ΡΙῙΟΤΙΙ
2245 379 2748 442 ΡΑΤΒΙΑΒΟΗιΈ
2787 383 2896 444 CP.

3939 391 4045 458 ω

808 499 1010 554 etabat.
1035 511 1160 550 eum
1210 503 1398 549 nosset
1447 503 1559 548 tum
1595 492 1876 562 praedicta,
1905 502 2018 547 tum
2051 510 2167 559 eos,
2189 495 2281 564 qui
2307 511 2368 550 ea
2401 505 2445 560 Α
2476 517 2480 564 λ

2401 505 2445 560 Α
2476 496 2602 565 μίας
2631 499 2690 550 τὸ
2721 500 2980 568 μέγιστον
3002 501 3036 570 ή
3055 500 3156 570 τῆς
3173 501 3491 572 τυραννίδος
3513 501 3834 566 κατάλυσις,
3863 502 4043 558 είδάτα

805 589 1216 660 praedixerant?
1247 589 1441 642 Utrum
1487 587 1669 639 omnia
1710 586 1816 639 illis
1861 587 2136 640 contraria
2166 586 2367 651 facere,

809 683 856 735 si
885 698 914 735 a
947 681 1221 734 contrario
1253 679 1516 747 principio
1547 687 1728 732 essent
1761 677 2020 746 profecta,
2071 694 2138 732 an
2193 680 2371 747 potius

803 787 1025 840 Operam
1067 772 1193 824 dare
1228 770 1405 838 ipsum
1445 770 1692 833 decebat,
1729 780 1789 824 ut
1835 771 2017 824 omnia
2077 771 2370 840 impleren-

806 874 912 928 tur,
979 865 1222 932 nihilque
1274 878 1486 924 eorum,
1521 879 1640 930 qua:
1672 863 1770 931 ipsi
1819 862 2203 931 pratdixerant,
2252 862 2371 915 irri-

804 968 915 1009 tum
949 956 1294 1024 relinquere?
1325 957 1484 1023 Atqui
1511 956 1761 1007 Christus
1793 955 1926 1008 adeo
1981 955 2114 1007 nihil
2152 971 2364 1019 eorum,

802 1064 921 1115 qum
974 1048 1008 1099 ii
1063 1047 1340 1100 vaticinati
1397 1055 1571 1110 erant,
1623 1046 1881 1115 neglexit,
1939 1055 1996 1098 nt
2030 1060 2194 1115 saepe,
2241 1060 2366 1099 cum

800 1143 1002 1210 aliquid
1047 1142 1270 1206 laceret,
1319 1143 1590 1201 innuerct,
1640 1157 1698 1194 se
1729 1141 1827 1193 ista
1853 1140 2053 1202 facere,
2093 1150 2254 1208 prout
2290 1139 2363 1192 illi

799 1236 1019 1303 quidem
1050 1233 1422 1301 prmvidcrint,
1451 1242 1505 1286 et
1541 1233 1912 1301 praedixerint,
1957 1248 2234 1300 operaque
2256 1247 2353 1286 sua

801 1327 1110 1378 nullatenus
1172 1326 1239 1378 ab
1289 1325 1354 1378 iis
1395 1325 1566 1385 abire,
1626 1340 1746 1392 qua:
1781 1324 1848 1374 ab
1881 1323 1998 1376 istis
2025 1334 2183 1376 erant
2227 1339 2365 1392 pra:-

797 1415 960 1468 dicta.
1010 1416 1158 1467 Adeo
1194 1430 1373 1483 opera:
1429 1415 1661 1482 pretium
1689 1414 1900 1480 putavit
1931 1415 2240 1478 ostendere,
2270 1428 2364 1467 eos

797 1526 916 1560 esse
952 1524 1191 1568 veraces,
1242 1522 1601 1575 magnamque
1648 1507 1700 1558 in
1740 1521 1806 1558 eo
1852 1520 2036 1558 curam
2070 1508 2269 1574 posuit,
2307 1514 2367 1558 ut

796 1599 1214 1660 dmnonstraret,
1269 1596 1390 1647 illos
1435 1595 1545 1648 veri
1594 1595 1686 1646 I)ei
1713 1603 1768 1645 et
1817 1593 1992 1645 Patris
2044 1609 2203 1646 veros
2245 1609 2364 1647 esse

797 1688 1094 1756 prophetas
1134 1695 1189 1737 et
1234 1686 1537 1738 ministros.
1594 1685 1659 1736 Et
1693 1685 1782 1750 qui
1815 1699 1936 1737 cum
1973 1684 2181 1736 ratione
2225 1699 2360 1736 con-

794 1777 962 1829 riliari
1023 1785 1228 1844 posset,
1278 1775 1574 1842 pmphetas
1623 1773 1871 1825 veritatis
1904 1773 2108 1826 fontem
2155 1773 2360 1827 consti-

795 1877 972 1930 tuere,
1040 1875 1133 1918 aut
1173 1881 1339 1934 opere
1384 1866 1502 1934 ipso
1547 1864 1814 1918 mirabilia
1861 1879 2050 1918 eorum
2105 1864 2355 1918 vaticinia

794 1960 1115 2012 conﬁrmare
1175 1967 1228 2010 et
1291 1958 1575 2025 perﬁcere,
1635 1973 1698 2010 ac
1761 1965 1933 2010 totum
1989 1957 2175 2011 orbem
2235 1956 2356 2010 Iidei

794 2065 981 2102 eorum
1013 2057 1182 2102 testes
1202 2049 1446 2101 oculatos
1475 2047 1710 2100 sistere?
1743 2047 1886 2100 Idem
1921 2057 2068 2101 certe
2105 2047 2208 2101 hoc
2249 2056 2355 2110 est,

793 2157 858 2196 ac
891 2142 936 2194 si
993 2141 1190 2194 veritas
1229 2141 1350 2208 ipsa
1407 2140 1653 2204 doceret,
1712 2140 1964 2209 principii
2003 2139 2216 2193 hostilis
2253 2139 2357 2191 hoc

790 2249 912 2288 esse
973 2233 1288 2302 negotium,
1351 2241 1412 2285 ut
1499 2233 1785 2285 veritatem
1859 2239 2130 2302 suggerat.
2213 2228 2354 2282 Nota

790 2343 941 2389 vero,
1009 2325 1377 2387 Servatorem,
1446 2323 1594 2392 pullo
1668 2333 1906 2384 vectum,
1969 2323 2070 2376 alia
2138 2335 2354 2390 quoque

791 2417 1118 2468 subinnuere
1145 2456 1154 2465 .
1180 2411 1291 2465 lloc
1323 2411 1530 2464 scilicet
1567 2410 1807 2462 onmium
1860 2409 2091 2462 maxime
2123 2408 2352 2460 manife-

791 2517 934 2560 stum
979 2515 1094 2567 est,
1143 2504 1285 2572 quod
1346 2502 1683 2571 prophetiam
1739 2502 2058 2552 conlirmare
2101 2509 2354 2554 conetur.

793 2597 1206 2650 Sauctissimum
1231 2595 1376 2647 enim
1409 2594 1510 2646 hoc
1543 2592 1822 2645 oraculum
1855 2591 2055 2643 edicit:
2090 2591 2203 2644 Hoc
2227 2604 2353 2643 vero

790 2705 951 2742 omne
984 2689 1183 2741 factum
1217 2695 1330 2749 est,
1365 2696 1425 2740 ut
1458 2686 1796 2755 impleretur,
1852 2685 1994 2753 quod
2039 2685 2339 2738 enntiatum

790 2792 873 2836 est
898 2798 993 2850 per
1035 2779 1359 2847 Prophetam
1419 2779 1689 2832 dicentem
1738 2795 1750 2828 :
1799 2778 1965 2830 Dicite
2012 2778 2134 2844 filice
2180 2777 2306 2830 Sion
2334 2791 2353 2828 :

791 2875 924 2927 Ecce
954 2873 1060 2925 Rea:
1087 2881 1203 2924 tuus
1225 2873 1362 2924 venit
1414 2871 1504 2922 tibi
1530 2879 1854 2922 mansuetus:
1898 2879 1945 2922 et
1975 2871 2154 2922 sedens
2201 2885 2352 2937 super

791 2966 1020 3028 asinam,
1054 2972 1099 3015 et
1130 2963 1329 3029 pullum
1359 2961 1648 3031 subjugalis
1672 2961 1734 3012 “.
1771 2959 2035 3024 Videsne,
2082 2961 2353 3028 quomodo

792 3055 1048 3110 Servator
1099 3053 1286 3106 mundi
1337 3053 1485 3121 pullo
1529 3052 1763 3104 insideat
1808 3053 1872 3103 ad
1926 3051 2250 3118 implendam
2299 3059 2354 3103 et

790 3145 1219 3200 conﬁrmandam
1249 3140 1772 3212 prophetiam?Quaa
1797 3141 1964 3205 enim,
1991 3156 2195 3207 quaeso,
2215 3140 2259 3193 si
2285 3141 2351 3195 ab

793 3237 897 3291 hoc
920 3236 1229 3290 testimonio
1267 3235 1446 3288 dando
1472 3233 1808 3294 discesseris.
1840 3233 1941 3285 alia
1972 3247 2134 3285 causa
2168 3234 2354 3286 adesse

793 3328 1031 3390 videtur,
1090 3342 1230 3394 quaa,
1280 3325 1365 3378 via
1413 3324 1548 3377 adeo
1597 3323 1747 3376 brevi
1797 3324 2116 3387 exsistente,
2171 3321 2354 3375 Jesum

794 3419 944 3487 pullo
975 3417 1207 3470 insidere
1238 3414 1488 3480 suaserit,
1515 3415 1606 3481 qui
1650 3429 1792 3481 saepe
1815 3423 1870 3466 et
1905 3413 2079 3466 varias
2123 3413 2237 3464 vias
2262 3427 2357 3480 pe-

795 3510 954 3562 dibus
982 3507 1326 3562 confecerat‘!
1354 3507 1458 3558 Aut
1487 3519 1648 3574 quam
1686 3503 1906 3572 gloriam
1939 3502 2117 3570 pullus
2155 3503 2355 3563 attulit,

793 3601 921 3652 dum
975 3599 1246 3668 portabat,
1287 3596 1356 3659 ei,
1406 3596 1495 3664 qui
1539 3594 1704 3648 verbo
1750 3593 1967 3646 virtutis
2020 3609 2130 3646 sum.
2180 3601 2358 3660 portat

793 3691 1013 3744 omnia?
1064 3688 1217 3754 Quod
1246 3703 1374 3741 vero
1423 3701 1646 3756 regnum
1700 3686 1978 3754 subjugale
2019 3685 2352 3755 praedicavit,

794 3784 921 3836 dum
951 3781 1249 3835 sustinebat
1273 3788 1484 3832 vectum
1519 3793 1696 3848 regem
1721 3777 1964 3831 Israelis?
1989 3777 2354 3830 Humilitatem

794 3875 939 3927 enim
979 3882 1035 3926 et
1078 3871 1546 3924 mansuetudinem
1585 3870 1628 3922 si
1669 3884 1779 3922 non
1821 3869 2010 3938 magis,
2047 3879 2193 3923 certe
2245 3883 2355 3922 non

795 3962 975 4015 minus
1027 3969 1273 4014 testatam
1311 3959 1548 4022 fecisset,
1596 3959 1640 4012 si
1689 3958 1789 4011 iter
1841 3959 2070 4023 pedibus
2111 3958 2352 4013 fecisset.

794 4052 942 4106 Adeo
973 4067 1056 4114 ea,
1089 4067 1209 4119 qua:
1243 4051 1438 4104 veteris
1467 4060 1623 4104 erant
1666 4050 1995 4111 testamenti.
2044 4065 2166 4104 eum
2216 4066 2356 4105 novo

795 4139 1122 4208 conjunxit:
1156 4139 1292 4192 adeo
1340 4148 1394 4191 et
1443 4139 1620 4191 verbis
1651 4148 1705 4191 et
1755 4138 1912 4192 Iactis
1966 4139 2194 4193 edocere
2232 4154 2356 4208 per-

795 4230 965 4294 rexit,
1008 4245 1070 4282 ex
1116 4230 1303 4283 eadem
1363 4228 1606 4282 bonitate
1649 4238 1704 4282 et
1752 4244 1888 4282 nova
1944 4229 2030 4282 illa
2053 4229 2351 4299 proﬁcisci,

795 4320 1045 4389 quamvis
1071 4320 1212 4372 inter
1243 4329 1437 4372 extera
1476 4318 1724 4388 dogmata
1751 4320 1855 4374 hoc
1884 4319 2058 4390 ipsum
2098 4322 2264 4392 gratia
2298 4322 2352 4376 in

799 4412 991 4482 primis
1021 4419 1256 4481 urgeret.

866 4676 1054 4730 XXIII.
1092 4676 1230 4742 Quid
1271 4679 1441 4743 enim,
1487 4695 1609 4734 cum
1659 4681 1712 4736 in
1753 4683 2012 4753 templum
2053 4685 2176 4750 iret,
2221 4703 2352 4743 num

795 4771 924 4823 illud
955 4770 1021 4824 ad
1049 4785 1106 4822 se
1133 4785 1242 4822 non
1285 4771 1559 4838 pertinere
1603 4773 1806 4841 edixit,
1838 4791 1936 4830 ceu
1985 4779 2246 4846 apostatis
2273 4781 2354 4833 vi-

795 4862 989 4914 detur?
1040 4870 1132 4913 aut
1180 4876 1310 4914 num
1352 4863 1624 4930 profanari
1689 4865 1742 4918 id
1772 4869 2050 4936 permisit,
2099 4878 2356 4939 tanquam

796 4952 1039 5004 futurum
1072 4952 1370 5020 tyrannidis
1398 4969 1426 5006 a
1458 4969 1515 5008 se
1550 4954 1926 5022 destruendaz,
1976 4959 2260 5015 delubrum
2301 4973 2357 5017 et

795 5040 1167 5094 domicilium?
1203 5040 1361 5096 Certe
1393 5043 1437 5096 si
1472 5044 1542 5097 ita
1592 5049 1936 5102 statuendum
1971 5049 2179 5116 fuisset,
2211 5054 2354 5122 quod

798 5132 1180 5186 absitdicere!
1216 5132 1427 5186 initium
1457 5136 1680 5189 omnino
1723 5138 2107 5195 destructionis
2149 5142 2353 5197 facien-

795 5225 922 5278 dum
941 5236 1056 5279 erat
1076 5240 1140 5278 eo
1167 5224 1218 5277 in
1238 5225 1377 5287 loco,
1409 5227 1495 5280 ubi
1527 5228 1596 5282 ita
1626 5230 1768 5284 hosti
1790 5233 1964 5286 cultus
1981 5236 2348 5289 exhiberetur.

794 5316 863 5370 At
901 5316 1176 5369 enimvero
1210 5315 1297 5368 ille
1329 5318 1506 5370 omnia
1532 5319 1633 5373 alia
1661 5321 1872 5390 agebat,
1909 5339 2070 5392 opere
2103 5325 2218 5394 ipso
2250 5326 2349 5380 ho-

867 5409 908 5439 “
948 5407 1139 5462 Matth.
1183 5425 1293 5474 xm,
1334 5410 1387 5475 4,
1417 5411 1468 5464 5.

2475 591 2569 641 καὶ
2600 590 2668 642 τά
2701 591 3164 661 προφητευθέντα,
3197 595 3293 646 καὶ
3312 595 3362 647 οί
3400 595 3573 649 ταῦτα
3600 596 4041 666 προεφήτευσαν,

2472 681 2701 750 πότερον
2733 682 3062 745 ἀπεναντίας
3090 684 3312 736 ἐκείνων
3341 685 3557 737 ἅπαντα
3581 687 3862 753 πράττειν,
3886 685 4044 754 είπερ

2471 766 2612 841 ἦσαν
2635 772 2693 836 ἐξ
2723 773 3108 842 ἀντικειμένης
3133 774 3383 845 ἀρχῆς,ή
3411 774 3593 844 ζητεῖν
3614 777 3790 828 πάντα
3817 775 4042 844 πληρῶ-

2473 882 2584 928 σαι,
2610 865 2704 918 καὶ
2737 866 2902 934 μηδὲν
2923 866 3082 918 ἐᾶσαι
3111 866 3412 928 διαπεσεῖν,
3451 860 3526 918 ὧν
3559 867 3784 928 ἐκείνοις
3811 865 4044 934 ἐπῆλθεν

2471 951 2668 1012 εἰπεῖν.
2710 957 2870 1009 Ἀλλά
2899 959 2972 1028 μὴ
2999 957 3254 1011 τοσοῦτον
3281 958 3463 1027 ὤφθη,
3494 958 3661 1026 μηδὲν
3683 959 3790 1009 τῶν
3814 959 4045 1019 ἐκείνοις

2467 1048 2913 1117 τεθεσπισμὲνων
2966 1049 3255 1118 ὑπεριδὼν,
3302 1049 3378 1112 ὡς
3428 1051 3521 1101 καὶ
3565 1048 3823 1109 πολλάκις
3871 1049 3930 1100 ἐν
3964 1045 4044 1116 τῷ

2470 1140 2734 1209 πράττειν
2785 1141 3279 1209 ἐπισημαίνεσθαι,
3305 1140 3486 1204 καθὼς
3520 1142 3765 1209 προεῖδον
3817 1142 4039 1201 ἐκεῖνοι,

2468 1233 2563 1283 καὶ
2612 1231 3051 1300 προαπήγγειλον
3090 1231 3234 1285 οὕτω
3285 1234 3481 1296 ποιεῖν,
3533 1232 3628 1284 καὶ
3678 1233 3817 1285 κατά
3871 1231 4042 1300 μηδὲν

2466 1323 2575 1374 τῶν
2605 1325 2832 1386 ἐκείνοις
2869 1323 3417 1393 κεχρησμῳδημένων
3449 1323 3940 1393 ἀπαλλοτριοῦσθαι
3971 1325 4040 1376 τά

2467 1412 2604 1481 ἔργα
2639 1413 2823 1466 αὐτοῦ.
2878 1414 3036 1466 Οῦτω
3066 1415 3346 1483 προύργου
3374 1415 3434 1467 τδ
3475 1415 3758 1485 ἀληθεύειν
3792 1418 4040 1479 ἐκείνους

2466 1503 2695 1566 ἐτίθετο,
2720 1505 2814 1556 καὶ
2831 1506 2906 1566 ὡς
2931 1504 3024 1556 τοῦ
3049 1504 3301 1574 ἀληθινοῦ
3333 1505 3470 1556 Θεοῦ
3495 1506 3588 1558 καὶ
3620 1506 3840 1575 [ἰατρὸς
3897 1524 4041 1558 παν-

2465 1594 2683 1662 ἀληθεῖς
2717 1593 2961 1663 ὑπῆρχον
2999 1595 3274 1662 ὑποφῆται
3289 1595 3384 1648 καὶ
3421 1595 3680 1666 διάκονοι,
3708 1595 3910 1662 πολλὴν
3938 1596 4040 1666 τὴν

2464 1685 2721 1752 πρόνοιαν
2767 1685 3133 1737 ἐπεδείκνυτο.
3171 1687 3279 1738 Καὶ
3309 1685 3426 1748 πῶς
3465 1686 3530 1738 ἂν
3560 1687 3673 1756 ἔχοι
3717 1688 3894 1754 λόγον,
3931 1705 4039 1757 πηο

2465 1775 2655 1841 γάζειν
2684 1775 2808 1836 τοὺς
2835 1777 3140 1845 προφήτας,
3167 1777 3603 1845 παρασκευάζειν
3631 1776 3728 1846 τὴν
3756 1776 4033 1845 ἀλήθειαν,

2466 1863 2520 1931 ἢ,
2547 1863 2656 1914 τῶν
2685 1865 3236 1934 κεχρησμῳδημένων
3267 1866 3446 1928 αὐτοῖς
3481 1865 3801 1935 παραδόξων
3839 1866 4033 1931 ὄντων,

2466 1954 2638 2023 πέρας
2666 1957 2732 2006 τά
2775 1955 2911 2024 ἔργα
2948 1956 3225 2024 παρέχειν,
3255 1959 3347 2009 καὶ
3374 1959 3472 2025 τῆς
3517 1957 3741 2010 ἐκείνων
3771 1957 4034 2028 ἀληθείας

2463 2047 2563 2113 τὴν
2617 2047 2942 2116 οἰκουμένην
2981 2051 3163 2102 πᾶσαν
3210 2048 3298 2102 διὰ
3368 2049 3475 2102 τῶν
3533 2050 3796 2118 ὀμμάτων
3856 2053 4034 2102 ποιεῖν

2466 2135 2794 2205 μάρτυρας;
2830 2139 2894 2190 '0
2948 2139 3144 2192 ταυτόν
3219 2141 3335 2191 ἐστι
3385 2139 3487 2206 τῆς
3543 2139 3806 2209 μισούσης
3853 2139 4034 2210 ἀρχῆς

2459 2224 2558 2294 τὴν
2605 2224 2864 2293 ἀλήθειαν
2929 2226 3268 2295 ἐπιτήδευμα
3307 2226 3578 2279 διδάσκειν
3627 2221 3764 2278 εἶναι
3811 2225 3874 2276 τὸ
3903 2241 4034 2294 χορ-

2464 2319 2618 2384 ηγεῖν
2674 2317 2771 2387 τὴν
2798 2317 3058 2386 ἀλήθειαν
3081 2359 3094 2372 .
3132 2319 3272 2387 Ὅρα
3295 2318 3373 2380 δέ,
3426 2318 3520 2370 καὶ
3563 2318 3697 2370 ἄλλα
3724 2317 3821 2386 μέν
3855 2318 4030 2370 αίνιτ-

2461 2409 2685 2476 τόμενος
2713 2411 2740 2461 ὁ
2770 2408 3050 2479 Σωτὴρτῷ
3072 2409 3234 2479 πώλῳ
3263 2410 3456 2479 ἔποχος
3482 2405 3571 2481 ἦν.
3600 2409 3670 2462 Τὸ
3693 2411 3748 2463 δὲ
3785 2411 4027 2479 μάλιστα

2463 2499 2704 2566 ἐμφανὲς
2738 2499 2834 2568 τὴν
2879 2501 3214 2569 προφητείαν
3257 2501 3374 2552 ἐστι
3405 2501 3605 2563 λαόεἰν,
3643 2502 3724 2552 ὅτι
3767 2501 4023 2569 βεϐαιῶν.

2461 2589 2621 2655 Λέγει
2645 2590 2755 2658 γὰρ
2787 2589 2856 2640 τά
2885 2589 3036 2655 λόγια
3059 2590 3127 2642 τά
3162 2593 3354 2645 σεπτά.
3382 2590 3553 2642 Τοῦτο
3596 2590 3652 2643 δὲ
3698 2589 3820 2642 ὅλον
3865 2590 4027 2658 γέγο-

2462 2697 2571 2745 νεν,
2607 2680 2694 2733 ἵνα
2729 2681 2987 2750 πληρωθῇ
3012 2681 3256 2752 τὸρηθέν
3287 2682 3376 2734 διά
3412 2680 3506 2734 τοῦ
3527 2682 3810 2751 προφήτου
3843 2681 4030 2748 λέγον-
4133 2751 4136 2754 ρ

2460 2788 2571 2834 τος·
2609 2775 2829 2826 Εἴπατε
2857 2773 2929 2840 τῇ
2959 2774 3200 2842 θυγατρὶ
3233 2773 3383 2826 Σιών
3407 2790 3422 2805 ο
3466 2774 3611 2828 Ἰδοὺ
3652 2777 3684 2828 ὀ
3725 2776 4031 2840 ,βασιλεύς

2461 2880 2575 2918 σου
2603 2866 2836 2932 ἔρχεταί
2887 2883 2985 2919 σοι
3016 2866 3228 2933 πραῢς,
3262 2866 3356 2919 καί
3381 2866 3741 2933 ἐπιϐεϐηκὼς
3755 2867 3852 2920 ἐπί
3883 2867 4031 2920 ὄνον

2461 2957 2554 3007 καὶ
2595 2955 2799 3008 πῶλον
2827 2957 2961 3009 υίὸν
2990 2957 3331 3025 ὑποζυγίου.
3367 2957 3528 3027 Ὁρᾷς
3560 2958 3705 3018 ὅπως
3741 2959 3830 3009 ἐπ’
3859 2957 4029 3009 ἐκϐάς

2463 3066 2545 3100 σει
2572 3066 2631 3100 τε
2671 3051 2764 3102 καὶ
2809 3048 3096 3116 βεόαιώσει
3126 3051 3226 3119 τῆς
3261 3050 3643 3120 προφητείαςὸ
3683 3049 3777 3102 τοῦ
3814 3051 4026 3120 κόσμου

2463 3142 2649 3210 Σωτὴρ
2677 3143 2769 3193 ἐπὶ
2801 3142 2891 3194 τὸν
2924 3143 3100 3194 πῶλον
3144 3143 3466 3206 καθέζεται;
3507 3142 3658 3194 Ἐπεὶ
3701 3143 3794 3195 καὶ
3853 3143 4027 3212 χωρὶς

2455 3235 2552 3300 τῆς
2584 3233 2834 3303 τοιαύτης
2864 3234 3188 3303 μαρτυρίας,
3215 3234 3356 3287 κατά
3383 3250 3445 3301 γε
3477 3233 3538 3285 τὸ
3571 3234 3916 3302 φαινόμενον,
3941 3235 4026 3297 τίς

2457 3328 2618 3395 ἑτέρα
2653 3327 2810 3396 χρεία
2841 3326 3021 3395 παρῆν
3055 3327 3472 3393 κατεπείγουσα,
3507 3326 3772 3394 συντόμου
3800 3343 4027 3395 προκει-

2461 3417 2624 3485 μένης
2656 3416 2797 3469 οῦτω
2817 3416 2914 3484 τῆς
2938 3412 3080 3479 ὁδοῦ,
3113 3417 3424 3485 ἐποχεῖσθαι
3458 3415 3621 3484 πώλῳ
3654 3415 3744 3468 τὸν
3788 3416 4022 3484 Ἰησοῦν,

2457 3508 2517 3568 ὃς
2549 3524 2610 3572 γε
2656 3507 2915 3569 πολλάκις
2949 3509 3044 3560 καὶ
3091 3508 3492 3570 πολυπλασίους
3527 3509 3652 3560 ποσὶ
3694 3510 3808 3570 τοῖς
3856 3509 4024 3561 αὐτοῦ

2456 3598 2670 3666 διῆλθεν
2700 3598 2882 3664 ὀδούς;
2910 3600 2980 3650 Ἢ
3017 3598 3175 3651 ποίαν
3201 3599 3358 3663 δόξαν
3396 3598 3605 3666 ἀνῆπτε
3626 3596 3806 3666 φέρων
3830 3598 3858 3650 ὁ
3903 3597 4024 3649 πῶ-

2456 3691 2545 3752 λος
2573 3689 2652 3760 τῷ
2673 3689 2961 3759 σύμπαντα
2994 3692 3210 3760 φέροντι
3238 3689 3314 3759 τῷ
3347 3691 3554 3760 ῥήματι
3587 3690 3681 3758 τῆς
3733 3690 4021 3758 δυνάμεως

2457 3782 2644 3834 αὑτοῦ.
2668 3781 2801 3834 Τίνα
2841 3781 2897 3833 δέ
2934 3783 3031 3834 καὶ
3062 3781 3338 3850 βασιλείαν
3376 3783 3672 3850 ἐκήρυττεν
3700 3780 4018 3846 ὑποζύγιον,

2454 3875 2642 3944 ἀνέχον
2672 3874 2960 3943 ὀχούμενον
2993 3874 3053 3926 τὸ
3093 3873 3315 3942 βασιλέα
3351 3874 3444 3926 τοῦ
3495 3873 3744 3943 Ἰσραήλς
3777 3873 3850 3925 Τὸ
3909 3874 4022 3941 γὰρ

2453 3966 2706 4018 ταπεινὸν
2737 3966 2830 4018 καὶ
2861 3967 3053 4035 πρᾷον,
3077 3966 3160 4017 ἵνα
3192 3966 3266 4035 μὴ
3283 3965 3423 4032 λέγω
3446 3966 3663 4034 μᾶλλον,
3682 3967 3731 4017 εί
3764 3965 4020 4034 τὴνὸδοι-

2455 4058 2651 4128 πορίαν
2689 4059 2812 4110 ποσὶ
2840 4056 3068 4125 βαδίζων
3095 4055 3325 4125 διήνυεν,
3367 4055 3481 4108 ἀλλ’
3516 4050 3607 4107 οῦν
3649 4055 3747 4106 οὐκ
3797 4055 4020 4108 ἔλαττον

2455 4151 2716 4218 παρεῖχεν
2744 4149 2964 4200 ἐννοεῖν.
2996 4146 3152 4200 υῦτω
3180 4146 3247 4198 τὰ
3266 4146 3363 4214 τῆς
3395 4146 3627 4206 παλαιᾶς
3651 4146 3760 4206 τοῖς
3785 4145 3885 4211 τῆς
3916 4146 4019 4214 χά-

2459 4255 2603 4308 ριτος
2634 4237 2976 4302 συνεὸίόαζε,
3011 4237 3106 4289 καὶ
3141 4236 3280 4289 οὕτω
3302 4237 3390 4289 διὰ
3420 4237 3520 4306 τῆς
3547 4236 3718 4305 αὐτῆς
3740 4237 4016 4305 ἀγαθύτη-

2454 4346 2544 4391 τος
2566 4328 2728 4382 καινά
2753 4329 2844 4380 καὶ
2897 4328 3067 4380 ταῦτα
3093 4327 3397 4398 προελθεῖν,
3441 4329 3490 4380 εί
3529 4327 3622 4382 καὶ
3651 4327 3712 4379 τὸ
3767 4327 3955 4397 μεῖζον
3983 4329 4017 4393 ή

2454 4422 2609 4491 χάρις
2636 4415 2748 4490 εἷχε
2784 4419 2923 4490 μετά
2950 4417 3058 4475 τῶν
3086 4419 3260 4475 ἄλλων
3296 4419 3579 4490 σωτηρίων
3606 4418 3895 4488 δογμάτων
3924 4421 4020 4472 καὶ

2379 4516 2432 4576 D
2457 4511 2634 4574 τοῦτο,
2670 4511 2764 4563 καὶ
2791 4508 2970 4577 λόγοις
3019 4508 3113 4564 καὶ
3166 4508 3348 4579 ἔργοις
3391 4507 3726 4561 ἐκπαιδεύων
3765 4509 3865 4561 οὐκ
3914 4509 4020 4577 ἀφ-

2453 4599 2652 4655 ίστατο.

2522 4693 2652 4747 ΚΓθ.
2689 4692 2796 4762 Τίμ
2824 4694 2934 4760 (l9)
2970 4691 3099 4761 ίερῷ
3122 4690 3435 4760 προσελθὼν
3479 4692 3586 4762 ἄρα
3614 4690 3893 4761 ἀλλότριον
3918 4692 4020 4743 ἀπε

2453 4782 2652 4851 έφηνεν
2681 4783 2832 4845 αὐτὸ,
2859 4783 2916 4833 ὃν
2941 4783 3192 4852 τρόπονή
3223 4782 3530 4835 ἀποστασία
3575 4782 3839 4851 βούλεται,
3875 4784 3909 4853 ἢ
3933 4782 4020 4852 βε-

2454 4875 2752 4943 6ηλοῦσθαι
2803 4875 3072 4943 παρῆκεν,
3105 4872 3180 4936 ὡς
3229 4873 3328 4941 τῆς
3385 4862 3683 4943 μελλούσης
3712 4874 3804 4926 ὑπ’
3846 4875 4017 4927 αὑτοῦ

2458 4966 2833 5038 καθαιρεῖσθαι
2859 4965 3167 5033 τυραννίδος
3212 4965 3511 5035 ἀνάκτορον
3544 4967 3654 5032 (20)
3683 4967 3776 5018 καὶ
3828 4983 4017 5018 κατοι-

2461 5060 2722 5128 κητήριον
2751 5058 2831 5122 ὃν,
2860 5057 3056 5110 πολλοῦ
3084 5074 3146 5125 γε
3169 5057 3260 5109 καὶ
3279 5056 3379 5120 δεῖ,
3409 5056 3650 5124 καίτοιγε
3679 5056 3865 5126 ἐχρῆν·
3898 5057 4019 5110 ἀλλ’

2455 5149 2612 5212 ἵλεως
2647 5149 2732 5218 εῐη
2761 5148 2912 5211 Θεὸς,
2946 5149 3038 5216 ἀφ’
3073 5142 3134 5200 οῦ
3168 5147 3402 5218 μάλιστα
3433 5147 3534 5216 τὴν
3587 5147 3885 5214 θεραπείαν
3915 5149 4015 5217 ήδη

2453 5239 2904 5308 προσφερομένην
2928 5239 3005 5309 τῷ
3029 5238 3229 5308 ἐχθρῷ,
3249 5237 3475 5290 αὐτόθεν
3501 5235 3667 5290 αὐτοῦ
3695 5254 3752 5289 τε
3780 5238 3880 5304 τῆς
3911 5256 4014 5290 κα-

2451 5329 2726 5392 ταλύσεως
2781 5329 3052 5383 ποιεῖσθαι
3099 5331 3195 5396 τὴν
3235 5330 3430 5399 ἀρχήν.
3473 5327 3530 5381 '0
3588 5327 3647 5380 δέ
3704 5327 4017 5382 τούναντίον

1891 5500 2126 5558 νΑιιιιλΕ
2167 5504 2546 5564 LECTIONES
2589 5509 2674 5565 ET
2701 5511 2932 5569 ΝΟΤΛΞ.

861 5609 970 5688 (I9)
1002 5610 1121 5678 Τίμ.
1158 5609 1410 5688 _L_acuna3
1439 5613 1833 5688 vestigium,_in
1866 5630 2348 5688 msaexpressum,

792 5680 1022 5754 credere
1046 5682 1329 5754 mejubet,
1366 5680 1712 5754 scribendum
1745 5683 1910 5737 fuisse
1941 5686 1992 5736 τί
2027 5680 2149 5754 μὲν.

2441 5626 2562 5697 quis
2606 5627 2858 5681 omnibus
2889 5631 3137 5697 usurpari
3188 5646 3215 5683 a
3244 5626 3445 5682 Graecis
3480 5629 3638 5685 solet.
3697 5630 3831 5684 Vide
3873 5631 4005 5686 Eze-

2445 5695 2679 5767 chielem
2723 5695 3137 5766 Spanhemium,
3176 5702 3243 5755 ad
3295 5699 3526 5767 hymnos
3574 5701 3893 5756 Callimachi
3953 5706 4008 5756 in

863 5748 973 5835 (ἓθ)
1015 5750 1388 5835 Ἀνάκτορον..
1426 5751 1536 5835 vox
1586 5753 1700 5806 hzec
1743 5754 1958 5822 proprie
2014 5748 2230 5835 quidem
2288 5757 2355 5835 de
2447 5748 2979 5835 Apouﬁ—ieni,’

794 5819 1176 5874 Dioscurorum
1213 5823 1436 5888 templo,
1469 5830 1579 5876 tum
1634 5819 1760 5877 vero
1791 5819 2087 5889 generatim
2121 5827 2186 5880 dc
2229 5829 2357 5881 reli-
