4234 6432
1224 388 1517 451 CONTRA
1554 383 2011 447 MANICHEOS
2051 385 2288 449 LIBER
2324 388 2421 448 IV.

3338 387 3446 451 230

210 504 362 557 ἃπαν
390 502 602 557 ἐκτελεῖ
618 502 687 557 δι’
714 503 890 575 ἐργων
911 501 1091 556 αὐτῶν
1120 502 1357 572 ἐλέγχων
1391 502 1518 564 τοὺς
1539 500 1775 565 ἀσεϐεῖς.
1808 506 1854 562 Δ

1769 540 1775 555 .
1808 506 1854 562 Δ
1883 502 2056 557 mines
2085 500 2283 572 impios
2312 501 2688 571 castigaturus.
2732 498 2849 555 Non
2894 501 3066 555 solum
3107 499 3253 555 enim
3297 500 3441 553 nulla

211 594 288 645 υύ
320 592 432 662 γάρ
477 594 638 663 μόνον
669 595 822 648 οὐδὲν
863 594 962 647 οὐκ
998 593 1211 663 ἀφῆκεν
1268 592 1603 661 ὑϐριστικὸν,
1643 592 1779 644 ἀλλά

210 682 308 733 καὶ
336 684 463 747 τοὺς
493 685 569 756 μὴ
597 685 719 737 λίαν
767 685 1127 754 τετιμηκότας
1181 684 1432 736 ἐκϐάλλει
1463 701 1524 735 τε
1555 684 1648 736 καὶ
1672 683 1779 734 ἀπ-

222 774 437 828 ελαύνει
470 776 567 828 σὺν
592 776 813 847 ἀπειλῇ,
844 776 1057 846 καὶτῆς
1096 778 1287 846 ὀργῆς,
1314 777 1445 845 ὅσης
1468 770 1611 846 ἦσαν
1641 774 1779 837 ἄξιοι

215 866 569 936 βεϐηλοῦντες
592 870 685 921 τὸν
708 864 855 922 οἷκον
893 870 988 922 τοῦ
1018 871 1223 939 πατρὸς
1248 869 1425 922 αὐτῶν
1471 867 1779 937 παριστῶν,

213 958 541 1027 φραγέλλιόν
594 978 655 1013 τε
693 960 803 1031 (21)
868 961 1117 1030 σχοινίων
1154 961 1457 1025 διαπλέκει,
1490 963 1584 1013 καὶ
1623 960 1783 1012 τοῦτο

213 1049 424 1112 τούτοις
454 1050 885 1115 ἐπανατείνεται,
917 1052 1010 1104 καὶ
1037 1051 1098 1103 οῦ
1122 1051 1279 1104 τοῦτο
1311 1050 1495 1120 μόνον,
1528 1051 1663 1103 ἀλλά
1688 1048 1782 1101 καὶ

213 1136 311 1197 τὰς
331 1139 607 1205 τραπέζας
633 1140 740 1192 τῶν
768 1140 1152 1205 κολλυϐιστῶν,
1188 1136 1346 1194 αὗται
1375 1140 1419 1193 δ’
1453 1140 1519 1194 ἂν
1552 1137 1659 1192 εἷεν
1685 1180 1698 1201 ,
1724 1140 1781 1191 αἳ

213 1226 273 1278 τδ
308 1228 405 1295 τῆς
432 1228 670 1297 ἀλλαγῆς
720 1231 981 1301 ἀργύριον
1027 1233 1121 1283 καὶ
1169 1234 1237 1284 τὰ
1271 1232 1521 1301 κέρματα
1563 1231 1779 1297 ἔφερον,

216 1316 300 1383 ἐφ’
321 1314 402 1379 οἷς
430 1320 523 1370 καὶ
552 1321 651 1383 τὰς
684 1322 951 1392 καθέδρας
1000 1323 1107 1375 τῶν
1147 1322 1467 1374 πωλούντων
1500 1320 1598 1381 τάς
1625 1337 1783 1390 περι-

218 1409 417 1477 στεράς
451 1409 629 1479 ήτοὺς
678 1410 804 1479 βοῦς
824 1429 841 1443 ο
892 1412 941 1465 εί
988 1413 1167 1482 βούλει
1199 1412 1257 1464 δὲ
1300 1411 1489 1464 καὶτὰ
1516 1410 1781 1480 πρόϐατα,

218 1499 586 1567 καταστρέφει
607 1500 741 1569 (22).
775 1503 883 1553 Καὶ
924 1503 1024 1554 οὐκ
1055 1502 1258 1571 ἐπραξε
1292 1503 1391 1570 μέν
1425 1500 1598 1554 ταῦτα
1622 1516 1636 1530 ⁶
1670 1501 1783 1553 ἐσί-

219 1604 356 1655 γησε
398 1589 477 1641 δέ.
526 1591 591 1643 'H
627 1592 727 1643 οὐκ
780 1594 1002 1662 ἐσίγησε
1057 1594 1176 1662 μὲν,
1230 1594 1318 1645 διὰ
1364 1592 1673 1661 παραϐολῆς
1729 1592 1785 1644 δὲ

220 1677 555 1745 ἐφθέγξατο·
597 1681 720 1749 ήού
744 1682 904 1735 τοῦτο
945 1684 1064 1752 μὲν,
1120 1686 1182 1736 ού
1240 1685 1337 1736 σὺν
1370 1684 1654 1754 παρρησίᾳ
1705 1682 1781 1735 δέ.

223 1769 333 1843 καὶ
354 1768 438 1831 τίς
465 1770 531 1823 ἂν
558 1772 713 1833 ἀλλος
744 1773 828 1843 εἴη
854 1776 1185 1844 σαφέστερος
1217 1775 1393 1843 λόγος,
1417 1775 1449 1844 ἢ
1484 1778 1550 1843 τῇ
1573 1776 1785 1843 παῤῥη-

223 1859 317 1928 σία
346 1862 585 1929 κρατῶν,
617 1863 705 1915 ἵνα
736 1865 809 1934 μή
834 1882 917 1926 τις
950 1866 1044 1918 καὶ
1077 1865 1185 1917 τῶν
1226 1867 1548 1935 κακουργεῖν
1596 1864 1786 1931 σοφίαν

223 1951 584 2017 ποιουμένων,
627 1954 879 2023 ἀφορμὴν
916 1954 1079 2024 ἀλλην
1122 1955 1300 2024 ἐαυτῷ
1332 1954 1787 2021 διαπλαττόμενος

223 2042 303 2101 είς
341 2041 557 2110 ἐκείνην
603 2043 711 2095 τῶν
748 2046 1151 2114 πεπραγμένων
1178 2047 1393 2114 ἀνάπτῃ
1424 2045 1521 2114 τὴν
1573 2045 1787 2096 αἰτίαν*

226 2130 343 2181 ἀλλ’
374 2132 489 2199 ἅμα
516 2150 573 2184 τε
596 2134 880 2202 εἰργάζετο
903 2135 1077 2188 ταῦτα
1101 2138 1159 2189 τὸ
1209 2136 1474 2205 πατρικὸν
1516 2136 1657 2204 ἱερὸν
1692 2136 1790 2204 τῆς

224 2222 335 2274 τῶν
372 2223 639 2277 Ἰουδαίων
670 2226 957 2294 ὀλιγωρίας
999 2228 1383 2299 ἀποκαθαίρων
1422 2230 1515 2280 καὶ
1562 2229 1793 2295 ἀφάγνι-

226 2314 477 2382 ζόμενος.
523 2318 630 2369 Καὶ
662 2319 911 2387 χρησμὸν
967 2318 1221 2390 ἐπέφερε,
1271 2320 1538 2390 λαμπρῶς
1568 2321 1661 2371 καὶ
1696 2320 1792 2371 σὺν

228 2411 519 2480 παρρησίᾳ
550 2410 841 2477 διδάσκων,
877 2413 969 2465 καὶ
998 2414 1093 2483 τῆς
1120 2415 1344 2483 ἀπειλῆς
1374 2415 1468 2467 καὶ
1490 2414 1587 2481 τῆς
1622 2432 1791 2466 κατα-

228 2502 471 2569 στροφῆς
507 2502 613 2553 τῶν
643 2505 739 2572 τῆς
769 2504 1037 2572 ἐμπορίας
1072 2505 1359 2574 τραπεζῶν
1392 2506 1486 2557 καὶ
1517 2504 1793 2575 καθεδρῶν

226 2589 329 2658 τὴν
357 2590 555 2643 αίτίαν.
602 2590 663 2643 '0
695 2588 857 2658 οἶκός
880 2611 997 2661 μου
1040 2595 1168 2664 γὰρ,
1202 2597 1385 2664 φησὶν,
1423 2590 1584 2660 οἶκος
1613 2608 1795 2662 προσ-

227 2677 425 2745 ευχῆς
487 2681 875 2747 κληθήσεται,
915 2682 1084 2749 ὑμεῖς
1140 2682 1207 2733 δὲ
1254 2682 1438 2734 αὐτὸν
1473 2681 1796 2749 ἐποιήσατε

229 2770 543 2835 σπήλαιον
562 2771 806 2838 λῃστῶν
831 2790 844 2801 ·
876 2769 1023 2826 οἷκον
1046 2777 1350 2844 προσευχῆς
1378 2775 1470 2826 καὶ
1490 2773 1623 2826 Θεοῦ
1650 2770 1796 2824 οἶκον

228 2862 325 2913 τὸν
354 2863 575 2931 νομικὸν
613 2865 705 2914 καὶ
736 2864 887 2927 είδὼς
916 2866 1007 2916 καὶ
1036 2866 1315 2933 ὀνομάζων
1346 2866 1491 2917 ναόν.
1526 2867 1634 2918 Καὶ
1655 2865 1786 2917 ἐκδιο

232 2952 350 3003 κῶν
390 2952 551 3005 αὑτὸν
595 2952 1010 3023 βεϐηλούμενον,
1056 2956 1189 3008 διότι
1220 2973 1278 3007 τε
1318 2956 1409 3009 τοῦ
1439 2956 1644 3025 ἀγαθοῦ
1692 2975 1800 3010 πα-

231 3042 363 3112 τρὸς
390 3038 479 3111 ἦν,
511 3045 604 3095 καὶ
640 3043 772 3095 διότι
807 3047 899 3097 καὶ
928 3046 1115 3109 αὑτοῦ,
1163 3048 1323 3117 εἰπερ
1352 3048 1566 3101 ἅπαντα
1604 3051 1671 3100 τά
1705 3050 1796 3101 τοῦ

1881 595 2013 649 illud
2038 595 2235 664 injuria
2260 594 2466 660 aﬂ‘ecit,
2499 594 2593 648 sed
2614 609 2731 659 eos,
2760 596 2853 664 qui
2884 610 2991 648 non
3023 597 3154 649 satis
3186 610 3441 648 reveren-

1884 696 1967 741 ter
1994 687 2047 741 id
2082 688 2421 751 habuerant,
2470 686 2619 754 ejicit
2663 695 2868 739 etcum
2903 686 3329 739 comminatione
3349 700 3448 738 ex-

1880 779 2050 847 pellit,
2082 780 2215 831 iram
2260 794 2501 847 quoque,
2536 794 2639 845 qua
2673 778 2821 845 digiti
2874 785 3029 830 erant
3067 776 3445 844 profanatores

1882 872 2066 940 templi
2101 869 2277 924 Patris
2307 872 2427 933 sui,
2454 869 2844 927 declaraturus,
2896 866 3164 936 ﬂagellum
3200 882 3263 919 ex
3298 865 3446 918 funi-

1882 961 2017 1015 culis
2064 960 2447 1028 complicatum
2495 958 2625 1026 ipsis
2662 957 2906 1009 infert".
2959 957 3067 1008 Nec
3120 956 3174 1007 in
3212 956 3315 1009 hoc
3354 971 3446 1007 ac-

1881 1052 2171 1121 quiescens
2214 1065 2429 1103 mensas
2455 1064 2670 1117 quoque
2708 1047 3217 1109 nummulariorum,
3265 1047 3314 1099 id
3338 1056 3443 1108 est,

1881 1158 1973 1197 eas
1996 1158 2115 1210 qua:
2138 1151 2417 1210 argentum
2455 1138 2837 1208 permutationi
2870 1148 3055 1206 aptum
3085 1153 3446 1205 nummosquc

1882 1233 2149 1295 ferebant,
2181 1234 2404 1298 insuper
2430 1245 2561 1281 vero
2588 1230 2751 1281 etiam
2774 1228 2935 1280 sellas
2971 1227 3320 1280 vendentium
3350 1242 3446 1279 co-

1882 1325 2092 1377 lumbas
2122 1332 2214 1377 aut
2236 1324 2421 1383 boves,
2454 1322 2561 1373 imo
2584 1329 2639 1373 et
2672 1333 2823 1378 oves,
2846 1318 3062 1371 evertit.
3123 1319 3294 1385 Atque
3332 1317 3447 1371 haec

1882 1416 2101 1484 quidem
2153 1430 2261 1467 non
2300 1423 2503 1467 tantum
2554 1411 2701 1473 fecit,
2726 1420 2781 1463 et
2814 1410 2993 1473 siluit;
3040 1408 3153 1477 ipsa
3192 1409 3278 1460 illa
3321 1424 3447 1477 par-

1884 1506 2063 1559 rbesia
2120 1505 2359 1574 quidem,
2419 1503 2513 1556 sed
2568 1518 2664 1569 per
2718 1500 3001 1569 parabolas
3055 1498 3207 1565 quasi
3271 1512 3447 1549 enun-

1886 1595 2058 1656 tiavit,
2095 1604 2189 1647 aut
2218 1604 2272 1646 et
2301 1594 2404 1645 hoc
2435 1591 2580 1652 fecit,
2617 1589 2710 1642 sed
2740 1590 2856 1641 sine
2880 1586 3137 1655 loquendi
3176 1586 3445 1640 libertate.

1887 1684 1997 1738 lmo
2022 1694 2114 1737 aut
2148 1698 2254 1735 non
2288 1682 2455 1745 siluit,
2507 1687 2825 1749 argumento
2870 1687 2952 1731 est
3000 1676 3447 1735 luculentissimo,

1886 1778 2163 1832 Christum
2198 1775 2458 1836 noluisse,
2497 1782 2555 1825 ut
2584 1771 2869 1841 quisquam
2918 1785 3128 1828 eorum.
3166 1770 3254 1837 qui
3293 1769 3449 1821 mali-

1893 1872 2151 1941 gnitatem
2181 1884 2279 1937 pro
2313 1867 2577 1935 sapientia
2608 1865 2838 1927 habent,
2870 1864 3029 1915 aliam
3077 1861 3175 1915 sibi
3210 1861 3449 1914 occasio-

1893 1977 2015 2015 nem
2049 1970 2368 2029 prtetexens,
2402 1958 2455 2009 in
2492 1958 2633 2009 illam
2659 1956 2780 2009 facti
2811 1970 3030 2007 causam
3059 1954 3291 2007 referat?
3326 1954 3451 2007 Ideo

1891 2064 1945 2107 et
1969 2053 2201 2107 faciebat
2230 2065 2324 2114 ea,
2366 2050 2541 2103 Patris
2591 2050 2671 2102 sui
2732 2048 2992 2114 templum
3041 2062 3070 2097 a
3124 2045 3450 2113 negligentia

1889 2142 2199 2196 Judatorum
2269 2142 2509 2193 immune
2582 2149 2635 2193 et
2688 2139 2952 2191 illibatum
3002 2137 3342 2198 redditurus;
3397 2144 3452 2189 et

1891 2234 2172 2286 oraculum
2231 2230 2578 2298 sulijiciebat,
2620 2245 2743 2283 cum
2801 2228 3124 2282 auctoritate
3174 2236 3227 2279 et
3283 2227 3453 2280 libere

1894 2333 2114 2371 causam
2148 2318 2385 2371 reddens
2414 2325 2469 2369 et
2502 2316 2961 2382 comminationis,
3008 2325 3063 2369 et
3097 2317 3209 2379 iraa,
3240 2324 3293 2369 et
3323 2315 3453 2368 sub-

1894 2408 2163 2462 versionis
2214 2423 2527 2461 mensarum
2581 2422 2643 2461 ac
2691 2407 2968 2470 sellarum,
3024 2422 3143 2474 quae
3194 2406 3259 2459 ad
3316 2422 3457 2459 nun-

1895 2499 2222 2552 dinationem
2253 2498 2591 2565 spectabant.
2637 2498 2833 2549 Domus
2878 2498 3021 2550 enim
3082 2514 3218 2560 mea,
3259 2496 3453 2565 inquit,

1895 2590 2075 2641 domus
2123 2589 2435 2656 precationis
2484 2588 2804 2640 vocabitur:
2840 2604 2925 2639 vos
2964 2604 3083 2639 vero
3101 2604 3216 2640 eam
3265 2588 3456 2656 fecistis

1896 2681 2199 2748 speluncam
2254 2680 2621 2743 latronum”;
2670 2678 2758 2732 ubi
2791 2680 3009 2731 domum
3051 2679 3374 2747 precationis
3403 2688 3457 2733 et

1899 2772 1993 2824 Dei
2031 2772 2248 2825 domum
2292 2771 2551 2838 templum
2584 2778 2637 2822 et
2706 2769 3273 2837 agnoscitetappellat
3301 2770 3457 2834 illud,

1898 2861 2039 2929 quod
2070 2861 2170 2914 sub
2189 2860 2301 2928 lege
2319 2867 2653 2912 exstructum
2676 2869 2815 2920 erat,
2845 2858 3091 2925 idemque
3119 2857 3460 2927 profanatum

1898 2951 2156 3011 vindicat,
2213 2966 2279 3002 eo
2309 2949 2453 3017 quod
2504 2958 2558 3001 et
2608 2949 2735 3003 boni
2788 2947 2964 3001 Patris
3010 2958 3148 3011 erat,
3194 2961 3247 3001 et
3301 2965 3459 3003 suum

1900 3044 2091 3112 ipsius,
2123 3056 2243 3095 cum
2275 3041 2456 3094 omnia
2478 3082 2491 3105 ,
2523 3056 2641 3108 qua:
2674 3038 2848 3093 Patris
2891 3049 3054 3104 sunt,
3092 3049 3148 3093 et
3190 3056 3286 3093 sua
3330 3041 3458 3095 sint.

233 3134 454 3201 Πατρός
483 3136 599 3185 ἐστι
638 3136 734 3186 καὶ
758 3136 940 3189 αὐτοῦ.
973 3138 1081 3191 Καί
1108 3154 1189 3192 τοι
1215 3139 1357 3208 πόση
1386 3158 1469 3201 τις
1501 3143 1534 3207 ή
1565 3141 1799 3211 βεϐήλω-
1824 3147 1867 3208 C
1903 3137 1905 3185 Ῑ

1790 3147 1867 3208 .C
1903 3135 1965 3188 Et
1989 3151 2147 3203 quam
2202 3134 2428 3203 exigua,
2491 3148 2709 3202 quaeso,
2764 3142 2879 3186 erat
2912 3133 3010 3186 ista
3060 3132 3383 3201 profanatio,
3432 3150 3462 3187 a

236 3238 327 3283 σις
354 3217 421 3291 ἦν
449 3223 711 3291 ἀργυρίου
745 3224 898 3288 ξύλον
928 3227 1020 3278 καὶ
1044 3228 1333 3296 κερμάτων
1365 3229 1545 3294 πίναξ,
1578 3232 1635 3282 ἐν
1670 3224 1713 3296 ᾧ
1740 3231 1799 3282 τὸ
1901 3244 1908 3280 1

1788 3246 1799 3282 >
1901 3241 2085 3280 mensa
2111 3224 2413 3294 argentaria
2450 3234 2504 3277 et
2529 3224 2956 3277 numulariorum
2994 3225 3171 3277 tabula
3199 3224 3460 3292 profecta.

235 3310 350 3363 τῶν
375 3310 587 3377 ἀλόγων
633 3314 787 3375 ζώων
838 3315 1193 3384 ἀντάλλαγμα
1241 3319 1621 3372 κατεϐάλλετο.
1664 3320 1800 3370 Ἀλλ’

237 3402 415 3463 οῦτως
454 3402 570 3471 ᾔδει
597 3404 713 3455 τότε
744 3406 1008 3475 τοσαύτης
1038 3406 1166 3458 ὄντα
1200 3408 1364 3476 τιμῆς
1405 3410 1497 3460 καὶ
1521 3408 1802 3471 εὐλαϐείας

239 3494 394 3556 ἄξιον
418 3496 508 3546 τὸν
540 3495 686 3559 ναὸν,
739 3496 812 3559 ὡς
858 3497 992 3565 μηδὲ
1031 3499 1093 3549 τὸ
1134 3498 1467 3566 βραχύτατον
1517 3500 1804 3567 ἀνέχεσθαι

240 3584 354 3638 τῶν
395 3585 497 3651 ἔξω
550 3589 859 3640 πιπτόντων
887 3589 985 3657 τῆς
1038 3590 1391 3659 ὀφειλομένης
1437 3592 1583 3660 αύτῷ
1639 3592 1806 3659 τιμῆς

242 3680 591 3746 παραχωρεῖν
623 3695 741 3730 τινα
772 3678 975 3747 τολμᾷν
1004 3681 1082 3741 είς
1126 3680 1306 3733 αὐτόν.
1345 3681 1409 3731 Τί
1456 3681 1663 3747 λέγειςς
1714 3682 1805 3733 τὸν

242 3766 389 3816 οὕτω
418 3766 717 3834 τιμηθέντα
757 3767 880 3819 ναὸν
901 3768 1003 3819 ὑπὸ
1031 3767 1125 3819 τοῦ
1161 3769 1407 3838 Σωτῆρος
1443 3770 1599 3839 ήμῶν
1631 3771 1804 3829 Ἰησοῦ

243 3856 507 3925 Χριστοῦ,
544 3858 638 3907 καὶ
666 3859 792 3919 τοὺς
835 3859 1293 3928 ἐπιχειρήσαντας
1323 3862 1523 3930 τρόπον
1566 3863 1685 3914 τινὰ
1715 3863 1803 3929 βε-

242 3946 464 4014 ϐηλοῦν,
487 3946 816 4015 τηλικαύτης
844 3949 1198 4017 ἀποφήναντα
1224 3950 1409 4018 ὀργῆς,
1446 3951 1550 4018 ἄρα
1575 3952 1660 4018 εἴη
1683 3953 1807 4014 τοὺς

240 4038 345 4089 οῦκ
385 4039 471 4091 ἐπ’
505 4039 735 4107 ἐργασίᾳ
774 4039 912 4110 μόνῃ
974 4043 1123 4109 κοινῇ
1179 4040 1441 4109 βεϐηλοῦν
1471 4042 1805 4111 ἐπαρθέντας

242 4134 429 4194 αὐτὸν,
470 4133 583 4184 ἀλλ’
616 4133 735 4185 ὅλον
764 4134 933 4185 διόλου
970 4134 1176 4201 μύσους
1208 4137 1448 4206 ἀρρήτου
1492 4137 1585 4188 καὶ
1626 4136 1806 4203 βδελυο

244 4226 369 4293 ρίας
395 4224 803 4293 ἀνυπερϐλήτου
838 4224 1177 4294 πληροῦντας
1218 4227 1400 4288 αὑτὸν,
1432 4226 1601 4289 οὕτως
1645 4230 1802 4281 ἀνευ-

243 4314 439 4377 θύνους
472 4315 703 4384 ἀφήσειν
730 4315 926 4377 αύτούς
951 4333 965 4380 ;
994 4318 1100 4369 Καὶ
1139 4317 1240 4369 ποῦ
1267 4318 1332 4369 ἂν
1371 4320 1454 4387 εἴη
1477 4319 1634 4371 τοῦτο
1662 4320 1807 4386 λογι-

245 4407 405 4472 σμοῖς
437 4404 713 4473 νηφόντων
758 4405 939 4457 λαϐεῖν
996 4406 1252 4473 δυνατόν;
1309 4410 1586 4462 Ἐντεῦθεν
1642 4412 1696 4464 δέ
1742 4412 1808 4464 ἂν

249 4496 381 4557 ῑδοις
411 4472 748 4549 ούκέλαττον
774 4498 805 4566 ἢ
828 4498 915 4550 διὰ
950 4500 1379 4568 προειρημένων,
1407 4502 1536 4570 ὅσης
1568 4503 1689 4555 τότε
1720 4505 1804 4555 δό-
1841 4472 1882 4525 D

248 4587 348 4654 ξης
376 4587 471 4637 καὶ
493 4586 655 4655 τιμῆς
676 4587 822 4652 ἄξιος
842 4590 871 4639 ό
902 4588 1106 4656 Μωσῆς
1136 4589 1227 4641 καὶ
1282 4591 1341 4641 τὸ
1367 4591 1474 4643 τῶν
1511 4595 1804 4661 προφητῶν

252 4674 525 4744 μακάριον
563 4676 869 4746 σύνταγμα,
905 4680 996 4729 καὶ
1034 4678 1116 4730 ὅτι
1168 4678 1454 4748 σύμφωνος
1498 4683 1525 4734 ὁ
1552 4683 1711 4751 νόμος
1738 4686 1804 4751 τῇ

246 4770 457 4839 χάριτι.

321 4862 446 4914 KA'.
481 4860 779 4931 Πληρώσας
808 4863 916 4929 γάρ
953 4864 1049 4931 τὴν
1092 4863 1400 4931 οἰκονομίαν
1437 4863 1464 4914 ό
1511 4864 1813 4935 φιλάνθρω-

245 4968 351 5013 πος
389 4952 544 5021 ήμῶν
582 4952 675 5005 καὶ
709 4952 909 5019 ἀγαθὸς
940 4953 1091 5015 Θεὸς,
1138 4954 1229 5007 καὶ
1265 4953 1360 5023 τὴν
1394 4955 1550 5023 νίκην
1594 4957 1690 5025 ήδη
1719 4957 1813 5023 φέ-

249 5063 360 5114 ρων
394 5046 535 5097 κατά
561 5062 623 5113 γε
671 5044 762 5097 τοῦ
794 5043 1026 5097 θανάτου
1072 5045 1161 5095 καὶ
1223 5042 1385 5095 αὑτοῦ
1419 5044 1511 5097 τοῦ
1550 5046 1813 5116 προξενή-

324 5184 368 5215 ¹⁸
391 5181 545 5238 Joan.
581 5198 643 5247 tt,
688 5182 775 5245 15,
850 5184 894 5216 ¹⁶
914 5181 1104 5236 Matth.
1134 5196 1244 5247 XXI,
1280 5181 1365 5237 13.

1904 3318 1955 3370 in
1987 3332 2089 3385 qua
2140 3316 2418 3383 praemium
2449 3331 2545 3384 pro
2582 3316 2882 3384 pecudibus
2912 3316 3312 3370 irrationalibus
3338 3332 3458 3385 pcr-

1904 3406 2237 3460 solvebatur.
2266 3405 2369 3459 Sed
2405 3406 2540 3459 adeo
2582 3406 2697 3473 ipse
2738 3416 2966 3458 noverat
3012 3407 3272 3473 templum
3314 3417 3466 3460 tanto

1907 3498 2113 3550 honore
2167 3506 2221 3549 et
2281 3496 2583 3549 reverentia
2629 3495 2885 3563 dignum,
2936 3506 2992 3548 ut
3055 3512 3122 3547 ne
3182 3497 3463 3550 minimum

1908 3587 2127 3653 quidem
2159 3588 2297 3639 ferre
2346 3596 2531 3654 posset
2576 3601 2786 3647 eorum,
2831 3602 2951 3653 qua:
2999 3586 3282 3653 quisquam
3326 3587 3464 3641 infra

1909 3679 2169 3731 honorem
2220 3677 2318 3745 ipsi
2368 3676 2605 3729 debitum
2677 3676 2919 3729 auderet.
2980 3676 3231 3745 Nunquid
3274 3688 3465 3745 putas,

1910 3768 2250 3820 Servatorem
2276 3776 2518 3819 nostrum
2551 3765 2735 3818 Jesum
2767 3766 3063 3828 Christum,
3087 3768 3176 3835 qui
3206 3768 3465 3835 templum

1907 3858 2045 3911 adeo
2082 3858 2134 3909 in
2166 3857 2341 3924 pretio
2383 3856 2604 3919 habuit,
2643 3866 2805 3923 atque
2845 3872 2971 3917 eos,
2999 3858 3087 3925 qui
3122 3857 3171 3910 id
3209 3858 3467 3924 quodam-

1909 3952 2070 4001 modo
2123 3947 2410 4015 profanare
2456 3946 2691 4014 aggressi
2745 3957 2919 4009 erant,
2974 3956 3121 3999 tanta
3163 3947 3239 3999 ira
3279 3949 3470 4018 dignos

1910 4055 2297 4127 pronuntiavit,
2334 4054 2465 4107 istos
2497 4053 2766 4116 homines,
2816 4054 2905 4122 qui
2936 4070 3042 4107 non
3090 4065 3297 4109 tantum
3342 4073 3468 4125 pro-

1910 4152 2031 4204 fana
2061 4150 2291 4218 quadam
2319 4147 2716 4200 nundinatione
2749 4147 2799 4198 id
2832 4147 3115 4213 profanare
3160 4148 3272 4201 ausi
3317 4159 3468 4213 sunt,

1910 4239 2002 4293 sed
2028 4247 2219 4300 totum,
2246 4245 2505 4305 quantum
2538 4244 2639 4297 est,
2675 4233 2897 4288 infando
2918 4234 3120 4305 flagitio
3151 4246 3205 4289 et
3234 4236 3468 4290 incredi-

1913 4331 2003 4385 bili
2054 4329 2259 4383 scelere
2310 4327 2705 4396 inquinarunt,
2770 4326 3065 4394 impunitos
3119 4328 3468 4381 dimissurum

1912 4419 2064 4472 esse?
2107 4417 2387 4481 Quomodo
2423 4415 2505 4468 vel
2546 4415 2821 4468 somnians
2862 4416 2975 4467 hzec
3012 4414 3114 4468 sibi
3144 4417 3470 4483 persuadere

1912 4509 2125 4577 posset?
2149 4507 2251 4560 Sed
2279 4515 2333 4559 et
2365 4506 2489 4559 hinc
2524 4521 2629 4558 non
2664 4505 2863 4563 minus,
2905 4520 3066 4572 quam
3114 4520 3179 4558 ex
3201 4507 3473 4574 praedictis

1912 4601 2209 4669 intelligas,
2241 4613 2348 4666 quo
2376 4598 2581 4650 honore
2611 4606 2663 4648 et
2697 4596 2840 4648 cultu
2876 4594 3082 4659 Moses,
3132 4606 3185 4649 et
3220 4597 3471 4651 beatissi-

1912 4705 2033 4741 mus
2076 4688 2464 4757 prophetarum
2511 4695 2682 4739 cattus
2732 4684 2947 4737 habitus
2995 4685 3176 4749 fuerit,
3223 4687 3473 4757 quodque

1909 4780 1995 4832 lex
2028 4794 2149 4830 cum
2183 4778 2350 4846 gratia
2385 4776 2699 4829 concordet.

1983 4867 2171 4922 XXIV.
2213 4868 2345 4920 Cum
2373 4868 2516 4919 enim
2553 4867 2695 4918 Deus
2733 4874 2923 4918 noster
2954 4864 3233 4918 hominum
3282 4882 3474 4921 aman-

1912 4961 2153 5014 tissimus
2202 4969 2255 5011 et
2304 4958 2542 5025 Optimus
2588 4956 2763 5009 otlicio
2806 4970 2905 5008 suo
2956 4956 3270 5022 perfunctus
3311 4971 3471 5021 esset,

1914 5052 2302 5117 victoriamque
2331 5048 2594 5101 illustrem
2628 5062 2659 5101 a
2686 5055 2877 5112 morte,
2918 5053 2973 5099 et
2997 5060 3083 5110 eo,
3117 5047 3207 5115 qui
3247 5048 3475 5102 homini-

1343 5354 1574 5411 VARIIE
1607 5354 1984 5411 LECTIONES
2022 5354 2109 5409 ET
2146 5354 2373 5410 ΝΟΤᾹΞ.

323 5498 433 5565 (21)
470 5497 891 5565 Φραττέλλιον.
938 5495 1012 5549 Ita
1064 5510 1402 5550 communem
1466 5494 1811 5563 scriptionetn

249 5568 514 5634 approbat
554 5577 759 5629 noster,
800 5581 896 5633 pro
920 5582 1023 5633 qua
1059 5580 1199 5618 unus
1232 5566 1433 5618 alterve
1459 5566 1647 5625 codex,
1681 5574 1814 5616 teste

253 5636 443 5694 Millio.
493 5636 711 5689 exhibet
759 5636 1105 5703 φραγγέλιον,
1146 5635 1284 5703 Lege
1310 5650 1430 5701 quae
1477 5634 1543 5686 de
1592 5642 1817 5700 utraque

250 5706 547 5772 scriptione
577 5704 755 5757 attulit
773 5704 1085 5759 Ludolohus
1117 5704 1394 5763 Kusterus.
1419 5704 1483 5757 ad
1509 5704 1814 5771 Aristopha-

253 5792 331 5827 ms
371 5776 691 5830 Acharmm.
722 5790 774 5829 γ.
802 5772 926 5828 7‘20.

1988 5493 2098 5576 (ξὲ)
2150 5495 2571 5576 Καταστρέςρειτ
2606 5495 2718 5576 ita.
2759 5494 2973 5576 videtur
3023 5505 3208 5576 noster
3244 5496 3475 5576 probare

1917 5563 2201 5616 lectionem
2252 5564 2415 5617 unius
2448 5566 2646 5618 codicis
2697 5564 3127 5627 Leicestriensis,
3169 5563 3258 5633 qui
3317 5567 3475 5619 habet

1920 5633 2247 5702 κατέστρεψε
2292 5648 2391 5699 pro
2439 5635 2651 5702 vulgato
2685 5636 2997 5702 ἀνέστρεψε,
3042 5637 3183 5702 quod
3219 5636 3477 5688 Lamber-

1923 5713 2008 5753 tus
2054 5700 2165 5772 Bos
2206 5703 2255 5752 in
2287 5700 2579 5772 Exercitu}.
2610 5700 2933 5772 pliifologi‘cis’
2972 5706 3023 5756 in
3052 5700 3251 5759 Novum
3283 5703 3474 5757 Faedus

1923 5784 2044 5822 cum
2076 5770 2333 5839 ἀνέτρεψε
2372 5770 2734 5841 permutatum
2766 5770 3035 5841 cupiebat.
