4234 6432
763 406 863 472 231

1917 397 2179 458 ΡΙΙΟΤΠ
2220 395 2720 455 PATRMRCll/E
2760 399 2866 457 ΕΡ.

3891 401 3999 469 239

765 519 870 573 bus
941 524 1170 570 mortem
1218 512 1630 575 conciliaverat,
1684 509 1996 571 retulisset,
2049 519 2332 577 postquam
2363 515 2406 565 Α

2326 529 2332 558 ι
2363 515 2406 565 Α
2439 523 2628 567 σαντος
2667 509 2747 576 τῷ
2771 510 2915 576 γένει
2936 509 3026 562 τὸν
3053 511 3280 563 θάνατον
3333 513 3590 582 λαμπράν
3639 511 3772 581 (ἳδ),
3807 515 3998 586 ἐπειδὴ

748 613 942 663 ἰηοι-ιο
986 608 1213 676 spoliata
1257 614 1670 667 resurrexerat,
1720 612 1776 654 et
1827 617 2024 670 corpus
2064 610 2218 654 antea
2268 600 2335 652 ab

767 702 943 753 anima
973 701 1286 766 seiunctum
1331 706 1643 762 receperat,
1699 704 1862 760 atque
1909 708 2033 744 cum
2087 692 2336 758 Cleoplue

767 791 1081 852 cornitibus,
1113 789 1202 856 qui
1239 788 1526 839 Dominum
1574 802 1678 838 non
1718 786 2114 854 agnoscebant,
2152 797 2334 835 versa-

768 884 1018 943 retur”;
1056 882 1201 948 ipsos
1244 879 1462 945 quidem
1500 877 1850 943 ignorzmtize,
1888 875 1969 926 vel
2006 874 2185 941 potius
2238 872 2336 923 im-

769 975 1067 1042 prudentia:
1116 982 1171 1024 et
1216 971 1358 1023 circa
1419 984 1506 1022 res
1555 968 1676 1020 ﬁdei
1730 965 2068 1035 negligentia:
2116 965 2336 1018 nomine

771 1065 1141 1133 reprehendit.
1173 1063 1292 1116 Non
1323 1063 1432 1114 alio
1459 1075 1585 1114 vero
1616 1059 1851 1120 nomine,
1888 1075 2050 1127 quam
2087 1058 2231 1126 quod
2269 1058 2335 1110 ad

769 1157 1052 1210 scientiam
1118 1154 1456 1221 pertinebat,
1510 1151 1894 1219 reprehendit,
1972 1149 2218 1218 quamvis
2281 1147 2336 1200 in

772 1257 1021 1316 ιιι-ωηινιιι
1065 1256 1246 1307 esset,
1300 1259 1498 1297 manus
1528 1244 1848 1303 ostendere,
1897 1252 1952 1294 et
2002 1242 2244 1294 dextram
2286 1250 2339 1292 et

773 1339 957 1405 pedes,
984 1338 1075 1405 qui
1107 1347 1160 1390 et
1187 1337 1463 1390 clavorum
1511 1344 1566 1387 et
1607 1335 1806 1386 lancea:
1835 1334 2058 1401 vestigia
2088 1343 2143 1386 et
2186 1333 2337 1401 signa

774 1429 1102 1489 referebant,
1129 1441 1384 1492 eumque,
1414 1425 1505 1493 qui
1547 1439 1742 1492 passus
1772 1432 1912 1484 erat,
1944 1423 2058 1490 ipsa
2092 1423 2180 1475 illa
2218 1437 2340 1489 per-

774 1519 1024 1586 pessioue
1071 1517 1483 1569 demonstrabat
1526 1538 1538 1570 :
1589 1517 1728 1569 sicut
1779 1524 1834 1568 et
1887 1524 2070 1583 postea
2125 1529 2222 1581 per
2278 1530 2338 1567 ea

775 1608 1204 1661 incredulitatem
1259 1624 1286 1658 a
1347 1608 1630 1675 discipulis
1685 1607 2062 1660 dubitantibus
2113 1605 2337 1657 amolie-

774 1699 949 1751 batur.
991 1699 1173 1765 Neque
1215 1699 1378 1750 etiam
1429 1699 1483 1749 in
1522 1697 1838 1751 memoriam
1893 1697 1993 1748 illis
2031 1697 2338 1758 revocabat,

771 1789 915 1856 quod
946 1799 1070 1840 ante
1100 1790 1405 1856 passionem
1447 1787 1627 1840 adhuc
1671 1803 1795 1840 cum
1833 1788 1966 1855 ipsis
2004 1797 2248 1839 versatus
2279 1803 2338 1839 ea

774 1879 1118 1946 praedixerit;
1158 1893 1258 1931 nec
1300 1878 1634 1930 memorabat
1675 1879 1873 1944 quibus
1910 1878 2182 1930 miraculis
2220 1893 2338 1930 ser-

773 1985 992 2021 monunt
1015 1983 1237 2020 suorum
1265 1968 1548 2019 veritatem
1571 1967 1997 2035 comprobasset,
2016 1968 2261 2035 quamvis
2285 1975 2340 2019 et

775 2059 877 2112 hoc
904 2059 1028 2120 illis,
1045 2058 1240 2125 quibus
1258 2057 1454 2110 deinde
1479 2059 1749 2125 apparuit,
1773 2070 2103 2111 recenseret.
2125 2059 2230 2111 Sed
2254 2060 2341 2110 ni-

776 2151 848 2202 hil
882 2151 1073 2201 horum
1096 2149 1226 2215 ipsis
1255 2149 1613 2216 proponebat,
1639 2164 1740 2201 nec
1762 2149 1927 2200 ullum
1954 2149 2204 2201 salutaris
2230 2164 2341 2201 sum

775 2239 1042 2307 passionis
1087 2248 1424 2290 momentum
1473 2237 1604 2306 ipsis
1629 2238 1936 2305 objiciebat,
1981 2249 2075 2291 aut
2107 2255 2342 2306 expone-

776 2336 883 2396 bat,
916 2334 1007 2386 sed
1041 2343 1359 2385 Ostensurus
1385 2331 1560 2400 quasi,
1593 2343 1646 2385 et
1673 2348 1799 2385 suos
1827 2348 2106 2386 sermones
2135 2342 2189 2386 et
2221 2350 2337 2402 pas-

775 2427 1019 2486 sionem,
1062 2433 1115 2476 et
1149 2423 1380 2475 Mosaica
1417 2438 1480 2476 ac
1513 2422 1830 2490 prophetica
1868 2425 2083 2476 oracula
2135 2425 2199 2476 ad
2249 2425 2344 2477 de-

777 2518 1177 2571 monstrandam
1229 2517 1514 2569 veritatem
1569 2525 1624 2568 et
1677 2515 2022 2567 illustrandas
2062 2515 2343 2567 hominum

778 2619 986 2663 mentes
1018 2607 1262 2662 sufﬁcere
1299 2624 1313 2662 :
1348 2607 1466 2659 aliis
1501 2605 1739 2673 quidem,
1767 2607 2002 2658 ostensis
2033 2606 2088 2658 in
2117 2621 2345 2674 corpore

779 2700 1044 2769 passionis
1069 2715 1178 2752 sua:
1209 2698 1469 2768 vestigiis,
1502 2713 1622 2764 quaa
1649 2698 1765 2765 ipse
1788 2698 2133 2764 praedixerat,
2168 2713 2349 2750 resur-

781 2789 1079 2840 rectionem
1114 2802 1265 2840 suam
1301 2786 1674 2851 conﬁrmavit;
1707 2786 1827 2838 aliis
1858 2802 2018 2847 vero,
2051 2786 2142 2853 qui
2183 2787 2347 2839 visio-

781 2894 904 2931 nem
947 2879 1067 2946 ejus
1096 2878 1278 2930 animo
1320 2886 1729 2946 praeceperant,
1780 2877 1929 2929 nullo
1961 2892 2181 2940 eorum,
2228 2893 2348 2946 quae

783 2971 923 3023 dicta
953 2982 1099 3030 sunt,
1127 2970 1365 3038 seipsum
1396 2969 1478 3020 vel
1514 2969 1781 3028 revelans,
1816 2968 1901 3019 vel
1930 2968 1982 3020 in
2013 2969 2349 3038 objurgatio-

785 3077 908 3113 nem
937 3075 1123 3113 eorum
1157 3070 1335 3121 utens,
1368 3075 1431 3110 ex
1458 3059 1735 3126 prOphetis
1764 3068 1820 3112 et
1844 3057 1989 3112 Mose
2016 3059 2347 3127 objurgatio-

2435 600 2523 650 τὸν
2557 600 2784 652 θάνατον
2834 602 3133 664 σκυλεύσας
3183 602 3400 672 ἀνέστη,
3438 605 3529 656 καὶ
3558 605 3619 656 τὸ
3659 604 3838 672 σῶμα,
3863 607 4002 674 ὅπερ

2435 695 2531 760 τῆς
2561 694 2739 762 ψυχῆς
2771 695 2975 762 διέστη,
3017 695 3179 748 πάλιν
3217 696 3572 766 προσείληφε,
3628 699 3722 748 καὶ
3765 700 3876 759 τοῖς
3903 698 4002 766 μὲν

2437 785 2563 851 περὶ
2587 783 2840 837 Κλεόπαν
2885 785 3190 838 όδοποιοῦσι
3253 787 3667 854 συνεπορεύετο,
3711 789 3758 839 οί
3808 787 3863 839 δὲ
3909 788 4003 839 τὸν

2437 877 2710 944 Δεσπότην
2737 877 2835 926 οὐκ
2870 878 3200 942 ὲγίνωσκον·
3253 879 3478 947 ἐπιτιμᾷ
3523 878 3623 946 μὲν
3669 879 3868 940 αὐτοὺς
3899 878 4005 945 τῆς

2436 967 2676 1033 ἀγνοίας,
2715 968 2916 1035 μᾶλλον
2933 967 2988 1019 δὲ
3013 968 3109 1036 τῆς
3132 969 3336 1032 ἀνοίας,
3363 973 3456 1021 καὶ
3488 969 3588 1036 τῆς
3627 969 3755 1038 περὶ
3783 970 3882 1038 τὴν
3917 969 4006 1020 πίο

2439 1077 2554 1111 στιν
2584 1061 2932 1130 βραδύτητος.
2970 1061 3081 1114 Ούκ
3103 1061 3327 1114 ἀλλοθεν
3365 1063 3420 1114 δὲ
3460 1062 3800 1130 ἐπιτίμησιν,
3843 1062 3874 1130 ἢ
3907 1063 4006 1126 τὴν

2437 1152 2530 1203 ἐπὶ
2550 1153 2750 1219 γνῶσιν
2779 1154 2954 1220 φέρει,
2991 1156 3167 1207 καίτοι
3226 1157 3353 1224 ῥᾷον
3382 1153 3440 1205 ὃν
3493 1155 3676 1223 χεῖράς
3727 1171 3785 1206 τε
3832 1153 4005 1217 δεῖξαι

2439 1247 2533 1294 καὶ
2564 1245 2750 1306 πόδας,
2782 1244 2816 1296 ὃ.
2848 1246 2958 1298 τῶν
2999 1247 3146 1314 ἥλων
3188 1249 3278 1298 καὶ
3306 1245 3404 1314 τῆς
3435 1245 3636 1313 λόγχης
3685 1245 3846 1314 ἔφερε
3878 1245 4007 1304 τοὺς

2438 1333 2659 1397 τύπους,
2695 1337 2788 1387 καὶ
2833 1336 2902 1388 τά
2939 1336 3202 1405 σύμϐολα,
3231 1338 3326 1389 καὶ
3356 1337 3433 1406 τῷ
3472 1337 3633 1389 πάθει
3663 1337 3850 1403 σαφῶς
3882 1338 4006 1387 ἀνε-

2437 1423 2655 1475 δίδασκε
2685 1425 2774 1476 τὸν
2803 1423 3126 1486 πεπονθότα,
3161 1425 3348 1494 ὥσπερ
3373 1426 3597 1494 ’ύστερον
3619 1427 3728 1486 τοῖς
3757 1424 3865 1475 τῶν
3903 1441 4006 1492 μα⁴

2441 1510 2620 1578 θητῶν
2643 1511 3038 1578 ἀμφιϐάλλουσι
3058 1511 3125 1563 δι’
3148 1511 3327 1563 αὐτῶν
3348 1512 3446 1578 τὴν
3467 1511 3724 1563 ἀπιστίαν
3740 1511 4004 1562 διέλυσεν.

2442 1603 2517 1653 Οὐ
2554 1603 2652 1669 μὲν
2680 1603 2788 1653 οὐδ’
2820 1603 3143 1671 ἀνέμνησεν,
3197 1603 3278 1654 ὅτι
3323 1601 3429 1670 πρὸ
3465 1601 3558 1653 τοῦ
3597 1602 3799 1662 πάθους
3831 1599 4008 1652 συνὼν

2442 1695 2622 1755 αὐτοῖς
2654 1695 2825 1747 ταῦτα
2857 1697 3135 1762 προεῖπεν,
3177 1693 3288 1744 οὐδ’
3314 1688 3394 1755 οἷς
3433 1693 3868 1762 θαυματουργῶν
3897 1693 4008 1743 τῶν

2442 1785 2613 1851 λόγων
2642 1785 2803 1836 αὐτοῦ
2833 1786 2932 1854 τὴν
2959 1785 3220 1853 ἀλήθειαν
3253 1786 3463 1851 συνεῖχε
3484 1799 3498 1812 ·
3531 1785 3706 1834 καίτοι
3735 1783 4010 1833 καὶτοῦτο

2445 1876 2905 1943 προσανέμνησεν,
2936 1870 3016 1935 οἷς
3069 1874 3226 1942 ὤφθη
3272 1874 3407 1942 μετά
3439 1873 3632 1926 ταῦτα.
3679 1872 3820 1924 Ἀλλ’
3850 1871 4006 1924 οὐδὲν

2441 1966 2646 2018 τούτων
2675 1967 2855 2027 αὐτοῖς
2897 1965 3136 2034 προθεὶς,
3164 1965 3271 2017 οὐδ’
3301 1965 3392 2032 ἀφ’
3427 1966 3544 2026 ἑνὸς
3574 1965 3680 2016 τῶν
3713 1964 4008 2034 σωτηρίων

2443 2056 2664 2117 παθῶν,
2697 2057 2817 2108 οὔτε
2843 2057 3170 2126 ἐπιπλήξας,
3216 2055 3341 2108 οὕτε
3392 2056 3628 2118 διδάξας,
3669 2055 3782 2107 ἀλλ’
3816 2055 4009 2123 ὥσπερ

2446 2150 2726 2218 μονονουχὶ
2739 2149 2949 2209 δεικνὺς
2971 2148 3298 2216 ἐφαμίλλους
3324 2144 3461 2200 εἶναι
3481 2149 3614 2218 πρδς
3637 2147 3892 2217 ἀληθείας
3910 2164 4012 2198 πα-

2446 2244 2728 2312 Ράστασινι
2763 2243 2858 2294 καί
2882 2240 3135 2308 φωτίζειν
3164 2240 3260 2292 ἀνθ
3275 2240 3469 2308 ρώπων
3499 2240 3756 2302 διάνοιαν,
3789 2240 3918 2301 τούς
3952 2255 4012 2289 τε

2442 2334 2672 2393 οἰκείους
2703 2331 2889 2398 λόγους
2923 2333 3015 2383 καὶ
3042 2331 3110 2383 τά
3136 2331 3281 2398 πάθη
3314 2331 3407 2382 καὶ
3436 2329 3498 2396 δὴ
3531 2331 3624 2381 καὶ
3655 2331 3747 2390 τάς
3783 2329 4012 2381 Mons?-

2445 2427 2546 2486 κάς
2577 2425 2670 2478 καὶ
2693 2424 3032 2492 προφητικὰς
3060 2425 3262 2491 φωνάς·
3292 2426 3404 2483 τοῖς
3439 2421 3536 2490 μὲν
3561 2421 3626 2473 δι’
3654 2414 3725 2474 ὧν
3759 2419 3928 2482 ἐδειξέ
3956 2436 4014 2473 τε

2444 2516 2512 2566 τὰ
2547 2515 2639 2565 ἐπὶ
2681 2513 2774 2565 τοῦ
2826 2513 3076 2582 σώματος
3120 2514 3228 2565 τῶν
3259 2514 3450 2567 παθῶν
3505 2513 3658 2581 ἴχνη,
3709 2513 3802 2564 καὶ
3852 2512 4016 2574 αὐτὸς

2445 2603 2857 2673 προεθέσπιζεν,
2889 2603 3137 2656 ἐϐεϐαίου
3167 2605 3264 2673 τὴν
3297 2604 3608 2656 ἀνάστασιν·
3643 2603 3763 2664 τοὺς
3798 2603 3856 2654 δὲ
3887 2619 4018 2672 προ-

2446 2695 2710 2756 λαϐόντας
2756 2697 2834 2755 είς
2877 2694 3004 2746 θέαν
3043 2693 3206 2746 αὑτοῦ
3253 2693 3616 2760 καταστῆναι,
3670 2693 3764 2745 ἀπ’
3800 2691 4016 2753 οὐδενὸς

2446 2786 2554 2836 τῶν
2587 2785 2891 2853 εἰρημένων
2927 2785 3115 2836 ἑαυτὸν
3147 2785 3545 2836 ἀνακαλύπτων
3570 2825 3583 2849 ,
3622 2784 3728 2835 οὐδ’
3779 2783 4018 2836 ὑποϐάλο

2448 2875 2554 2927 λων
2584 2878 2664 2935 εἰς
2702 2875 3017 2944 ἐπιτίμησιν
3037 2916 3051 2939 ,
3078 2875 3185 2928 ἀπό
3224 2891 3287 2943 γε
3320 2875 3430 2927 τῶν
3466 2876 3756 2946 προφητῶν
3800 2877 3896 2928 καὶ
3921 2875 4018 2929 τοῦ

2450 2966 2691 3027 Μωσέως
2735 2966 2796 3017 τό
2839 2983 2897 3017 τε
2939 2965 3188 3034 ἔγκλημα
3241 2965 3449 3028 τούτοις
3504 2967 3742 3033 ὑφαίνει,
3778 2967 3875 3019 καὶ
3918 2965 4020 3034 τὴν

2451 3059 2672 3124 ἄγνοιαν
2705 3058 2883 3110 αὐτῶν
2928 3058 3025 3125 τῆς
3053 3056 3252 3126 ψυχῆς,
3304 3057 3420 3126 ἅμα
3465 3058 3556 3108 καὶ
3597 3056 3704 3108 τῶν
3753 3057 4020 3124 ὀμμάτων

786 3167 909 3204 nem
933 3152 1124 3211 nectit,
1160 3151 1458 3217 eademque
1488 3163 1651 3217 opera
1683 3149 2044 3217 ignorantiam
2067 3158 2122 3202 et
2151 3150 2349 3203 mentis
2371 3160 2417 3219 ε
2451 3169 2458 3199 ι

2348 3160 2417 3219 ηρ
2451 3149 2907 3211 άποσκευάζεται.
2953 3149 3062 3200 Καὶ
3110 3149 3234 3214 τόγε
3278 3147 3554 3216 ἐξαίρετον
3603 3149 3680 3208 είς
3733 3147 3886 3213 ἰσχὺν
3927 3147 4020 3197 καὶ

784 3253 839 3297 et
877 3245 1158 3295 Oculorum
1189 3242 1255 3294 ab
1286 3242 1351 3294 iis
1387 3241 1660 3294 amolitur.
1696 3240 1850 3304 Quod
1891 3256 2019 3292 vero
2050 3241 2116 3293 ad
2149 3242 2253 3294 vim
2285 3258 2347 3295 ac

783 3333 1097 3402 dignitatem
1145 3332 1274 3401 legis
1320 3330 1710 3384 ostendendam
1748 3333 1978 3384 multum
2021 3331 2185 3393 facit,
2222 3333 2348 3385 hinc

782 3421 997 3488 quidem
1036 3418 1101 3470 ad
1141 3419 1444 3470 doctrinam
1470 3427 1524 3471 et
1551 3418 1982 3472 confutationem
2006 3420 2350 3472 sermonibus

785 3513 897 3565 suis
931 3520 983 3564 et
1017 3511 1268 3579 passione
1305 3527 1436 3564 usus
1475 3523 1578 3575 est,
1613 3521 1893 3580 assumpto
1926 3512 1980 3564 in
2012 3514 2349 3566 consortium

786 3603 1018 3656 Mosaico
1058 3613 1112 3656 et
1145 3602 1463 3670 prophetico
1509 3604 1854 3669 testimonio;
1897 3604 2026 3658 hinc
2057 3621 2186 3658 vero
2221 3621 2348 3674 pro-

787 3695 1016 3764 pheticis
1050 3703 1104 3747 et
1133 3694 1383 3749 Mosaicis
1418 3697 1599 3749 verbis
1627 3697 1937 3766 passionem
1966 3711 2118 3750 suam
2155 3707 2208 3750 et
2238 3699 2352 3767 glo-

787 3786 920 3837 riam
958 3794 1011 3837 et
1053 3785 1504 3839 resurrectionem
1559 3788 1843 3850 revelans,
1882 3789 1936 3842 in
1987 3789 2092 3842 illis
2135 3789 2354 3857 penitus

785 3876 1089 3943 aequievit,
1126 3877 1326 3944 quippe
1361 3877 1450 3944 qui
1484 3877 1898 3932 conﬁrmatione
1927 3879 2147 3933 aliunde
2187 3880 2349 3948 petita

789 3979 894 4015 non
928 3964 1139 4030 egebat.
1173 3965 1324 4017 Adeo
1356 3965 1400 4017 is
1432 3976 1770 4034 perspectam
1813 3967 2042 4021 habebat
2066 3969 2174 4021 vim
2217 3971 2356 4022 veri—

791 4055 914 4106 tatis
943 4055 1227 4107 verborum
1265 4057 1704 4123 propheticormn
1746 4069 1802 4111 et
1829 4058 2205 4122 Hosaicorum,
2236 4076 2355 4114 ma-

791 4161 1055 4214 gnamque
1081 4161 1267 4198 eorum
1300 4147 1610 4211 utilitatem,
1639 4165 1746 4201 non
1775 4150 1918 4217 quod
1946 4151 2060 4204 haec
2081 4151 2188 4204 illis
2213 4167 2354 4220 prae-

793 4233 996 4294 tu‘lerit,
1032 4235 1124 4286 sed
1153 4233 1298 4300 quod
1335 4251 1430 4301 pro
1463 4237 1751 4304 prudentia
1793 4253 1889 4290 sua
1917 4239 2130 4294 efﬁcere
2172 4242 2353 4307 vellet,

794 4335 855 4374 ut
883 4323 1097 4374 oracula
1143 4323 1459 4377 fruerentur
1503 4328 1808 4381 reverentia
1849 4339 1906 4383 et
1937 4330 2138 4385 virtute
2170 4347 2356 4386 earum

793 4428 996 4473 rerum,
1045 4428 1164 4480 qua:
1211 4424 1336 4467 ante
1391 4418 1651 4470 nuntiata:
1699 4433 1842 4471 nuuc
1886 4430 2200 4475 evenerant.
2248 4423 2357 4477 Illis

793 4503 936 4556 enim
978 4503 1272 4556 domestica
1308 4518 1566 4560 venustas
1605 4507 1925 4570 sufﬁciebat,
1969 4511 2051 4565 his
2077 4521 2259 4566 autem
2290 4513 2355 4568 ad
2383 4483 2435 4543 Β

795 4594 1134 4645 nobilitatem
1171 4594 1384 4647 insitam
1417 4596 1632 4650 decoris
1663 4599 1868 4666 aliquid
1903 4602 2028 4654 addi
2056 4605 2358 4671 oportebat.

796 4685 902 4738 Sed
946 4687 1076 4738 nihil
1130 4696 1291 4748 vetat,
1346 4690 1635 4755 quominus
1677 4691 1790 4759 ipsa
1826 4693 2037 4746 Domini
2076 4696 2237 4749 verba
2268 4713 2365 4749 au-

796 4777 1026 4827 diamus.
1057 4776 1196 4828 Dicit
1219 4777 1363 4829 enim
1397 4795 1408 4830 :
1434 4779 1476 4831 0
1496 4781 1851 4848 imprudentes
1878 4793 1925 4835 et
1950 4785 2086 4853 pigri
2119 4788 2270 4838 corde
2297 4789 2366 4839 ad

799 4868 1109 4918 rredendum
1141 4868 1225 4931 iis,
1255 4885 1371 4935 qua:
1391 4869 1549 4922 locuti
1581 4881 1700 4923 sunt
1724 4875 1987 4940 prop/neue
2015 4877 2076 4932 ⁸⁸,
2103 4878 2363 4940 Audisne.

798 4959 1072 5025 quomodo
1101 4959 1535 5028 objurgationem
1581 4979 1676 5031 per
1715 4966 2005 5034 prophetas
2035 4969 2271 5022 inferat?
2305 4971 2370 5024 Et

799 5059 984 5116 postea
1024 5067 1036 5099 :
1080 5049 1261 5101 Nonne
1290 5053 1400 5105 lucc
1443 5058 1710 5121 oportebat
1737 5060 1847 5123 pati
1876 5057 2140 5113 Christum
2162 5102 2176 5125 ,
2219 5073 2266 5115 et
2296 5065 2368 5116 sic

800 5140 1001 5208 ingredi
1044 5141 1095 5191 in
1131 5141 1355 5209 gloriam
1400 5161 1551 5195 suam
1586 5145 1661 5195 "‘9
1705 5147 1780 5200 lta
1832 5151 2110 5217 propheta:
2144 5153 2365 5220 gloriam

805 5229 1111 5285 Servatoris
1155 5235 1481 5288 annuntiant
1515 5253 1525 5286 :
1567 5245 1622 5289 tu
1665 5253 1794 5290 vero
1833 5254 1926 5291 eos
1958 5242 2023 5292 ad
2069 5252 2365 5297 extremam

805 5321 1154 5390 ignominiam
1181 5322 1457 5376 deturbas.
1485 5321 1548 5376 Et
1579 5323 1625 5376 is
1650 5325 1891 5391 quidem,
1922 5325 2063 5380 facto
2089 5344 2116 5381 a
2146 5328 2290 5384 Mose
2316 5342 2370 5385 et

878 5441 917 5467 ’τ
971 5438 1101 5492 Luc.
1147 5455 1289 5501 xx1v,
1333 5441 1416 5494 l8.
1499 5441 1540 5473 ¹⁸
1574 5441 1704 5494 Luc.
1744 5459 1890 5506 xxuv,
1930 5444 2017 5498 15.

2451 3239 2688 3308 ἀξίωμα,
2731 3241 2790 3291 ἐν
2823 3234 2903 3300 οἷς
2946 3239 3043 3307 μὲν
3076 3239 3345 3307 ἐχρήσατο
3380 3238 3514 3306 πρὸς
3547 3237 3896 3290 διδασκαλίαν
3929 3237 4022 3287 καὶ

2451 3331 2672 3399 ἔλεγχον
2696 3333 2808 3392 τοῖς
2834 3329 2998 3381 αὐτοῦ
3022 3329 3200 3395 λόγοις
3227 3329 3318 3380 καὶ
3342 3327 3628 3396 παθήμασι
3656 3329 3748 3378 καὶ
3770 3327 3866 3396 τὴν
3896 3328 4022 3379 Μω-

2456 3423 2648 3490 σαῐκὴν
2674 3425 2764 3474 καὶ
2793 3421 3135 3489 προφητικὴν
3165 3421 3466 3490 μαρτυρίαν
3493 3421 3932 3488 συνεφήρμοσενο
3965 3421 4022 3470 ἐν

2453 3509 2534 3576 οἷς
2572 3516 2626 3566 δὲ
2655 3514 2741 3565 διά
2768 3512 2873 3564 τῶν
2911 3511 3264 3581 προφητικῶν
3297 3514 3387 3564 καὶ
3416 3512 3724 3564 Μωσαῖκῶν
3759 3511 4024 3578 ῥημάτων

2454 3606 2520 3657 τὰ.
2571 3605 2715 3672 πάθη
2760 3607 2854 3657 καὶ
2909 3605 3006 3673 τὴν
3051 3605 3207 3670 δόξαν
3245 3603 3409 3657 αὐτοῦ
3446 3605 3538 3655 καὶ
3586 3603 3682 3672 τὴν
3724 3603 4023 3654 ἀνάστασιν

2457 3696 2860 3758 ἀπεκάλυπτεν,
2889 3695 3130 3764 ἠρκέσθη
3153 3695 3385 3759 τούτοις,
3413 3694 3562 3746 οὐδὲν
3591 3694 3897 3760 ἐπιδεηθεὶς
3925 3693 4023 3758 τῆς

2455 3787 2562 3839 ἀπὸ
2587 3787 2693 3839 τῶν
2720 3788 2893 3840 ἄλλων
2923 3786 3283 3855 βεϐαιώσεως.
3316 3786 3580 3839 Τοσοῦτον
3609 3785 3726 3855 ᾔδει
3753 3783 3861 3835 τῶν
3891 3799 4025 3852 προ-

2457 3876 2700 3944 φητικῶν
2723 3877 2916 3943 λογίων
2945 3877 3039 3927 καὶ
3061 3875 3368 3928 Μωσαῖκῶν
3393 3875 3453 3927 τὸ
3477 3875 3574 3944 τῆς
3597 3872 3852 3942 ἀληθείας
3885 3872 4024 3939 κρά⁹

2455 3983 2546 4029 τος
2587 3969 2678 4018 καὶ
2724 3967 2824 4034 τῆς
2860 3965 3128 4034 ὠφελείας
3171 3966 3233 4019 τὺ
3277 3965 3537 4034 μέγεθος,
3589 3965 3684 4034 οὐχ
3731 3966 3813 4017 ὅτι
3852 3965 4026 4016 ταῦτα

2458 4059 2681 4112 ἐκείνων
2727 4062 2994 4128 προῆγεν,
3041 4058 3156 4112 ἀλλ’
3195 4059 3386 4126 ὅτιπερ
3432 4058 3523 4110 ἐπὶ
3559 4056 3813 4108 τοσοῦτον
3857 4056 4025 4125 ἐμεθ-

2456 4150 2607 4202 όδευε
2641 4151 2767 4212 τοὺς
2790 4152 2848 4202 ὲν
2880 4149 2957 4216 τῷ
2987 4151 3136 4218 νόμῳ
3179 4150 3459 4218 χρησμοὺς
3490 4148 3885 4200 συναπολαύειν
3929 4148 4027 4211 τῆς

2458 4241 2568 4292 τῶν
2613 4240 2989 4309 ἐκϐεϐηκότων
3035 4239 3459 4309 σεδασμιότητός
3497 4255 3555 4290 τε
3587 4241 3678 4290 καὶ
3713 4239 4025 4304 δυνάμεως·

2460 4334 2570 4391 τοῖς
2595 4331 2694 4399 μὲν
2723 4329 2831 4398 γὰρ
2863 4331 3019 4399 ἢρκει
3051 4331 3209 4400 χάρις
3234 4331 3266 4399 ἡ
3299 4329 3526 4393 οἴκοθεν,
3552 4331 3661 4391 τοῖς
3688 4329 3744 4380 δὲ
3773 4329 4029 4396 προσέδει

2460 4423 2662 4492 κόσμον
2693 4423 2913 4488 ἀνάγειν
2945 4423 3022 4482 είς
3050 4421 3147 4490 τὴν
3177 4421 3401 4473 ἐκείνων
3430 4421 3724 4487 εὐγένειαν.
3772 4421 3915 4472 Ἀλλ’
3941 4421 4030 4472 0'3-

2459 4515 2547 4567 δέν
2577 4516 2722 4566 ἐστιν
2741 4512 2852 4566 οἷον
2873 4514 3049 4566 αὐτῶν
3076 4514 3180 4565 τῶν
3208 4514 3548 4564 Δεσποτικῶν
3574 4514 3834 4581 ῥημάτων
3860 4513 4031 4562 ἀκού-

2460 4623 2560 4659 ειν’
2597 4607 2758 4673 Λέγει
2790 4608 2916 4676 γάρ’
2940 4601 3013 4658 Ὠ
3043 4607 3284 4673 ἀνόητοι
3316 4605 3410 4657 καὶ
3438 4605 3681 4672 βραδεῖς
3712 4605 3785 4670 τῇ
3818 4605 4031 4671 καρδίῃ

2459 4700 2566 4752 τοῦ
2593 4699 2898 4751 πιστεύειν
2917 4700 3012 4751 ἐπὶ
3039 4697 3244 4762 πᾶσιν,
3275 4695 3362 4762 οἷς
3385 4699 3700 4763 ἐλάλησαν
3722 4701 3771 4750 οὶ
3799 4697 4031 4765 προφῆ-

2461 4806 2576 4842 ται.
2619 4789 2878 4850 Ἀκούεις,
2908 4790 3022 4850 πῶς
3038 4790 3136 4857 τὴν
3165 4788 3476 4856 ἐπιτίμησιν
3498 4789 3582 4839 διά
3605 4788 3712 4840 τῶν
3736 4788 4033 4854 προφητῶν

2465 4881 2688 4946 ἐπάγεις
2715 4875 2863 4932 Εἶτα·
2884 4881 3030 4946 Οὐχί
3047 4879 3229 4932 ταῦτα
3253 4879 3369 4931 ἔδει
3393 4877 3602 4929 παθεῖν
3623 4878 3726 4929 τὸν
3751 4878 4029 4943 Χριστὸν,

2468 4971 2565 5021 καὶ
2593 4969 2890 5024 εἰσελθεῖν
2918 4971 3005 5032 είς
3039 4971 3151 5034 τὴν
3182 4969 3368 5028 δόξαν
3404 4968 3625 5028 αὐτοῦ;
3657 4968 3764 5035 Τὴν
3795 4968 3952 5029 δόξαν
3983 4968 4033 5018 οἱ

2467 5061 2742 5130 προφῆται
2771 5060 2861 5114 τοῦ
2892 5062 3138 5129 Σωτῆρος
3169 5060 3516 5128 κηρύττουσι·
3556 5060 3648 5109 καὶ
3679 5059 3741 5110 σὺ
3771 5059 3907 5125 πρὸς
3936 5058 4035 5126 τὴν

2465 5153 2700 5222 ἐσχάτην
2743 5154 2972 5216 αὐτοὺς,
3010 5154 3206 5222 μᾶλλον
3251 5153 3307 5205 δὲ
3351 5151 3657 5213 κάκείνων,
3706 5149 4037 5209 ἀπελαύνεις

2465 5245 2709 5312 ἀτιμίαν.
2748 5245 2855 5295 Καὶ
2901 5245 3204 5312 ἀρξάμενος
3241 5242 3348 5294 ἀπὸ
3392 5242 3632 5302 Μωσέως
3676 5241 3769 5290 καὶ
3818 5240 4038 5291 πάντων

2465 5334 2576 5387 τῶν
2613 5337 2938 5405 προφητῶν,
2975 5334 3325 5403 διερμήνευεν
3364 5333 3546 5394 αὐτοῖς
3578 5332 3635 5382 ὲν
3685 5330 3890 5391 πάσαις
3919 5333 4039 5392 ταῖς

2119 5448 2159 5478 ³³
2203 5447 2329 5501 ibid.
2381 5449 2467 5503 16.

1897 5602 2131 5657 VARI/1‘3
2163 5604 2543 5658 LECTIONES
2575 5603 2661 5659 ET
2695 5602 2922 5659 NOTIE.

885 5737 993 5802 (‘23)
1034 5737 1339 5812 ᾼᾳμπράν.
1369 5737 1459 5793 Sic
1493 5741 1610 5810 lego
1640 5753 1738 5808 pro
1768 5741 2039 5812 λαμπρὸν,
2075 5743 2216 5811 quod
2259 5751 2376 5798 erat
2414 5743 2466 5796 in
2499 5761 2549 5798 m

2370 5761 2376 5796 μ
2414 5743 2466 5796 in
2499 5761 2600 5798 ms.
2635 5744 2859 5799 Praestat
2891 5743 3057 5806 enim,
3091 5756 3278 5796 vocem
3344 5742 3482 5796 hanc
3513 5739 3711 5796 referre
3773 5739 3840 5794 ad
3883 5739 4042 5808 νίκην

807 5823 966 5870 quant
999 5809 1062 5861 ad
1093 5808 1336 5861 θάνατον.
