4234 6432
219 373 324 437 933

1238 372 1530 431 CONTRA
1566 372 2022 433 MANICH/EOS
2071 372 2296 432 LIBER
2333 373 2428 432 Ν.

3328 363 3431 428 234

222 486 461 553 Γραφαῑς
489 482 558 535 τὰ
591 484 718 553 περὶ
746 482 962 537 ἑαυτοῦ.
1005 484 1064 537 ὐ
1093 485 1386 555 Λυτρωτὴς
1417 489 1571 557 ἡμῶν
1598 491 1771 556 ὲρμη-
1802 498 1846 548 Α
1875 501 1894 539 ί

1759 515 1771 525 -
1802 498 1846 548 Α
1875 486 2128 539 omnibus
2154 484 2429 553 preplietis
2456 482 2629 546 initio,
2659 496 2724 535 ex
2752 479 3005 534 omnibus
3025 479 3318 546 Scripturis
3338 496 3398 532 ea
3417 521 3431 540 ,

218 577 411 636 νευτάς
441 575 550 626 τῶν
584 573 758 643 ἔργων
805 575 872 627 δι’
897 570 972 628 ῶν
1009 577 1154 645 ἡμᾶς
1182 578 1524 648 ἐλυτρώσατο
1553 581 1648 647 τῆς
1681 596 1775 629 τυ-

221 667 482 736 ραννίδος,
530 669 656 728 τοὺς
701 670 982 736 προφήτας
1028 670 1374 738 ἀνομολογεῐο
1425 673 1518 724 καὶ
1567 674 1630 723 σὺ
1681 672 1780 738 τῆς

218 758 530 825 τυραννίδος
576 758 846 827 ὑπηρέτας
893 760 952 809 ού
998 761 1238 829 φρίττεις
1281 765 1490 827 ποιεῖν;
1543 763 1609 814 Ἣ
1648 762 1777 827 σύγε

222 847 448 898 σεαυτὸν
480 848 538 898 ού
573 847 746 917 ταύτῃ
784 848 962 914 μόνον,
995 850 1107 900 ἀλλ’
1140 851 1256 917 ἆμα
1284 850 1376 901 καὶ
1397 852 1594 919 τρόπον
1624 850 1780 902 ἄλλον

218 937 487 1004 τοσαύτης
515 935 698 997 ἀνοίας
727 937 820 988 καὶ
848 939 1232 1007 παραπληξίας
1274 941 1572 1009 ἐνέπλησας
1592 983 1605 1006 ,
1640 941 1780 994 ὥστε

220 1026 349 1092 μηδ’
381 1025 633 1092 αἴσθησιν
664 1024 807 1092 ἔχειν
826 1066 840 1089 ,
882 1027 1004 1094 μηδ’
1035 1030 1092 1078 ἐν
1122 1022 1165 1093 ᾧ
1194 1029 1262 1080 τὰ
1293 1030 1657 1082 ἐναντιώτατα
1689 1031 1783 1081 καὶ

218 1116 432 1182 φρονῶν
462 1117 554 1167 καὶ
576 1116 748 1182 λέγων
768 1117 984 1187 ἁλίσκῃ.
1011 1118 1123 1169 Νεν
1155 1118 1251 1187 μὲν
1279 1121 1386 1190 γάρ
1408 1121 1496 1172 τὸν
1524 1120 1648 1173 νοῦν
1673 1121 1781 1189 (24)

216 1209 308 1256 τὸν
365 1207 569 1275 μέγαν,
618 1208 708 1260 τὸν
771 1211 1052 1278 Ἀσσύριον
1098 1213 1474 1283 αὐτοκράτορα
1510 1215 1642 1279 ('23),
1693 1215 1785 1265 καὶ

219 1297 409 1364 κύριον
457 1300 548 1351 τοῦ
584 1301 785 1362 παντὸς
844 1302 1128 1370 θεομαχῶν
1160 1303 1534 1372 προκαθίζεις·
1589 1307 1682 1356 νῦν
1728 1305 1783 1357 δὲ

221 1387 506 1450 λανθάνεις
533 1390 714 1453 αὑτὸν,
742 1390 860 1441 οὐδὲ
887 1391 1079 1443 ἑαυτοῦ
1111 1393 1592 1456 κατεξουσιάςοντα
1625 1395 1784 1447 ποθὲν

219 1478 342 1529 οὐδὲ
371 1479 478 1530 τῶν
502 1481 777 1548 λογισμῶν
805 1484 1097 1551 κυριεύειν,
1122 1485 1236 1536 ἀλλ’
1267 1485 1347 1544 είς
1383 1485 1544 1553 λῆρον
1577 1486 1784 1554 μακρὸν

221 1572 316 1621 καὶ
344 1573 766 1640 παραφροσύνην
793 1575 1198 1643 ἀνυπέρϐλητον
1219 1576 1543 1644 ἐκπέμπεις.
1575 1577 1645 1629 Τὸ
1678 1577 1784 1645 γὰρ

219 1663 350 1722 τοὺς
395 1663 557 1713 αὑτοῦ
603 1663 936 1732 Οεράποντας
965 1668 1050 1718 καὶ
1084 1667 1379 1734 λατρευτὰς
1411 1668 1696 1736 (εὐμενεῖς
1728 1668 1784 1718 δὲ

221 1754 355 1819 ἡμῖν
381 1753 570 1821 εἴησαν
598 1757 642 1806 οἱ
673 1758 972 1824 προφῆται,
995 1757 1134 1824 ὑπὲρ
1154 1757 1332 1808 αὐτῶν
1352 1759 1458 1827 γὰρ
1485 1761 1518 1828 ἡ
1549 1759 1667 1810 κατ’
1691 1759 1786 1810 αὐ-

1876 591 1994 644 qna:
2024 577 2089 629 ad
2124 591 2182 628 se
2214 576 2539 644 pertineant,
2565 573 2832 642 exposuit.
2865 573 2937 625 Ita
2967 571 3220 625 Servator
3252 581 3438 624 noster

1879 667 2172 735 prophetas
2219 667 2500 734 proﬁtetur
2555 681 2674 717 esse
2717 665 3044 733 interpretes
3075 678 3298 731 operum
3345 678 3439 731 per

1879 773 1997 826 qure
2033 773 2133 810 nos
2186 774 2214 810 a
2260 756 2540 825 tyrannide
2576 756 2820 811 liberavit
2866 774 2877 807 :
2927 765 2982 808 tu
3030 770 3159 808 vero
3200 770 3292 807 eos
3330 771 3439 808 non

1879 851 2084 902 vereris
2115 849 2289 903 facere
2332 850 2609 902 ministros
2645 849 2959 917 tyrannidis.
2999 849 3106 900 Aut
3141 862 3268 899 num
3300 845 3440 899 forte

1881 949 1935 993 tu
1970 942 2311 1009 temetipsum
2349 957 2454 992 non
2491 941 2592 993 lioc
2635 941 2806 992 solum
2835 981 2848 1001 ,
2889 939 2984 991 sed
3027 951 3082 991 et
3129 939 3231 991 alio
3283 940 3440 990 modo

1883 1038 2026 1082 tanta
2058 1030 2292 1082 amentia
2333 1039 2388 1082 et
2415 1039 2635 1098 stupore
2669 1029 2995 1096 implevisti,
3030 1037 3080 1080 ut
3121 1045 3186 1082 ne
3221 1032 3438 1096 quidem

1882 1121 2103 1183 sentias,
2153 1120 2294 1187 quod
2339 1121 2606 1173 c0ntraria
2647 1129 2700 1172 et
2732 1121 2933 1172 sentias
2977 1130 3029 1172 et
3074 1121 3241 1172 dicas.
3286 1121 3441 1173 Nune

1882 1211 2023 1263 enim
2049 1211 2286 1262 animum
2308 1211 2457 1262 illum
2481 1212 2772 1272 excelsum,
2794 1212 3068 1279 Assyrium
3092 1214 3438 1266 monarcliam

1883 1307 1938 1352 et
1962 1300 2240 1352 dominum
2281 1300 2549 1362 universi,
2599 1310 2785 1353 contra
2823 1301 2988 1353 Deum
3034 1317 3298 1370 pugnans,
3334 1319 3440 1370 pra:

1883 1392 2000 1445 aliis
2031 1393 2218 1446 ereliis
2257 1410 2271 1448 :
2317 1410 2463 1446 nunc
2490 1410 2613 1446 vero
2648 1396 2728 1445 vel
2779 1395 2980 1447 inscius
3020 1411 3126 1447 non
3176 1397 3443 1463 permittis

1884 1481 1985 1550 ipsi
2051 1493 2368 1549 potestatein
2433 1484 2532 1535 sibi
2592 1485 2690 1551 ipsi
2757 1485 3068 1537 dominandi
3131 1496 3182 1537 et
3235 1487 3444 1537 ratione

1885 1573 2089 1631 utendi.
2138 1573 2229 1626 sed
2271 1590 2441 1642 nugas
2475 1590 2630 1643 agere
2669 1586 2720 1629 et
2768 1576 3156 1630 incredibiliter
3198 1579 3444 1646 desipere

1881 1664 2058 1731 jubes.
2084 1664 2306 1726 Quantae
2331 1666 2495 1727 enim,
2523 1682 2723 1733 qiueso,
2749 1668 3032 1720 dementia:
3062 1677 3226 1729 esset,
3259 1686 3444 1721 servos

1888 1767 2015 1803 suos
2046 1763 2099 1804 et
2128 1754 2360 1804 cultores
2401 1769 2416 1820 ι
2443 1753 2752 1822 indulgeant
2785 1757 2941 1809 nobis
2978 1758 3092 1810 haec
3136 1762 3442 1826 propheta,

220 1845 330 1895 τῶν
363 1847 472 1914 (26)
508 1850 901 1916 μνημονεύεται
929 1849 1130 1919 ὕϐρις),
1171 1850 1231 1901 τὸ
1260 1850 1387 1916 γοῦν
1415 1852 1634 1912 τούτους
1657 1851 1778 1902 ἐπι·
1813 1826 1859 1883 Β
1887 1866 1892 1890 ι

1773 1881 1778 1890 .
1813 1826 1859 1883 Β
1887 1844 2102 1908 quando
2146 1843 2195 1893 iii
2229 1843 2464 1909 ipsorum
2494 1848 2833 1899 commodum
2866 1857 2918 1899 et
2947 1848 3315 1901 defensionem
3363 1851 3445 1901 iii-

222 1940 378 1988 πνεῖν
408 1955 465 1988 τε
497 1941 588 1989 καὶ
621 1943 965 2008 χειροτονεῖν,
991 1940 1128 1992 ὥστε
1159 1941 1255 2008 τῆς
1278 1941 1583 2010 τυραννίδος
1617 1941 1780 1993 αὑτοῦ

218 2028 320 2094 τὴν
371 2030 662 2082 κατάλυσιν
715 2031 1060 2083 ὑποτίθεσθαι
1103 2034 1198 2083 καὶ
1245 2033 1779 2100 προανακηρύττειν,

221 2119 358 2169 ἀλλὰ
389 2121 480 2170 καὶ
511 2121 598 2172 τὸν
629 2122 824 2189 τρόπον
856 2123 954 2190 τῆς
981 2123 1327 2184 καταλύσεως
1356 2122 1496 2174 οὕτω
1520 2123 1784 2190 λεπτομε-

223 2210 328 2278 pii;
362 2227 420 2262 τε
453 2213 545 2264 καὶ
575 2213 887 2282 περιφανῶς
923 2214 1310 2277 ἀποσαλπίζειν
1374 2215 1470 2267 καὶ
1508 2217 1608 2268 οὐκ
1645 2217 1783 2267 ἀπο-

221 2302 504 2361 σαλπίζειν
555 2303 745 2371 μόνον,
807 2297 882 2356 ὧν
931 2304 1078 2356 οὐδὲν
1112 2305 1222 2356 οὐδ’
1268 2306 1296 2356 ὁ
1361 2305 1560 2374 λῃστὴς
1625 2306 1785 2367 αὐτὸς

221 2393 453 2459 ἐγνώκει
473 2433 487 2453 ,
516 2394 652 2446 ἀλλὰ
683 2397 779 2447 καὶ
814 2398 950 2463 μετὰ
976 2397 1156 2464 πάσης
1182 2395 1417 2464 σπουδῆς
1443 2396 1785 2464 μηχανᾶσοαί

219 2501 275 2534 τε
325 2484 420 2535 καὶ
475 2485 933 2548 κατασκευάζειν·
989 2487 1160 2556 πόσης
1214 2487 1312 2539 οὐκ
1362 2487 1427 2539 ἂν
1477 2486 1561 2556 εἴη
1618 2487 1787 2539 ταῦτα

221 2577 558 2644 παρανοίας;
600 2576 754 2638 Τίνος
793 2577 847 2628 δὲ
898 2578 1152 2642 διανοίας,
1214 2581 1312 2648 τὴν
1344 2579 1580 2648 ἔμφυτον
1636 2579 1787 2647 κίνη-

225 2681 331 2726 σιν,
379 2665 482 2716 κᾶν
529 2665 657 2732 γοῦν
697 2666 783 2719 ἐπ’
830 2669 1075 2736 ἐσχάτοις
1120 2670 1340 2738 ἴχνεσιν,
1387 2669 1784 2737 διασωξούσης;

225 2756 443 2807 Μᾶλλον
485 2756 576 2821 δὲ,
629 2759 675 2808 εἰ
736 2757 953 2826 βούλει,
992 2754 1072 2820 οἷς
1127 2762 1224 2828 μὲν
1280 2762 1438 2814 αύτ“ν
1506 2761 1575 2812 τά
1617 2761 1786 2829 ἀπόρ-

227 2850 366 2915 ρητα
411 2850 504 2900 καὶ
533 2850 784 2918 ὑπερφυῆ
834 2852 1136 2920 προειδέναι
1183 2852 1393 2919 λέγεις,
1435 2853 1530 2905 καὶ
1577 2853 1612 2905 ἃ
1645 2853 1788 2921 μόνῳ

224 2932 292 3004 ἦν
339 2937 418 3005 τῷ
495 2937 730 3007 ἀληθινῷ
805 2940 923 3008 θεῷ
1006 2943 1323 3009 ὲγνωσμέια
1373 2960 1432 2994 τε
1495 2944 1590 2995 καὶ
1655 2960 1790 3012 προ-

223 3027 531 3095 ωρισμένα,
552 3028 651 3094 φεύ
669 3031 765 3097 τῆς
792 3031 1016 3092 ἀτοπίας
1039 3032 1052 3083 ι
1076 3032 1265 3099 σοφίαν
1283 3032 1427 3100 αύτῷ
1447 3032 1536 3083 τὸν
1554 3034 1788 3102 ἀνυπέρ-

226 3117 422 3183 ϐλητον
453 3121 542 3169 καὶ
575 3119 786 3171 σύνεσιν
813 3120 1014 3187 ἄφατον
1039 3122 1240 3193 χαρίζῃ
1258 3137 1271 3149 ο
1305 3117 1384 3184 οἷς
1411 3122 1465 3173 δὲ
1491 3123 1587 3191 τὴν
1623 3122 1784 3174 αὐτοῦ

227 3210 529 3260 κατάλυσιν
557 3211 983 3280 συνεργάζεσθαι
1011 3214 1104 3266 καὶ
1131 3211 1486 3281 θριαμϐεύειν
1513 3214 1663 3265 οὐδὲν
1684 3215 1792 3266 τῶν

228 3320 303 3352 πα
314 3304 650 3370 ραπαιόντων
675 3305 769 3354 καὶ
791 3304 1177 3374 ἐξεστηκότων,
1195 3305 1253 3356 ὃν
1278 3307 1389 3367 τοῖς
1414 3305 1647 3374 χείλεσιν
1672 3306 1792 3360 ἔθου

229 3393 380 3452 Θεὸν,
419 3393 538 3445 κατ’
559 3394 709 3445 οὐδὲν
741 3396 833 3463 ὲᾷς
869 3395 1284 3465 παραλλάττειν.

304 3481 429 3532 KE'.
491 3481 736 3532 Τοιοῦτοι
786 3483 893 3534 τῶν
954 3483 1061 3535 σῶν
1119 3485 1402 3554 δογμάτων
1462 3489 1511 3539 oi
1569 3491 1790 3558 καρποὶ,

229 3572 455 3622 τοιαῦτα
503 3571 610 3622 τῶν
645 3572 783 3640 ὑπὲρ
824 3573 923 3640 τῆς
957 3576 1219 3642 πονηρίας
1266 3579 1691 3647 σπουδασμάτων
1726 3582 1795 3634 τὰ

227 3663 515 3729 ἐπίχειρα,
558 3662 754 3729 μᾶλλον
801 3663 856 3714 δὲ
903 3664 1040 3732 πρὸς
1079 3665 1168 3716 τὸν
1219 3667 1442 3720 αὐτόθεν
1487 3669 1646 3735 ὄγκον
1695 3670 1793 3738 τῆς

233 3750 330 3817 σῆς
363 3750 712 3818 βλασφημίας
741 3753 957 3821 καὶτῆς
990 3756 1242 3823 ἀπαρχῆς
1272 3757 1377 3808 τῶν
1404 3759 1510 3810 σῶν
1544 3760 1794 3822 ζιζανίων

234 3841 462 3907 σπορᾶς.
503 3841 608 3891 Καὶ
655 3842 823 3893 ταῦτα
861 3844 1051 3911 μικρά.
1098 3846 1299 3898 Ἐκεῖνο
1340 3847 1395 3898 δὲ
1427 3848 1533 3899 τῶν
1573 3850 1794 3900 Σαδδου-

233 3932 401 3983 καίων
443 3934 491 3982 οί
542 3934 980 4003 ἀναισθητότεροι
1021 3936 1125 4002 (οὐ
1179 3939 1287 4006 γὰρ
1319 3938 1381 3990 ἂν
1423 3939 1619 4008 φαίην,
1670 3941 1794 3991 ἀσε-

230 4023 501 4090 ϐέστερον
538 4025 734 4092 μείζων
762 4027 868 4096 γὰρ
900 4028 1080 4079 αὐτῶν
1111 4030 1257 4081 ἐστιν
1287 4032 1667 4098 ήάποστασία,
1695 4033 1793 4101 τῆς

237 4115 371 4182 πρὸς
405 4116 472 4166 τὰ
505 4117 670 4184 χείρω
701 4118 1105 4188 συγκρίσεως),
1141 4119 1256 4171 ἀλλ’
1276 4118 1368 4173 οὖν
1395 4123 1568 4173 ἐκεῖνο
1598 4123 1710 4184 πῶς
1735 4124 1794 4173 οὑ

233 4205 628 4267 δυσωποῦνται,
660 4209 710 4258 oi
748 4209 883 4278 πρὸς
915 4212 1096 4262 πᾶσαν
1124 4210 1274 4263 Θείαν
1317 4215 1409 4264 καὶ
1444 4214 1673 4283 ἀπειλὴν
1704 4215 1796 4264 καὶ

233 4296 408 4364 ὀργὴν
443 4298 534 4348 καὶ
575 4297 732 4366 χάριν
778 4301 871 4351 καὶ⁹
911 4301 1226 4368 εὐεργεσίας
1255 4303 1551 4356 ἀπόλαυσιν
1594 4304 1798 4354 ἀδυσώ-

236 4404 419 4455 πητοι,
452 4387 479 4437 ὃ
506 4391 614 4450 τοῖς
642 4391 952 4457 νενοσηκόσι
979 4393 1350 4455 Σαδδουκαίοις
1380 4393 1587 4462 νεκρῶν
1619 4393 1692 4463 μὴ
1721 4389 1798 4446 εἴ-

232 4497 320 4531 ναι
350 4480 648 4532 ἀνάστασιν
669 4522 682 4540 ,
713 4482 990 4549 πειράζειν
1019 4485 1398 4553 ἐπιχειρήσασι
1441 4487 1529 4536 τὸν
1559 4487 1790 4551 ἁπείρα-
1818 4509 1870 4566 D

237 4587 381 4632 στον,
416 4571 575 4632 αὐτὸς
602 4572 984 4638 ἀνεφθέγξατο.
1012 4574 1148 4641 Περὶ
1176 4574 1243 4625 δὲ
1273 4575 1382 4641 τῆς
1410 4576 1796 4641 ἀναστάσεως

235 4659 356 4712 τῶν
395 4659 623 4726 νεκρῶν
659 4665 768 4714 οὐκ
811 4665 1102 4732 ἀνέγνωτε
1147 4666 1211 4717 τὸ
1252 4666 1439 4731 ῥηθὲν
1493 4666 1632 4733 ὑμῖν
1681 4667 1798 4720 ὑπὸ

235 4753 343 4805 τοῦ
369 4754 589 4818 Κυρίου
613 4755 914 4822 λέγοντος·
956 4755 1092 4824 Ἐγώ
1113 4758 1228 4825 είμι
1260 4759 1290 4808 ό
1322 4757 1463 4822 Θεὸς
1509 4757 1760 4826 Ἀϐραὰμ
1779 4799 1793 4820 ,

236 4845 334 4896 καί
369 4845 403 4896 ὁ
435 4844 570 4908 Θεὸς
613 4845 828 4910 Ἰσαὰκ,
859 4846 956 4898 καὶ
1000 4850 1032 4898 ό
1066 4848 1208 4912 Θεὸς
1245 4848 1466 4901 Ἰακώϐ·
1494 4851 1603 4900 οὐκ
1629 4849 1799 4900 ἐστιν

1817 3173 1859 3232 C

1885 1933 2080 2001 juriam
2113 1935 2164 1986 in
2196 1936 2342 2003 ipsos
2371 1936 2597 1988 eﬂ'usain
2632 1952 2994 1991 memoramus
3019 1937 3036 2007 )
3061 1939 3242 1991 alllare
3271 1948 3323 1990 et
3350 1955 3447 2007 pa-

1890 2040 2029 2086 rare,
2056 2034 2114 2076 ut
2145 2028 2438 2094 tyrannidis
2471 2043 2579 2080 suae
2606 2028 3030 2081 destructionem
3066 2037 3368 2097 proponant
3395 2039 3449 2082 et

1889 2116 2291 2182 praenuntient,
2355 2117 2464 2169 imo
2519 2127 2575 2169 et
2633 2117 2850 2169 modum
2903 2118 3289 2171 destructionis
3340 2129 3446 2172 tam

1890 2206 2036 2259 clare
2083 2215 2137 2258 ct
2185 2217 2438 2260 accurate
2491 2208 2836 2271 ebuccinent,
2890 2225 3066 2276 neque
3122 2212 3450 2264 ebueeinent

1891 2295 2054 2346 modo
2083 2309 2168 2356 ea,
2204 2310 2430 2363 quorum
2473 2296 2587 2364 ipse
2627 2299 2762 2350 latro
2807 2298 3025 2368 ignarus
3063 2310 3212 2359 erat,
3258 2301 3352 2354 sed
3395 2308 3450 2353 et

1891 2387 2038 2439 o'mni
2091 2387 2268 2441 studio
2322 2399 2676 2456 promoveant
2735 2397 2790 2442 ct
2845 2391 3177 2458 proveliant?
3221 2391 3450 2455 Quanta:

1893 2478 2029 2542 lnec,
2065 2478 2303 2546 inquat-i,
2340 2489 2522 2532 essent
2552 2479 2859 2542 demi-illiw,
2895 2496 3016 2534 cum
3052 2481 3285 2537 vieissiin
3323 2498 3451 2551 pru-

1891 2570 2089 2623 dentia:
2117 2570 2223 2633 sit,
2256 2571 2556 2623 naturalem
2587 2571 2846 2638 impetum
2868 2613 2881 2634 ,
2913 2574 3074 2624 etiam
3104 2572 3156 2623 in
3196 2574 3450 2625 extremis

1891 2661 2146 2730 gradibus
2191 2662 2602 2723 consistentem,
2652 2677 2996 2714 conservare.
3033 2660 3128 2714 Vel
3169 2663 3212 2714 si
3254 2663 3356 2714 alia
3397 2664 3449 2715 id

1894 2753 2102 2806 ratione
2128 2768 2449 2821 cognoscere
2477 2754 2667 2816 mavis,
2694 2754 2764 2814 ei,
2788 2769 2946 2821 quem
2977 2754 3252 2807 recondita
3283 2763 3335 2807 et
3358 2769 3453 2806 su-

1894 2846 2253 2912 pernaturalia
2281 2846 2531 2914 prmscire
2561 2846 2718 2908 dicis,
2751 2854 2912 2913 atque
2934 2861 3018 2908 ea,
3049 2863 3169 2914 qua:
3196 2846 3291 2899 soli
3323 2862 3452 2899 vero

1893 2935 2004 2987 Deo
2041 2937 2253 3004 cognita
2283 2951 2345 2989 ac
2376 2936 2708 3003 praedeiinita
2737 2945 2912 2998 erant,
2956 2938 3219 2989 inliiiitain
3251 2946 3305 2990 et
3333 2938 3452 2990 ine-

1896 3028 2218 3080 narrabileiu
2259 3029 2600 3094 sapientiam,
2630 3029 2732 3081 vali
2758 3029 3209 3096 imprudentiam!
3237 3029 3450 3090 tribuis,

1896 3135 2054 3188 quem
2084 3121 2259 3188 ipsum
2285 3128 2486 3183 tamen,
2517 3121 2642 3172 dum
2672 3137 2793 3174 eum
2821 3137 2970 3174 suam
3006 3121 3297 3188 perniciem
3328 3135 3452 3188 pro—

1894 3211 2126 3264 movisse
2152 3211 2251 3273 ais,
2281 3211 2413 3263 nihil
2443 3226 2629 3262 eoriim
2660 3227 2781 3279 qua:
2804 3212 2979 3264 insani
3002 3222 3054 3264 et
3077 3211 3230 3264 deliri
3273 3212 3452 3265 susci-

1892 3319 2021 3372 pere
2053 3305 2284 3373 possint,
2325 3306 2574 3372 quamvis
2609 3307 2776 3358 Deum
2809 3306 2964 3358 labiis
2994 3305 3162 3357 facias
3187 3344 3199 3366 ,
3232 3315 3454 3373 przeter—

1893 3396 2107 3449 mittere
2138 3398 2354 3464 pateris.

1965 3486 2129 3539 XXV.
2167 3489 2338 3554 Atpie
2369 3489 2454 3542 isti
2490 3489 2941 3555 suntdogmatnm
2977 3497 3189 3539 tuorum
3224 3486 3451 3550 fruetus,

1896 3577 2010 3631 haec
2058 3589 2183 3631 sunt
2235 3581 2399 3630 studii
2454 3581 2504 3631 in
2565 3581 2820 3631 malitiam
2862 3579 3104 3645 probati;
3147 3579 3228 3628 vel
3277 3577 3456 3644 potius

1897 3669 2240 3736 blasphemia:
2288 3679 2392 3722 tua:
2439 3670 2905 3738 priniitiariiinque
2939 3668 3299 3729 zizaniorum,
3338 3683 3456 3734 qua!

1897 3759 1948 3810 in
1981 3770 2031 3811 te
2063 3775 2247 3826 sparsa
2282 3770 2426 3821 sunt,
2479 3759 2712 3827 priBII‘lﬂ.
2747 3758 2848 3809 Sed
2894 3758 2983 3810 illa
3013 3758 3227 3825 quidem
3265 3757 3455 3825 exigua

1897 3859 2042 3901 sunt.
2073 3848 2328 3917 Nunquid
2357 3865 2480 3901 vero
2514 3849 2758 3901 homines
2791 3848 3100 3900 Sadducaiis
3132 3848 3457 3914 stupidiores

1899 3940 2114 4006 (neque
2162 3940 2306 3991 enim
2350 3940 2593 4003 dixerim,
2645 3940 2813 4007 magis
2853 3939 3078 4006 impios,
3109 3940 3279 4004 major
3310 3938 3455 3989 enini

1897 4039 1979 4083 est
2002 4045 2185 4082 eorum
2217 4030 2468 4089 defectio,
2496 4045 2656 4097 quam
2688 4040 2744 4082 ut
2771 4031 3041 4097 pejor-ibus
3071 4027 3305 4080 conferri
3336 4043 3460 4095 pos-

1899 4121 1968 4172 sit
1996 4120 2034 4186 ),
2078 4121 2342 4187 nunquid,
2381 4121 2594 4187 iiiquain
2622 4160 2635 4182 ,
2666 4120 2869 4187 pudore
2911 4134 3018 4171 non
3066 4119 3459 4171 sull'unduntur

1900 4212 2164 4274 homines,
2196 4212 2283 4278 qui
2324 4226 2422 4263 nec
2456 4212 2708 4264 omnibus
2743 4211 2831 4263 Dei
2865 4211 3047 4271 minis,
3083 4226 3184 4263 nee
3215 4211 3315 4270 ira,
3357 4223 3458 4260 nec

1898 4302 2086 4370 gratia,
2124 4316 2224 4352 nec
2260 4300 2633 4352 beneﬁcentia:
2676 4300 2793 4367 ejus
2829 4299 3005 4353 fructu
3051 4307 3354 4362 moventur,
3394 4312 3459 4349 eo

1901 4391 2201 4444 Servatoris
2219 4391 2488 4444 dictonon
2517 4391 2749 4458 perculsi
2773 4406 2899 4457 quo,
2919 4389 2970 4440 in
2998 4389 3344 4451 Sadduczeos,
3370 4403 3457 4440 re-

1900 4483 2288 4535 surrectionem
2318 4493 2653 4534 mortuorum
2679 4495 2895 4547 negare.
2914 4490 2968 4532 et
2989 4495 3135 4541 cum,
3154 4480 3242 4547 qui
3261 4479 3455 4531 tentari

1902 4592 2009 4628 non
2043 4585 2238 4644 potest.
2270 4585 2474 4628 tentare
2511 4576 2862 4635 sustinentes,
2900 4590 3030 4627 usus
3061 4585 3162 4626 est.
3196 4573 3267 4624 De
3293 4588 3461 4623 resur-

1903 4669 2128 4720 rectione
2155 4683 2271 4718 vero
2294 4677 2615 4717 mortuorum
2643 4683 2809 4717 nonne
2828 4665 3042 4734 legistis,
3067 4665 3202 4732 quod
3223 4663 3360 4714 vobis
3377 4662 3460 4712 di-

1903 4770 2041 4810 ctum
2065 4767 2136 4810 est
2158 4776 2186 4809 τι
2212 4758 2432 4809 Domino
2449 4758 2687 4809 dicente:
2712 4757 2820 4825 Ego
2839 4772 2953 4808 sum
2979 4756 3112 4806 Deus
3133 4753 3417 4805 Abrahami
3441 4792 3454 4810 ,

1903 4857 1950 4901 ct
1987 4849 2116 4900 Deus
2138 4845 2332 4908 Isaaci,
2364 4855 2408 4898 el
2442 4846 2577 4899 Deus
2601 4847 2813 4899 Jacobi:
2843 4864 2944 4898 non
2974 4847 3133 4915 igitur
3158 4846 3292 4898 Deus
3316 4861 3458 4895 mor-

1319 5001 1552 5056 VARUE
1595 5002 1968 5059 LECTIONES
2004 5004 2087 5055 ΕΤ
2122 5003 2346 5057 [ΝΟΤᾸΞ.

312 5137 424 5206 (24)
479 5134 589 5187 Τὸν
634 5135 800 5187 νοῦν.
844 5135 985 5206 Νοῦν
1033 5138 1201 5205 μέγαν
1240 5138 1471 5206 appellat
1512 5137 1792 5202 Satanam,

235 5208 351 5275 qui.
393 5203 530 5258 fastu
564 5206 768 5262 elatus,
801 5205 876 5276 nil
910 5205 1006 5258 nisi
1035 5203 1251 5260 excelsa
1277 5203 1570 5276 cogitabat.
1606 5211 1794 5275 Aiigeli

236 5279 478 5342 alioquin
517 5276 632 5330 νὸες
663 5275 998 5341 appellantur
1035 5286 1141 5327 tuin
1178 5278 1244 5329 ab
1288 5275 1564 5336 aliis,-lum
1610 5295 1636 5329 a
1672 5279 1795 5330 Dio-

238 5349 398 5416 nysio
418 5347 754 5413 Areiipagita,
778 5345 870 5397 lib.
898 5359 933 5395 ι.
955 5344 1030 5396 De
1051 5346 1237 5398 cwlcsti
1263 5348 1574 5410 liierarcliia,
1597 5365 1714 5416 cap.
1744 5349 1794 5411 1,

313 5483 566 5556 (ἐὸλῖὸν
599 5485 916 5556 Ἀσσύριον
935 5485 1354 5556 αὐτοκράτορα.
1379 5485 1578 5540 Alliidit
1607 5487 1790 5556 procul

239 5557 411 5609 dubio
439 5554 635 5607 Noster
653 5555 716 5605 ad
749 5554 851 5607 lsa.
882 5570 989 5616 xw,
1021 5553 1106 5615 12,
1127 5555 1212 5607 tibi
1246 5557 1540 5608 secundum
1573 5553 1789 5610 sensum

240 5626 530 5679 litteralem
561 5638 739 5694 sermo
770 5633 850 5676 est
882 5625 946 5677 de
975 5639 1095 5692 rege
1129 5625 1446 5693 Babyltllllu',
1478 5643 1635 5694 quem
1666 5643 1793 5678 vero

242 5696 464 5748 Palmm
497 5693 746 5764 ρθιέιτιιιιιί
777 5695 996 5764 mystice
1023 5695 1426 5747 accommodant
1452 5693 1507 5747 et
1532 5698 1796 5764 interpre-

243 5775 428 5818 tantur
455 5764 524 5816 de
557 5761 788 5825 diabolo,
820 5763 1101 5816 insolentia
1127 5764 1295 5818 fastus
1323 5764 1388 5819 dc
1415 5761 1797 5837 dignitate-sua

486 5859 752 5917 Ρλτιιοι..
795 5856 907 5914 Gn.
940 5855 1096 5917 CIL.

1904 5139 2207 5192 deturliato.
2245 5138 2318 5190 lla
2352 5139 2491 5190 inter
2517 5147 2762 5198 ezi-teros,
2793 5136 2947 5189 Titus
2979 5134 3280 5186 Bostrensis
3325 5134 3416 5185 lib.
3443 5153 3457 5187 i

1906 5210 2159 5260 Adrersus
2209 5207 2538 5261 illaiiic/iwos.
2598 5209 2831 5259 Aliorum
2881 5209 3093 5257 l'atriiin
3141 5204 3252 5254 lora
3297 5205 3460 5255 1ιιιΙιρδ

1905 5280 2045 5345 apud
2089 5279 2297 5344 liionys.
2329 5279 2604 5330 Petaviuin
2628 5317 2639 5332 .
2675 5278 2725 5328 in
2776 5276 3110 5342 llogiiinti'bus
3145 5274 3458 5345 theologicis,

1909 5343 2038 5400 toni.
2065 5348 2151 5406 lll,
2178 5343 2268 5400 lib.
2299 5365 2335 5409 ι,
2371 5365 2419 5400 c.
2448 5349 2542 5409 94;
2586 5357 2640 5399 et
2672 5345 2872 5399 Julium
2923 5343 3339 5404 Ilartoloceium,
3375 5344 3457 5395 t.l

1907 5416 2232 5471 Bibliotheca:
2265 5434 2466 5484 magna:
2497 5418 2721 5482 i'abbiii.,
2752 5432 2803 5483 p.
2832 5415 2934 5467 287
2967 5431 3138 5479 seqq.,
3165 5412 3253 5477 qui
3286 5423 3338 5484 et
3367 5413 3461 5466 Ju-

1908 5488 2143 5539 da-oruin
2204 5489 2252 5539 in
2310 5483 2551 5540 eamdem
2609 5486 2931 5540 sententiain
2990 5483 3461 5548 interpretationes

1899 5557 2166 5623 producit.

1975 5627 2085 5690 (26)
2116 5625 2249 5678 Κατ’
2279 5625 2496 5678 αὐτῶν.
2525 5626 2596 5679 lta
2630 5624 2819 5692 scripsi
2850 5639 2947 5691 pro
2971 5626 3088 5676 κατ’
3111 5625 3291 5687 αὐτόν,
3317 5636 3460 5692 quoa

1903 5704 2021 5748 erat
2055 5698 2107 5748 in
2141 5711 2240 5747 nis.
2268 5694 2457 5747 Sermo
2487 5696 2691 5749 scilicet
2727 5695 2814 5745 liic
2847 5703 2930 5745 est
2961 5693 3025 5746 de
3059 5695 3372 5762 prophetis,
3410 5695 3459 5745 in

1906 5780 2042 5833 quos
2072 5764 2352 5819 calumniis
2385 5766 2496 5819 suis
2529 5764 2711 5836 injurii
2741 5774 2894 5817 erant
2919 5762 3233 5817 Pauliciaiii.

3024 5860 3064 5914 8
