4234 6432
795 389 900 448 23S

1936 385 2195 446 PlIOTlI
2239 388 2740 449 PATRlAllCll/E
2777 389 2883 448 CP.

3931 386 4037 451 236

799 515 1006 553 tuorum
1034 497 1192 560 Deus,
1218 499 1304 550 sed
1327 499 1604 551 viventium
1632 499 1697 550 ".
1739 497 1876 562 Quid
1897 500 2042 552 enim
2072 501 2355 568 quisquam
2385 509 2433 562 Λ
2457 521 2471 552 ‹

2385 509 2433 562 Λ
2457 497 2568 554 οὖν
2597 505 2629 554 ὀ
2663 501 2814 565 Θεὸς·
2840 497 3067 565 νεκρῶν
3099 497 3276 562 Θεὸς,
3311 498 3472 550 ἀλλὰ
3511 495 3758 556 ζώντων.
3809 498 3875 550 Τί
3919 499 4030 570 γὰρ

799 593 899 644 hoc
943 588 1160 643 oraculo
1200 588 1468 641 invenerit
1499 588 1801 652 emeacius,
1837 600 1930 644 aut
1974 591 2040 643 ad
2073 592 2352 645 audaciam

796 683 1035 736 hostium
1073 681 1164 733 Dci
1207 680 1589 734 destruendam
1617 682 1831 750 aptius?
1868 681 2010 736 Deus
2035 682 2352 747 Abrahami,

799 775 962 828 lsaaci
986 785 1039 828 et
1068 773 1270 836 Jacobi,
1302 773 1597 825 viventium
1623 772 1762 825 Deus
1785 781 1884 826 est.
1918 771 1983 824 Et
2010 775 2354 828 manifestum

796 884 925 921 sane
952 879 1064 929 est,
1097 866 1237 934 quod
1279 880 1508 932 quorum
1548 874 1630 918 est
1674 863 1812 917 Deus
1836 904 1850 927 ,
1889 865 1961 918 illi
1994 875 2048 918 et
2085 880 2231 918 nunc
2255 904 2270 927 ,
2303 876 2355 919 et

797 968 914 1027 post
939 956 1387 1009 resurrectionem
1421 955 1472 1006 in
1505 954 1620 1022 ipso
1649 954 1848 1007 vivant.
1885 956 2353 1009 llesurrectionem

797 1067 924 1104 vero
953 1059 1208 1117 operatur
1255 1046 1414 1109 Deus,
1447 1045 1688 1113 adeoque
1725 1061 1862 1113 quos
1899 1062 2179 1115 resurgere
2227 1046 2355 1101 facit

797 1142 960 1194 Filius
989 1141 1006 1209 ί
1034 1140 1315 1192 resuscitat
1339 1153 1464 1190 vero
1493 1138 1737 1190 homines
1773 1153 1983 1201 omnes,
2020 1140 2214 1207 quibus
2239 1154 2354 1192 onl—

797 1237 924 1286 nino
975 1232 1319 1286 continentur
1351 1237 1402 1280 et
1452 1229 1685 1297 majores
1735 1231 2165 1297 patriarcharum
2194 1233 2209 1300 )
2238 1270 2251 1293 ,
2287 1231 2354 1284 iis

793 1322 1014 1373 omnino
1043 1320 1349 1372 dominatur
1393 1329 1447 1370 et
1476 1333 1619 1370 nunc
1657 1328 1712 1370 et
1742 1327 1862 1386 post
1899 1321 2352 1372 resurrectionem

797 1421 958 1478 tleus,
1000 1413 1216 1481 quando
1253 1411 1408 1464 (ictus
1446 1410 1530 1462 ille
1563 1411 1807 1478 corporis
1843 1411 1918 1463 tui
1949 1411 2196 1463 conditor
2235 1411 2354 1479 igne

793 1517 846 1558 et
877 1505 1044 1558 vermi
1075 1515 1278 1557 aeterno
1310 1502 1538 1554 traditus
1567 1502 1689 1562 erit,
1721 1517 1829 1554 non
1859 1503 2033 1554 solum
2081 1502 2216 1570 ipse,
2257 1503 2353 1555 sed

792 1607 846 1649 et
873 1597 944 1648 illi
975 1596 1172 1662 quibus
1223 1593 1418 1660 volupe
1469 1591 1571 1644 fuit
1617 1591 1842 1644 obedire
1883 1601 1938 1644 et
1975 1591 2352 1659 obtemperare

795 1687 1056 1740 voluntati
1110 1686 1246 1753 ejus.
1299 1684 1375 1736 Ac
1429 1683 1502 1736 illi
1558 1682 1776 1751 quidem
1831 1697 1952 1736 cum
2011 1683 2126 1750 ipso
2168 1696 2356 1751 pinnas

792 1776 1169 1836 sustinebunt,
1222 1772 1563 1825 Abrahamus
1617 1785 1745 1822 vero
1788 1779 1842 1822 et
1881 1769 2128 1829 lsaacus.
2174 1779 2228 1821 et
2268 1767 2347 1820 Ja-

2459 593 2524 645 ἄν
2545 609 2627 654 τις
2653 592 2806 660 εὖροι
2829 589 3029 658 ταύτης
3051 589 3150 657 τῆς
3176 589 3424 659 χρήσεως
3454 587 3872 658 βεῆαιότερον,ἢ
3898 590 4033 642 καθ-

2458 684 2598 734 ελεῖν
2641 683 2740 750 τὴν
2773 681 2880 734 τῶν
2920 681 3202 748 θεομάχων
3237 679 3442 748 τόλμαν
3498 681 3917 751 κραταιότερον;
3973 681 4031 732 '0

2457 778 2548 828 τοῦ
2594 774 2847 844 Ἀϐραὰμ
2883 773 2976 825 καὶ
3021 773 3049 823 6
3090 772 3185 824 τοῦ
3248 773 3432 824 Ἰσαὰκ
3475 771 3571 823 καὶ
3615 773 3644 824 6
3680 772 3773 824 τοῦ
3834 770 4030 824 Ἰακὼό

2456 865 2606 928 Θεὸς,
2630 866 2790 928 αὑτός
2807 867 2952 916 ἐστιν
2976 865 3003 916 6
3032 863 3137 914 τῶν
3162 861 3380 926 ζώντων
3401 861 3554 923 Θεός.
3582 862 3692 915 Kal
3721 862 3902 932 δῆλον,
3927 862 4028 926 ώς,

2457 951 2531 1011 ὧν
2551 960 2667 1010 ἐστι
2686 958 2838 1021 Θεὸς,
2865 951 3154 1020 οὖτοιζῶσι
3178 956 3268 1006 καὶ
3291 955 3385 1006 νῦν
3409 954 3504 1006 καὶ
3530 955 3664 1024 μετά
3676 954 3772 1024 τὴν
3794 956 4032 1007 ἀνάστα-

2461 1067 2544 1102 σιν
2577 1051 2634 1100 ὲν
2664 1049 2832 1118 αύτῷ.
2869 1049 2978 1118 Τὴν
3014 1049 3072 1100 δὲ
3119 1046 3416 1099 ἀνάστασιν
3460 1046 3764 1115 ἐνήργησεν
3796 1045 3824 1096 6
3871 1044 4028 1107 Θεὸς,

2456 1144 2595 1196 ὥστε
2632 1141 2725 1204 οὓς
2770 1142 3053 1209 ἀνίστησιν
3098 1142 3126 1192 6
3170 1139 3291 1200 Υἱὸς
3330 1139 3561 1207 (ἀνιστᾷ
3601 1138 3656 1190 δὲ
3706 1138 3928 1206 σύμπαν
3972 1137 4031 1189 τὸ

2458 1235 2667 1304 ποίημα
2690 1233 2824 1301 (ἳῚ),
2852 1235 2909 1284 ἐν
2929 1227 3009 1294 οἷς
3026 1232 3118 1283 καὶ
3143 1232 3191 1284 0i
3219 1231 3470 1300 πρόγονοι
3492 1229 3600 1282 τῶν
3623 1227 4028 1298 πατριαρχῶν),

2457 1324 2661 1378 τούτων
2687 1324 2792 1393 ἄρα
2821 1321 3092 1390 βασιλεύει
3118 1321 3212 1373 καὶ
3240 1320 3337 1372 νῦν
3369 1322 3460 1372 καὶ
3488 1319 3626 1388 μετά
3656 1317 3752 1386 τὴν
3786 1319 4029 1368 ἀναστα-

2459 1434 2542 1470 σιν
2571 1419 2597 1470 6
2623 1415 2750 1477 Θεὸς
2773 1455 2788 1479 ,
2814 1415 2902 1466 ὅτε
2934 1413 3026 1463 καὶ
3053 1413 3145 1463 τοῦ
3177 1411 3269 1463 σοῦ
3304 1411 3618 1478 πλάσματος
3650 1409 3677 1459 ὁ
3701 1407 4027 1475 πεπλασμέ-

2457 1525 2546 1570 νος
2577 1508 2803 1574 ποιητὴς
2841 1503 2917 1573 τῷ
2961 1502 3304 1570 ἀτελευτήτῳ
3348 1502 3480 1569 πυρὶ
3528 1499 3622 1552 καὶ
3663 1497 3738 1560 τῷ
3781 1498 4028 1566 σκώληκι

2458 1595 2839 1664 παραδέδοται,
2869 1593 3027 1655 αὐτός
3057 1608 3114 1643 τε
3141 1592 3236 1643 καὶ
3259 1586 3340 1652 οἷς
3365 1590 3658 1643 ὑπακούειν
3691 1589 3784 1640 καὶ
3813 1587 4028 1658 ὑπηρε-

2456 1688 2568 1737 τεῖν
2592 1684 2755 1737 αὑτοῦ
2790 1683 2982 1753 γνώμη
3005 1683 3195 1752 γέγονε
3221 1681 3298 1750 τῷ
3330 1680 3614 1750 θελήματι.
3657 1679 3796 1731 Ἀλλ’
3826 1680 4029 1732 ἐκεῖνοι

2461 1776 2558 1844 μὲν
2583 1777 2679 1828 σὺν
2701 1777 2893 1844 ἐκείνῳ
2920 1776 3018 1843 τὴν
3045 1774 3199 1843 δίκην
3223 1773 3534 1841 ὑπέχουσιν,
3572 1771 3825 1839 Ἀϐραὰμ
3853 1770 3910 1823 δὲ
3935 1770 4031 1822 καὶ

791 1868 995 1926 eobus,
1051 1835 1346 1930 omnesque
1402 1861 1492 1929 qui
1544 1860 1652 1914 Deo
1722 1876 1819 1927 per
1876 1860 2045 1929 legem
2107 1860 2354 1927 placent,
2389 1835 2463 1888 Β·

2389 1835 2429 1888 Β
2461 1835 2674 1933 “’1σαάκ,
2708 1869 2804 1921 καὶ
2849 1835 3064 1929 ‘laxdi6,
3089 1835 3181 1919 καλ
3202 1835 3402 1926 πάντες
3423 1858 3504 1926 οἷς
3522 1835 3558 1932 νὴ
3584 1835 3861 1930 διὰ-νόμου
3888 1862 4027 1915 Θεοῦ

790 1958 985 2026 gaudio
1026 1969 1304 2022 nunquam
1351 1952 1590 2006 ﬁniendo
1638 1966 1740 2004 nec
1779 1950 2134 2004 edisserendo
2169 1949 2356 2003 fruen-

793 2063 901 2104 tur.
949 2050 1087 2114 Quid
1137 2049 1238 2110 ais,
1291 2047 1456 2100 miser
1517 2047 1700 2108 homo,
1756 2055 1900 2107 tuus,
1954 2058 2114 2112 quem
2172 2057 2351 2107 vocas,

790 2142 1039 2195 conditor
1080 2141 1218 2208 ignis
1249 2138 1306 2190 lit
1341 2152 1486 2197 esca,
1513 2135 1588 2188 illi
1616 2149 1764 2197 vero,
1808 2135 1900 2202 qui
1931 2136 2073 2186 circa
2105 2133 2352 2186 Abraha-

791 2245 937 2284 mum
967 2238 1114 2291 sunt,
1143 2243 1171 2279 a
1195 2241 1323 2278 vero
1351 2224 1461 2277 Deo
1492 2223 1732 2277 caelestia
1764 2223 2065 2275 sortiuntur
2099 2220 2354 2274 taberna-

789 2321 931 2375 cnla.
974 2319 1037 2371 Et
1071 2328 1126 2369 tu
1159 2317 1237 2369 ais
1267 2316 1539 2383 imperare
1572 2313 1637 2366 iis
1668 2327 1792 2366 eum
1814 2350 1828 2374 ,
1869 2327 2029 2379 quem
2058 2311 2354 2364 exteriores

793 2411 1029 2464 tenebras
1071 2415 1344 2459 coercent.
1383 2402 1638 2456 Servatur
1679 2401 1868 2456 mundi
1925 2403 2136 2454 Patrem
2193 2417 2351 2454 suum

792 2511 948 2556 vocat
981 2502 1146 2553 Deum
1200 2496 1490 2550 Abrahami
1538 2505 1593 2547 et
1647 2505 1968 2547 ca-terorum
2011 2493 2350 2562 patriarcha-

790 2609 934 2646 rum.
965 2589 1046 2644 Tu
1085 2605 1215 2642 vero
1240 2603 1364 2642 eum
1403 2586 1470 2640 de
1521 2586 1747 2654 imperio
1776 2585 2054 2648 deturbas,
2091 2585 2352 2652 ejusvero

791 2684 912 2737 loco
937 2681 1240 2734 introducis
1268 2693 1415 2740 eum,
1446 2677 1537 2746 qui
1557 2678 1676 2745 igne
1697 2676 1944 2738 tabescit,
1980 2691 2043 2729 ac
2069 2686 2121 2728 te
2152 2676 2350 2745 ipsum,

793 2773 896 2828 nisi
932 2773 1040 2825 cito
1087 2770 1414 2838 resipiscens
1465 2781 1702 2820 errorem
1747 2766 1996 2835 eﬂugias.
2045 2766 2098 2818 in
2131 2766 2350 2819 easdem

791 2879 978 2933 prunas
1011 2861 1249 2929 abripit?
1299 2861 1358 2913 Et
1405 2858 1577 2912 Judzei
1618 2859 1870 2926 quidem,
1902 2857 2190 2910 Servatore
2237 2857 2351 2909 haec

790 2955 1026 3015 dicente,
1094 2951 1526 3019 percellebantur
1579 2966 1591 3000 :
1652 2949 1758 3000 imo
1820 2958 1874 3001 et
1928 2948 2347 3001 Sadducaaorum

791 3044 1075 3114 impudens
1109 3041 1271 3094 factio
1303 3040 1676 3093 coercebatur.
1720 3039 1796 3090 Tu
1841 3054 1968 3092 vero
2002 3053 2067 3091 ne
2113 3038 2190 3091 sic
2230 3037 2350 3105 qui-

790 3137 910 3190 dem
951 3135 1186 3202 linguam
1236 3131 1566 3199 compescis,
1597 3145 1697 3183 nec
1747 3131 1939 3199 impias
1995 3130 2350 3198 cogitationes

790 3227 1012 3281 deseris.
1040 3223 1320 3288 Quomodo
1346 3223 1544 3290 itaque,
1566 3230 1657 3273 aut
1684 3222 1846 3284 unde,
1868 3229 2082 3289 autquo
2108 3229 2350 3287 tempore

791 3319 873 3372 vel
906 3326 1054 3386 gutta
1089 3314 1255 3367 venia:
1293 3313 1386 3366 tibi
1419 3313 1683 3366 stillabit?

863 3495 1045 3548 XXVI.
1093 3494 1198 3547 Sed
1227 3508 1326 3547 nec
1373 3495 1476 3546 hoc
1513 3493 1930 3561 praetermittere
1963 3494 2042 3548 las
2077 3506 2178 3550 est.
2217 3496 2350 3561 Qui-

793 3587 913 3640 dam
952 3585 1369 3646 l’liarisaaorum,
1406 3583 1496 3650 qui
1525 3583 1642 3636 aliis
1671 3583 1801 3653 legis
1833 3585 2058 3637 scientia
2093 3599 2349 3654 prmstare

792 3676 1134 3736 Videbantur,
1170 3670 1526 3724 tentationem
1561 3669 1684 3722 Jesn
1723 3670 2064 3737 aggreditur,
2095 3681 2149 3723 et
2184 3672 2350 3724 inter-

791 3773 961 3831 rogat,
998 3763 1205 3822 dicens,
1233 3760 1498 3828 Magister,
1526 3760 1784 3827 quodnam
1815 3770 2126 3826 pm'ccptum
2167 3761 2219 3812 in
2244 3761 2349 3828 lege

788 3854 960 3920 nwjus
994 3862 1062 3903 est
1097 3853 1162 3902 “.
1187 3849 1316 3901 Vide
1352 3866 1478 3901 vero
1502 3864 1563 3900 ex
1599 3847 1683 3910 iis,
1715 3865 1832 3914 qua:
1857 3848 2345 3916 respondetJesus,

787 3943 1060 4009 quomodo
1088 3939 1371 4007 praeceptis
1396 3937 1710 3989 Mosaiciset
1742 3938 2078 4005 dignitatem,
2117 3946 2169 3990 et
2200 3955 2346 3990 amo-

786 4051 899 4086 rem
945 4031 1035 4083 Dei
1079 4031 1181 4082 illis
1229 4040 1580 4097 prmeeptuni,
1625 4029 1881 4081 Vindicet.
1939 4029 2131 4098 Diliges
2178 4030 2342 4094 enim,

788 4125 986 4192 inquit,
1042 4121 1319 4173 Dominum
1350 4121 1516 4172 Deum
1564 4130 1706 4171 tuum
1743 4136 1803 4171 ex
1835 4129 1938 4171 toto
1968 4127 2116 4172 corde
2153 4130 2259 4182 tuo,
2298 4132 2344 4174 et

787 4217 837 4264 ἐν
868 4223 972 4264 tota
999 4213 1177 4263 anima
1206 4221 1315 4272 tua,
1339 4221 1384 4262 ct
1414 4212 1465 4262 in
1491 4221 1597 4262 tota
1624 4221 1789 4263 mente
1821 4221 1909 4262 tua
1934 4214 1998 4264 “.
2029 4214 2204 4280 Atque
2231 4214 2345 4268 lucc

787 4303 1001 4368 quidem
1038 4301 1172 4367 legis
1223 4316 1376 4352 mens
1406 4310 1486 4352 est
1523 4318 1534 4353 :
1571 4301 1787 4353 attende
1836 4317 1963 4353 \‘CI‘O
1996 4311 2044 4354 et
2091 4303 2155 4354 ad
2198 4303 2346 4370 judi-

786 4395 927 4442 rium
958 4390 1192 4441 Domini.
1232 4388 1520 4457 Subjungit
1564 4390 1707 4441 enim
1739 4408 1750 4442 :
1804 4390 1910 4442 Hoc
1940 4401 2009 4442 est
2045 4393 2270 4459 primunt
2297 4403 2342 4443 ct

2457 1959 2835 2028 εὐαρέστησις,
2868 1958 2968 2027 τῆς
2990 1958 3345 2026 ἀτελευτήτου
3374 1957 3467 2006 καὶ
3490 1955 3854 2021 ἀνεκλαλήτου
3893 1970 4028 2022 τρυ-

2455 2047 2560 2114 φῆς
2596 2047 2947 2100 ἀπολαύουσι.
2977 2047 3018 2098 Τ
3027 2046 3041 2096 ί
3072 2045 3250 2113 λέγεις
3271 2085 3284 2109 ,
3319 2044 3489 2107 ἄθλιε,
3516 2044 3544 2094 ὁ
3575 2041 3667 2102 σὸς
3697 2044 3761 2110 τῇ
3805 2041 4026 2110 γλώττῃ

2452 2137 2780 2205 δημιουργὸς
2838 2135 3008 2204 πυρὸς
3048 2136 3254 2202 γίνεται
3307 2133 3511 2203 τροφὴ,
3570 2132 3620 2182 οἱ
3657 2131 3712 2182 δὲ
3766 2131 3896 2200 περὶ
3932 2131 4026 2183 τὸν

2465 2225 2714 2296 Ἀϐραὰμ
2743 2225 2891 2294 παρὰ
2914 2225 3004 2277 τοῦ
3028 2223 3280 2294 ἀληθινοῦ
3311 2223 3444 2275 Θεοῦ
3469 2222 3563 2285 τὰς
3589 2223 3870 2292 οὐρανίους
3894 2221 4024 2291 κληο

2455 2318 2674 2386 ροῦνται
2710 2317 2936 2386 σκηνάς.
2973 2318 3078 2369 Kal
3116 2316 3179 2368 σὺ
3215 2316 3392 2383 λέγεις
3427 2316 3613 2385 ἄρχειν
3639 2313 3839 2377 αὐτῶν,
3878 2313 3937 2365 ὅν
3964 2313 4025 2365 τὸ

2453 2409 2714 2478 ἐξώτερον
2746 2410 2960 2476 συνέχει
2989 2405 3210 2470 σκότος;
3255 2405 3312 2456 'U
3343 2405 3532 2474 Σωτὴρ
3562 2402 3654 2454 τοῦ
3688 2403 3896 2471 κόσμου
3931 2402 4024 2453 τὸν

2452 2501 2644 2553 ἑαυτοῦ
2675 2501 2890 2570 Πατέρα
2914 2499 3044 2552 Θεὸν
3073 2499 3218 2566 λέγει
3247 2496 3341 2549 τοῦ
3384 2495 3632 2564 Ἀϐραὰμ
3665 2498 3755 2546 καὶ
3787 2494 3896 2547 τῶν
3929 2494 4023 2546 ἀλ-

2453 2589 2560 2641 λων
2591 2589 2964 2657 πατριαρχῶν.
2999 2589 3070 2639 Σὺ
3107 2587 3204 2656 μὲν
3236 2585 3423 2637 τοῦτον
3470 2583 3750 2644 ὲκόἀλλεις
3782 2583 3884 2650 τῆς
3922 2585 4023 2652 ἀρ-

2451 2678 2573 2747 χῆς,
2628 2679 2969 2743 ἀντεισάγεις
3022 2677 3079 2729 δὲ
3129 2677 3216 2728 τὸν
3257 2675 3697 2745 κατατηκόμενον
3731 2675 3806 2745 τῷ
3845 2676 3978 2744 πυρὶ
4004 2715 4020 2738 ,

2453 2779 2545 2822 καὶ
2579 2770 2659 2833 σὲ,
2695 2769 2789 2820 ἐὰν
2821 2769 2895 2838 μὴ
2918 2769 3107 2820 θᾶττον
3141 2769 3419 2836 ἀνανήψας
3450 2767 3624 2836 φύγῃς
3657 2766 3754 2835 τὴν
3785 2767 4021 2833 πλάνην,

2451 2862 2571 2922 ταῖς
2619 2862 2809 2922 αὑταῖς
2853 2859 3232 2925 σνναπὰγοντα
3258 2859 3366 2924 (28)
3414 2859 3646 2918 ποιναῖς.
3690 2857 3798 2909 Kal
3837 2858 3885 2907 οι
3925 2857 4024 2924 μὲν

2467 2950 2726 3015 Ἰουδαῖοι,
2775 2949 2947 3002 ταῦτα
2987 2950 3234 3017 λέγοντος
3283 2947 3376 3000 τοῦ
3437 2949 3707 3017 Σωτῆρος,
3757 2948 4025 3015 ἐξεπλητ-

2453 3059 2626 3108 τοντο,
2650 3044 2735 3094 ναὶ
2759 3041 2823 3111 δὴ
2851 3044 2942 3094 καὶ
2959 3041 3019 3093 τὸ
3052 3042 3160 3093 τῶν
3182 3040 3548 3092 Σαδδο·..καίων
3581 3041 3792 3102 ἀναιδὲς
3822 3041 4018 3109 ἐπεφί-

2379 3161 2419 3216 C
2458 3149 2621 3199 μωτο.
2666 3131 2736 3182 Σὺ
2787 3131 2830 3182 δ’
2865 3131 2969 3182 οὐδ’
3015 3129 3154 3181 οὕτω
3191 3128 3423 3198 χαλινοῖς
3459 3128 3554 3196 τὴν
3581 3128 3850 3194 γλῶτταν,
3900 3129 4024 3181 οὐδὲ

2454 3225 2560 3274 τῶν
2589 3221 2862 3290 λογισμῶν
2907 3221 3262 3290 ἀπορρίπτεις
3307 3219 3366 3270 τὸ
3393 3218 3728 3288 δυσσέϐημα.
3761 3220 3870 3271 Καὶ
3902 3221 4023 3282 πῶς

2453 3314 2515 3366 ἂν
2541 3314 2711 3375 ἄλλως
2757 3313 2788 3382 ἢ
2844 3313 3004 3363 πόθεν
3058 3311 3382 3380 συγγνώμης
3418 3327 3497 3362 εοι
3533 3310 3768 3378 σταγὼν,
3810 3312 3842 3381 ἢ
3876 3313 4022 3365 κατά

2453 3408 2603 3456 ποῖον
2633 3403 2821 3472 καιρὸν
2857 3402 3343 3471 ἐπισταχθήσεται;

2523 3493 2664 3560 K7.
2708 3494 2827 3545 Οὐδ’
2880 3495 3054 3545 ἐκεῖνο
3109 3493 3165 3544 δὲ
3211 3494 3388 3560 δεήσει
3437 3494 3835 3562 παραδραμεῖν.
3897 3493 4020 3544 Τιίν

2450 3584 2753 3654 Φαρισαίων
2783 3600 2890 3646 τις,
2915 3583 3084 3634 δοκῶν
3116 3582 3221 3633 τῶν
3255 3581 3428 3633 ἄλλων
3455 3585 3521 3649 τῇ
3557 3580 3648 3632 τοῦ
3682 3584 3845 3649 νόμου
3878 3580 4020 3647 γνὼ-

2453 3692 2533 3726 σει
2565 3675 2836 3743 προέχειν,
2873 3677 2951 3733 εἰς
2981 3676 3172 3742 πεῖραν
3191 3674 3349 3724 αὑτὸν
3377 3673 3662 3740 καθίστησι
3683 3671 3777 3722 τοῦ
3818 3673 4017 3740 Ἰησοῦ,

2452 3768 2543 3816 καὶ
2578 3764 2848 3833 ἐπερωτᾷ,
2879 3761 3232 3825 Διδάσκαλε,
3265 3763 3457 3826 λέγων,
3496 3762 3636 3813 ποία
3667 3761 3888 3824 ἐντολὴ
3911 3777 4019 3828 με·

2450 3853 2601 3921 γιὶλη
2652 3854 2720 3906 ἐι·
2769 3852 2846 3915 τῷ
2902 3855 3094 3920 rogo);
3157 3853 3262 3902 Καὶ
3297 3852 3430 3919 ὅρα,
3471 3850 3535 3901 δι’
3567 3843 3640 3902 ὧν
3674 3849 3959 3917 ἀμείϐεται
3991 3853 4020 3901 6

2463 3941 2691 4011 Ἰησοῦς,
2729 3943 2876 4003 ὅπως
2905 3944 3021 4001 ταῖς
3061 3941 3378 4000 Μωσαῐκαῖς
3421 3939 3658 3999 ἐντολαῖς
3705 3939 3885 3989 καὶτὸ
3918 3955 4017 4007 με·

2448 4032 2660 4099 γαλεῖον
2693 4031 3121 4100 ἐπεμαρτύρεται
3149 4031 3242 4081 καὶ
3272 4030 3331 4080 τὸ
3357 4028 3621 4095 θεοφιλές.
3666 4028 4018 4094 Ἀγαπήσεις

2449 4121 2576 4190 γὰρ,
2609 4124 2769 4188 φησὶ,
2816 4121 3031 4185 Κύριον
3061 4120 3166 4171 τὸν
3207 4121 3355 4171 Θεόν
3393 4133 3509 4169 σου
3539 4116 3651 4184 ὅλῃ
3696 4115 3768 4182 τῇ
3801 4116 4017 4184 καρδίᾳ

2448 4227 2584 4272 σου,
2621 4216 2716 4261 καὶ
2765 4209 2834 4261 ἐν
2871 4209 2984 4273 ὅλῃ
3029 4207 3104 4275 τῇ
3152 4206 3321 4274 ψυχῇ
3369 4223 3516 4267 σου,
3551 4205 3646 4258 καὶ
3694 4207 3761 4258 ἐν
3794 4207 3908 4272 ὅλῃ
3942 4206 4015 4275 τῇ

2447 4302 2673 4367 διανοίᾳ
2725 4317 2860 4356 σου.
2915 4301 3021 4352 Kal
3054 4299 3212 4351 τοῦτο
3250 4300 3411 4368 μὲνὴ
3464 4298 3556 4350 τοῦ
3607 4299 3770 4367 νόμου
3825 4303 4010 4370 φωνή·

2448 4392 2682 4460 πρόσχες
2712 4392 2765 4442 δὲ
2811 4391 2903 4442 καὶ
2947 4390 3331 4459 ἐπικρίσειίτῇ
3359 4393 3679 4459 Δεσποτικῇ.
3732 4392 4015 4459 Ἐτιφέρει

787 4484 1108 4550 prwcipuum
1156 4491 1470 4548 prwceptmn
1497 4482 1539 4510 ’³
1565 4499 1578 4545 ;
1622 4498 1872 4550 magnum
1932 4494 2256 4550 praeceptum
2291 4496 2344 4536 et
2371 4482 2422 4538 D
2449 4502 2459 4514 '

2338 4482 2422 4538 .D
2449 4484 2767 4551 γάροΑὕτη
2813 4483 2942 4535 ἐστὶ
2990 4482 3186 4549 πρώτη
3231 4485 3326 4535 καὶ
3354 4485 3582 4552 μεγάλη
3627 4483 3882 4551 ἐντολὴ,
3920 4502 4010 4553 με-

788 4574 1120 4641 νηεςὶρυυιιι
1155 4588 1298 4635 eum,
1331 4571 1420 4639 qui
1453 4572 1553 4641 legi
1579 4572 1874 4625 conformis
1895 4583 1996 4636 est,
2026 4573 2112 4625 Dei
2140 4574 2341 4627 cultum

787 4681 1008 4717 \oeans.
1041 4666 1297 4727 Qurenam
1330 4675 1506 4716 autem
1538 4663 1763 4731 jubebat
1796 4665 2093 4716 necessitas
2129 4665 2229 4718 hoc
2255 4665 2341 4733 ju-

786 4755 984 4805 dicium
1012 4752 1173 4814 ferre,
1198 4761 1250 4804 et
1274 4753 1412 4804 hanc
1444 4754 1848 4822 prterogativam
1877 4753 2150 4808 vindicare
2177 4756 2343 4809 cultui

787 4844 969 4894 divino
1026 4843 1280 4905 Mosaico,
1346 4842 1448 4894 nisi
1485 4858 1580 4909 pro
1629 4853 1850 4910 paterno
1905 4843 2150 4896 instituto
2197 4845 2342 4897 illum

785 4932 1106 4986 habuisset?
1145 4933 1247 4984 Sed
1298 4933 1470 5000 ipsum
1507 4948 1720 4999 quoque
1752 4942 2079 5000 praeceptum
2134 4950 2230 5002 per
2264 4951 2341 4995 se,

784 5024 826 5077 si
853 5025 974 5091 quis
1003 5022 1452 5086 consideraverit,
1495 5037 1675 5075 nonne
1717 5023 1938 5091 plenum
1973 5032 2053 5076 est
2087 5023 2343 5078 beneﬁca:

856 5135 898 5164 ¹⁰
918 5134 1104 5188 Matth.
1148 5149 1278 5197 xx”,
1309 5135 1394 5186 5L
1472 5137 1509 5164 "
1546 5133 1734 5187 .llatth.
1767 5150 1901 5195 χχιι,
1929 5134 2016 5188 56.

2095 5136 2138 5164 ’⁸
2165 5137 2297 5190 ibid.
2333 5139 2420 5192 37.

2451 4573 2620 4640 γάλην
2665 4571 2879 4638 ἐντολὴν
2932 4574 3017 4622 καλ
3059 4570 3279 4640 πρώτην
3311 4574 3406 4642 τὴν
3449 4573 3590 4625 κατά
3648 4573 3797 4642 δόμον
3827 4575 4013 4628 θεοσέ-

2454 4663 2602 4714 ϐειαν
2646 4661 2841 4712 καλῶν.
2873 4662 3061 4713 Καίτοι
3089 4663 3171 4724 τίς
3201 4665 3447 4716 ἐπέκειτο
3477 4665 3633 4733 χρεία
3662 4666 3739 4727 εἰς
3772 4666 3872 4734 τὴν
3904 4667 4014 4736 ψῆ-

2443 4768 2542 4818 φον
2587 4749 2789 4819 ταύτην
2817 4752 3011 4815 ἐλθεῖν,
3045 4753 3222 4804 καὶτὸ
3261 4755 3546 4822 μεγαλεῖον
3575 4756 3751 4809 δοῦναι
3791 4760 3857 4827 τῇ
3892 4757 4014 4811 θεο-

2443 4844 2626 4914 σεϐείᾳ.
2668 4848 2732 4915 τῇ
2765 4847 3067 4915 Μωσαῖκῇ,
3110 4848 3157 4898 εί
3189 4847 3263 4916 μὴ
3295 4848 3551 4918 πατρῴας
3580 4850 3782 4919 ταύτην
3821 4853 4014 4918 ἐπεγί-

2441 4953 2615 4988 νωσκε
2658 4937 2996 5006 νομοθεσίας.
3043 4938 3188 5007 Πλὴν
3218 4941 3310 4992 καὶ
3342 4942 3477 5009 αύτή
3501 4957 3561 5008 γε
3595 4941 3717 4993 καθ’
3744 4943 3944 5012 ἑαυτὴν
3975 4946 4008 5014 ἡ

2441 5025 2652 5095 ἐντολὴ,
2711 5027 2759 5078 εἰ
2789 5045 2871 5090 τις
2907 5028 3078 5080 ἐθέλοι
3113 5030 3355 5100 θεωρεῖν,
3405 5029 3520 5095 πῶς
3565 5032 3624 5083 οὐ
3682 5032 3854 5102 μεστὴ
3911 5033 4012 5100 μὲν

2497 5142 2540 5172 ³³
2568 5141 2698 5194 ibid.

1851 5289 2078 5344 VARIAE
2115 5291 2493 5348 LECTIONES
2523 5294 2611 5349 ΕΤ
2651 5294 2884 5353 NOTAE.

853 5405 961 5471 (‘27)
992 5405 1236 5472 Ποίημα.
1266 5402 1337 5456 De
1356 5403 1662 5457 hominibus
1685 5403 1958 5472 speciatim
1990 5405 2334 5474 interpretor,

783 5475 848 5525 de
877 5476 1069 5542 quibus
1092 5490 1220 5526 sane
1247 5474 1330 5526 hic
1356 5489 1534 5544 sermo
1557 5482 1657 5531 est.
1679 5489 1783 5524 non
1807 5475 2058 5542 ignorans
2078 5479 2335 5544 alioquin,

782 5547 848 5594 (lC
882 5555 988 5595 ι‹›ι;ι
1023 5554 1387 5595 creaturarum
1419 5543 1769 5595 universitate
1807 5545 1942 5596 hanc
1973 5561 2155 5597 VOCCHI
2184 5543 2338 5599 llSllr-

783 5614 896 5678 pari
932 5629 1109 5679 posse,
1135 5615 1274 5665 sicut
1300 5622 1353 5664 et
1378 5613 1515 5664 Deus
1549 5614 1660 5679 ipse
1688 5614 1753 5664 ab
1776 5628 1958 5664 carum
1988 5616 2341 5680 productione

785 5684 1006 5750 tein-ci};
1052 5683 1370 5749 appellatur.
1427 5682 1652 5733 lllnstris
1710 5681 1994 5750 Theophili
2052 5694 2134 5736 est
2192 5686 2342 5739 locus

783 5749 876 5805 lib.
914 5768 948 5815 ι,
979 5753 1052 5804 Ad
1082 5753 1383 5818 Autolycum
1422 5767 1437 5803 :
1471 5751 1600 5813 Θεὸς
1639 5749 1963 5821 δημιουργὸς
1996 5753 2088 5806 καὶ
2117 5756 2342 5827 ποιητὴς

2440 5409 2655 5494 λέγεται
2678 5452 2692 5475 ,
2741 5412 2828 5465 διά
2859 5414 2918 5466 τὸ
2951 5416 3114 5468 αὑτὸν
3163 5421 3301 5471 εἶναι
3337 5421 3561 5490 κτίστην
3586 5460 3600 5484 ,
3639 5423 3731 5475 καὶ
3776 5426 4012 5496 ποιητὴν

2440 5497 2548 5532 των
2575 5497 2730 5534 ολων.

2513 5550 2623 5630 (28)
2665 5553 3115 5630 Συναπὰνοντα.
3150 5557 3231 5610 Ita
3276 5559 3616 5630 scribendum
3650 5570 3733 5614 est
3757 5577 3855 5630 pro
3883 5581 4014 5616 συν-

2440 5627 2737 5701 υῡπαγοντα,
2781 5627 2924 5690 quod
2967 5635 3058 5701 est
3100 5629 3155 5678 in
3199 5643 3297 5701 nis.
3334 5628 3520 5701 Neque
3547 5631 3688 5701 enim
3726 5627 3873 5701 aliud
3917 5650 4013 5701 pa-

2443 5694 2573 5740 titur
2603 5705 2898 5772 prononrep
2933 5694 2990 5745 σὲ
3027 5695 3371 5772 antecedens,
3407 5694 3473 5753 ad
3509 5699 3650 5770 quod
3681 5694 4013 5756 refertur-16

2446 5761 2795 5828 συναπάγειν,
2825 5761 2876 5815 id
2903 5773 2985 5819 est
3007 5801 3021 5827 ,
3063 5765 3333 5818 abducere.
