4234 6432
217 370 322 432 237

1222 369 1516 429 CONTRA
1558 366 2014 426 MANICH/EOS
2050 365 2278 425 LIBER
2321 365 2415 425 IV.

3350 362 3457 425 238

216 474 567 548 ἀγαθοειδοῦς
618 474 713 527 καὶ
770 473 919 537 Θείας
977 474 1299 538 ὲπιπνοίας;
1364 477 1535 544 μεστὴ
1578 474 1635 526 δὲ
1692 474 1862 541 τῆςΑ

1780 489 1789 534 ;
1820 478 1862 531 Α
1893 481 1945 525 et
1972 473 2169 526 divina:
2200 472 2587 541 inspirationis,
2612 474 2840 543 plenum
2868 473 3052 541 prima:
3077 471 3452 541 phihisophiae,

219 569 445 640 πρώτης
491 566 841 633 φιλοσοφίας,
876 564 1006 616 Θεὸν
1044 566 1242 618 ειδέναι
1275 565 1366 617 τὸν
1398 566 1649 632 Πλάστην
1695 564 1788 614 καὶ

220 660 552 725 Εὐεργέτην,
600 658 692 708 καὶ
727 657 834 723 πρὸ
878 656 983 707 τῶν
1022 656 1195 708 ἄλλων
1242 656 1496 708 ἁπάντων
1547 655 1787 723 ἀγαπᾷν.

218 751 358 805 Τίνα
381 751 487 817 γὰρ
520 747 676 798 ἀλλον
712 746 878 816 ἐχρῆν
908 747 1015 815 πρὸ
1046 746 1139 797 τοῦ
1174 746 1467 815 κηδεμόνος
1497 745 1592 797 καὶ
1624 746 1687 795 ὲκ
1716 743 1790 813 μὴ

213 843 388 891 ὅνύων
431 840 865 906 ὑποστήσαντοςς
915 837 1030 899 πῶς
1080 838 1136 889 δὲ
1188 839 1284 905 οὐχ
1318 837 1415 907 ὅλῃ
1466 836 1564 903 μὲν
1612 834 1788 903 ψυχῇ,

218 932 316 997 οὐχ
344 929 441 999 ὅλῃ
470 928 525 978 δὲ
560 928 771 996 καρδίᾳ,
798 928 894 995 οὐχ
929 928 1021 997 ὅλῃ
1052 929 1108 979 δὲ
1132 927 1364 994 διανοίᾳ,
1404 925 1543 994 μετά
1567 942 1709 986 τινος
1735 924 1792 976 δὲ

219 1019 522 1087 δισταγμοῦ
554 1021 647 1070 xal.
678 1018 1040 1087 διαμερισμοῦ
1081 1017 1356 1086 λογισμῶν
1390 1018 1483 1068 καὶ
1540 1011 1651 1068 οἷον
1691 1019 1794 1083 ἀφο

218 1112 543 1178 οσιούμενον
571 1111 645 1178 τῷ
671 1110 913 1172 ὲτάζοντι
932 1109 1157 1178 καρδίας
1176 1109 1270 1161 καὶ
1299 1109 1525 1176 νεφροὺς
1550 1109 1793 1177 προσῆκε

224 1207 415 1274 φέρειν
446 1205 539 1272 τὴν
572 1204 666 1265 τῆς
698 1204 917 1270 ἀγάπης
950 1202 1168 1271 όςρειλὴν
1206 1201 1320 1253 ἀνθ’
1360 1194 1434 1253 ὦν
1470 1200 1792 1266 ὑπέστησεν,

226 1297 345 1347 ἀνθ’
387 1290 461 1348 ὧν
494 1296 680 1363 τρέφει
722 1294 812 1346 καὶ
864 1295 1099 1361 συνέχει,
1154 1292 1268 1344 ἀνθ’
1315 1285 1389 1344 ὧν
1440 1290 1799 1360 ἡμαρτηκότα

228 1390 306 1459 μὴ
340 1388 618 1446 ἀπώσατο,
655 1386 790 1439 ἀλλὰ
818 1385 909 1435 καὶ
938 1385 1026 1435 τὸν
1050 1384 1177 1436 ἴδιον
1209 1383 1357 1444 Υἱὺν,
1390 1382 1497 1433 τῶν
1527 1381 1689 1433 αὑτοῦ
1723 1380 1796 1447 μὴ

222 1485 520 1537 διαστάντα
553 1483 787 1543 κόλπων,
837 1480 929 1531 ἐπὶ
962 1480 1205 1549 σωτηρίᾳ
1252 1480 1342 1529 καὶ
1376 1476 1671 1546 ἀνορθώσει
1704 1475 1797 1527 τοῦ

228 1572 652 1641 πεπλανημένου
713 1570 877 1639 σαρκὶ
934 1569 1251 1637 κατέπεμψε
1326 1571 1437 1630 τοῖς
1492 1567 1800 1636 ἀνθρώποις

227 1662 762 1732 ἐμπολιτεύσασθαι’
826 1662 883 1724 ὃς
939 1662 1030 1713 ἐπὶ
1102 1660 1353 1712 τοσοῦτον
1416 1661 1476 1711 τὸ
1537 1659 1800 1728 πατρικὸν

229 1759 518 1824 ἠσπάσατο
551 1755 828 1823 βούλημα,
883 1754 958 1815 ὼς
1016 1753 1089 1821 μὴ
1144 1752 1301 1821 μόνον
1344 1753 1475 1820 ἡμῖν
1509 1751 1801 1819 παραπλη-

233 1849 359 1907 σίως
392 1844 719 1911 κοινωνῆσαι
753 1843 954 1911 σαρκὸς
989 1843 1084 1893 καὶ
1112 1842 1361 1910 αἵματος,
1394 1840 1485 1891 καὶ
1512 1838 1630 1891 καθ’
1657 1839 1798 1907 ἡμᾶς

231 1938 521 2007 ἄνθρωπος
568 1938 737 2003 χωρὶς
792 1933 1064 2003 ἁμαρτίας
1099 1930 1472 2000 χρηματίσαι,
1525 1928 1659 1980 ἀλλὰ
1709 1930 1801 1979 καὶ

236 2028 469 2096 σταυρὸν
496 2028 589 2079 καὶ
616 2026 841 2079 Θάνατον
865 2024 1126 2091 ἐνεγκεῖν,
1144 2023 1210 2074 δι’
1232 2015 1304 2074 ὧν
1321 2022 1348 2073 ὁ
1377 2019 1554 2073 πεσὼν
1582 2020 1799 2089 ἀνέστη,

235 2121 329 2169 καὶ
365 2117 610 2187 μείζονος
657 2117 689 2183 ἣ
720 2115 817 2184 τῆς
858 2116 1128 2184 προτέρας
1160 2113 1317 2181 δόξης
1350 2111 1615 2179 ἠξίωταις
1664 2112 1805 2162 Ἀντὶ

236 2210 368 2277 γοῦν
428 2209 626 2260 τούτων
679 2208 764 2277 ἄρ’
817 2208 917 2258 οὐκ
954 2208 1011 2257 ἐν
1039 2206 1131 2275 ὅλῃ
1182 2204 1377 2274 καρδίᾳ
1413 2204 1505 2255 καὶ
1536 2206 1677 2272 ψυχῇ
1716 2202 1806 2256 καὶ

234 2302 446 2370 διανοίᾳ
502 2300 590 2352 τὸν
638 2298 809 2350 ταῦτα
866 2299 1229 2366 χαρισάμενον
1284 2297 1382 2349 οὐκ
1436 2297 1654 2366 ἀγαπᾷν
1690 2296 1801 2359 δεῖς

238 2395 281 2445 Τ
286 2394 457 2461 αὐτην
483 2391 576 2461 τὴν
599 2391 813 2458 ἐντολὴν
842 2392 869 2441 ό
898 2391 969 2458 μὴ
1001 2390 1262 2458 σωτήριόν
1293 2406 1349 2441 τε
1379 2387 1590 2457 καὶτῆς
1634 2387 1803 2455 Ἰησοῦ

241 2484 565 2553 νομοθεσίας
598 2481 847 2547 εὐταξίαν
886 2483 977 2533 καὶ
1014 2481 1223 2549 φρονῶν
1251 2481 1342 2533 καὶ
1368 2479 1560 2547 λέγων,
1593 2480 1808 2543 ἀνάξιον

238 2576 435 2628 ἑαυτὸν
465 2573 539 2637 ὼς
570 2573 780 2641 ἀληθῶς
826 2572 1206 2638 ἐπιγινώσκειν
1238 2571 1525 2638 ἀποφαίνει
1554 2570 1644 2622 τὸν
1676 2570 1808 2638 ἀλη-

240 2664 392 2715 ὒινὸν
424 2664 572 2715 Θεόν.
605 2664 675 2714 Σὺ
708 2662 764 2713 δὲ
794 2664 892 2730 ὅρα
924 2663 1016 2713 καὶ
1044 2661 1140 2728 τὴν
1187 2661 1384 2729 ὲιξεξῆς
1408 2676 1423 2689 ·
1463 2660 1807 2728 Ἀγαπήσεις

243 2752 352 2803 τὸν
385 2752 649 2816 πλησίον
692 2766 807 2802 σου
860 2751 938 2813 ὡς
976 2752 1252 2802 σεαυτόν.
1289 2750 1395 2802 Καὶ
1424 2750 1477 2801 τί
1507 2750 1708 2818 ταύτης
1745 2752 1810 2802 ἂν

246 2845 335 2910 εἴη
380 2840 810 2908 λυσιτελέστερον
868 2838 1435 2907 ἢάγαοοειδέστερον;
1480 2839 1510 2906 ἦ
1557 2840 1646 2889 τὸν
1699 2838 1811 2905 βίον

248 2936 497 3001 συνέχειν
524 2933 985 3000 ἐπιτηδειότερονς
1012 2932 1041 2999 ἢ
1068 2932 1126 2981 τὸ
1152 2930 1465 2982 κοινωνικὸν
1492 2931 1707 2999 κα“ιμε
1720 2947 1811 2999 ρον

251 3026 573 3092 συγκροτεῖν
611 3022 710 3090 τῆς
742 3022 974 3088 φύσεως,
1008 3022 1081 3082 ὡς
1111 3021 1170 3071 τὸ
1210 3022 1426 3089 ἀγαπᾷν
1461 3020 1551 3072 τὸν
1586 3021 1812 3083 πλησίον

1780 1808 1875 1865 ,Β

1893 565 2187 632 qua>jubet
2207 564 2373 618 Deum
2407 580 2567 618 nosse
2600 574 2653 617 ct
2673 564 3024 618 Conditorem
3054 573 3105 614 et
3134 562 3457 616 Benefacto-

1895 670 2031 716 rem,
2058 671 2291 724 eumque
2318 672 2427 725 pra:
2450 656 2704 708 omnibus
2730 656 2849 707 aliis
2870 653 3087 707 amare?
3111 652 3280 717 Quem
3310 656 3457 708 enim

1894 748 2061 800 alium
2087 750 2377 815 oportebat
2407 764 2589 801 amare
2614 763 2722 815 prre
2748 747 2859 810 illo,
2883 748 2973 814 qui
3003 747 3246 799 omnium
3270 762 3457 800 curam

1896 838 2080 900 habet,
2116 848 2169 891 et
2214 840 2397 893 omnia
2429 855 2495 892 ex
2549 839 2721 891 nihilo
2769 839 3008 891 creavit?
3040 838 3323 903 Quomodo
3348 856 3459 893 non

1896 930 2042 981 onmi
2080 930 2281 989 anima.
2314 931 2461 983 omni
2495 931 2679 993 corde,
2730 939 2783 982 et
2815 930 2963 982 omni
2993 940 3194 993 mente,
3237 930 3328 984 sed
3359 946 3459 999 po-

1896 1022 2003 1074 tius
2056 1036 2177 1074 cum
2241 1023 2578 1075 dubitatione
2611 1022 2840 1089 quadam
2904 1021 3209 1088 mentisque
3263 1023 3462 1075 distra-

1897 1113 2077 1165 ctione
2100 1123 2153 1165 et
2179 1114 2331 1181 quasi
2364 1114 2735 1181 perfunctorie
2761 1114 2857 1176 illi,
2880 1114 2970 1182 qui
2992 1115 3152 1167 corda
3185 1125 3459 1167 scrutatur

1896 1214 1951 1255 et
1987 1220 2145 1257 renes
2201 1205 2440 1257 debitum
2493 1218 2734 1258 amorem
2772 1206 2981 1259 solvere
3035 1206 3320 1259 conveniat
3365 1220 3462 1273 pro

1898 1309 1963 1347 eo
1987 1296 2129 1362 quod
2173 1296 2446 1363 produxit,
2491 1296 2633 1363 quod
2678 1297 2848 1349 nutrit
2881 1305 2935 1349 et
2966 1306 3272 1359 conservat,
3318 1297 3462 1363 quod

1899 1388 2307 1455 delinquentem
2346 1392 2481 1440 adeo
2508 1404 2613 1440 non
2647 1403 2676 1441 a
2701 1403 2757 1440 se
2792 1389 3013 1457 repulit,
3066 1399 3124 1442 ut
3162 1388 3342 1457 potius
3374 1388 3463 1440 Fi-

1900 1480 2029 1532 lium
2063 1481 2367 1549 proprium.
2410 1496 2438 1532 a
2471 1496 2567 1533 suo
2600 1482 2720 1533 sinu
2766 1497 2871 1533 non
2907 1491 3196 1544 remotum,
3232 1482 3284 1534 in
3317 1482 3464 1533 salu-

1901 1581 2007 1624 tem
2043 1572 2523 1639 reductionemque
2551 1574 2849 1625 errantium
2886 1574 3133 1626 indutum
3163 1588 3326 1625 carne
3362 1573 3464 1626 mi-

1900 1662 1990 1725 sit,
2011 1670 2068 1714 ut
2100 1662 2241 1715 inter
2267 1663 2514 1715 homines
2545 1674 2887 1717 versaretur:
2915 1664 3004 1731 qui
3033 1679 3162 1716 sane
3184 1673 3464 1731 paternam

1902 1754 2235 1806 voluntatem
2270 1753 2338 1806 ita
2365 1762 2606 1807 sectatus
2638 1764 2741 1816 est,
2773 1764 2829 1806 ut
2858 1770 2966 1807 non
2988 1754 3160 1808 solum
3180 1755 3466 1807 nobiscum

1906 1843 2179 1913 particeps
2228 1843 2401 1897 factus
2464 1844 2533 1897 sit
2586 1845 2765 1899 carnis
2826 1856 2881 1898 et
2912 1845 3207 1914 sanguinis,
3240 1853 3295 1897 et
3347 1846 3467 1897 sine

1905 1945 2129 2004 peccato
2160 1936 2321 1987 homo
2352 1936 2675 2004 appellatus,
2700 1937 2791 1988 sed
2818 1944 2871 1988 et
2902 1952 3117 1989 crucem
3142 1952 3203 1988 ac
3235 1946 3467 1989 mortem

1905 2025 2208 2093 pertulerit,
2264 2040 2361 2094 per
2415 2041 2575 2093 quam
2611 2025 2703 2093 qui
2763 2026 2990 2088 cecidit,
3025 2026 3371 2086 excitaretur,
3412 2033 3469 2076 et

1906 2120 2130 2186 majore,
2181 2135 2343 2187 quam
2399 2128 2578 2177 antea,
2632 2119 2798 2187 gloria
2849 2116 3191 2169 afﬁceretur?
3228 2116 3331 2168 Pro
3384 2117 3467 2168 his

1905 2208 2051 2263 cnim
2083 2209 2339 2261 omnibus
2372 2221 2670 2275 eorumque
2692 2206 2962 2259 similibus
2980 2219 3161 2258 nonne
3190 2220 3335 2265 eum,
3374 2204 3466 2272 qui

1909 2301 2030 2355 talia
2056 2301 2277 2372 largitus
2300 2310 2400 2362 est,
2422 2300 2568 2353 omni
2598 2298 2785 2362 corde,
2804 2298 2981 2350 anima
3009 2306 3062 2349 et
3087 2305 3267 2348 mente
3286 2310 3469 2349 amare

1907 2393 2149 2461 Oportet?
2174 2392 2273 2457 Qui
2304 2393 2405 2446 hoc
2431 2400 2767 2460 praeceptum
2794 2404 2897 2441 non
2927 2389 3185 2453 salutare,
3215 2403 3312 2439 nec
3339 2386 3470 2440 Jesu

1910 2482 2153 2535 instituta
2212 2482 2349 2533 bene
2385 2480 2633 2533 ordinata
2668 2479 2747 2530 vel
2785 2478 2975 2541 credit,
3010 2478 3094 2529 vel
3129 2476 3385 2545 appellat,
3424 2477 3470 2529 is

1909 2576 2131 2627 omnino
2171 2573 2348 2641 prodit
2381 2588 2437 2625 se
2470 2572 2771 2637 indignum,
2803 2571 2894 2638 qui
2921 2587 3105 2622 verum
3147 2570 3311 2622 Deum
3345 2585 3472 2623 vere

1911 2670 2188 2729 agnoscat.
2211 2660 2289 2713 Tu
2316 2676 2443 2713 vero
2475 2660 2760 2713 considera
2780 2669 3083 2726 etsequens
3102 2667 3429 2726 prmeeptum
3455 2676 3468 2710 :

1912 2751 2107 2822 Diliges
2143 2752 2439 2819 proximum
2485 2761 2631 2802 tuum
2666 2751 2797 2800 sicut
2837 2760 2883 2801 te
2922 2750 3093 2817 ipsum
3123 2750 3191 2800 “.
3230 2749 3307 2801 Eo
3345 2764 3473 2801 vero

1911 2845 2180 2911 quodnam
2211 2842 2395 2895 utilius
2422 2851 2515 2893 aut
2546 2841 2739 2893 melius
2765 2842 2883 2892 est?
2914 2842 3185 2908 quodnam
3218 2841 3282 2893 ad
3312 2841 3473 2893 vitam

1914 2935 2316 3003 producendam
2331 2941 2424 2985 aut
2438 2933 2501 2985 ad
2526 2932 2878 2985 soeialitatem
2895 2931 3477 2998 mansuetudinemque

1914 3026 2166 3078 humanae
2230 3036 2435 3077 natura:
2498 3023 2897 3090 provehendam
2961 3025 3128 3091 magis
3181 3023 3473 3086 idoneum,

245 3116 325 3174 ὼς
352 3113 579 3175 ἑαυτόν;
614 3114 705 3163 καὶ
738 3111 896 3179 ἔργον
930 3110 1026 3177 μὲν
1054 3112 1147 3177 τῆς
1185 3110 1350 3176 αὐτῆς
1380 3109 1577 3161 εἰδέναι
1610 3108 1809 3177 χειρὸς,
1842 3136 1883 3191 c
1916 3148 1917 3157 η

1804 3150 1809 3169 .
1842 3136 1883 3191 ο
1916 3132 2073 3183 quam
2119 3115 2339 3183 diligere
2382 3116 2685 3181 proximum
2718 3123 2776 3166 ut
2832 3114 3104 3181 seipsum?
3138 3124 3190 3166 et
3230 3129 3388 3167 nosse
3419 3130 3476 3168 se

252 3207 467 3272 φύσεως
511 3206 567 3257 δὲ
600 3206 761 3272 μιᾶς;
792 3204 878 3255 διὰ
902 3203 996 3271 τῆς
1031 3202 1198 3269 αὐτῆς
1229 3202 1282 3254 δὲ
1314 3203 1573 3268 γενέσεως
1599 3205 1676 3262 εἰς
1702 3203 1813 3267 qui);

254 3295 606 3364 προελθόντα,
640 3295 734 3346 καὶ
756 3295 841 3345 διὰ
868 3297 961 3362 τῆς
990 3293 1156 3361 αὐτῆς
1179 3292 1295 3344 ὀδοῦ
1320 3292 1409 3343 τὸν
1438 3292 1550 3359 βίον
1581 3291 1815 3358 ἀπολιμ-

254 3388 515 3450 πάνοντα,
548 3387 643 3437 καὶ
690 3386 787 3454 τὴν
823 3386 934 3452 -μὲν
995 3385 1307 3454 περιμένειν
1358 3385 1446 3436 τὸν
1494 3385 1673 3447 αὑτὸν,
1722 3384 1816 3436 καὶ

252 3480 363 3531 τῶν
389 3479 730 3545 βεὸιωμένων
762 3476 1068 3543 ἐξεταστὴν,
1089 3478 1180 3527 καὶ
1209 3476 1311 3544 πρό
1332 3491 1393 3537 γε
1411 3476 1612 3527 τούτων
1651 3475 1815 3544 μηδὲν

253 3569 544 3638 ἀνέχεσθαι
596 3568 931 3636 πλημμελεῖν
984 3570 1062 3628 είς
1106 3568 1198 3618 τὸν
1259 3566 1455 3631 πέλας,
1507 3562 1581 3619 ὧν
1642 3567 1816 3627 οὐδεὶς

252 3660 448 3712 ἑαυτὸν
472 3659 603 3727 (28')
642 3656 979 3726 πλημμελῶν
1022 3658 1086 3708 ἂν
1124 3656 1335 3725 ὀψείη,
1372 3657 1440 3707 τὰ
1478 3656 1732 3709 κάλλιστα
1760 3656 1814 3707 δὲ

257 3751 353 3801 καὶ
386 3750 630 3817 σωτήρια
659 3749 751 3799 καὶ
800 3748 1151 3815 συνεύχεσθαι
1185 3746 1277 3798 καὶ
1322 3741 1364 3813 ᾧ
1394 3753 1671 3816 παροικεῖς
1704 3748 1814 3816 (29)

257 3838 835 3907 ωγκαταπράττεσοαι
858 3854 870 3866 ο
907 3837 1063 3889 τοῦτο
1088 3838 1193 3905 γάρ
1230 3839 1373 3887 ἐστιν
1407 3839 1434 3887 ὁ
1467 3837 1567 3905 τῆς
1596 3838 1816 3906 ἀγάπης

256 3933 435 3997 λόγος.
476 3931 617 3998 Ἀρα
646 3930 707 3981 οὺ
734 3930 879 3980 δοκεί
905 3945 984 3979 σοι
1014 3928 1080 3979 τὰ
1113 3929 1341 3995 μέγιστα
1368 3930 1458 3980 καὶ
1482 3929 1815 3998 καιριώτατα

256 4024 367 4075 τῶν
402 4024 461 4074 ὲν
502 4020 839 4091 ἀνθρώποις;
876 4020 1174 4089 Προσθήσω
1213 4020 1268 4070 δὲ
1300 4023 1393 4072 καὶ
1423 4022 1521 4073 ὅσα
1554 4023 1669 4073 ἐστὶ
1702 4022 1819 4076 Osi:

256 4118 352 4166 xui.
377 4113 597 4179 Θεοφιλῆ
625 4112 712 4163 διὰ
742 4111 941 4179 ταύτης
978 4110 1397 4164 κατευθύνεσθαι
1436 4113 1533 4180 τῆς
1577 4114 1815 4181 ἐντολῆς.

258 4207 372 4271 Οὐχ
397 4205 605 4255 ἵσταται
638 4203 693 4253 δὲ
714 4202 834 4253 οὐδὲ
857 4202 1014 4269 μέχρι
1049 4201 1250 4253 τούτων
1279 4205 1304 4253 ὁ
1332 4202 1537 4271 Σωτὴρ,
1575 4204 1687 4255 ἀλλ’
1736 4205 1820 4257 ἵνα

259 4296 440 4346 πᾶσαν
482 4294 589 4344 τῶν
628 4290 841 4343 ἀσεόὦν
884 4290 1115 4359 διακόψῃ
1169 4292 1458 4359 πρόφασιν,
1506 4294 1637 4360 μηδὲ
1686 4283 1819 4363 πρός

258 4405 380 4439 τινα
418 4384 750 4453 κακουργίαν
802 4382 1195 4449 ἀποϐλέψωσιν,
1235 4382 1307 4443 ὡς
1355 4382 1490 4451 αὕτη
1530 4385 1662 4453 μόνη
1714 4387 1819 4437 τῶν

1919 3208 2159 3273 ejusdem
2187 3220 2379 3258 manus
2403 3205 2696 3270 opiﬁcium,
2728 3205 2972 3272 ejusdem
3003 3214 3228 3269 naturae,
3255 3220 3316 3257 ac
3333 3206 3477 3273 ejus-

1916 3300 2035 3351 dem
2067 3297 2429 3366 generationis
2461 3296 2724 3349 beneficio
2757 3296 2805 3348 in
2827 3296 3000 3348 lucem
3028 3296 3253 3356 editum,
3286 3297 3476 3349 eadem

1917 3402 2129 3455 quoque
2165 3386 2249 3437 via
2310 3402 2372 3437 ex
2411 3386 2513 3436 vita
2560 3385 2660 3436 hac
2711 3385 3003 3445 abiturum,
3047 3392 3328 3452 postquam
3372 3385 3477 3437 im-

1917 3478 2119 3529 mineat
2154 3492 2292 3527 unus
2324 3476 2571 3541 idemque
2603 3489 2782 3526 rerum
2815 3475 2866 3526 in
2894 3476 3000 3527 vita
3027 3484 3295 3542 gestarum
3330 3474 3477 3525 arbi-

1920 3578 2000 3621 tcr
2028 3575 2082 3620 et
2109 3566 2271 3634 judex
2296 3584 2307 3627 ;
2333 3575 2384 3616 et
2411 3574 2533 3616 ante
2563 3564 2743 3615 omnia
2773 3574 3029 3626 statuere,
3049 3564 3184 3615 nihil
3208 3564 3259 3615 in
3292 3564 3476 3631 proxi-

1917 3674 2061 3712 mum
2112 3658 2514 3725 suscipiendum
2564 3671 2683 3709 esse
2738 3671 2962 3718 eorum,
3015 3670 3134 3724 qua:
3194 3671 3354 3708 nemo
3423 3656 3475 3707 in

1918 3751 2154 3818 seipsutn
2207 3760 2421 3819 patrare
2479 3765 2714 3817 unquam
2763 3758 3043 3811 cernatur;
3102 3749 3303 3815 optitna
3344 3763 3478 3801 vero

1916 3854 2143 3907 quaeque
2195 3848 2250 3892 et
2287 3838 2537 3891 salutaria
2565 3848 2675 3890 tum
2715 3837 2945 3905 precari,
2997 3846 3108 3889 tum
3136 3837 3230 3896 illi,
3272 3837 3355 3889 cui
3403 3838 3479 3890 vi-

1917 3931 2073 3983 cinus
2116 3944 2195 3991 es,
2228 3930 2444 3982 afferre.
2486 3929 2561 3981 Ea
2586 3930 2730 3981 enim
2753 3936 2837 3981 est
2865 3927 3063 3980 amoris
3096 3927 3250 3980 ratio.
3287 3928 3476 3981 Nonne

1920 4022 2011 4074 tibi
2043 4020 2142 4073 ista
2176 4021 2391 4088 quidem
2441 4021 2647 4088 potiora
2680 4029 2734 4071 et
2778 4018 3045 4085 prazcipua
3082 4019 3332 4071 videntur
3357 4036 3477 4073 esse

1921 4113 1970 4165 in
2015 4112 2268 4164 humanis
2304 4112 2464 4163 rebus
2511 4110 2720 4162 ollicia?
2748 4109 2953 4161 Addam
2991 4124 3115 4161 \ero
3163 4125 3326 4173 nunc,
3358 4126 3477 4177 qua:

1919 4203 2097 4256 divina
2154 4202 2434 4268 divinique
2480 4202 2679 4253 amoris
2723 4201 2913 4267 plena,
2969 4201 3159 4252 eodem
3210 4211 3477 4267 praecepto

1921 4293 2226 4355 observato,
2252 4292 2436 4359 perlici
2468 4292 2695 4359 possint.
2731 4288 2913 4356 Neque
2942 4290 3085 4341 enim
3120 4290 3206 4343 hic
3233 4292 3477 4344 subsistit

1924 4382 2195 4436 Servatur.
2236 4381 2327 4433 sed
2360 4390 2413 4431 ut
2454 4394 2668 4431 onmem
2703 4378 2990 4445 impiorum
3023 4386 3338 4444 praztextum
3361 4377 3477 4428 elu-

262 4477 437 4529 ἄλλων
474 4475 580 4542 ἄρα
616 4476 649 4542 ἡ
697 4473 825 4533 δυὰς
866 4472 960 4539 τῆς
994 4470 1240 4540 τιμώσης
1280 4472 1445 4540 αὑτὴν
1485 4476 1816 4543 Δεσποτικῆς
1842 4457 1934 4522 Dl

1802 4492 1816 4536 ;
1842 4457 1893 4514 D
1922 4472 2032 4535 dat,
2058 4472 2382 4539 elliciatque,
2420 4487 2487 4523 ne
2514 4470 2643 4537 quid
2676 4470 2891 4529 maligni
2934 4469 3295 4536 suspicentur,
3321 4469 3474 4536 quasi

257 4564 466 4632 ἠξιώθη
517 4562 731 4630 ψήφου·
771 4561 878 4611 τῶν
932 4560 975 4610 δ’
1019 4560 1193 4613 ἄλλων
1238 4560 1393 4626 λόγος
1441 4564 1586 4614 ἐστὶν
1626 4564 1816 4625 οὐδείς’

264 4657 353 4707 ἵνα
419 4653 600 4704 τοίνυν
632 4653 812 4713 αὐτοῖς
864 4651 1200 4718 πανταχόθεν
1252 4651 1551 4722 ἀποκλείσῃ
1598 4654 1693 4721 τὴν
1725 4655 1823 4721 τῆς

263 4746 531 4813 πονηρίας
567 4742 833 4811 μηχανὴν,
878 4742 977 4808 ὅρα
1021 4740 1136 4802 πῶς
1178 4741 1390 4806 ἐπάγει·
1438 4742 1536 4793 Ἐν
1584 4747 1819 4809 ταύταις

261 4838 393 4900 ταῖς
426 4835 605 4887 δυσὶν
625 4831 895 4895 ἐντολαῖς
920 4832 1062 4895 ὅλος
1085 4835 1115 4883 o'
1138 4832 1317 4898 νόμος
1339 4832 1433 4882 καὶ
1456 4836 1507 4884 οι
1529 4833 1824 4899 προφῆται

262 4928 583 4993 κρέμανται
601 4963 614 4986 ,
646 4924 927 4991 μονονουχὶ
956 4921 1148 4985 λέγων,
1171 4920 1242 4981 ὡς
1271 4914 1348 4981 οἷς
1376 4915 1534 4973 αὗται
1555 4923 1653 4989 τῆς
1680 4926 1819 4992 ἐμῆς

264 5020 529 5088 μετέσχον
570 5014 785 5074 δικαίας
830 5011 1127 5079 ἀποδοχῆς,
1171 5013 1264 5062 καὶ
1310 5011 1431 5062 καθ’
1476 5013 1670 5074 ἑαυτὰς
1722 5016 1821 5081 τὴν

264 5109 427 5176 φύσιν
463 5106 568 5157 εἰσὶ
600 5103 856 5170 σωτήριοι
903 5100 996 5152 καὶ
1037 5099 1301 5166 Θεοφιλεῖς
1325 5139 1338 5163 ,
1370 5100 1456 5152 διὰ
1490 5101 1595 5152 τῶν
1645 5104 1820 5156 αὐτῶν

336 5243 379 5271 ’⁸
406 5239 598 5294 Matth.
633 5252 763 5301 ml,
796 5235 881 5289 58.

1920 4564 2025 4615 duo
2068 4562 2154 4613 illa
2189 4572 2396 4614 tantum
2452 4570 2719 4629 prazcepta
2752 4560 2855 4612 hoc
2903 4559 3338 4627 Dominijudicio
3380 4560 3478 4612 ho-

1922 4655 2146 4707 noriﬁco
2182 4654 2340 4721 digna
2396 4654 2570 4705 habita
2622 4652 2749 4710 sint,
2810 4651 3140 4718 reliquorum
3182 4666 3306 4703 vero
3340 4652 3477 4703 ratio

1924 4746 2107 4798 haberi
2159 4760 2263 4796 non
2298 4744 2491 4815 debeat
2526 4761 2536 4793 :
2574 4752 2649 4804 ut,
2706 4743 2946 4809 inquam,
2981 4743 3084 4795 illis
3132 4742 3479 4809 undiquaque

1924 4835 2137 4887 malitia;
2187 4843 2505 4900 apparatum
2546 4832 2819 4889 occludat,
2874 4832 2994 4884 vide
3036 4848 3154 4899 qua:
3200 4832 3416 4899 subiicit
3462 4850 3474 4883 :

1928 4926 2009 4979 Ex
2046 4929 2122 4979 liis
2150 4927 2345 4977 duobus
2376 4926 2646 4990 prwceptis
2696 4934 2803 4974 tota
2839 4923 2918 4974 lca;
2960 4932 3005 4975 ct
3051 4924 3310 4990 prop/icta?
3352 4938 3477 4986 peu-

1923 5021 2042 5071 dent
2073 5034 2089 5070 :
2122 5016 2271 5084 quasi
2294 5015 2517 5079 diceret,
2553 5015 2691 5082 quod
2727 5014 3057 5081 inquantum
3096 5014 3181 5065 illa
3212 5014 3475 5081 duojusta

1926 5124 2041 5162 mea
2065 5106 2451 5176 approbatione
2481 5105 2647 5173 potita
2674 5114 2821 5165 sunt,
2856 5116 2909 5157 ct
2935 5112 3122 5156 natura
3153 5118 3247 5157 sua
3275 5106 3477 5157 saluta-

1331 5345 1555 5401 VARIAZ
1596 5349 1973 5407 LECTIONES
2014 5354 2097 5407 ET
2130 5350 2357 5406 NOTAE.

340 5469 470 5540 (28‘)
503 5466 733 5540 Οὐδείς.
794 5463 970 5517 Malim
1024 5461 1213 5540 legere.
1251 5454 1325 5512 ὧν
1369 5461 1517 5540 ουδὲν
1564 5465 1641 5527 είς
1667 5468 1817 5540 *ἐαυ-

264 5530 377 5600 τὸν,
416 5530 545 5595 ctc..
594 5538 643 5589 id
689 5544 789 5595 est,
829 5530 1305 5602 quorunti'nullum
1338 5532 1610 5602 quisquam
1658 5537 1712 5587 in
1763 5554 1816 5589 se

264 5614 434 5678 ipsum
463 5622 691 5671 unquam
728 5605 1013 5678 admiserit.
1049 5601 1204 5678 certe
1232 5601 1538 5678 praepositio
1567 5607 1647 5678 είς
1681 5608 1817 5678 exui-

264 5670 364 5739 dit,
416 5670 614 5745 quippe
650 5690 754 5745 qua
816 5674 880 5725 ad
935 5670 1170 5745 phrasin)
1227 5670 1437 5745 plenam
1468 5674 1812 5745 _rcddendam

263 5738 405 5818 Opus
428 5738 530 5801 est:
554 5738 743 5798 Facile
768 5738 945 5797 autem
968 5740 1215 5794 excidere
1240 5738 1432 5807 potuit,
1464 5739 1518 5794 in
1550 5744 1740 5811 primis
1771 5748 1811 5799 si

1922 5468 2174 5536 Pliotium
2206 5467 2377 5528 οὐδεὶς
2400 5469 2678 5536 scripsisse
2710 5476 2932 5536 statuas.

1994 5540 2104 5606 (‘29)
2134 5533 2206 5606 τῼ
2228 5531 2545 5602 παροικεῖξ.
2580 5537 2674 5591 Ms.
2706 5531 2766 5588 οὗ
2793 5538 3069 5606 παροίκοις
3088 5579 3103 5602 ,
3126 5540 3271 5594 nullo
3296 5558 3477 5596 setis".

1924 5608 2147 5661 Photius
2192 5608 2431 5674 loquitur
2458 5608 2524 5659 de
2564 5608 2833 5673 pro-xime,
2869 5622 3100 5675 eumque
3127 5626 3156 5662 a
3196 5612 3477 5665 vicinitate

1922 5676 2179 5752 domicilii
2226 5677 2483 5729 describit
2546 5676 2599 5729 ld
2652 5693 2778 5730 vero
2826 5676 2997 5730 Cra-ci
3051 5679 3359 5748 exprimunt
3384 5696 3476 5752 ptl

1921 5764 2201 5819 παροικειν
2233 5764 2353 5797 τινι.
