4234 6432
738 384 842 447 939

1857 379 2118 439 l’lIOTll
2162 378 2660 439 l’ATRIAltCll/E
2700 380 2808 439 (ΞΡ.

3865 374 3975 436 9Δο

743 511 816 545 ria
849 500 976 544 sunt
1003 504 1066 544 ac
1088 501 1327 540 amorem
1361 485 1451 538 Dei
1491 493 1703 554 urgent,
1760 485 1810 537 in
1855 493 2061 538 tantum
2107 495 2163 539 et
2209 486 2291 538 lex
2337 490 2415 545 Λη

2337 490 2382 545 Λ
2414 489 2504 539 καὶ
2545 488 2572 538 ὁ
2602 488 2762 555 νόμος
2796 487 2914 548 ὅλος
2946 488 3037 539 καὶ
3076 488 3123 538 οἱ
3158 486 3433 556 προφῆται
3474 484 3581 537 τῶν
3618 484 3797 537 αὐτῶν
3838 485 3974 536 εἰσιν

743 593 849 635 tuta
902 590 955 632 et
1001 579 1279 647 prophetm
1308 575 1498 629 eodem
1559 575 1766 628 honore
1819 575 1965 645 digni
2017 575 2297 644 jndicandi

741 686 886 725 sunt.
914 671 1097 723 Mutuo
1135 670 1280 720 enim
1310 683 1450 719 nexu
1487 683 1549 719 ca
1582 668 1680 719 sibi
1738 666 1969 719 invicem
2014 668 2300 733 conjuncta

741 772 888 825 sunt,
922 763 1060 815 etab
1087 762 1274 813 eodem
1312 758 1615 825 legislatore
1646 757 1910 825 profecta,
1943 767 1998 809 et
2029 757 2303 826 legislator

741 872 803 908 ac
838 855 1027 908 doctor
1080 868 1269 905 eorum
1317 850 1559 902 omnium
1589 851 1779 901 eodem
1832 849 2174 925 undiquaque
2206 849 2301 900 lin-

742 964 874 999 uore
904 943 1314 1014 proscqueudus
1343 950 1442 993 est.
1476 940 1565 993 Sic
1586 950 1633 993 el
1672 940 1927 993 Davidem
1960 940 2087 992 alibi
2111 949 2300 996 testem

743 1038 919 1099 ali'crt,
950 1036 1041 1103 qui
1077 1035 1251 1103 ipsum
1284 1044 1339 1086 ut
1389 1032 1673 1085 Dominum
1705 1042 1761 1085 et
1796 1033 2055 1086 vietorem
2104 1046 2304 1085 renuu-

745 1128 917 1191 tiavit,
944 1144 1053 1179 non
1085 1126 1228 1179 unde
1254 1135 1307 1177 et
1355 1140 1453 1192 per
1488 1139 1568 1186 se,
1600 1126 1692 1177 sed
1728 1124 1782 1176 in
1832 1124 2039 1191 Spiritu
2088 1133 2303 1184 saneto,

748 1220 905 1271 talem
942 1218 1069 1269 item
1095 1216 1185 1283 qui
1227 1232 1255 1267 a
1287 1214 1536 1276 Domino,
1571 1215 1832 1268 Dominus
1874 1216 2142 1267 exsistens
2170 1214 2303 1282 ipse,

746 1309 1043 1361 sessionem
1091 1323 1119 1359 a
1169 1307 1371 1359 dextris
1423 1307 1714 1374 acceperit,
1772 1305 2073 1373 videritque
2125 1306 2307 1359 hostes

746 1416 874 1454 suos
895 1400 1130 1453 scabello
1162 1399 1358 1468 pedum
1401 1414 1621 1451 suorum
1659 1399 1935 1467 subjectos
1976 1409 2031 1453 et
2065 1410 2308 1469 prostra-

750 1505 852 1546 tos.
886 1493 987 1556 Qui
1017 1507 1146 1545 vero
1181 1491 1536 1559 pronuntiare
1562 1492 1676 1544 lucc
1706 1501 1761 1545 et
1783 1492 2076 1559 przcdicare
2099 1492 2310 1561 potuis-

750 1594 856 1646 set,
896 1583 1153 1636 contrarii
1184 1582 1436 1650 principii
1464 1582 1643 1634 alllatu
1671 1590 1843 1647 actus,
1876 1583 1929 1635 in
1960 1583 2168 1651 primis,
2187 1599 2309 1636 cum

752 1686 857 1728 tam
887 1675 1033 1726 clare
1051 1683 1103 1725 ct
1123 1674 1296 1741 palam
1319 1672 1503 1725 Jesum
1530 1673 1697 1725 Deum
1718 1676 2052 1740 pronuntiet,
2080 1689 2312 1742 eumque

751 1766 1036 1817 hominum
1071 1780 1228 1818 suum
1268 1764 1607 1831 proﬁteatur,
1643 1763 1926 1832 Patrisque
1973 1764 2309 1833 dignitatem,

2407 580 2613 643 ἐπάξιοι
2640 578 2840 648 γερῶν.
2872 578 3007 646 Συνή
3020 594 3210 646 ρτηται
3252 577 3357 645 γὰρ
3395 578 3644 647 ἀλλήλοις
3674 579 3848 629 ταῦτα
3877 578 3975 628 καὶ

2407 670 2722 736 συνέχεται,
2757 669 2975 736 καὶτῆς
3002 667 3169 734 αὐτῆς
3212 668 3536 736 νομοθεσίας
3582 668 3831 735 ἐξῆπται.
3865 668 3975 719 Καὶ

2405 759 2562 820 αὐτὸς
2604 759 2861 828 ὁμότιμος
2899 761 3045 810 ἐστιν
3090 761 3117 811 ὁ
3156 758 3361 811 τούτων
3393 760 3650 812 ἁπάντων
3686 760 3778 812 καὶ
3809 775 3975 826 νομο·

2405 850 2565 916 θέτης
2604 851 2692 900 καὶ
2740 851 3057 919 εἰσηγητής.
3113 850 3330 918 Ἀμέλει
3373 853 3467 902 καὶ
3496 850 3585 903 τὸν
3625 851 3786 902 Δαυῖδ
3812 851 3975 903 πάλιν

2405 941 2611 1006 εἰσάγει
2640 942 2909 1011 μάρτυρα,
2945 941 3144 1011 Κύριον
3172 942 3333 994 αὐτον
3361 942 3453 993 καὶ
3478 942 3709 1011 νικητὴν
3742 958 3976 1010 προανα-

2406 1032 2765 1102 κηρύττοντα,
2798 1034 2893 1084 καὶ
2914 1035 3012 1101 οὐχ
3040 1033 3230 1095 ἁπλῶς
3255 1071 3269 1095 ,
3295 1032 3407 1084 ἀλλ’
3442 1035 3497 1084 ἐν
3529 1032 3805 1100 ῙΙνεύματι
3832 1032 3977 1099 ἁγέῳ

2408 1126 2500 1178 καὶ
2528 1124 2677 1193 παρὰ.
2711 1124 2916 1194 Κυρίου
2955 1126 3053 1195 τὴν
3093 1127 3158 1177 ἐκ
3208 1123 3399 1190 δεξιῶν
3428 1123 3719 1195 καθέδραν,
3767 1124 3977 1193 Κύριον

2409 1216 2504 1268 καὶ
2543 1216 2703 1268 αὐτὸν
2727 1216 2876 1279 ὅντα,
2913 1216 3281 1286 λαμϐάνοντα,
3315 1218 3407 1267 καὶ
3436 1217 3562 1277 τοὺς
3590 1216 3814 1285 ἐχθροὺς
3840 1218 3977 1267 ὑπο-

2411 1306 2594 1359 πόδιον
2639 1308 2745 1359 τῶν
2790 1307 2964 1360 ποδῶν
3003 1307 3165 1359 αὑτοῦ
3219 1308 3556 1374 τιθεμένους,
3600 1308 3697 1358 καὶ
3740 1307 3977 1357 καταπί-

2412 1414 2663 1460 πτοντας.
2713 1400 2822 1451 Καὶ
2863 1398 2964 1451 ποῦ
2998 1397 3171 1450 ταῦτα
3222 1399 3614 1467 προαγορεύειν
3647 1399 3852 1450 ἐκεῖνον
3884 1397 3981 1449 καὶ

2412 1488 2681 1556 θεολογεῖν
2711 1490 2912 1559 παρῆν,
2957 1491 3004 1542 εἰ
3035 1490 3135 1558 τῆς
3162 1490 3409 1551 ἐναντίας
3445 1484 3591 1541 εἷλκε
3630 1488 3847 1557 μερίδος
3877 1488 3983 1555 τὴν

2412 1581 2717 1641 ἐπίπνοιαν,
2769 1580 3004 1648 μάλιστά
3049 1598 3113 1646 γε
3165 1580 3435 1646 θεολογεῖν
3482 1579 3624 1632 οὕτω
3668 1578 3855 1646 σαφῶς
3885 1578 3984 1629 καὶ

2412 1668 2869 1735 ἀπερικαλύπτως
2918 1668 3008 1721 τὸν
3047 1668 3276 1737 Ἰησοῦν,
3316 1668 3521 1737 Κύριον
3568 1684 3627 1719 τε
3659 1668 3791 1719 ἴδιον
3816 1666 3984 1718 αὑτὸν

2416 1758 2786 1826 ἀνομζολογεῖν,
2812 1759 2906 1811 καὶ
2936 1758 2995 1811 τὸ
3020 1760 3285 1827 πατρικὸν
3319 1758 3535 1825 ἀξίωμα
3560 1758 3648 1809 διά
3672 1758 3770 1825 τῆς
3797 1756 3989 1827 κυριό-

750 1866 1174 1909 eonnuemorato
1206 1854 1470 1917 dominio,
1510 1854 1611 1922 ipsi
1642 1854 1902 1919 vindicet,
1929 1864 1983 1907 et
2004 1870 2164 1923 quam
2192 1856 2308 1907 illu-
2342 1841 2384 1895 Β
2416 1866 2422 1878 ·

2342 1841 2384 1895 Β
2416 1865 2574 1917 τητος
2622 1849 3041 1919 ἐπιμαρτυρεῖν,
3079 1850 3172 1901 καὶ
3206 1849 3281 1911 ὡς
3324 1849 3589 1917 λαμπρῶς
3628 1850 3722 1902 καὶ
3749 1850 3987 1916 ἀναφαίο

750 1959 913 2001 strem
972 1947 1448 2014 invincihilemque
1485 1947 1783 2015 potentiam
1830 1947 2091 1999 adversus
2129 1948 2314 2001 hostes

750 2050 1073 2110 probaturus
1132 2040 1235 2098 sit,
1282 2047 1531 2093 testetur.
1589 2039 1711 2092 Haec
1758 2039 1939 2092 omnia
1996 2038 2151 2106 cujus
2195 2038 2313 2091 fue-

752 2132 823 2184 rit
874 2140 929 2184 et
980 2129 1376 2199 praenuntiam,
1425 2136 1482 2183 et
1541 2129 1597 2181 in
1650 2128 1905 2181 effectum
1963 2127 2262 2195 perducere

750 2235 911 2287 quam
963 2219 1179 2286 quidem
1215 2217 1469 2270 beneﬁca:
1502 2216 1595 2268 Dei
1654 2215 1965 2284 sapientiae,
2016 2229 2111 2282 per
2154 2228 2313 2282 quam

750 2320 806 2365 et
835 2310 1015 2363 omnia
1043 2309 1368 2369 consistunt,
1391 2318 1443 2360 et
1472 2322 1559 2371 ea,
1585 2322 1706 2374 qua:
1730 2307 1795 2359 ad
1827 2307 2057 2359 salutem
2077 2314 2316 2358 nostram

751 2402 1061 2471 pertinent,
1103 2401 1169 2454 ab
1200 2401 1406 2470 origine
1457 2399 1641 2452 mundi
1682 2399 1926 2458 deﬁnita,
1954 2408 2318 2466 eventumque

756 2493 968 2555 sortita,
1007 2500 1133 2544 sunt
1166 2506 1250 2551 eo,
1285 2491 1375 2557 qui
1406 2488 1752 2553 deﬁniverat,
1782 2504 1889 2541 non
1932 2488 2249 2556 indignum?

825 2582 1033 2635 XXVII.
1088 2582 1491 2649 l’erpcndamus
1534 2595 1663 2633 vero
1711 2579 1872 2632 etiam
1922 2580 2022 2631 hoc
2054 2578 2189 2639 loco,
2220 2593 2321 2630 au-

754 2690 861 2727 non
894 2673 1068 2726 Moses
1098 2682 1151 2724 et
1183 2671 1345 2734 Elias,
1400 2671 1696 2724 secundum
1729 2671 1898 2739 legem
1927 2671 2188 2733 viventes,
2227 2670 2322 2723 mi-

755 2765 908 2819 uistri
938 2766 1137 2818 fuerint
1166 2764 1291 2816 boui
1342 2771 1398 2815 et
1430 2763 1543 2815 veri
1588 2761 1706 2821 Dei.
1743 2762 1952 2830 ipsique
1986 2761 2322 2830 placuerint?

754 2855 1036 2921 Quomodo
1074 2854 1222 2907 enim
1251 2856 1304 2905 in
1338 2861 1540 2917 monte,
1587 2853 1641 2905 in
1680 2867 1789 2921 quo
1820 2854 2076 2906 Servator
2106 2852 2321 2907 transti-

754 2957 977 3015 guratus
995 2955 1095 3006 est.
1120 2945 1451 3014 gloriamque
1473 2943 1773 2997 divinitatis
1802 2958 1914 2996 suae
1932 2943 2321 3007 manifestavit,

757 3047 809 3089 et
835 3035 1116 3104 praecipuis
1134 3036 1245 3088 suis
1269 3034 1548 3102 discipulis
1572 3033 1798 3103 fulguris
1835 3036 2007 3087 instar
2034 3034 2322 3087 videndam

760 3127 926 3190 dedit,
950 3126 1175 3178 aderant
1199 3124 1310 3187 illi,
1341 3113 1635 3192 divinaque
1665 3124 1953 3192 Splendore
1984 3124 2322 3184 fruebantur,

763 3217 866 3270 nisi
891 3216 957 3269 ad
987 3216 1225 3269 cultores
1255 3216 1373 3282 ejus
1417 3224 1474 3269 et
1495 3215 1773 3268 ministros
1801 3213 2195 3282 pertinuissent
2229 3216 2272 3247 "
2303 3214 2326 3265 ?

765 3309 878 3361 lmo
911 3306 1181 3375 quomodo
1207 3320 1316 3357 non
1354 3305 1526 3358 solum
1560 3305 1804 3367 aderant,
1857 3305 2029 3357 instar
2055 3306 2326 3357 nudorum

766 3406 1157 3466 spectatorum,
1195 3395 1286 3448 sed
1319 3404 1377 3447 ut
1402 3396 1554 3459 tales,
1585 3395 1675 3463 qui
1710 3410 1817 3464 prae
1843 3394 2061 3462 reliquis
2088 3395 2329 3463 discipu-

769 3489 832 3540 lis
857 3486 1111 3556 primitiis
1141 3485 1224 3537 his
1254 3484 1480 3537 visionis
1508 3483 1601 3537 Dei
1647 3484 1989 3547 fruebantur,
2030 3495 2086 3537 et
2113 3499 2176 3537 ex
2206 3500 2330 3551 gra-

774 3579 844 3631 tia
870 3576 1222 3646 praerogativa
1285 3574 1515 3644 quadam
1563 3589 1675 3643 prae
1704 3574 1826 3638 illis,
1856 3574 1911 3627 in
1935 3589 2167 3642 quorum
2195 3574 2330 3627 alio.

769 3668 903 3735 quin
937 3665 1197 3718 societate
1230 3672 1407 3726 erant,
1431 3663 1810 3717 ornabantur?
1861 3662 2160 3733 Splendore
2184 3663 2329 3717 enim

770 3755 1085 3811 circumfusi
1141 3770 1263 3807 cum
1304 3753 1433 3808 Jesu
1486 3755 1870 3823 loquebantur,
1912 3770 2333 3826 sermonumque

770 3848 983 3901 illorum
1012 3862 1220 3899 summa
1262 3854 1379 3898 erat
1437 3861 1591 3906 crux,
1652 3854 1708 3899 et
1734 3845 1956 3898 victoria
1987 3855 2041 3898 et
2074 3855 2271 3914 tropaea
2301 3860 2332 3899 a

771 3947 948 3990 morte
983 3935 1331 4004 reportanda.
1357 3935 1514 3999 Quod
1540 3936 1701 4004 igitur
1728 3945 1977 4004 respectu
2005 3944 2329 3989 cmlerorum

769 4028 1163 4096 discipulorum
1210 4028 1441 4088 Petrus,
1499 4026 1731 4079 Jacobus
1770 4036 1825 4079 et
1868 4025 2106 4080 Joannes
2139 4036 2330 4089 erant,

772 4120 823 4171 id
866 4128 1115 4187 respectu
1146 4117 1360 4170 illorum
1394 4116 1684 4186 (veterum)
1712 4115 1895 4169 Mosen
1930 4126 1985 4170 et
2017 4116 2188 4169 Etiam
2213 4132 2335 4171 esse

771 4211 877 4263 hoc
923 4210 1041 4277 ipso
1098 4210 1355 4262 Servator
1407 4208 1738 4272 declarabat,
1800 4223 2002 4276 eosque
2046 4208 2333 4262 evellebat.

766 4303 923 4367 Quod
955 4318 1083 4355 vero
1103 4302 1352 4356 collocuti
1378 4317 1500 4356 cum
1529 4317 1595 4355 eo
1620 4302 1746 4364 sint,
1788 4302 2132 4370 primumque
2157 4302 2334 4353 locum

771 4391 1113 4454 occuparint,
1184 4389 1253 4440 ita
1321 4386 1600 4456 Scriptura
1655 4402 1806 4440 sacra
1830 4386 2042 4439 eli‘ert:
2102 4387 2337 4455 Cumque

2418 1956 2572 2007 ρετον
2615 1940 2674 1991 τὸ
2723 1942 2923 2008 κράτος
2973 1941 3304 2009 ἁναδήσεται
3335 1942 3396 1992 τὸ
3440 1942 3581 1993 κατὰ
3610 1941 3718 1992 τῶν
3750 1940 3983 2010 ἐχθρῶν.

2417 2030 2485 2081 Ἃ
2512 2029 2655 2090 τίνος
2686 2026 2752 2100 ἦν
2787 2030 2947 2083 ἄλλου
2985 2033 3078 2083 καὶ
3125 2029 3510 2101 προθεσπίζειν
3555 2031 3648 2082 καὶ
3676 2030 3756 2092 είς
3797 2031 3976 2096 πέρας

2413 2121 2586 2188 ἄγειν,
2617 2124 2662 2173 εἰ
2696 2123 2770 2189 μὴ
2811 2122 2908 2189 τῆς
2950 2121 3323 2188 ἁγαθοδότιδος
3351 2123 3460 2190 (50)
3493 2121 3628 2174 Θεοῦ
3660 2121 3848 2188 σοφίας
3869 2158 3883 2180 ,
3915 2120 3985 2171 δι’

2412 2207 2479 2282 ἦς
2503 2212 2562 2264 τό
2586 2229 2643 2264 τε
2676 2214 2894 2281 σύμπαν
2921 2213 3148 2282 ὑπέστη,
3178 2214 3269 2265 καὶ
3297 2214 3365 2264 τά
3392 2212 3493 2280 τῆς
3520 2212 3791 2280 σωτηρίας
3821 2210 3987 2278 ἡμῶν

2415 2305 2522 2356 ἀπ’)
2543 2303 2843 2373 καταϐολῆς
2866 2304 3180 2373 προωρίσθη
3220 2304 3447 2373 κόσμου,
3480 2304 3572 2356 καὶ
3616 2304 3786 2373 πέρας
3820 2302 3984 2354 ἔλαϐε

2416 2392 2509 2444 τοῦ
2541 2392 2926 2463 προορίσαντος
2958 2393 3057 2445 οὐκ
3086 2394 3324 2457 ἀνάξιον.

2489 2569 2621 2623 Kll'.
2657 2568 2956 2638 Σκοπῶμεν
3002 2569 3058 2622 δὲ
3090 2568 3383 2623 κάντεῦθεν
3404 2608 3419 2633 ,
3459 2572 3508 2622 εί
3537 2570 3609 2639 μὴ
3645 2571 3847 2639 Μωσῆς
3896 2572 3991 2623 καὶ

2433 2661 2617 2723 Ἠλίας
2644 2661 2792 2731 νόμῳ
2825 2659 3144 2730 βεῦιωκότες
3174 2659 3504 2730 θεράποντες
3528 2655 3687 2729 ἦσαν,
3726 2661 3820 2713 καὶ
3851 2661 3991 2729 πρὸς

2419 2753 2712 2822 ἀρέσκειαν
2774 2753 3104 2823 πράττοντες
3153 2750 3248 2804 τοῦ
3308 2751 3514 2819 ἀγαθοῦ
3572 2752 3669 2805 καὶ
3731 2750 3991 2821 ἀληθινοῦ

2420 2840 2577 2893 Θεου.
2607 2841 2731 2901 Πῶς
2759 2844 2816 2893 ὲν
2839 2839 2916 2909 τῷ
2948 2840 3085 2909 ὄρει,
3118 2842 3175 2891 ἐν
3286 2840 3686 2911 μετεμορφώθη
3718 2842 3746 2892 ὁ
3777 2842 3990 2911 Σωτὴρ,

2423 2929 2519 2982 xai.
2565 2930 2664 2999 τὴν
2703 2929 2859 2994 δόξαν
2896 2927 3060 2981 αὐτοῦ
3110 2929 3207 2997 τῆς
3246 2927 3498 2997 θεότητος
3548 2928 3951 2997 παρεγύμνωσε
3976 2968 3993 2992 ,

2424 3021 2518 3074 καὶ
2557 3021 2858 3089 ἐνήστραψε
2892 3021 3007 3082 τοῖς
3042 3018 3362 3089 προκρίταις
3398 3018 3505 3071 τῶν
3536 3019 3813 3089 μαθητῶν,
3850 3036 3995 3088 συμ-

2427 3112 2678 3181 παρῆσαν
2718 3105 2862 3163 οῦτοι
2898 3111 2991 3162 καὶ
3038 3110 3416 3179 συναπήλαυον
3446 3108 3547 3177 τῆς
3599 3108 3747 3171 θείας
3784 3110 3996 3179 ἀστρα-

2430 3202 2557 3270 πῆς,
2592 3201 2666 3272 μὴ
2695 3203 2792 3270 τῆς
2827 3199 2992 3253 αὑτοῦ
3022 3199 3277 3270 λατρείας
3318 3200 3450 3268 μηδέ
3485 3199 3776 3269 θεραπείας
3804 3200 3994 3266 ὅντεςς

2427 3293 2536 3345 Καὶ
2563 3293 2625 3346 οὐ
2672 3292 3035 3362 συμπαρῆσαν
3071 3291 3231 3360 μόνον
3268 3285 3355 3343 οἷα
3384 3291 3448 3359 δὴ
3480 3290 3731 3359 τυχόντες
3765 3292 3993 3357 θεαταὶ,

2428 3383 2562 3436 ἀλλὰ
2590 3382 2847 3452 μαθητῶν
2880 3381 2977 3451 μὲν
3004 3382 3112 3432 τῶν
3143 3380 3404 3433 πλειόνων
3433 3381 3753 3443 οίκειὼσεώς
3775 3399 3832 3433 τε
3863 3400 3999 3450 προ-

2429 3476 2632 3544 νομίοις
2656 3475 2749 3527 καὶ
2780 3473 3053 3534 θεοπτίαις
3082 3472 3491 3541 ἐξαιρούμενοι·
3525 3476 3615 3525 καὶ
3647 3469 3727 3534 οἷς
3780 3473 3837 3524 δὲ
3871 3490 3997 3525 συν-

2430 3566 2712 3618 ετάττοντο
2750 3562 3013 3615 κάκείνων
3036 3578 3087 3613 τι
3130 3562 3290 3614 πλέον
3322 3562 3464 3631 ἔχειν
3496 3564 3641 3631 παρὰ
3671 3562 3767 3631 τῆς
3797 3562 3999 3630 ἀγαθό-

2430 3672 2587 3724 τητος
2604 3654 2773 3723 δῶρον
2796 3654 3071 3721 φέροντεςε
3101 3654 3207 3704 Καὶ
3223 3654 3331 3722 γὰρ
3353 3650 3476 3725 δόξῃ
3504 3671 3567 3705 πε
3576 3653 4000 3723 ριαυγαζόμενοι

2433 3746 2751 3799 συνελάλουν
2792 3744 2871 3815 τῷ
2925 3742 3099 3814 Ἰησοῦ
3148 3746 3240 3796 καὶ
3276 3744 3386 3796 τῶν
3414 3744 3585 3813 λόγων
3614 3740 3682 3814 ἧν
3727 3744 3786 3797 τὸ
3825 3746 4001 3812 κεφά-

2431 3837 2580 3889 λαιον
2608 3840 2636 3889 ὁ
2662 3835 2893 3905 σταυρὸς
2933 3838 3026 3887 καὶ
3052 3836 3085 3904 ἡ
3117 3834 3255 3886 κατὰ
3283 3831 3377 3885 τοῦ
3405 3833 3632 3886 θανάτου
3660 3834 3781 3903 νίκη
3819 3838 3911 3886 καὶ
3940 3834 4003 3886 τὸ

2433 3929 2710 3996 τρόπαιον.
2763 3926 2926 3977 Ὥστε
2962 3925 3097 3994 ὅπερ
3128 3919 3265 3993 ἦσαν
3294 3925 3407 3986 τοῖς
3452 3923 3630 3986 ἄλλοις
3664 3925 3868 3993 Πέτρος
3907 3927 4003 3978 καὶ

2446 4018 2699 4080 Ἰάκωὸος
2753 4016 2846 4069 καὶ
2891 4015 3169 4085 Ἰωάννης,
3233 4014 3389 4067 τοῦτο
3450 4015 3616 4084 Μωσῆ
3667 4015 3760 4067 καὶ
3813 4017 4003 4068 Ἠλίαν

2432 4109 2641 4170 τούτοις
2668 4104 2806 4161 εἶναι
2832 4107 3109 4175 διεκόσμει
3135 4107 3276 4159 κατά
3294 4122 3354 4172 γε
3375 4104 3532 4157 τοῦτο
3561 4105 4002 4174 καὶέμεγάλυνεν

2434 4203 2462 4253 ὁ
2497 4200 2705 4269 Σωτήρ.
2742 4198 2861 4250 Ὅτι
2892 4197 2948 4249 δὲ
2983 4196 3314 4266 συνωμίλουν
3350 4195 3498 4264 αύτῷ
3524 4197 3615 4248 καὶ
3648 4197 3745 4264 τὴν
3776 4197 4003 4266 πρώτην

2435 4292 2583 4356 τάξιν
2631 4289 2900 4357 ἐπλήρουν
2924 4327 2938 4347 ,
2970 4287 3067 4338 ὼδὶ
3113 4287 3172 4338 τὸ
3216 4287 3312 4355 τῆς
3347 4287 3643 4355 ίερολογίας
3690 4287 3851 4353 φησί·
3891 4289 4002 4339 Καὶ

2435 4380 2670 4450 ἐγένετο
2707 4380 2777 4431 ἐν
2802 4377 2881 4442 τῷ
2912 4378 3349 4445 προσεύχεσθαι
3374 4377 3580 4438 αὐτὸν,
3614 4376 3680 4428 τὸ
3709 4372 3867 4440 εἶδος
3894 4377 4005 4428 τοῦ

770 4490 1091 4548 precaretur,
1138 4480 1345 4532 habitus
1377 4479 1548 4532 vultus
1606 4479 1720 4547 ejus
1756 4480 1926 4547 [actus
1970 4488 2043 4531 est
2080 4478 2240 4542 alius,
2285 4487 2335 4530 et
2368 4487 2442 4542 οι

2332 4488 2335 4523 τ
2368 4487 2411 4542 ι)
2439 4470 2759 4538 προσώπου
2790 4467 2976 4521 αὐτοῦ
3015 4467 3235 4533 ἕτερον,
3278 4465 3377 4518 καὶ
3410 4468 3441 4518 ὀ
3472 4464 3779 4532 ἱματισμὸς
3812 4461 4004 4515 αὑτοῦ

772 4574 1073 4625 rcstimenta
1106 4572 1217 4638 ejus
1246 4571 1368 4623 alba
1402 4587 1464 4623 ac
1495 4571 1829 4638 refulgentia.
1887 4568 1951 4622 Et
1975 4586 2088 4623 ecce
2108 4572 2209 4623 duo
2236 4571 2334 4622 viri

775 4663 1193 4729 rollequebautur
1214 4678 1327 4714 cum
1363 4678 1442 4727 eo,
1493 4664 1581 4730 qui
1630 4672 1777 4714 erant
1809 4648 1971 4714 Moses
2001 4669 2047 4714 et
2084 4660 2231 4713 Elius
2269 4661 2334 4714 “.

772 4752 1059 4805 Audisne?
1109 4750 1304 4815 Moses,
1354 4752 1551 4819 inquit,
1592 4763 1777 4814 erant,
1828 4760 1882 4804 et
1913 4750 2094 4823 Elias,
2146 4752 2237 4819 qui
2283 4751 2336 4803 in

777 4842 943 4910 gloria
993 4853 1315 4911 apparentes
1359 4842 1458 4911 ipsi
1490 4844 1697 4895 exitum
1764 4824 2147 4911 przcdicebant,
2178 4858 2341 4911 quem

776 4933 1065 4986 sortiturus
1112 4943 1228 4988 erat
1269 4933 1673 5003 Hierosolymis.
1706 4931 1802 4986 Vel
1840 4932 1883 4986 si
1920 4933 2090 4986 mavis
2140 4933 2340 4986 intelli-

776 5036 902 5091 gere
932 5023 1156 5091 gloriam
1178 5022 1247 5076 de
1278 5037 1383 5091 qua
1409 5022 1511 5075 alia
1549 5020 1827 5089 Scriptura
1874 5028 2121 5082 testatur,
2156 5020 2341 5073 Mosen

778 5124 829 5166 et
860 5114 1028 5168 Eliam
1051 5115 1347 5169 divinitatis
1386 5130 1519 5173 sum,
1571 5114 1751 5182 quoad
1779 5111 1870 5165 illa
1911 5113 1979 5165 ab
2005 5111 2227 5166 homine
2251 5113 2335 5164 vi-

779 5205 891 5258 deri
916 5215 1109 5273 potest,
1142 5217 1474 5275 spectatores
1501 5204 1755 5260 Servator
1782 5203 2194 5273 transﬁguratus
2222 5219 2340 5258 esse

853 5318 897 5346 "
920 5316 1109 5371 Matth.
1140 5332 1269 5378 xvu,
1297 5316 1350 5377 ‘2,
1377 5315 1431 5369 3.

2439 4556 2656 4621 λευκὸς
2691 4553 3137 4621 ἐξαστράπτων,
3165 4552 3262 4604 καὶ
3312 4553 3439 4606 ἰδοὺ
3468 4552 3683 4619 ἄνδρες
3714 4551 3823 4603 δύο
3854 4566 4006 4604 συν-

2438 4649 2703 4703 ελάλουν
2740 4646 2922 4711 αὐτῷ,
2956 4647 3171 4711 οἵτινες
3207 4642 3370 4714 ἦσαν
3397 4644 3619 4710 Μωσῆς
3650 4647 3749 4699 καὶ
3782 4643 4004 4708 Ἠλίας.

2451 4742 2729 4806 Ἀκούεις;
2762 4739 2964 4807 Μωσῆς
2986 4776 3002 4801 ,
3045 4739 3210 4807 φησὶν
3231 4777 3246 4803 ,
3282 4734 3419 4807 ἦσαν
3446 4736 3538 4789 καὶ
3581 4737 3786 4800 Ἠλίας,
3813 4736 3862 4787 οἱ
3902 4736 4006 4802 ὀφ-

2441 4835 2623 4896 θέντες
2648 4834 2706 4885 ἐν
2735 4832 2862 4902 δόξῃ
2885 4870 2900 4892 ,
2932 4830 3115 4896 ἔλεγον
3142 4830 3239 4899 τὴν
3271 4828 3447 4892 ἔξοδον
3474 4826 3640 4879 αὑτοῦ
3664 4869 3679 4891 ,
3714 4827 3780 4897 ἦν
3812 4825 4007 4895 ἔμελλε

2442 4923 2682 4995 πληροῦν
2714 4926 2772 4975 ἐν
2818 4919 3192 4992 Ἰερουσαλήμ.
3249 4920 3317 4971 Ἢ
3369 4920 3415 4971 εί
3463 4917 3636 4986 βούλει
3675 4920 3773 4986 τὴν
3806 4917 3964 4980 δόξαν
3989 4957 4007 4981 ,

2441 5015 2624 5084 ὥσπερ
2655 5014 2790 5083 ἄλλη
2822 5013 3060 5065 διδάσκει
3088 5009 3277 5081 Γραφὴ
3311 5011 3419 5078 (51)
3453 5010 3655 5077 Μωσῆν
3685 5010 3778 5061 καὶ
3817 5010 4007 5060 Ἠλίαν

2441 5107 2538 5174 τῆς
2592 5104 2755 5159 αὑτοῦ
2806 5102 3093 5173 θεότητος,
3148 5100 3222 5165 ὥς
3270 5103 3417 5153 ἐστιν
3465 5098 3735 5170 ἀνθρώπῳ
3781 5098 4007 5151 δυνατλν

2448 5199 2593 5260 ἰδεῖν,
2645 5197 2953 5265 παρέστησε
3002 5195 3198 5257 θεατὰς
3244 5189 3551 5262 μορφωθεὶς
3597 5190 3625 5242 ὁ
3671 5190 3879 5259 Σωτὴρ,
3914 5190 4006 5242 καὶ

1865 5425 2091 5485 VARUE
2124 5426 2501 5483 LECTIONES
2528 5424 2614 5478 ET
2656 5421 2887 5476 NOTAE.

855 5540 966 5614 (50)
1019 5535 1490 5614 Ἀγςαθοδρτιδοςα
1525 5535 1639 5614 Ms._
1674 5534 2009 5614 ἁγαθότιδος.
2060 5534 2331 5614 Rescripsi

786 5604 957 5678 prius,
986 5622 1050 5678 ex
1083 5604 1410 5678 ἁγαθοδύτης
1444 5612 1498 5658 et
1528 5604 1583 5678 in
1617 5604 1878 5658 feminino
1903 5620 2107 5678 genere
2132 5604 2334 5672 ἁγαθο-

785 5675 945 5738 δότις,
975 5677 1023 5729 id
1056 5686 1157 5744 est,
1185 5676 1273 5744 qui
1303 5675 1382 5728 vel
1411 5690 1526 5743 qua:
1558 5677 1687 5726 bona
1713 5675 2032 5741 suppeditat.
2068 5675 2211 5731 Usus
2243 5677 2342 5729 hac

791 5760 918 5799 \oec
951 5754 1031 5800 est
1059 5743 1346 5814 Dionysius
1383 5744 1720 5813 Areopagita.

2514 5536 2624 5606 (5|)
2655 5534 2887 5602 Γραφή.
2910 5532 3115 5606 alludit
3134 5533 3327 5606 Noster
3354 5534 3735 5606 proculdubio
3759 5534 3825 5590 ad
3847 5532 4015 5590 Joan.

2448 5626 2486 5666 ι.
2518 5602 2614 5666 14(
2636 5606 2725 5660 ubi
2766 5606 2839 5659 ita
2877 5621 2887 5655 :
2922 5603 3148 5671 Εἶδομεν
3180 5602 3277 5673 τὴν
3308 5603 3465 5667 δόξαν
3497 5605 3660 5657 αὐτοῦ
3688 5645 3701 5669 ,
3742 5606 3905 5672 δόξαν
3938 5606 4017 5669 ὡς

2453 5677 2789 5744 Μονογενοῦς
2818 5691 2892 5726 πα
2900 5674 2967 5742 ρὰ
2999 5674 3113 5727 Πατ
3121 5673 3231 5742 ρός.
