4234 6432
217 378 318 444 241

1245 391 1537 452 CONTRA
1577 392 2030 457 MANICII/EOS
2061 399 2288 459 LIBER
2343 400 2439 459 IV.

3358 401 3463 466 242

216 494 331 553 τοῖς
375 489 646 560 μαθηταῖς
678 493 991 561 συντάττει,
1027 497 1228 564 μᾶλλον
1261 500 1338 561 δὲ,
1370 502 1444 564 ὡς
1483 503 1785 565 δέδεικται,
1820 508 1860 561 Α

1820 508 1860 561 Α
1894 507 2082 568 voluit,
2105 523 2307 576 eosque
2330 524 2452 563 cum
2488 508 2770 578 discipulis
2795 507 3095 576 coniungit,
3144 511 3224 564 vel
3258 515 3459 580 potius,

219 584 472 649 προάγει,
507 589 600 653 οὐχ
637 586 719 638 ὅτι
744 586 918 639 διόλου
953 589 1015 641 τὸ
1049 589 1266 648 ἔλαττον
1300 590 1531 656 ἕξουσιν,
1569 595 1683 647 ἀλλ’
1710 597 1791 648 ὃτι

217 676 332 736 τοῖς
366 676 465 742 μὲν
487 675 564 743 τῷ
593 676 667 744 νῷ
694 678 936 732 διαπλεῖν
964 680 1041 733 ἔτι
1070 682 1162 734 τὸν
1193 682 1326 750 βίον,
1352 685 1444 736 καὶ
1464 689 1581 746 ταῖς
1605 704 1792 754 τρικυ-

223 766 412 832 μῖαις,
453 762 540 818 οἶα
575 767 639 835 δὴ
685 769 750 820 τά
792 770 1144 841 ἀνθρώπινα,
1191 774 1483 827 ὑπελίπετο
1531 777 1790 829 κλυδωνί-

218 855 412 917 ζεσῡαι
435 876 447 888 ·
482 861 528 910 οξ
565 860 621 911 δὲ
651 859 738 912 τὸν
759 862 926 930 ὅρμον
958 859 1100 933 εἶχον
1127 865 1456 936 ἀκύμαντον.
1513 867 1568 920 ὐ
1609 870 1664 920 δὲ
1692 869 1790 937 τῆς

218 949 525 1015 ἀσφαλείας
557 952 652 1003 καὶ
683 952 774 1006 τοῦ
815 953 1031 1023 λιμένος
1067 958 1231 1026 μήπω
1259 957 1462 1028 τυχὼν,
1498 959 1592 1011 τοῦ
1623 978 1791 1013 κατα-

219 1037 476 1100 λαϐόντος
509 1041 631 1109 ἢδη,
673 1042 767 1094 καὶ
795 1044 929 1096 πολὺ
956 1045 1281 1115 τιμιώτερον
1308 1048 1368 1099 τὸ
1401 1051 1617 1118 φορτίον
1651 1049 1791 1121 φέρῃ

219 1133 286 1199 τῇ
333 1131 528 1203 άδηλίᾳ
562 1136 658 1201 τῆς
698 1136 992 1205 σωτηρίας,
1027 1136 1121 1189 τοῦ
1151 1138 1374 1206 βεϐαίαν
1405 1141 1610 1209 ταύτην
1639 1143 1793 1209 εὐρο-

221 1223 389 1290 μένου
421 1224 600 1293 πολλῷ
634 1226 879 1280 λείπεται
915 1229 1050 1297 (52).
1101 1229 1245 1298 Πλὴν
1271 1231 1386 1282 ἀλλ’
1417 1231 1511 1294 οὓς
1536 1233 1792 1302 τηλικαύ-

217 1328 317 1380 της
367 1313 524 1382 δόξης
578 1316 717 1380 ἀξιοῖ
751 1318 981 1385 Χριστὸς
1017 1321 1048 1386 ἡ
1081 1320 1327 1390 ἀλήθεια,
1362 1323 1437 1384 ὠς
1467 1326 1559 1374 καὶ
1603 1326 1793 1377 συλλα-

218 1404 333 1456 λεῖν
377 1407 572 1468 αὐτοὺς
608 1409 756 1476 αὐτῷ
788 1411 882 1460 καὶ
925 1413 1113 1479 ὑμνεῖν
1155 1413 1318 1465 αὐτοῦ
1350 1415 1445 1482 τὴν
1492 1415 1650 1480 δόξαν
1700 1420 1794 1470 καὶ

216 1497 317 1565 τὴν
344 1497 519 1559 ἔξοδον
539 1540 552 1558 ,
584 1500 690 1567 ἄρα
719 1501 940 1564 τούτους
970 1504 1030 1555 οὑ
1071 1505 1312 1573 φρίττεις
1345 1509 1645 1575 κωμῳδεῖν,
1679 1510 1792 1561 ἀλλ’

217 1590 297 1649 εἰς
325 1592 570 1658 πονηράν
601 1593 841 1656 ἐλαύνεις
871 1597 1075 1664 ἀρχήν;
1110 1598 1203 1658 Τίς
1228 1596 1273 1650 δ’
1303 1599 1463 1650 αὑτὸν
1487 1600 1668 1652 ἐκάλει
1698 1602 1793 1653 καὶ

216 1679 380 1748 χρείᾳ
414 1681 618 1745 ἀγαθὸν
645 1682 772 1734 ὅντα
806 1685 899 1736 καὶ
931 1685 1261 1754 αγαοότητος
1294 1690 1506 1757 πηγὴν,
1536 1691 1662 1751 τοὺς
1695 1692 1792 1743 οὐκ

215 1774 377 1834 ὄντας
413 1775 511 1842 μὲν
541 1776 728 1838 αὑτοῦ,
762 1779 931 1847 κακίᾳ
957 1778 1010 1830 δὲ
1038 1783 1329 1847 συμφυεῖς,
1358 1786 1468 1842 τοῖς
1497 1799 1554 1833 τε
1588 1782 1784 1848 ἄλλοις,

215 1865 254 1916 ἃ.
308 1866 666 1934 προείρηται,
707 1871 906 1937 τιμᾷν,
953 1871 1048 1920 καὶ
1098 1871 1232 1939 πρὸς
1275 1873 1466 1924 ἑαυτὸν
1521 1874 1790 1943 μετακλή-
1820 1847 1861 1900 Β

214 1975 344 2021 τους
377 1961 570 2012 ποιεῖν.
610 1960 744 2012 Οὐδὲ
790 1962 895 2029 γὰρ
941 1962 1137 2014 ἐκεῖνοι
1173 1962 1364 2033 γνώμῃ
1403 1967 1655 2035 παρῆσαν
1689 1985 1786 2020 πο-

215 2050 311 2101 θὲν
333 2089 348 2113 ,
377 2051 497 2102 οὐδὲ
530 2052 636 2120 γὰρ
687 2052 890 2121 ἴσχυον,
927 2053 1060 2105 ἀλλὰ
1105 2054 1196 2108 τὸν
1245 2057 1342 2124 μὲν
1385 2057 1544 2120 αὐτὸς
1575 2060 1631 2120 ἐξ
1661 2059 1788 2128 ᾇδου

215 2140 478 2192 ἀνασπῶν
498 2181 512 2203 ,
545 2143 636 2193 τον
664 2141 719 2193 δὲ
749 2143 813 2194 ὲκ
849 2144 1156 2212 μεταρσίων
1187 2162 1243 2196 τε
1272 2147 1364 2198 καὶ
1398 2146 1603 2217 φθοράς
1636 2149 1789 2200 ὲλευ-

216 2230 394 2299 θέρων
452 2232 702 2300 μετάγων
760 2235 1169 2303 σκηνωμάτων,
1231 2237 1552 2304 ὲξῳκειοῦτό
1598 2257 1655 2291 τε
1696 2240 1788 2293 καὶ

218 2325 494 2390 συνῆπτεν
551 2325 744 2387 αὐτοὺς
785 2326 984 2395 ἐαυτῷ.
1021 2328 1125 2378 Καὶ
1164 2328 1225 2379 οὐ
1260 2329 1430 2382 ταῦτα
1463 2318 1654 2398 μόνον,
1692 2331 1787 2384 ἀλ-

216 2414 285 2467 λά
307 2431 371 2480 γε
399 2415 495 2466 καὶ
520 2415 548 2464 ό
572 2414 760 2484 Πατὴρ
786 2415 1010 2483 ἄνωθεν,
1037 2418 1316 2486 παρόντων
1345 2419 1453 2471 τῶν
1471 2420 1785 2490 ἀλλοτρίων,

213 2506 290 2566 ὡς
318 2506 368 2556 oi
398 2507 492 2557 τοῦ
516 2506 794 2576 ἀλλοτρίου
825 2511 979 2576 φασὶ,
1008 2510 1235 2579 νεφέλην
1258 2511 1434 2578 φωτὸς
1461 2512 1784 2576 διετάννυεν,

216 2596 643 2658 ὲπισκιάζουσαν
694 2599 906 2663 αὐτούς.
944 2601 1051 2652 Καὶ
1085 2602 1267 2668 φωνὴν
1314 2603 1378 2654 ἐκ
1417 2604 1514 2672 τῆς
1561 2603 1788 2672 νεφέλης

215 2683 369 2751 ἀφίει
395 2684 674 2750 λέγουσαν·
708 2682 894 2752 Οὗτός
918 2688 1089 2740 ἐστιν
1120 2692 1152 2741 ό
1189 2691 1319 2755 Υἱός
1340 2708 1457 2758 μου
1491 2693 1523 2744 ό
1562 2691 1790 2760 ἀγαπη-

217 2775 343 2837 τὸς,
383 2775 452 2825 ἐν
494 2769 542 2840 ᾧ
583 2777 888 2843 εὐδόκησα
972 2781 1160 2833 αὐτοῦ
1210 2783 1475 2836 ἀκούετε.
1517 2783 1655 2844 Τοὺς
1695 2779 1788 2835 οὖν

217 2866 541 2934 τηλικούτου
594 2868 864 2938 θεάματος
904 2871 1146 2934 ἐπόπτας
1185 2875 1276 2926 καὶ
1311 2874 1516 2943 μύστας
1548 2875 1642 2928 καὶ
1683 2894 1787 2945 μυ-

221 2960 542 3025 σταγωγοὺς
574 2961 679 3030 ἄρα
708 2963 767 3013 οὐ
797 2963 884 3015 διὰ
914 2964 1092 3032 πάσης
1123 2966 1395 3034 προσῆκεν
1424 2967 1575 3034 ἄγειν
1599 2971 1785 3037 τιμῆς,

219 3043 300 3110 οἷς
335 3049 493 3116 λόγος
530 3053 677 3103 ἐστὶν
720 3053 968 3106 ὁπωσοῦν
1015 3056 1108 3106 καὶ
1141 3057 1391 3122 πράξεων
1425 3060 1518 3110 καὶ
1557 3059 1789 3128 κρίσεων

1893 614 1991 651 ceu
2022 608 2298 652 ostensum
2335 609 2437 660 est.
2475 601 2539 653 iis
2569 599 2806 668 prmlert,
2835 616 2944 652 non
2971 603 3113 668 qttod
3148 618 3243 668 per
3280 605 3462 657 omnia

1893 691 2158 742 secundas
2191 702 2370 758 partes
2400 692 2557 744 laturi
2589 702 2795 755 essent,
2851 691 2943 742 sed
2971 692 3112 758 quod
3157 693 3207 744 hi
3245 695 3459 761 quidem

1893 780 2072 831 animo
2122 780 2297 832 adhuc
2333 795 2431 848 per
2503 781 2666 832 vitam
2711 781 2866 849 quasi
2917 781 2970 832 in
3008 781 3142 832 mari
3178 784 3360 850 vagari
3407 794 3462 836 et

1892 872 2166 933 lluctihus,
2217 887 2354 940 quos
2398 873 2648 925 humana:
2695 889 2781 926 res
2810 889 2994 926 secum
3034 872 3236 937 lerunt,
3266 874 3457 942 jactari

1893 963 2072 1016 adhuc
2103 963 2386 1026 deberent,
2415 962 2521 1014 illis
2562 961 2910 1029 tranquillum
2965 971 3180 1028 portum
3225 962 3462 1014 tenenti-

1892 1056 2014 1108 bus.
2052 1053 2154 1119 Qui
2183 1070 2312 1109 vero
2355 1054 2700 1108 securitatem
2763 1062 2818 1106 et
2851 1063 3062 1122 portum
3099 1053 3342 1105 nondum
3375 1068 3460 1104 as-

1895 1156 2115 1200 secutus
2140 1157 2244 1208 est,
2280 1147 2570 1200 deterioris
2612 1155 2694 1199 est
2719 1145 3048 1198 conditionis
3088 1160 3171 1205 eo,
3213 1146 3303 1212 qui
3349 1145 3458 1212 jam

1895 1249 2184 1306 utrumque
2211 1246 2394 1301 tenet;
2448 1247 2502 1290 et
2541 1238 2697 1304 cujus
2724 1238 2871 1289 salus
2907 1236 3085 1288 adhuc
3118 1235 3322 1288 incerta
3354 1243 3456 1291 est.

1893 1329 1983 1383 illo
2016 1339 2099 1383 est
2129 1331 2300 1383 multo
2332 1330 2578 1392 inferior,
2625 1331 2713 1396 qui
2747 1345 2865 1381 eam
2897 1329 3008 1394 jam
3041 1329 3263 1380 invenit.
3315 1325 3461 1390 Quos

1895 1442 2022 1479 vero
2068 1436 2212 1479 tanta
2246 1426 2415 1494 gloria
2469 1425 2720 1493 dignatur
2763 1423 3039 1484 Christus,
3084 1422 3196 1489 ipsa
3240 1421 3459 1474 veritas.

1893 1518 1963 1570 ita
1998 1527 2054 1570 ιιι
2097 1526 2150 1570 et
2192 1517 2420 1584 colloqui
2467 1532 2560 1568 eos
2613 1530 2816 1575 secum,
2863 1525 2917 1567 et
2948 1513 3171 1582 gloriam
3219 1526 3370 1563 suam
3400 1526 3461 1561 at:

1892 1607 2094 1660 exitum
2137 1606 2429 1674 praedicare
2461 1603 2638 1666 faciat,
2671 1603 2819 1655 eisne
2863 1610 2919 1654 tu
2969 1599 3222 1661 illudere,
3257 1598 3363 1649 imo
3393 1597 3458 1647 ad

1893 1698 2095 1750 malum
2140 1695 2467 1764 principium
2511 1709 2604 1746 eos
2644 1692 2846 1745 referre
2889 1705 2999 1742 non
3032 1686 3276 1740 vereris?
3327 1686 3461 1749 Quis

1893 1803 2022 1841 vero
2057 1803 2179 1840 eum
2208 1793 2263 1840 et
2302 1785 2608 1838 necessario
2639 1785 2839 1835 bonum
2873 1791 2927 1833 et
2957 1779 3212 1832 bonitatis
3253 1778 3458 1829 fontem

1891 1877 2184 1946 appellabit
2213 1877 2302 1944 qui
2345 1891 2454 1928 non
2483 1875 2593 1927 sint
2621 1874 2724 1935 sui,
2759 1873 2849 1924 sed
2883 1873 3062 1940 potius
3083 1869 3206 1924 mali
3244 1878 3456 1926 natura,

1893 1978 2006 2021 tum
2051 1969 2190 2031 aliis,
2232 1982 2368 2036 quos
2412 1966 2682 2024 diximus,
2733 1963 2904 2016 modis
2946 1962 3108 2024 colat,
3154 1970 3264 2012 tum
3298 1960 3364 2011 ad
3400 1974 3460 2010 se

1890 2059 2171 2112 advocet?
2221 2059 2410 2125 Neque
2457 2057 2600 2108 enim
2636 2055 2708 2107 illi
2753 2063 2948 2121 sponte
2979 2067 3076 2103 sua
3122 2051 3221 2119 ipsi
3261 2056 3461 2116 prmsto

1891 2153 2134 2214 fuerunt,
2177 2167 2278 2204 nec
2313 2166 2433 2203 esse
2467 2156 2756 2217 poterant:
2806 2146 2898 2198 sed
2930 2145 3091 2197 alium
3137 2142 3357 2210 quidem
3393 2155 3456 2190 ex

1891 2244 2143 2312 sepulcro
2195 2250 2530 2304 retractum,
2591 2238 2756 2290 alium
2808 2252 2941 2290 vero
3002 2251 3068 2288 ex
3136 2231 3459 2286 habitaculis

1891 2334 2141 2403 supernis
2159 2342 2210 2386 et
2233 2347 2261 2385 a
2289 2332 2639 2400 corruptione
2673 2329 3004 2381 immunibus
3031 2327 3322 2379 deductum
3354 2324 3458 2377 sibi

1888 2426 2182 2480 asciscebat
2211 2425 2325 2493 ipse
2368 2435 2421 2476 et
2463 2423 2739 2490 jungebat.
2775 2420 2957 2487 Neque
2985 2419 3087 2471 hoc
3123 2418 3322 2476 solum,
3362 2416 3458 2469 sed

1889 2526 1944 2570 ct
1978 2516 2135 2568 Pater
2170 2517 2285 2582 ipse
2312 2527 2572 2581 superne,
2619 2509 2976 2578 praesentibus
3009 2507 3221 2566 alienis,
3259 2515 3317 2558 ιιι
3359 2505 3456 2568 illi,

1889 2608 1982 2676 qui
2014 2607 2082 2660 ad
2111 2605 2348 2658 alienum
2399 2605 2691 2671 pertinent,
2745 2603 2916 2664 aiunt,
2966 2598 3102 2652 lucis
3132 2599 3332 2651 nubem
3360 2613 3459 2648 ex-

1891 2699 2078 2767 pandit
2101 2712 2196 2750 eos
2226 2695 2665 2756 obumbrantem,
2700 2703 2754 2746 et
2784 2707 2972 2744 vncem
3009 2707 3073 2744 ex
3099 2690 3241 2742 nube
3273 2687 3459 2741 emisit

1889 2791 2158 2842 dicentem
2187 2806 2198 2839 :
2237 2786 2334 2838 llic
2359 2795 2432 2838 est
2473 2786 2636 2837 Filius
2665 2800 2806 2836 utens
2837 2784 3074 2841 dilectus,
3098 2783 3152 2833 in
3174 2795 3274 2848 quo
3315 2795 3459 2830 com~

1889 2877 2067 2943 placui
2110 2892 2127 2929 :
2179 2889 2296 2927 eum
2333 2874 2510 2925 audite
2534 2873 2600 2923 ³⁸.
2654 2871 2763 2924 llus
2803 2872 2963 2939 igitur
2999 2870 3130 2922 tanti
3160 2866 3460 2936 spectaculi

1889 2967 2348 3035 contemplatores
2389 2974 2442 3017 et
2484 2971 2682 3033 mystas
2721 2973 2776 3016 et
2814 2963 3064 3014 doctores
3096 2973 3274 3011 nonne
3305 2959 3456 3010 omni

1891 3059 2114 3112 honoris
2144 3071 2341 3126 genere
2407 3054 2659 3123 prosequi
2695 3053 2849 3105 decet
2873 3053 3012 3112 illos,
3043 3051 3132 3118 qui
3165 3049 3245 3100 vel
3291 3047 3461 3100 actio-

217 3137 332 3189 τῶν
371 3140 753 3206 Δεσποτικών;
812 3142 970 3194 Ἀλλὰ
1015 3143 1123 3213 γάρ
1170 3147 1197 3196 ό
1240 3145 1428 3215 Σωτὴρ
1474 3149 1563 3199 καὶ
1613 3149 1791 3201 πάντα
1820 3169 1861 3226 c

1788 3187 1791 3198 .
1820 3169 1861 3226 α
1897 3165 2027 3202 num
2047 3149 2127 3202 vel
2151 3147 2478 3217 judiciorum
2503 3145 2708 3198 Domini
2740 3144 2901 3196 ullam
2933 3143 3132 3195 habent
3155 3138 3460 3192 rationem?

221 3231 419 3298 σοφίας
457 3232 670 3302 πλούτῳ
701 3235 796 3286 καὶ
826 3235 1233 3307 φιλανθρωπίας
1278 3241 1371 3292 καὶ
1413 3241 1664 3310 πράττων
1694 3245 1787 3294 καὶ

221 3324 655 3392 προσδεχόμενος
709 3323 816 3376 τῶν
875 3325 1080 3378 παίδων
1129 3330 1237 3389 τοῖς
1295 3327 1517 3396 ὕμνοις,
1569 3330 1660 3393 οὒς
1724 3331 1794 3384 τὰ

221 3411 504 3481 παράδοξα
530 3413 636 3466 τῶν
665 3415 840 3483 ἔργων
870 3418 948 3479 εἰς
974 3418 1250 3487 εὐφημίαν
1271 3421 1437 3472 ἐκίνει
1460 3422 1788 3493 δορυφορού-

224 3518 411 3568 μενος,
444 3505 565 3556 snsi
611 3506 719 3556 τῶν
760 3506 1028 3559 Ἰουδαίων
1058 3511 1090 3576 ἡ
1128 3509 1382 3578 πώρωσις
1426 3515 1517 3564 καὶ
1561 3515 1794 3583 σκληρο-

221 3595 427 3663 καρδία
474 3598 553 3660 εἰς
580 3597 1018 3669 διαγογγυσμοὺς
1047 3601 1451 3672 ἐξερριπίζετο,
1495 3606 1594 3657 οὑκ
1629 3606 1792 3658 ἀλλα-

222 3687 384 3756 χόθεν
426 3689 620 3751 αὐτοὺς
658 3691 1004 3762 ἐπιπλήττων
1051 3694 1390 3764 στηλιτεύει,
1424 3696 1585 3749 πάλιν
1617 3697 1672 3748 δὲ
1703 3697 1794 3748 τὸν

222 3779 512 3831 Δαυῖτικὺν
539 3781 784 3850 χρησμὸν
813 3784 1050 3851 ἄφυκτον
1084 3786 1321 3854 ἐλέγχων
1353 3787 1463 3856 (55)
1496 3789 1758 3841 ἀνατείνει
1777 3804 1791 3817 ·

224 3869 322 3920 καὶ
374 3869 441 3920 δι’
479 3870 689 3923 ἐκείνου
742 3873 870 3934 τοὺς
927 3875 1026 3941 μὲν
1075 3877 1465 3944 καταισχύνει,
1521 3877 1700 3946 ἑαυτῷ
1738 3877 1796 3929 δὲ

223 3961 356 4021 τοὺς
405 3959 606 4027 ὕμνους
658 3963 969 4015 ἐπιϐάλλειν
1023 3965 1282 4018 διδάσκει.
1330 3968 1437 4019 Καὶ
1494 3967 1597 4020 ποῦ
1638 3969 1797 4021 τοῦτο

224 4052 427 4112 καλόν;
462 4053 564 4104 ποῦ
589 4054 644 4106 δὲ
674 4055 995 4121 ἁκόλουθον;
1029 4057 1234 4110 δίκαιον
1265 4058 1320 4110 δὲ
1351 4059 1467 4121 πῶς
1502 4061 1567 4112 ἂν
1597 4060 1681 4128 εἴη
1708 4061 1796 4112 τὸν

226 4144 647 4210 παραγεγονότα
678 4146 977 4198 καταλῦσαι
1013 4148 1072 4199 τὸ
1093 4148 1186 4200 τοῦ
1208 4149 1455 4201 διαϐόλου
1487 4150 1705 4219 κράτος,
1730 4152 1796 4202 δι’

225 4233 442 4285 ἐκείνου
492 4236 549 4286 τὸ
594 4235 692 4304 τῆς
741 4237 901 4306 δόξης
954 4238 1193 4307 πρέπον,
1241 4241 1333 4291 καὶ
1382 4239 1481 4310 τὴν
1540 4241 1797 4294 σύστασιν

226 4323 409 4392 ἑαυτῴ
457 4325 699 4394 πορίζειν
734 4327 882 4397 (54);
932 4329 1088 4381 τοῦτο
1131 4331 1241 4400 γὰρ
1285 4331 1383 4399 τῆς
1426 4333 1794 4401 ἁποστατικῆς

229 4418 441 4485 σπορᾶς
469 4417 497 4468 ό
542 4420 771 4487 καρπός.
821 4422 926 4472 Καὶ
958 4422 1072 4490 ἅμα
1106 4423 1205 4490 μὲν
1247 4423 1578 4492 ἐπιδημῆσαι
1617 4427 1798 4494 πάσης

1900 3249 2010 3300 lmo
2072 3255 2126 3298 et
2175 3244 2452 3301 Servatur.
2514 3241 2604 3309 qui
2649 3240 2829 3294 omnia
2889 3254 2985 3307 pro
3025 3234 3307 3304 sapientia:
3351 3248 3462 3284 sua:

1899 3336 2207 3402 amorisque
2237 3334 2290 3385 in
2329 3333 2578 3385 homines
2609 3331 2816 3385 divitiis
2848 3330 2975 3397 agit,
3012 3337 3065 3379 et
3091 3327 3303 3393 recipit,
3339 3338 3460 3374 cum

1900 3428 2166 3481 infantum
2187 3425 2422 3495 hymnis,
2469 3438 2606 3492 quos
2635 3422 2877 3475 miranda
2911 3435 3007 3473 sua
3041 3433 3201 3485 opera
3251 3417 3316 3468 ad
3350 3416 3463 3466 lano

1898 3518 2020 3571 dem
2053 3514 2946 3585 permoverant,eﬂerretur,atque
2980 3509 3084 3560 hoc
3115 3508 3233 3574 ipso
3257 3503 3463 3557 Judmis

1902 3608 2136 3661 indurati
2165 3605 2516 3673 diiﬁcilesque
2559 3602 2724 3658 corde
2759 3601 2826 3654 ad
2857 3615 3135 3654 murmura
3170 3597 3462 3664 compelle-

1902 3708 2112 3760 rentur,
2155 3712 2264 3750 nou
2293 3695 2512 3748 aliunde
2546 3709 2640 3747 eos
2676 3693 2990 3760 objurgatos
3023 3687 3337 3756 compescit.
3369 3686 3462 3740 sed

1902 3789 2098 3842 iterum
2129 3787 2409 3841 oraculum
2457 3785 2770 3838 Davidicum
2811 3783 2980 3833 instar
3017 3777 3317 3847 argumenti
3356 3792 3463 3827 non

1901 3877 2154 3930 eludendi
2208 3876 2485 3937 immittit,
2533 3888 2705 3940 coque
2735 3872 2853 3922 illos
2899 3868 3114 3936 quidem
3159 3865 3463 3922 confundit,

1903 3970 2140 4036 seipsum
2175 3982 2306 4020 vero
2345 3966 2594 4018 laudibus
2625 3963 2877 4032 prosequi
2917 3961 3093 4013 docet.
3151 3956 3305 4010 Unde
3335 3971 3466 4007 vero

1905 4058 2006 4110 hoc
2038 4057 2238 4108 bonum
2263 4053 2540 4107 nascitur?
2584 4053 2676 4120 qui
2706 4053 2831 4103 item
2863 4048 3195 4103 conveniens
3226 4056 3325 4104 est,
3359 4045 3465 4096 imo

1903 4146 2173 4216 quomodo
2195 4146 2400 4212 justum
2421 4157 2747 4210 :nquumque
2774 4149 2911 4202 erat,
2942 4147 3002 4190 ut
3032 4139 3077 4190 is
3097 4137 3186 4204 qui
3223 4135 3370 4188 venit
3411 4142 3468 4185 ut

1903 4236 2136 4289 solveret
2160 4239 2481 4302 potestatem
2509 4231 2729 4292 diaboli,
2759 4245 2853 4298 per
2884 4228 3057 4295 ipsum
3096 4226 3244 4278 illum
3284 4223 3467 4294 gloria:

1904 4337 2111 4398 partem
2158 4337 2212 4379 et
2244 4326 2526 4379 materiam
2570 4323 2670 4376 sibi
2712 4330 2926 4391 pararet
2975 4319 3088 4388 (hic
3127 4319 3271 4371 enim
3304 4332 3466 4383 apos-

1905 4420 2078 4474 tatica:
2126 4418 2351 4471 sationis
2382 4416 2590 4469 fructus
2623 4415 2750 4483 est),
2794 4422 2850 4465 et
2879 4412 3066 4464 eadem
3098 4424 3258 4477 Opera
3288 4410 3463 4460 chicc-

228 4514 470 4571 πίστεως
514 4511 714 4580 ἄπορον
759 4513 848 4564 τὸν
882 4514 1072 4582 ἐχθρὸν
1101 4517 1272 4567 ποιεῖν
1296 4555 1309 4577 ,
1345 4517 1460 4585 ἅμα
1489 4517 1544 4568 δὲ
1570 4519 1666 4580 τὰς
1701 4536 1797 4586 με-
1823 4515 1875 4571 1)

1823 4515 1875 4571 1)
1904 4521 2003 4573 ret,
2037 4521 2095 4563 ut
2130 4517 2184 4563 et
2231 4510 2422 4572 hostis,
2471 4507 2646 4561 omnis
2685 4505 2808 4558 iidei
2852 4519 3071 4566 vacuus,
3112 4501 3384 4559 adveniat.
3413 4509 3470 4552 et

229 4601 425 4665 γίστας
454 4602 599 4669 αὐτῷ
628 4603 910 4670 προξενεῖν
937 4606 1030 4656 καὶ
1049 4605 1329 4658 λανθάνειν
1347 4608 1535 4658 ἑαυτὸν
1557 4609 1803 4659 ἀντισυν-

234 4692 470 4742 ιστῶντα
495 4694 588 4743 καὶ
613 4693 966 4761 κρατύνοντα,
991 4689 1050 4747 οὗ
1086 4697 1145 4748 τὸ
1175 4698 1371 4763 κράτος
1400 4693 1533 4766 ἧκεν
1563 4698 1798 4765 ἀφελεῖν.

231 4777 330 4837 Ui;
367 4779 473 4848 γάρ
493 4781 558 4834 ἄν
594 4799 676 4844 τις
723 4782 808 4834 διὰ
847 4783 956 4836 τῶν
991 4785 1081 4837 τοῦ
1130 4786 1362 4853 ψεύστου
1404 4787 1662 4853 ῥημάτων
1705 4789 1802 4856 τὴν

232 4873 490 4942 ἀλήθειαν
538 4875 827 4938 σπουδάζει
861 4875 1030 4938 δεῖξαι
1089 4877 1366 4946 παροῦσαν
1399 4877 1575 4947 ἑαυτῷ
1620 4879 1800 4930 καὶτὸ

306 5013 354 5042 ’τ’
378 5012 567 5064 Matth.
599 5029 730 5073 xvu,

1903 4606 2141 4673 potiores
2173 4604 2270 4672 ipsi
2296 4612 2475 4671 partes
2504 4602 2791 4668 relinquat,
2825 4599 3160 4665 nesciatqne,
3225 4595 3463 4661 seipsum

1901 4711 2024 4749 eum
2055 4695 2245 4763 juvare
2284 4704 2339 4746 et
2374 4693 2749 4751 corroborare,
2800 4690 2886 4743 cui
2921 4689 3082 4742 robur
3107 4688 3464 4753 adempturus

1903 4787 2163 4840 venerat?
2201 4785 2459 4852 Quisquis
2501 4784 2644 4836 enim
2687 4797 2783 4850 per
2810 4783 2974 4836 verba
3010 4780 3290 4834 mendacis
3323 4777 3467 4830 vet-i-

1903 4887 2062 4931 tatem
2090 4877 2460 4930 demonsware
2490 4882 2735 4934 conatur,
2770 4888 2929 4940 quam
2962 4872 3074 4941 ipse
3108 4871 3289 4932 habet,
3329 4877 3383 4922 et
3414 4868 3467 4919 id

1320 5163 1548 5218 VARI/[3
1593 5163 1974 5218 LECTIONES
2007 5164 2089 5217 ΕΤ
2129 5162 2358 5216 NOTAE.

307 5305 418 5373 (52)
479 5307 774 5357 Λείπεται.
827 5303 1021 5356 Deesse
1056 5303 1142 5373 hic
1180 5305 1424 5373 quadarn
1457 5318 1565 5354 non
1609 5311 1801 5370 praater

239 5371 352 5430 rem
390 5375 652 5442 suspicari
687 5374 818 5426 mihi
860 5373 1064 5442 videor.
1098 5372 1335 5431 DuobUs,
1382 5371 1423 5424 si
1454 5373 1581 5441 quid
1621 5372 1793 5434 video,

237 5441 504 5498 similibus
537 5459 666 5496 usus
705 5445 792 5496 hic
842 5452 925 5496 cst
955 5441 1180 5495 Photius
1215 5461 1227 5494 :
1261 5442 1429 5494 altero
1475 5459 1503 5494 ιι
1546 5442 1799 5510 navigan-

239 5515 421 5578 tibus,
470 5515 640 5567 altet'o
679 5527 707 5565 a
758 5512 1104 5582 portitoribus
1161 5511 1345 5578 petito.
1388 5510 1624 5578 Utraque
1675 5527 1800 5582 vero

240 5594 518 5652 comparat
561 5599 682 5635 cum
738 5581 803 5636 iis
847 5583 936 5650 qui
965 5591 1019 5635 et
1080 5581 1420 5652 navigatione
1456 5581 1710 5652 defuncti
1749 5588 1796 5632 el

239 5651 405 5706 onere
435 5653 641 5706 liberati
669 5663 815 5705 sunt.
848 5655 916 5704 At
941 5651 1210 5719 posterius
1241 5651 1413 5703 sintile
1434 5651 1597 5702 dit-tio
1626 5651 1801 5702 hiulca

245 5740 351 5776 non
389 5724 522 5775 satis
553 5723 826 5788 exprimit.
864 5723 1084 5774 lnteritn
1132 5721 1408 5787 scriptoris
1449 5730 1682 5773 mentem
1721 5736 1803 5770 nte

246 5804 372 5854 ttttltt
403 5803 724 5847 assecutum.

1983 5302 2089 5365 (55)
2126 5303 2429 5367 Ἂφυκτον
2477 5302 2755 5367 ἐλέγχων.
2797 5298 3101 5366 Legcndum
3131 5307 3279 5364 puto,
3323 5299 3466 5364 quod

1908 5379 1961 5422 et
1991 5371 2042 5422 in
2072 5372 2315 5423 versione
2346 5372 2604 5438 expressi,
2645 5371 2882 5435 ἄφυκτον
2913 5369 3150 5435 ἔλεγχον,
3183 5377 3239 5418 ιιι
3264 5368 3467 5418 scilicet

1908 5440 2152 5508 χρησμὸς
2205 5441 2294 5492 ille
2327 5441 2610 5493 Davidicns
2649 5456 2744 5506 pro
2779 5448 3094 5506 argumento
3151 5438 3351 5489 invicto
3401 5438 3466 5488 ad

1909 5520 2150 5562 errantes
2183 5510 2583 5564 convincendos
2612 5511 2888 5562 habeatur.

1983 5579 2091 5644 (3i)
2124 5580 2402 5645 Iloplé'slr.
2452 5579 2560 5633 Iloc
2594 5579 2844 5632 Stthstilui
2887 5593 2981 5644 pro
3018 5576 3230 5645 πορίζει
3265 5574 3466 5626 codicis

1914 5665 2071 5719 manu
2103 5651 2328 5701 exarati.
2367 5648 2548 5719 Neque
2579 5650 2723 5704 enim
2772 5649 2821 5701 id
2849 5647 2998 5716 jungi
3030 5655 3204 5714 potest
3249 5654 3467 5697 antece-

1911 5718 2056 5769 denti
2089 5720 2403 5771 καταλῦσαι,
