4234 6432
739 367 845 438 243

1867 371 2125 433 PHOTII
2168 366 2673 429 PATRIARCIME
2708 369 2817 432 (ΞΡ.

3883 369 3995 433 ειι

745 480 884 550 quod
914 477 1193 533 definitum
1216 489 1350 536 erat.
1378 479 1502 534 inde
1524 479 1843 548 producere,
1881 482 1925 535 is
1955 497 2102 538 enin.
2141 494 2302 548 qutun
2338 483 2380 534 Α
2409 495 2417 526 ι

2338 483 2380 534 Α
2409 477 2621 546 ὁρισθὲν
2653 480 2934 550 προελθεῖν
2955 495 2967 510 ο
3000 473 3175 545 οὗτος,
3211 482 3271 536 ὃν
3306 483 3365 536 τὸ
3406 483 3600 553 ψεῦδος
3633 485 3788 554 ἔσχεν
3818 486 3991 555 ἀρχηο

745 568 1079 622 mendacium
1133 568 1324 621 ducem
1387 569 1639 630 habebat.
1720 570 1963 623 veritatis
2028 579 2307 623 auctorem

744 661 947 713 faciens
997 676 1025 713 a
1082 661 1310 715 crimine
1364 662 1512 714 omni
1565 663 1815 716 absolvit.
1873 662 2058 728 Neque
2119 661 2308 730 magis,

744 752 886 817 quod
929 763 1107 804 tamen
1147 753 1286 804 Deus
1309 754 1626 820 prohibeat!
1654 771 1711 807 se
1740 755 1911 822 ipsum
1943 755 2236 806 immunem
2278 769 2309 805 a

745 845 1218 896 criminationibus
1271 845 1582 899 JlltIiL‘Ol'lIlll
1637 863 1758 900 esse
1819 848 2077 909 ostendit,
2145 862 2307 915 quam

747 933 919 995 illum,
965 935 1116 1001 cujus
1162 951 1262 1001 ope
1306 937 1403 988 ista
1435 938 1713 999 amolitur,
1759 953 1787 989 a
1821 937 2111 998 mendacii,
2149 937 2309 1002 cujus

748 1035 940 1077 auctor
979 1035 1082 1089 est,
1115 1027 1269 1093 culpa
1313 1027 1527 1080 liberat.
1577 1029 1760 1095 Itaque
1799 1027 2123 1081 defectionis
2159 1044 2312 1080 amor

748 1115 904 1166 vobis
927 1125 1074 1168 certe
1108 1131 1214 1168 non
1245 1119 1417 1185 vergit
1449 1118 1500 1168 in
1529 1118 1896 1178 connnodum,
1923 1119 2139 1185 quando
2172 1118 2314 1170 veri-

749 1207 876 1257 tatis
928 1207 1138 1259 I‘atrem
1196 1208 1494 1274 prardiealis
1535 1223 1655 1261 esse
1697 1209 1962 1260 mendacii
2009 1218 2311 1271 auctorem,

751 1297 819 1347 ab
892 1295 995 1349 hoc
1063 1307 1243 1350 autem
1302 1300 1586 1351 veritatem
1658 1300 2069 1352 substantialem
2124 1315 2313 1352 verum

753 1396 942 1438 mutuo
989 1389 1306 1454 sumpsisse,
1360 1397 1414 1442 et
1446 1391 1658 1458 a‘quali,
1684 1407 1752 1444 ne
1777 1393 1950 1444 dicam
1980 1391 2196 1459 majori,
2228 1408 2312 1452 ea,

753 1492 872 1544 quae
907 1488 1182 1532 mutuatus
1215 1491 1319 1542 est,
1351 1482 1528 1534 studio
1560 1483 1873 1550 excipienda
1902 1484 2103 1536 dicitis.

827 1571 1062 1625 XXVIII.
1099 1575 1207 1642 Age
1241 1591 1389 1636 vero,
1440 1576 1602 1628 etiam
1637 1591 1731 1644 per
1756 1577 2039 1643 parabolas
2072 1593 2179 1628 non
2213 1591 2318 1640 pa-

755 1665 1011 1726 rabolice.
1075 1667 1166 1718 sed
1199 1667 1382 1729 clare,
1432 1667 1623 1735 dogma
1683 1668 1969 1736 impiorum
2028 1669 2316 1735 disjectum

755 1756 1057 1810 videamus.
1117 1759 1267 1822 Quod
1323 1759 1465 1810 enim
1531 1759 1786 1810 Servator
1851 1760 2174 1822 advenerit,
2261 1767 2315 1812 ut

2417 571 2532 636 γὸν,
2572 571 2829 641 ἀληθείας
2855 572 3068 635 δεικνὺς
3118 574 3352 642 χορηγὸν
3396 575 3498 642 τῆς
3536 576 3763 644 ἐνούσης
3810 576 3992 637 αίτίας

2416 660 2662 714 ἀπολύει.
2719 664 2830 715 Καὶ
2874 663 3029 716 οὐδὲν
3083 664 3305 733 μᾶλλον,
3351 665 3467 717 ἀλλ’
3501 665 3657 726 ῐλεως
3698 666 3783 734 είη
3822 666 3990 726 Θεόςί

2413 753 2709 808 ἀνεύθυνον
2745 754 3116 806 ἐπιδείκνυσιν
3144 756 3335 807 ἑαυτὸν
3363 754 3473 806 τῶν
3509 756 3848 823 αἰτημάτων
3881 755 3993 807 τῶν

2431 846 2756 910 Ἰουδαϊκῶν,
2785 847 2818 915 ἦ
2850 847 2962 910 τὸν,
3001 847 3068 899 δι’
3105 839 3166 898 οὗ
3198 846 3370 900 ταῦτα
3403 847 3860 910 ἀποσκευάζεται,
3893 847 3994 914 τῆς

2416 938 2510 990 τοῦ
2539 939 2788 1007 ψεύδους,
2815 935 2876 993 οὗ
2909 941 3139 1010 χορηγός
3168 944 3334 1004 ἐστιν,
3364 942 3572 1009 ἐνοχῆς.
3605 942 3745 1007 Ἀρα
3779 940 3879 991 οὐκ
3912 941 3992 1000 είς

2419 1031 2581 1082 καλὸν
2612 1031 2737 1097 ὑμῖν
2759 1033 2786 1083 ὁ
2809 1031 2906 1098 τῆς
2933 1032 3268 1092 ἀποστασίας
3298 1025 3437 1100 ἔρως
3457 1031 3705 1099 τελευτᾷ,
3733 1030 3996 1098 ἀληθείας

2424 1125 2520 1191 μὲν
2554 1123 2842 1189 κηρύττειν
2868 1124 2959 1173 τὸν
2998 1121 3212 1191 Πατέρα
3240 1121 3332 1173 τοῦ
3372 1122 3603 1188 ψεύδους
3635 1122 3992 1191 δημιουργὸν,

2421 1213 2479 1276 ἐξ
2499 1212 2661 1264 αὑτοῦ
2683 1212 2739 1264 δὲ
2765 1213 3194 1276 κατασκευάζειν
3219 1216 3316 1282 τὴν
3342 1213 3704 1265 ὲνυπόστατον
3732 1213 3995 1282 ἀλήθειαν

2421 1303 2757 1366 δανείζεσθαι
2808 1305 2867 1355 τὸ
2901 1303 3127 1372 ἀληθὲς.
3180 1305 3271 1356 καὶ
3304 1298 3384 1365 οἷς
3420 1302 3755 1365 δανείζεται,
3795 1304 3881 1354 ἵνα
3919 1304 3997 1372 μὴ

2423 1395 2564 1463 λέγω
2634 1396 2876 1464 μείζοσι,
2933 1398 3051 1458 ταῖς
3093 1396 3234 1458 ίσαις
3273 1398 3513 1464 ὀφείλειν
3569 1394 3996 1458 ἀντιδεξιοῦσθαι

2422 1488 2626 1553 τιμαῖς.

2498 1577 2623 1632 ΚΘ⁹⁸
2654 1579 2789 1646 Φέρε
2824 1578 2887 1647 δὴ
2921 1578 3013 1630 καὶ
3047 1578 3134 1630 διὰ
3163 1577 3269 1629 τῶν
3301 1578 3626 1648 παραϐολῶν
3657 1579 3755 1630 οὐκ
3787 1579 3847 1629 ἐν
3884 1593 3994 1628 πα-

2430 1671 2700 1740 ραϐολαῖς,
2739 1670 2852 1720 ἀλλ’
2893 1670 3149 1736 ἐμφανῶς
3181 1670 3378 1736 ἴδωμεν
3411 1669 3470 1720 τὸ
3508 1669 3684 1736 δόγμα
3732 1668 3999 1721 καταλυό-

2432 1779 2588 1829 μενον
2632 1763 2738 1814 τῶν
2785 1762 3016 1814 ἀσεϐῶν.
3072 1763 3194 1814 "Ott
3241 1763 3339 1830 μὲν
3395 1761 3500 1829 γὰρ
3561 1761 3928 1827 καταγέγονεν
3973 1762 4003 1812 ὁ

754 1858 961 1915 ηυιετιιι
983 1858 1038 1902 et
1059 1859 1237 1902 servet
1270 1849 1318 1902 id
1346 1850 1484 1916 quod
1521 1849 1791 1917 perditum
1819 1860 1936 1904 erat
1955 1852 2022 1914 ’⁷,
2045 1868 2074 1902 a
2100 1851 2315 1903 nemine
2355 1833 2398 1887 Β

2355 1833 2616 1922 ΒΣωτὴρ
2673 1854 2902 1922 ζητῆσαι
2969 1857 3062 1906 καὶ
3119 1853 3286 1904 σῶσαι
3341 1854 3400 1904 τὸ
3453 1853 3760 1917 ἀπολωλὸς,
3820 1852 4001 1903 οὐδενὶ

757 1941 864 1993 Luc
900 1941 1026 1994 dum
1074 1943 1124 1994 in
1176 1942 1398 1994 dubium
1437 1952 1685 1996 vocatum
1737 1952 1840 1994 est.
1884 1943 1938 1993 Si
1990 1958 2116 1996 vero
2161 1958 2318 1996 ovem

755 2047 880 2085 vere
916 2033 1178 2100 perditam
1209 2034 1276 2084 ab
1308 2034 1527 2086 interitu
1576 2033 1744 2084 voluit
1792 2034 2040 2094 liberare,
2077 2043 2129 2086 et
2169 2035 2232 2086 ad
2265 2050 2322 2087 se

755 2124 1038 2188 reducere,
1069 2136 1122 2176 ct
1157 2127 1218 2176 ad
1251 2126 1474 2177 salutem
1517 2141 1788 2188 revocare,
1820 2143 1925 2179 non
1961 2127 2171 2180 dillicile
2204 2127 2322 2181 fue-

757 2215 828 2268 rit
857 2217 1161 2284 perspicere
1203 2218 1346 2284 quod
1377 2218 1626 2284 parabola
1660 2218 1818 2271 docet
1861 2219 2150 2270 humanam
2192 2218 2322 2271 sub-

757 2310 1008 2362 stantiam
1061 2325 1254 2361 manus
1295 2310 1549 2364 beneliem
1595 2327 1732 2379 Opus
1780 2312 2060 2364 exsistere.
2089 2310 2324 2365 Omnino

757 2402 903 2454 enim
953 2403 1068 2454 ovis
1118 2403 1395 2470 deperdita
1446 2403 1676 2471 primum
1713 2404 1920 2456 ccaula
1969 2419 2154 2456 earum
2203 2403 2321 2466 fuit,

758 2507 877 2558 ιιιιαι
911 2502 1138 2545 servatte
1169 2502 1311 2554 sunt,
1353 2492 1548 2545 deinde
1579 2509 1708 2546 vero
1739 2509 1768 2546 a
1801 2508 1958 2563 grege
1995 2494 2242 2546 resiliens
2272 2493 2324 2545 in

759 2586 900 2639 viam
931 2586 995 2638 ad
1026 2586 1249 2637 exitium
1277 2586 1586 2640 declinavit.
1617 2585 1770 2650 Quod
1809 2586 1954 2638 enim
1986 2586 2052 2638 ab
2089 2586 2244 2639 initio
2271 2585 2325 2638 in

759 2678 1000 2746 pernicie
1035 2688 1220 2730 natum
1258 2677 1375 2739 fuit,
1422 2694 1488 2730 ne
1527 2687 1773 2730 naturam
1823 2678 2038 2745 quidem
2085 2678 2151 2729 ad
2183 2677 2329 2729 salu-

761 2773 869 2818 tem
905 2766 1205 2818 revertendi
1237 2766 1415 2826 habet,
1443 2767 1524 2819 vel
1559 2768 1735 2834 potius
1765 2767 1959 2820 reverti
1991 2783 2097 2820 non
2130 2777 2325 2834 potest,

761 2868 855 2910 aut
884 2859 1107 2910 servari.
1144 2856 1252 2911 lmo
1299 2873 1398 2912 nec
1428 2874 1524 2911 usu
1562 2859 1661 2928 ipsi
1701 2861 1886 2913 venire
1917 2861 2092 2929 potuit
2125 2862 2325 2929 perire,

763 2948 1027 3017 siquidem
1070 2964 1193 3000 cum
1244 2950 1362 3016 ipso
1411 2959 1531 3002 ortu
1561 2966 1626 3002 ex
1669 2952 1808 3003 malo
1842 2952 2088 3019 provenit
2124 2952 2327 3020 princi-

761 3038 874 3106 pio,
905 3053 1004 3090 nec
1039 3053 1274 3105 unquam
1303 3039 1427 3092 boni
1451 3049 1504 3092 et
1527 3040 1712 3093 salutis
1735 3041 2001 3111 particeps
2022 3043 2196 3096 visum
2225 3051 2326 3096 est.

763 3126 932 3193 Cujus
977 3127 1118 3179 enim
1159 3128 1350 3195 aliquis
1394 3144 1671 3197 nunquam
1721 3131 1840 3194 fuit,
1887 3134 2156 3200 quomodo
2202 3134 2324 3188 inde
2355 3169 2398 3227 Ο

763 3216 870 3269 dici
908 3226 1081 3284 potest
1113 3219 1386 3287 delapsus,
1419 3230 1471 3272 et
1499 3222 1587 3288 qui
1630 3221 1816 3275 salutis
1847 3223 1897 3275 in
1926 3234 2046 3276 ortu
2076 3226 2193 3292 ipso
2220 3241 2326 3279 non

767 3305 870 3359 fuit
912 3308 1197 3376 particeps,
1251 3311 1519 3376 quomodo
1553 3312 1619 3366 ad
1655 3314 1880 3365 exitium
1923 3317 2203 3382 pervenire
2238 3326 2332 3369 aut

766 3399 993 3467 periisse
1020 3399 1124 3453 diei
1154 3402 1368 3468 potest?
1403 3400 1507 3455 Sed
1548 3413 1601 3456 et
1637 3403 1896 3458 Dominus
1935 3415 2121 3460 noster
2155 3409 2331 3462 homi-

765 3507 896 3544 num
930 3493 1350 3556 amantissimus,
1383 3496 1625 3549 veritatis
1660 3497 1847 3550 doctor
1879 3507 1931 3550 et
1963 3509 2170 3559 auctor,
2207 3516 2328 3554 cum

764 3585 1031 3652 deperditi
1074 3587 1404 3639 mentionem
1444 3588 1739 3654 saepissime
1788 3589 2010 3652 faceret,
2054 3607 2329 3660 nunquam

765 3684 946 3728 tamen
992 3677 1310 3744 pravitatem
1367 3689 1616 3747 tanquam
1649 3696 1768 3734 cum
1801 3682 1992 3736 eodem
2034 3686 2326 3745 conditam,

765 3778 857 3823 aut
909 3770 1201 3838 perniciem
1257 3772 1340 3824 vel
1389 3773 1599 3826 eminus
1649 3787 2036 3830 commemorat
2071 3799 2082 3832 :
2116 3794 2330 3848 semper

764 3875 895 3912 vero
933 3861 1272 3913 occasionem
1323 3861 1450 3915 facit
1479 3863 1772 3932 cogitandi.
1801 3867 1943 3934 quod
1980 3867 2108 3921 illud
2140 3871 2326 3937 postli-

765 3949 936 4001 minio
965 3950 1032 4002 ab
1056 3949 1245 4002 ordine
1292 3951 1519 4018 pristino
1558 3968 1810 4021 nexuque
1856 3964 1910 4008 et
1947 3959 2330 4014 communione

766 4055 889 4095 cum
943 4042 1155 4094 ceteris
1199 4041 1527 4110 disiunctum
1581 4043 1634 4096 in
1680 4047 1973 4112 perniciem
2028 4049 2326 4106 devenerit.

766 4133 856 4186 Ait
900 4135 1043 4187 enim
1081 4153 1093 4186 :
1124 4135 1260 4198 Quid
1288 4137 1426 4188 vobis
1457 4138 1676 4200 videtur,
1712 4140 1756 4190 si
1789 4141 1874 4192 cui
1907 4142 2104 4194 homini
2133 4144 2330 4210 fuerint

767 4235 972 4278 centum
1019 4243 1132 4277 oves
1163 4227 1228 4278 ’⁸.
1266 4229 1402 4280 Ecce
1431 4243 1559 4280 oves
1601 4230 1701 4282 ilhc
1741 4241 1957 4284 centum
2009 4245 2134 4287 sunt
2187 4247 2330 4290 totus

769 4332 896 4385 grex
926 4319 1161 4370 nondum
1192 4334 1381 4370 errans
1409 4338 1420 4370 :
1446 4321 1588 4371 nulla
1622 4336 1803 4374 earum
1835 4333 1962 4375 tunc
1989 4326 2068 4378 vel
2089 4328 2326 4390 errabat,

767 4408 851 4460 vel
889 4409 1095 4476 perdita
1142 4417 1276 4461 erat.
1311 4408 1364 4461 Si
1399 4419 1580 4476 postea
1611 4411 1693 4463 vel
1743 4428 1847 4465 una
1880 4428 1944 4466 ex
1977 4415 2079 4470 illis
2109 4431 2136 4469 a
2168 4432 2327 4486 grege

2427 1945 2588 2013 μέχρι
2637 1944 2730 1997 νῦν
2770 1947 2848 2006 εἰς
2884 1945 3178 2014 δισταγμὸν
3213 1948 3601 2015 περιέστηκεν·
3635 1948 3682 1997 εί
3716 1946 3772 1997 δὲ
3810 1946 3872 1995 τὸ
3923 1944 4000 2005 ὡς

2423 2037 2636 2097 ἀληθῶς
2670 2037 2946 2098 ἀπολωλὸς
2978 2037 3248 2107 πρόϐατον
3286 2039 3383 2106 τῆς
3418 2038 3690 2098 ἀπωλείας
3729 2036 4002 2104 ἠθέλησεν

2425 2129 2828 2189 ἀνασώσασθαι,
2862 2129 2954 2180 καὶ
3004 2130 3082 2190 εἰς
3135 2128 3326 2181 ἐαυτὸν
3352 2128 3695 2197 ἐπιστρέψαι,
3732 2128 3825 2178 καὶ
3861 2129 3998 2194 πρὸς

2426 2222 2698 2291 σωτηρίαν
2746 2221 3204 2285 ἀνακαλέσασθαι,
3244 2222 3395 2273 οὐδὲν
3444 2222 3680 2292 ἐργῶδες
3738 2220 3993 2280 συνιδεῖν,

2423 2313 2497 2374 ὡς
2539 2315 2710 2383 ἀρχῆς
2737 2314 2795 2366 τὸ
2833 2317 3172 2383 ἀνθρώπινον
3203 2313 3482 2383 σύγκριμα
3521 2315 3618 2381 τῆς
3646 2309 3997 2379 ἁγαθουργοῦ

2426 2401 2683 2468 παλάμης
2728 2401 2890 2469 ἔργον
2941 2403 3244 2456 ἐκδιδάσκει
3301 2405 3334 2472 ἠ
3394 2402 3702 2472 παραϐολή.
3768 2401 3997 2460 Παντως

2425 2495 2531 2562 γὰρ
2553 2494 2613 2545 τὸ
2637 2494 2912 2556 ἀπολωλὸς
2934 2495 3202 2562 πρόϐατον
3215 2496 3310 2563 τῆς
3337 2494 3574 2564 μάνδρας
3594 2493 3860 2562 πρότερον
3886 2490 3999 2542 τῶν

2429 2584 2784 2651 σεσωσμένων
2815 2585 3054 2650 γεγονὸς,
3103 2583 3327 2651 ὕστερον
3362 2584 3417 2634 δὲ
3468 2583 3565 2650 τῆς
3605 2583 3808 2650 ἀγέλης
3863 2581 4000 2634 ἀπο·

2431 2678 2729 2744 σκιρτῆσαν
2785 2676 2896 2744 (⁵55)
2933 2678 3011 2738 είς
3057 2676 3152 2745 τὴν
3183 2677 3280 2745 τῆς
3311 2675 3586 2737 ἀπωλείας
3634 2673 3998 2742 ἀπεπλανήθη

2429 2768 2563 2820 ὁδον.
2597 2769 2668 2818 Τὸ
2701 2768 2800 2836 μὲν
2837 2768 2944 2836 γὰρ
2979 2768 3072 2820 ἀπ’
3113 2768 3286 2837 ἀρχῆς
3317 2767 3382 2819 δι’
3410 2767 3680 2830 ἀπωλείας
3704 2765 3838 2834 φυὲν
3886 2764 3999 2817 οὐδ’

2430 2861 2538 2927 ἔχει
2591 2862 2752 2926 φύσιν
2793 2861 2928 2926 πρὸς
2966 2859 3060 2930 τὴν
3095 2861 3366 2928 σωτηρίαν
3412 2860 3745 2921 ἐπανελθεῖν,
3792 2857 4001 2928 μᾶλλον

2428 2949 2482 3002 δὲ
2510 2950 2616 3002 οὐδ’
2647 2950 2781 3010 ὅλως
2814 2952 2921 3019 (56)
2961 2951 3106 3002 ἐστὶν
3150 2950 3299 3018 αὑτῷ
3335 2951 3394 3003 τὸ
3424 2950 3757 3013 ἐπανελθεῖν,
3781 2950 3906 3002 οὐδὲ
3939 2949 4002 3001 τὸ

2429 3043 2798 3111 ἀνασωθῆναι.
2848 3042 2987 3094 Ἀλλ’
3023 3042 3131 3095 οὐδ’
3161 3042 3393 3110 ἐπῆλθεν
3425 3042 3574 3109 αὑτῷ
3611 3044 3670 3094 τὸ
3718 3042 4001 3094 ἀττολωλέ⁶

2430 3149 2538 3190 ναι,
2571 3135 2726 3201 εἴπερ
2772 3133 2836 3185 ἐκ
2882 3133 3123 3202 χείρονος
3162 3132 3258 3200 μὲν
3277 3132 3389 3200 ἅμα
3419 3131 3496 3201 τῷ
3526 3131 3687 3200 φῦναι
3728 3131 4003 3200 προῆλθεν

2436 3222 2628 3290 ἀρχῆς,
2659 3224 2912 3275 οὐδέποτε
2952 3223 3008 3275 δὲ
3044 3223 3141 3292 τῆς
3190 3222 3518 3291 ἀγαθότητος
3571 3225 3664 3274 καὶ
3723 3222 4003 3291 σωτηρίας

2434 3313 2588 3382 ῶνρθη
2637 3313 2942 3382 μετασχών.
2975 3314 3047 3364 Οὐ
3092 3313 3200 3383 γάρ
3230 3331 3313 3376 τκ
3370 3314 3588 3380 γέγονεν
3645 3313 3915 3382 οὐδαμῶς,
3964 3313 4002 3382 ἢ

2434 3407 2551 3468 πῶς
2578 3407 2641 3459 ἂν
2673 3407 2879 3459 ἐκεῖθεν
2909 3405 3099 3476 ῥηθείη
3157 3405 3506 3468 καταπεσὼν,
3538 3408 3630 3458 καὶ
3665 3408 3691 3457 ὁ
3724 3406 4001 3475 σωτηρίας

2434 3499 2698 3567 ἀμέτοχος
2751 3496 3047 3564 προελθὼν,
3109 3497 3224 3557 πῶς
3283 3497 3350 3547 ἂν
3397 3499 3474 3558 είς
3518 3497 3793 3549 ἀπώλειαν
3867 3513 4005 3548 κατ-

2433 3591 2703 3658 ενεχθείη,
2811 3590 3008 3656 λέγοιτ’
3065 3591 3130 3642 ἂν
3157 3589 3470 3650 ἀπολωλώς.
3512 3587 3672 3640 Ἀλλά
3706 3587 3811 3656 μὴν
3849 3588 3945 3640 καὶ
3973 3589 4006 3640 ὁ

2434 3680 2815 3751 φιλάνθρωπος
2847 3681 3004 3750 ἡμῶν
3031 3683 3323 3748 Δεσπότης,
3355 3684 3381 3733 ὁ
3412 3681 3512 3748 τῆς
3563 3679 3820 3747 ἀληθείας
3862 3679 4004 3732 siss-

2434 3774 2631 3834 σκαλος
2667 3773 2760 3825 καὶ
2795 3772 3049 3843 χορηγὸς,
3077 3773 3168 3826 τοῦ
3200 3773 3537 3834 ἀπολωλότος
3566 3773 3784 3840 μνήμην
3811 3769 4002 3822 ποιού-

2435 3883 2592 3935 μενος
2617 3865 2906 3934 πολλαχοῦ,
2934 3864 3169 3934 οὐδαμοῦ
3197 3864 3816 3932 συγκατεσκευασμένην
3846 3863 4002 3932 αὑτῷ

2430 3956 2528 4026 τὴν
2559 3955 2814 4024 κακία.νῆ
2861 3955 2958 4025 τὴν
3001 3954 3277 4006 ἀπώλειαν
3323 3955 3588 4023 οὐμενοῦν
3648 3953 3766 4005 οὑδέ
3831 3952 3999 4021 μέχρι

2430 4048 2589 4115 ψιλῆς
2627 4045 2865 4108 ἐπινοίας
2912 4046 3253 4116 παραδηλοῖ·
3293 4047 3381 4098 ἀεὶ
3413 4047 3469 4098 δὲ
3508 4045 3583 4108 ὡς
3635 4045 3861 4113 ὕστερον
3900 4045 4004 4112 τῆς

2430 4142 2635 4204 τάξεως
2668 4142 2760 4192 καὶ
2801 4139 2899 4205 τῆς
2929 4139 3034 4189 τῶν
3066 4139 3238 4191 ἄλλων
3279 4137 3571 4206 συναφείας
3618 4153 3676 4188 τε
3725 4135 3818 4187 καὶ
3868 4151 3999 4187 συν-

2431 4229 2710 4299 διατριϐἧς
2764 4227 3077 4297 ἀπορραγὲν
3107 4225 3278 4287 οὔτως
3313 4223 3673 4292 ἀπενεχθῆναι
3709 4223 3845 4291 πρὸς
3899 4224 4001 4290 τὴν

2431 4322 2705 4374 ἀπώλειαν
2754 4321 2981 4388 παρέχει
3034 4321 3195 4370 νοεῖν.
3227 4318 3334 4369 Καὶ
3367 4318 3474 4385 γάρ
3512 4332 3694 4384 φησιν,
3739 4316 3800 4369 Τί
3853 4314 4001 4383 ὑμῖν

2431 4412 2611 4476 δοκεῖ,
2649 4412 2756 4464 ἐὰν
2813 4411 3054 4478 γένηταί
3093 4425 3207 4460 τινι
3251 4409 3536 4474 ἀνθρώπῳ
3582 4405 3798 4458 ἑκατὸν
3849 4407 4000 4472 πρό-

766 4499 1115 4564 aberraverit,
1148 4515 1176 4551 a
1209 4501 1370 4553 salvis
1405 4501 1491 4554 illa
1521 4517 1578 4555 se
1621 4514 1855 4570 separat,
1889 4520 1916 4557 a
1945 4520 2051 4559 non
2092 4509 2325 4561 erranti-
2352 4489 2404 4548 D
2431 4520 2438 4556 ε

2352 4489 2404 4548 Ῑ)
2431 4508 2594 4558 Eata.
2637 4503 2765 4555 Ἰδοὺ
2793 4502 2861 4554 τά
2895 4501 3085 4553 ἑκατὸν
3107 4499 3536 4569 πρόϐαταπάσα
3567 4499 3599 4566 ή
3629 4497 3796 4565 ἀγέλη
3820 4497 3997 4549 ἀπλα-

766 4590 868 4644 bus
898 4591 1133 4655 aberrat,
1164 4606 1225 4644 ex
1255 4592 1377 4643 ovili
1412 4595 1633 4648 recedit.
1660 4595 1946 4663 Propterea
1970 4607 2023 4650 et
2047 4599 2325 4653 hominum

766 4681 1168 4734 amantissimus
1206 4682 1344 4734 illam
1379 4683 1535 4736 citius
1567 4687 1778 4752 qnzerit,
1811 4695 1863 4739 et
1902 4698 2168 4756 repertam
2205 4691 2327 4744 reli-

766 4772 888 4841 quis
925 4788 1031 4824 non
1065 4773 1238 4826 deviis
1272 4785 1616 4834 annumerat.
1650 4787 1703 4829 et
1738 4778 1804 4830 de
1840 4788 2083 4846 reparata
2119 4782 2325 4849 jactura

767 4861 984 4930 gaudet,
1013 4869 1068 4913 et
1095 4861 1297 4914 amicos
1330 4862 1430 4916 sibi
1466 4863 1685 4932 angelos
1720 4865 1770 4916 in
1809 4866 2121 4920 societatem
2151 4871 2326 4938 gaudii

769 4952 967 5004 excitat
994 4953 1058 5014 ”,
1091 4952 1213 5019 quia
1261 4967 1414 5005 ovem
1457 4953 1521 5006 ab
1565 4956 1753 5008 ordine
1784 4967 1839 5010 et
1868 4959 2029 5026 gloria
2083 4960 2322 5028 ipsarum

770 5053 893 5095 ante
933 5053 1235 5110 separatam
1265 5043 1329 5095 ad
1363 5059 1535 5107 suam,
1573 5062 1675 5114 qua
1713 5048 1811 5116 ipsi
1841 5051 2166 5118 gaudebant,
2209 5054 2326 5107 feli-

2427 4597 2559 4665 νής·
2612 4595 2762 4646 οὐδὲν
2814 4593 2990 4645 αὐτῶν
3029 4592 3166 4654 τέως
3215 4590 3338 4642 οὕτε
3394 4589 3828 4657 πεπλανημένον,
3869 4586 3997 4638 οὔτε

2427 4687 2704 4747 ἀπολωλός
2751 4687 2885 4755 (37).
2915 4681 3047 4737 Εἶτα
3087 4684 3188 4736 κᾶν
3215 4683 3460 4753 πλανηθῇ
3491 4682 3548 4733 ἓν
3575 4681 3633 4744 ἐξ
3663 4680 3862 4742 αὐτῶν,
3898 4679 3999 4748 τῆς

2428 4779 2630 4848 ἀγέλης
2671 4779 2778 4830 τῶν
2835 4779 3155 4846 σωζομένων
3212 4775 3417 4842 διέστη,
3445 4773 3552 4826 τῶν
3594 4771 3668 4842 μὴ
3710 4770 3987 4838 πεπλανη·

2434 4874 2611 4943 μένων
2653 4868 3036 4937 ἀπεπλανήθη,
3079 4869 3175 4934 τῆς
3233 4866 3474 4936 μάνδρας
3524 4864 3705 4930 ἐξέϐη.
3742 4863 3831 4914 Διὸ
3900 4862 4000 4914 καὶ

2434 4967 2624 5018 θᾶττον
2659 4962 2790 5015 αὐτὸ
2819 4961 2929 5028 (58)
2961 4961 2988 5010 ὁ
3030 4957 3407 5027 φιλάνθρωπος
3441 4956 3706 5025 ἐπιζητεῖ,
3739 4955 3832 5007 καὶ
3880 4957 3996 5018 τοῖς

2446 5056 2519 5126 μὴ
2564 5051 2996 5122 πεπλανημένοις
3046 5051 3289 5121 ἀνευρὼν
3335 5046 3997 5115 συγκαταλέγει(ὅ9),καὶ

843 5157 886 5185 ¹⁷
909 5154 1095 5209 Matth.
1140 5171 1292 5234 xuii,
1330 5157 1415 5210 II.
1491 5159 1535 5189 ’⁸
1566 5157 1752 5212 Matth.
1795 5177 1948 5224 xvm,
1986 5163 2069 5214 I2.
2149 5165 2192 5196 "
2225 5165 2336 5221 Luc
2366 5168 2525 5233 “,4.

1851 5316 2074 5372 VARle
2113 5319 2489 5378 LECTIONES
2521 5324 2607 5378 ET
2638 5325 2865 5380 NOTAE.

853 5429 952 5505 ξῦξὶ)
985 5428 1471 5505 Ἀποεζκ-φῖῆσαξο.
1491 5432 1562 5483 Ita
1577 5432 1767 5498 scripsi
1788 5448 1883 5505 pro
1905 5433 2333 5505 ἀποσκιρτήσας,

769 5500 910 5567 quod
934 5515 1032 5551 ms.
1064 5498 1372 5551 exhibebat.
1405 5499 1742 5555 Antecedens
1772 5503 1917 5556 enim
1953 5498 2225 5567 ἀπολωλὸς
2280 5515 2334 5558 et

774 5570 993 5636 γεγονὸς
1029 5569 1167 5638 hanc
1193 5568 1417 5620 formant
1452 5573 1696 5638 requirit.

844 5638 954 5704 (36)
980 5638 1113 5689 Οὐδ’
1132 5636 1304 5700 ὅλως.

769 5709 912 5778 quod
947 5717 1058 5759 erat
1081 5709 1132 5759 in
1167 5723 1266 5759 ms.

841 5778 950 5846 (37)
986 5778 1331 5844 'Aaclwlo’g.
1354 5778 1460 5835 IIoe
1494 5782 1728 5836 rationes
1749 5785 2104 5853 grammatica‘
2139 5794 2290 5853 postu

1379 5638 1467 5690 Sic
1527 5642 1868 5694 scribendum
1913 5658 2010 5710 pro
2038 5643 2095 5693 οὓ
2143 5642 2328 5706 δόλως,

2435 5440 2545 5495 lant
2571 5456 2666 5510 pro
2697 5439 3011 5510 ἀπολωλὼς.
3050 5439 3190 5510 quod
3231 5440 3285 5493 in
3318 5437 3512 5510 codice
3555 5437 3918 5510 inveniebam.

2506 5507 2614 5577 (38)
2655 5512 2828 5564 Αὺτό.
2864 5510 2937 5562 Ita
2986 5507 3273 5577 legendum
3328 5525 3425 5578 pro
3454 5507 3602 5576 αὑτῷ
3633 5507 3837 5561 codicis
3886 5522 3988 5560 ms.

2432 5580 2684 5633 ltel‘ertur
2714 5581 2859 5632 enim
2894 5579 2958 5631 ad
2997 5580 3323 5648 antecedens
3344 5578 3628 5648 πρόϐατον.

2501 5651 2608 5712 (59)
2667 5649 3116 5715 Συγκαταλέγει.
3161 5647 3271 5704 Iloc
3315 5644 3538 5704 verbum
3593 5644 3818 5716 requirit
3869 5660 3992 5701 sen-

2428 5738 2517 5774 sus
2551 5737 2648 5789 pro
2686 5719 3084 5785 σνγκαταλήγει
3111 5734 3211 5772 ius.
