4234 6432
265 364 373 428 245

1279 379 1575 441 CONTRA
1619 383 2072 446 ΜΛΝΙΟΙΙίΕΟΒ
2112 389 2340 450 LIBER
2377 394 2472 453 IV.

3397 401 3504 466 246

265 474 448 542 χαίρει
488 475 580 526 ἐπὶ
601 478 666 544 τῇ
689 476 997 547 ἀνευρέσει,
1025 482 1115 532 καὶ
1142 482 1238 545 τὰς
1261 484 1421 551 φίλας
1445 487 1698 557 δυνάμεις
1730 490 1839 558 (ιο)
1868 490 1918 548 Α

1826 492 1839 558 )
1868 490 1918 548 A
1942 494 2157 549 eitatem
2192 508 2242 552 et
2279 500 2504 553 salutem
2545 503 2740 557 reverti
2775 504 3045 559 viderunt.
3077 506 3142 560 Et
3171 508 3257 562 illa
3285 526 3498 580 quoque

266 567 592 632 συγχαίρειν
639 570 1065 637 παρασκευάζει,
1089 573 1169 624 ὅτι
1223 575 1283 626 τὸ
1326 577 1709 648 ἀποπλανηθὲν
1738 581 1834 650 τῆς

263 655 474 718 τάξεως
505 657 597 708 καὶ
622 657 778 727 δόξης
801 660 998 724 αὐτῶν,
1033 663 1195 716 πάλιν
1219 667 1296 728 είς
1324 668 1424 736 τὴν
1457 670 1635 722 αὐτῶν
1682 671 1836 724 ἐθεά-

263 750 838 820 σαντσέπαναδραμὺν
864 753 1157 824 εὐκληρίαν
1191 774 1250 809 τε
1274 759 1368 810 καὶ
1397 764 1690 831 σωτηρίαν.
1725 765 1834 817 Καὶ

260 839 372 890 τῶν
424 840 557 893 δέκα
602 841 656 893 δὲ
711 843 1040 917 δραχμῶνὴ
1086 850 1388 922 παραϐολὴ,
1420 854 1478 918 ἐξ
1519 848 1594 907 ὧν
1647 859 1680 927 ἡ
1734 858 1833 928 μία

258 928 532 996 ἀπώλετο,
572 935 670 1001 τὴν
709 935 875 1004 αὐτὴν
935 939 1324 1007 ἀναμφιϐόλως
1369 945 1697 1018 παρίστησιν
1749 949 1833 1001 ἐν-

260 1037 430 1074 νοιαν.
463 1024 597 1076 Τότε
630 1025 738 1096 γὰρ
762 1029 860 1091 τὰς
890 1029 1024 1084 δέκα
1066 1031 1313 1102 δραχμὰς
1341 1037 1430 1088 τὸν
1470 1039 1633 1093 αὑτὸν
1681 1043 1830 1094 ἐντε-

257 1121 581 1188 τυπωμένον
609 1123 797 1192 φέρειν
820 1128 1142 1197 χαρακτῆρα
1171 1133 1264 1182 καὶ
1290 1132 1388 1202 τὴν
1404 1133 1524 1203 ἴσην
1546 1135 1716 1204 ῥοπὴν
1745 1137 1832 1189 ἕλ-

260 1226 382 1260 κειν
405 1254 416 1270 ,
455 1213 503 1262 εί
535 1211 712 1279 βούλεὶ
745 1215 802 1266 δὲ
833 1218 926 1268 καὶ
954 1219 1053 1287 τὴν
1081 1218 1211 1290 ὓλην
1265 1224 1394 1291 μίαν
1423 1227 1586 1278 πᾶσιν
1616 1227 1830 1280 ὑποκεῖ-

259 1297 384 1350 σθαι
411 1300 506 1366 τῆς
535 1303 774 1369 ἐμφύτου
792 1306 1126 1375 ἁγαθότητος
1153 1311 1244 1363 καὶ
1268 1315 1540 1383 σωτηρίας
1568 1317 1626 1369 τὸ
1655 1321 1830 1389 ἀπαρ-

259 1386 529 1440 άλλακτον
592 1393 858 1445 πάντοθεν
904 1397 1225 1455 ἐκδιδάσκει.
1261 1403 1370 1454 Καὶ
1401 1407 1449 1456 εἰ
1511 1407 1676 1475 μηδὲν
1699 1409 1824 1461 τού-

253 1495 364 1528 των
390 1480 745 1551 παρείληπτο,
766 1486 900 1538 ἀλλὰ
928 1490 985 1540 τό
1006 1506 1067 1555 γε
1093 1491 1193 1543 ὑπὸ
1213 1493 1312 1562 τὴν
1341 1495 1508 1564 αὐτὴν
1533 1500 1827 1570 κυριότητα

257 1570 443 1621 πᾶσαν
471 1572 642 1625 τελεῖν
664 1576 722 1626 τὺ
743 1577 840 1644 τῆς
858 1577 1104 1644 ἐξουσίας
1134 1582 1375 1653 ἄτμητον
1404 1591 1496 1640 καὶ
1526 1591 1826 1662 ἀδιαίρετον

256 1661 646 1729 ἀνακηρύττει.
685 1667 776 1716 κοιλ¹
819 1668 875 1733 ἐξ
919 1664 992 1722 ὧν
1043 1673 1308 1736 ἐσώζοντο
1364 1680 1555 1743 πᾶσαι,
1602 1684 1682 1734 ὄτι
1731 1686 1825 1753 τῆς

257 1772 274 1799 r.
298 1753 600 1819 γαθουργοῦ
637 1757 731 1823 μὲν
788 1759 1064 1829 δυνάμεως
1109 1766 1402 1835 ἐτύγχανεν
1431 1770 1586 1840 ἔργα.
1623 1776 1712 1842 Τῷ
1766 1778 1821 1829 δὲ

254 1841 355 1904 τῆς
389 1843 856 1915 αὐτεξουσότητος
884 1851 1149 1921 ἀξιώματι
1176 1859 1222 1907 οί
1265 1860 1364 1926 μὲν
1387 1863 1472 1927 ἐφ’
1524 1859 1626 1942 ἦτε
1685 1883 1822 1934 προ-
1849 1836 1896 1893 Β

258 1929 512 1999 ήχθησαν
559 1935 850 2005 ἀγαθοτητι
884 1942 975 1992 καὶ
1026 1947 1266 2016 σωτηρίᾳ
1325 1929 1599 2019 διέμειναν
1626 1973 1639 1986 ·
1675 1958 1704 2008 ὁ
1732 1929 1822 2012 ’δὲ

255 2024 651 2091 παρακινηθεὶς
692 2029 895 2080 ἐκεῖθεν
917 2032 1185 2105 ἐξετράπη
1226 2039 1362 2108 πρὸς
1393 2043 1681 2100 ἀπώλειαν.
1715 2050 1822 2102 Καὶ

253 2114 447 2179 γέγονε
481 2117 541 2168 τὸ
586 2118 685 2185 τῆς
741 2121 961 2192 γνώμης
1001 2127 1406 2197 αύτοδέσποτον,
1448 2135 1636 2207 ὥσπερ
1686 2145 1815 2206 τοῖς,

259 2203 365 2255 καθ
408 2205 467 2255 δν
507 2207 612 2258 ἔδει
639 2212 858 2278 τρόπον,
886 2219 1248 2286 χρησαμένοις
1275 2225 1444 2294 αὐτῷ,
1467 2227 1562 2296 τῆς
1585 2246 1642 2281 τε
1668 2231 1818 2284 ὲνούο
1862 2235 1864 2237 ’

257 2311 361 2363 σης
407 2301 676 2366 σωτηρίας
734 2304 827 2355 καὶ
888 2308 1223 2377 ἁγαοότητος
1280 2317 1666 2389 φυλακτήριον,
1724 2326 1819 2377 καὶ⁵

254 2386 538 2458 προσθήκη
579 2392 821 2458 μείζονος
883 2398 1213 2467 τελείοτητος
1265 2405 1359 2471 (Τὸ
1384 2408 1490 2476 γὰρ
1521 2413 1688 2480 χωρὶς
1713 2416 1819 2467 τῶν

253 2478 508 2546 πράξεων
537 2480 965 2552 θαυμαζόμενον,
988 2490 1079 2540 καὶ
1106 2491 1204 2561 τὴν
1234 2495 1342 2546 ἀπο
1370 2498 1478 2550 τῶν
1518 2499 1693 2570 ἔργων
1734 2505 1816 2557 δό-

253 2566 352 2629 ξαν
385 2570 707 2636 προσλαϐὸν,
743 2575 875 2626 πολὺ
909 2576 1352 2652 θαυμασιώτερόν
1394 2605 1450 2638 τε
1493 2591 1586 2642 καὶ
1622 2595 1818 2661 τιμιώ-

252 2659 457 2725 τερον),
501 2660 642 2713 οὕτω
672 2667 779 2727 τοῖς
830 2674 1341 2741 παραχρησαμένοις
1389 2678 1463 2746 τῷ
1523 2683 1818 2753 χαρίσματι

252 2750 338 2811 είς
362 2748 638 2805 ἀπώλειάν
667 2771 722 2804 τε
751 2762 1075 2812 καταπεσεῖν
1101 2777 1113 2791 ο
1144 2764 1239 2832 τῆς
1267 2767 1537 2835 ὁμοφυιιῦς
1560 2773 1818 2846 καλλονῆς

252 2841 616 2909 προελήλυθε,
648 2846 743 2896 καὶ¹
777 2848 875 2916 τὴν
899 2851 990 2901 ἐπὶ
1017 2851 1084 2904 τὰ
1114 2854 1279 2924 χείρω
1306 2857 1487 2913 λαϐεῖν
1532 2863 1817 2920 ἀλλοίωσιν

252 2934 362 2986 τῶν
386 2938 710 3003 κρειττόνων
738 2941 1117 3010 ἁλλαξάμενοι,
1148 2949 1196 2998 εί
1230 2952 1304 3018 μή
1338 2970 1420 3014 τις
1451 2955 1550 3024 τῆς
1570 2961 1664 3011 ἐπὶ
1691 2962 1819 3029 φθό-

253 3042 348 3118 ρον
375 3027 612 3097 ἀγούσης
659 3032 952 3102 μεταϐολῆς
988 3038 1125 3102 μετὰ
1171 3042 1371 3112 πολλῆς
1401 3050 1633 3118 σπουδῆς
1687 3027 1817 3106 ανα-

253 3116 471 3178 σὼσειε,
509 3121 877 3189 προδεδώκασι
925 3127 1225 3197 τὴνσφύσιν
1257 3140 1683 3196 καταπεπιῖηθαι
1735 3147 1811 3216 τῷ
1843 3163 1889 3224 ρ

253 3212 682 3280 παραπτώματι.

324 3302 456 3358 ΚΘ’.
494 3307 886 3383 Ἐπιστράφηθι
917 3317 981 3387 δὴ
1010 3321 1106 3373 καὶ
1129 3323 1264 3392 πρὸς
1291 3326 1416 3390 τοὺς
1446 3329 1510 3380 ὲκ
1531 3329 1626 3382 τοῦ
1649 3331 1813 3384 αὐτοῦ

252 3394 457 3461 πατρὶς
485 3396 576 3448 δύο
620 3398 930 3470 πεφυκότας
989 3409 1292 3477 παῖδας,ὦν
1340 3419 1368 3468 ὁ
1406 3417 1668 3487 νεώτερος
1725 3423 1816 3474 τὸν

250 3488 520 3553 πατρικὸν
547 3491 646 3542 οὐκ
674 3495 880 3550 ἐλάττω
908 3500 1002 3553 τοῦ
1051 3505 1426 3577 πρεσϐυτέρου
1469 3510 1647 3564 λαϐὼν
1679 3514 1814 3582 κλῆ-

253 3593 368 3644 ρᾱν,
398 3581 477 3642 είς
505 3582 686 3653 χώραν
723 3589 821 3655 μὲν
843 3591 1026 3645 ἄπεισι
1059 3598 1295 3665 μακρὰν,
1314 3601 1408 3652 καὶ
1423 3599 1522 3669 τὴν
1549 3602 1816 3673 τοσαύτην

251 3670 439 3722 οὐσίαν
487 3680 841 3743 κατασπάσας
875 3684 986 3754 (41)
1018 3703 1075 3738 τε
1105 3689 1196 3740 καὶ
1231 3693 1728 3763 κατασπαταλήσας
1747 3699 1811 3766 τῇ

251 3761 550 3834 ἀποδημίᾳ,
600 3769 684 3820 ἐπ’
721 3771 900 3840 ἐνδείᾳ
955 3777 1019 3843 τῇ
1050 3777 1440 3849 ἀνυπερϐλήτῳ
1469 3761 1659 3852 (οίρων
1691 3761 1812 3854 τροζ

251 3850 358 3919 φῆν
393 3857 756 3925 προσεφέρετο
801 3861 865 3912 τὰ
909 3866 1150 3932 κεράτια.
1189 3868 1283 3929 Τίς
1313 3869 1374 3920 ού
1425 3874 1491 3940 τῇ
1535 3850 1809 3946 πλάνῃττῇ

249 3940 484 4011 τοσαύτῃ
513 3945 790 4009 παλάξειε
813 3951 1043 4021 δάκρυον
1071 3956 1178 4024 (42)
1201 3973 1214 4020 ;
1265 3958 1320 4008 Ὀ
1347 3960 1680 4032 τηλικαύτης
1714 3967 1812 4017 κύ-

253 4047 371 4098 ριος
427 4039 744 4104 περιουσίας
775 4082 787 4102 ,
845 4044 1165 4114 μισθαρνίας
1218 4049 1449 4117 ἔκδοτος,
1483 4056 1573 4105 καὶ
1616 4058 1813 4127 χοίρων

247 4125 421 4192 τροφῇ
451 4125 548 4194 τὴν
589 4128 831 4200 ἀνάγκην
861 4135 1107 4189 κλέπτων
1133 4144 1233 4209 τῆς
1269 4143 1499 4209 φύσεως,
1534 4141 1652 4199 εἶτα
1700 4153 1813 4213 τοῖς

248 4212 446 4265 πάθεσι
490 4217 582 4268 καὶ
634 4221 709 4290 τῷ
765 4224 908 4294 λιμῷ
958 4230 1361 4301 μεταδιδαχθεὶς
1411 4236 1470 4287 τὸ
1523 4238 1809 4309 ὀλίσθημα,

247 4302 609 4375 ἐπανέρχεται
644 4314 778 4382 πρὸς
801 4316 891 4366 τὸν
938 4321 1166 4389 πατέρα,
1205 4324 1298 4375 καὶ
1329 4331 1648 4398 συντρυμμῴ

245 4394 366 4457 δίας
402 4398 500 4468 τὴν
540 4405 827 4470 μετάνοιαν
870 4411 1259 4481 προχεάμενος,
1289 4417 1334 4469 ὢ
1383 4394 1482 4486 τῆς
1523 4394 1664 4493 περὶ
1708 4394 1807 4494 ἐμὲ

1936 585 2002 638 de
2027 587 2214 642 decem
2244 591 2516 644 drachmis
2541 596 2814 661 parabola,
2841 611 2906 648 ex
2937 597 3131 664 quibus
3155 616 3258 653 una
3291 605 3498 670 perdita

1937 687 2073 740 erat,
2126 680 2370 734 eamdem
2428 683 2546 737 sine
2595 688 2910 754 exceptione
2958 683 3281 745 sententiam
3341 697 3499 750 nobis

1934 771 2276 826 commendat
2308 775 2372 824 ³ο.
2418 773 2573 838 Quod
2622 778 2766 829 enim
2822 778 3009 832 decem
3070 781 3171 834 illa;
3226 784 3496 843 drachma:

1932 862 2178 916 eamdem
2217 865 2318 918 sibi
2351 875 2530 919 notam
2564 867 2879 936 impressam
2909 871 3128 938 habent,
3165 884 3218 928 et
3251 876 3491 945 ejusdem

1931 963 2056 1007 sunt
2089 955 2303 1022 valoris,
2338 958 2446 1013 imo
2488 961 2672 1025 etiam,
2703 963 2745 1015 si
2783 964 2970 1029 placet,
3005 983 3069 1019 ex
3095 969 3283 1023 eadem
3321 981 3492 1025 mate-

1931 1041 2009 1095 ria
2059 1055 2186 1098 sunt
2238 1058 2550 1116 compacta,
2607 1051 2732 1106 honi
2787 1053 2934 1106 insiti
3002 1057 3493 1130 ineolumitatisque

1929 1139 2344 1204 perpetuitatem
2394 1142 2736 1212 undiquaque
2784 1145 2969 1199 infert.
3027 1147 3164 1214 lmo,
3216 1152 3260 1203 si
3299 1154 3489 1207 horum

1930 1227 2065 1279 nihil
2117 1229 2240 1282 inde
2290 1230 2704 1300 relinqueretur,
2736 1235 2785 1288 id
2817 1247 2964 1290 certe
3009 1241 3299 1307 evincitur,
3347 1245 3492 1310 quod

1929 1320 2030 1371 sub
2059 1321 2247 1373 eodem
2288 1323 2508 1376 Domino
2537 1326 2711 1380 omnis
2741 1337 2976 1394 potestas
3012 1331 3238 1385 indivisa
3267 1344 3321 1387 et
3354 1335 3492 1388 indi-

1930 1410 2075 1462 vulsa
2136 1413 2477 1467 contineatur
2522 1433 2534 1468 :
2576 1418 2828 1483 quoniam
2885 1435 3013 1474 τοι-ο
3081 1423 3243 1476 etiam
3302 1442 3490 1480 onmcs

1928 1512 2155 1555 servata:
2201 1512 2346 1568 sunt,
2397 1506 2446 1559 id
2502 1507 2699 1562 indicio
2750 1512 2967 1577 quidem
3001 1522 3101 1576 est,
3145 1530 3333 1568 omnes
3369 1535 3489 1570 esse

1927 1595 2180 1660 potentia).
2208 1596 2461 1650 benefica:
2487 1614 2671 1665 Opera.
2707 1600 2769 1654 Et
2794 1605 3034 1656 nonnulli
3069 1607 3285 1674 quidem
3321 1609 3488 1662 libero

1926 1699 2022 1736 suo
2052 1684 2276 1738 arbitrio
2318 1696 2462 1739 recte
2500 1690 2580 1740 usi
2629 1690 2682 1741 in
2711 1705 2794 1754 ea,
2827 1707 2929 1758 qua
2965 1693 3143 1746 donati
3179 1705 3351 1756 erant,
3390 1697 3484 1748 bo-

1926 1772 2096 1824 nitate
2125 1773 2569 1827 etineolumitate
2594 1792 3010 1844 permanserunt
3046 1801 3056 1834 :
3085 1784 3175 1850 qui
3205 1799 3332 1837 vero
3359 1786 3483 1838 inde

1924 1872 2138 1916 amotus
2163 1876 2266 1926 est,
2298 1865 2349 1917 in
2380 1868 2671 1934 perniciem
2696 1885 2752 1922 se
2787 1870 2898 1938 ipse
2921 1873 3169 1926 detrusit.
3202 1874 3265 1926 Et
3293 1892 3482 1943 quem-

1922 1955 2208 2008 admodum
2262 1959 2490 2011 Iibcrum
2542 1960 2858 2022 arbitrium,
2911 1964 3052 2028 illis,
3113 1968 3202 2034 qui
3244 1984 3309 2020 co
3339 1978 3482 2021 recte

1922 2047 2233 2110 utebantur,
2282 2053 2659 2119 prosperitatis
2691 2054 3056 2123 houitatisque
3098 2058 3226 2125 ipsis
3276 2061 3481 2113 collata:

1921 2142 2383 2195 conservatorium
2415 2155 2551 2208 erat,
2587 2154 2642 2198 et
2667 2147 2884 2214 majoris
2917 2150 3266 2215 perfectionis
3299 2167 3480 2206 acces-

1920 2230 2001 2283 sio
2057 2231 2220 2300 (quod
2282 2233 2425 2285 enim
2460 2237 2618 2289 etiam
2649 2237 2764 2290 sine
2799 2240 3099 2294 actionilms
3132 2244 3478 2297 admirationi

1919 2329 2020 2381 est,
2053 2320 2125 2384 id,
2157 2322 2244 2374 ubi
2280 2323 2443 2391 gloria
2476 2340 2541 2377 ex
2573 2327 2825 2392 operibus
2859 2329 3084 2393 accedit,
3113 2331 3280 2382 multo
3310 2332 3478 2400 magis

1920 2410 2177 2463 miramur
2205 2422 2257 2464 et
2285 2414 2457 2482 magni
2501 2414 2746 2482 facimus)
2784 2433 2795 2466 :
2835 2416 2904 2468 ita
2939 2417 3040 2469 illis
3073 2419 3162 2485 qui
3196 2419 3337 2472 dono
3374 2418 3478 2473 hoc

1919 2503 2297 2569 abutebantur,
2352 2507 2563 2560 occasio
2595 2508 2803 2560 exstitit
2838 2524 2866 2560 a
2903 2513 3082 2564 nativa
3125 2511 3364 2564 bonitate
3421 2514 3474 2564 in

1919 2596 2208 2664 perniciem
2239 2597 2530 2660 incidendi,
2563 2608 2616 2651 et
2646 2601 2997 2652 mutationem
3032 2602 3082 2653 in
3111 2602 3264 2669 pejus
3289 2604 3480 2656 admit-

1922 2687 2088 2749 tentli,
2122 2687 2215 2755 qui
2246 2688 2493 2756 proinde,
2533 2690 2673 2742 facta
2709 2690 2806 2742 hac
2842 2706 2962 2743 eum
2995 2691 3307 2745 melioribus
3351 2709 3476 2760 per-

1919 2779 2258 2842 mutatione,
2321 2781 2426 2834 nisi
2482 2783 2604 2850 quis
2655 2799 2718 2836 ex
2777 2786 3177 2839 transversione
3235 2788 3368 2850 hac,
3423 2789 3475 2840 in

1918 2872 2142 2925 exitium
2189 2873 2440 2935 ducente,
2492 2890 2616 2928 eum
2655 2892 2782 2928 cura
2814 2891 2871 2930 se
2907 2879 3189 2944 receperit,
3243 2880 3480 2948 produnt

1919 2971 2164 3017 naturam
2197 2979 2349 3018 suam
2381 2965 2532 3033 lapsu
2567 2967 2669 3021 isto
2695 2968 3002 3036 absorptam
3045 2969 3226 3023 fuisse.

1989 3329 2175 3383 XXIX.
2217 3330 2284 3384 At
2315 3340 2571 3386 converte
2606 3341 2657 3387 te
2689 3347 2835 3387 nunc
2875 3333 3036 3386 etiam
3065 3334 3129 3387 ad
3159 3334 3294 3387 duos
3342 3335 3478 3388 (ilius

1917 3437 1982 3475 ex
2030 3423 2216 3475 eodem
2269 3432 2419 3491 patre
2466 3432 2649 3487 natos,
2702 3439 2929 3491 quorum
2969 3433 3096 3478 natu
3148 3427 3326 3478 minor
3369 3443 3477 3478 non

1917 3514 2203 3575 minorem,
2233 3529 2394 3582 quam
2421 3515 2611 3582 major,
2633 3523 2831 3568 sortem
2855 3516 3148 3584 accipiens,
3183 3518 3234 3568 in
3259 3517 3476 3570 dissitas

1917 3603 2030 3656 abit
2078 3606 2344 3672 regiones,
2396 3614 2681 3673 tantasque
2747 3605 3027 3658 facultates
3077 3606 3379 3674 dilapidans
3422 3617 3477 3660 ct

1918 3694 2247 3761 profundens
2293 3695 2344 3746 in
2395 3695 2621 3759 itinere,
2675 3696 2892 3748 tandem
2951 3696 3130 3764 inopia
3189 3697 3472 3750 immodica

1915 3785 2197 3846 adductus,
2230 3784 2454 3852 siliquis,
2490 3801 2776 3853 porcorum
2803 3787 2945 3847 cibo,
2981 3803 3110 3840 usus
3135 3796 3216 3839 est
3246 3788 3309 3839 ³¹.
3342 3786 3471 3851 Quis

1914 3893 2020 3928 nun
2052 3892 2290 3929 errorem
2325 3878 2468 3930 hunc
2499 3878 2747 3950 laerymis
2783 3879 3179 3945 prosequatur?
3212 3877 3312 3943 Qui
3352 3889 3474 3931 tar-

1914 3979 2088 4021 tarum
2132 3985 2294 4038 opum
2350 3969 2602 4022 dominus
2650 3978 2800 4031 erat,
2849 3969 2894 4021 is
2924 3970 3254 4022 mercenaria
3308 3987 3471 4038 Opera

1913 4060 2150 4122 functus,
2197 4073 2592 4127 porcorumque
2643 4074 2821 4112 escam
2869 4060 2934 4114 ad
2976 4061 3335 4116 sublevandas
3374 4080 3472 4115 na-

1916 4162 2046 4206 tura:
2113 4153 2465 4206 necessitates
2539 4153 2866 4216 suﬂuratus,
2941 4165 3127 4222 postea
3183 4157 3338 4210 malis
3392 4158 3474 4210 his

1913 4242 2136 4310 ipsaque
2159 4241 2297 4293 fame
2320 4241 2538 4293 meliora
2565 4241 2807 4305 edoctus,
2835 4243 3128 4296 revertitur
3156 4245 3220 4296 ad
3242 4254 3467 4312 patrem,

1912 4342 1964 4385 et
1993 4347 2057 4384 ex
2092 4334 2324 4386 contrito
2355 4332 2518 4385 corde
2557 4334 2935 4401 paenitentiam
3005 4342 3253 4396 testatus,
3287 4352 3319 4388 o
3356 4353 3468 4388 ma-

1910 4439 2070 4492 gnam
2104 4423 2272 4491 patris
2293 4432 2347 4475 et
2383 4423 2584 4476 domini
2619 4424 3034 4478 humanitatem!
3071 4427 3279 4494 majori,
3307 4442 3465 4493 quam

246 4485 450 4555 πολλῆς
501 4496 594 4542 τοῦ
636 4495 847 4565 Πατρὸς
895 4501 988 4552 καὶ
1033 4505 1304 4558 Δεσπότου
1362 4485 1803 4580 φιλανθρωπίαςί
1838 4485 1918 4566 Di

1795 4520 1803 4570 ί
1838 4501 1885 4561 D
1912 4485 2195 4582 impetrata
2227 4514 2383 4566 venia
2414 4527 2631 4580 sperare
2656 4514 2897 4580 jubebat,
2934 4516 3244 4582 receptione
3275 4516 3467 4585 dignus

243 4577 542 4650 πλείονεςῆ
583 4586 720 4638 κατὰ
751 4589 1078 4661 συγγνώμην
1109 4594 1349 4656 ἀξιοῦται
1371 4577 1689 4667 δεξιώσεως.
1743 4577 1799 4661 i0

245 4668 356 4737 γὰρ
385 4673 565 4741 πατὴρ
592 4676 681 4726 τὸν
705 4686 1070 4750 νεωτερισμὸν
1101 4686 1199 4737 οὐκ
1234 4687 1504 4754 ὀνειδίζει,
1534 4694 1652 4746 οὐδὲ
1705 4697 1802 4767 τὴν

243 4759 455 4829 πλάνην
497 4767 745 4835 αἰσχύναι
775 4776 1003 4840 προάγει
1033 4791 1044 4803 ·
1078 4778 1183 4828 οὐδ’
1212 4781 1291 4832 ὅτι
1342 4782 1440 4850 τῆς
1471 4785 1628 4853 λιμοῦ
1671 4759 1802 4857 μᾶλ-

241 4849 336 4902 λον
356 4851 387 4918 ἢ
410 4854 506 4921 τῆς
541 4858 764 4926 γνώμης
795 4864 941 4916 ἐστὶν
975 4867 1006 4934 ἡ
1041 4867 1363 4939 ἐπιστροφή.
1391 4849 1554 4927 Οὐδὲν
1596 4849 1801 4935 τούτων

315 4985 362 5016 ³⁰
386 4985 513 5042 Luc.
533 5007 618 5051 xv,
639 4991 689 5044 8.
769 4994 806 5023 ³¹
845 4995 974 5048 Lne.
997 5016 1086 5062 xv,
1114 5001 1197 5054 ll.

1913 4605 2165 4657 habetur.
2217 4603 2372 4656 Pater
2423 4604 2569 4656 enim
2617 4603 2910 4672 juvenilem
2945 4605 3156 4672 culpam
3189 4621 3294 4659 non
3343 4623 3465 4674 per-

1909 4697 2142 4765 stringit,
2184 4709 2285 4749 nec
2312 4710 2550 4748 errorem
2595 4695 2788 4762 pudori
2834 4696 3073 4764 exponit,
3111 4712 3288 4764 neque
3333 4714 3466 4751 con-

1911 4790 2210 4843 versionem
2251 4788 2392 4840 illam
2425 4786 2548 4839 fami
2581 4786 2756 4854 potius
2787 4803 2944 4853 quam
2980 4788 3144 4840 animi
3189 4790 3464 4857 proposito

1909 4891 2182 4951 acceptam
2256 4879 2358 4932 fert
2389 4896 2401 4930 :
2431 4878 2638 4931 nullum
2716 4879 2904 4932 horum
2955 4877 3008 4931 in
3060 4879 3462 4947 dclmquentem

1297 5139 1524 5195 VARUE
1564 5143 1946 5204 LECTIO‘NES
1979 5150 2066 5204 ΕΤ
2095 5149 2322 5205 NOTAE.

434 5263 847 5352 ρυλνιὶιιειὶςλῡε
867 5270 1073 5336 angelis
1096 5272 1437 5352 interpretor,
1464 5295 1600 5352 quos
1621 5282 1671 5334 in
1695 5301 1789 5352 ap-

236 5327 530 5415 plicatione
549 5327 817 5415 parabolze
846 5327 1671 5415 commemorat.serrata-[lita

236 5400 328 5485 ρο.
371 5399 600 5485 Ειεςιῂξ
638 5405 934 5485 scriptores
976 5411 1326 5485 ecclesiastici
1355 5399 1666 5485 προνοεῖ

236 5469 387 5556 hung
414 5469 770 5556 significatum
801 5469 1792 5556 subjiciunt.Chrysostomus‘,—hvom:vé,

237 5538 320 5625 in‘
348 5537 519 5605 Epist.
549 5543 615 5625 ad
673 5537 947 5625 Hebraeos,
983 5537 1356 5625 λειτουργῖκὰς
1393 5537 1792 5625 ’δῦὗᾶίιέἶξᾮᾶἔ

237 5617 325 5659 cat
355 5625 539 5675 :-quas
558 5611 868 5692 épos’tolu_s,
903 5615 1062 5692 l_lc_|)r.
1090 5636 1124 5692 ι,
1146 5611 1241 5692 μ,
1271 5611 1614 5692 λείτουργιὶιὰ
1638 5611 1792 5681 imis.

238 5693 386 5741 ματα
416 5679 665 5750 appellat.
691 5682 885 5737 Confer
900 5679 1121 5741 Suiceri'
1144 5679 1460 5745 Thes/iurauit
1478 5679 1789 5750 ecclesiasti-

235 5759 355 5798 cum
385 5749 571 5818 tom.|,
604 5768 656 5821 p.
688 5753 825 5819 969;
853 5765 903 5810 et
930 5754 1141 5815 licuric.
1182 5760 1466 5828 Valesium,
1511 5767 1577 5819 ad
1621 5749 1789 5824 Euse-

1896 5288 2068 5361 bium,
2097 5304 2151 5356 p.
2185 5288 2289 5361 282
2316 5289 2385 5361 _b,
2423 5290 2519 5361 ubi
2552 5290 2788 5343 ostendit
2841 5290 3055 5344 Graaeos
3089 5292 3156 5345 τὰ
3212 5294 3460 5361 δαιμονία

1897 5360 2166 5426 appellare
2202 5359 2479 5426 δυνάμεις,
2503 5358 2717 5412 Latinos
2748 5370 2924 5413 autem
2950 5371 3247 5426 potestates.

1977 5427 2535 5498 (41)Κατασπάσας.
2585 5428 2695 5482 Hoc
2755 5431 3000 5496 rescripsi
3053 5447 3146 5498 pro
3178 5450 3471 5486 κατασπαέ

1903 5496 2104 5565 σθήσας
2131 5499 2432 5569 merm-ci
2494 5499 2638 5569 enim
2668 5501 2951 5567 κατασπᾷν
2982 5496 3170 5554 dicunt
3208 5519 3298 5556 eos
3368 5507 3456 5569 qui

1904 5566 2039 5619 bona
2074 5583 2169 5618 sua
2205 5568 2554 5635 ahliguriunt.
2581 5568 2796 5622 Testem
2815 5566 3074 5622 habemus
3113 5566 3455 5626 scholiasteiu

1901 5637 1938 5685 Α
1951 5635 2277 5703 ristophanis
2305 5638 2370 5690 ad
2400 5636 2630 5701 Equites.

1972 5706 2082 5775 (ιν.)
2118 5706 2401 5773 Διὶκρυον.
2431 5706 2677 5762 Fortasse
2709 5709 2990 5777 legendum
3015 5710 3279 5780 ὅλκρύων.
