4234 6432
772 370 874 433 247

1923 365 2183 425 ΡΙΙΟΤΙΙ
2224 362 2725 426 PATRIARCH/E
2763 365 2872 427 CP.

3889 367 3997 430 %8

771 482 1015 550 conjicit.
1073 476 1306 530 Noverat
1357 476 1522 538 enim,
1577 490 1700 527 eum
1750 474 1837 542 qui
1891 490 2139 526 reversus
2194 480 2328 532 erat,
2361 470 2443 526 Λε

2324 512 2328 528 .
2361 470 2410 526 Α
2437 475 2512 533 εἰς
2539 472 2628 524 τὸν
2660 473 3078 541 ἐξημαρτηκότα
3119 473 3447 542 ἀπορρίπτει
3479 489 3490 502 ·
3527 472 3640 540 ᾔδει
3665 471 3770 540 γὰρ
3826 471 3996 524 αὑτοῦ

772 588 922 625 suam
945 586 1064 623 esse
1097 568 1406 638 progeniem
1446 567 1714 635 (quamvis
1754 581 1846 634 per
1881 565 2115 617 alienum
2146 579 2328 616 semen

770 664 1103 716 adulteratus
1163 660 1357 724 esset);
1417 669 1640 710 noverat
1675 674 1702 709 a
1752 672 1808 710 se
1861 673 1922 709 ex
1977 671 2160 708 amore
2213 669 2333 706 esse

769 740 1112 823 productum,
1147 767 1252 803 non
1287 760 1464 802 autem
1514 749 1729 802 aliunde
1768 763 1954 800 recens
1994 757 2187 799 satum.
2233 744 2333 796 Ita—

767 859 870 910 que
903 843 1037 894 nihil
1092 842 1278 893 horum
1317 857 1424 907 quo
1463 842 1767 893 contristari
1803 841 1846 893 is
1875 850 2103 909 poterat,
2134 841 2330 892 affere-

767 934 892 998 bat;
929 947 1104 1000 neque
1135 931 1405 983 diuturnis
1441 931 1531 983 ﬁlii
1564 931 1818 984 aerumnis
1848 932 2136 996 adjiciebat
2172 932 2334 998 quid-

767 1041 949 1094 quam.
1010 1024 1226 1077 Utinam
1257 1032 1315 1075 ut
1360 1022 1562 1075 erroris
1607 1023 1702 1082 tui,
1753 1022 1822 1075 ita
1857 1032 1910 1074 et
1938 1022 2331 1084 conversionis,

767 1133 832 1170 ac
885 1115 1228 1183 receptionis,
1271 1116 1325 1168 in
1363 1115 1585 1183 gratiam
1632 1113 1819 1177 factm,
1877 1113 2112 1166 fructum
2157 1114 2335 1181 perci-

770 1209 940 1276 piam!
976 1208 1193 1259 Scilicet
1228 1205 1650 1258 humanissimus
1677 1214 1733 1256 et
1763 1205 1997 1271 Optimus
2028 1213 2182 1270 pater
2208 1218 2332 1255 eum

770 1300 989 1352 eminus
1060 1298 1236 1350 adhuc
1283 1307 1337 1349 et
1375 1297 1482 1347 sola
1542 1295 1861 1364 pmnitentia
1910 1294 1974 1346 ad
2014 1310 2072 1346 se
2131 1295 2337 1346 adven-

771 1397 997 1448 tantem,
1056 1387 1262 1438 nullum
1295 1400 1421 1436 vero
1461 1384 1692 1437 fructum
1725 1383 1828 1435 huc
1877 1382 2002 1434 dum
2050 1382 2336 1445 ferentem,

770 1477 1153 1544 conspicatus,
1210 1491 1277 1529 ne
1331 1474 1535 1526 ferebat
1591 1474 1806 1542 quidem
1871 1472 2001 1524 istos
2065 1471 2335 1539 poeniten-

770 1567 856 1620 tiae
889 1568 1117 1626 labores,
1158 1566 1250 1618 sed
1287 1565 1474 1617 videns
1524 1565 1694 1632 ipsum
1749 1564 1882 1615 adeo
1930 1563 2250 1630 squalidum,
2283 1571 2338 1613 et

772 1659 884 1711 sola
936 1657 1256 1726 pwnitentia
1289 1671 1344 1709 sc
1383 1656 1779 1723 respicientem,
1812 1652 2179 1705 misericordia
2215 1666 2337 1719 per-

771 1763 948 1806 motus
983 1762 1098 1817 cst,
1137 1761 1195 1805 ut
1229 1767 1454 1805 currens
1497 1751 1801 1817 collumque
1840 1750 1957 1816 ejus
2003 1749 2338 1815 amplexatus

772 1862 896 1899 eum
931 1845 1354 1899 deoscularetur.
1385 1843 1522 1906 Quid
1561 1859 1690 1896 vero
1723 1841 1900 1893 ﬁlius?
1944 1840 2065 1906 quis
2100 1853 2192 1891 eos
2221 1839 2338 1905 qui-

773 1939 876 1991 bus
909 1937 1329 1999 distrahebatur,
1364 1936 1591 1988 affectus
1624 1931 2062 1986 enumeraverit?
2102 1931 2342 1983 Aderant

773 2030 970 2099 pudor,
1005 2028 1215 2080 tristitia
1243 2067 1256 2089 ,
1305 2036 1498 2090 melus,
1533 2026 1776 2093 angustia
1808 2023 2009 2083 animi,
2048 2021 2341 2081 timiditas.

776 2135 903 2189 spes
935 2122 985 2173 in
1014 2121 1128 2173 solo
1146 2118 1414 2172 desiderio
1447 2117 1730 2179 fluctuans,
1762 2118 2021 2166 memoria
2046 2129 2222 2165 rerum
2253 2127 2339 2164 su-

776 2211 1075 2280 periorum,
1106 2207 1408 2262 recordatio
1445 2205 1809 2266 infandorum,
1845 2203 2098 2271 cogitatio
2131 2199 2345 2254 futuro—

779 2318 921 2354 rum.
955 2301 1018 2352 lSt
1045 2301 1145 2353 illis
1177 2310 1354 2351 tamen
1381 2297 1632 2349 omnibus
1659 2310 1752 2363 per
1783 2293 2155 2361 paenitentiam
2184 2304 2346 2360 supe-

780 2394 893 2446 rior
918 2401 1017 2445 est.
1051 2392 1138 2443 Ait
1169 2391 1311 2443 enim
1342 2407 1353 2440 :
1392 2388 1571 2450 Pater,
1611 2388 1819 2453 peccavi
1859 2386 1914 2436 in
1950 2384 2134 2436 cazlum
2173 2393 2222 2434 et
2261 2398 2345 2433 co-

781 2500 898 2535 ram
943 2493 989 2534 te
1015 2522 1028 2546 ,
1063 2497 1224 2550 neque
1258 2481 1443 2549 dignus
1493 2478 1717 2544 amplius
1745 2493 1890 2539 sum,
1919 2476 2007 2544 qui
2038 2491 2186 2527 vocer
2207 2473 2348 2541 ﬁlius

784 2586 904 2629 tuus
926 2575 990 2626 ³⁵.
1021 2576 1195 2643 Atque
1229 2574 1330 2625 ista
1359 2571 1626 2626 confessio
1655 2569 1834 2623 verbis
1865 2569 2024 2628 facta,
2061 2567 2129 2619 ab
2156 2567 2350 2619 animm.

785 2669 970 2723 habitu
996 2683 1100 2720 non
1120 2667 1449 2734 discrepans,
1475 2664 1601 2717 facit
1618 2672 1673 2716 ut
1690 2671 1843 2731 pater
1860 2663 2034 2730 ipsum
2057 2670 2201 2713 veste
2217 2675 2352 2728 prmo

785 2765 942 2833 cipua
980 2763 1183 2824 induat,
1220 2760 1418 2813 annulo
1458 2774 1650 2811 manus
1681 2772 1790 2811 suae
1820 2756 2060 2808 actiones
2086 2754 2352 2822 obsignet,

786 2858 1062 2927 pedesque
1092 2852 1607 2915 ealceauientis,nea
1630 2856 1882 2918 serpente
1893 2847 2069 2901 calces
2092 2846 2208 2900 laedi
2230 2861 2354 2914 pos-

788 2958 939 3009 sent,
971 2947 1197 3000 muniat.
1226 2944 1417 2997 Postea
1444 2952 1498 2997 et
1536 2941 1761 2994 vitulum
1789 2940 2089 3008 saginatum
2121 2945 2354 2999 mactat,

788 3055 1092 3109 magnoque
1126 3053 1246 3090 cum
1266 3035 1551 3102 splendore
1572 3041 1626 3087 et
1647 3043 1864 3101 sumptu
1882 3032 2201 3084 convivatur
2233 3044 2353 3082 cum

2435 562 2679 628 γέννημα
2725 555 2862 614 εἶναι
2921 562 3012 612 τὸν
3070 563 3433 629 προσελθόντα
3464 602 3478 625 ,
3529 564 3630 613 κᾶν
3686 562 3997 629 ἀλλοτρίαις

2436 654 2758 721 ἐπισποραῖς
2797 653 3093 713 ὲνοθεύετο,
3125 654 3215 704 καὶ
3270 656 3368 721 τῆς
3397 653 3560 704 αὑτοῦ
3610 652 3997 721 φιλανθρώπου

2436 745 2786 812 προαγωγῆς,
2832 745 2946 796 ἀλλ’
3002 745 3098 812 οὐχ
3136 746 3327 813 ἐτέρας
3373 744 3532 795 ποθὲν
3572 744 3999 810 νεωτεριζούσης

2437 837 2760 902 καταϐολῆς.
2792 837 2995 904 Μηδενὶ
3015 838 3125 905 (ίῦ)
3154 836 3209 886 δὲ
3231 835 3339 887 τῶν
3367 835 3675 887 λυπούντων
3707 834 3999 903 προδιαϐέ-

2439 944 2616 997 μενος,
2657 929 2779 996 μηδ’
2813 927 3087 980 ἐπιϐαλὼν
3117 928 3339 996 ἄλγημα
3370 929 3480 988 τοῖς
3509 926 3877 994 πολυχρονίοις
3901 925 3997 977 τοῦ

2439 1022 2627 1083 παιδὸς
2683 1023 3016 1089 ἀλγήμασιν.
3077 1021 3192 1073 Αἱθ⁹
3248 1021 3435 1089 ὥσπερ
3486 1037 3578 1072 σου
3625 1020 3721 1087 τῆς
3764 1019 3998 1085 πλάνης,

2436 1113 2578 1165 οὕτω
2605 1113 2696 1164 καὶ
2712 1113 2808 1180 τῆς
2843 1113 3178 1182 ἐπιστροφῆς
3217 1114 3310 1164 καὶ
3350 1114 3448 1180 τῆς
3476 1111 3742 1178 ἀποδοχῆς
3797 1126 4001 1161 κοινω-

2437 1208 2663 1271 νήσαιμι
2696 1205 2708 1255 !
2752 1202 2893 1255 Ἀλλ’
2933 1199 3026 1255 οὖν
3061 1206 3088 1255 ὁ
3123 1201 3504 1271 φιλάνθρωπος
3535 1203 3626 1252 καὶ
3648 1199 3851 1266 ἀγαθὸς
3903 1215 4004 1250 πα-

2436 1294 2539 1363 τὴρ
2575 1294 2653 1345 ἔτι
2685 1294 2873 1363 πόρρω
2918 1293 3012 1345 καὶ
3051 1292 3138 1344 διὰ
3167 1293 3328 1361 μόνης
3369 1291 3468 1354 τῆς
3528 1290 3814 1359 μετανοίας
3860 1286 4002 1356 όρῶν

2439 1386 2892 1455 προσερχόμενον,
2920 1385 3132 1454 καρπὸν
3164 1385 3218 1436 δὲ
3255 1384 3362 1436 οὐδ’
3392 1381 3669 1434 ὁντιναοῦν
3705 1378 4004 1448 προϐαλλό-

2442 1494 2622 1545 μενον,
2652 1477 2751 1528 οὐκ
2786 1478 3036 1545 ἀνέμεινε
3064 1478 3154 1527 καὶ
3199 1477 3325 1536 τοὺς
3372 1476 3465 1525 ἐπὶ
3497 1475 3564 1542 τῇ
3615 1471 3874 1541 μετανοίᾳ
3902 1469 4003 1520 πότι

2440 1584 2582 1627 νους,
2612 1566 2724 1618 ἀλλ’
2749 1565 2871 1618 ἰδὼν
2899 1565 3060 1617 αὑτὸν
3087 1563 3228 1616 οὕτω
3255 1565 3491 1632 κατηφῆ,
3521 1563 3616 1614 καὶ
3643 1564 3707 1629 τῇ
3741 1558 4004 1627 μετανοίᾳ

2445 1659 2581 1729 μόνῃ
2598 1657 2969 1708 ἀποϐλέποντα
2987 1655 3390 1724 ἐσπλαγχνίσθη
3409 1671 3421 1683 ·
3441 1655 3531 1706 καὶ
3558 1651 3779 1722 δραμὼν
3803 1649 4005 1701 ἐπέπε-

2444 1768 2533 1802 σεν
2567 1752 2657 1801 ἐπί
2677 1751 2767 1801 τὸν
2792 1749 3064 1818 τράχηλον
3094 1748 3279 1810 αὑτοῦ,
3309 1749 3402 1799 καὶ
3430 1747 3794 1812 κατεφίλησεν
3817 1742 4006 1794 αὐτόν.

2443 1843 2508 1893 Τί
2538 1843 2592 1893 δὲ
2631 1844 2659 1893 ὁ
2681 1843 2827 1919 pia;
2863 1840 2947 1901 τίς
2974 1841 3061 1901 ἂν,
3094 1840 3129 1891 ἂ
3168 1839 3289 1889 τότε
3322 1835 3630 1906 διεμέριζεν
3663 1836 3845 1895 αὑτὸν,
3877 1835 4010 1885 ἀνα-

2445 1933 2707 2002 ριθμῆσαι
2738 1931 2915 2000 πάθης
2946 1930 3196 1998 αἰσχύνη,
3236 1928 3379 1993 λύπη
3403 1968 3416 1991 ,
3456 1926 3647 1994 φόϐος,
3684 1924 3853 1977 δειλία
3873 1963 3886 1984 ,
3913 1940 4014 1974 κα-

2443 2026 2669 2092 τήφεια,
2711 2023 2947 2084 ἐλπίδες,
2982 2021 3129 2090 μόνῳ
3159 2018 3236 2088 τῷ
3269 2017 3445 2071 θέλειν
3482 2016 3805 2068 σαλεύουσαι
3836 2053 3851 2077 ,
3883 2012 4017 2064 ἀνά-

2449 2133 2644 2187 μνησις
2677 2116 2784 2166 τῶν
2819 2114 3081 2183 ἀρχαίων,
3118 2113 3304 2181 μνήμη
3361 2109 3470 2160 τῶν
3503 2107 3832 2176 ὑπερορίων,
3875 2105 4018 2170 λογι-

2448 2210 2582 2276 σμὸς
2637 2207 2746 2259 τῶν
2801 2205 3127 2275 μελλόντων.
3182 2204 3241 2253 '0
3285 2201 3341 2253 δὲ
3393 2203 3583 2270 κρατεῖ
3633 2202 3698 2267 τῇ
3758 2196 4018 2265 μετανοίᾳ

2449 2301 2686 2352 πάντων.
2726 2299 2832 2349 Καί
2861 2311 3018 2365 φησιο
3052 2295 3259 2361 Πάτερ,
3289 2292 3555 2358 ἥμαρτον
3582 2292 3667 2353 εἰς
3694 2288 3800 2340 τὸν
3837 2288 4018 2352 οὐρα-

2449 2393 2558 2445 νὸν
2580 2390 2677 2442 καὶ
2699 2388 2954 2442 ἐνώπιόν
2983 2400 3100 2438 σου
3119 2427 3131 2446 ,
3159 2385 3255 2436 καί
3293 2381 3490 2434 οὐκέτι
3520 2378 3635 2446 εἰμὶ
3665 2377 3834 2440 ἄξιος
3876 2378 4024 2438 κλη-

2449 2480 2623 2548 θῆναι
2653 2481 2780 2544 υἱός
2808 2495 2943 2531 σου.
2978 2479 3086 2529 Καὶ
3128 2477 3160 2544 ή
3200 2474 3308 2526 τῶν
3343 2471 3603 2542 ῥημάτων
3633 2468 4023 2536 ἐξομολόγησις

2448 2575 2548 2643 τῆς
2575 2573 2752 2641 ψυχῆς
2797 2571 2856 2622 οὐ
2903 2567 3205 2636 ψευδομένη
3260 2564 3356 2632 τὴν
3393 2563 3652 2623 διάθεσιν,
3709 2555 4024 2625 παραυτίκα

2457 2668 2553 2736 μὲν
2587 2665 2747 2717 αὑτὸν
2777 2663 2874 2731 τὴν
2907 2659 3096 2728 στολὴν
3125 2657 3300 2710 ὲνδύει
3347 2654 3444 2724 τὴν
3494 2652 3737 2722 πρώτην.
3787 2649 3894 2701 Καὶ
3931 2647 4027 2697 δα-

2454 2758 2655 2826 κτυλίῳ
2707 2756 2803 2825 τῆς
2868 2753 3046 2823 χειρὸς
3103 2751 3202 2812 τὰς
3254 2747 3484 2818 πράξεις
3535 2743 3864 2814 σφραγίζει,
3930 2740 4030 2790 καὶ

2456 2851 2765 2920 ὑποδήμασι
2791 2847 2916 2906 τοὺς
2943 2843 3131 2907 πόδας,
3168 2841 3363 2910 μηκέτι
3393 2837 3609 2891 δάκνειν
3640 2835 3729 2886 τὶν
3774 2833 3899 2896 ὅφιν
3926 2829 4028 2897 τὴν

2456 2943 2714 3012 πτέρναν,
2771 2935 3146 3003 ἀσφαλίζεται.
3198 2927 3329 2982 Εἶτα
3371 2931 3464 2981 καὶ
3518 2928 3608 2980 τὸν
3658 2925 3856 2994 μόσχον
3909 2919 4030 2971 θύει

2456 3035 2546 3086 τὸν
2581 3030 2823 3084 σιτευτὸν
2843 3071 2857 3091 ,
2887 3026 2980 3078 καὶ
3011 3023 3362 3093 εὐφραίνεται
3406 3017 3672 3087 λαμπρῶς
3703 3032 3760 3067 τε
3799 3013 3895 3064 καὶ
3929 3027 4028 3062 ποι

790 3132 962 3194 ﬁlio,a
989 3128 1214 3182 mortuis
1241 3123 1906 3191 reverso,etpostlongam
1929 3121 2070 3172 illam
2091 3121 2354 3187 jacturam
2385 3131 2429 3192 α
2460 3128 2462 3174 ἶ

2385 3131 2429 3192 C
2460 3123 2697 3184 λυτελῶς
2743 3125 2770 3173 ό
2799 3118 2980 3187 πατὴρ
3014 3115 3146 3184 μετᾶ
3179 3113 3273 3165 τοῦ
3320 3114 3383 3163 ὲκ
3412 3109 3619 3179 νεκρῶν
3657 3104 4029 3162 ἀναλύσαντος

790 3223 987 3277 iterum
1043 3227 1278 3288 reperto.
1317 3217 1481 3270 Vides
1504 3257 1517 3278 ,
1576 3216 1847 3282 quomodo
1882 3211 2135 3280 parabola
2167 3212 2278 3263 hzec
2307 3211 2359 3262 in

791 3315 1074 3383 :enigniate
1092 3310 1402 3364 omnium'et
1426 3306 1849 3375 exquisitissimo
1867 3313 1919 3357 et
1934 3303 2362 3357 luculentissimo

792 3408 971 3460 tradat
997 3406 1096 3458 ista
1124 3421 1136 3454 :
1174 3418 1203 3455 a
1230 3403 1372 3455 bono
1403 3410 1455 3451 et
1483 3398 1776 3451 Conditore
1808 3405 1862 3449 et
1889 3397 2145 3449 Creatore
2176 3402 2363 3446 natum

794 3508 850 3552 et
879 3506 1054 3549 ortum
1079 3509 1198 3547 esse
1233 3501 1287 3544 et
1327 3491 1608 3558 prodigum
1638 3489 1785 3539 illum
1816 3486 1980 3539 tilium
2004 3528 2016 3548 ,
2051 3497 2103 3538 et
2135 3485 2362 3537 alterum

796 3590 947 3644 illum
985 3587 1227 3655 ejusdem
1260 3592 1430 3644 ortus,
1479 3596 1542 3632 ac
1574 3589 1686 3631 tum
1727 3587 1881 3630 aetate
1919 3586 2029 3628 tum
2067 3574 2218 3627 factis
2250 3573 2366 3640 ipso

797 3681 1088 3748 majorem,
1143 3679 1236 3746 qui
1279 3686 1330 3729 ct
1380 3676 1432 3728 in
1469 3673 1639 3741 patria
1678 3671 1839 3724 domo
1872 3667 2262 3736 permanserit,
2315 3676 2368 3717 et

799 3772 1089 3841 pristinum
1123 3770 1286 3821 decus
1317 3782 1377 3819 ac
1413 3763 1694 3817 facultates
1730 3776 1854 3814 suas
1883 3775 2004 3811 cum
2033 3758 2204 3811 aetatis
2236 3772 2369 3824 prae-

802 3863 1039 3932 rogativa
1072 3859 1392 3914 retinuerit:
1419 3871 1526 3908 non
1556 3863 1736 3907 autem
1770 3853 2030 3916 majorem
2061 3849 2208 3901 illum
2239 3857 2368 3899 natu

803 3970 866 4008 ex
895 3954 1017 4016 alia,
1051 3952 1314 4004 minorem
1348 3964 1476 4002 vero
1499 3947 1681 4000 itidem
1721 3960 1783 3997 ex
1817 3943 1917 3995 alia
1947 3942 2113 4008 stirpe
2157 3949 2248 3991 aut
2277 3954 2369 4006 ge-

807 4046 1086 4100 neratione
1115 4045 1343 4105 derivat,
1370 4041 1464 4094 sed
1500 4049 1788 4105 utrumque
1830 4036 1895 4089 ab
1927 4034 2116 4087 iisdem
2150 4031 2373 4101 origini-

807 4138 911 4191 bus
953 4145 1006 4190 et
1048 4134 1406 4204 productione
1455 4137 1510 4183 et
1557 4129 1876 4182 educatione
1928 4125 2163 4178 deducit.
2204 4122 2375 4175 Simul

809 4243 940 4280 vero
972 4236 1026 4280 et
1060 4227 1161 4278 hoc
1193 4223 1534 4277 considerare
1565 4219 1643 4273 fas
1680 4229 1784 4280 est.
1828 4218 1993 4286 quod,
2023 4216 2064 4270 si
2093 4215 2216 4283 quis
2242 4214 2378 4266 ﬁlios

813 4321 868 4372 in
904 4317 1152 4387 parabola
1181 4316 1266 4366 illa
1292 4319 1616 4365 memoratos
1639 4309 1930 4361 humanam
1964 4315 2206 4358 naturam
2240 4303 2379 4356 indi-

813 4427 937 4466 care
977 4417 1228 4470 ecnsmt,
1261 4417 1313 4458 et
1347 4421 1440 4473 per
1468 4405 1722 4472 majorem
1772 4410 1899 4452 natu
1937 4399 2052 4451 illos
2083 4436 2094 4457 ,
2135 4396 2223 4463 qui
2258 4411 2378 4462 gra-

817 4508 946 4557 tiam
993 4501 1273 4569 pristinam
1311 4496 1704 4555 conservarint,
1747 4509 1848 4546 nec
1884 4492 2082 4545 donum
2128 4489 2256 4542 illud
2299 4487 2378 4538 in—

817 4594 1174 4661 temperantia
1226 4606 1320 4643 sua
1364 4586 1736 4655 corruperint;
1791 4599 1885 4652 per
1926 4581 2199 4649 jnniorcm
2258 4594 2385 4631 vero

819 4698 935 4743 eos,
965 4682 1053 4749 qui
1080 4681 1217 4733 mala
1241 4695 1347 4747 pra:
1377 4678 1532 4731 bonis
1559 4675 1839 4745 elegerint,
1873 4681 1927 4726 et
1957 4673 2239 4725 facultates
2262 4685 2387 4722 suas

819 4772 1034 4828 luxuria
1065 4771 1417 4839 dissiparint;
1462 4770 1574 4821 sive
1603 4768 1751 4820 illum
1788 4766 2006 4833 quidem
2035 4763 2346 4832 angelorum
2370 4800 2384 4823 ,

824 4865 1113 4918 huncvero
1141 4861 1421 4914 hominum
1455 4866 1840 4926 repraesentare
1861 4855 1986 4907 hinc
2018 4863 2236 4914 statum,
2263 4850 2388 4905 hinc

824 4952 1199 5010 mutationem,
1228 4955 1482 5012 censeat;
1513 4948 1624 5000 sive
1668 4945 1901 5013 denique
1933 4943 2139 5011 placeat
2162 4946 2176 5009 (
2203 4941 2388 4994 licebit

826 5047 971 5098 enim
1001 5043 1262 5113 quidquid
1317 5041 1567 5107 libuerit)
1625 5054 1718 5106 per
1756 5053 1849 5091 eos
1897 5036 2196 5104 intelligere
2236 5035 2386 5096 illos,

828 5151 1057 5205 quorum
1106 5134 1193 5186 alii
1237 5132 1336 5185 sub
1391 5132 1506 5200 lege
1555 5129 1643 5181 alii
1690 5129 1788 5182 sub
1830 5127 1998 5197 gratia
2056 5127 2192 5187 sint;
2243 5133 2392 5179 certe

833 5237 1057 5293 utraque
1104 5226 1217 5278 hate
1245 5223 1516 5275 meditatio
1546 5222 1687 5275 clare
1719 5230 1774 5273 et
1804 5220 1919 5273 sine
1952 5219 2266 5287 exceptione
2298 5219 2392 5271 de-~

903 5319 946 5349 ³⁸
991 5317 1119 5368 Luc.
1159 5332 1249 5377 xv,
1291 5314 1379 5367 2f.

2464 3215 2580 3269 υἱοῦ
2629 3215 2724 3266 καὶ
2777 3209 3157 3279 ἀνευρεθέντος
3201 3204 3338 3274 μετὰ
3392 3201 3490 3270 τὴν
3544 3200 3761 3269 μακρὰν
3815 3193 4033 3260 ἐκείνην

2462 3307 2758 3362 ἀπώλειαν.
2803 3304 2964 3371 Ὁρᾷς
2996 3302 3142 3360 ὅπως
3173 3294 3514 3362 αἰνιγμάτων
3545 3291 3764 3342 πάντων
3797 3282 4032 3353 ἀκριϐέ-

2467 3397 2655 3463 στερόν
2686 3412 2745 3445 τε
2772 3395 2865 3445 καὶ
2900 3391 3232 3457 σαφέστερον
3263 3387 3296 3454 ἡ
3329 3380 3611 3451 παραϐολὴ
3643 3375 4034 3446 παραδίδωσιν.

2479 3486 2705 3557 Ἀγαθοῦ
2740 3486 2836 3554 μὲν
2871 3484 2967 3535 καὶ
3011 3481 3245 3532 πλάστου
3277 3477 3370 3527 καὶ
3403 3473 3716 3539 πλάσματος
3751 3464 4038 3535 προελθεῖν

2466 3599 2525 3633 τε
2552 3552 2668 3631 ’καὶ
2710 3552 2871 3644 φῦναι
2917 3574 3007 3624 τόν
3041 3588 3101 3622 τε
3131 3571 3338 3622 ἄσωτον
3375 3565 3490 3617 υἱὸν
3538 3561 3632 3614 καὶ
3675 3561 3765 3610 τὸν
3815 3552 4037 3623 ὁμοφυῆ

2468 3671 2560 3724 καὶ
2589 3666 2958 3736 πρεσϐύτερον
2982 3657 3168 3718 αὑτοῦ,
3193 3658 3288 3708 καὶ
3321 3655 3495 3722 χρόνῳ
3513 3653 3604 3702 καὶ
3632 3645 4037 3712 ἀνορθὼμασιν,

2468 3763 2526 3823 ὃς
2568 3759 2661 3811 καὶ
2700 3761 2765 3825 τῇ
2804 3755 2895 3807 τοῦ
2944 3748 3209 3819 πατρικοῦ
3255 3744 3480 3814 οἵδιαίτῃ
3511 3743 3621 3810 (Η)
3665 3733 4040 3805 διαμεμένηκέ

2470 3870 2552 3915 τε,
2591 3852 2684 3904 καὶ
2729 3851 2828 3916 τὴν
2876 3845 3146 3915 προτέραν
3185 3840 3364 3904 δόξαν,
3412 3837 3506 3888 καὶ
3545 3831 3729 3886 οὐσίαν
3776 3828 3912 3896 μετὰ
3944 3823 4041 3876 τοῦ

2473 3943 2764 4011 πρεσϐείου
2805 3939 3137 4005 συνετήρησε
3164 3973 3177 3994 ,
3211 3932 3300 3982 καὶ
3327 3927 3447 3996 οὐχὶ
3486 3926 3576 3976 τὸν
3609 3923 3706 3991 μὲν
3737 3917 4045 3988 πρεσῦύτε-

2478 4052 2567 4105 ρον
2599 4033 2658 4096 ἐξ
2692 4032 2878 4098 ἄλλης,
2907 4029 2994 4079 τὸν
3025 4026 3081 4076 δὲ
3113 4024 3376 4091 νεώτερον
3406 4019 3461 4082 ἐξ
3497 4012 3876 4080 ἀντικειμένης
3908 4023 4046 4060 σπο-

2481 4128 2577 4198 ρᾶς
2610 4125 2642 4194 ἢ
2678 4122 2944 4188 γενέσεως
2982 4117 3249 4184 προάγει,
3282 4112 3394 4164 ἀλλ’
3436 4111 3602 4176 ἄμφω
3646 4099 3954 4167 καταϐολῆς
3985 4113 4042 4147 τε

2477 4222 2574 4287 τῆς
2601 4215 2768 4282 αὐτῆς
2800 4213 2890 4264 καί
2934 4209 3146 4276 φύσεως
3178 4207 3268 4256 καὶ
3307 4198 3639 4270 προαγωγῆς
3682 4195 3773 4246 καὶ
3829 4191 4044 4255 διαίτης

2480 4306 2805 4374 ἀναγράφει.
2825 4301 2931 4353 Καὶ
2973 4296 3291 4364 ὲπιθεωρεῖν
3321 4290 3604 4359 προσήκει,
3636 4285 3707 4345 ὡς
3735 4281 3887 4341 εἴτις
3917 4279 4046 4338 τοὺς

2482 4370 2929 4466 τῆς-παραϐολῆς
2959 4389 3106 4449 υἱοὺς
3141 4387 3237 4453 τὴν
3283 4378 3628 4450 ἀνθρωπίνην
3662 4374 3854 4444 δηλοῦν
3884 4370 4047 4438 φύσιν

2485 4489 2765 4551 ὑπολὰἦοι,
2800 4487 2891 4537 καὶ
2921 4484 3007 4535 διὰ
3044 4481 3138 4549 μὲν
3170 4477 3265 4529 τοῦ
3296 4473 3663 4544 πρεσὸυτέρου
3696 4467 3839 4529 τοὺς,
3872 4465 3920 4516 οἳ
3950 4462 4047 4531 τὴν

2484 4585 2576 4635 ἀπ’
2609 4578 2782 4649 ἀρχῆς
2803 4573 3125 4628 διεσώσαντο
3151 4570 3329 4638 χάριν,
3360 4566 3456 4618 καὶ
3480 4564 3538 4614 τὸ
3566 4562 3738 4649 δῶρον
3766 4557 3863 4649 οὐχ
3894 4554 4048 4622 ὓϐρι-

2487 4689 2584 4724 σαν
2618 4667 2843 4736 ἀσωτίᾳ,
2875 4666 2962 4716 διὰ
2994 4664 3050 4715 δὲ
3076 4661 3170 4713 τοῦ
3201 4657 3464 4726 νεωτέρου
3493 4655 3617 4712 τοὺς
3652 4646 4048 4713 ἀνθελομένους

2484 4763 2551 4814 τὰ
2597 4759 2775 4828 φαῦλα
2814 4755 2920 4825 πρὸ
2968 4753 3072 4804 τῶν
3121 4749 3440 4818 ἀμεινόνων,
3484 4744 3576 4795 καὶ
3609 4741 3708 4807 τὴν
3739 4736 3932 4788 οὐσίαν
3974 4736 4050 4792 είς

2488 4851 2724 4903 ἀσωτίαν
2753 4844 3153 4914 ἁμειψαμένους
3176 4881 3189 4902 ,
3219 4838 3325 4889 εἴτε
3355 4835 3444 4887 τὸν
3480 4833 3574 4902 μὲν
3605 4829 3700 4896 τὴν
3729 4823 4051 4892 ἀγγελικὴν,

2485 4943 2574 4995 τὸν
2595 4941 2650 4992 δὲ
2678 4938 2773 5007 τὴν
2799 4935 3142 5004 ἀνθρωπίνην
3169 4923 3685 4998 παραδειγματίζειν
3716 4918 4053 5000 κατασοτασιν

2489 5036 2586 5087 καὶ
2614 5033 2788 5100 λῆξιν.
2824 5030 2885 5080 Εἰ
2917 5026 3090 5095 βούλει
3131 5023 3185 5074 δὲ
3238 5020 3372 5090 (πῶς
3411 5017 3455 5068 δ’
3495 5015 3559 5066 ἂν
3604 5014 3665 5063 σὺ
3719 5004 4050 5078 βουληθῆς),

2487 5127 2614 5186 τοὺς
2645 5125 2749 5175 ὑπὸ
2776 5122 2865 5173 τὸν
2891 5119 3054 5184 νόμον
3084 5131 3140 5165 τε
3169 5113 3261 5165 καὶ
3287 5111 3390 5162 ὑπὸ
3416 5108 3512 5176 τὴν
3543 5105 3698 5173 χάριν
3726 5099 3835 5168 (45)
3858 5139 3873 5159 ,
3905 5095 4054 5147 οὐδὲν

2491 5217 2707 5268 ἔλαττον
2737 5212 2802 5264 δι’
2829 5209 3094 5279 ἑκατέρας
3122 5204 3352 5274 θεωρίας
3375 5195 3640 5267 λαμπρῶς
3666 5209 3723 5243 τε
3753 5190 3845 5240 καὶ
3880 5190 4055 5251 ἀναμ-

1921 5401 2153 5455 VARI/1'.
2197 5397 2574 5455 LECTIONES
2617 5395 2701 5448 ET
2743 5389 2970 5445 NOTAE.

908 5500 1020 5570 (45)
1045 5498 1292 5570 Μηδενί.
1329 5497 1504 5551 Malim
1537 5495 1713 5570 legere
1747 5493 1929 5570 μηδέν.
1979 5492 2032 5544 lil
2061 5492 2224 5570 enim
2263 5491 2394 5570 __sibi

837 5561 975 5624 velle
1004 5561 1217 5622 videtur
1244 5568 1454 5626 Noster,
1484 5561 1626 5633 quod
1664 5561 2007 5617 nihileorum
2061 5563 2110 5613 in
2155 5561 2393 5633 medium

838 5641 1094 5701 attulerit,
1121 5655 1240 5707 ουλε
1297 5632 1535 5690 animum
1586 5636 1898 5704 pteniteutis
1950 5633 2163 5685 tristitia
2195 5632 2396 5699 majore

841 5711 1064 5776 implere
1099 5717 1364 5776 poterant.

916 5774 1022 5850 (il;
1065 5774 1345 5844 θ’ἵδιαίτη.
1377 5777 1450 5831 Ita
1481 5792 1580 5830 ms.
1616 5774 1821 5830 Sensus
1855 5788 1978 5827 vero
2017 5787 2110 5841 per
2133 5786 2189 5825 sc
2214 5779 2395 5824 osten-

2503 5489 2579 5543 dit
2599 5481 2885 5554 legendum
2911 5494 3030 5554 esse
3049 5474 3208 5554 Δοἷκον
3225 5478 3409 5554 ,διαιτη

2568 5534 2818 5626 ίόξξῖῖίῖαὶ
2847 5550 2977 5626 ὑπὸ.
3003 5548 3118 5626 τὴν
3162 5545 3356 5611 χάριν.
3381 5534 3577 5626 "Varias
3603 5547 3850 5626 veteran:
3895 5534 4060 5626 hujus

2497 5605 2767 5694 pa‘rab/olae
2797 5605 3462 5694 expositiopesnni‘cmorat
3512 5609 3581 5688 cl“.
3748 5605 4058 5694 d'tiutrein.

2496 5675 2956 5761 iii—rixplicatidnc
2989 5683 3405 5761 Belgica__lmjus
3438 5689 3491 5761 et
3523 5677 3779 5761 sliniilini‘in‘i
3830 5675 4059 5761 aliarum

2497 5746 2893 5836 parabolarum,
2916 5775 3034 5827 qum
3065 5746 3261 5826 prodiit
3284 5746 3603 5811 A’Instelod”
3639 5746 3795 5808 1692,
3827 5748 3886 5798 4.
