4234 6432
281 409 392 472 249

1343 422 1637 485 CONTRA
1687 425 2140 489 ΜΑΝΙΟΗΛΞΟΞ
2173 432 2401 495 LIBER
2435 438 2529 498 ιν.

3406 445 3511 506 250

281 522 519 586 φιδὸλως
547 521 931 588 ἐπιδείκνυται,
958 527 1031 589 ὡς
1062 529 1124 580 ὲκ
1151 529 1246 598 τῆς
1275 531 1442 599 αὐτῆς
1470 534 1582 585 ἐστι
1611 537 1843 603 πατριᾶς
1875 540 1921 596 Α
1950 555 1953 589 i

1836 540 1921 596 :A
1950 551 2244 605 monstrat,
2290 547 2431 613 quod
2472 548 2539 601 ab
2580 549 2770 603 eodem
2820 549 2976 603 Patre
3016 561 3068 603 et
3112 555 3252 603 bono
3284 562 3337 604 et
3373 553 3508 607 Ente

281 614 377 663 καὶ
415 615 748 678 ἀγαθότητος
783 617 875 666 καὶ
916 617 1222 681 οὑσιώσεως
1244 660 1258 683 ,
1291 621 1408 673 τότε
1443 623 1551 674 τῶν
1596 627 1845 691 ἀγγέλων

281 705 375 755 καὶ
408 704 467 756 τὸ
495 704 602 754 τῶν
632 705 933 774 ἀνθρώπων
959 708 1133 773 γένος,
1162 711 1189 762 δ
1213 728 1269 762 τε
1292 712 1450 778 νόμος
1481 716 1572 766 καὶ
1607 717 1638 783 ὴ
1664 719 1842 785 χάρις,

280 796 374 845 καὶ
402 795 434 862 ή
478 794 586 847 τῶν
616 796 913 864 ἀνθρώπων
946 799 1106 866 φύσις
1129 840 1142 858 ,
1196 800 1298 852 κᾶν
1327 803 1356 870 ὴ
1393 802 1490 870 μὲν
1516 805 1574 856 τὸ
1605 805 1843 873 ἔμφυτον

280 885 683 939 συνδιασώσατο
715 889 992 958 χάρισμα,
1033 892 1066 960 ἠ
1103 892 1158 943 δὲ
1205 893 1304 961 τῆς
1341 894 1549 962 δωρεᾶς
1594 898 1692 967 τὴν
1738 900 1841 950 ἀπ-

273 976 476 1030 ώλειαν
505 979 897 1033 ἀντεσπάσατο.
920 983 1026 1034 Καὶ
1045 985 1168 1050 τόγε
1194 988 1290 1055 τῆς
1310 987 1623 1057 παραδολῆς
1652 1008 1842 1061 χρησι-

276 1067 530 1135 μώτατόν
561 1087 617 1121 τε
663 1075 758 1123 καὶ
787 1072 1258 1141 θαυμασιώτατον,
1298 1079 1373 1140 ὡς
1406 1082 1534 1148 μιᾶς
1563 1098 1706 1144 τινος
1732 1083 1839 1136 τῶν

270 1157 442 1224 τριῶν
478 1160 672 1227 μοίρας
717 1164 1025 1231 κρατούσης
1055 1165 1204 1219 οὐδὲν
1243 1167 1484 1230 ἔλαττον,
1525 1171 1557 1240 ἢ
1599 1172 1754 1242 εἴπερ
1783 1175 1837 1225 al

271 1251 424 1316 τρεῖς
452 1251 550 1319 τὴν
583 1251 704 1321 ἴσην
728 1256 1055 1324 ἐκληροῦντο
1081 1260 1257 1330 νίκην,
1286 1262 1385 1328 τῆς
1414 1265 1747 1330 ἀποστασίας
1781 1270 1836 1320 τὸ

269 1357 306 1403 φ
317 1341 446 1408 ρόνη
456 1359 528 1407 μα
564 1345 979 1400 καταϐάλλεται.

343 1434 425 1484 Λ’,
473 1434 840 1489 Καταὸἀλοιτο
863 1438 906 1489 δ’
936 1438 1000 1490 ἂν
1030 1441 1247 1509 ὁμοίως,
1283 1445 1376 1496 καὶ
1400 1443 1481 1508 οἷς
1504 1449 1628 1510 τοὺς
1652 1449 1836 1518 Γραμ-

271 1524 467 1587 ματείς
514 1526 605 1575 καὶ
641 1527 964 1596 Φαρισαίους
995 1531 1100 1581 τῶν
1157 1533 1426 1586 Ἰουδαίων
1471 1537 1779 1601 ὲταλάνιζεν
1807 1540 1835 1590 δ

265 1613 524 1705 Χριστὸς,
561 1617 640 1668 ὅτι
668 1619 775 1668 τῶν
805 1621 914 1687 (46)
949 1623 1045 1688 μὲν
1073 1623 1368 1690 δεδομένων
1400 1628 1576 1690 αὐτοῖς
1600 1629 1834 1705 ἠμέλουν

264 1704 470 1771 νόμων,
516 1706 613 1766 τὰς
663 1707 718 1759 δὲ
777 1709 911 1771 ἰδίας
945 1711 1254 1780 ἔμπροσθεν
1304 1711 1458 1786 ἦγον.
1516 1720 1658 1771 Οὐαὶ
1703 1723 1828 1790 γὰρ,

263 1796 454 1861 φησιν,
494 1797 655 1863 ὑμῖν,
687 1798 890 1867 ὁδηγοὶ
935 1803 1029 1854 καὶ
1066 1807 1279 1872 τυφλοὶ
1313 1812 1366 1859 οί
1399 1810 1697 1876 λέγον-τεῳ
1735 1815 1829 1875 Ὃς

260 1883 344 1936 ἂν
372 1885 562 1952 ὀμόσῃ
593 1889 661 1938 ἐν
692 1886 768 1951 τῷ
793 1889 914 1953 ναῷ
937 1893 1116 1944 οὐδέν
1143 1895 1328 1947 ἐστιν·
1364 1897 1430 1962 ὃς
1457 1898 1507 1949 δ’
1538 1898 1614 1950 ἂν·
1637 1903 1825 1967 ὀμόσῃ
1863 1877 1900 1928 B

257 1971 332 2021 ἐν
356 1971 436 2036 τῷ
475 1975 680 2040 χρυσῴ
719 1977 822 2029 τοῦ
850 1980 1018 2042 ναοῦ,
1057 1982 1282 2048 ὀφείλει
1307 2027 1318 2044 ,
1354 1988 1632 2040 τουτέστιν
1662 1989 1826 2041 ὑπεύ-

260 2063 420 2124 ίιυνὸς
474 2068 587 2116 ἐστι
619 2067 793 2133 δίκης,
820 2067 893 2130 ὡς
923 2072 1244 2142 παραϐάτης
1287 2075 1468 2142 ὅρκου,
1511 2075 1638 2129 Εἶτα
1665 2083 1824 2148 ὁρᾶτε

253 2156 319 2206 τὸ
350 2157 577 2224 μέγεθος
602 2159 752 2225 ὑμῶν
790 2161 884 2228 τῆς
920 2161 1124 2230 πλάνης
1146 2205 1159 2224 ,
1193 2167 1294 2218 κᾶν
1325 2167 1439 2232 νῦν,
1483 2171 1530 2221 εί
1581 2173 1652 2241 μὴ
1689 2175 1821 2241 πρό-

252 2262 439 2313 τερον.
477 2247 701 2313 Ἐπὰγει
730 2249 836 2318 γὰρ
871 2254 990 2313 ταῖς
1038 2255 1435 2322 προλαϐούσαις
1474 2261 1824 2330 ἐπιτιμήσεσι

255 2338 354 2388 καὶ
378 2338 570 2391 ταῦτα·
601 2342 794 2408 Μωροὶ
823 2343 920 2395 καὶ
954 2347 1192 2412 τυφλοί,
1225 2349 1308 2412 τίς
1341 2349 1550 2416 μείζων
1572 2354 1763 2418 ἐστίν,
1792 2358 1823 2406 ὀ

252 2429 509 2494 χρυσὸς,
537 2430 574 2497 ἢ
606 2433 637 2483 ό
663 2433 806 2498 ναὸς
831 2433 1077 2501 ἁγιάζων
1100 2438 1205 2489 τὸν
1231 2441 1464 2505 χρυσόν
1487 2456 1505 2502 ;
1534 2443 1643 2511 Οὐχ
1670 2444 1822 2510 ἆγιον

255 2519 424 2586 μόνον
455 2521 546 2574 τὸν
571 2524 790 2592 νομικὸν
817 2526 960 2592 ναὸν,
986 2528 1119 2581 ἀλλὰ
1147 2532 1238 2581 καὶ
1269 2533 1366 2599 τὴν
1399 2532 1503 2601 γῆν
1536 2536 1816 2604 ἁγιότητος

251 2613 352 2662 καὶ
381 2612 662 2677 γινώσκων
712 2619 804 2667 καὶ
847 2619 1157 2673 ἀποκαλῶν.
1225 2623 1362 2674 Ἀλλ’
1411 2626 1438 2676 ὁ
1488 2627 1584 2694 μὲν
1632 2628 1820 2697 Σωτὴρ

250 2704 510 2774 τοιαύτην
537 2706 714 2772 ἀφῆκε
744 2707 921 2777 ψῆφον
950 2713 1076 2780 περὶ
1105 2711 1199 2764 τοῦ
1221 2715 1369 2766 ναοῦ·
1399 2717 1557 2784 ὑμεῖς
1586 2717 1629 2769 δ’
1661 2719 1819 2772 αὑτὸν

249 2796 316 2846 οὐ
349 2795 599 2863 φρίττετε
629 2798 980 2869 καθυϐρίζειν
1005 2805 1103 2872 τὴν
1131 2805 1364 2876 ἐσχάτην
1387 2805 1563 2876 ὓϐριν,
1587 2809 1819 2881 πολεμίᾳ

250 2888 742 2953 προσανατιοέντες
775 2893 934 2963 χειρί.
971 2895 1078 2946 Καὶ
1102 2896 1240 2948 τίσιν
1264 2897 1329 2949 ἂν
1361 2898 1560 2964 μᾶλλον
1582 2901 1666 2965 τὸ,
1696 2919 1816 2968 μωο

241 2978 344 3045 ροὶ
377 2981 472 3031 καὶ
507 2982 720 3048 τυφλοὶ
747 3023 761 3045 ,
807 2984 1132 3052 ὲφαρμόσειε
1160 3027 1175 3051 ,
1202 2990 1314 3049 τοῖς
1355 2990 1671 3058 τετιμηκόσι
1719 2992 1816 3058 μὲν

245 3070 325 3132 ὡς
362 3071 547 3136 ἁγίους
582 3073 780 3140 ἄμφω,
816 3078 1245 3146 προτετιμηκὸσι
1293 3079 1348 3131 δὲ
1386 3080 1479 3131 τὸν
1527 3082 1747 3149 χρυσὸν,
1781 3082 1812 3150 ἢ

1950 632 2357 698 proﬁciscantur
2381 645 2433 689 et
2457 640 2770 706 angelorum
2813 652 2865 692 et
2897 640 3173 692 hominum
3207 657 3394 709 genus,
3426 643 3506 695 lex

1949 721 2074 774 item
2100 733 2153 776 et
2182 728 2366 794 gratia,
2394 737 2444 780 et
2473 729 2747 782 hominum
2777 741 2988 792 natura,
3026 731 3136 783 sive
3167 731 3250 784 illa
3284 734 3504 785 insitum

1945 814 2144 868 bonum
2179 821 2536 883 conservarit,
2571 821 2682 872 sive.
2730 838 2826 889 pro
2869 823 3010 875 dono
3053 824 3235 891 gratiae
3279 826 3501 877 exilium

1944 908 2227 974 receperit.
2265 909 2524 978 Quodque
2555 911 2607 964 in
2646 911 2743 964 hac
2775 914 3027 979 parabola
3059 923 3113 967 et
3147 914 3496 967 utilissimum

1941 1008 1994 1050 et
2023 999 2349 1067 przecipuum
2374 1011 2455 1054 est
2475 1043 2487 1059 .
2515 1003 2655 1070 quod
2693 1003 2899 1056 scilicet
2928 1021 3029 1057 una
3060 1015 3300 1074 potestas
3333 1006 3503 1058 trilms

1941 1088 2045 1143 illis
2073 1089 2399 1152 dominetur,
2437 1093 2486 1144 id
2518 1110 2622 1145 non
2655 1094 2854 1156 minus,
2888 1109 2950 1148 ac
2979 1095 3024 1147 si
3057 1105 3166 1148 tres
3198 1096 3299 1148 ill-.e
3323 1111 3500 1162 aequa-

1940 1179 2041 1231 lem
2071 1181 2350 1234 victoriam
2385 1185 2729 1246 retulissent,
2775 1195 3142 1252 apostatarum
3173 1188 3498 1239 sententiam

1939 1273 2248 1338 prosternit.

2005 1446 2170 1500 XXX.
2212 1447 2589 1503 Prosternetur
2642 1467 2768 1504 vero
2812 1467 2873 1505 ea
2923 1451 3172 1503 similiter
3219 1467 3314 1519 per
3361 1451 3490 1515 ista,

1935 1539 2128 1607 quibus
2155 1540 2401 1592 Christus
2425 1541 2639 1595 Scrihas
2661 1553 2713 1595 et
2747 1543 3040 1595 Pharisreos
3065 1543 3372 1595 Jn-Jreornm
3398 1544 3495 1595 mi-

1935 1645 2084 1682 seros
2114 1631 2483 1697 proclamavit,
2508 1632 2628 1698 quia
2660 1633 2800 1700 leges
2834 1633 2961 1699 ipsis
2991 1634 3141 1683 datas
3166 1633 3495 1699 negligentes

1934 1721 2209 1773 ratiocinia
2257 1738 2349 1773 sua
2384 1723 2589 1790 potiora
2617 1723 2922 1776 ducebant:
2971 1723 3056 1775 ιω
3091 1724 3256 1787 enim,
3294 1724 3489 1789 inquit,

1932 1811 2090 1872 vobis,
2123 1812 2270 1862 duces
2301 1823 2346 1864 et
2368 1815 2507 1875 cn'ci,
2535 1814 2622 1880 qui
2646 1815 2816 1864 dicitis
2855 1828 2871 1864 :
2903 1812 3207 1880 Quicunque
3228 1814 3491 1878 juraverit

1930 1918 2020 1967 per
2053 1903 2317 1968 templum,
2356 1904 2483 1954 nihil
2505 1914 2606 1967 est;
2637 1906 2722 1968 qui
2751 1921 2868 1954 vero
2892 1906 3152 1971 juravcrit
3185 1921 3274 1971 per
3304 1921 3490 1954 aurum

1929 1994 2121 2057 templi,
2138 1995 2280 2046 debet
2305 1995 2364 2045 ³³.
2389 1995 2496 2047 lloc
2509 2006 2608 2056 est,
2627 1996 2836 2049 crimini
2854 2005 2934 2046 est
2953 1996 3218 2047 obnoxius
3235 2011 3488 2062 tanquam

1928 2097 2292 2155 transgressor
2324 2087 2635 2154 juramenti.
2683 2088 2904 2149 Deinde,
2949 2088 3123 2139 videte
3168 2087 3489 2155 magnitudi-

1927 2193 2047 2230 nem
2079 2178 2277 2231 erroris
2308 2178 2470 2230 vestri
2503 2178 2585 2230 vel
2617 2193 2790 2238 nunc,
2826 2178 2866 2230 si
2905 2179 3082 2230 minus
3115 2187 3291 2228 antea.
3329 2177 3490 2228 Addit

1923 2270 2066 2322 enim
2110 2270 2536 2336 praecedentibus
2565 2268 3033 2336 objurgationihus
3064 2277 3115 2320 et
3147 2269 3244 2320 ista
3279 2284 3291 2318 :
3329 2265 3490 2320 Stulti

1923 2370 1970 2411 et
1995 2361 2137 2414 (ατί.
2169 2360 2290 2428 quid
2329 2359 2499 2427 majus
2541 2369 2636 2418 est.
2666 2376 2920 2411 aurumne
2954 2376 3021 2410 an
3057 2358 3320 2425 templum,
3354 2357 3490 2425 quod

1921 2451 2212 2516 sanctiﬁcat
2249 2467 2436 2502 aurum
2473 2451 2553 2501 ³³’ἶ
2589 2450 2676 2502 ubi
2713 2467 2817 2502 non
2868 2451 3040 2502 solum
3088 2449 3344 2516 templum
3387 2449 3488 2501 sub

1923 2541 2034 2609 lege
2091 2551 2352 2593 structum
2398 2552 2664 2601 sanctum,
2707 2543 2796 2593 sed
2845 2552 2898 2593 et
2939 2553 3135 2592 terram
3187 2539 3487 2594 sanctitatis

1921 2633 2133 2701 plenam
2168 2633 2411 2702 agnoscit
2447 2644 2500 2685 et
2531 2633 2779 2700 appellat.
2811 2632 2914 2685 Sed
2947 2632 3086 2685 hanc
3117 2632 3332 2700 quidem
3360 2646 3487 2683 sen-

1923 2725 2144 2778 tentiam
2195 2725 2262 2778 de
2314 2725 2511 2792 templo
2560 2724 2810 2776 Servator
2860 2724 2961 2776 fert
3061 2722 3166 2776 Vos
3213 2738 3342 2775 vero
3377 2737 3482 2775 n0n

1919 2817 2180 2870 veremini
2221 2819 2450 2868 maxima
2500 2817 2628 2868 illud
2685 2816 2977 2884 ignominia
3014 2814 3226 2868 allicere
3251 2856 3264 2875 ,
3302 2815 3485 2868 hostili

1917 2908 2101 2961 manui
2132 2916 2411 2975 acceptum
2452 2908 2719 2961 ferentes?
2751 2908 2814 2961 Et
2843 2910 2906 2960 ad
2940 2924 3074 2974 quos
3115 2909 3281 2976 magis
3324 2923 3485 2960 voces

1917 2997 2052 3061 illas,
2093 2998 2236 3050 stulti
2262 3008 2308 3050 et
2331 3000 2491 3060 carci,
2538 2997 2734 3050 referat
2767 2998 2832 3050 ad
2866 3012 3030 3051 eosne
3059 2998 3148 3065 qui
3187 3008 3482 3065 utrumque

1917 3099 1974 3140 ut
2006 3098 2251 3141 sanctum
2299 3089 2519 3150 colunt,
2557 3104 2746 3140 aurum
2788 3104 2917 3141 vero
2953 3089 3273 3156 prmferunt;
3315 3104 3379 3140 an
3415 3090 3480 3141 ad

244 3164 362 3219 τοῖς
400 3162 492 3212 καὶ⁵
528 3161 620 3214 τὸν
665 3164 789 3215 ναὸν
831 3166 990 3216 αὑτὸν
1038 3169 1129 3218 καὶ
1166 3168 1340 3220 πάντα
1391 3169 1457 3221 τὰ
1486 3171 1543 3221 ἐν
1574 3171 1717 3242 αὐτῷ
1748 3177 1812 3243 τῇ
1841 3198 1881 3254 C

1808 3195 1881 3254 ια
1919 3180 2053 3241 illos,
2087 3181 2179 3250 qui
2216 3190 2270 3234 et
2313 3181 2567 3249 templum
2605 3181 2798 3248 ipsum,
2854 3188 2905 3233 et
2945 3182 3124 3233 omnia
3159 3197 3275 3248 quae
3320 3181 3372 3233 in
3414 3195 3480 3232 eo

246 3251 557 3319 βλασφήμῳ
613 3251 880 3305 διασπῶσι
941 3255 1177 3329 γλώττῃ,
1231 3261 1323 3311 καὶ
1386 3261 1461 3329 μὴ
1518 3264 1808 3331 πεφρικόσι

244 3343 508 3411 ἀρρήτοις
538 3341 726 3413 ὕϐρεσι
760 3349 1144 3411 καταπλύνειν,
1175 3353 1267 3402 καὶ
1307 3351 1684 3421 διωϐουμένοις
1712 3358 1808 3426 τῆς

243 3432 591 3502 ἁγαθουργοῦ
611 3437 859 3504 προνοίας
878 3441 959 3501 εἰς
981 3441 1077 3509 τὴν
1096 3443 1465 3496 ἀνυπόστατον
1487 3446 1584 3514 τῆς
1605 3465 1804 3517 τυρανσ

242 3521 389 3585 νίόος
421 3525 677 3578 ἐπίνοιαν.
709 3522 859 3579 Εἶτα·
885 3529 991 3580 Καὶ
1018 3529 1084 3593 ὃς
1103 3530 1212 3598 (47)
1240 3532 1290 3583 δ’
1314 3533 1388 3586 ἂν
1417 3537 1608 3605 ὀμόσῃ
1635 3540 1703 3590 ἐν
1730 3538 1807 3603 τῷ

242 3617 673 3682 θυσιαστηρίῳ,
701 3618 880 3671 οὐδέν
905 3620 1073 3673 ἐστιν
1099 3638 1112 3652 '
1146 3623 1211 3688 ὃς
1234 3628 1284 3675 δ’
1321 3625 1396 3678 ἂν
1424 3629 1613 3697 ὀμόσῃ
1642 3630 1708 3683 ὲν
1730 3630 1807 3694 τῷ

241 3703 410 3770 δώρῳ
436 3704 516 3770 τῷ
555 3707 753 3760 ἐπάνω
794 3711 898 3762 τοῦ
930 3715 1380 3782 θυσιαστηρίου,
1419 3719 1657 3786 ὀφείλει.
1699 3723 1804 3775 Καὶ

239 3799 364 3858 ταῖς
396 3797 535 3862 ἴσαις
576 3801 879 3868 παροινίαις
917 3804 1005 3874 ῑση
1041 3806 1198 3858 πάλιν
1225 3808 1316 3860 καὶ
1347 3811 1377 3878 ἡ
1411 3812 1800 3882 παρατίμησις.

247 3889 446 3954 Μωροὶ
476 3890 572 3943 καί
599 3893 928 3959 tv;.101!tl
956 3898 1063 3962 γὰρ
1088 3897 1283 3964 μεῖζον
1305 3939 1317 3958 ,
1343 3899 1407 3951 τὸ
1437 3901 1642 3966 δῶρον,
1674 3904 1708 3969 ἢ
1742 3906 1802 3955 τὸ

243 3979 683 4047 θυσιαστήριον
714 3983 779 4035 τὸ
811 3984 1046 4052 ἁγιάζον
1085 3987 1149 4038 τὸ
1179 3986 1405 4054 δὼρον;
1457 3993 1529 4041 Οὐ
1560 3993 1647 4043 τὸν
1678 3995 1803 4046 ναὸν

242 4070 429 4136 μόνον,
466 4071 597 4123 ἀλλὰ
642 4074 818 4126 καὶτὸ
863 4075 1241 4147 Ουσιαστήριον
1288 4080 1553 4148 πηγάζειν
1580 4083 1749 4149 λέγων
1776 4087 1801 4136 ὁ

237 4161 432 4229 Σωτὴρ
460 4163 553 4231 τῆς
582 4165 887 4234 ἁγιότητος,
922 4170 1014 4219 καὶ
1062 4169 1189 4236 ἅγια
1228 4169 1326 4238 μὲν
1376 4171 1586 4225 ἅπαντα
1615 4176 1680 4225 τὰ
1709 4176 1797 4226 τοῦ

239 4250 412 4318 ἱεροῦ·
445 4257 640 4323 μετοχῇ
675 4255 730 4306 δὲ
779 4257 869 4308 καὶ
903 4259 1182 4326 μεταδόσει
1226 4263 1290 4312 τὰ
1337 4262 1434 4330 μὲν
1482 4265 1589 4318 τῶν
1634 4265 1800 4332 ἁγίων

235 4342 336 4409 τὴν
367 4342 585 4411 πρώτην
620 4346 698 4406 είς
737 4347 902 4415 τιμὴν
933 4348 1277 4418 ἐκληρώσατο
1303 4354 1473 4414 τάξιν,
1507 4354 1576 4405 τὰ
1601 4355 1654 4405 δὲ
1685 4357 1801 4407 δευ-

233 4430 475 4499 τερεύει.
518 4434 624 4486 Καὶ
659 4435 782 4497 τοὺς
826 4436 1110 4500 Ἰουδαίους
1143 4442 1237 4508 οὐχ
1270 4442 1348 4492 ὅτι
1396 4448 1797 4514 πεπαρῳνήκα-

235 4537 322 4572 σιν
351 4520 462 4588 (48)
496 4523 553 4574 ὲν
599 4524 798 4590 αὐτοῖς,
831 4526 1046 4580 ἀλλ’ὅτι
1090 4530 1187 4599 τὴν
1226 4531 1374 4594 τάξιν
1399 4536 1795 4605 τετολμήκασιν
1829 4540 1871 4593 D
1905 4548 1907 4582 ι

786 4567 798 4590 ,
831 4526 1046 4580 ἀλλ’ὅτι
1090 4530 1187 4599 τὴν
1226 4531 1374 4594 τάξιν
1399 4536 1795 4605 τετολμήκασιν
1829 4540 1871 4593 D
1905 4544 2016 4587 tam
2084 4537 2200 4588 ausi
2258 4547 2408 4590 erant
2441 4579 2453 4599 ,

231 4611 505 4679 ἀμεῖψαι,
546 4615 605 4666 τὸ
650 4615 743 4668 τοῦ
789 4618 991 4686 κόσμου
1047 4620 1194 4687 φῶς,
1240 4624 1658 4690 ὴὲνυπόστατος
1709 4632 1799 4683 τοῦ

232 4700 370 4752 Θεοῦ
403 4702 560 4769 σοφία
587 4745 600 4769 ,
630 4707 861 4771 τυφλοὺς
908 4710 997 4760 καὶ
1034 4713 1248 4778 μωροὺς
1292 4715 1660 4780 καταδικάζει.
1695 4722 1800 4771 Καὶ

231 4793 259 4842 ὁ
295 4792 395 4860 μὲν
423 4795 512 4846 τὸν
535 4796 749 4866 Πατέρα
777 4799 954 4863 καλῶς
985 4801 1155 4865 εἰδὼς,
1193 4803 1398 4868 Οὐδείς
1424 4809 1529 4874 γὰρ
1551 4805 1672 4862 οἶδε
1699 4811 1799 4862 τὸν

232 4882 498 4950 Πατέρα,
535 4889 585 4937 εί
619 4888 704 4954 μὴ
732 4892 764 4941 ό
808 4891 935 4954 Υἱὸς
966 4893 1062 4944 καὶ
1093 4887 1140 4958 ᾧ
1168 4894 1273 4945 ἐὰν
1325 4898 1356 4946 ό
1407 4898 1536 4961 Υἱὸς
1573 4899 1796 4951 ἀποκα-

228 4974 402 5041 λύψῃ
436 4989 450 5002 ⁸
491 4972 642 5040 οὗτος
677 4982 773 5048 τὴν
812 4983 969 5050 χάριν
1008 4985 1137 5053 ἡμῖν
1170 4985 1244 5054 τῷ
1284 4987 1530 5056 πατρικῷ
1563 4991 1674 5057 ναῷ
1707 4995 1797 5044 καὶ¹

227 5062 310 5130 τῷ
336 5064 702 5137 Θυσιαστηρίῳ
745 5072 1137 5139 παραγυμνὼν,
1169 5074 1305 5126 αὐτὰ
1345 5076 1436 5127 καὶ
1469 5078 1800 5145 μεταδιδόναι

227 5153 341 5205 τῶν
387 5156 673 5226 ἁγιασμῶν
724 5160 1042 5216 ἐκδιδάσκει.
1093 5164 1163 5214 Σὺ
1194 5163 1268 5225 δὲ,
1317 5164 1392 5217 ὼε
1439 5167 1492 5217 τί
1542 5185 1597 5218 σε
1630 5168 1692 5220 ἄν
1718 5187 1799 5232 τις

232 5244 408 5296 εἰπὼν
443 5248 604 5311 ἀξίως
654 5254 979 5319 προσείποις
1022 5255 1081 5306 τὸ
1124 5256 1231 5327 γὰρ
1269 5258 1672 5328 ἀνυπέρὸλητον
1706 5262 1799 5330 τῆς

305 5384 349 5414 ³³
383 5383 572 5438 Matth.
617 5402 774 5450 xxnt,
819 5388 904 5442 16.
978 5391 1023 5421 ³³
1064 5391 1193 5445 ibid.
1236 5393 1289 5446 7.
1366 5395 1409 5426 ³⁵
1441 5394 1570 5448 ibid.
1610 5397 1694 5459 18,

1773 5399 1816 5429 ³⁸
1859 5400 1988 5453 ibid.
2026 5402 2108 5455 19.

1918 3280 2105 3333 erant,
2141 3271 2319 3340 lingua
2363 3271 2621 3323 maledica
2670 3270 3063 3338 proscindunt,
3099 3286 3196 3322 nec
3247 3270 3481 3324 infandis

1916 3365 2175 3417 conviciis
2204 3374 2463 3417 temerare
2500 3365 2743 3424 horrent,
2776 3380 2836 3418 ac
2871 3379 2898 3415 a
2935 3364 3271 3432 providentia
3310 3369 3478 3417 bene-

1915 3455 2012 3507 ﬁca
2033 3456 2097 3507 ad
2121 3470 2287 3507 vanos
2304 3454 2605 3524 tyrannidis
2619 3463 2911 3522 conceptus
2937 3455 3245 3522 propellunt
3263 3455 3284 3506 ?
3300 3453 3480 3522 Pergit

1917 3544 2173 3597 Dominus
2195 3563 2206 3596 :
2225 3543 2290 3598 Et
2307 3545 2658 3613 quijuraverit
2682 3561 2770 3610 per
2791 3545 2977 3605 altare,
2998 3545 3206 3596 iii/tilest
3224 3561 3239 3596 :
3256 3546 3343 3611 qui
3363 3560 3479 3597 vero

1907 3633 2166 3700 juravcrit
2200 3649 2288 3699 per
2314 3633 2503 3682 donum
2535 3685 2542 3694 ,
2573 3633 2709 3699 quod
2742 3641 2813 3683 est
2841 3647 2992 3694 super
3019 3631 3200 3690 altari,
3236 3630 3377 3681 debet
3407 3629 3474 3681 ³⁸.

1914 3720 2089 3773 Simili
2117 3720 2238 3773 huic
2269 3719 2566 3772 insolentiae
2590 3720 2782 3772 similis
2809 3719 3123 3788 impingitur
3149 3719 3471 3786 obiurgatio.

1911 3810 2071 3864 Stulti
2096 3823 2140 3865 et
2169 3812 2288 3864 (γεεί
2307 3813 2324 3863 .'
2349 3814 2472 3880 quid
2496 3814 2632 3864 enim
2661 3812 2833 3879 majus
2858 3821 2951 3867 est.
2990 3812 3182 3861 donum
3207 3826 3274 3860 an
3299 3810 3475 3861 altare

1913 3903 2046 3970 quod
2075 3903 2367 3968 sanctiﬁcat
2395 3905 2583 3954 donum
2608 3903 2671 3954 ".
2697 3903 2770 3954 lbi
2799 3902 3053 3954 Servator
3077 3915 3182 3952 non
3216 3901 3474 3967 templum

1911 3994 2102 4052 solum,
2146 3994 2236 4045 sed
2271 4003 2319 4044 et
2353 3993 2520 4046 altare
2554 3994 2754 4046 fontem
2789 4009 2907 4046 esse
2942 3995 3014 4046 ait
3055 3993 3374 4045 sanctitatis.
3413 3990 3476 4044 Et

1911 4094 2093 4136 sancta
2126 4085 2340 4152 quidem
2373 4096 2528 4137 erant
2575 4087 2752 4137 omnia
2790 4101 2904 4152 qine
2940 4085 2993 4136 in
3026 4085 3226 4151 templo
3269 4093 3425 4135 erant
3461 4103 3470 4134 :

1910 4173 1962 4223 in
2017 4174 2463 4225 communicanda
2504 4189 2632 4226 vero
2672 4183 2722 4226 et
2769 4173 3136 4227 distribuenda
3186 4174 3474 4225 sanctitate

1907 4263 2007 4314 alia
2065 4265 2280 4331 quidem
2332 4264 2559 4332 primum
2614 4265 2787 4316 locum
2863 4265 3049 4317 sortita
3116 4275 3301 4324 erant,
3370 4263 3472 4316 alia

1907 4354 2220 4406 secundum.
2255 4355 2316 4407 Et
2345 4356 2557 4409 Judmos
2593 4357 2830 4422 quidem,
2875 4373 2983 4408 non
3019 4357 3158 4424 quod
3188 4366 3472 4408 contume-

1905 4441 2068 4497 liosos
2086 4460 2140 4496 se
2159 4444 2208 4495 in
2230 4460 2289 4496 ea
2307 4446 2686 4513 praestiterant,
2711 4448 2803 4500 sed
2833 4448 2971 4515 quod
2992 4448 3236 4500 ordinem
3269 4447 3467 4498 immu-

2526 4539 2610 4590 lux
2664 4539 2888 4601 mundi,
2953 4537 3318 4591 substantialis
3374 4536 3467 4588 Dei

1909 4629 2190 4696 sapientia,
2218 4645 2388 4682 caecos
2425 4639 2477 4683 et
2513 4631 2701 4684 stultos
2727 4632 2977 4699 appellat.
3025 4631 3090 4684 Et
3129 4631 3215 4698 qui
3254 4629 3467 4682 Patrem

1906 4719 2043 4771 bene
2065 4728 2223 4771 norat
2259 4738 2269 4771 :
2305 4720 2468 4787 Nemo
2503 4722 2634 4772 enim
2668 4721 2882 4772 Patrem
2916 4723 3050 4774 novit
3082 4723 3178 4772 nisi
3207 4721 3388 4781 Filius,
3420 4729 3468 4772 et

1906 4809 1987 4858 cui
2028 4807 2195 4860 Filius
2245 4809 2543 4861 revelaverit
2570 4811 2646 4871 ³⁷;
2689 4809 2774 4862 hic
2821 4814 3044 4879 gratiam
3095 4809 3250 4860 nobis
3295 4807 3468 4858 Patris

1904 4914 1999 4968 per
2029 4901 2285 4969 templum
2315 4911 2368 4953 et
2394 4901 2560 4954 altare
2591 4902 2980 4969 explicaturos,
3009 4901 3185 4962 docet,
3213 4899 3298 4951 illa
3332 4898 3464 4950 alias

1904 5010 2116 5063 quoque
2146 5012 2229 5049 res
2261 4997 2561 5050 sanctitatis
2592 4998 2879 5066 participes
2910 4997 3157 5050 reddere.
3199 4995 3278 5047 Tn
3310 5009 3462 5056 vero,

1904 5095 1958 5138 at
1996 5103 2100 5154 quo
2131 5088 2348 5140 nomine
2382 5098 2432 5141 te
2472 5089 2632 5157 digne
2678 5089 2808 5141 satis
2842 5088 3122 5155 quisquam
3166 5085 3458 5154 exceperit,

1904 5192 2023 5228 cum
2072 5178 2447 5245 insuperabilis
2496 5181 2718 5233 audacia
2775 5189 2825 5232 te
2871 5180 3026 5248 longe
3068 5179 3201 5230 ultra
3238 5177 3461 5229 stultum

1905 5275 1957 5317 et
1987 5281 2188 5320 cazcum
2233 5269 2457 5322 evehat!
2493 5269 2610 5322 Non
2656 5271 2860 5324 vereris
2907 5286 2995 5324 res
3027 5277 3238 5322 sanctas
3287 5267 3462 5335 primo

2190 5403 2231 5433 ³⁷
2261 5404 2453 5460 Matth.
2490 5424 2562 5472 ιιι,
2597 5406 2687 5460 27.

1320 5524 1550 5581 νΑιιιΕ
1588 5527 1967 5583 LECTIONES
1994 5532 2079 5584 ET
2120 5531 2351 5590 ΝΟΤΑΞ.

732 5657 926 5748 scripsi
953 5675 1051 5726 pro
1083 5653 1178 5723 ὧν,
1209 5663 1349 5748 quod
1381 5674 1497 5748 erat
1523 5665 1574 5717 in
1615 5681 1716 5748 ms.

218 5721 572 5846 “$21389
626 5721 860 5795 Reposui
913 5721 1014 5785 hoc
1066 5721 1174 5800 pro
1208 5721 1310 5798 ὡς,
1345 5735 1487 5802 quod
1533 5737 1788 5792 mendose

1972 5668 2079 5737 (48)
2118 5675 2646 5742 Πεπαρῳνήκασιν.
2703 5677 2779 5730 Ita
2831 5679 3069 5732 scribere
3117 5678 3344 5732 debebat
3391 5680 3454 5730 li-

1898 5743 2146 5824 brarins,
2182 5760 2278 5812 pro
2313 5761 2377 5799 co
2429 5747 2572 5816 quod
2604 5748 2863 5802 mendose
2910 5750 3149 5806 exaravit
3195 5765 3450 5820 πεπορν-

1900 5829 2109 5866 νυκασι.
