4234 6432
817 399 921 466 251

1976 398 2236 458 ΡΙΙΟΤΙΙ
2277 400 2781 460 PATRIARCH/E
2820 401 2925 460 ΟΡ.

3945 402 4052 463 252

815 514 993 568 omnis
1027 506 1444 563 abominationis
1476 506 1681 561 auctori
1721 517 1975 578 acceptas
2003 508 2177 562 ferre?
2202 511 2378 578 Atque
2406 515 2487 570 Λι

2375 532 2378 557 ε
2406 515 2453 570 Α
2477 510 2681 579 τόλμης
2710 510 3043 581 πορρωτέρω
3071 527 3129 563 σε
3166 528 3259 564 και
3292 511 3477 581 μωροῦ
3511 513 3604 566 καὶ
3638 512 3837 581 τυφλοῦ
3866 529 4047 583 παρα-

818 600 905 653 ille
933 597 1149 667 quidem
1177 606 1327 649 tanto
1356 596 1559 649 honore
1580 606 1634 649 et
1661 597 1831 665 gloria
1864 613 2014 650 sacra
2043 598 2234 667 legalia
2265 600 2381 651 cin-

814 689 910 758 git,
942 695 998 741 et
1024 685 1260 749 Judaeos,
1284 701 1349 738 eo
1375 684 1539 753 quod,
1566 686 1812 753 quamvis
1844 700 1906 738 ea
1929 686 2191 750 colerent,
2218 687 2380 756 digno

814 788 995 832 tamen
1033 779 1180 831 cultu
1223 792 1331 829 non
1364 785 1842 844 prosequerentur,
1879 778 2045 831 tantis
2079 777 2380 830 commina—

815 870 1055 923 tionibus
1084 878 1138 921 et
1164 882 1335 936 poenae
1362 867 1627 921 obnoxios
1651 868 1798 928 facit,
1823 869 1894 921 ita
1917 868 2154 937 quidem,
2184 878 2241 921 ut
2274 869 2377 922 illa:

813 976 925 1012 non
961 970 1066 1012 tam
1106 959 1237 1027 ipsis
1274 976 1433 1027 qualn
1478 959 1571 1012 tibi
1622 960 1980 1011 immittuntur
2032 976 2044 1011 :
2098 969 2151 1012 tu
2194 968 2373 1011 autem

812 1066 883 1103 ne
916 1051 993 1103 sic
1021 1049 1238 1117 quidem
1272 1050 1475 1102 sentire
1507 1050 1607 1111 vis,
1638 1060 1835 1116 quanta
1866 1050 1936 1103 sit
1966 1059 2055 1103 tua
2084 1051 2371 1104 calumnia.

812 1135 881 1191 Et
924 1138 1299 1190 substaut‘alis
1345 1138 1562 1206 quidem
1618 1138 1713 1193 Dei
1766 1139 2026 1207 sapientia
2082 1139 2284 1193 Scribis
2321 1150 2377 1194 et

812 1227 1099 1281 Pharismis
1137 1229 1215 1281 Vw
1245 1229 1508 1281 declamat
1532 1268 1545 1288 ,
1580 1229 1723 1297 quod
1770 1245 1874 1282 non
1921 1245 2016 1297 per
2061 1232 2241 1284 omnia
2271 1232 2372 1301 legi

811 1316 1050 1370 debitum
1068 1318 1270 1369 cultum
1292 1317 1758 1383 prtestiterint,sed
1779 1319 1829 1368 in
1852 1318 2371 1385 levioribusquidem

812 1410 983 1476 legem
1006 1407 1366 1469 observariut,
1384 1409 1437 1459 in
1460 1408 1797 1477 gravioribus
1812 1418 1988 1461 autem
2014 1411 2368 1478 neglexerint.

812 1497 895 1550 Tu
924 1512 1067 1558 vero,
1097 1496 1393 1565 quieontra
1425 1514 1615 1551 omnes
1644 1507 1697 1550 et
1720 1499 1862 1567 leges
1887 1506 1941 1551 ct
1964 1514 2112 1551 sacra
2139 1500 2370 1569 linguam

812 1588 982 1650 acuis,
1046 1589 1153 1640 imo
1201 1598 1256 1643 et
1313 1605 1406 1641 eos
1450 1589 1538 1656 qui
1592 1591 1887 1641 secundum
1944 1590 2113 1657 legem
2176 1591 2370 1645 versati

812 1687 979 1738 sunt,
1027 1679 1081 1730 in
1147 1689 1443 1733 extremam
1508 1678 1839 1746 impietatem
1910 1682 2209 1748 pertraliis,
2262 1698 2369 1735 non

811 1770 1091 1822 existimas
1137 1786 1322 1837 poenas
1366 1769 1691 1838 multiplices
1724 1781 1781 1822 te
1824 1772 2086 1824 manere?
2129 1770 2370 1840 Namque

2482 603 2709 670 πέμπει,
2725 604 2788 655 οὐ
2810 604 3052 671 φρίττεις
3067 602 3144 672 τῷ
3165 604 3459 674 ἀρχεκάκῳ
3476 603 3805 673 βδελύγματι
3822 605 3891 658 τά
3917 607 4048 672 am

2478 695 2809 764 ἀναφέρεινς
2849 697 2943 749 καὶ
2980 696 3009 747 ὁ
3055 696 3153 765 μὲν
3191 696 3426 767 τοσαύτῃ
3459 700 3593 767 τιμῇ
3622 701 3712 751 καὶ
3740 698 3866 769 δόξῃ
3899 716 4051 771 περι-

2476 788 2700 857 τειχίζει
2744 788 2813 840 τά
2862 788 3059 856 νομικά
3102 788 3250 859 ἱερά,
3289 790 3383 841 καὶ
3424 790 3550 849 τοὺς
3608 789 3913 852 Ἰουδαίους,
3965 794 4047 845 ὅτι

2475 881 2739 949 τιμῶντες
2774 880 2847 951 μὴ
2889 881 3029 935 κατά
3059 880 3118 933 τὸ
3150 882 3426 951 προσῆκον
3458 882 3683 950 ἐτίμων,
3712 882 4047 949 τηλικαύτης

2473 975 2611 1043 ἀράς
2638 974 2731 1025 καὶ
2761 973 2915 1041 δίκης
2948 973 3165 1041 ὲνόχους
3195 977 3359 1034 ποιεῖ,
3399 975 3460 1027 οὐ
3492 976 3611 1026 κατ’
3642 973 3869 1026 ἐκείνων
3903 974 4045 1041 μᾶλ-

2472 1064 2563 1116 λον
2591 1064 2624 1134 ἦ
2655 1064 2799 1116 κατὰ
2829 1064 2923 1118 σοῦ
2956 1064 3157 1126 ταύτας
3202 1065 3401 1132 ἀφιείς.
3438 1066 3511 1117 ΣΞ)
3558 1065 3615 1117 δὲ
3643 1063 3735 1117 τοῦ
3775 1064 4040 1133 μεγέθους

2471 1154 2570 1221 τῆς
2594 1156 2690 1221 σῆς
2709 1152 3053 1221 βλασφημίας
3069 1151 3241 1205 οὐδ’οῦ
3250 1169 3351 1215 τως
3371 1153 3619 1221 αἴσθησιν
3635 1153 3811 1221 βούλει
3830 1154 4043 1209 λαϐεῖν.

2475 1244 2584 1297 Καὶ
2607 1245 2639 1312 ή
2668 1244 2764 1312 μὲν
2791 1242 3195 1304 αύθυπὸστατος
3222 1243 3315 1294 τοῦ
3337 1243 3471 1295 Θεοῦ
3497 1244 3656 1311 σοφία
3694 1246 3819 1307 τοὺς
3860 1246 4046 1315 Γραμ·

2475 1338 2661 1401 ματεῖς
2689 1334 2783 1387 καὶ
2808 1336 3135 1403 Φαρισαίους
3158 1335 3237 1387 ἔτι
3264 1334 3660 1389 καθυποϐάλλει
3683 1336 3759 1405 τῷ
3775 1338 3935 1401 οὐαί,
3960 1336 4055 1389 ὅτι

2474 1424 2548 1493 μὴ
2578 1425 2666 1477 διὰ
2700 1426 2912 1477 πάντων
2950 1424 3026 1492 τῷ
3052 1426 3199 1493 νόμῳ
3234 1425 3295 1477 τὸ
3322 1425 3615 1493 σεϐάσμιον
3664 1426 3877 1496 ἔνεμον,
3926 1409 4043 1479 ἀλλ’

2470 1518 2527 1567 ὲν
2558 1516 2655 1584 μὲν
2702 1519 2811 1577 τοῖς
2854 1516 3192 1585 μικροτέροις
3224 1517 3683 1584 ἐνομοφυλάκουν,
3733 1519 3790 1569 ὲν
3822 1518 3877 1569 δὲ
3929 1522 4044 1581 τοῖς

2472 1606 2681 1672 μείζοσι
2707 1624 2778 1658 πα
2789 1607 3076 1675 ρηνόμουν.
3101 1606 3170 1658 Σὺ
3189 1606 3245 1657 δὲ
3268 1608 3408 1659 κατά
3432 1610 3647 1660 πάντων
3662 1609 3761 1674 τὴν
3791 1608 4041 1673 γλῶσσαν

2467 1694 2668 1757 ὀξύνων
2691 1697 2783 1748 καὶ
2800 1695 2979 1761 νόμων
2998 1695 3089 1748 καὶ
3116 1695 3298 1763 ίερῶν,
3317 1695 3453 1748 ἀλλὰ
3478 1696 3571 1747 καὶ
3595 1697 3742 1758 τοὺς,
3766 1698 3881 1749 ὅσοι
3907 1698 4039 1747 ποτὲ

2473 1786 2612 1839 κατὰ
2647 1786 2737 1837 τὸν
2770 1786 2931 1854 νόμον
2961 1786 3333 1839 ἐπολιτεύοντο
3380 1789 3459 1849 είς
3492 1788 3727 1857 ἐσχάτην
3775 1788 4040 1840 ἀσέϐειαν

814 1858 1067 1913 Servatur
1096 1881 1108 1914 :
1150 1862 1231 1914 l'a:
1253 1862 1411 1925 vobis,
1444 1862 1538 1923 ait,
1578 1879 1606 1913 ο
1634 1862 1829 1913 Scriba:
1878 1872 1924 1914 et
1978 1862 2233 1915 Phariswi
2280 1865 2372 1932 liga
2404 1851 2447 1907 Β
2475 1875 2486 1926 ε

2360 1888 2372 1903 ⁸
2404 1851 2447 1907 Β
2475 1875 2665 1938 ἕλκων,
2700 1876 2798 1928 οὐκ
2822 1877 2922 1928 οίει
2962 1876 3356 1939 πολυπλασίους
3397 1876 3496 1939 τὰς
3533 1878 3723 1941 ποινὰς
3773 1878 4032 1946 ύφέξειν;

811 1953 1045 2019 pocritw,
1072 1955 1193 2022 quia
1218 1955 1489 2005 dccimatis
1513 1956 1773 2005 mem/tant
1797 1963 1843 2005 cl
1867 1956 2125 2021 cyminum
2150 1964 2196 2005 et
2227 1956 2373 2006 dese-

811 2043 988 2094 ruistis
1012 2044 1255 2111 graviora
1291 2045 1435 2113 legis,
1466 2045 1727 2112 judicium
1770 2054 1815 2095 et
1862 2046 2291 2107 misericordiam,
2324 2054 2372 2097 et

810 2134 962 2200 ﬁdem
995 2135 1058 2185 υ.
1094 2136 1162 2185 At
1207 2136 1502 2188 secundum
1533 2145 1898 2203 apostatarum
1933 2152 2212 2190 sermones
2261 2152 2370 2191 nou

812 2220 953 2282 ideo,
990 2221 1131 2287 quod
1164 2222 1510 2289 neglexerant
1559 2232 1823 2291 praecepta
1880 2223 2033 2291 legis,
2086 2224 2178 2277 sed
2227 2223 2372 2291 quod

808 2326 997 2364 eorum
1035 2313 1464 2365 observationem
1506 2313 1695 2365 sectati
1746 2323 1920 2375 erant,
1951 2315 2017 2366 ad
2055 2329 2242 2382 poenas
2274 2328 2371 2366 vo-

808 2400 919 2452 cari
942 2400 1273 2455 debuissent.
1298 2402 1425 2466 Qua:
1444 2402 1589 2454 enim
1614 2403 1755 2456 bono
1786 2418 1893 2455 non
1920 2404 2151 2471 placent,
2185 2420 2371 2457 eorum

809 2497 870 2540 ut
912 2490 1091 2557 praxis
1120 2491 1183 2545 ad
1221 2506 1447 2544 examen
1487 2502 1540 2545 et
1586 2508 1770 2560 pmnas
1807 2503 1959 2547 vocat
1999 2494 2330 2549 facinoresos
2355 2538 2369 2560 ,

809 2578 882 2633 ita
932 2583 1196 2634 aversatio
1228 2591 1376 2633 extra
1404 2598 1563 2635 omne
1593 2585 1799 2637 crimen
1834 2585 2084 2639 collocat.
2109 2584 2213 2639 Sed
2242 2587 2370 2640 Ser-

812 2680 961 2723 vator
983 2682 1163 2724 noster
1190 2682 1242 2723 ut
1272 2670 1499 2733 Veteris,
1522 2673 1593 2726 ita
1628 2682 1681 2727 et
1715 2673 1847 2727 Novi
1880 2673 2211 2730 Testamenti
2269 2677 2370 2731 do-

809 2762 991 2815 minus
1024 2773 1078 2816 et
1125 2778 1314 2817 auctor
1359 2767 1645 2831 exsistens,
1700 2778 1885 2821 contra
1915 2779 2186 2821 recentem
2226 2770 2370 2823 illam

809 2855 1135 2922 impietatem
1163 2857 1351 2926 magis,
1378 2874 1538 2926 quam
1569 2869 1755 2913 contra
1780 2857 2055 2915 Judaicam
2096 2862 2372 2931 negligen-

810 2947 962 3007 tiam,
1008 2949 1331 3000 sententiam
1383 2950 1534 3002 dicit.
1580 2950 1704 3002 [late
1738 2952 1896 3012 enim,
1934 2952 2133 3019 inquit,
2160 2954 2373 3006 decebat

809 3039 999 3107 facere,
1034 3048 1080 3090 et
1116 3038 1207 3090 illa
1242 3056 1342 3091 non
1375 3042 1609 3093 omittere
1638 3044 1703 3106 ³9,
1780 3042 1951 3111 legem
2001 3053 2236 3097 veterem
2270 3044 2372 3098 hoc

808 3129 969 3182 modo
1014 3146 1108 3197 per
1139 3145 1330 3182 novam
1377 3132 1610 3201 graviter
1641 3142 1696 3186 et
1739 3148 1946 3186 summa
1981 3150 2102 3187 cum
2139 3135 2372 3187 auctori-

810 3226 920 3271 tate
948 3218 1251 3274 stabiliens.
1286 3219 1340 3272 Si
1374 3219 1534 3290 igitur
1554 3222 1621 3275 ab
1649 3222 1715 3277 iis
1755 3223 1895 3287 ideo,
1924 3225 2065 3293 quod
2097 3224 2369 3279 dimidiam

808 3308 983 3378 legum
1016 3318 1222 3376 partem
1271 3308 1636 3378 neglexerant,
1680 3320 1883 3363 tantam
1945 3326 2158 3379 poenam
2191 3311 2371 3380 justus

804 3398 970 3468 judex
1017 3399 1199 3467 exigit,
1265 3408 1520 3467 quantam
1566 3416 1663 3454 vos
1706 3401 1834 3454 dare
1882 3400 2186 3463 debebitis,
2264 3414 2370 3455 tam

810 3490 1154 3557 impudenter
1198 3506 1305 3543 non
1336 3506 1401 3544 ex
1440 3491 1789 3560 negligentia,
1835 3492 1928 3545 sed
1979 3508 2045 3545 ex
2077 3492 2201 3545 odio
2229 3492 2371 3560 inju-

811 3582 945 3634 riam
989 3589 1189 3634 tantam
1240 3581 1293 3633 in
1333 3598 1523 3636 omnes
1574 3582 1719 3651 leges
1762 3582 2146 3637 eﬂ'undentes?
2195 3583 2261 3637 Et
2323 3584 2370 3637 si

809 3672 951 3735 illos,
977 3672 1069 3742 qui
1099 3673 1482 3741 prophetarum
1511 3673 1757 3742 sepulcra
1794 3674 2151 3738 anlilicabant,
2206 3683 2259 3727 et
2283 3674 2370 3742 ju-

808 3773 1015 3818 storum
1060 3773 1408 3817 monumenta
1445 3765 1731 3827 ornabant,
1782 3764 2103 3833 pietatisque
2130 3764 2368 3832 speciem

807 3872 875 3911 ex
910 3864 1061 3925 parte
1090 3856 1455 3917 assumebant,
1490 3870 1556 3908 ex
1594 3855 1985 3924 prapheticidis
2017 3856 2214 3924 quippe
2239 3854 2368 3917 orti,

808 3963 919 4001 non
954 3948 1215 4015 judicavit
1256 3962 1285 4000 a
1333 3946 1488 4014 culpa
1524 3946 1811 4009 immunes,
1850 3946 1945 3999 sed
1979 3946 2103 4014 quia
2132 3956 2366 3999 mentem

809 4055 839 4091 a
887 4038 1229 4107 sanguinario
1282 4046 1494 4105 patrum
1546 4036 1761 4106 ingenio
1803 4052 1909 4088 non
1958 4036 2225 4089 diversam
2261 4036 2369 4090 cir-

808 4128 1197 4190 cumferebant,
1227 4127 1625 4181 inevitabilibus
1662 4126 1941 4195 suppliciis
1972 4127 2222 4194 subjecit,
2252 4143 2370 4196 qua:

809 4221 1025 4274 tandem
1063 4234 1217 4287 pmna
1261 4218 1584 4280 invenietur,
1626 4233 1747 4285 qua:
1798 4233 1906 4270 non
1937 4218 2093 4286 longe
2127 4216 2371 4271 subsidat

810 4308 947 4362 infra
987 4309 1162 4362 scelus
1199 4316 1457 4369 vestrum,
1485 4306 1575 4373 qui
1615 4315 1802 4359 contra
1842 4306 2134 4374 prophetas
2176 4306 2367 4375 magis,

808 4416 966 4469 quam
1011 4400 1107 4461 illi,
1143 4399 1316 4451 caades
1354 4398 1593 4465 spiratis,
1643 4406 1699 4451 et
1748 4412 1857 4451 non
1892 4396 2065 4449 solum
2114 4397 2181 4450 ad
2222 4407 2368 4449 stru-

2474 1963 2584 2015 Καὶ
2603 1964 2708 2032 γάρ
2737 1965 2764 2015 ὁ
2795 1964 3003 2033 Σωτὴρ,
3037 1965 3179 2017 Οὐαὶ
3222 1965 3379 2032 ὑμῖν,
3424 1966 3697 2035 ἐπιφέρει,
3749 1970 4033 2035 Γραμμα-

2474 2054 2593 2119 τεῖς
2621 2055 3041 2121 καὶφαρισαῖοι
3080 2054 3411 2122 ὑποκριταί,
3448 2055 3536 2109 ὅτι
3592 2056 4035 2110 ἀποδεκατοῦτε

2472 2147 2537 2199 τὸ
2564 2144 2871 2213 ἡδύοσμον
2898 2145 2996 2198 καὶ
3020 2146 3085 2198 τὸ
3108 2144 3352 2211 ἄνηθον,
3382 2148 3480 2198 καὶ
3531 2148 3597 2199 τὸ
3625 2149 3898 2216 κύμινον,
3934 2150 4030 2201 καὶ

2472 2234 2737 2303 ἀφήκατε
2769 2235 2837 2288 τὰ
2859 2236 3161 2302 ,ϐαρύτερα
3186 2236 3290 2289 τοῦ
3317 2240 3527 2305 νόμου,
3556 2237 3670 2305 τὴν
3703 2240 3905 2307 κρίσιν
3937 2240 4032 2292 καὶ

2472 2324 2537 2376 τὸ
2561 2323 2752 2388 ἕλεος,
2785 2324 2884 2377 καὶ
2908 2324 3022 2391 τὴν
3056 2326 3281 2377 πίστιν.
3327 2328 3578 2393 Καίτοιγε
3619 2330 3761 2380 κατὰ
3793 2329 3880 2380 τὸν
3934 2328 4033 2396 τῆς

2470 2410 2803 2471 ἀποστασίας
2832 2411 2985 2478 λόγον
3018 2414 3117 2465 οὐκ
3137 2415 3222 2481 ἐφ’
3255 2409 3336 2477 οἷς
3363 2415 3680 2486 παρεώρουν
3710 2419 3777 2471 τὰ
3801 2417 3895 2469 τοῦ
3933 2420 4023 2471 νό-

2476 2519 2597 2572 μου,
2629 2504 2741 2556 ἀλλ*
2769 2506 2825 2556 ἐν
2857 2498 2937 2566 οἷς
2967 2504 3225 2575 ἔστεργον
3251 2508 3347 2569 τὰς
3374 2508 3707 2578 εἰσπράξεις,
3748 2510 3854 2562 ἔδει
3906 2510 4035 2563 τού-

2470 2609 2594 2655 τους
2624 2594 2990 2648 ἀπαιτεῖσθαι.
3024 2597 3089 2647 Ἀ
3120 2596 3227 2664 γὰρ
3259 2598 3357 2649 ούκ
3380 2598 3496 2650 ἔστι
3526 2599 3603 2667 τῷ
3644 2600 3857 2667 Ἀγαθῷ
3898 2602 4032 2668 ἀρεο

2474 2685 2594 2747 στά,
2626 2685 2827 2738 τούτων
2848 2685 3037 2756 ὥσπερ
3070 2689 3103 2757 ἡ
3141 2687 3337 2756 πρᾶξις
3366 2691 3424 2741 ὲν
3457 2689 3706 2754 εὐθύναις
3733 2692 3861 2753 τοὺς
3910 2692 4031 2745 ἐλο-

2476 2775 2668 2843 μένους
2695 2777 2898 2843 ἀπάγει
2924 2776 3059 2845 (49),
3094 2776 3266 2841 οὕτως
3311 2780 3343 2848 ὴ
3380 2780 3524 2849 φυγὴ
3564 2781 3743 2848 πάσης
3770 2782 4032 2850 ἀνωτέρω

2471 2862 2684 2931 τίθησιν
2702 2864 2902 2926 αἰτίας.
2942 2863 3079 2917 Ἀλλ’
3110 2866 3138 2917 ὁ
3167 2866 3357 2935 Σωτὴρ
3393 2867 3567 2935 ἡμῶν,
3598 2868 3625 2919 ό
3655 2868 3755 2935 τῆς
3784 2868 4031 2931 Παλαιᾶς

2472 2953 2658 3023 ὥσπερ
2674 2955 2765 3006 καὶ
2780 2957 2876 3022 τῆς
2894 2956 3100 3023 Καινῆς
3132 2954 3317 3025 κύριος
3349 2956 3606 3025 ὑπάρχων
3634 2960 3721 3010 καὶ
3741 2958 4028 3025 δεσπότης,

2473 3044 2612 3097 κατὰ
2643 3046 2739 3113 τῆς
2798 3047 3223 3115 νεωτεριζούσης
3286 3047 3539 3109 ἀσεϐείας
3601 3048 3797 3117 μᾶλλον
3848 3050 3880 3117 ῆ
3931 3050 4029 3115 τῆς

2484 3130 2771 3200 Ἰουδαϊκῆς
2809 3131 3097 3202 ὀλιγωρίας
3149 3132 3244 3203 τὴν
3301 3132 3479 3200 ψῆφον
3518 3134 3772 3201 ἐκφέρει·
3838 3131 4032 3186 Ταῦτα

2470 3222 2579 3290 γὰρ
2596 3220 2736 3282 ἔδει,
2762 3223 2912 3290 φησὶ,
2941 3221 3209 3287 ποιῆσαι,
3231 3222 3477 3275 κάκεῖνα
3490 3223 3573 3290 μὴ
3597 3222 3852 3290 ἀφιέναι,
3878 3224 4031 3291 νόμῳ

2470 3310 2562 3361 τὸν
2593 3310 2755 3379 νόμον
2781 3311 2870 3361 τὸν
2903 3310 3131 3362 παλαιὸν
3151 3308 3226 3380 τῷ
3246 3310 3350 3380 νέῳ
3378 3311 3579 3381 σφόδρα
3608 3312 3700 3363 καὶ
3735 3311 3871 3380 μετά
3897 3311 4029 3361 πολ-

2471 3400 2568 3462 λῆς
2626 3401 3061 3469 ἀσφαλισάμενος
3102 3401 3200 3469 τῆς
3246 3402 3580 3471 κυριότητος.
3638 3401 3700 3452 Et
3750 3396 3842 3453 οὖν
3896 3401 4029 3469 παρ’

2471 3489 2712 3553 ἐκείνων,
2753 3490 2833 3541 δτι
2859 3489 2927 3541 τὰ
2961 3488 3130 3559 ἡμίση
3158 3491 3458 3559 παρεώρων
3479 3488 3589 3541 τῶν
3613 3488 3875 3556 νομίμων,
3933 3505 4031 3556 τη-

2470 3584 2732 3652 λικαύτην
2753 3585 2949 3653 δίκηνό
2981 3583 3186 3646 δίκαιος
3214 3584 3404 3652 κριτὴς
3434 3582 3721 3652 λαμϐάνει,
3776 3584 3904 3651 ὑμῖν
3944 3584 4030 3647 τίς

2469 3677 2535 3731 ἂν
2563 3676 2832 3747 ὲξαρκέσῃ
2861 3674 3041 3727 δοῦναι
3066 3676 3158 3727 καὶ
3190 3673 3360 3726 ταῦτα
3386 3675 3555 3737 οὕτως
3581 3674 3772 3744 ἀνέδην
3817 3675 3919 3727 ούκ
3968 3676 4031 3740 ἐξ

2470 3765 2781 3835 ὀλιγωρίας,
2814 3765 2927 3817 ἀλλ’
2959 3764 3016 3829 ἐξ
3045 3764 3359 3834 ἀπεχθείας,
3392 3765 3658 3834 θεομάχον
3692 3766 4031 3836 τηλικαύτην

2472 3857 2628 3926 ῦϐριν
2651 3856 2792 3909 κατὰ
2821 3855 3036 3908 πάντων
3054 3856 3517 3927 ἀπορρίπτουσιν;
3552 3858 3656 3909 Καὶ
3686 3859 3733 3908 εἰ
3782 3859 4030 3921 ἐκείνους

2469 3946 2595 4006 τοὺς
2643 3943 2753 3996 τῶν
2796 3944 3089 4014 προφητῶν
3115 3944 3526 4013 οίκοδομοῦντας
3563 3948 3783 4013 τάφους,
3833 3946 3927 3998 καὶ
3959 3947 4029 3997 τὰ

2469 4037 2577 4089 τῶν
2608 4037 2829 4089 δικαίων
2860 4039 3099 4105 μνημεῖα
3129 4037 3485 4105 κοσμοῦντας,
3522 4037 3614 4089 καὶ
3652 4036 3805 4106 μέρει
3832 4038 3938 4089 τινὶ
3968 4037 4030 4088 τὸ

2470 4128 2566 4198 τῆς
2597 4126 2880 4188 εὐλαϐείας
2917 4130 3099 4196 σχῆμα
3126 4126 3632 4196 περιϐαλλομένους,
3672 4126 3768 4193 τῆς
3815 4142 4030 4195 προφηο

2469 4218 2721 4270 τοκτόνου
2766 4218 2972 4285 σπορᾶς
3010 4216 3333 4279 ἀνευθύνους
3367 4219 3465 4269 οὐκ
3522 4217 3765 4285 ἀφίησιν,
3797 4218 3910 4269 ἀλλ’
3946 4220 4030 4271 ὅτι

2469 4311 2567 4372 τὰς
2598 4308 2820 4378 γνώμας
2884 4307 3019 4377 προς
3059 4307 3155 4376 τὴν
3204 4308 3462 4377 πατρῷαν
3520 4308 3832 4377 μιαιφονίαν
3876 4310 4028 4361 οὐδὲν

2470 4400 2695 4469 ἐχούσας
2728 4396 3113 4465 εὐλαϐέστερον
3144 4397 3359 4467 ἔφερον,
3410 4399 3503 4450 καὶ
3558 4399 3848 4466 τιμωρίαις
3880 4400 4027 4451 ἀπα-

808 4501 1014 4545 cturam
1032 4490 1398 4558 sepulcrorum
1425 4498 2005 4557 monumentorumque
2022 4504 2116 4542 vos
2142 4505 2370 4543 conver-
2400 4512 2443 4565 ι)
2476 4512 2480 4557 ι

2355 4520 2370 4531 -
2400 4512 2443 4565 ι)
2476 4488 2762 4558 ρακλήτοις
2824 4484 3135 4550 ὑποϐάλλει,
3193 4485 3336 4553 ὑμᾶς
3370 4485 3508 4536 κατά
3567 4482 3674 4535 τῶν
3729 4484 4027 4552 προφητῶν

812 4584 943 4644 titis,
990 4582 1083 4633 sed
1117 4579 1507 4648 implacabilem
1545 4586 1731 4632 contra
1761 4593 1856 4632 eos
1877 4579 2039 4632 etiam
2074 4587 2194 4646 post
2225 4594 2370 4631 mor-

811 4682 916 4725 tem
960 4669 1291 4723 inimicitiam
1324 4678 1377 4720 et
1415 4667 1665 4735 injuriam
1701 4681 1978 4733 nunquam
2008 4666 2368 4734 superandam

810 4760 1113 4816 exercetis?
1157 4759 1309 4822 Quod
1362 4758 1405 4812 si
1469 4771 1597 4809 vero
1644 4756 1767 4809 mali
1823 4755 2075 4824 principii
2130 4755 2371 4810 cultores

810 4852 1042 4907 fuissent
1082 4853 1358 4921 propheta}
1386 4850 1574 4912 divini,
1635 4864 1741 4902 non
1786 4848 1960 4901 solum
2010 4864 2116 4901 non
2144 4849 2371 4903 decebat

810 4942 1171 4995 maledicttoni
1226 4942 1491 5009 subjicere
1553 4940 1635 4993 vel
1692 4938 1963 4993 occisores
2011 4954 2222 5003 eorum,
2282 4938 2366 4992 vel

807 5034 1108 5087 occisorum
1137 5043 1403 5101 posteros,
1447 5044 1649 5098 eosque
1686 5029 1753 5081 ad
1795 5043 2010 5096 pmnam
2034 5042 2245 5096 rapere,
2270 5027 2366 5081 sed

810 5124 988 5193 potius
1033 5124 1245 5177 eximiis
1297 5133 1532 5178 mactare
1584 5120 1906 5175 honoribus.
1966 5120 2035 5173 At
2090 5118 2369 5173 enimvero

810 5213 983 5266 bonus
1020 5214 1406 5280 hominumque
1454 5226 1641 5265 amans
1692 5211 1946 5262 Servator
2001 5215 2207 5272 noster,
2240 5222 2369 5261 suo-

813 5320 1037 5372 rumque
1062 5304 1201 5358 ultor
1226 5318 1525 5368 servorum,
1552 5317 1659 5355 non
1692 5301 1866 5354 solum
1894 5301 1945 5353 in
1976 5298 2177 5368 primos
2206 5298 2369 5353 caedis

892 5418 937 5451 ³⁸
964 5416 1154 5471 Matth.
1190 5432 1345 5471 χχιιι.
1378 5417 1465 5469 23.
1544 5417 1586 5448 ”
1616 5415 1747 5469 ibid.
1788 5414 1875 5467 Et.

2470 4576 2604 4627 πολὺ
2640 4574 2798 4625 πλέον
2828 4573 3052 4625 ἐκείνων
3110 4572 3548 4641 μιαιφονοῦντας,
3601 4573 3695 4623 καὶ
3742 4572 3802 4622 οἱ·
3866 4572 4027 4640 μόνον

2469 4666 2602 4735 πρὸς
2656 4664 2939 4733 οἰκοδομὴν
2996 4665 3180 4733 τάφων
3223 4665 3316 4716 καὶ
3356 4664 3633 4734 μνημείων
3690 4664 4027 4731 ἐπιστροφήν

2466 4773 2585 4807 τινα
2637 4756 2976 4824 δεχομένους,
3011 4753 3140 4807 ’ἀλλ’
3201 4754 3462 4809 ἄσπονδον
3521 4756 3621 4822 τὴν
3670 4753 3790 4806 κατ’
3844 4754 4026 4806 αὐτῶν

2465 4844 2660 4914 ἔχθραν
2708 4844 2803 4895 καὶ
2855 4845 2991 4913 μετὰ
3021 4844 3268 4906 θάνατον,
3332 4843 3425 4896 καὶ
3474 4841 3572 4911 τὴν
3615 4839 4025 4910 ἀνυπέρϐλητον

2466 4935 2822 5005 κρατύνοντες
2866 4935 3043 5005 ὓϐριν,
3086 4936 3170 4997 τίς
3196 4934 3260 4987 ἂν
3284 4934 3525 5004 τιμωρία
3551 4932 3648 5001 τὴν
3682 4931 3835 4996 δίκην
3862 4930 4021 4999 εὐρε-

2466 5027 2584 5095 θείη
2624 5026 2698 5095 μὴ
2738 5026 2871 5078 πολὺ
2903 5027 3109 5079 ἐλάττω
3158 5025 3252 5077 τοῦ
3304 5025 3650 5093 τολμήματος
3682 5020 4021 5075 ἀπαιτοῦσα·

2469 5118 2685 5187 Καίπερ
2716 5118 2765 5170 εί
2797 5120 2894 5187 τῆς
2918 5116 3293 5186 κακεργέτιδος
3320 5111 3457 5186 ἦσαν
3472 5115 3520 5167 oi
3544 5114 3788 5183 θεοφόροι
3811 5113 4022 5183 προφῆ-

2464 5226 2553 5261 ται
2588 5208 2939 5278 θεραπευταὶ,
2969 5208 3031 5259 οὐ
3060 5207 3219 5276 μόνον
3251 5208 3351 5260 οὐκ
3388 5206 3553 5276 ὲχρῆν
3584 5206 3741 5275 ἀραῖς
3780 5203 4023 5256 ὑποϐάλο

2466 5296 2653 5349 λεσθαι
2684 5294 2807 5349 οὕτε
2839 5297 2961 5359 τοὺς
2990 5295 3277 5359 ἀνελόντας
3316 5296 3535 5360 αὐτοὺς,
3582 5295 3702 5349 οὔτε
3738 5294 3839 5364 μὲν
3899 5294 4025 5355 τοὺς

1898 5553 2128 5608 VARUE
2170 5550 2547 5607 LECTIONES
2585 5550 2671 5606 ΕΤ
2701 5548 2933 5605 ΝΟΤᾸΖ.

896 5692 1006 5763 (ιθ)
1052 5690 1309 5772 ξᾼπὰγει.
1344 5693 1417 5746 lla
1438 5691 1626 5772 scripsi
1674 5706 1770 5758 pro
1799 5691 2046 5772 .At'JﬁiYSL,
2117 5690 2259 5760 quod
2299 5706 2396 5745 ms.
2441 5705 2564 5743 tuen

2355 5708 2396 5745 s.
2441 5688 2696 5744 mendose
2733 5688 3068 5758 pra-ferebat.
3132 5685 3241 5741 lloc
3299 5684 3442 5741 enim
3490 5685 3713 5739 verbum
3767 5700 3892 5739 cum
3942 5702 4024 5740 se-

829 5760 1027 5835 quente
1057 5760 1340 5835 ἑλομένους
1369 5761 1617 5831 coniungi
1650 5760 1857 5829 nequit.
