4234 6432
190 400 300 466 253

1230 408 1524 469 CONTRA
1562 409 2016 473 MANICH/EOS
2050 411 2278 474 LIBER
2319 409 2414 472 IV.

3312 403 3414 468 254

191 519 260 571 ἐκ
288 516 398 570 τῶν
419 517 872 587 προφητοκτόνων
897 517 1102 587 φύντας
1126 518 1233 571 οὐδ’
1257 521 1337 583 είς
1368 521 1556 584 ποινάς
1582 521 1758 589 ἀγειν,
1789 527 1835 584 Α

1743 562 1758 588 ,
1789 527 1835 584 Α
1863 532 2113 581 auctores
2147 524 2419 581 homicidii
2455 536 2641 593 pronas
2684 517 2959 581 transfert.
2993 517 3086 572 sed
3128 528 3184 570 et
3226 532 3415 586 proge-

191 609 334 662 ἀλλὰ
373 611 492 670 ταῖς
530 607 774 678 πρώταις
806 608 1114 671 δεξιοῦσθαι
1148 613 1354 678 τιμαῖς.
1397 611 1454 663 '0
1474 612 1530 666 δὲ
1559 612 1760 680 ἀγαθὸς

193 703 294 754 καὶ
326 701 703 769 φιλάνθρωπος
732 700 890 768 ἡμῶν
912 701 1123 770 Σωτὴρ,
1149 702 1374 754 καὶτῶν
1405 703 1570 756 αὐτοῦ
1600 702 1762 773 θερα-

191 793 411 844 πόντων
440 792 728 860 ἐκδικητὴς
762 793 862 844 οὐκ
919 795 1000 855 είς
1043 795 1170 856 τοὺς
1229 797 1562 864 αὐτουργοὺς
1601 798 1760 865 μόνον

189 886 303 938 τῶν
335 885 636 952 μιαιφόνων
663 885 755 935 καὶ
777 885 877 946 τάς
900 885 999 954 τῆς
1020 887 1331 954 μιαιφονίας
1359 888 1587 950 εὐθύνας
1603 905 1760 958 περι-

189 975 416 1044 γράφει,
449 975 582 1026 ἀλλὰ
618 975 710 1026 καὶ
760 977 885 1038 τοὺς
945 978 1167 1030 ἐκείνων
1217 981 1413 1041 παῖδας
1447 980 1602 1046 ὄφεις
1660 983 1756 1034 καὶ

191 1068 511 1135 γεννήματα
541 1066 765 1134 ἐχιδνῶν
800 1067 1116 1135 ἀποφαίνων
1145 1069 1386 1134 ἄφυκτον
1412 1071 1594 1132 αὐτοῖς
1629 1083 1761 1123 ανα-

197 1158 390 1226 μένειν
419 1157 515 1226 τὴν
544 1159 764 1223 γέενναν
789 1159 884 1210 τοῦ
912 1158 1080 1227 πυρδς
1113 1160 1491 1228 προαγγέλλει.
1521 1162 1762 1228 Συνέχων

194 1251 240 1302 δ’
269 1249 350 1301 ἔτι
379 1249 576 1316 μᾶλλον
614 1251 679 1301 τὰ
711 1249 806 1302 νέα
849 1252 961 1311 τοῖς
1019 1250 1268 1309 παλαιοῖς
1298 1251 1391 1302 καὶ
1453 1252 1518 1302 τὰ
1561 1253 1763 1304 παλαιὰ

194 1339 487 1390 συνάπτων
513 1342 624 1401 τοῖς
651 1339 812 1401 νέοις,
837 1340 929 1390 καὶ
956 1339 1018 1390 τὸ
1059 1341 1115 1390 ἐν
1142 1341 1342 1408 ἀμφοῖν
1386 1339 1763 1409 πλημμέλημα

191 1432 263 1482 δι’
299 1433 416 1483 ίσου
447 1432 660 1491 δεικνὺς
701 1432 781 1492 είς
805 1430 1105 1498 καταδίκην
1139 1430 1292 1496 ἀγον,
1326 1426 1418 1482 δι”
1448 1426 1516 1500 ἦς
1562 1432 1652 1483 καὶ
1695 1432 1763 1482 τά

191 1521 293 1587 τῆς
331 1519 519 1586 τιμῆς,
546 1521 727 1580 αὐτοῖς
767 1519 1142 1586 συνεισάγεται
1171 1520 1272 1587 τῆς
1306 1521 1426 1589 ίσης
1457 1523 1551 1572 καὶ
1576 1521 1765 1589 ὁμοίας

193 1609 528 1677 κληρουχίας
577 1609 949 1676 μετεσχηκότα
976 1623 991 1634 ·
1039 1610 1143 1660 Διά
1203 1608 1374 1660 τοῦτο
1402 1609 1535 1676 ἐγὼ,
1578 1610 1762 1678 φησιν,

192 1699 515 1754 ἀποστελῶ
545 1700 693 1765 πρὸς
717 1699 868 1766 ὑμᾶς
909 1700 1216 1766 προφήτας
1259 1701 1353 1752 καὶ
1395 1701 1628 1768 σοφοὺς
1664 1701 1761 1752 καὶ

193 1791 576 1862 γραμματεῖς,
624 1791 721 1843 καὶ
750 1791 818 1853 ἐξ
840 1791 1036 1844 αὐτῶν
1075 1793 1482 1860 μαστιγώσετε
1536 1793 1606 1844 ἐν
1633 1793 1763 1856 ταῖς

191 1881 571 1949 συναγωγαῖς
597 1880 783 1948 ὑμῶν,
822 1881 922 1934 καί
971 1881 1207 1944 διώξετε
1234 1884 1351 1935 ἀπὸ
1402 1884 1632 1948 πόλεως
1675 1887 1762 1947 είς

192 1972 398 2023 πόλιν.
438 1971 679 2036 Πρόσχες
704 1984 717 1997 ·
754 1971 955 2032 Ὅπως
987 1968 1063 2018 ἂν
1103 1969 1252 2034 ἔλθῃ
1298 1969 1387 2035 ἐφ’
1414 1968 1589 2034 ὑμᾶς,
1643 1967 1765 2020 πᾶν

192 2056 342 2126 αἷμα
383 2059 616 2112 δίκαιον
640 2059 1050 2124 ἐκχυνόμενον
1073 2059 1168 2110 ἐπὶ
1197 2057 1304 2123 τῆς
1335 2057 1466 2123 τῆς,
1496 2058 1612 2110 ἀπὸ
1659 2058 1764 2110 τοῦ

193 2150 444 2216 αἵματος
469 2150 646 2200 ’Ἅϐελ
672 2147 776 2198 τοῦ
799 2147 1035 2200 δικαίου
1055 2147 1162 2211 ἕως
1185 2147 1287 2199 τοῦ
1308 2149 1553 2213 αἵματος
1576 2151 1764 2214 Ζαχα-

186 2241 330 2308 ρίου
360 2239 492 2292 υίοῦ
515 2239 834 2304 Βαραχίου,
863 2238 934 2290 ὃν
971 2238 1336 2304 ἐφονεύσατε
1376 2238 1600 2305 μεταξὺ
1656 2238 1762 2290 τοῦ

193 2329 348 2383 ναοῦ
380 2330 474 2381 καὶ
499 2328 607 2381 τοῦ
635 2330 1086 2394 θυσιαστηρίου.
1133 2328 1314 2396 Ὁρᾷς,
1344 2328 1490 2388 ὅπως
1534 2329 1632 2396 τῆς
1651 2329 1768 2392 ταύ-

192 2421 298 2489 τῆς
329 2422 547 2487 ἐνόχους
585 2422 677 2471 καὶ
737 2421 1046 2488 μιαιφονίας
1097 2421 1189 2470 καὶ
1226 2419 1492 2487 τιμωρίας
1526 2419 1760 2486 ἀποφαί-

193 2525 300 2571 νει,
330 2509 519 2560 ὃσοιτε
549 2509 646 2570 τὰς
675 2508 1046 2575 παλαμναίους
1084 2507 1436 2575 χεῖραςικατὰ
1488 2507 1597 2557 τῶν
1646 2507 1754 2576 πρὸ

192 2598 297 2667 τῆς
351 2601 572 2668 χάριτος
626 2598 743 2667 Θεῷ
800 2600 1282 2666 εύαρεστησάντων
1329 2599 1759 2661 ἐπανετείναντο,

1862 620 2006 672 niem
2037 633 2224 671 eormn
2263 626 2542 684 serpentes
2593 623 2649 668 et
2695 620 3008 680 serpentum
3051 609 3190 662 fetus
3235 609 3419 676 appel-

1861 711 2012 774 lans,
2061 710 2422 763 inevitabilem
2495 706 2631 774 ignis
2695 705 2996 774 gehennam
3053 716 3148 754 eos
3197 715 3417 753 manere

1860 803 2206 871 pnenuntiat.
2245 801 2434 853 Adhuc
2470 813 2598 850 vero
2632 796 2800 863 magis
2831 810 2966 847 nova
2998 809 3118 846 cum
3145 795 3416 845 veteribus

1859 896 2214 963 coniungens,
2273 901 2327 945 et
2371 900 2550 943 vetera
2608 889 2759 941 novis
2815 888 3093 955 adaptans,
3135 896 3296 953 atque
3339 885 3414 948 id,

1861 984 2003 1050 quod
2049 981 2298 1048 utrinque
2334 988 2607 1047 peccatur,
2645 976 2900 1044 aequalem
2941 990 3154 1043 pmnam
3201 989 3413 1041 promc-

1861 1077 1965 1129 reri
1993 1083 2332 1137 ostensurus,
2358 1088 2463 1139 quo
2495 1073 2610 1138 ipso
2649 1068 2807 1122 simul
2848 1067 3216 1127 subinnuitur,
3249 1065 3414 1116 utris-

1861 1180 1966 1231 que
2012 1164 2259 1216 eumdem
2293 1163 2496 1214 cultum
2529 1160 2882 1226 etilndcmque
2932 1157 3207 1225 dignitatis
3239 1157 3411 1207 locum

1862 1255 2225 1322 adjudicat—um
2282 1268 2400 1304 esse
2438 1270 2450 1302 :
2494 1250 2770 1314 Propterea
2805 1266 2914 1317 ego.
2973 1249 3166 1315 inquit,
3213 1249 3413 1298 mittam

1863 1348 1932 1398 ad
1964 1363 2049 1398 vos
2077 1345 2351 1412 prop/ictas
2393 1350 2444 1394 et
2470 1342 2744 1408 sapientes.
2777 1349 2823 1390 et
2867 1340 3081 1400 scribas,
3113 1348 3158 1389 et
3201 1354 3264 1389 ex
3312 1338 3416 1390 illis

1864 1438 2136 1489 nonnullos
2175 1435 2378 1487 cwdetis
2411 1435 2460 1484 in
2511 1433 2782 1499 synagogis
2803 1433 3003 1493 vestris,
3055 1443 3100 1482 et
3145 1448 3412 1498 perseque—

1863 1528 1992 1579 mini
2026 1543 2089 1578 ea:
2141 1543 2243 1576 una
2301 1525 2425 1575 urbe
2469 1524 2523 1574 in
2555 1524 2821 1585 aliam“;
2873 1521 3090 1575 attende.
3128 1525 3307 1574 nunc!
3356 1523 3416 1574 Ut

1863 1619 2033 1669 veniat
2061 1631 2215 1682 super
2243 1630 2327 1665 vos
2359 1615 2524 1664 omnis
2553 1613 2765 1679 sanguis
2791 1613 2986 1678 justus,
3020 1612 3106 1679 qui
3135 1613 3320 1679 eﬂ'usus
3346 1624 3416 1662 est

1864 1724 2017 1774 super
2046 1718 2243 1758 terram
2280 1706 2396 1756 inde
2431 1721 2461 1755 a
2489 1707 2742 1771 sanguine
2773 1703 2942 1754 Abelis
2973 1704 3104 1770 justi
3149 1719 3307 1769 usque
3349 1704 3418 1752 ad

1863 1798 2168 1864 sanguinem
2196 1794 2489 1856 Zacltarire,
2520 1794 2617 1859 ﬁlii
2649 1793 2945 1855 Barac/tim,
2978 1809 3128 1860 quem
3162 1793 3419 1842 occidistis

1863 1895 2002 1938 intra
2033 1884 2279 1950 templum
2308 1894 2354 1935 et
2385 1883 2554 1934 altare
2574 1883 2638 1934 “.
2667 1880 2920 1942 Videsne,
2949 1881 3221 1949 quomodo
3242 1881 3415 1932 eidem

1857 1989 1912 2033 et
1944 1978 2074 2032 aedi
2105 1988 2162 2030 et
2187 1991 2359 2043 pinnae
2389 1974 2652 2027 obnoxios
2677 1973 3009 2041 pronuntiet.
3038 1981 3148 2024 tum
3180 1987 3296 2033 eos,
3326 1971 3416 2037 qui

1859 2066 2052 2133 impias
2106 2079 2298 2116 manus
2333 2062 2633 2113 intulerunt
2678 2062 2740 2112 iis
2769 2059 2860 2126 qui
2888 2068 3011 2110 ante
3063 2058 3246 2126 gratiae
3281 2067 3419 2109 tem-

1858 2173 1958 2225 pus
2005 2155 2112 2209 Deo
2145 2156 2480 2222 placuerunt,
2522 2160 2633 2203 tum
2667 2151 2784 2202 illos
2807 2150 2897 2216 qui
2939 2150 2988 2199 in
3027 2149 3276 2200 homines
3315 2148 3416 2199 sub

1860 2247 2028 2316 gratia
2059 2246 2305 2298 viventes
2344 2257 2544 2310 eosque
2590 2257 2802 2302 omnes,
2865 2256 3002 2310 quos
3035 2241 3148 2309 ipse
3193 2256 3418 2309 regnum

1863 2352 2019 2390 suum
2051 2336 2468 2388 annuntiaturos
2497 2333 2549 2385 in
2583 2333 2742 2385 urbes
2773 2344 2826 2385 et
2855 2348 3149 2402 synagogas
3174 2333 3414 2393 miserat,

1862 2428 2268 2496 sanguinarium
2309 2426 2545 2479 furorem
2593 2425 2922 2478 effuderunt.
2977 2425 3050 2477 Ita
3099 2433 3153 2478 et
3206 2433 3420 2493 tempus

1857 2517 2061 2587 gratiae,
2088 2525 2144 2569 et
2171 2532 2233 2568 ea
2263 2530 2380 2581 quae
2417 2513 2547 2566 illud
2588 2522 3018 2574 antecesserunt,
3053 2513 3327 2565 aestimans
3363 2524 3419 2566 et

1857 2603 2038 2672 magni
2079 2601 2285 2654 faciens
2309 2600 2486 2662 Jesus,
2532 2601 2811 2667 utriusque
2845 2609 3033 2652 auctor
3068 2609 3122 2651 et
3149 2601 3416 2661 conditor,

195 2688 289 2738 καὶ
322 2688 436 2739 ὅσοι
463 2688 580 2740 κατ’
607 2687 848 2746 ἐκείνων,
877 2681 949 2739 ὧν
976 2689 1007 2754 ἡ
1048 2687 1205 2755 χάρις
1230 2686 1292 2737 τὸ
1319 2687 1640 2756 πολίτευμα,
1667 2689 1762 2739 καὶ
1858 2711 1867 2743 t

1749 2696 1762 2739 ι
1858 2702 1913 2745 et
1967 2693 2163 2760 ubique
2211 2691 2492 2758 utriusque
2545 2691 2961 2744 consensionem
3008 2691 3308 2752 stabilicns,
3359 2707 3421 2744 ac

195 2775 294 2838 οὓς
325 2777 488 2837 αὐτὸς
515 2779 593 2837 εἰς
619 2778 716 2839 τὰς
746 2777 851 2829 τῶν
895 2777 1162 2828 Ἰουδαίων
1203 2779 1524 2843 συναγωγὰς
1550 2779 1641 2829 καὶ
1667 2781 1764 2831 πό·
1860 2800 1867 2830 ι

1752 2808 1764 2818 -
1860 2780 2049 2833 eodem
2076 2780 2222 2833 cultu
2256 2779 2626 2847 prosequenda
2651 2779 2967 2841 ostendens,
2988 2794 3203 2831 omnem
3233 2779 3424 2848 impie-

199 2869 314 2929 λεις
347 2868 447 2937 τὴν
474 2868 748 2936 βασιλείαν
783 2866 946 2920 αὑτοῦ
981 2867 1274 2936 κηρύσσειν
1304 2868 1612 2931 ἀπέστειλε,
1665 2870 1765 2940 τὴν
1863 2882 1871 2925 1

1033 2867 1274 2936 ςρύσσειν
1304 2868 1612 2931 ἀπέστειλε,
1665 2870 1765 2940 τὴν
1863 2873 1987 2926 tatis
2027 2881 2344 2940 prtetextum
2377 2871 2705 2938 praescindit.

198 2961 498 3029 αίμοόόρον
531 2960 732 3013 λύσσαν
780 2962 1157 3028 ἐναπεχέαντο.
1204 2959 1389 3021 Οὕτως
1443 2961 1541 3030 τὴν
1597 2963 1755 3030 χάριν
1794 2965 1887 3015 καὶ
1921 2965 1987 3015 τὰ
2021 2963 2126 3032 πρὸ
2184 2964 2281 3031 τῆς
2305 2964 2521 3031 χάριτος
2595 2961 2767 3030 τιμῶν
2789 2977 2847 3013 τε
2890 2961 2981 3012 καὶ
3026 2959 3420 3027 ἀποδεχόμενος

197 3061 226 3110 ὁ
257 3058 530 3126 ἑκατέρας
557 3058 644 3107 καὶ
676 3053 1006 3122 δημιουργὸς
1042 3055 1134 3104 καὶ
1180 3052 1477 3122 νομοθέτης
1541 3055 1634 3106 καὶ
1677 3055 1764 3108 διὰ
1797 3059 2010 3108 πάντων
2076 3060 2175 3124 τὴν
2239 3055 2416 3108 αὐτῶν
2451 3055 2731 3124 παριστῶν
2782 3054 3120 3122 συμφωνίαν,
3177 3051 3421 3123 μετέχειν

196 3174 257 3210 τε
285 3155 503 3214 δεικνὺς
530 3149 791 3218 ὁμοτίμου
817 3148 1263 3216 σεϐασμιότητος.
1308 3143 1641 3218 πάνταχόθεν
1667 3151 1765 3218 τῆς
1795 3152 2046 3212 ἀσεϐείας
2079 3152 2294 3204 ἅπασαν
2322 3149 2591 3220 πρόφασιν
2615 3148 2994 3217 προεκτέμνει.

269 3248 401 3299 AA’.
445 3244 589 3295 Ἔδει
620 3242 662 3294 δ’
693 3236 784 3293 οὖν
811 3241 936 3300 τοὺς
976 3240 1307 3300 ἀποστάτας.
1339 3240 1385 3291 εί
1418 3240 1511 3290 καὶ
1555 3241 1628 3309 μὴ
1662 3241 1758 3309 τὴν
1786 3248 1830 3308 C
1932 3245 1941 3296 ἶ

1747 3248 1830 3308 IC
1932 3244 2124 3296 XXXI.
2162 3242 2392 3296 Decebat
2433 3241 2592 3309 igitur
2643 3248 2936 3306 apostatas.
2990 3237 3199 3290 etiamsi
3253 3252 3419 3289 unum

204 3336 336 3404 μίαν
367 3331 540 3401 ἀρχὴν
557 3333 635 3392 είς
668 3330 762 3383 δύο
790 3327 1129 3396 δικάζοντας,
1166 3327 1307 3395 μηδ’,
1335 3328 1554 3380 ἐπειδὰν
1574 3328 1642 3380 τά
1672 3328 1764 3380 τοῦ

201 3427 373 3494 νόμου
433 3421 723 3487 διαγελῶσι
768 3423 1043 3488 μυστήρια
1101 3417 1298 3484 (καίτοι
1333 3419 1446 3480 πῶς
1485 3420 1766 3489 ἀνειμένος

200 3512 358 3568 εἷπον
384 3513 503 3582 μηδ’
538 3512 698 3579 ἡνίκα
726 3510 822 3578 τὴν
855 3509 1028 3559 κτίσιν
1052 3509 1212 3577 συλᾷν
1241 3509 1646 3577 ἐπιχειροῦντες
1671 3510 1764 3562 τοῦ

201 3608 446 3668 κτίστου,
475 3603 632 3656 κακοὶ
657 3601 825 3654 κακὸν
843 3598 1082 3667 κακίστῳ
1097 3599 1266 3670 δῶρον
1292 3600 1669 3668 προσφέρωσιν
1688 3601 1726 3667 ;)
1749 3616 1764 3631 ο

200 3701 308 3753 εδει
337 3699 471 3766 γοῦν
495 3699 692 3758 αὐτοὺς
722 3696 766 3746 εί
799 3696 891 3746 καὶ
931 3695 1004 3764 μὴ
1038 3695 1123 3745 ἐπ’
1158 3693 1331 3745 οιῖιδενὶ
1373 3691 1597 3755 τούτων,
1642 3690 1765 3759 μηδ’

200 3792 284 3858 ἐφ’
301 3785 348 3858 ᾧ
365 3789 460 3842 τοῦ
484 3789 761 3857 προφήτου
792 3785 1092 3854 ὑϐρίζουσι,
1120 3785 1292 3836 καίτοι
1315 3783 1647 3850 τηλικούτων
1667 3782 1764 3851 τὴν

200 3881 434 3932 ἀτοπίαν
464 3878 653 3939 ὄντων,
675 3875 787 3927 ἄλλ’
818 3871 930 3937 οὖν,
971 3873 1184 3925 ἐπειδάν
1213 3889 1274 3938 γε
1293 3874 1352 3924 τὸ
1369 3873 1573 3924 ἑαυτῶν
1609 3873 1765 3940 σῶμα

201 3972 442 4041 πονηρὸν
470 3971 562 4022 καὶ
596 3969 837 4037 πονηρᾶς
869 3967 1118 4027 πλάσεως
1151 3965 1400 4032 λέγωσιν,
1442 3966 1638 4017 αὐτίκα
1667 3982 1763 4016 κα-

199 4062 514 4118 ταδύεσθαι.
569 4060 727 4114 Ἀλλά
754 4059 854 4112 πού
873 4059 1008 4127 γῆς;
1041 4060 1230 4126 Ζητεῖν
1259 4058 1313 4109 δὲ
1343 4057 1435 4110 καὶ
1493 4057 1600 4107 τῶν
1631 4058 1763 4108 ὑπο-

201 4154 430 4224 χθονίων
470 4151 571 4203 είτι
595 4149 910 4219 βαθύτερον,
933 4148 1031 4217 οὐχ
1063 4148 1144 4198 ὃτι
1177 4147 1400 4198 ἐκείνων
1427 4146 1562 4215 πρὸς
1608 4145 1765 4198 ἀθεό-

200 4263 342 4315 τητα
375 4242 534 4296 τοῦτο
567 4241 881 4311 βαρύτερον,
915 4239 1031 4292 ἀλλ’
1057 4240 1140 4291 ὅτι
1168 4238 1282 4298 καὶ,
1307 4237 1370 4289 δι’
1394 4231 1452 4288 οὗ
1477 4241 1573 4306 τὴν
1599 4236 1762 4305 βλάσ-

201 4353 387 4408 φημον
421 4334 604 4404 φωνὴν
631 4335 892 4400 ἀφιεῐσιν,
928 4331 985 4396 ἐξ
1033 4330 1192 4383 ἀθέου
1229 4329 1542 4396 πλάσματος
1579 4327 1767 4395 ὁμολο-

199 4429 428 4496 γοῦντες
465 4425 763 4494 λαμϐάνειν
789 4424 847 4475 τὸ
871 4423 1118 4491 ὄργανον,
1155 4420 1254 4472 ούκ
1289 4419 1486 4472 αὐτίκα
1516 4419 1765 4485 ῥίπτουσι

199 4523 400 4582 πάντα,
428 4519 523 4572 καὶ
546 4517 804 4586 φεύγουσι
828 4517 925 4584 τὴν
951 4515 1227 4578 ἀσέϐειαν,
1260 4513 1473 4583 ὀργάνῳ
1500 4510 1764 4580 πονηρίας

1867 3334 2192 3404 principium
2250 3334 2302 3386 in
2349 3333 2454 3385 duo
2505 3346 2611 3383 non
2642 3331 3057 3398 distinguerent,
3099 3329 3200 3381 hoc
3234 3329 3421 3381 saltem

1867 3427 2107 3486 nomine,
2138 3425 2355 3494 quando
2383 3424 2513 3492 legis
2541 3422 2792 3492 mysteria
2819 3419 3126 3486 rident(sed
3155 3418 3425 3486 quomodo

1867 3519 1984 3572 haec
2033 3518 2237 3570 facilior
2287 3526 2340 3568 et
2386 3515 2661 3568 remissior
2708 3513 2829 3565 dico
2876 3512 2941 3564 de
2975 3511 3302 3569 hominibus,
3332 3510 3422 3578 qui

1865 3619 2166 3664 creaturam
2201 3606 2476 3660 Conditori
2519 3604 2799 3670 subripere
2835 3602 2948 3654 ausi
2996 3601 3211 3668 pessimi
3248 3600 3422 3667 pessi-

1865 3715 1955 3754 mo
1985 3699 2276 3768 pessimum
2311 3697 2512 3749 donum
2539 3691 2830 3759 offerunt?)
2859 3708 2870 3754 ;
2910 3691 3150 3751 decebat,
3181 3690 3419 3756 inquam,

1865 3807 1978 3854 eos,
2011 3793 2052 3843 si
2096 3789 2178 3842 vel
2233 3787 2460 3840 maxime
2495 3785 2641 3838 nullo
2663 3785 2868 3839 .horum
2909 3791 2962 3834 et
2997 3797 3064 3834 ne
3091 3797 3157 3833 eo
3181 3780 3419 3848 quidem,

1864 3881 2003 3950 quod
2035 3879 2324 3949 prophetas
2368 3877 2791 3931 calumniantur.
2825 3873 3052 3926 crimine
3081 3878 3418 3932 tenerentur,

1865 3976 1920 4027 in
1960 3973 2103 4025 omni
2146 3971 2244 4024 ista
2289 3986 2381 4022 sua
2441 3967 2748 4025 insolentia.
2799 3965 2986 4016 saltem
3034 3963 3136 4016 hoc
3173 3962 3415 4023 nomine,

1864 4061 2006 4130 quod
2049 4074 2248 4128 corpus
2292 4073 2447 4111 suum
2501 4058 2701 4110 malum
2756 4063 2810 4107 et
2854 4069 2880 4104 a
2920 4052 3058 4104 mala
3103 4067 3261 4104 manu
3294 4066 3419 4117 pro-

1864 4152 2064 4205 fectum
2116 4151 2325 4208 dicunt,
2362 4147 2645 4200 confestim
2696 4161 2752 4198 se
2801 4160 2908 4212 pne
2943 4142 3142 4210 pudore
3189 4141 3424 4193 abscon-

1864 4241 2011 4293 dere.
2068 4241 2134 4291 At
2183 4237 2272 4290 ubi
2308 4237 2615 4289 terrarum?
2651 4234 2761 4287 lmo
2792 4247 2919 4285 vero
2953 4231 3322 4292 subterranea,
3369 4238 3426 4281 et

1865 4331 1909 4384 si
1949 4329 2074 4399 quid
2121 4329 2202 4382 his
2238 4325 2558 4396 profundius
2609 4335 2722 4385 est,
2756 4336 3001 4390 quaerere
3052 4321 3166 4372 loca
3199 4319 3421 4379 debent,

1867 4436 1970 4474 non
2011 4420 2153 4489 quod
2208 4419 2311 4472 hoc
2339 4416 2483 4484 quod
2524 4415 2590 4467 ad
2616 4413 2947 4482 impietatem
2983 4409 3254 4478 prioribus
3305 4423 3424 4476 gra-

1867 4511 1984 4565 vius
2011 4511 2100 4572 sit,
2149 4508 2243 4563 sed
2285 4508 2428 4576 quod
2457 4506 2756 4559 membrum
2791 4501 2939 4559 illud.
2980 4516 3074 4568 per
3095 4499 3237 4567 quod
3261 4513 3422 4550 voces

201 4580 436 4683 βοῶντες
487 4580 582 4672 ὡς’,
619 4580 676 4661 ἐν
718 4603 799 4669 οἷς
831 4580 1006 4659 ταῦτα
1054 4580 1403 4672 φθέγγονται,
1446 4605 1758 4672 κέχρηνται.
1797 4580 1873 4658 θ]

1751 4640 1758 4653 ι
1797 4580 1838 4634 θ
1868 4604 2211 4672 blasphemas
2233 4602 2506 4663 emittunt,
2535 4599 2602 4651 ab
2629 4596 2791 4664 impia
2834 4593 3038 4663 origine
3062 4608 3118 4645 se
3147 4589 3423 4658 accepisse

209 4703 350 4755 Ἀλλ’
378 4702 458 4754 ἐτι
491 4699 726 4769 τολμῶσι
755 4699 890 4768 πρὸς
935 4697 1002 4749 τὰ
1049 4697 1158 4748 τῶν
1209 4695 1509 4764 ἀνθρώπων
1545 4694 1760 4762 βλέπειν

198 4795 492 4862 πρόσωπα.
525 4790 832 4860 Ἄνθρωπε,
857 4788 908 4841 τί
929 4788 1138 4856 λέγεις;
1164 4787 1264 4838 Δύο
1291 4787 1484 4854 ἀρχαίς
1508 4784 1641 4836 ἀλλὰ
1666 4784 1752 4836 διὰ

195 4884 286 4936 τοῦ
320 4881 560 4951 πονηροῦ
587 4880 757 4933 ταῦτα
789 4879 998 4948 φθέγγῃ
1027 4879 1314 4947 στόματος.
1360 4877 1416 4929 '0
1465 4877 1625 4944 νόμος
1657 4893 1753 4926 πο-

195 4975 386 5043 λεμίας
423 4972 615 5042 ἀρχῆς,
645 4972 738 5024 καὶ
777 4971 1090 5040 μαχομένης
1120 4971 1183 5038 τῇ
1217 4969 1428 5037 χάριτι;
1485 4968 1619 5019 ἀλλά
1663 4967 1755 5018 καὶ

196 5063 354 5117 τοῦτο
380 5062 445 5115 τὸ
472 5061 568 5130 τῆς
596 5061 863 5129 πονηρίας
891 5061 1175 5128 ἀπήχησεν
1214 5058 1445 5124 ὄργανον
1468 5073 1480 5085 ·
1514 5058 1561 5109 οἱ
1616 5073 1749 5124 προ-

198 5152 363 5222 φῆται
397 5151 594 5221 μοίρας
624 5151 894 5220 χείρονος;
929 5151 993 5201 ἐκ
1050 5148 1144 5200 τοῦ
1197 5146 1362 5201 αὑτοῦ
1398 5147 1496 5216 τῆς
1557 5147 1752 5207 κακίας

198 5242 431 5303 σκεύους
459 5243 551 5294 καὶ.
583 5240 739 5294 τοῦτο
772 5243 1075 5310 προχεῖται.
1107 5241 1149 5292 Τ
1153 5240 1180 5292 ὸ
1206 5239 1364 5309 σῶμα
1396 5239 1630 5308 πονηρὸν
1658 5239 1751 5288 καὶ

199 5331 442 5398 πονηρᾶς
466 5328 853 5398 δημιουργίαςς
886 5329 976 5380 καὶ
1013 5329 1064 5380 τί
1106 5329 1178 5398 μὴ
1213 5329 1369 5397 σιγᾷς
1396 5327 1494 5396 τὴν
1526 5327 1760 5394 ἐσχάτην

201 5419 394 5487 σιγήν;
420 5417 531 5469 ἀλλ’
567 5419 646 5469 ἐτι
680 5418 891 5489 φθέγγῃ
925 5422 1018 5470 καὶ
1049 5417 1246 5488 χαρίζῃ
1271 5419 1346 5487 τῷ
1390 5416 1535 5469 οὕτω
1569 5432 1628 5467 σε
1664 5433 1760 5466 πο-

201 5508 379 5577 νηρῶς
411 5507 501 5558 καὶ
539 5508 943 5577 ἐδδελυγμένως
1001 5510 1388 5577 ὑποστήσαντι,
1440 5509 1579 5562 ὥστε
1623 5506 1756 5577 μηδέ

204 5599 538 5666 φθέγγεσθαι
577 5600 836 5653 δύνασθαι
869 5601 1038 5669 μηδὲν
1087 5602 1220 5662 ὅλως
1275 5602 1566 5672 σωτήριον,
1622 5598 1757 5669 μηδέ

267 5790 312 5836 ‘9
343 5793 540 5848 Matth.
569 5807 720 5862 um,
750 5794 837 5850 δι.
917 5795 956 5827 ⁸⁸
990 5794 1120 5849 ibid.
1153 5794 1237 5847 55.

1862 4696 2195 4765 profitentes,
2231 4707 2338 4745 non
2370 4691 2549 4745 statim
2591 4689 2852 4756 abjieiunt
2920 4684 3095 4739 omnia
3136 4693 3187 4736 et
3229 4682 3424 4751 impie-

1865 4800 2028 4843 tatem
2069 4787 2298 4856 fugiunt,
2351 4785 2644 4837 clamantes
2695 4795 2772 4839 se,
2811 4778 2937 4832 dum
2969 4777 3067 4828 ista
3099 4773 3316 4842 quidem
3345 4771 3422 4823 lo-

1862 4888 2175 4948 querentur,
2212 4875 2427 4928 malitia:
2481 4873 2837 4926 instrumento
2890 4883 3016 4921 usos
3060 4880 3196 4918 esse.
3229 4863 3293 4915 Et
3337 4860 3420 4914 vel

1861 4970 1938 5022 sic
1973 4977 2149 5020 tamen
2186 4963 2433 5015 homines
2463 4960 2548 5013 isti
2588 4959 2638 5011 in
2673 4959 2898 5011 aliorum
2951 4961 3298 5019 conspectum
3334 4963 3423 5002 vc-

1862 5055 1980 5108 nire
2010 5051 2248 5106 audent?
2278 5048 2414 5113 Quid
2456 5047 2553 5109 ais,
2588 5045 2788 5098 homo?
2819 5044 3006 5095 Duone
3062 5048 3187 5092 sunt
3217 5035 3421 5105 princi-

1864 5147 1989 5214 pia?
2038 5144 2131 5199 sed
2188 5152 2242 5195 tu
2289 5141 2504 5210 quidem
2529 5155 2622 5192 ore
2655 5137 2825 5205 impio
2854 5136 2953 5187 ista
2996 5132 3228 5202 profers.
3282 5128 3418 5187 Lex,

1863 5238 2062 5308 inquis,
2111 5245 2195 5289 est
2221 5251 2248 5287 a
2291 5233 2557 5302 principio
2598 5229 2799 5289 hostili,
2839 5237 2893 5281 et
2929 5225 3115 5296 gratia:
3145 5220 3422 5290 opposito,

1861 5328 1955 5382 sed
2001 5327 2224 5380 ethunc
2274 5339 2466 5376 sonum
2535 5320 2750 5374 malitia:
2797 5319 3220 5371 instrumentum
3270 5311 3417 5374 edit;

1859 5417 2137 5486 prophetae
2159 5414 2355 5469 malum
2379 5419 2677 5480 agnoscunt
2699 5405 3014 5460 auctorem?
3040 5403 3105 5455 At
3132 5417 3197 5456 ex
3227 5399 3418 5453 eodem

1859 5507 2076 5560 malitiae
2134 5520 2259 5558 vase
2314 5513 2369 5557 et
2399 5501 2523 5555 illud
2565 5499 2798 5568 profluit.
2842 5496 3051 5564 Corpus
3095 5501 3177 5546 est
3219 5490 3419 5542 malum

1859 5605 1913 5651 et
1954 5595 2074 5650 mali
2133 5593 2460 5649 conditoris?
2506 5591 2573 5644 Et
2638 5589 2727 5658 qui
2778 5602 2884 5642 non
2931 5586 2996 5640 ad
3021 5593 3320 5639 extremum
3367 5587 3420 5632 te
