4234 6432
782 388 888 452 255

1941 386 2202 447 PHOTII
2242 381 2465 444 PATRI
2476 376 2745 438 ΑΡιΟΗιΕ
2779 376 2890 436 CP.

3907 361 4013 425 256

785 503 1057 557 silentium
1090 501 1390 570 componis,
1429 501 1522 555 sed
1558 502 1735 570 pergis
1761 500 1904 568 loqui
1955 508 2010 553 et
2055 494 2341 568 gratiﬁcari
2371 497 2457 554 Απ

2340 541 2341 544 η
2371 497 2417 554 Α
2445 491 2541 560 τῆς
2580 488 2800 558 βαθείας
2852 484 3023 555 μέθης
3056 483 3149 536 καὶ
3206 480 3557 550 ψευδολογίας
3589 476 3893 546 ἐλεύθερον.
3953 476 4012 525 ὐ

789 595 881 655 illi,
921 595 1008 660 qui
1051 594 1185 646 adeo
1213 592 1411 644 malum
1462 601 1512 644 te
1542 601 1597 644 ct
1627 590 2052 643 abominandum
2087 587 2340 647 reddidit,

789 695 844 736 ιιι
867 683 997 734 nihil
1025 683 1248 735 omnino
1279 682 1393 734 sani
1427 681 1668 748 proferre
1700 681 1892 747 possis,
1920 679 2061 746 quod
2081 695 2108 730 a
2135 694 2343 730 summa

787 773 995 827 feritate
1019 783 1074 826 et
1108 773 1390 826 mendacio
1419 783 1680 825 remotum
1715 772 1820 823 sit?
1860 771 2098 836 Namque
2128 769 2345 820 malitia:

790 863 1076 915 thesaurus
1111 879 1216 914 nou
1256 871 1430 930 potest
1462 863 1562 914 nisi
1609 862 1864 913 malitiam
1911 871 1963 912 et
2012 875 2250 912 errorem
2289 869 2345 912 ut

789 952 1050 1018 recipere,
1110 953 1180 1004 ita
1238 962 1292 1004 et
1340 952 1629 1020 proferre:
1683 952 1954 1019 quomodo
1994 952 2138 1004 enim
2166 951 2347 1018 lingua

789 1043 1060 1095 mendacis
1099 1059 1220 1094 vera
1248 1043 1460 1099 dixi-rit.
1493 1051 1586 1093 aut
1629 1042 1899 1109 quomodo
1934 1042 2142 1093 malitia
2174 1041 2348 1094 medi-

789 1143 928 1185 tetur
954 1133 1246 1200 quidquam
1273 1134 1439 1186 boni?
1479 1132 1819 1185 Mendacium
1853 1133 2138 1186 veritatem
2168 1130 2348 1184 dicere

790 1223 1002 1290 refugit.
1073 1225 1138 1276 Et
1204 1225 1472 1291 quomodo
1524 1232 1577 1275 tu
1629 1224 1839 1275 tibimet
1890 1223 1990 1290 ipsi
2037 1222 2214 1275 credis
2271 1221 2349 1273 Io-

787 1315 992 1382 quenti,
1027 1331 1146 1367 cum
1193 1315 1458 1367 n‘tendacii
1518 1316 1593 1368 sis
1638 1315 2101 1366 instrumentum?
2137 1313 2192 1364 Si
2225 1327 2351 1364 vero

788 1421 889 1472 ego
916 1406 1106 1474 largiar
1140 1415 1193 1456 et
1223 1407 1411 1472 opiner
1456 1415 1506 1457 te
1566 1406 1721 1471 longe
1755 1405 1909 1456 aliter
1935 1403 2136 1457 sentire
2190 1418 2348 1469 quam

791 1494 1044 1562 loqueris,
1071 1496 1240 1548 multo
1275 1505 1323 1548 te
1359 1504 1412 1546 et
1447 1496 1832 1562 sapientiorem
1866 1502 1921 1547 et
1947 1494 2350 1562 prudentiorem

792 1597 1274 1654 repnesentavero,
1291 1602 1450 1652 quam
1473 1587 1515 1640 si
1536 1587 1655 1654 quis
1671 1587 1807 1638 alius
1829 1586 1894 1638 iis
1915 1598 1964 1638 te
1983 1600 2108 1638 vere
2125 1584 2354 1637 delecta-

790 1682 831 1732 ri
862 1682 1022 1738 dicat,
1052 1696 1170 1747 quae
1200 1680 1480 1745 proponis.
1511 1677 1566 1729 Si
1600 1677 1746 1729 enim
1771 1677 1885 1729 haec
1910 1676 2113 1727 amalis
2145 1675 2352 1724 instru-

787 1773 986 1823 mentis
1010 1772 1452 1839 proliciseuutur,
1495 1784 1556 1820 ac
1589 1776 1869 1834 propterea
1903 1767 2042 1818 mala
2093 1774 2185 1817 aut
2221 1765 2348 1816 falsa

787 1870 934 1925 sunt,
967 1876 1168 1918 nonne.
1199 1861 1397 1928 quippe
1432 1860 1482 1911 in
1517 1859 1694 1921 malis,
1732 1858 1904 1910 levius
1931 1866 2210 1924 peccatum
2242 1864 2344 1916 est,

787 1969 849 2005 ea
872 1968 991 2020 qua:
1032 1953 1210 2004 verbis
1235 1950 1504 2004 contraria
1548 1959 1692 2010 sunt,
1726 1949 1996 2018 amplecti,
2029 1962 2189 2014 quam
2227 1962 2348 2000 cum

789 2045 964 2113 lingua
1015 2054 1250 2095 mentem
1307 2057 1520 2108 quoque
1577 2043 1745 2109 ipsam
1794 2054 2160 2106 corrumpere.
2196 2037 2348 2100 Quod

788 2131 830 2181 si
891 2132 1049 2199 igitur
1096 2131 1364 2198 ejusmodi
1415 2131 1575 2183 homo
1632 2130 1696 2180 de
1738 2127 2018 2196 principiis
2083 2126 2347 2192 loquitur,

791 2237 957 2273 unum
1008 2222 1158 2272 illum
1210 2221 1431 2273 credere
1479 2220 1773 2280 convenit;
1809 2219 1851 2269 si
1897 2220 1962 2270 de
2005 2218 2117 2285 lege
2167 2217 2349 2284 gratiae

787 2310 1333 2376 adversa,utriusque
1372 2310 1784 2362 conversionem
1831 2317 2075 2361 astruere
2119 2322 2350 2360 censen-

787 2406 888 2458 dus
917 2416 1035 2464 est;
1074 2405 1118 2457 si
1178 2407 1405 2457 chorum
1459 2406 1846 2473 prophetarum
1895 2404 2090 2455 malum
2135 2402 2346 2464 dixerit,

787 2510 946 2546 ιιι-ιιιο
977 2495 1197 2547 aliunde
1223 2495 1392 2562 magis
1419 2495 1765 2548 convincetur
1822 2508 1944 2545 eum
1975 2494 2174 2545 bonum
2208 2507 2346 2544 esse.

789 2587 844 2638 Si
874 2601 1071 2653 corpus
1123 2586 1189 2637 ad
1246 2586 1444 2637 malum
1494 2584 1719 2643 referat,
1797 2597 1894 2651 pro
1947 2582 2349 2636 evidentissima

786 2677 1250 2730 demonstratione
1313 2676 1451 2728 habe
1514 2675 1565 2728 id
1635 2689 1828 2726 manus
1884 2688 2002 2726 esse
2074 2673 2349 2725 benefice.

791 2767 976 2819 Videte
1013 2768 1142 2819 mihi
1170 2768 1395 2819 insania:
1431 2767 1691 2834 abyssum
1727 2774 1782 2818 et
1817 2765 2110 2832 impietatis
2142 2765 2353 2832 magni-

790 2856 1055 2914 tudinem,
1082 2857 1135 2907 in
1170 2857 1232 2907 iis
1264 2856 1576 2907 hominibus
1609 2854 1699 2922 qui
1734 2855 2021 2921 nequidem
2088 2854 2141 2905 in
2190 2855 2352 2906 rebus

790 2945 1114 3015 imaginariis
1144 2947 1351 2998 ratione
1417 2955 1562 2998 certa
1605 2945 1680 2997 uti
1741 2954 1990 3012 possunt.
2025 2945 2208 3010 Itaque
2252 2957 2353 2995 nec

793 3037 1118 3089 incantando
1145 3051 1303 3088 aures
1335 3035 1599 3088 fascinare
1655 3034 1733 3087 Ias
1763 3042 1868 3097 est,
1908 3035 2032 3102 quia
2084 3034 2187 3085 hoc
2235 3033 2352 3100 ipso

798 3123 1084 3174 insanabili
1117 3123 1287 3190 culpa:
1318 3121 1509 3190 subjici
1537 3137 1628 3176 eas
1655 3124 1850 3175 merito
1877 3123 2000 3189 quis
2047 3122 2347 3174 alIirmarit.

791 3214 971 3281 Atqui,
1002 3214 1215 3281 inquam
1239 3229 1360 3282 ego,
1394 3215 1438 3266 si
1468 3215 1590 3281 quis
1613 3213 1940 3266 salutaribus
1975 3214 2352 3265 incantamen-

792 3303 860 3355 tis
916 3318 1099 3355 aurem
1163 3306 1419 3370 praebeat,
1481 3303 1691 3355 initium
1741 3303 1905 3356 faciet
1952 3302 2017 3354 ad
2070 3302 2353 3370 pristinam

794 3394 1126 3446 nobilitatem
1161 3394 1422 3446 redeundi
1455 3412 1468 3444 ε
1500 3394 1582 3446 sin
1610 3394 1812 3454 minus,
1842 3393 1928 3446 vel
1951 3410 2018 3446 ex
2070 3393 2193 3445 inde
2227 3408 2354 3445 sen-

792 3483 1015 3535 tentiam
1063 3498 1170 3535 non
1227 3481 1584 3535 revocandam
1638 3481 1752 3548 ipse
1792 3481 1845 3532 in
1896 3494 1952 3531 se
2001 3479 2173 3546 ipsum
2230 3477 2354 3539 fert,

791 3572 932 3638 quod
965 3587 1185 3638 pravam
1229 3570 1756 3622 transformationem
1817 3568 1972 3620 bome
2042 3566 2351 3619 formalioni

793 3661 1016 3714 omnino
1047 3662 1279 3728 przefert,
1329 3670 1382 3713 ct
1437 3661 1790 3712 mutationem
1829 3660 1880 3711 in
1928 3660 2188 3720 deterius,
2229 3674 2350 3711 eum

2449 581 2558 649 γάρ
2590 577 2855 646 πονηρίας
2886 573 3156 643 θησαυρὸς
3191 572 3289 624 οὐκ
3325 570 3484 634 οἶδεν,
3503 569 3617 623 ἀλλ’
3644 569 3674 637 ἦ
3702 569 3768 620 τά
3789 568 3885 632 τῆς
3913 583 4014 617 πο-

2445 671 2637 740 νηρίας
2653 673 2743 721 καὶ
2780 667 2988 733 πλάνης
3022 665 3211 733 ὥσπερ
3235 662 3611 731 θησαυρίζειν,
3655 659 3793 711 οὕτω
3823 658 3886 724 δὴ
3917 655 4015 706 καὶ

2447 760 2869 831 προϐάλλεσθαι·
2913 759 2945 828 ή
2973 757 3066 809 τοῦ
3098 755 3330 823 ψεύστου
3361 754 3580 821 γλῶσσα
3611 753 3726 812 πῶς
3780 751 3844 802 ἂν
3880 750 4014 815 ἀλή-

2448 856 2597 907 θειαν
2624 853 2794 914 εἴποις
2825 853 2857 920 ἡ
2884 848 3115 918 πονηρία
3139 847 3255 909 πῶς
3273 847 3517 913 ἐννοήσοι
3540 846 3634 913 τὴν
3662 843 3902 911 auom,
3919 864 3970 894 ια
3994 859 4008 899 ζ

2446 949 2507 1000 τὸ
2535 946 2728 1015 ψεῦδος
2760 946 2939 1011 λέγειν
2981 944 3173 1011 φεύγει
3203 941 3298 1010 τὴν
3335 939 3614 1006 ἀλήθειαν.
3651 937 3756 989 Καὶ
3795 937 3911 998 πῶς
3949 940 4014 990 σὺ

2452 1037 2631 1106 σαυτῷ
2687 1037 2963 1096 πιστεύεις
3036 1033 3267 1098 λέγοντι,
3322 1031 3417 1082 τοῦ
3469 1028 3694 1097 ψεύδους
3752 1028 4016 1096 ὑπάρχων

2453 1129 2833 1199 ἐργαστήριον.
2879 1123 3020 1192 Ἐγὼ
3067 1123 3120 1174 δέ
3153 1139 3212 1173 σε
3242 1123 3461 1190 φρονεῖν
3498 1119 3778 1179 τάναντία,
3811 1113 3886 1170 ὢν
3929 1118 4018 1168 λέο

2450 1237 2587 1287 γεις,
2619 1217 2797 1281 ἐξιὼν,
2833 1217 2928 1268 καὶ
2965 1214 3221 1282 νομίζων,
3277 1211 3408 1263 πολὺ
3459 1211 3899 1277 σωφρονέστερον
3950 1209 4018 1262 ἂν

2452 1313 2543 1363 καὶ
2607 1307 2965 1374 συνετώτερον
3039 1305 3266 1367 εἰσάγω,
3323 1303 3354 1372 ἦ
3415 1302 3550 1362 εττις
3615 1318 3673 1352 σε
3736 1303 4011 1369 στέργειν,

2450 1401 2485 1452 ὃ.
2540 1401 2739 1467 λέγεις,
2794 1398 3024 1465 τίθησιν.
3081 1396 3141 1446 Εἰ
3180 1395 3287 1461 γὰρ
3339 1395 3402 1446 ἐκ
3459 1392 3710 1460 πονηρῶν
3763 1392 4016 1456 ὀργάνων

2451 1491 2642 1553 ταῦτα,
2677 1490 2772 1541 καὶ
2798 1487 2885 1539 διὰ
2917 1485 3078 1538 τοῦτο
3105 1484 3315 1553 πονηρὰ
3361 1485 3392 1553 ἢ
3424 1483 3616 1551 ψευδῆ,
3654 1482 3790 1545 πῶς,
3827 1482 3900 1542 ὡς
3961 1484 4018 1531 iv

2453 1583 2660 1642 κακοῖς,
2690 1580 2748 1629 οὐ
2775 1575 2954 1644 πολλῷ
2989 1574 3320 1641 κουφότερον
3370 1573 3440 1623 τά
3494 1572 3860 1623 ἐναντιώτατα
3907 1570 4017 1620 τῶν

2455 1671 2714 1740 ῥημάτων
2766 1666 3110 1735 πρεσϐεύειν,
3149 1665 3181 1732 ἢ
3216 1666 3281 1731 τῇ
3336 1662 3552 1732 γλώττῃ
3615 1661 3706 1711 καὶ
3755 1661 3847 1711 τὸν
3893 1658 4019 1710 νοῦν

2456 1757 2980 1826 συνδιαφθείρεσθαι.
3018 1756 3108 1806 Διὸ
3131 1753 3242 1822 (50)
3265 1753 3413 1818 λέγει
3445 1751 3649 1818 ἀρχάς·
3688 1750 3811 1817 μίαν
3838 1766 4021 1818 προσ-

2449 1853 2547 1920 ῆκε
2583 1851 2819 1917 φρονεῖν.
2877 1847 3140 1914 Πολέμιος
3175 1846 3202 1895 ὁ
3224 1844 3382 1910 νόμος
3407 1846 3472 1911 τῇ
3505 1845 3716 1911 χάριτι·
3741 1843 3839 1908 τὴν
3873 1859 4017 1910 συμ-

2452 1942 2656 2008 φωνίαν
2693 1937 2982 2008 κηρύττειν
3010 1935 3208 1988 αὐτῶν.
3258 1935 3376 1985 Τῶν
3407 1932 3703 2001 προφητῶν
3757 1932 3962 1999 φαῦλος
3993 1934 4020 1983 ὁ

2451 2031 2608 2100 χορός
2637 2046 2650 2060 °
2677 2031 2770 2080 καὶ
2801 2027 2964 2079 πόθεν
2997 2027 3060 2078 ἄν
3084 2043 3166 2086 τις
3209 2025 3361 2091 γνοίη
3389 2022 3607 2092 μᾶλλον,
3644 2022 3724 2072 ὅτι
3761 2020 4014 2088 χρηστός.

2451 2124 2522 2174 Τὸ
2550 2123 2709 2188 σῶμα
2744 2120 2967 2172 πλάττει
3001 2118 3094 2169 τοῦ
3126 2115 3363 2184 πονηροῦ
3384 2133 3397 2145 ·
3438 2117 3597 2182 ἀρκεῖ
3646 2113 3781 2180 πρὸς
3833 2113 4020 2163 τελευ-

2449 2213 2605 2266 ταίαν
2645 2211 2936 2272 ἀπόδειξιν,
2974 2210 3054 2261 ὅτι
3087 2207 3343 2275 παλάμης
3367 2207 3484 2257 ἐστὶ
3521 2205 3618 2272 τῆς
3641 2202 4014 2271 ἀγαθουργοῦ.

2463 2304 2652 2373 Ὁρᾶτε
2683 2303 2742 2354 τδ
2778 2302 2880 2368 τῆς
2903 2300 3085 2361 ἀνοίας
3117 2297 3299 2366 βάθος,
3340 2297 3400 2347 τὸ
3431 2295 3658 2364 μέγεθος
3711 2294 3810 2361 τῆς
3861 2293 4018 2345 ἀθεό-

2450 2411 2631 2459 τητος,
2658 2391 2768 2444 τῶν
2801 2391 2874 2460 μὴ
2904 2391 3214 2457 δυναμένων
3259 2389 3404 2455 ἐχειν
3451 2386 3727 2453 λογισμῶν
3760 2385 3869 2437 οὐδ’
3928 2386 4019 2436 ἐπὶ

2451 2482 2770 2548 φαντασίαις
2825 2481 3224 2546 πλαττομέναις
3275 2478 3592 2531 ὑπόστασιν.
3648 2477 3858 2528 Οὐκοῦν
3902 2477 4016 2542 (51)

2449 2573 2556 2624 οὐδ’
2579 2573 2796 2642 ἐπᾴδειν
2824 2571 2958 2633 ὅλως
2993 2572 3073 2622 δεῖ
3100 2573 3218 2631 ταῖς
3250 2571 3461 2631 ἀκοαῖς,
3492 2570 3574 2620 ὅτι
3627 2569 3685 2620 τὸ
3731 2568 3866 2621 αὐτὸ
3919 2570 4017 2635 τῆς

2452 2663 2626 2725 αἰτίας
2686 2663 2905 2715 ἀνίατον
2957 2664 3100 2713 εἴποι
3149 2679 3232 2723 τις
3284 2660 3347 2713 ἂν
3412 2661 3615 2721 ταύτας
3676 2660 4016 2726 ἐπινέμεται.

3145 2754 3238 2821 μὲν
3289 2754 3395 2822 γάρ
3448 2769 3529 2812 τις
3574 2752 3680 2802 τῶν
3737 2751 4024 2819 σωτηρίων

2452 2846 2674 2914 ἐπῳδῶν
2725 2845 3106 2914 παραδέξοιτο,
3176 2843 3348 2912 ἀρχὴν
3422 2842 3689 2910 λαμϐάνει
3741 2843 3877 2910 πρὸς
3924 2841 4024 2908 τὴν

2451 2757 2618 2823 Φαίην
2653 2756 2719 2807 ἂν
2771 2755 2946 2822 ἔγωγε
2974 2771 2985 2782 ·
3035 2757 3082 2804 εἰ

2453 2940 2724 3006 προτέραν
2772 2937 3179 3003 ἐπαναδραμεῖν
3232 2933 3541 2999 εὐγένειαν’
3577 2936 3624 2986 εί
3659 2933 3712 2984 δέ
3763 2933 3858 3001 μὴ,
3900 2933 4024 2983 καθ’

2454 3027 2648 3080 ἐαυτοῦ
2672 3043 2762 3093 γε,
2790 3025 3080 3078 κάντεῦθεν
3113 3025 3212 3091 τὴν
3233 3024 3412 3091 ψῆφον
3443 3024 3602 3085 αὐτὸς
3624 3023 3850 3091 ἀφίησιν
3881 3024 4026 3090 ἄφυ-

2454 3136 2600 3181 κτον,
2650 3119 2896 3187 πονηράν
2954 3115 3294 3183 μετάπλασιν
3349 3114 3447 3183 τῆς
3515 3115 3721 3181 ἀγαθῆς
3774 3114 4028 3175 πλάσεως

2453 3209 2683 3261 καθόλου
2715 3207 2904 3258 ἑαυτὸν
2931 3205 3311 3272 ἁνθελὸμενος,
3347 3203 3438 3255 καὶ
3465 3203 3562 3271 τὴν
3596 3204 3729 3272 πρὸς
3765 3204 3832 3254 τὰ
3857 3203 4027 3271 χείρω

2457 3299 2759 3370 μεταϐολὴν
2785 3297 2922 3363 (δέον
2945 3298 3004 3348 τὺ
3030 3294 3250 3362 ἀγαθὸν)
3309 3296 3654 3364 συντηρὴσας
3706 3295 4029 3361 ἀμετάδὶησ

2452 3407 2564 3442 τον.
2624 3387 2831 3441 Οὐκοῦν
2879 3388 2938 3440 οὑ
3010 3390 3101 3438 τὸν
3155 3387 3423 3456 ἐπᾴδοντα
3459 3388 3640 3453 σιγᾷν,
3671 3385 3806 3436 ἀλλὰ
3867 3385 4029 3452 σιγῆς

2455 3481 2645 3533 ἐαυτὸν
2677 3482 2854 3539 πάσας
2879 3479 3184 3547 στηλιτευει
3215 3479 3308 3531 καὶ
3337 3478 3424 3530 διὰ
3455 3477 3668 3529 πάντων
3691 3477 4026 3537 ὑπεύθυνον,

2457 3571 2638 3638 ὅςτὴν
2693 3569 2900 3620 οἰκείαν
2961 3568 3020 3631 ἐξ
3069 3569 3327 3629 ἀπονοίας
3383 3566 3639 3636 πώρωσιν
3689 3567 3849 3634 σιγῆς
3898 3569 4031 3635 ἡμῖν

2459 3659 2641 3710 αἰτίαν
2672 3658 2936 3710 ἐπέσειεν.
2973 3658 3062 3707 Διὸ
3085 3658 3148 3726 δὴ
3187 3657 3421 3720 σύναψαι
3451 3657 3546 3707 καὶ
3579 3657 3644 3708 τὰ
3673 3658 3953 3710 λείποντα.

795 3749 990 3803 bonam
1026 3749 1319 3808 decuisset,
1368 3758 1546 3800 servat
1602 3757 1933 3800 constanter.
1984 3745 2101 3798 Non
2148 3747 2347 3815 quippe
2387 3746 2710 3800 incautatori
2743 3756 2921 3814 potest
2983 3745 3113 3798 vitio
3141 3747 3290 3809 dare,
3349 3747 3497 3814 quod
3537 3747 3683 3808 silet.
3732 3748 3825 3801 sed
3863 3747 4030 3800 silen-

797 3839 855 3893 tii
879 3854 1093 3892 causam
1131 3839 1230 3890 sibi
1265 3838 1588 3906 exprobrare
1618 3853 1858 3902 omnem,
1902 3838 2179 3906 culpaaque
2225 3838 2401 3890 omnis
2471 3853 2529 3891 se
2601 3853 2754 3890 reum
2813 3837 2991 3890 facere
3065 3838 3247 3900 debet,
3305 3838 3399 3906 qui
3451 3853 3604 3891 suam
3657 3839 3830 3907 ipsius
3884 3841 4031 3892 iusa'

795 3928 937 3981 niam
978 3937 1031 3980 et
1061 3935 1360 3979 caecuatem
1390 3942 1486 3995 pro
1516 3926 1888 3993 silentiiculpa
1918 3925 2075 3977 nobis
2096 3925 2358 3977 venditat.
2401 3923 2691 3993 Propterea
2719 3935 2771 3979 et
2803 3925 3005 3992 reliqua
3031 3925 3114 3978 his
3135 3926 3321 3993 jungr.

865 4017 1076 4070 XXXII.
1109 4015 1364 4069 Servator
1396 4026 1580 4070 noster
1616 4018 1896 4069 hominum
1945 4017 2352 4069 amantissimus

796 4108 1132 4176 etOptiinus,
1161 4108 1252 4174 qui
1292 4108 1459 4169 venit,
1509 4115 1569 4159 ut
1615 4117 1834 4175 peccata
1883 4107 2070 4160 mundi
2121 4108 2356 4172 tolleret,

802 4212 915 4253 tum
946 4200 1150 4251 morbis
1171 4200 1289 4251 aliis
1312 4207 1366 4251 et
1388 4198 1641 4251 :erumnis
1668 4199 1918 4251 liberavit
1939 4199 2208 4262 homines,
2244 4209 2358 4251 tum

799 4291 980 4343 multis
1006 4300 1348 4357 peccatorum
1393 4291 1770 4343 remissionem
1799 4291 2023 4359 largitus
2051 4299 2153 4352 est,
2177 4292 2359 4344 facta:—

798 4397 902 4450 que
944 4382 1280 4434 remissionis
1334 4391 1710 4450 argumentum
1735 4396 1763 4432 a
1795 4382 2083 4434 sanatione
2114 4381 2358 4449 corporis

799 4469 954 4537 petiit
986 4478 1039 4521 et
1077 4470 1193 4521 aliis
1229 4469 1532 4537 proposuit.
1571 4469 1688 4521 Jam
1732 4485 1858 4521 vero
1899 4469 1940 4522 si
1997 4470 2121 4521 mali
2165 4469 2357 4523 condi-

803 4560 934 4613 toris
973 4575 1108 4627 Opus
1129 4571 1273 4613 esset
1321 4576 1538 4627 corpus,
1576 4560 1715 4614 sicut
1765 4561 2015 4612 homines
2053 4559 2358 4627 bIaSphemi

800 4650 1054 4702 audacter
1087 4650 1324 4708 tradunt.
1375 4650 1489 4701 fieri
1527 4659 1673 4703 certe
1705 4665 1812 4702 non
1845 4659 2074 4718 poterat,
2130 4661 2188 4701 ut
2231 4650 2358 4702 illud

801 4743 966 4795 solius
999 4743 1150 4793 home
1173 4741 1470 4793 divinitatis
1512 4742 1856 4801 beneficium.
1911 4743 2122 4793 veniam
2160 4757 2357 4810 nempe

803 4839 1165 4900 peccatorum,
1211 4832 1263 4883 in
1302 4832 1456 4884 fidem
1488 4833 2069 4900 conﬁrmationemque
2103 4849 2198 4900 per
2247 4848 2369 4901 pra-

804 4923 1023 4974 vitatem
1073 4938 1224 4976 suam
1265 4922 1552 4989 reciperet.
1606 4924 1752 4976 ldcm
1816 4924 1960 4975 enim
2013 4923 2116 4976 hoc
2163 4933 2262 4984 est,
2301 4939 2365 4977 ac

805 5015 850 5066 si
898 5014 1046 5066 dicas
1103 5015 1318 5066 malitia:
1378 5029 1693 5082 compagem
1746 5013 1949 5066 fontem
1996 5030 2137 5079 esse,
2162 5030 2224 5066 ex
2260 5030 2366 5082 quo

806 5104 1017 5158 bonitas
1068 5105 1343 5164 scaturiat,
1391 5105 1654 5172 siquidem
1709 5106 1957 5159 remissio
2015 5115 2362 5174 peccatorum

806 5211 868 5246 ex
899 5195 1179 5247 sanatione
1205 5210 1515 5261 corporum,
1566 5211 1684 5262 qua:
1731 5196 1948 5248 malitia:
1997 5206 2123 5248 sunt
2168 5211 2360 5264 proge-

808 5283 943 5347 nies,
966 5287 1294 5351 procederet.
1319 5286 1388 5336 At
1410 5286 1684 5338 enimvero
1717 5285 1972 5338 Servator
2022 5295 2207 5338 noster
2250 5301 2360 5339 non

2528 4017 2651 4068 AB’.
2690 4018 2748 4068 Ὀ
2807 4016 3187 4086 φιλάνθρωπος
3241 4017 3398 4084 ἡμῶν
3447 4018 3635 4086 Σωτὴρ
3697 4019 3790 4070 καὶ
3842 4020 4015 4090 ὑπερ-

2465 4109 2690 4174 άγαθος,
2717 4109 2744 4160 ὁ
2767 4110 2862 4169 τὰς
2881 4109 3151 4177 ἁμαρτίας
3171 4109 3509 4176 ἐπιδημήσας
3531 4105 3658 4176 ἆραι
3678 4109 3770 4161 τοῦ
3791 4113 4024 4180 κόσμου,

2464 4199 2572 4249 τῶν
2599 4198 2772 4250 ἄλλων
2799 4198 3118 4266 νοσημάτων
3149 4199 3244 4249 καὶ
3277 4199 3460 4249 παθῶν
3503 4200 3562 4249 τὸ
3606 4200 3759 4264 γένος
3811 4202 4030 4254 ἐλευθε-

2469 4288 2600 4358 ρῶν,
2635 4287 2728 4338 καὶ
2748 4290 2844 4356 τὴν
2861 4287 2967 4339 τῶν
3002 4289 3416 4356 ἁμαρτημάτων
3449 4290 3659 4350 πολλοῖς
3679 4291 3872 4357 ἄφεσιν
3905 4294 4027 4361 ἐχα-

2393 4414 2436 4467 D
2469 4380 2665 4448 ρίζετο,
2686 4379 2777 4431 καὶ
2803 4378 2897 4447 τὴν
2923 4379 3195 4440 ἀπόδειξιν
3216 4379 3314 4447 τῆς
3331 4380 3572 4445 ἀφέσεως
3597 4381 3702 4431 ἀπὸ
3729 4381 3821 4432 τού
3849 4382 4030 4451 σώμα-

2465 4488 2555 4532 τος
2583 4471 2876 4540 θεραπείας
2901 4469 3171 4538 ἐλάμϐανέ
3190 4487 3248 4522 τε
3279 4472 3369 4521 καί
3398 4471 3703 4540 παρείχετο.
3744 4472 3961 4541 Καίπερ
3981 4475 4030 4523 εἰ

2467 4564 2710 4629 πονηρᾶς
2757 4557 2825 4629 ἦν
2867 4560 2926 4612 τὸ
2957 4559 3117 4626 σῶμα
3171 4559 3534 4619 διαπλάσεως,
3582 4559 3657 4620 ὡς
3706 4558 4030 4627 βλασφημία

2468 4648 2811 4716 θρασύνεται,
2839 4647 2938 4698 ούκ
2969 4647 3034 4698 ἂν
3070 4646 3154 4715 εἴη
3178 4647 3397 4697 δυνατὸν
3427 4646 3486 4698 τὸ
3529 4647 3690 4714 μόνης
3740 4648 3838 4715 τῆς
3895 4649 4031 4711 ἁγα-

2469 4739 2565 4806 Οῆς
2594 4738 2844 4808 θεότητος
2878 4737 3298 4805 ἀγαθούργημα,
3331 4737 3426 4805 τὴν
3465 4737 3570 4788 τῶν
3615 4737 4029 4807 πλημμελημά-

2466 4847 2575 4881 των
2631 4828 3000 4897 συγχώρησιν,
3037 4828 3098 4878 τὸ
3160 4828 3350 4879 πιστὸν
3394 4829 3483 4878 καὶ
3533 4828 3744 4894 βέϐαιον
3788 4828 3876 4880 διὰ
3931 4830 4030 4896 τῆς

2468 4920 2665 4982 κακίας
2700 4918 3062 4986 ἐπιδέχεσθαι.
3116 4918 3278 4970 Οὐδὲν
3332 4921 3438 4986 γάρ
3480 4919 3625 4968 ἐστιν
3662 4917 3788 4970 ἄλλο
3826 4918 4028 4982 λέγειν,

2468 5011 2498 5076 ἢ
2529 5009 2624 5078 τὴν
2647 5010 2746 5078 τῆς
2781 5010 2978 5070 κακίας
3028 5007 3283 5060 σύστασιν
3321 5007 3585 5075 πηγάζειν
3628 5009 3725 5075 τῆς
3759 5007 4030 5074 άγαθότη-

2466 5123 2557 5167 τος
2580 5105 2677 5172 τὴν
2715 5103 3017 5169 ἐνέργειαν,
3048 5105 3205 5171 εἴπερ
3240 5105 3270 5169 ἡ
3308 5103 3405 5171 μέν
3437 5103 3628 5168 ἄφεσις
3679 5101 3787 5153 τῶν
3840 5103 4027 5170 ἁμαρ-

2470 5196 2725 5262 τημάτων
2757 5197 2822 5246 ἐκ
2871 5193 2966 5260 τῆς
3015 5194 3120 5244 τῶν
3169 5193 3434 5261 σωμάτων
3487 5191 3778 5261 θεραπείας
3811 5194 4028 5260 προείη,

2469 5287 2538 5336 τά
2568 5285 2624 5336 δὲ
2651 5286 2746 5352 τῆς
2778 5284 2974 5346 κακίας
3009 5282 3241 5351 ὑπάρχει
3279 5284 3619 5352 γεννήματα.
3681 5281 3818 5333 Ἀλλ’
3851 5283 3879 5332 ὁ
3919 5283 4032 5333 Σω-

1924 5398 2154 5452 γΑιιιΑε
2196 5399 2576 5454 LECTIONES
2613 5400 2698 5453 ET
2730 5399 2961 5455 NOTAE.

884 5485 994 5553 (50)
1035 5487 1152 5557 Διό.
1187 5486 1435 5542 Fortasse
1466 5489 1748 5557 legendum
1783 5500 1866 5544 est
1894 5491 2002 5541 δύο.
2039 5490 2168 5542 Bina
2206 5492 2350 5543 enim

809 5564 965 5606 erant
997 5556 1278 5624 principia,
1331 5574 1448 5626 qua:
1482 5558 2164 5612 Panlicianivenditabant.
2210 5560 2341 5613 Inte'

809 5626 907 5696 vim
946 5635 1000 5677 et
1024 5628 1280 5692 particula
1308 5627 1385 5677 διὸ
1419 5630 1592 5679 locum
1620 5631 1753 5681 tueri
1794 5638 1994 5696 potest,
2021 5633 2221 5696 quippe
2253 5644 2354 5695 qua

811 5694 874 5744 ad
906 5696 1424 5760 argumentationem
1456 5714 1593 5764 opus
1628 5714 1748 5750 esse
1773 5694 2002 5757 videtur,
2042 5694 2352 5765 praecipue,

811 5778 933 5816 cum
965 5766 1160 5834 legenti
1187 5775 1414 5828 constet,
1450 5784 1554 5818 non
1605 5768 1759 5835 plura
1805 5785 1963 5835 quam
2003 5769 2108 5821 duo
2152 5768 2347 5834 princi-

2464 5491 2548 5559 pia
2579 5492 2697 5544 istis
2731 5491 3044 5544 hominibus
3073 5499 3287 5558 recepta
3324 5490 3513 5543 fuisse.

2536 5562 2644 5629 (5|)
2664 5561 2919 5614 Οὐκοῦν.
2953 5557 3242 5614 Obscuritir
3270 5561 3322 5612 in
3349 5561 3432 5614 bis
3466 5569 3548 5611 est
3575 5557 3797 5608 I’h-ztius
3827 5557 4032 5609 ctsub—

2465 5631 2627 5681 tilior.
2691 5631 2919 5684 Mentem
2984 5640 3161 5682 tamen
3213 5630 3330 5698 ejus
3392 5637 3693 5682 assecutum
3757 5643 3843 5678 me.
3907 5642 4030 5678 esse

2467 5716 2637 5767 spero.
