4234 6432
203 377 301 443 257

1226 372 1520 432 CONTRA
1561 368 2014 430 MANICILEOS
2053 370 2280 429 LIBER
2321 371 2415 428 IV.

3325 367 3428 433 258

205 491 302 558 τὴρ
332 489 393 541 ού
450 487 610 556 μόνον
662 487 807 553 λόγῳ
850 485 946 544 τὰς
993 483 1103 534 τῶν
1152 485 1420 551 σωμάτων
1469 480 1766 550 θεραπείας
1795 483 1877 540 At

1757 499 1766 539 ;
1795 483 1845 540 Α
1870 481 2044 532 solum
2075 481 2272 543 verbis,
2297 481 2388 534 sed
2419 491 2475 534 et
2509 495 2672 534 manu
2703 494 2823 543 sua,
2870 479 3208 534 sanationem
3235 497 3429 550 cei-pu-

207 580 521 648 ὲὸράϐευεν,
559 579 697 630 ἀλλὰ
755 578 848 629 καὶ
898 576 1065 645 χειρί.
1094 574 1264 626 Πάλιν
1294 574 1526 642 ἀλλαχοῦ
1574 573 1770 640 κρατεῖ

205 666 490 738 χειρὸς,ἦς
522 672 595 737 μὴ
624 669 873 736 πλάστης
915 663 1002 736 ἦν,
1037 668 1129 719 καὶ
1163 667 1222 717 τὸ
1255 665 1509 733 κοράσιον
1547 663 1769 732 ἐγείρει,

207 764 298 814 καὶ
321 762 411 813 τὸν
432 763 548 813 υἱὸν
566 761 762 813 ἀνίστα
782 760 880 826 τῆς
910 760 1105 826 χήρας,
1137 759 1228 809 καὶ
1259 756 1438 816 καλῶς
1464 756 1774 807 ἀποσκευα-

209 855 335 906 σθὲν
371 856 472 922 τῆς
535 853 716 921 ψυχῆς
773 851 934 918 σῶμα
983 851 1146 902 πάλιν
1198 847 1622 915 ἐπαναστρέφει,
1681 845 1774 896 καὶ

209 945 468 998 συνάπτει
507 944 701 1010 ταύτῃ,
736 943 764 994 ὃ
786 943 948 994 καλὸν
981 942 1076 1010 μὲν
1107 936 1174 996 ἦν
1199 941 1341 992 κατά
1382 938 1479 1007 τὴν
1510 937 1775 1005 θεομάχον

208 1036 455 1100 γλῶτταν
490 1035 609 1102 μηδ’
651 1035 787 1094 ὅλως
841 1032 1044 1094 λαϐεῖν,
1101 1030 1354 1100 δεύτερον
1409 1030 1465 1080 δὲ
1503 1026 1775 1079 λαὸοὖσαν

211 1127 401 1179 θάττον
426 1125 747 1187 ἀποθέσθαι,
774 1123 1046 1192 χείριστον
1083 1123 1139 1173 δὲ
1193 1123 1286 1172 καὶ
1319 1119 1456 1188 μετὰ
1501 1119 1600 1188 τὴν
1639 1116 1775 1169 ἀπό-

211 1219 360 1271 θεσιν
393 1217 731 1284 συναφθῆναι
779 1217 964 1270 πάλιν.
1012 1214 1124 1266 Καὶ
1166 1215 1194 1265 ὁ
1239 1213 1300 1264 τὸ
1354 1211 1554 1281 κράτος
1607 1207 1778 1260 ὲλθὼν

213 1307 514 1360 καταλῦσαι
557 1306 652 1358 τοῦ
720 1305 938 1374 ἐχθροῦ,
983 1305 1131 1373 πάσῃ
1208 1303 1431 1369 δυνάμει
1492 1299 1778 1371 κρατύνειν

215 1398 381 1451 αὑτοῦ
413 1399 480 1449 τὰ
523 1397 659 1464 ἔργα
703 1395 1015 1462 φιλονεικεῖ.
1059 1394 1167 1444 Καὶ
1193 1392 1244 1443 τί
1272 1393 1414 1457 λέγω
1463 1389 1776 1458 κρατύνειν;

220 1489 480 1559 μενοῦνγε
527 1490 630 1555 τὴν
679 1486 972 1556 τυραννίδα
1019 1485 1281 1544 πολλάκις
1324 1481 1582 1549 λυομένη,
1625 1480 1781 1532 τοῦτο

219 1584 318 1650 μὲν
367 1579 450 1642 οἷς
526 1581 781 1631 ὑπέκειτο
833 1578 901 1629 τὰ
956 1577 1157 1644 ταύτης
1223 1575 1359 1644 ἔργα
1421 1573 1783 1632 παντοδαποῖς

216 1673 488 1738 νοσήμασι
564 1667 954 1736 δαπανώμενα,
1037 1665 1195 1716 τοῦτο
1265 1665 1322 1716 δὲ
1365 1659 1446 1726 οἷς
1524 1663 1783 1714 διεσπᾶτο

215 1760 291 1828 τῷ
319 1760 536 1829 θανάτῳ
592 1761 686 1811 καὶ
729 1762 794 1826 τῇ
838 1758 1013 1824 φθορᾷ
1049 1756 1386 1824 παρεδίδοτο,
1426 1755 1588 1815 αὐτὸς
1620 1755 1647 1804 ὁ
1685 1752 1783 1820 τῆς

215 1852 526 1920 τυραννίδος
550 1852 877 1920 καθαιρέτης
899 1850 1027 1917 παρ’
1045 1848 1164 1899 ὅλον
1188 1848 1285 1914 τῆς
1311 1845 1600 1913 ἐπιδημίας
1620 1841 1782 1895 αὑτοῦ

216 1944 308 1995 τὸν
345 1945 556 2012 καιρὸν,
599 1941 966 2002 ἀνακαινίζων
1015 1941 1219 2007 ταύτην
1257 1938 1413 2006 ὤφθη
1442 1941 1545 2006 τῆς
1577 1936 1787 2003 φθορᾶς

219 2031 477 2090 ἁνιστῶν,
519 2032 628 2081 τῶν
664 2030 852 2081 παθῶν
884 2029 1263 2089 ἀπαλλάττων,
1291 2028 1386 2079 καὶ⁵
1438 2025 1783 2086 τοσαυτάκις,

216 2121 405 2179 ὁσάκις
428 2119 653 2187 νεκρούς
680 2136 737 2171 τε
775 2122 851 2180 είς
874 2119 1172 2172 ἀναϐίωσιν
1205 2114 1308 2186 ἦγε
1329 2119 1423 2170 καὶ
1455 2118 1565 2170 τῶν
1599 2116 1788 2186 σωμά-

220 2230 325 2264 των
354 2212 454 2274 τάς
481 2212 668 2272 νόσους
693 2211 990 2280 ἀπήλαυνε.

291 2390 420 2442 AI".
472 2390 584 2442 Καὶ
633 2390 692 2442 τὸ
764 2389 843 2440 ἔτι
901 2389 1138 2456 μάλιστα
1195 2386 1788 2454 δυσανασχετούμενον,

218 2482 300 2532 ὅτι
326 2498 434 2549 περ
457 2481 515 2544 ἐξ
545 2482 750 2532 ἐκείνου
785 2481 943 2549 μέχρι
984 2481 1076 2532 νῦν
1124 2480 1213 2532 διά
1243 2497 1300 2531 τε
1329 2480 1434 2531 τῶν
1474 2476 1638 2531 αὐτοῦ
1673 2477 1792 2528 θεοο

221 2572 408 2640 φόρων
439 2571 714 2640 μαθητῶν,
746 2573 838 2622 καὶ
894 2573 929 2623 ἀ
981 2572 1079 2642 τὴν
1124 2572 1344 2625 ἐκείνων
1382 2570 1642 2640 μετῆλθον
1678 2570 1792 2622 δια-

220 2661 413 2729 δοχὴν,
450 2661 510 2711 οὐ
567 2660 724 2729 λήγει
752 2659 955 2729 ταύτην
987 2662 1074 2713 διὰ
1121 2661 1226 2713 τῶν
1285 2662 1484 2729 ὁμοίων
1540 2659 1791 2728 πράξεων

223 2754 741 2822 συγκαταπράττων
789 2756 883 2805 καὶ
939 2752 1613 2821 συγκατασκευαζὸμενος.
1646 2749 1793 2820 τΛρα.

221 2842 342 2894 ἔστι
375 2860 427 2894 τι
455 2843 555 2910 τῆς
579 2842 834 2910 τοιαύτης
881 2842 1202 2910 ἐμπληξίας,
1239 2843 1271 2910 ἢ
1304 2841 1431 2910 παρ’
1478 2839 1789 2907 Ἕλλησινῆ

223 2933 383 3002 παρὰ
437 2934 743 3003 Βαρϐἀροις
799 2933 1239 3002 ἐμπληκτότερον
1287 2934 1318 3000 ἢ
1383 2931 1688 2999 ἀθεώτερόν
1740 2946 1793 2979 τι

221 3025 452 3089 λαϐεῖν;
520 3024 660 3090 Ἐγὼ
714 3025 812 3093 μὲν
851 3027 950 3091 οὐχ
994 3025 1124 3094 ὁρῶ,
1166 3020 1321 3092 οἶμαι
1353 3023 1409 3074 δὲ
1463 3022 1570 3074 οὐδ’
1622 3021 1794 3083 ἄλλως

1874 589 1990 624 rum
2020 571 2420 625 condecoravit.
2447 572 2584 624 Alibi
2612 572 2755 623 enim
2800 571 3159 639 apprehendit
3189 588 3430 634 manum,

1873 667 2030 733 cujus
2059 676 2235 718 tamen
2267 680 2374 717 non
2397 674 2513 717 erat.
2539 663 2808 727 conditor,
2854 673 2909 716 et
2942 665 3178 731 puellam
3210 665 3431 726 excitat,

1873 767 1927 809 et
1959 757 2126 808 filium
2169 757 2342 808 vidua}
2381 756 2434 807 in
2477 755 2641 806 vitam
2693 764 2930 816 revocat,
3005 770 3309 822 corpusque.
3367 756 3434 806 ab

1875 849 2054 900 anima
2084 847 2288 914 optimo
2317 846 2543 899 consilio
2574 855 2905 912 separatum,
2965 847 3195 910 reducit,
3225 857 3279 898 et
3312 862 3433 898 cum

1876 941 2063 992 eadem
2079 940 2380 1007 eonjungit.
2404 940 2577 1005 Atque
2596 938 2647 990 id
2669 947 2844 990 tamen
2873 939 3169 992 secundum
3218 939 3435 1007 impiam

1879 1031 2155 1084 hominum
2181 1032 2390 1084 illorum
2427 1029 2663 1098 linguam
2710 1029 2781 1082 ita
2808 1041 3178 1097 comparatum
3236 1040 3338 1094 est,
3375 1041 3432 1084 ut

1877 1123 2225 1191 praestitisset
2258 1137 2535 1189 nunquam
2567 1121 2695 1174 illud
2722 1122 3016 1190 accepisse,
3040 1123 3127 1176 vel
3157 1136 3437 1192 acceptum

1879 1230 2041 1283 quam
2098 1215 2357 1268 citissime
2438 1214 2749 1281 deponere;
2814 1213 3110 1281 pessimum
3161 1229 3291 1266 vero
3348 1215 3437 1277 sit,

1880 1303 2186 1371 depositum
2216 1304 2410 1355 iterum
2440 1303 2689 1370 junctum
2722 1301 2930 1354 videre.
2966 1300 3066 1364 Qui
3125 1317 3251 1355 vero
3293 1303 3443 1354 venit

1881 1396 1944 1448 ad
1983 1394 2272 1463 potentiam
2325 1393 2495 1445 hostis
2535 1392 2908 1458 frangendam,
2965 1392 3010 1444 is
3060 1407 3157 1458 pro
3224 1391 3437 1443 viribus

1882 1503 2044 1554 opera
2079 1487 2196 1554 ejus
2232 1486 2476 1538 stabilire
2514 1484 2802 1535 annititur.
2849 1482 3011 1546 Quid,
3049 1486 3289 1550 inquam,
3337 1492 3444 1534 sta-

1884 1578 2078 1631 bilire?
2108 1578 2216 1629 imo
2269 1591 2394 1628 vero
2452 1574 2759 1627 destructor
2813 1573 3112 1641 tyrannidis
3157 1573 3300 1624 illius
3349 1587 3445 1639 per

1886 1680 2051 1723 totam
2083 1683 2233 1722 suam
2269 1669 2433 1722 vitam
2468 1668 2614 1721 visus
2639 1666 2916 1733 estipsum
2951 1665 3053 1718 hoc
3100 1665 3442 1733 tyrannicum

1885 1759 2201 1820 dominium,
2228 1759 2422 1826 szrpitts
2453 1773 2596 1812 nunc
2621 1757 2838 1824 quidem
2864 1755 3025 1806 variis
3053 1753 3274 1814 morbis,
3317 1752 3441 1819 qui-

1886 1853 1988 1906 bus
2013 1867 2175 1920 opera
2200 1852 2317 1918 ejus
2342 1850 2581 1916 subjecta
2611 1857 2764 1900 erant
2789 1864 2803 1911 ;
2840 1861 2987 1899 nunc
3034 1855 3212 1897 autem
3265 1851 3438 1895 morte

1887 1954 1942 1997 et
1972 1942 2339 2010 corruptione,
2367 1941 2451 1993 cui
2477 1939 2679 1993 morbis
2715 1945 3034 2004 consumpta
3078 1935 3444 1996 tradebantur,

1888 2035 2221 2088 destructum
2274 2032 2467 2084 iterum
2524 2031 2846 2087 instaurare,
2893 2027 3051 2079 modo
3102 2026 3170 2077 ab
3223 2023 3446 2077 interitu

1888 2126 2149 2187 excitans,
2205 2123 2363 2176 modo
2402 2138 2430 2174 a
2482 2122 2637 2173 malis
2709 2121 2963 2182 liberans,
3037 2118 3194 2185 idque
3257 2115 3432 2177 toties,

1888 2215 2102 2281 quoties
2138 2222 2378 2265 mortuos
2411 2212 2463 2263 in
2493 2211 2657 2263 vitam
2701 2210 2996 2273 revocavit,
3049 2219 3102 2261 et
3153 2208 3372 2261 morbos
3415 2221 3445 2257 a

1891 2301 2209 2368 corporibus
2241 2300 2590 2369 propulsavit.

1964 2390 2201 2444 XXXIII.
2238 2393 2324 2454 lit,
2363 2391 2504 2458 quod
2539 2390 2713 2443 adhuc
2742 2389 2922 2442 minus
2959 2388 3086 2442 ferri
3123 2402 3280 2456 posse
3306 2387 3452 2441 vide-

1895 2491 2000 2543 tur,
2042 2482 2166 2534 inde
2202 2480 2268 2533 ab
2301 2495 2366 2532 eo
2394 2491 2636 2547 tempore
2685 2493 2852 2547 usque
2904 2478 2969 2531 ad
3023 2493 3282 2546 prmsens,
3339 2493 3448 2529 non

1893 2571 2102 2625 desistit
2129 2578 2238 2621 tum
2265 2584 2360 2637 per
2377 2567 2670 2635 discipulos
2693 2582 2820 2620 suos
2837 2567 3022 2620 divino
3049 2564 3252 2634 Spiritu
3280 2575 3450 2626 actos,

1894 2671 2007 2714 tum
2058 2675 2154 2729 per
2183 2675 2277 2714 eos
2321 2660 2411 2728 qui
2446 2660 2543 2712 hos
2599 2659 2656 2712 in
2689 2658 2864 2710 olIieio
2911 2666 3264 2725 exceperunt,
3300 2655 3454 2708 simi-

1894 2755 2035 2807 libus
2063 2753 2366 2806 actionibus
2397 2752 2537 2805 idem
2571 2751 2870 2804 dominium
2903 2750 3223 2803 confirmare
3245 2758 3300 2803 et
3328 2764 3454 2816 per-

1894 2847 2075 2897 ficere.
2119 2841 2371 2910 Nunquid
2421 2857 2548 2894 vero
2598 2841 2680 2894 vel
2733 2840 2875 2908 apud
2909 2838 3124 2893 Graecos
3178 2839 3261 2893 vel
3314 2839 3456 2906 apud

1895 2935 2160 2987 Barbaros
2190 2934 2482 3001 quidquam
2531 2943 2614 2986 est
2655 2934 2826 3002 magis
2869 2933 3156 2986 barbarum
3209 2939 3302 2984 aut
3352 2932 3456 2983 int—

1894 3027 2063 3094 pium,
2094 3041 2252 3092 quam
2279 3026 2500 3093 quidem
2527 3026 2656 3079 hoc?
2683 3025 2792 3095 Ego
2812 3027 3028 3094 quidem
3055 3024 3298 3093 talequid
3329 3038 3459 3076 nus-

221 3117 360 3185 ὁρᾷν
396 3115 494 3165 οὐκ
515 3115 751 3176 ἀνάξιος.
781 3113 1210 3181 Πυνθανομένοις
1244 3113 1342 3181 μέν
1370 3129 1451 3162 τοι
1479 3113 1591 3172 τοῖς
1624 3112 1791 3178 Φαρι-
1819 3138 1862 3196 C

1773 3138 1791 3147 -
1819 3138 1862 3196 ο
1895 3133 2054 3184 quain
2087 3116 2265 3177 video,
2296 3131 2472 3184 neque
2495 3126 2676 3184 putem
2703 3133 2807 3177 me.
2838 3126 2894 3170 ut
2923 3117 3182 3177 viderem,
3209 3116 3445 3181 alioquin

223 3206 408 3265 σαέοις
440 3206 487 3254 εἰ
516 3204 720 3267 ἔξεστιν
747 3203 1019 3271 ἀνθρώπῳ
1045 3203 1186 3255 κατά
1219 3204 1398 3254 πᾶσαν
1437 3201 1617 3252 αἰτίαν
1653 3201 1792 3250 ἀπο-

222 3293 381 3346 λύειν
407 3295 508 3363 τὴν
543 3297 774 3361 γυναῖκα
819 3294 1005 3358 αὑτοῦ,
1039 3295 1160 3362 ὅρα,
1200 3293 1313 3352 πῶς
1345 3293 1444 3344 οὐκ
1477 3291 1789 3358 ἀλλαχόθεν,

221 3388 334 3438 οὐδ’
370 3387 434 3438 ἐκ
486 3387 582 3453 τῆς
637 3385 1065 3448 ἰδίας’ὲξουσίας
1116 3385 1209 3436 καὶ
1264 3383 1373 3435 τῶν
1429 3382 1529 3450 τῆς
1576 3383 1796 3451 χάριτος

221 3477 519 3544 δογμάτων
552 3477 580 3526 ό
607 3476 986 3544 φιλάνθρωπος
1018 3475 1174 3543 ἡμῶν
1228 3475 1529 3542 Δεσπότης,
1563 3474 1700 3526 ἀλλὰ
1730 3475 1795 3525 δι’

223 3570 405 3636 αὐτῆς
428 3568 526 3635 τῆς
560 3567 944 3636 ἀρχαιογονίας
1006 3567 1099 3618 καὶ
1148 3567 1244 3634 τὴν
1278 3566 1433 3618 λύσιν
1487 3566 1666 3618 αὐτῶν
1697 3567 1794 3633 τῆς

222 3660 469 3730 ἀπορίας
496 3659 589 3710 καὶ
619 3658 716 3726 τὴν
745 3658 1062 3726 ἐπιτίμησιν
1084 3659 1302 3725 ἐπάγει.
1336 3660 1456 3711 Οὐκ
1504 3657 1798 3725 ἀνέγνωτε

223 3753 362 3818 γὰρ,
424 3748 579 3816 φησι,
645 3747 732 3798 ὅτι
766 3750 796 3799 ὀ
855 3746 1115 3810 ποιήσας
1175 3745 1395 3809 αὐτοὺς
1451 3743 1795 3812 ἁπίὶρχῆς,

220 3841 423 3906 ἄρσεν
455 3840 552 3890 καὶ
586 3835 741 3901 θῆλυ
759 3837 1048 3902 ἐποίησεν
1091 3836 1352 3900 adrade;
1393 3835 1683 3896 διδάσκων,
1721 3835 1796 3903 μὴ

220 3931 338 3982 δεῖν
372 3930 573 3998 ῥαδίως
622 3928 932 3980 διαλύεσθαι
975 3926 1045 3979 τὰ
1100 3928 1411 3979 συνοικέσια
1465 3925 1588 3994 μηδ’
1626 3926 1798 3987 οὕτως

223 4021 554 4092 προπετῶς,
587 4021 719 4089 πρὸς
741 4020 774 4072 ἀ
799 4020 1028 4071 συνωθεῖ
1064 4021 1125 4071 τὸ
1150 4021 1248 4087 τῆς
1276 4021 1449 4087 ὁρμῆς
1479 4019 1795 4079 ἀκόλαστον,

222 4112 662 4182 καταφέρεσθαι.
691 4113 801 4163 Καὶ
838 4112 918 4163 ὅτι
947 4112 1044 4179 τὴν
1069 4111 1427 4180 δημιουργίαν
1468 4110 1636 4178 αὐτὴν
1655 4109 1799 4161 διδά-

223 4204 438 4256 σκαλον
459 4202 670 4270 ἔχοντες
685 4201 774 4253 τοῦ
801 4202 934 4270 μήτε
949 4201 1059 4270 (5'2)
1075 4201 1280 4253 πλείοσι
1303 4203 1428 4268 μιᾶς
1447 4201 1657 4266 γυναιξὶ
1673 4217 1798 4251 συν-

221 4291 528 4352 άπτεσθαι,
565 4292 700 4360 μήτε
728 4290 959 4358 διασπᾷν
981 4290 1076 4358 τὴν
1112 4292 1426 4356 συνάιρειαν,
1461 4291 1559 4342 οὐκ
1602 4290 1799 4359 ἠθέλη-

221 4399 326 4436 σαν
357 4381 489 4433 οὔτε
523 4381 620 4450 τὴν
650 4382 869 4449 ἐντολὴν
900 4383 961 4431 ὲκ
986 4381 1078 4432 τοῦ
1105 4381 1395 4433 Μωσαῖκοῦ
1424 4381 1796 4432 διδασκαλείου

1897 3207 2173 3276 indignum
2242 3222 2381 3260 esse.
2445 3207 2578 3260 Cum
2645 3207 2898 3261 Pharisaei
2953 3207 3242 3275 aliquando
3301 3221 3449 3273 qua:-

1898 3307 2097 3360 rercnt,
2157 3314 2285 3350 num
2336 3299 2495 3352 liceat
2551 3300 2753 3352 homini
2795 3315 3119 3368 quacunque
3169 3299 3234 3351 de
3289 3314 3452 3351 causa

1898 3405 2117 3441 uxorem
2149 3405 2301 3441 suam
2345 3390 2636 3451 dimittere,
2686 3391 2812 3443 vide
2845 3391 3000 3454 mihi,
3032 3390 3302 3457 quomodo
3346 3404 3455 3442 nou

1899 3478 2136 3540 aliunde,
2189 3493 2289 3532 nec
2326 3493 2390 3531 ex
2430 3479 2646 3546 prOpria
2682 3489 2967 3547 potestate,
3017 3489 3109 3532 aut
3163 3495 3229 3532 ex
3269 3479 3452 3547 gratia:

1897 3568 2141 3621 doctrina
2180 3568 2438 3622 Dominus
2467 3579 2670 3628 noster,
2708 3570 2988 3622 hominum
3026 3570 3455 3631 amantissimus,

1901 3660 1994 3712 sed
2030 3675 2093 3711 ex
2120 3660 2234 3726 ipsa
2270 3660 2560 3713 ereatiouis
2597 3661 2821 3714 historia
2863 3670 2917 3714 et
2963 3662 3324 3729 objectionem
3362 3677 3455 3715 eo-

1904 3766 2022 3803 rum
2081 3752 2274 3814 solvat,
2331 3759 2387 3804 et
2447 3750 2926 3819 reprehensionem
2999 3751 3217 3805 formet.
3272 3752 3457 3804 Nonne

1899 3844 2038 3894 enim
2073 3842 2287 3911 legistis,
2331 3843 2524 3910 inquit,
2547 3844 2682 3910 quod
2743 3843 2831 3912 qui
2886 3845 3002 3912 fecit
3065 3861 3149 3896 eos
3181 3845 3244 3895 ab
3285 3845 3456 3903 initio.

1901 3950 2100 3985 marem
2130 3943 2175 3985 et
2207 3935 2459 4002 feminam
2487 3936 2607 4001 fecit
2627 3949 2708 3986 eos
2723 3933 2766 3963 δ’
2791 3936 2812 3986 ?
2836 3935 2979 3988 clare
3009 3951 3103 4002 per
3128 3935 3294 4003 ipsam
3322 3934 3461 3988 hanc

1901 4022 2282 4076 formationem
2307 4023 2575 4076 diversam
2606 4024 2825 4086 docens,
2861 4040 2969 4076 non
3001 4034 3107 4077 tam
3148 4025 3302 4078 facile
3348 4026 3456 4077 sol-

1901 4128 2028 4165 vere
2062 4113 2223 4165 licere
2253 4114 2544 4174 connubia,
2577 4129 2753 4182 neque
2781 4124 2887 4166 tam
2921 4125 3124 4168 temere
3147 4129 3212 4167 co
3260 4114 3456 4182 abripi,

1902 4220 2010 4271 quo
2038 4204 2268 4272 impetus
2310 4204 2598 4258 difficulter
2637 4207 2967 4258 coercendus
3017 4205 3261 4273 impellit.
3298 4206 3458 4258 Cum—

1902 4310 2006 4363 que
2050 4294 2376 4347 creationem
2422 4295 2590 4362 ipsam
2631 4297 2939 4364 magistram
3008 4296 3290 4360 haberent,
3317 4297 3457 4363 quod

1902 4401 2005 4439 nec
2033 4386 2215 4453 plures
2276 4402 2379 4438 una
2433 4390 2688 4456 conjuges
2721 4389 2938 4450 ducere,
2999 4403 3098 4441 nec
3151 4387 3459 4456 coniugium

223 4475 456 4543 μαθεῖν,
490 4471 612 4524 οὗτε
653 4473 712 4523 τὸ
751 4473 952 4541 ἄπορον
975 4471 1086 4538 (55)
1134 4471 1487 4538 ὲπιλυόμενον
1535 4471 1798 4536 συνιδεῖν;
1837 4479 1878 4533 D

1788 4488 1798 4536 ;
1837 4479 1878 4533 D
1909 4477 2164 4529 dirimere
2190 4477 2378 4539 liceat;
2409 4477 2482 4528 illi
2512 4487 2689 4530 tamen
2726 4493 2825 4530 nec
2869 4487 3195 4545 prieeeptum
3250 4477 3352 4530 hoc
3397 4491 3460 4531 ex

232 4565 385 4617 Ἀλλ’
422 4564 588 4623 αὐτὸς
630 4561 841 4613 ἐκεῖθεν
889 4561 1020 4631 πρὸς
1055 4561 1311 4630 ἑκάτερον
1351 4560 1805 4630 παραταξάμενος

222 4655 399 4723 μόνον
457 4651 642 4702 λοιπὸν
697 4651 827 4702 ἴδιον
880 4650 968 4701 τὸν
1026 4650 1252 4702 παλαιὸν
1305 4655 1560 4715 ποιεῖται,
1610 4652 1705 4704 καὶ
1739 4651 1805 4703 δι’

218 4746 451 4797 ἐκείνου
477 4743 665 4794 πλέκει
697 4742 786 4794 τὸν
811 4745 908 4812 τῆς
939 4743 1182 4812 χάριτος.
1224 4743 1280 4795 'U
1309 4744 1416 4812 γὰρ
1440 4745 1503 4795 ἐκ
1539 4745 1611 4815 μὴ
1636 4744 1804 4796 ὄντων

220 4836 462 4888 ᾶπαντα.
484 4832 843 4901 παραγαγὼν,
875 4833 941 4884 δι’
970 4827 1042 4885 ὧν
1069 4836 1147 4895 εἰς
1183 4835 1345 4902 ἀρσεν
1391 4836 1483 4886 καὶ
1535 4835 1668 4904 θῆλυ
1708 4835 1807 4903 τὴν

218 4920 589 4991 ἀνθρωπίνην
617 4920 777 4988 φύσιν
810 4921 1105 4990 μορφώσας
1137 4922 1463 4992 διήρθρωσε,
1509 4927 1599 4975 καὶ
1624 4926 1702 4987 είς
1747 4926 1804 4976 ἓν

219 5012 492 5082 αλλήλοις
522 5013 877 5081 συνήρμοσεν,
916 5013 1120 5074 ἐκεῖνός
1152 5015 1287 5075 ἐστι,
1311 5015 1470 5082 φησιν
1493 5053 1507 5076 ,
1538 5017 1564 5067 ό
1601 5017 1694 5068 καὶ
1736 5018 1803 5068 τὰ

223 5106 539 5175 σπέρματα
569 5103 660 5156 τοῦ
700 5104 865 5172 νόμου
914 5105 1256 5167 καταϐαλὼν,
1310 5106 1364 5169 ὃς
1416 5107 1489 5176 μὴ
1524 5107 1635 5160 δεῖν
1669 5125 1802 5178 μοχ-

222 5197 404 5266 θηρίᾳ.
466 5194 695 5264 γνώμης
777 5196 871 5247 ἀπ’
933 5195 1178 5265 ἀλλήλων
1225 5199 1353 5260 τοὺς
1437 5200 1805 5268 συναφθέντας

293 5343 344 5373 ⁸³
375 5339 577 5394 Matth.
619 5354 728 5402 nx,
766 5339 819 5391 4.

1907 4567 2192 4635 disciplina
2220 4568 2449 4621 Mosaica
2468 4569 2695 4632 discere,
2724 4585 2899 4637 neque
2921 4569 3287 4622 difﬁcultatem
3315 4568 3464 4622 solu—

1906 4668 2013 4712 tam
2036 4659 2217 4712 videre
2255 4660 2524 4713 volebant.
2547 4662 2614 4712 At
2645 4661 2730 4712 ille
2781 4661 2906 4713 inde
2939 4670 3128 4714 contra
3172 4669 3462 4728 utrumque

1907 4750 2212 4814 decertans,
2257 4763 2493 4805 veterem
2553 4761 2761 4806 tantum
2814 4769 2983 4822 .egem
3035 4753 3306 4820 propriam
3360 4753 3461 4805 sibi

1907 4841 2053 4904 fecit,
2086 4850 2245 4909 atque
2281 4843 2405 4895 hinc
2433 4859 2571 4905 eam,
2607 4859 2727 4911 qua:
2761 4845 2941 4912 gratiae
2971 4851 3074 4905 est,
3121 4842 3308 4894 noetit.
3361 4840 3463 4906 Qui

1911 4934 2056 4986 enim
2083 4949 2144 4987 ex
2179 4949 2287 4986 non
2314 4935 2697 4989 CXSISII'IHIDUS
2730 4935 2907 4988 omnia
2942 4935 3215 5002 produxit,
3251 4949 3313 4986 ex
3340 4934 3463 5001 qui-

1910 5025 2012 5078 bus
2049 5025 2334 5078 humanam
2393 5024 2641 5102 naturam
2679 5027 2729 5079 in
2765 5028 3062 5080 masculum
3116 5037 3170 5080 et
3209 5026 3461 5080 feminam

1912 5113 2193 5168 formando
2217 5115 2392 5179 finxit,
2427 5126 2482 5169 et
2507 5127 2790 5183 utrumque
2822 5115 2874 5168 in
2915 5132 3081 5168 unum
3132 5115 3413 5183 conjunxit
3447 5135 3461 5180 ;

1912 5205 1979 5270 is,
2012 5205 2206 5274 inquit,
2242 5206 2382 5261 idem
2413 5217 2515 5272 est,
2540 5208 2629 5276 qui
2658 5217 2712 5260 et
2739 5206 2900 5277 hujus
2923 5208 3055 5276 legis
3083 5209 3287 5261 semina
3318 5222 3465 5275 spar-

1353 5480 1586 5536 V'ARUE
1622 5481 2006 5541 LEC'PIONES
2041 5486 2128 5542 ΕΤ
2149 5486 2378 5544 NOTAE.

292 5611 421 5674 (52)
445 5602 635 5666 Μήτε.
661 5602 736 5658 lta
773 5605 963 5673 scripsi
1020 5619 1115 5673 pro
1150 5606 1265 5674 ἥτε,
1293 5604 1433 5672 quod
1458 5619 1563 5659 non
1607 5604 1805 5660 admit-

223 5682 292 5736 tit
317 5689 570 5746 sequens
595 5676 755 5742 μήτε.

292 5743 419 5818 (55)
457 5745 731 5809 Ἄπορον.
760 5743 907 5798 lianc
942 5758 1128 5798 vocem
1157 5745 1368 5811 reposui
1415 5760 1511 5813 pro
1547 5746 1802 5814 ἄσπορον,

1912 5609 2057 5676 quod
2092 5617 2209 5662 erat
2238 5609 2292 5662 in
2330 5624 2432 5662 ms.
2473 5606 2712 5678 Ἀπορον
2750 5607 2897 5678 enim
2945 5620 3094 5678 mque
3128 5618 3217 5678 __ae
3266 5603 3465 5670 ἀπορία

1915 5674 2074 5745 paulo
2109 5689 2234 5733 ante
2271 5679 2468 5733 nodum
2509 5674 2720 5732 vindice
2745 5677 2966 5746 dignum
3005 5674 3286 5744 significat.
