4234 6432
784 405 890 469 259

1901 383 2163 448 ΡΗΟΤΙΙ
2197 371 2702 442 PATRIARCHIE
2735 373 2846 432 Cl’.

3916 346 4024 410 260

787 521 880 585 sit;
929 526 984 572 et
1036 512 1293 585 praecepit
1331 507 1474 580 quod
1517 523 1626 561 non
1661 506 1820 559 liceat
1854 519 1919 558 ex
1961 503 2144 571 iniqua
2183 498 2351 552 animi
2381 501 2459 559 A1

2381 501 2428 559 Α
2453 492 2666 547 κελεύει
2699 485 3030 549 διίστασθαι,
3066 481 3188 554 μηδ’
3222 473 3544 548 ὑπερορίους
3575 468 3788 541 ἡδονὰς,
3811 468 3905 520 xui
3924 464 4026 534 τὴν

2515 584 2518 585 ⁷
2674 583 2686 585 -
2756 581 2766 585 ·
2999 577 3008 585 ·
3225 570 3283 585 ιο
3331 569 3377 585 ιν
3418 583 3460 585 ..
3511 559 3854 585 _-\-.-._..l..-
3895 572 4026 585 η.--

787 609 1055 664 sententia
1076 606 1244 661 semel
1267 604 1585 672 coniunctos
1623 616 1652 653 a
1701 615 1760 652 se
1800 597 2032 651 invicem
2072 605 2346 662 separare,

786 718 960 770 neque
978 699 1292 753 immodicas
1305 693 1494 749 sectari
1513 692 1855 760 cupiditates,
1870 696 1924 742 et
1941 686 2250 740 introducto
2263 699 2351 751 po-

785 792 1042 862 lygamias
1059 789 1187 841 vitio
1214 785 1494 839 hominum
1521 781 1924 852 generationem
1955 773 2348 830 contaminare.

795 883 979 946 Vides,
1007 879 1278 950 quomodo
1302 877 1430 930 inde
1452 878 1518 928 ab
1547 875 1846 943 originibus
1885 868 2071 923 mundi
2104 865 2353 919 Mosaieis

791 977 963 1044 legem
981 987 1131 1024 suam
1156 976 1386 1037 repetat,
1407 977 1567 1034 atquc
1592 964 1716 1017 inde
1734 963 1945 1016 initium
1966 976 2124 1014 suum
2154 958 2354 1010 habere

790 1064 1064 1119 ostendat.
1101 1061 1296 1113 Postea
1324 1075 1431 1111 non
1466 1057 1682 1111 Judaeos
1711 1055 1883 1124 magis
1908 1069 2004 1122 per
2033 1051 2348 1104 Creatorem

792 1169 846 1210 et
885 1154 1220 1208 creationem
1273 1151 1339 1204 ad
1394 1148 1668 1201 silentium
1732 1147 2001 1214 redigens,
2058 1157 2220 1210 quam
2263 1154 2358 1191 eos

792 1264 983 1303 omnes
1011 1244 1103 1313 qui
1130 1258 1196 1295 co
1229 1241 1469 1310 provecti
1499 1249 1644 1301 sunt,
1691 1247 1751 1291 ut
1784 1239 2077 1290 humanam
2105 1241 2356 1285 naturam

795 1336 1210 1394 calumnientur,
1259 1340 1313 1384 et
1368 1330 1773 1400 generationem
1834 1326 2115 1378 hominum
2176 1337 2241 1374 ex
2300 1335 2360 1372 se

799 1429 1028 1480 invicem
1070 1422 1469 1480 convicieutur,
1503 1429 1624 1487 post
1657 1432 1825 1486 pauca
1856 1414 2136 1482 subiungit
2172 1428 2184 1463 ε
2213 1409 2360 1473 Quod

801 1519 963 1587 igitur
992 1515 1124 1566 Deus
1169 1512 1460 1579 conjunxit,
1517 1513 1667 1562 homo
1703 1525 1764 1560 ne
1796 1515 1998 1573 separet
2022 1505 2085 1556 ".
2119 1502 2236 1555 Non
2267 1501 2361 1554 de-

802 1621 906 1669 ret,
968 1608 1162 1675 inquit,
1213 1622 1346 1673 quas
1407 1603 1552 1655 Deus
1608 1601 1853 1653 condidit
1893 1599 2061 1667 leges,
2110 1593 2366 1648 immanis

800 1697 1053 1752 consiliis
1099 1706 1367 1756 evertere,
1406 1706 1583 1759 neque
1618 1698 1880 1742 creatura:
1911 1685 2196 1745 convenit,
2234 1698 2364 1735 con-

803 1798 886 1843 tra
911 1788 1226 1841 Creatorem
1255 1786 1399 1852 leges
1435 1783 1597 1835 ferre.
1659 1779 1843 1847 Neque
1897 1777 2072 1831 solum
2137 1776 2192 1828 in
2247 1788 2365 1826 eam

2457 675 2577 745 σμῷ
2622 676 2678 742 (5
2689 675 2734 742 ί)

2453 584 2565 637 τῶν
2597 581 2901 650 ἀνθρώπων
2948 577 3164 642 γένεσιν
3218 569 3461 640 ὑὸρίζειν
3506 559 3854 628 πολυγαμίας
3893 572 4028 625 μια-

2825 671 2986 738 Ὀρᾷς
3049 667 3195 726 ὅπως
3257 663 3363 713 una
3423 658 3521 725 τῆς
3580 648 3879 717 Μωσαῖκῆς
3935 663 4032 697 κοο

2459 766 2779 836 σμογενείας
2840 764 2931 814 τὸν
2974 755 3167 811 ἐαυτοῦ
3207 750 3484 806 διαπλέκει
3542 746 3706 812 νόμον
3762 741 3857 793 καὶ
3933 736 4032 804 τὴν

2459 827 2630 927 (ipth
2657 855 2865 907 ἐκεῖθεν
2888 852 3029 920 ἔχειν
3065 845 3398 900 ἐπιδείκνυσι
3427 841 3525 908 τῆς
3561 836 3785 896 θέσεως,
3818 828 3936 882 εἶτα
3963 827 4030 879 ού

2459 952 2584 1009 τοὺς
2627 945 2910 1005 Ἰουδαίους
2961 939 3161 1010 μᾶλλον
3180 932 3552 1002 ἐπιστομίζων
3568 928 3655 982 διὰ
3675 926 3768 979 τοῦ
3787 923 4031 976 πλάστου

2462 1038 2667 1107 καὶτῆς
2686 1037 2956 1096 πλάσεως,
2971 1031 3107 1104 sua
3129 1029 3223 1082 xui
3236 1028 3465 1087 πάντας,
3487 1024 3600 1076 ὅσοι
3623 1016 3928 1085 δυσφημεῖν
3942 1012 4038 1064 τὸν

2463 1129 2750 1198 ἄνθρωπον
2785 1122 3231 1193 παρηνέχθησαν,
3263 1119 3358 1170 xui
3386 1115 3486 1184 τὴν
3516 1114 3575 1178 ἐξ
3615 1110 3860 1180 ἀλλήλων
3899 1121 4036 1198 προ-

2466 1218 2824 1287 πηλακίζουσι
2871 1215 3146 1281 γέννησιν,
3188 1209 3302 1279 μετ’
3335 1207 3513 1272 ὀλίγον
3538 1204 3733 1266 ἐπάγει
3762 1215 3776 1228 ⁶
3827 1201 3895 1249 ‘0
3923 1190 4040 1248 οὖν

2468 1310 2664 1373 όθεὸς
2692 1306 2958 1370 ἔζευξεν,
3000 1303 3309 1367 ἄνθρωπος
3347 1296 3431 1365 μὴ
3472 1292 3771 1363 χωριζέτω.
3810 1290 3882 1340 Ού
3933 1287 4036 1344 δεῖ,

2470 1403 2655 1472 φησὶν,
2682 1399 2772 1461 οὓς
2805 1399 2833 1449 6
2861 1396 2992 1456 Θεὸς
3041 1392 3207 1459 ἔπηξε
3231 1391 3428 1459 νόμους
3463 1383 3827 1454 ἀνθρωπίνοις
3851 1395 4038 1446 παρα-

2470 1492 2737 1546 κινεῖσθαι
2823 1487 3256 1553 σπουδάσμασιν,
3323 1480 3434 1533 οὐδ’
3492 1473 3931 1542 ἁντινομοθετείν
3983 1468 4045 1519 τὸ

2471 1584 2699 1652 πλάσμα
2725 1581 2802 1649 τῷ
2835 1581 3128 1632 Πλάσαντι.
3163 1575 3270 1626 Kui
3301 1572 3361 1624 ού
3389 1571 3550 1640 μέχρι
3574 1565 3841 1631 τοσαύτης
3877 1560 4045 1629 τιμῆς

2471 1677 2568 1746 τὴν
2599 1672 2896 1741 Μωσαῖκὴν
2917 1666 3263 1739 φυσιολογίαν
3291 1665 3503 1731 ἀνάγει.
3543 1661 3658 1714 ἀλλ’
3687 1658 3786 1728 ἤδη
3817 1655 3913 1707 xui
3937 1653 4046 1704 τιὶν

2484 1767 2754 1821 Ἰουδαίων
2801 1762 2896 1816 ἐπὶ
2957 1763 3214 1814 συστάσει
3257 1757 3357 1824 τῆς
3411 1755 3548 1816 ίδίας
3583 1752 3810 1820 γνώμης
3856 1763 3917 1798 τε
3952 1745 4049 1798 xui

805 1881 1130 1949 dignitatem
1161 1876 1447 1930 lilosaicam
1493 1871 1880 1942 physiologiam
1933 1867 2133 1928 evehit,
2170 1865 2263 1918 sed
2313 1873 2368 1916 et
2405 1859 2477 1913 Bi

2405 1858 2630 1927 Βδόξης
2676 1850 3256 1924 άντιπροὸαλλομένων
3292 1865 3352 1900 τε
3401 1846 3497 1899 xui
3557 1840 4050 1911 ἀνθυποφερόντων

805 1988 931 2025 cum
966 1970 1137 2023 Judaei
1169 1963 1763 2035 procommentlatione
1819 1959 2104 2012 sententia:
2152 1970 2264 2008 sua:
2317 1964 2372 2006 et

807 2061 1083 2130 opinionis
1114 2058 1293 2111 Mosen
1339 2053 1651 2124 proferrent
1696 2062 1752 2105 ct
1813 2049 2138 2117 objiccrcnt,
2169 2046 2373 2113 quippe

805 2154 896 2222 qui
931 2153 1062 2220 ipsis
1093 2149 1409 2220 permiserit
1433 2146 1712 2199 dimittere
1738 2158 1958 2205 uxores,
1991 2140 2124 2192 nihil
2153 2138 2256 2206 ipsi
2283 2151 2370 2189 rc-

811 2242 1193 2312 prehensionis
1227 2238 1467 2307 impegit,
1503 2250 1681 2302 neque
1713 2231 1928 2286 crimini
1965 2245 2090 2282 eum
2123 2229 2252 2282 fecit
2275 2226 2373 2280 ob-

812 2337 1054 2389 noxium.
1094 2332 1220 2390 Sed,
1250 2328 1496 2400 quamvis
1527 2343 1590 2380 ex
1623 2327 1737 2394 ipsa
1784 2323 2064 2378 creatione
2118 2321 2377 2390 primaeva

810 2439 869 2481 ct
925 2443 988 2478 ex
1038 2425 1351 2478 Judaeorum
1413 2419 1738 2488 exceptione
1789 2414 2132 2468 occasionem
2187 2420 2380 2464 nactus

813 2529 979 2580 esset,
1013 2530 1228 2568 causam
1263 2512 1423 2578 hujus
1462 2510 1539 2562 rei
1574 2510 1627 2561 in
1675 2508 1857 2560 Mosen
1892 2503 2186 2563 referendi,
2242 2502 2381 2554 adeo

817 2619 994 2660 tamen
1029 2622 1086 2658 se
1122 2621 1149 2656 a
1181 2604 1326 2657 Mose
1356 2601 1665 2655 accusando
1698 2597 1978 2656 abstinuit,
2025 2603 2084 2646 ut
2121 2608 2244 2645 cum
2289 2606 2383 2658 po-

819 2693 928 2744 tius
956 2692 1232 2759 Sapienter
1283 2698 1535 2755 tanquam
1571 2687 1980 2754 dispensantem
2016 2683 2192 2746 egisse
2221 2679 2384 2746 profi—

821 2792 1018 2836 teatur.
1057 2781 1224 2833 Moses
1248 2782 1405 2839 enim,
1439 2779 1617 2847 inquit
1645 2778 1704 2829 ob
1737 2778 1986 2828 duritiem
2021 2773 2190 2825 cordis
2229 2771 2384 2823 vestri

819 2874 1056 2940 permisit
1114 2872 1252 2923 vobis
1310 2870 1570 2922 dimittere
1633 2883 1818 2920 uxores
1850 2867 1917 2919 “.
1985 2863 2097 2918 lloc
2131 2872 2235 2925 est,
2274 2877 2385 2914 non

823 2965 940 3032 ipse
985 2963 1304 3031 pmnitentia
1339 2962 1559 3022 ductus,
1614 2969 1852 3012 veterem
1909 2956 2078 3019 illam,
2109 2969 2384 3022 quamque

825 3054 940 3121 ipse
969 3052 1205 3118 scripsit,
1239 3051 1412 3117 legem
1458 3048 1739 3116 negligens
1785 3047 1850 3098 ad
1893 3045 2129 3098 alterum
2166 3044 2295 3096 illud
2328 3059 2388 3095 se

823 3143 1116 3202 convertit,
1148 3156 1321 3207 neque
1341 3156 1502 3207 quam
1537 3147 1823 3205 acceperat
1849 3138 2132 3196 latentem,
2159 3133 2386 3203 gratiam

2474 1951 2563 2003 τὸν
2588 1950 2816 2013 Μωσέα,
2868 1947 2942 2008 ὡς
2981 1944 3143 2005 αὐτὸς
3203 1942 3386 2001 αὐτοῖς
3436 1936 3735 2006 ἐπέτρεψεν
3792 1929 4051 1984 ἀπολύειν

2474 2043 2572 2100 τὰς
2618 2041 2904 2107 γυναῖκας,
2941 2035 3095 2087 οὐδὲν
3158 2035 3239 2095 είς
3270 2030 3432 2085 αὑτὸν
3492 2026 3741 2095 οὐδαμῶς
3774 2019 4049 2091 ἀπέρριψε

2481 2130 2758 2201 μέμψεως,
2819 2128 2928 2181 οὐδ’
2981 2125 3232 2179 ὑπαίτιον
3281 2121 3597 2190 ἐποιήσατο.
3647 2115 3810 2168 Ἀλλὰ
3868 2113 4050 2165 καίτοι

2479 2222 2618 2290 ἔχων
2639 2222 2732 2272 xui
2767 2220 2867 2288 τὴν
2897 2217 2992 2272 ἀπ’
3036 2217 3211 2286 ἀρχῆς
3245 2216 3308 2266 ἐκ
3357 2213 3456 2280 τῆς
3485 2207 3847 2279 δημιουργίας
3881 2206 4053 2273 άφορ·

2483 2316 2586 2385 μὴν
2621 2314 3049 2385 παροξύνουσαν,
3078 2311 3170 2362 καὶ
3198 2310 3297 2378 τὴν
3341 2304 3637 2374 Ίουδαῖκὴν
3689 2301 3930 2369 ἀπορίαν
3960 2300 4041 2361 εἰς

2480 2407 2571 2458 τὸν
2601 2405 2901 2473 νομοθέτην
2924 2403 3022 2473 τὴν
3045 2402 3228 2454 αἰτίαν
3247 2400 3510 2466 ἐνεγκεῖν,
3542 2395 3793 2450 τοσοῦτον
3817 2391 4058 2459 ἀπέχετο

2480 2497 2543 2549 τὸ
2573 2495 2875 2548 ὑπεύθυνον
2905 2494 3185 2562 ἀποφῆναι
3216 2493 3306 2544 τὸν
3327 2490 3555 2558 Μωσῆν,
3586 2487 3724 2539 ὥστε
3749 2481 3953 2536 καὶτοῦ
3987 2485 4054 2551 τῇ

2483 2587 2890 2656 οἱκονομοῦντος
2913 2586 3262 2654 ἐπεκόσμησε
3292 2583 3471 2651 σοφίᾳ.
3499 2577 3718 2645 Μωσῆς
3735 2579 3866 2646 γὰρ,
3898 2574 4056 2642 φησὶ,

2486 2680 2634 2745 πρὸς
2666 2677 2781 2744 τὴν
2817 2675 3307 2743 σκληροκαρδίαν
3351 2672 3519 2740 ὑμῶν
3555 2671 3886 2736 ἐπέτρεψεν
3913 2667 4061 2719 ἀπο-

2486 2771 2673 2823 λῦσαι
2698 2775 2802 2833 τὰς
2830 2767 3139 2837 γυναῖκας,
3171 2765 3468 2827 τουτέστιν,
3495 2765 3592 2815 οὑκ
3615 2762 3773 2822 αὑτὸς
3798 2761 3862 2811 ἐκ
3895 2775 4065 2829 μετα-

2492 2861 2731 2930 μελείας,
2751 2862 2842 2910 τὸν
2858 2861 3102 2928 ἀρχαῖον,
3132 2858 3224 2910 xui
3245 2857 3303 2908 ὃν
3330 2855 3588 2923 ἔγραψεν,
3609 2850 3877 2922 ὑπεριδὼν
3896 2851 4065 2918 νόμον

2490 2953 2624 3022 πρὸς
2675 2952 2932 3018 δευτέραν
2963 2950 3239 3016 ἀπόφασιν
3271 2946 3618 3015 ἐπεστράφη,
3658 2943 3766 2995 οὐδ’
3803 2942 3865 3010 ἣν
3901 2942 4064 3010 χάριν

2492 3043 2649 3095 ἔλαϐε
2696 3040 3060 3094 λανθάνουσαν
3108 3037 3461 3104 καταγγεῖλαι
3511 3035 3662 3087 θείαν
3698 3031 4065 3100 δημιουργίαν

2496 3134 2770 3202 λογισμῶν
2802 3132 2975 3184 ὀπίσω
2997 3130 3242 3198 θέμενος,
3263 3128 3433 3188 οὐδεὶς
3453 3125 3612 3178 αὑτὸν
3628 3124 3729 3193 ὁρᾷ
3755 3122 3845 3174 τοῦ
3865 3121 4068 3172 διεσίου

822 3237 1060 3290 divinam
1130 3234 1464 3286 creationem
1529 3231 1857 3300 exponendi,
1917 3191 2464 3282 suis.ratiociniisC

2421 3191 2464 3246 ϐ
2503 3191 2618 3294 (sic)
2654 3191 2721 3273 τὸ
2761 3222 3026 3284 ὑπαίτιον,
3064 3191 3209 3272 sm
3233 3191 3298 3270 τὸ
3331 3219 3592 3286 ὑμέτερον
3641 3191 4069 3282 σκληροκάρδιον

826 3326 1152 3396 postposnit,
1199 3334 1362 3391 atque
1390 3325 1527 3376 adeo
1558 3339 1659 3376 nec
1695 3321 1980 3374 divisionis
2023 3319 2191 3385 hujus
2229 3333 2394 3370 causa

828 3418 1055 3477 exstitit,
1109 3414 1204 3465 sed
1232 3413 1463 3464 durities
1514 3410 1696 3464 cordis
1743 3408 1909 3462 vestri
1942 3421 2160 3459 omnem
2201 3405 2255 3456 in
2297 3419 2395 3455 vos

826 3521 1046 3559 causam
1081 3505 1266 3558 refert.
1305 3503 1441 3556 Cum
1477 3503 1624 3554 enim
1668 3501 1755 3553 illa
1815 3499 2112 3565 perfectam
2141 3497 2274 3566 legis
2305 3511 2396 3547 ra-

832 3598 1033 3649 tionem
1089 3595 1333 3662 recipere
1370 3592 1554 3654 nollet,
1612 3601 1666 3644 et
1716 3590 1913 3660 prioris
1941 3590 2084 3642 illius
2134 3585 2394 3657 praecepti

832 3687 1190 3740 mutationem
1251 3685 1405 3738 vobis
1468 3683 1697 3752 peperit.
1758 3692 1812 3734 et
1853 3681 2138 3734 allectibus
2198 3679 2396 3731 vestris

833 3779 1045 3830 frenum
1074 3777 1199 3829 boni
1231 3775 1440 3828 ordinis
1466 3775 1715 3827 nonnihil
1760 3773 1942 3824 lavare
1977 3771 2171 3838 coegit.
2211 3769 2398 3837 Neque

831 3871 976 3922 enim
1014 3869 1112 3930 vir,
1145 3868 1234 3936 qui
1269 3867 1438 3920 Deum
1481 3867 1637 3927 vidit,
1663 3865 1914 3933 neglecto
1943 3862 2235 3916 creationis
2258 3877 2398 3928 prae-

835 3967 1013 4026 cepto,
1041 3958 1104 4009 ad
1131 3957 1274 4008 aliud
1311 3957 1588 4025 digressus
1623 3964 1725 4017 est,
1751 3954 1847 4007 sed
1871 3962 2053 4005 vestra
2090 3967 2392 4020 repugnan-

840 4052 908 4103 tia
939 4068 968 4103 a
1005 4050 1179 4118 rigore
1209 4049 1328 4116 ejus
1360 4047 1636 4100 remittere
1667 4045 1871 4113 aliquid
1905 4060 2001 4112 per
2036 4043 2400 4111 dispensatio-

839 4154 962 4190 nem
1001 4140 1216 4191 suasit:
1284 4152 1352 4188 nc
1419 4135 1580 4195 forte,
1631 4149 1754 4187 cum
1808 4131 2142 4186 connubium
2199 4145 2397 4183 nexum

836 4233 1054 4298 juberet
1101 4244 1219 4282 esse
1274 4227 1730 4288 iudissolubilem,
1764 4225 1995 4277 durities
2045 4231 2102 4275 et
2155 4222 2401 4291 rigidilas

841 4320 1042 4374 mentis
1089 4318 1259 4370 multo
1299 4316 1482 4384 pejora
1543 4314 1798 4373 efficeret,
1842 4313 2138 4366 homicidio
2195 4311 2403 4364 scilicet

841 4412 1164 4465 solutionem
1196 4423 1518 4477 procurans,
1557 4422 1716 4473 quam
1756 4405 1806 4457 vi
1850 4405 1982 4473 legis
2038 4412 2090 4456 ct
2144 4403 2402 4455 doctrina:

841 4519 949 4556 non
982 4503 1167 4555 liceret
1216 4499 1447 4552 ellicere.
1486 4498 1578 4551 llis
1632 4496 1932 4549 ratiociniis
1967 4505 2017 4548 et
2069 4494 2403 4562 argumentis

845 4596 1101 4647 Servator
1131 4591 1389 4658 ﬂagitium
1420 4589 1730 4643 Jndzeorum
1768 4587 1998 4654 castigat
2024 4586 2243 4652 quidem
2263 4623 2276 4645 ,
2308 4585 2401 4636 sed

845 4697 900 4738 et
949 4683 1111 4737 simul
1151 4681 1509 4749 quaestionem
1562 4678 1858 4746 sophistice
1911 4677 2172 4744 prolatam
2221 4675 2400 4735 solvit,

844 4789 1142 4841 omnesque
1176 4773 1338 4825 docet
1367 4780 1424 4823 ut
1453 4786 1576 4822 eum
1621 4769 1797 4822 sciant
1826 4776 2072 4821 nostrum
2118 4781 2239 4819 esse
2269 4781 2403 4819 con-

845 4869 1099 4925 ditorem,
1150 4864 1305 4929 cujus
1337 4863 1499 4915 etiam
1539 4861 1654 4912 haec
1707 4860 1792 4911 lex
1831 4869 1933 4920 est,
1978 4867 2034 4908 ut
2085 4857 2311 4908 maritus
2338 4856 2405 4907 ab

849 4969 1013 5006 uxore
1044 4968 1150 5005 non
1194 4952 1430 5004 recedat.
1474 4950 1605 5013 Qus:
1650 4948 1865 5015 quidem
1913 4946 2068 4998 initio
2104 4945 2218 5012 ipsa
2246 4960 2400 4998 erea-

848 5045 995 5097 tione
1026 5042 1491 5110 eteonjunctionc
1559 5039 1611 5091 in
1662 5047 2015 5102 antecessum
2061 5037 2401 5100 adumbrata,

847 5136 1041 5189 deinde
1078 5150 1203 5188 vero
1239 5133 1464 5187 consilio
1509 5140 1565 5184 et
1604 5110 1782 5182 verbis
1812 5129 1943 5195 ipsis
1994 5128 2325 5197 promulgata
2355 5137 2406 5181 et

848 5229 1048 5280 diserte
1079 5226 1357 5295 proposita
1385 5234 1487 5277 est.
1516 5223 1754 5290 Namque
1779 5221 2059 5273 Trinitatis
2090 5220 2312 5274 inﬁnita:
2351 5229 2407 5273 et

847 5317 1541 5386 omnipotentisntbonitas
1573 5323 1625 5368 et
1651 5327 1876 5382 regnum
1899 5322 1953 5366 et
1978 5312 2300 5381 potentiam.
2333 5311 2405 5366 ita

933 5456 978 5485 ⁸³
1010 5454 1200 5508 Mullll.
1236 5455 1287 5508 6.
1366 5453 1408 5484 ³⁸
1440 5453 1550 5507 ibid
1609 5470 1717 5506 XIX.
1757 5453 1809 5507 8.

2497 3319 2577 3377 εἰς
2603 3315 2748 3382 ὑμᾶς
2775 3315 2955 3364 πᾶσαν
2989 3312 3198 3380 ἀνάρτᾷ
3231 3310 3329 3376 τὴν
3383 3309 3583 3360 αἰτίαν.
3621 3305 3710 3374 Μὴ
3743 3303 4072 3373 βουλόμενον

2497 3407 2607 3474 γὰρ
2639 3403 3041 3472 παραδέχεσθαι
3088 3402 3187 3470 τὴν
3227 3399 3541 3466 τελειότητα
3588 3398 3686 3463 τῆς
3719 3395 4070 3464 νομοθεσίας,

2499 3497 2594 3546 xui
2633 3493 2725 3546 τοῦ
2785 3492 3052 3560 πριτέρου
3096 3492 3259 3558 νόμου
3287 3489 3385 3557 τὴν
3439 3487 3741 3554 μεταῦολὴν
3783 3487 3911 3553 ὑμῖν
3941 3501 4076 3536 κατ·

2500 3585 2772 3655 επράξατο
2798 3586 2890 3636 xui
2929 3585 3047 3640 ταῖς
3091 3585 3290 3650 ὁρμαῖς
3320 3582 3640 3647 καθυφεῖναι
3671 3578 3760 3629 τὸν
3784 3578 3884 3645 τῆς
3911 3577 4078 3629 εὑτα-

2500 3679 2616 3743 ξίας
2647 3676 2859 3746 χαλινὸν
2891 3675 3166 3726 ἐϐιάσατο.
3230 3675 3304 3726 Ού
3355 3674 3464 3741 γὰρ
3508 3671 3790 3742 ὑπερορῶν
3826 3670 3994 3722 ποοεν
4047 3671 4076 3721 6

2501 3771 2732 3838 θεὸπτης
2784 3770 2843 3821 τὸ
2898 3768 2998 3836 τῆς
3027 3767 3390 3836 δημιουργίας
3432 3766 3755 3834 πρόσταγμα
3786 3765 3921 3831 πρὸς
3960 3764 4077 3816 ’ἐτε-

2504 3880 2592 3932 ρον
2623 3860 3022 3929 ηὑτομόληκεν,
3053 3858 3190 3910 ἀλλὰ
3217 3856 3278 3908 τὺ
3311 3855 3462 3925 ὑμῶν
3515 3855 3894 3924 άπαράδεκτον
3927 3856 4075 3905 οἱκο-

2498 3953 2660 4022 νομία
2699 3952 2856 4003 λῦσαι
2912 3951 3009 4020 τὴν
3061 3949 3350 4018 ἀκρίϐειαν
3411 3945 3847 4006 συνεϐούλευσεν,
3895 3943 3972 4004 ὡς
4006 3942 4074 3994 ἂν

2504 4043 2598 4112 μὴ,
2631 4042 2729 4110 τῆς
2780 4041 3071 4109 συναφείας
3124 4039 3353 4107 ἐχούσης
3389 4037 3447 4088 τὸ
3477 4037 3781 4096 ἀδιάλυτον,
3809 4036 3870 4085 τὸ
3904 4034 4074 4102 σκλη-

2505 4134 2592 4202 ρὸν
2626 4133 2724 4201 τῆς
2751 4132 2975 4201 γνώμης
3015 4132 3107 4182 xui
3145 4130 3204 4181 τὸ
3234 4131 3524 4198 ἀνήμερον,
3557 4128 3623 4179 τὰ
3662 4125 3841 4194 πολλῷ
3875 4141 4077 4191 κατερ-

2501 4225 2721 4290 γάσοιτο
2764 4224 3004 4292 χείρονα,
3068 4222 3211 4290 φόνῳ
3269 4221 3369 4288 τὴν
3433 4218 3607 4282 λύσιν,
3640 4218 3722 4270 ὃτι
3775 4218 3850 4286 μὴ
3896 4216 4078 4279 ἔξεστι

2502 4315 2754 4382 δόγματι,

2845 4313 3355 4382 ἐπιμηχανώμενον.
3439 4310 3716 4371 Τοιούτοις
3788 4307 4078 4376 λογισμοῖς

2503 4407 2530 4457 6
2565 4405 2753 4472 Σωτὴρ
2803 4404 2896 4455 xui
2965 4404 3343 4470 ἐνθυμήμασιν
3401 4394 3771 4470 άπορῤαπίζει
3832 4401 3934 4468 μὲν
3965 4401 4078 4452 τῶν

2436 4516 2480 4571 D
2540 4491 2789 4545 Ιουδαίων
2818 4494 2878 4543 τὸ
2913 4493 3301 4559 κακούργημα,
3337 4490 3452 4541 λύει
3486 4489 3542 4541 δέ
3572 4489 3632 4540 τὸ
3677 4490 4078 4555 σεσοφισμένον

2507 4584 2604 4652 τῆς
2634 4584 2970 4653 ἐρωτήσεως.
3009 4584 3114 4634 Καὶ
3142 4581 3384 4633 παιδεύει
3418 4582 3647 4641 πάντας,
3677 4581 3884 4632 ἐκεῖνον
3919 4580 4078 4648 ἡμῶν

2503 4675 2698 4726 εἰδέναι
2723 4673 3078 4744 δημιουργὸν,
3119 4666 3178 4724 οὗ
3211 4673 3305 4724 xui
3354 4673 3446 4722 τὸν
3480 4671 3646 4740 ἄνδρα
3671 4670 3772 4738 τῆς
3816 4672 4079 4737 γυναικὸς

2505 4767 2666 4834 νόμος
2722 4768 2838 4818 ἐστὶ
2897 4767 2970 4835 μὴ
3005 4767 3330 4818 διῖστασθαι.
3368 4764 3664 4832 Καταρχὰς
3715 4779 3813 4832 μεν
3862 4766 3929 4832 τῇ
3965 4764 4080 4814 δια-

2508 4857 2701 4909 πλάσει
2728 4858 2822 4909 καὶ
2853 4858 3114 4926 συναφεία
3159 4856 3325 4908 οίονεὶ
3351 4857 3696 4921 τυπούμενος
3741 4854 4080 4923 προϐουλεύ-

2513 4962 2663 5014 ματι,
2698 4945 2923 5012 ὕστερον
2950 4945 3005 4997 δὲ
3033 4946 3125 4997 καὶ
3153 4946 3387 5014 ῥήμασιν
3430 4944 3610 5003 αὐτοῖς
3642 4942 4080 5010 ἐμφανιζόμενᾶς

2508 5055 2566 5090 τε
2620 5039 2713 5091 xui
2764 5038 3060 5107 διαρρήδην
3113 5037 3532 5105 κηρυττόμενος.
3593 5037 3703 5087 Καὶ
3752 5035 3860 5105 γὰρ
3899 5036 4079 5086 κοινόν

2508 5130 2623 5180 ἐστι
2654 5132 2747 5182 καὶ
2772 5131 3066 5198 ἀμέριστον
3120 5128 3219 5196 τῆς
3262 5129 3587 5196 ύπερουσίου
3621 5127 3714 5178 καὶ
3763 5142 4076 5195 παντοκρα-

2511 5222 2736 5291 τορικῆς
2783 5223 3034 5292 Τριάδος,
3074 5221 3260 5288 ὥσπερ
3286 5221 3346 5273 τὸ
3377 5219 3579 5286 ἀγαθὸν
3623 5220 3716 5270 καὶ
3757 5221 3789 5287 ἠ
3831 5218 4082 5284 βασιλεία

2512 5316 2603 5366 xui
2631 5315 2665 5383 ἡ
2699 5313 2930 5382 δύναμις
2974 5313 3116 5366 οὕτω
3178 5314 3272 5365 xui
3307 5313 3401 5381 τῆς
3432 5311 3793 5382 δημιουργίας
3833 5311 3930 5362 καὶ
3981 5309 4084 5377 τῆς

1964 5614 2192 5670 νΑιιιιιΕ
2227 5611 2609 5669 LECTIONES
2648 5611 2733 5664 ET
2759 5609 2991 5665 ΝΟΤᾸΞ.

929 5778 1039 5850 (54)
1066 5778 1334 5847 Μιασμῷ.
1365 5776 1453 5832 Sic
1483 5776 1672 5848 scripsi
1705 5793 1801 5846 pro
1834 5757 2067 5847 μίασμα,
2116 5775 2259 5845 quod
2304 5789 2407 5829 ms.
2447 5770 2601 5826 exhib

2201 5775 2259 5831 )d
2304 5789 2407 5829 ms.
2447 5769 2761 5826 exhibebat.
2795 5767 2959 5823 Forte
2988 5767 3154 5821 etiam
3185 5776 3329 5822 recte
3354 5763 3546 5837 legeris
3581 5763 3873 5832 μιάσματι.
