4234 6432
206 397 308 460 261

1237 394 1533 455 CONTRA
1568 393 2023 455 ΜΛΝῘΟΗᾸΞΟΞ
2060 396 2286 455 LIBER
2330 396 2422 456 IV.

3329 404 3439 466 262

208 510 528 578 νομοθεσίας
544 510 604 561 τὸ
616 510 851 576 ἀξίωμα.
870 507 961 559 Διό
978 508 1070 560 καὶ
1083 506 1176 559 τοῦ
1198 508 1461 577 παρόντος
1477 507 1769 575 νόμου,(55)
1801 512 1846 565 Α

1760 510 1769 568 )
1801 512 1846 565 Α
1880 517 1934 558 et
1963 508 2256 561 creationis
2307 507 2541 576 dignitas
2562 508 2873 562 communia
2908 522 3040 565 sunt
3076 522 3130 566 et
3179 513 3432 570 indivisa.

208 600 353 652 κατά
418 602 517 668 μὲν
585 601 685 669 τὴν
745 599 1125 669 ἀρχαιογονίαν
1176 601 1203 651 6
1242 597 1337 649 τοῦ
1394 597 1601 665 Πατρὸς
1650 596 1778 657 Υἱὸς

205 686 493 753 δμοούσιος
542 687 608 738 τά
666 689 955 756 σπέρματα
1024 688 1444 748 καταϐάλλεται,
1505 690 1684 757 σάρκα
1719 686 1776 738 δὲ

205 778 390 828 λαϐὼν
423 778 521 846 τὴν
575 779 711 848 ἐμὴν
752 780 844 831 καὶ
893 781 1005 841 τοῖς
1053 780 1358 848 ἀνθρώποις
1387 779 1460 840 ώς
1490 778 1772 846 ἄνθρωπος

206 868 742 935 ὲμπολιτευσάμενος
799 870 889 920 καὶ
964 870 1203 939 ῥήμασιν
1246 870 1428 929 αὐτοῖς
1483 868 1773 936 ἀπαρτίζει

204 960 396 1013 τοῦτον
433 966 523 1013 καὶ
572 961 839 1029 ἐκτίθησι.
893 963 1005 1014 Καὶ
1046 962 1160 1023 πῶς
1209 961 1308 1013 οὐκ
1359 962 1423 1013 ἀν
1446 978 1524 1023 τις
1566 961 1771 1031 φρίξειε

204 1055 305 1121 τῆς
341 1053 588 1115 ἐναντίας
621 1053 817 1122 μοίρας
847 1053 878 1122 ἢ
908 1054 1007 1122 τὴν
1043 1053 1238 1106 πλάσιν
1261 1052 1437 1122 ἡμῶν,
1463 1054 1494 1122 ἢ
1526 1054 1615 1105 τὸν
1640 1054 1772 1107 Μω-

206 1145 325 1207 σέα,
358 1146 390 1213 ἦ
435 1145 530 1214 τὴν
583 1147 974 1214 κοσμογένειαν
1008 1145 1081 1215 μὴ
1116 1146 1198 1197 ὅτι
1249 1145 1599 1212 φθέγξασθαι,
1637 1143 1773 1197 ἀλλά

205 1237 298 1285 καὶ
328 1236 607 1302 λογισμοῖς
642 1238 737 1304 τῆς
769 1236 1027 1303 τοιαύτης
1083 1234 1452 1303 βλασφημίας,
1483 1236 1577 1287 τοῦ
1603 1250 1772 1303 πονη-

204 1326 303 1394 ροῦ
348 1328 798 1394 προσϐάλλοντος,
843 1328 945 1379 κάν
996 1327 1268 1397 ὲπίϐραχυ
1292 1327 1474 1378 δοῦναι
1496 1328 1559 1395 τῇ
1580 1326 1771 1377 δυσσε-

202 1414 327 1484 ϐεία
360 1417 720 1484 κυμαίνεσθαι
744 1418 843 1485 τήν
873 1417 1134 1480 διάνοιαν,
1168 1417 1305 1468 ἀλλά
1336 1416 1411 1487 μὴ
1458 1416 1650 1468 θᾶττον
1678 1416 1770 1466 καὶ

202 1508 375 1576 αὐτὴν
402 1508 692 1559 ἀποσοϐεῖν
730 1508 827 1578 τὴν
859 1511 1054 1577 πεῖραν
1104 1508 1199 1560 καὶ
1232 1510 1370 1577 μετά
1412 1507 1769 1577 σφοδρότητος

200 1599 633 1667 ἀποτρέπεσθαι.

271 1692 392 1742 AA'.
453 1690 638 1757 Χωρὶς
670 1688 723 1740 δὲ
760 1689 865 1740 τῶν
939 1689 1247 1759 εἰρημένων
1278 1688 1307 1740 6
1336 1688 1611 1757 Δεσπότης
1646 1687 1768 1741 ίδὼν

201 1779 371 1830 αὑτοῦ
407 1780 499 1830 τὸν
536 1781 736 1846 κόσμον
768 1782 861 1833 καὶ
893 1782 1171 1847 γινώσκει,
1228 1780 1324 1832 καὶ
1356 1780 1615 1841 πολλάκις
1650 1782 1768 1832 ἐπι-

196 1872 494 1923 δείκνυται.
544 1872 652 1924 Καὶ
704 1872 819 1933 πῶς
862 1874 910 1923 οἱ
972 1871 1380 1940 ἀλλοτριοῦντες
1440 1871 1600 1924 αὑτὸν
1669 1871 1767 1938 τῆς

196 1964 412 2014 ἐκείνου
454 1964 719 2031 κραταιᾶς
767 1962 948 2032 χειρὸς
987 1963 1086 2013 οὐκ
1133 1962 1405 2031 ἀλλότριοι
1455 1961 1767 2030 περιφανῶς

198 2055 297 2107 καὶ
332 2054 506 2122 αὐτῆς
557 2054 655 2122 τῆς
688 2053 795 2104 τῶν
829 2054 1169 2125 Χριστιανῶν
1219 2054 1589 2122 ἐξελέγχονται
1642 2054 1768 2121 κλή-

196 2159 363 2205 σεως.
406 2145 514 2196 Καὶ
568 2145 677 2213 γὰρ
712 2144 809 2211 τὴν
861 2142 1177 2212 παραϐολὴν
1204 2141 1297 2194 τοῦ
1350 2143 1665 2211 σπείροντος
1706 2142 1766 2193 τὸ

194 2234 364 2285 καλὸν
398 2235 617 2304 σπέρμα
646 2236 705 2285 ὲν
728 2235 806 2304 τῷ
835 2234 989 2302 ἀγρῷ
1020 2234 1206 2296 αὐτοῦ,
1230 2234 1321 2285 καὶ
1351 2233 1448 2303 τὴν
1474 2232 1582 2284 τῶν
1613 2232 1762 2296 ζιζα-

196 2328 327 2378 νίων
350 2327 677 2394 ὲπισποράν,
710 2328 742 2396 ἡ
776 2328 1129 2379 καθεύδουσιν
1156 2328 1475 2395 ἐπιθέμενος
1513 2327 1765 2394 ἔσπειρεν

194 2421 223 2470 6
275 2419 493 2487 ἐχθρὸς,
539 2420 743 2487 ταύτην
796 2418 859 2487 δὴ
914 2421 1023 2480 τοῖς
1080 2418 1348 2485 μαθηταῖς
1407 2415 1765 2467 ἀναπτύσσων

196 2509 415 2563 αἰτοῦσι
446 2509 659 2579 μαθεῖν.
704 2509 767 2561 '0
791 2509 1074 2575 σπείρων,
1113 2509 1266 2577 φησὶ,
1306 2507 1498 2560 καλὸν
1526 2507 1766 2574 σπέρμα

194 2606 373 2659 ἐστὶν
403 2609 434 2658 ὀ
464 2606 592 2669 υἱὸς
646 2606 751 2658 τοῦ
786 2604 1116 2671 ἀνθρώπου,
1154 2606 1186 2657 ὀ
1232 2603 1299 2655 δὲ
1323 2604 1503 2671 ἀγρός
1535 2603 1703 2655 ἐστιν
1735 2604 1767 2654 ὁ

194 2699 449 2766 κόσμος.
484 2701 581 2751 Ὃν
610 2701 665 2750 ὲν
690 2701 754 2766 τῇ
780 2698 1125 2749 ἀποτυπώσει
1155 2697 1251 2763 τῆς
1271 2695 1586 2764 παραϐολῆς
1602 2694 1767 2763 ἀγρὸν

196 2788 367 2842 αὐτοῦ
396 2785 537 2847 εἷπε,
576 2788 764 2839 τοῦτον
790 2789 847 2839 ὲν
893 2790 959 2857 τῇ
994 2786 1291 2848 ἀναπτύξει
1340 2786 1541 2853 κόσμον
1569 2785 1766 2852 ὀνομά-

196 2881 307 2943 ζων
344 2881 439 2932 καὶ
487 2879 684 2948 δηλῶν,
726 2880 826 2931 οὐκ
865 2878 1027 2931 ἄλλου
1066 2879 1232 2940 τινὸς,
1270 2877 1383 2930 ἀλλ’
1417 2878 1583 2929 αὑτοῦ
1630 2873 1766 2928 εἶναι

194 2972 289 3024 τὸν
313 2972 592 3040 περίγειον
634 2972 854 3038 κόσμον,
885 2972 941 3023 ἐν
973 2963 1016 3036 ᾧ
1051 2970 1142 3022 καὶ
1189 2969 1513 3038 σωματικῶς
1566 2967 1756 3037 παρὼν

197 3058 291 3111 τὸν
340 3060 441 3128 τῆς
493 3060 768 3128 σωτηρίας
814 3058 1085 3126 διέσπειρε
1134 3058 1311 3125 λόγον.
1382 3059 1553 3109 Ὅταν
1612 3054 1702 3108 οὖν
1731 3059 1764 3126 ἡ

1879 596 2114 651 Proinde
2170 609 2226 651 et
2265 598 2552 667 prmsentis
2604 598 2739 670 legis
2788 602 2996 655 semina
3045 604 3097 655 in
3159 606 3439 660 creatione

1878 691 1995 757 ipsa
2028 691 2216 757 Filius,
2250 691 2397 743 Patri
2422 692 2564 757 quod
2591 693 2655 744 ad
2680 694 2974 745 essentiam
3004 696 3247 761 :eqnalis.
3279 712 3436 764 spar-

1876 782 1971 850 git,
1996 797 2162 836 came
2209 797 2338 835 vero
2361 791 2543 834 nostra
2587 792 2880 851 assumpta,
2913 794 2965 836 et
3016 784 3155 837 inter
3188 786 3436 841 homines

1879 882 1937 927 ut
1982 875 2142 927 homo
2182 881 2450 933 versatus,
2501 873 2678 927 verbis
2736 874 2868 941 ipsis
2921 875 3169 927 eamdem
3222 877 3433 943 perlicit

1876 974 2037 1032 atque
2059 964 2302 1032 exponit.
2357 963 2418 1014 Et
2465 964 2587 1030 quis
2617 980 2724 1017 non
2749 957 3123 1028 exhorrescat,
3171 969 3255 1020 vel
3281 984 3433 1021 erea-

1878 1058 2078 1109 tionem
2104 1067 2367 1118 nostram,
2417 1058 2501 1110 vel
2541 1056 2745 1118 Mosen,
2783 1058 2865 1109 vel
2900 1058 3085 1110 mundi
3116 1059 3437 1126 productio-

1874 1165 1997 1202 nem
2031 1165 2138 1201 non
2171 1150 2345 1201 solum
2370 1148 2435 1199 ad
2464 1148 2801 1200 contrarium
2838 1150 3163 1216 principium
3207 1151 3433 1214 referre,

1873 1242 1967 1295 sed
2011 1251 2067 1295 et
2102 1242 2435 1309 blasphemis
2480 1240 2744 1309 ejusmodi
2784 1241 3223 1310 cogitationibus,
3273 1245 3433 1295 anni-

1876 1344 2021 1387 tente
2050 1334 2212 1394 malo,
2275 1334 2624 1401 indulgendo,
2658 1334 2740 1385 vel
2776 1333 2920 1385 brevi
2962 1341 3201 1402 tempore
3235 1340 3430 1403 impie—

1874 1429 1997 1481 tatis
2027 1427 2280 1480 iluctibus
2302 1434 2540 1479 mentem
2568 1426 2902 1494 permittere,
2934 1442 3035 1481 nec
3066 1428 3243 1495 potius
3272 1444 3431 1497 quam

1872 1518 2131 1571 citissime
2164 1518 2334 1585 ipsam
2375 1520 2779 1585 aggressionem
2810 1518 3035 1583 evitare,
3065 1530 3269 1573 etcum
3303 1536 3434 1575 con-

1872 1607 2112 1661 tentione
2144 1606 2382 1658 aversari
2406 1607 2429 1657 ?

1940 1693 2175 1750 XXXIV.
2212 1694 2410 1747 Praeter
2428 1711 2487 1748 ea
2511 1709 2637 1749 vero
2690 1711 2807 1764 qua:
2856 1696 2998 1750 dicta
3070 1709 3219 1764 sunt,
3245 1699 3433 1753 Domi-

1871 1801 1973 1837 nus
1996 1785 2182 1837 videns
2216 1786 2499 1847 mundum,
2534 1788 2776 1855 agnoscit
2803 1802 2982 1849 suum,
3004 1797 3056 1840 et
3080 1790 3181 1843 hoc
3213 1792 3431 1845 nomine

1871 1876 2168 1943 appellans,
2202 1892 2497 1940 agnoscere
2520 1892 2580 1930 se
2612 1878 2869 1931 declarat.
2903 1878 3091 1932 Nonne
3120 1881 3297 1949 itaque
3327 1882 3426 1947 illi,

1870 1967 2100 2036 quieum
2131 1966 2254 2021 forti
2284 1968 2456 2036 ipsius
2478 1969 2660 2021 manui
2699 1970 3041 2031 subtrahunt,
3066 1972 3179 2039 ipsa
3212 1989 3430 2041 quoque

1868 2057 2305 2110 Christianorum
2334 2059 2695 2125 appellatione
2731 2060 2935 2129 indigni
2976 2071 3022 2113 et
3056 2062 3300 2127 privandi
3346 2064 3428 2115 vi-

1866 2147 2174 2200 debuntur?
2217 2145 2531 2200 Parabolam
2581 2150 2724 2201 enim
2758 2151 2823 2203 de
2859 2152 3163 2205 seminante
3225 2154 3429 2209 bonum

1867 2252 2051 2291 semen
2078 2239 2130 2291 in
2158 2254 2283 2308 agro
2305 2254 2425 2302 suo,
2456 2248 2510 2293 et
2541 2241 2872 2295 zizaniorum
2905 2244 3426 2310 disseminationem,

1868 2342 2031 2395 quam
2084 2327 2286 2391 malus,
2333 2330 2738 2385 dormientibus
2812 2333 3114 2397 insidiatus,
3171 2337 3427 2405 suscepit,

1869 2418 2149 2485 discipulis
2162 2419 2295 2483 suis,
2315 2428 2602 2487 utramque
2618 2421 3099 2490 discendicupidis,
3119 2426 3425 2493 explicans:

1868 2508 2073 2573 Serens,
2100 2510 2294 2578 inquit,
2325 2513 2513 2562 bonum
2543 2529 2715 2564 semen
2744 2513 2883 2580 ﬁlius
2918 2516 3141 2568 hominis
3163 2528 3257 2580 est,
3303 2535 3429 2588 ager

1868 2616 1986 2653 vero
2014 2609 2086 2653 est
2107 2601 2328 2653 mundus
2354 2603 2421 2653 ⁵⁵.
2451 2601 2622 2664 Quem
2659 2603 2710 2653 in
2727 2618 2933 2656 summa
2954 2606 3220 2672 parabolze
3241 2624 3427 2676 agrum

1868 2704 2025 2743 suum
2056 2691 2280 2754 dixerat,
2312 2706 2436 2744 eum
2473 2692 2524 2744 in
2568 2693 2928 2760 explicatione
2958 2697 3218 2748 mundum
3248 2709 3427 2762 vocat,

1869 2791 2030 2849 atque
2065 2782 2165 2834 hoc
2205 2782 2322 2849 ipso
2364 2783 2694 2848 manifestat,
2728 2800 2834 2836 non
2863 2786 3087 2839 alterius
3122 2788 3426 2855 cujusdam,

1877 2872 1970 2925 sed
1994 2886 2151 2923 suum
2191 2886 2309 2923 esse
2334 2872 2597 2923 mundum
2641 2881 2973 2935 terrestrem,
3007 2874 3060 2926 in
3089 2890 3198 2942 quo
3236 2891 3430 2944 corpo-

1870 2978 1927 3016 re
1956 2977 2195 3030 praesens
2216 2966 2438 3015 verbum
2472 2963 2662 3016 salutis
2682 2964 2963 3031 sparserit.
2996 2965 3224 3028 Quando
3266 2968 3431 3035 igitur

1868 3054 2068 3107 veritas
2097 3053 2357 3107 mundum
2394 3069 2551 3106 suum
2605 3069 2724 3108 esse
2771 3056 2921 3116 dicit,
2982 3056 3125 3110 idem
3180 3073 3311 3111 vero
3370 3067 3425 3111 et

198 3150 434 3219 ἀλήθεια
478 3150 569 3200 τὸν
602 3149 807 3216 κόσμον
836 3148 1002 3200 αὑτοῦ
1038 3148 1167 3217 λέγῃ
1218 3144 1378 3211 εἶναι,
1411 3148 1562 3215 ἔλεγε
1592 3146 1646 3199 δὲ
1676 3147 1767 3198 καὶ
1793 3162 1835 3223 C

1757 3162 1835 3223 ις
1872 3143 2042 3195 malus
2066 3142 2315 3203 allirmat,
2350 3157 2515 3211 regna
2562 3143 2742 3195 omnia
2788 3143 2891 3197 sibi
2933 3145 3181 3212 subjecta
3228 3146 3429 3200 habere

198 3242 227 3292 ὁ
262 3240 524 3308 πονηρὸς,
582 3240 744 3307 ἡνίκα
776 3239 871 3301 τὰς
920 3239 1191 3308 βασιλείας
1244 3239 1423 3299 πάσας
1467 3237 1769 3306 κατηλαζο-

200 3332 392 3383 νεύετο
426 3329 772 3399 ὑποχειρίους
799 3330 943 3399 ἔχειν
969 3346 980 3356 ·
1014 3332 1060 3381 oi
1091 3330 1146 3387 δὲ
1174 3334 1237 3399 τῇ
1271 3331 1443 3399 τόλμῃ
1471 3330 1568 3397 τῆς
1598 3328 1768 3396 γλώτ-

200 3439 300 3490 της
333 3420 634 3489 ἀφαιροῦσι
706 3421 802 3487 μὲν
860 3419 1021 3471 αὑτὸν
1078 3419 1170 3470 τοῦ
1189 3418 1365 3471 κοινοῦ
1401 3418 1633 3470 Κτίστου
1671 3417 1764 3468 κα)⁸

201 3512 576 3581 Δημιουργοῦ,
614 3512 1005 3564 ὑποϐάλλονται
1047 3512 1101 3563 δὲ
1130 3511 1208 3580 τῷ
1250 3510 1499 3578 διαϐόλῳ,
1533 3506 1641 3579 ἆρα
1669 3512 1769 3563 οὐκ

198 3608 279 3667 εἰς
315 3604 512 3671 ψεῦδος
559 3604 657 3670 μὲν
707 3603 1105 3671 ἀπορρίπτουσι
1151 3603 1247 3671 τὴν
1278 3602 1558 3671 ἀλήθειαν,
1600 3603 1690 3654 τὸν
1724 3602 1769 3653 δ’

199 3695 448 3762 ἀρχηγὸν
479 3693 573 3744 τοῦ
610 3693 836 3761 ψεύδους
870 3692 1095 3762 ἀληθείᾳ
1127 3692 1261 3760 μετὰ
1288 3692 1384 3761 τῆς
1417 3693 1581 3762 ἄλλης
1610 3693 1768 3761 δόξης

199 3785 607 3846 καλλωπίζουσι
650 3786 742 3836 καὶ
800 3783 893 3835 τοῦ
953 3787 1049 3850 μὲν
1110 3788 1377 3835 Δεσπότου
1445 3785 1657 3837 συλοῦσι
1707 3786 1765 3837 τὸ

198 3879 410 3943 κτῆμα,
442 3876 579 3944 μετα
605 3875 699 3926 τοῦ
750 3874 947 3945 λῃστοῦ
988 3876 1039 3925 δὲ
1077 3876 1337 3940 γίνονται,
1383 3876 1474 3927 καὶ
1505 3877 1593 3928 τὸν
1628 3879 1763 3928 ἀπο-

200 3968 372 4035 σάτην
395 3967 491 4018 κα)¹
525 3967 811 4035 μαστιγίαν
863 3969 956 4019 καὶ
990 3966 1279 4034 ἀγνώμονα
1309 3966 1414 4018 τῶν
1462 3968 1762 4035 ὁμοδούλων

196 4056 597 4125 ἀναγορεύουσι
627 4054 850 4124 κύριονς
912 4054 1020 4106 Καὶ
1053 4056 1167 4116 πῶς
1193 4055 1258 4106 ἀν
1303 4051 1445 4108 οὗτοι
1476 4059 1566 4107 τὸν
1587 4057 1760 4127 ἀληθῆ

198 4149 296 4201 καὶ
348 4146 727 4215 φιλάνθρωπον
760 4144 978 4211 ιψονται
1026 4146 1249 4215 Κύριον,
1304 4148 1402 4215 τῆς
1452 4150 1763 4214 τυραννίδος

199 4239 501 4306 συνεργοὺς
538 4236 631 4287 καὶ
669 4236 965 4305 ὑπηρέτας,
1004 4236 1200 4302 μᾶλλον
1228 4236 1283 4288 δὲ
1330 4238 1603 4305 ἀρχηγοὺς
1635 4239 1764 4290 ἑαυ-

192 4331 324 4389 τοὺς
367 4327 819 4396 ἀπογραψάμενοι
845 4343 858 4390 ;
900 4327 1108 4388 ’Ἄλλως
1134 4344 1192 4378 τε
1228 4326 1303 4392 δὲ,
1334 4330 1489 4396 εἴπερ
1522 4329 1594 4399 μὴ
1624 4325 1761 4398 ἦσαν

197 4420 247 4470 οἱ
279 4419 443 4485 ἀγροὶ
474 4419 563 4469 καὶ
597 4420 623 4468 6
656 4418 854 4481 κόσμος
880 4416 970 4467 τοῦ
1006 4417 1211 4483 ἀγαθοῦ
1247 4420 1339 4470 καὶ
1378 4418 1758 4488 φιλανθρώπου

1870 3235 2161 3305 gloriatus:
2196 3235 2249 3287 hi
2284 3244 2463 3287 autem
2498 3236 2742 3287 homines
2761 3238 3060 3290 temerariis
3087 3238 3279 3307 linguis
3302 3254 3428 3291 eum

1870 3326 2141 3379 communi
2190 3325 2434 3378 Creatori
2473 3341 2536 3379 ac
2581 3326 2855 3379 Conditori
2905 3328 3233 3396 subripiunt,
3268 3329 3429 3383 vicis-

1870 3418 2079 3486 simque
2111 3417 2323 3469 diabolo
2374 3417 2666 3477 vindicant,
2700 3432 2880 3470 nonne
2929 3420 3088 3472 iidem
3146 3421 3427 3475 veritatem

1870 3510 1922 3560 in
1950 3508 2289 3561 mendacium
2322 3516 2669 3569 convertunt,
2694 3508 2955 3561 mendacii
2986 3525 3116 3561 vero
3144 3520 3425 3564 auctorem

1870 3600 2113 3653 veritatis
2159 3600 2495 3667 aliarumque
2544 3615 2723 3651 rerum
2770 3600 2934 3667 gloria
2967 3611 3183 3661 ornant,
3225 3616 3288 3655 ac
3321 3600 3425 3655 Do-

1869 3691 2021 3744 mino
2051 3691 2271 3756 quidem
2296 3707 2391 3744 sua
2409 3690 2681 3755 auferunt,
2712 3691 3021 3757 etprmdoni
3054 3706 3111 3743 se
3134 3692 3426 3762 jungentes

1867 3790 2185 3848 apostalam,
2219 3790 2273 3832 et
2304 3781 2601 3848 mastigiam
2641 3789 2695 3831 et
2720 3780 3093 3833 refractarium
3124 3797 3424 3835 conservo-

1868 3887 1985 3923 rum
2009 3886 2224 3922 suoruin
2256 3871 2532 3923 dominum
2559 3869 2937 3922 constituunt?
2967 3870 3250 3933 Quomodo
3283 3887 3416 3925 vero

1866 3962 1940 4015 illi
1981 3976 2168 4016 verum
2200 3961 2587 4028 hominumque
2617 3961 3045 4013 amantissimum
3076 3961 3241 4014 Deum
3271 3964 3423 4016 vide-

1864 4053 2021 4114 bunt,
2045 4053 2135 4120 qni
2168 4068 2227 4105 se
2258 4054 2403 4119 ipsos
2428 4051 2724 4119 tyrannidis
2763 4050 2905 4103 illius
2928 4052 3104 4105 socios
3130 4062 3183 4105 et
3230 4068 3420 4107 servos

1864 4144 1949 4196 vel
1971 4144 2149 4211 potius
2173 4142 2473 4210 primipilos
2498 4142 2822 4210 gesserunt?
2854 4141 3007 4204 Quod
3039 4141 3081 4193 si
3136 4157 3265 4195 vero
3306 4144 3418 4211 agri

1863 4242 1915 4287 et
1952 4233 2187 4286 mundus
2227 4232 2351 4283 boni
2402 4231 2790 4298 hominumque
2843 4231 3196 4285 amantissimi
3226 4231 3421 4286 Serva-

1864 4325 1997 4378 toris
2030 4324 2200 4376 nostri
2228 4339 2332 4375 non
2361 4332 2507 4383 sunt,
2533 4322 2623 4374 sed
2658 4322 2839 4389 petius
2870 4321 3068 4374 malum
3094 4323 3416 4391 principium

1864 4412 2074 4464 illorum
2122 4411 2457 4462 dominatum
2500 4408 2798 4473 distribuit,
2850 4410 3122 4475 quomodo
3161 4408 3285 4471 illis,
3324 4409 3416 4477 qui

195 4510 450 4576 Σωτῆρος
478 4508 655 4578 ἡμῶν,
692 4509 805 4561 ἀλλ’
832 4510 864 4577 ἡ
909 4509 1177 4577 φαυλότης
1209 4510 1386 4561 αὐτῶν
1412 4510 1758 4579 διεκληροῦτο
1790 4493 1832 4546 Ῐ)
1864 4526 1867 4544 ί

1745 4528 1758 4561 >
1790 4493 1832 4546 Ῐ)
1864 4502 1933 4554 ob
1962 4516 2155 4553 nomen
2192 4501 2310 4567 ejus
2339 4500 2675 4567 reliquerunt
2702 4499 2889 4552 domos
2921 4507 2972 4551 et
3003 4514 3179 4567 agros,
3215 4508 3268 4551 et
3295 4515 3417 4569 cog-

195 4596 296 4666 τὴν
328 4598 643 4664 κυριότητα,
677 4596 790 4659 πῶς
828 4600 939 4659 τοῖς
968 4598 1150 4648 ἕνεκεν
1183 4596 1276 4649 τοῦ
1309 4599 1565 4666 ὀνόματος
1598 4599 1759 4651 αὑτοῦ

193 4687 590 4740 καταλιποῦσιν
618 4689 795 4749 οἰκίας
823 4690 915 4739 καὶ
945 4689 1163 4755 ἀγροὺς,
1199 4689 1291 4739 καὶ
1316 4690 1411 4756 τῆς
1441 4691 1759 4758 σωματικῆς

195 4776 521 4842 συγγενείας
540 4777 603 4827 τὰ
622 4775 923 4844 τιμιώτατα
951 4776 1088 4827 κατά
1110 4774 1205 4842 τὴν
1224 4778 1279 4827 ἐν
1301 4775 1377 4843 τῷ
1410 4778 1633 4844 παρόντι
1658 4777 1755 4844 βίῳ

198 4865 650 4933 μισθαποδοσίαν,
709 4867 807 4917 οὐκ
862 4868 1173 4934 ἀφαιρεῖται
1220 4866 1343 4925 τοὺς
1382 4866 1605 4934 ἀγροὺς,
1635 4866 1754 4918 οὕτε

194 4957 355 5018 ἄλλα,
396 4943 520 5008 ’ὅσα
570 4957 667 5023 τῆς
712 4957 972 5025 αἰσθητῆς
1016 4958 1127 5008 ἐστι
1179 4956 1427 5020 κτίσεως,
1488 4956 1624 5008 ἀλλά
1660 4959 1755 5009 καὶ

192 5046 339 5099 αύτά
380 5046 458 5114 τῷ
507 5045 1022 5097 ὲκατονταπλασίονι
1063 5044 1457 5113 περιλαμϐάνει
1483 5044 1638 5115 δώρῳ
1665 5048 1757 5099 καὶ

194 5137 559 5201 ἀντιδίδωσιν,
618 5130 695 5196 οἷς
738 5136 1067 5204 κληρονομία
1111 5138 1143 5203 ἠ
1198 5135 1412 5197 αἰώνιος
1468 5134 1599 5204 ζωὴ,
1661 5138 1755 5189 καὶ

193 5226 563 5295 φιλοτιμεῖται
600 5227 809 5286 τούτοις
858 5227 982 5287 τοὺς
1032 5225 1265 5293 θερμοὺς
1311 5225 1565 5293 ἐραστὰς,
1618 5220 1691 5277 ὧν
1720 5229 1753 5297 ἡ

188 5316 389 5378 κτίσις,
426 5318 472 5368 εἰ
536 5318 631 5385 μὲν
663 5315 774 5382 (56)
806 5310 945 5383 ἦσαν
996 5313 1194 5381 φαῦλα,
1220 5314 1313 5365 καὶ
1346 5314 1508 5367 αὑτὸν
1558 5314 1624 5367 ἂν
1648 5317 1752 5369 ἀπ-

261 5427 306 5457 ⁵⁸
336 5425 532 5481 Matth.
566 5443 685 5492 xm,
709 5426 795 5480 57.
874 5425 919 5455 ⁸⁵
940 5423 1129 5479 Matth.
1162 5440 1273 5489 XIX,
1295 5424 1383 5479 29.

1860 4590 2096 4643 nationis
2155 4589 2421 4642 naturalis
2470 4588 2881 4656 prazclarissima
2923 4604 3151 4656 quaeque.
3198 4588 3417 4655 praamia

1858 4682 1910 4734 in
1942 4681 2043 4735 hac
2075 4682 2181 4734 vita
2221 4682 2704 4739 distribuens,uon
2728 4680 2917 4732 adimit
2950 4695 3128 4748 agros,
3161 4695 3263 4733 nec
3311 4694 3415 4733 cae-

1859 4782 1970 4826 tera
2006 4789 2125 4840 quae
2144 4774 2208 4825 ad
2242 4772 2525 4825 sensibiles
2571 4779 2849 4824 creaturas
2873 4772 3166 4839 pertinent,
3220 4771 3313 4824 sed
3360 4780 3415 4823 et

1858 4864 1947 4917 illa
1971 4864 2261 4931 eentuplici
2289 4864 2511 4930 prarmio
2533 4861 2959 4929 comprehendit,
2983 4876 3044 4913 ac
3075 4861 3258 4913 tribuit
3286 4860 3407 4923 illis,

1853 4971 2079 5023 quorum
2116 4955 2404 5006 Increditas
2435 4960 2517 5005 est
2546 4952 2656 5004 vita
2692 4960 2891 5004 aeterna
2916 4952 2981 5014 ‘6,
3023 4948 3293 5018 quomodo
3317 4950 3410 5003 iis-

1851 5046 1973 5099 dem
2006 5054 2254 5097 strenuos
2284 5058 2411 5096 SUOS
2458 5052 2725 5095 amatores
2756 5048 2974 5103 11130136,
3000 5055 3228 5108 quorum
3257 5055 3409 5093 crea-

1852 5138 1946 5199 tio,
1979 5138 2023 5191 si
2064 5136 2201 5189 mala
2232 5134 2442 5199 fuisset,
2474 5135 2649 5202 ipsum
2693 5147 2911 5199 quoque
2939 5147 3124 5183 eorum
3166 5146 3405 5183 amorem

1849 5229 1992 5298 apud
2016 5244 2109 5282 eos
2130 5226 2517 5281 exstinxisset?
2538 5224 2817 5288 Quomodo
2836 5223 3040 5291 przemii
3073 5222 3405 5290 rependendi

1853 5331 2060 5390 partem
2094 5335 2158 5373 ea
2190 5319 2341 5383 facit,
2371 5333 2489 5387 quae
2525 5332 2591 5369 ne
2618 5315 2837 5384 quidem
2857 5314 2923 5368 ab
2947 5313 3102 5367 initio
3129 5312 3404 5382 possidere

1295 5557 1533 5613 VAlll/E
1564 5558 1950 5616 LECTIONES
1975 5561 2061 5615 ET
2091 5561 2321 5617 NOTAE.

255 5692 370 5760 (55)
410 5693 631 5760 Νόμου.
680 5691 1059 5762 Superscripta
1100 5694 1153 5745 in
1212 5693 1397 5746 codice
1437 5693 1506 5745 ab
1560 5693 1746 5746 eadem

189 5778 351 5817 manu
377 5772 495 5817 erat
522 5777 624 5817 vox
660 5762 851 5831 λόγους
886 5766 982 5818 sed
1011 5762 1173 5817 malui
1205 5763 1440 5817 retinere
1475 5762 1718 5816 alteram.

1921 5692 2032 5757 (56)
2065 5693 2129 5743 El
2166 5690 2297 5758 μέν.
2338 5692 2415 5759 ita
2448 5691 2683 5745 scribere
2722 5691 2884 5759 jussit
2920 5706 3110 5745 sensus
3151 5699 3204 5743 et
3235 5689 3403 5743 series

1850 5763 2137 5815 verborum
2179 5777 2274 5829 pro
2308 5758 2482 5827 εἶπεν,
2510 5762 2652 5829 quod
2682 5760 2736 5815 in
2765 5761 2949 5816 codice
2975 5760 3235 5829 scriptum
3262 5772 3399 5814 erat.
