4234 6432
798 375 904 439 263

1890 370 2147 431 ΡΙΙΟΤΠ
2183 367 2686 429 PATRIARCILE
2721 369 2838 434 Ci‘.

3927 368 4031 431 264

800 482 1218 540 lieebat?Multo
1245 484 1428 552 itaque
1472 481 1642 552 magis
1663 479 1875 550 jnstitia
1921 479 2254 548 requirebat,
2292 480 2363 534 ob
2395 492 2439 538 Α
2471 516 2472 521 η

2354 496 2363 531 ι
2395 492 2439 538 Α
2471 476 2697 530 εσδέννυ
2725 476 2821 529 τὸν
2866 473 3062 546 ἔρωτα,
3117 477 3207 528 καὶ
3242 475 3615 544 μεροποιετται
3643 475 3741 544 τῆς
3770 475 4026 544 ἀμοιεῆς,

799 590 920 643 qua:
957 575 1043 628 his
1070 591 1177 629 non
1209 574 1469 627 darentur
1492 573 1638 635 talia,
1666 571 1872 641 prwmii
1896 572 2033 632 loco,
2059 570 2180 623 aliis
2205 570 2366 623 etiam

800 667 1161 720 aulerrentur.
1195 667 1481 730 Quomodo
1518 665 1753 733 denique
1787 665 1961 717 locum
2022 663 2221 715 habere
2269 677 2368 730 po-

2480 568 2516 622 ἃ
2547 568 2680 638 μηδὲ
2727 567 2826 636 τὴν
2854 567 3027 637 ἀρχὴν
3051 567 3158 619 ἔδει
3195 566 3510 625 κεκτῆσθαι.
3545 566 3759 618 Μᾶλλον
3791 569 3888 635 μὲν
3916 563 4028 625 οὖν,

2466 660 2533 711 δι’
2560 659 2598 711 ὃ.
2638 659 2731 709 καὶ
2756 658 2863 709 τῶν
2891 659 3065 711 ἄλλων
3090 660 3118 709 ὁ
3151 658 3359 711 utam);
3391 657 3487 711 οὐγ
3513 651 3593 711 οἷς
3622 655 3826 711 δοθείη.
3850 656 4032 711 ἄλλοις

2500 660 2533 711 ι’
2560 659 2598 711 ὃ.
2638 659 2731 709 καὶ
2756 658 2863 709 τῶν
2891 659 3065 711 ἄλλων
3090 660 3118 709 ὁ
3150 658 3359 725 μισῡδς,
3391 657 3489 724 οὐχ
3513 655 3593 717 οἷς
3622 655 3826 723 δοθείη,
3850 656 4030 717 ἄλλοις

802 766 925 817 test,
986 765 1044 809 ut
1092 757 1375 825 sapientia,
1403 771 1621 808 omnem
1680 755 1941 807 rationem
1983 767 2249 822 superans
2304 766 2367 805 ca
2466 769 2474 802 ε

2360 772 2367 805 ι
2466 749 2816 820 ἀφαιρεθείη,
2856 750 3010 820 φέρει
3048 748 3110 801 τὸ
3156 748 3388 801 δίκαιον.
3433 746 3543 800 Ποῦ
3590 746 3647 798 δὲ
3695 746 3880 816 χώραν
3919 748 4032 815 ἔχει

798 865 920 918 qua:
968 865 997 902 a
1029 850 1170 902 maio
1205 849 1443 917 profecta
1489 856 1635 911 sunt,
1673 862 1795 900 cum
1829 845 1994 899 bonis
2039 846 2155 899 suis
2209 844 2369 899 donis
2469 870 2470 879 ι

2360 861 2369 897 ι
2469 844 2782 893 συντάττειν
2838 844 2941 909 τὴν
3012 840 3190 892 πάντα
3227 840 3352 892 νοῦν
3407 839 3783 909 ὑπερέχουσαν
3836 840 4032 905 σοφίαν

801 942 1115 1011 conjungat,
1170 940 1436 1009 siquidem
1491 941 1603 1010 agri
1648 952 2011 1010 agrorumque
2061 946 2359 1006 proventus
2461 953 2473 984 ε

2354 954 2359 987 ι
2461 936 2582 995 ταῖς
2631 932 2982 999 ἀγαθοποιοῖς
3037 933 3206 1002 αὐτῆς
3252 932 3502 1000 δωρεαῖς,
3538 932 3574 985 ἃ.
3623 931 3723 1001 τῆς
3760 929 4026 999 πονηρίας

802 1034 925 1086 mali
953 1039 1137 1086 essent
1156 1032 1442 1100 princiuii?

2458 1026 2625 1087 ἐστὶν,
2675 1026 2832 1094 εἴπερ
2863 1020 3007 1095 ἦσαν
3065 1027 3113 1078 οἱ
3166 1025 3329 1094 ἀγροὶ
3369 1025 3461 1077 καὶ
3495 1024 3562 1077 τὰ
3590 1026 3648 1077 ὲν
3681 1027 3791 1086 τοῖς
3839 1023 4032 1091 ἀγροῖς

2458 1116 2918 1185 δημιουργήματα
2941 1116 3077 1185 (57).

1928 1234 2162 1289 VARIIE
2186 1234 2564 1289 Ll-ICTIONES
2602 1234 2687 1288 ET
2708 1232 2934 1287 NOTAE.

871 1354 982 1421 (57)
1011 1353 1520 1421 Δημιουργήματα.
1546 1354 1913 1408 Videntnrhic
1937 1355 2192 1407 nonnulla
2212 1355 2355 1407 desi-

2459 1356 2877 1424 compellatione
2926 1354 3141 1407 dicendi
3193 1356 3353 1407 linem
3408 1353 3675 1406 facturum
3733 1350 4030 1424 fuisse._ln

802 1420 998 1493 derari.
1029 1424 1156 1475 Nam
1187 1433 1239 1475 et
1276 1420 1552 1489 abruptus
1594 1439 1772 1477 sermo
1804 1433 1907 1485 est,
1960 1434 2014 1476 ct
2063 1425 2355 1476 verisimile
2464 1420 2827 1493 ipso'quuque
2860 1442 2961 1477 ms.
3004 1424 3166 1477 nulla.
3204 1440 3324 1491 qua:
3369 1425 3501 1476 alias
3527 1438 3839 1485 comparere
3869 1420 3963 1473 sul:
3989 1432 4029 1484 t,

805 1492 864 1545 lit
909 1492 1157 1545 Pliotium
1216 1503 1457 1545 nostrum
1506 1508 1643 1546 nova
1686 1494 1917 1561 quadam
1966 1493 2034 1546 ad
2067 1494 2354 1546 Arsenium
2462 1492 3042 1562 colophomsimpusiti
3069 1502 3195 1545 nota
3226 1493 3622 1545 inveniebatur.

811 1701 937 1735 ,τιτι

1284 1721 1423 1731 ρ...-

941 1703 2989 1731 W
2508 1721 2989 1731 .______.___—

2718 1700 3995 1731 Ἡ

1593 1873 2159 2001 ΦΩΤΙΟΥ
2272 1888 3252 2005 ΠΑΤΡΙΑΡΧΟΥ

2313 2098 2527 2151 ΛΟΓΟΣ

1010 2261 1270 2349 ΠΕΡΙ
1322 2259 1539 2347 ΤΗΣ
1592 2258 1818 2347 ΤΟΥ
1865 2256 2201 2346 ΑΓΙΟΥ
2262 2256 2950 2350 ΠΝΕΥΜΑΤΟΣ
3013 2262 3815 2353 ΜΥΣΤΑΓΩΓΙΑΣ.

1558 2599 2107 2729 PHOTII
2217 2593 3286 2792 PATBIARCHAI

2313 2834 2540 2897 LIBER

1184 3022 1343 3110 DE
1420 3022 2074 3110 SPIRITUS
2142 2992 2633 3110 SANCATI
2709 3018 3648 3117 MYS'I‘AGOGIA.

1090 3211 1281 3277 QUEM
1329 3208 1533 3266 NOTIS
1584 3209 1816 3264 VARUS
1884 3208 2377 3264 ILLUSTRATUM
2448 3211 2537 3262 Al‘.
2598 3207 3060 3265 TllEOLOGlCA‘I
3117 3209 3296 3265 CRlSl
3360 3209 3757 3265 SUBJECTUM

2238 3344 2410 3377 Ρηιυυε
2436 3344 2593 3377 εοιυιτ

1930 3441 1996 3502 J.
2047 3440 2880 3502 HBRGENROETHER
2898 3484 2919 3515 ,

1162 3569 1218 3623 S.
1251 3568 1440 3625 Theol.
1483 3569 1681 3625 Doctor
1706 3570 2058 3639 ejusdemque
2097 3571 2151 3623 in
2190 3569 2638 3641 Wirceburgensi
2677 3570 2760 3625 lit.
2796 3571 3166 3626 Universitate
3202 3571 3483 3626 Professor
3521 3568 3583 3625 P.
3616 3569 3681 3622 0.

1560 3683 1857 3747 Βειὶεὺοιιω,
1892 3683 2237 3736 MDCCCLVII.
2269 3684 2323 3732 8‘
2352 3684 2589 3746 Sumptus
2618 3683 2738 3734 fecit
2767 3684 2824 3736 G.
2855 3685 3103 3747 Iosephus
3135 3687 3284 3735 Mam.

1443 3952 1526 4038 J.
1601 3953 1757 4040 HE
1779 3952 2576 4045 RGENROETHE
2599 3954 2713 4042 BI
2791 3954 3469 4047 PRIEFATIO.

892 4154 933 4209 l.
972 4153 1049 4207 De
1075 4151 1268 4205 Photio
1316 4150 1435 4219 ipso
1462 4151 1599 4204 nihil
1640 4158 1743 4215 est,
1800 4150 1940 4219 quod
1983 4151 2038 4205 in
2087 4150 2375 4221 praesentia
2403 4155 2451 4213 B
2478 4154 2763 4210 historiam
2786 4168 2893 4208 non
2920 4154 2993 4207 ita
3022 4168 3228 4221 pricem
3252 4152 3453 4207 Gallico
3483 4168 3736 4208 sermone
3782 4154 3850 4209 cl.
3884 4154 4043 4225 Jager

819 4246 1017 4299 dicam.
1059 4243 1289 4298 Uberius
1317 4241 1460 4295 enim
1491 4242 1557 4294 de
1584 4242 1703 4309 ejus
1759 4241 1868 4294 vita
1917 4249 1973 4294 et
2020 4242 2234 4309 scriptis
2260 4257 2375 4293 am-

819 4337 975 4408 pliori
1008 4350 1169 4405 opere
1198 4349 1316 4387 sum
1349 4342 1589 4396 acturus,
1649 4333 1791 4401 quod
1838 4332 1948 4386 Deo
1993 4333 2223 4401 propitio
2267 4348 2376 4386 uno

819 4431 1057 4484 alterove
1114 4426 1311 4479 abhinc
1338 4439 1481 4477 anno
1519 4423 1691 4477 lucem
1741 4424 1980 4477 visurum
2026 4438 2145 4477 esse
2194 4439 2372 4492 spero.

818 4521 955 4574 Illud
990 4517 1265 4572 monuisse
1300 4515 1550 4578 sulliciat,
1597 4514 1743 4568 viros
1763 4513 2074 4579 catholicos,
2124 4515 2251 4568 dum
2291 4516 2376 4569 di-

821 4626 941 4665 rum
965 4610 1193 4663 schisma
1214 4623 1308 4676 per
1330 4622 1452 4659 eum
1485 4606 1539 4658 in
1555 4621 1665 4659 sua:
1687 4604 1857 4673 ipsius
1886 4605 2059 4673 gentis
2083 4604 2376 4673 perniciem

822 4702 1136 4759 excitatum,
1162 4712 1385 4766 quaeque
1417 4696 1541 4749 illud
1594 4696 1854 4765 prmibant
1880 4710 1943 4748 ac
1980 4695 2379 4749 comitabantur

823 4790 1082 4853 facinora,
1108 4804 1170 4841 ex
1203 4786 1386 4840 animo
1406 4786 1761 4848 detestantur,
1802 4784 1971 4837 nihilo
2000 4794 2176 4838 tamen
2204 4786 2378 4839 secius

823 4880 1041 4935 maximi
1074 4893 1286 4946 semper
1335 4875 1528 4929 fecisse
1577 4876 1764 4927 miram
1812 4874 1930 4940 ejus
1991 4874 2374 4939 eruditionem,

822 4969 978 5037 cujus
1003 4976 1195 5036 praeter
1214 4963 1628 5018 celeberrimum
1669 4962 2035 5031 Myriobiblion
2062 4963 2144 5017 vel
2168 4962 2380 5030 Amphi-

822 5060 1077 5112 lochianae
1131 5057 1437 5125 quwstiones
1498 5068 1661 5123 opera
1690 5052 1806 5106 Em.
1856 5052 2006 5115 Maii,
2064 5053 2378 5110 immortalis

824 5149 1099 5203 memoriae
1127 5146 1250 5209 viri,
1283 5144 1511 5198 maxima
1537 5143 1755 5197 demum
1786 5158 1850 5196 ex
1884 5153 2032 5212 parte
2064 5145 2262 5214 publici
2286 5146 2379 5214 ju-

822 5240 897 5294 ris
921 5238 1073 5293 lactae
1100 5234 1466 5291 testimonium
1509 5234 1712 5287 faciunt
1763 5234 2129 5299 luculentum;
2175 5235 2376 5289 nemini

822 5330 1017 5385 deimle
1042 5344 1161 5383 esse
1190 5327 1436 5391 dubium,
1460 5326 1590 5393 quin
1623 5342 1687 5380 ex
1717 5334 1966 5379 accurata
1997 5326 2112 5394 ejus
2150 5326 2375 5379 historia

764 5422 767 5425 ’
821 5432 937 5475 tum
970 5419 1276 5488 dogmatnm
1295 5426 1407 5472 tum
1436 5416 1688 5471 Ecclesiae
1718 5416 1887 5486 ipsius
1916 5417 2137 5470 annales
2166 5417 2377 5487 egregie

820 5508 994 5577 juvari
1024 5517 1079 5560 et
1099 5506 1352 5560 illustrari
1387 5504 1612 5575 possint.
1652 5506 1811 5574 Atqui
1854 5503 2028 5559 Photii
2057 5505 2376 5574 patriarchae

895 5665 961 5730 (ι)
1004 5662 1234 5730 Histoire
1257 5660 1322 5714 de
1353 5658 1588 5730 Photius,
1640 5658 1936 5730 pqtriarche
1973 5659 2034 5730 de
2072 5656 2375 5730 Constanti-

828 5727 995 5801 nople,
1027 5747 1122 5801 par
1151 5729 1223 5784 M.
1252 5728 1427 5784 l‘abbé
1450 5729 1628 5798 Jagcr,
1676 5728 1956 5783 Chanoine
1982 5727 2268 5784 honoraire
2307 5729 2372 5784 dc

2477 4245 2748 4315 eleganter
2800 4260 2909 4299 non
2958 4244 3136 4297 minus
3183 4259 3347 4311 quam
3385 4244 3611 4298 solerter
3647 4247 4039 4313 pertractavit;

2476 4336 2621 4404 quod
2648 4349 2839 4389 recens
2855 4350 2993 4403 opus
3021 4335 3085 4403 (¹)
3110 4334 3345 4387 auctoris
3370 4349 3531 4403 scopo
3548 4338 4041 4401 accommodatum,

2480 4443 2580 4480 usu
2612 4424 3003 4480 Photianarum
3042 4425 3390 4494 epistolarum
3419 4425 3791 4494 sagacissimo,
3837 4427 4041 4497 insigni

2479 4520 2691 4573 illorum
2722 4527 3026 4587 temporum
3054 4517 3253 4582 studio,
3290 4517 3497 4585 judicio
3522 4518 3652 4571 satis
3674 4528 3858 4581 acuto,
3909 4535 4041 4572 nar-

2479 4609 2629 4662 randi
2660 4619 2775 4662 arte
2801 4608 3012 4678 egregia
3046 4609 3272 4677 aliisque
3301 4608 3633 4662 ornamentis
3663 4624 3783 4662 esse
3842 4611 4043 4678 praedi—

2481 4710 2591 4754 tum
2618 4698 2760 4753 haud
2789 4698 3037 4752 dilliteor.
3067 4698 3317 4751 Attamen
3343 4707 3701 4766 praeterquam
3716 4702 3880 4766 quod.
3921 4715 4041 4752 mea

2478 4787 2695 4856 quidem
2726 4788 3012 4850 sententia,
3044 4785 3290 4855 ampliori
3324 4784 3498 4841 adhuc
3529 4786 3646 4841 usui
3664 4802 3785 4841 esse
3813 4800 4043 4857 possunt

2480 4876 2783 4946 Byzantina:
2807 4877 3052 4930 Historia:
3091 4876 3287 4942 fontes,
3346 4891 3409 4930 ac
3432 4876 3728 4945 przesertim
3766 4876 4040 4941 Cedreno,

2478 4966 2683 5020 Zonara
2707 4977 2761 5021 et
2782 4966 2941 5037 Glyca
2967 4967 3119 5037 longe
3150 4967 3494 5031 vetustiores,
3535 4967 3789 5036 quodque
3816 4969 4042 5022 univer-

2477 5055 2579 5109 sim
2630 5056 2866 5110 nationis
2913 5065 3111 5110 nosti-an
3140 5049 3551 5126 historiog'raphi
3606 5056 3933 5111 strictiorem
3979 5074 4042 5114 ac

2478 5148 2824 5211 severiorem,
2898 5146 3024 5199 licet
3104 5147 3299 5199 minori
3369 5155 3652 5201 venustate
3719 5148 4038 5219 fulgentem,

2480 5238 2751 5292 scribendi
2807 5238 3022 5291 modum
3073 5238 3498 5307 methodumque
3553 5248 3849 5299 sectantur,
3906 5241 4042 5293 mihi

2478 5342 2655 5397 neque
2681 5329 2733 5382 in
2765 5329 3032 5393 omnibus,
3085 5344 3204 5397 qua!
3254 5339 3567 5394 occurrunt,
3643 5332 4044 5398 qurestionibus

2479 5421 2665 5474 eadem
2698 5435 2853 5474 mens
2881 5431 2963 5475 est
3008 5421 3257 5490 idemque
3292 5422 3577 5491 judicium,
3630 5438 3809 5491 neque
3841 5439 4041 5491 scopns

2483 5513 3037 5583 meus(utpotelatius
3075 5528 3387 5577 excurrens,
3435 5515 3488 5567 in
3528 5513 3594 5568 iis
3646 5530 3776 5568 vero
3822 5515 4042 5583 potissi-

2482 5660 2635 5731 Paris
2653 5669 2707 5715 et
2730 5660 3023 5731 dejNancy,
3063 5661 3377 5731 professeur
3415 5662 3690 5716 d’histoire
3734 5663 3767 5718 ἐι
3807 5664 3856 5719 la
3908 5664 4040 5718 Sor-

2479 5730 2676 5796 bonne,
2719 5732 2773 5785 2'
2789 5729 3015 5797 edition,
3048 5729 3216 5797 Paris,
3239 5732 3303 5785 A.
3341 5729 3533 5796 Vaton,
3587 5733 3737 5790 I854.
