4234 6432
789 375 888 438 267

1905 370 2160 430 PHOTII
2201 369 2701 434 PATRIARCH/E
2743 374 2830 435 CP

3901 375 4004 439 268

791 499 885 538 sua
951 486 1190 536 vetustas
1248 475 1664 547 emendatioque
1699 478 2063 530 commendat.
2132 479 2344 534 Titulus
2375 487 2416 540 Α
2447 481 2554 536 Leo
2587 481 2676 545 Ill,
2707 479 3027 536 Benedictus
3050 480 3141 546 111,
3167 480 3402 536 Joannes
3431 480 3546 535 V’lll
3580 479 3884 543 ,Adrianus
3911 484 4002 536 lll.

789 572 966 643 operis
989 579 1072 625 est
1105 588 1117 622 :
1151 568 1284 638 Περὶ
1325 568 1419 620 τοῦ
1475 569 1632 634 ἁγίου
1677 569 1772 620 καὶ
1804 568 2065 631 ζωοποιοῦ
2095 571 2344 638 ιῖνεᾶμα-

787 681 877 724 τος
907 662 1038 730 (15).
1068 660 1268 721 eum;
1316 659 1450 729 ἐλέῳ
1479 659 1614 710 Θεοῦ
1661 659 1956 720 ἐπίσκοπος
2005 661 2346 712 Κωνσταντι-

788 755 1087 815 νουπὸλεως
1116 753 1241 812 νέας
1285 749 1500 820 Ῥώμης
1533 751 1612 820 τῷ
1656 750 1935 819 ὁσιωτάτῳ
1971 751 2346 822 εὐλαϐεστάτῳ

789 847 1072 914 ἑπισκόπῳ
1104 843 1240 914 Βέδᾳ
1273 843 1404 913 (16),
1434 844 1492 894 ἐν
1524 841 1712 912 Κυρίῳ
1752 843 1976 912 χαίρειν.
2025 843 2110 895 Ἐν
2139 845 2346 906 stolidi;

797 941 895 1007 μέν
921 940 1056 990 εἰσιν
1106 939 1154 989 οἱ
1199 936 1436 1003 ἔλεγχοι,
1462 952 1515 987 κ.
1556 951 1608 988 τ.
1648 935 1698 986 λ.
1735 934 1880 987 Illico
1909 933 2134 988 Photius
2163 935 2346 1002 SOphi-

793 1040 962 1084 smata
1006 1038 1210 1098 septem
1268 1043 1427 1096 supra
1497 1027 1714 1095 triginta
1767 1041 1864 1095 pro
1910 1040 2008 1079 suo
2061 1041 2245 1078 errore
2279 1027 2346 1078 de

790 1121 962 1176 sancti
994 1121 1228 1188 Spiritus
1260 1135 1290 1171 a
1331 1119 1446 1172 solo
1483 1117 1642 1170 Patre
1689 1117 2037 1185 processione
2070 1116 2342 1183 proponit,

788 1229 905 1279 quae
923 1211 1127 1278 jamdiu
1155 1209 1487 1277 sophismata
1521 1207 1576 1258 in
1614 1207 1814 1259 Gratcia
1840 1205 2019 1258 Allatii
2050 1206 2343 1258 orthodoxa

791 1317 1007 1355 necnon
1076 1302 1216 1369 apud
1275 1301 1410 1352 alios
1481 1298 1762 1367 theologos
1826 1297 2058 1350 refutata
2124 1297 2343 1350 scimus.

794 1395 923 1446 Exin
949 1392 1223 1445 tricesimo
1270 1399 1462 1443 octavo
1494 1390 1729 1457 capitulo
1765 1388 1953 1456 obiicit
1989 1389 2089 1440 sibi
2124 1386 2345 1440 Photius

791 1482 937 1534 Pauli
961 1482 1200 1534 etiamm.
1233 1480 1373 1532 Misit
1408 1480 1546 1531 Deus
1573 1479 1827 1546 Spiritum
1859 1476 1986 1530 Filii
2016 1478 2127 1540 sui,
2154 1478 2218 1530 de
2240 1492 2344 1545 quo

789 1573 933 1624 dicto
965 1571 1315 1624 ratiocinatur
1350 1585 1518 1637 usque
1545 1569 1608 1622 ad
1633 1569 2100 1637 quadragesimum
2129 1570 2343 1621 tertium

790 1661 1105 1728 capitulum.
1158 1660 1289 1712 Exin
1346 1660 1657 1712 Latinorum
1722 1656 1976 1720 Patrum,
2037 1658 2341 1720 Ambrosii,

792 1751 1074 1822 Augustini
1124 1760 1286 1818 atque
1333 1748 1644 1816 Hieronymi
1680 1748 1844 1802 verba
1898 1749 2178 1802 sententia:
2233 1763 2342 1802 suae

2447 572 2755 640 (Nicolaum
2791 572 2835 637 1,
2873 572 3166 625 Adrianum
3217 570 3284 636 ll,
3335 581 3389 624 et
3435 571 3697 624 Marinum
3741 571 3782 634 1,
3816 582 4008 642 utpote

2445 663 2544 717 sibi
2581 663 2838 727 infensos,
2881 664 3067 717 reticet
3102 678 3265 731 pravo
3318 679 3416 717 nec
3447 678 3671 730 prorsus
3721 664 4006 718 tolerando

2445 753 2694 807 artiﬁcio.
2741 754 2951 823 Reapsc
2992 755 3202 823 priores
3231 754 3369 808 duos
3405 755 3615 808 reticcri
3667 770 3692 805 a
3726 754 4008 810 thianis

2445 845 2630 898 solitos
2678 846 2921 911 queritur
2963 845 3189 898 Allalius
3228 845 3293 898 de
3336 860 3487 898 cons.
3531 862 3584 913 p.
3643 845 3800 910 590.)
3853 847 4006 898 Illam

2445 939 2606 992 etiam
2650 936 2956 1004 clypeorum
2999 935 3364 987 Romanorum
3411 935 3779 1004 famigeratum
3831 934 4008 986 histo-

2445 1032 2606 1092 riam,
2651 1030 2846 1098 quibus
2897 1029 3196 1098 symbolum
3245 1027 3564 1094 inscriptum
3611 1038 3746 1086 erat.
3787 1026 4007 1094 attingit

2445 1122 2671 1176 Photius
2705 1137 2758 1190 p.
2788 1120 2911 1182 512,
2940 1135 3103 1187 super
3131 1134 3232 1187 qua
3263 1117 3520 1187 legendus
3557 1118 3744 1170 saltem
3775 1118 4009 1170 Allatius

2445 1215 2511 1268 de
2540 1229 2692 1268 cons.
2731 1228 2785 1282 p.
2830 1211 2950 1274 580,
2993 1211 3087 1264 581
3141 1219 3194 1264 ct
3243 1219 3428 1263 contra
3485 1209 3822 1276 ilotting..p.
3878 1209 4004 1262 418.

2445 1309 2573 1362 Post
2615 1307 2727 1358 haec
2766 1303 2964 1357 additis
2991 1303 3177 1372 paucis
3221 1300 3714 1371 epichercmatibus
3745 1301 3906 1353 ﬁnem
3939 1301 4008 1352 li-

2445 1397 2586 1452 bello
2625 1396 2851 1464 imponit
2875 1395 3003 1462 (18).

2516 1485 2608 1542 ιν.
2647 1486 2771 1538 ﬂare
2813 1486 2993 1539 brevis
3039 1484 3306 1552 synopsis,
3343 1484 3468 1537 licet
3509 1498 3615 1535 non
3647 1483 4009 1550 undequaque

2445 1587 2693 1632 accurata
2748 1579 2946 1644 (neque
2987 1577 3131 1630 enim
3187 1576 3306 1628 aliis
3373 1575 3815 1644 gravioribusque
3862 1576 4010 1627 curis

2444 1678 2763 1734 occupatum
2783 1668 2958 1718 virum
2983 1666 3472 1719 eminentissimum
3500 1667 3724 1718 multum
3744 1666 4007 1732 temporis

2447 1755 2607 1823 hujus
2633 1755 2811 1822 operis
2842 1754 3055 1806 lectioni
3093 1754 3344 1807 tribuisse
3365 1753 3690 1806 credendum
3715 1755 3838 1818 est),
3873 1754 4012 1806 satis

793 1841 1145 1910 repugnantia
1170 1840 1353 1893 Grazce
1379 1843 1582 1908 profert
1613 1839 1748 1908 (17),
1782 1854 2010 1906 quorum
2039 1840 2340 1892 auctoritati
2371 1817 2416 1873 Β
2449 1859 2622 1900 tamen
2657 1862 2792 1914 Opus
2814 1856 3055 1898 nostrum
3083 1845 3343 1898 describit
3368 1845 3593 1912 ejusque
3627 1817 4008 1912 argumentum

792 1951 858 1986 ne
906 1935 1245 2002 acquiescat,
1301 1931 1530 1983 ridicqu
1574 1940 1626 1982 et
1679 1929 1982 1997 pernicioso
2031 1939 2346 1998 argumento

793 2026 980 2087 ntitur,
1028 2039 1222 2092 nempe
1259 2021 1402 2090 quod
1440 2021 1527 2073 alii
1572 2034 1787 2089 quoque
1843 2020 2194 2074 ecclesiastici
2244 2020 2345 2074 Pa-

793 2129 902 2170 tres
953 2131 1142 2181 parum
1174 2124 1422 2167 accurate
1456 2113 1522 2165 de
1543 2112 1662 2164 aliis
1692 2111 1847 2164 rebus
1871 2111 2142 2164 interdum
2178 2110 2344 2163 locuti

789 2210 1020 2271 fuermt;
1062 2220 1200 2274 quos
1256 2204 1397 2256 inter
1435 2202 1588 2272 ponit
1640 2201 1974 2255 Clementem
2007 2201 2342 2265 Romanum,

792 2297 1101 2367 Dionysium
1133 2297 1309 2359 Alex.,
1341 2293 1693 2356 Methodium,
1728 2292 2062 2354 Pantaenum,
2096 2292 2345 2346 Clemen-

790 2398 900 2442 tem
943 2387 1123 2449 Alex.,
1171 2385 1429 2449 Pierium,
1492 2383 1863 2452 Pamphilum,
1917 2383 2342 2453 Theognostum,

792 2479 1075 2541 Irenaeum,
1123 2477 1465 2545 Hippolytum
1488 2516 1501 2540 ,
1554 2475 1808 2528 Basilium
1840 2492 1852 2528 :
1882 2475 2033 2543 quasi
2090 2490 2214 2528 vero
2246 2475 2346 2529 hac

792 2570 1058 2624 sermonis
1100 2568 1306 2621 ratione
1341 2565 1558 2620 Patrum
1601 2582 1769 2635 prope
1807 2566 2074 2619 universa:
2110 2567 2345 2619 auctori-

795 2660 891 2714 tati
937 2659 1155 2727 impune
1214 2657 1463 2710 resistere
1521 2671 1628 2708 non
1688 2658 1974 2725 possimus.
2024 2654 2190 2708 Porro
2239 2670 2347 2707 non

793 2762 904 2806 tres
936 2751 1054 2804 illos
1073 2750 1246 2802 solum
1278 2747 1498 2801 Latinos
1530 2745 1735 2809 Patres.
1764 2747 1856 2800 sed
1881 2746 2176 2816 permultos
2198 2746 2348 2800 Gm-

793 2858 888 2896 cos
931 2841 1242 2894 orthodoxa:
1292 2839 1576 2892 sententia:
1600 2836 1801 2903 favere,
1834 2853 1955 2891 eum
2004 2837 2221 2891 aliunde
2255 2853 2348 2891 cx-

795 2938 1062 3002 ploratum
1091 2941 1207 2996 est,
1255 2941 1366 2985 tum
1417 2946 1642 3000 magnus
1694 2945 1885 2984 eorum
1926 2945 2186 2984 numerus
2223 2947 2348 2984 coa-

794 3035 1042 3079 cervatur
1077 3023 1132 3076 in
1161 3023 1422 3076 vaticanis
1452 3021 1725 3076 codicibus
1759 3020 1881 3084 606,
1914 3037 1966 3088 p.
1989 3021 2092 3074 ‘210
2120 3037 2257 3090 seq.,
2297 3031 2350 3075 ct

2446 1939 2788 1993 determinat.
2821 1936 2895 1988 Ex
2932 1937 3014 1988 his
3035 1947 3193 2004 atque
3225 1951 3290 1989 ex
3335 1936 3496 1988 variis
3530 1936 3704 1988 Photii
3739 1935 4011 2004 fragmen-

2447 2031 2534 2092 tis,
2563 2045 2681 2097 (μιίὲ
2710 2045 2773 2082 ex
2805 2027 2980 2080 Allatii
3009 2027 3345 2096 aliorumque
3387 2027 3796 2096 allegationibus
3843 2026 4009 2079 colle-

2444 2133 2622 2186 gerant
2656 2133 2880 2185 qumque
2913 2132 3103 2184 magna
3143 2132 3209 2168 ex
3265 2125 3415 2184 parte
3473 2114 3784 2168 Monacensi
3827 2115 4006 2166 textui

2445 2206 2665 2259 omnino
2699 2205 3083 2274 congruebant,
3115 2204 3311 2257 certior
3345 2204 3501 2272 plane
3533 2204 3704 2257 factus
3732 2219 3873 2266 sum,
3903 2203 4007 2256 hoc

2446 2298 2500 2350 in
2526 2297 2712 2350 codice
2747 2295 2925 2349 Photii
2959 2296 3134 2365 ipsum
3191 2295 3339 2348 illum
3365 2295 3607 2348 exhiberi
3640 2295 3860 2357 librum,
3913 2295 4007 2363 qui

2445 2387 2598 2441 facile
2628 2386 2791 2440 latere
2836 2388 2928 2440 diu
2969 2395 3198 2456 poterat,
3224 2403 3333 2441 non
3385 2388 3558 2441 solum
3619 2388 3742 2455 quia
3788 2402 3910 2454 quae
3954 2387 4006 2438 in

2447 2477 2711 2546 principio
2741 2476 2884 2530 afol.
2925 2476 3028 2530 449
3071 2478 3240 2530 tribus
3295 2476 3404 2529 fere
3458 2476 3664 2545 paginis
3726 2477 4007 2543 leguntur,

2443 2569 2550 2636 jam
2576 2569 2712 2636 typis
2750 2566 2960 2637 vulgata
2991 2575 3144 2620 erant
3176 2566 3339 2635 (quod
3399 2574 3576 2619 tamen
3609 2565 3748 2618 haud
3794 2567 3907 2619 scio
3939 2581 4009 2618 an

2448 2661 2627 2729 plures
2679 2659 3201 2725 animadverterint),
3262 2658 3544 2726 sequentia
3601 2667 3781 2710 autem
3855 2656 4008 2709 nullo

2448 2753 2612 2807 rubro
2643 2753 2898 2820 nullaque
2947 2749 3289 2804 luculentiori
3325 2751 3608 2817 scripturae
3659 2749 3974 2802 distinction

2448 2853 2651 2908 notata,
2682 2859 2804 2898 cum
2843 2844 2967 2897 novi
3015 2843 3194 2910 operis
3251 2840 3438 2893 titulus
3481 2840 3881 2907 inSpicientium
3921 2839 4010 2891 fu-

2449 2947 2596 3008 geret
2623 2937 2826 2998 oculos,
2867 2934 2934 2988 ad
2991 2933 3132 2987 idem
3194 2932 3465 3001 pertinere
3512 2931 3769 2998 scriptum
3815 2945 4009 2982 cense-

2451 3029 2676 3092 bantur;
2709 3041 2894 3080 verum
2929 3040 3047 3078 eam
3072 3023 3250 3091 potius
3279 3021 3347 3074 ob
3381 3035 3620 3081 causam,
3653 3019 3777 3087 quia
3811 3018 4012 3070 biblio-

797 3114 952 3177 1115,
978 3129 1030 3182 p.
1063 3112 1131 3168 46
1165 3128 1277 3181 seq.
1303 3111 1436 3165 Exin
1476 3110 1702 3166 Photius
1734 3127 1763 3164 a
1796 3113 2034 3165 column.
2071 3112 2190 3165 eod.
2225 3127 2344 3181 pag.
2375 3151 2416 3208 Ο
2452 3138 2469 3189 ε

2336 3151 2344 3161 -
2375 3151 2416 3208 C
2452 3120 2775 3189 graphorum
2824 3117 2990 3178 falsae,
3019 3125 3077 3168 ut
3114 3129 3211 3184 ego
3235 3122 3386 3180 puto,
3441 3110 3643 3162 notitiae
3679 3108 3732 3160 in
3765 3121 4007 3160 errorem

795 3206 901 3259 504
968 3204 1156 3272 incipit
1209 3218 1492 3257 recensere
1541 3201 1814 3255 Romanos
1881 3201 2200 3265 Pontiﬁces,
2256 3201 2345 3269 qui

796 3294 1200 3364 processionem
1236 3292 1468 3361 Spiritus
1502 3293 1674 3346 sancti
1715 3293 1830 3345 sine
1862 3292 2223 3346 additamento
2263 3291 2350 3344 Fi-

798 3387 968 3454 lioque
1023 3383 1274 3436 dixerunt
1340 3381 1518 3450 (quod
1566 3392 1939 3450 argumentum
2004 3383 2228 3437 Allatius
2285 3383 2351 3436 de

797 3491 948 3530 cons.
1001 3490 1056 3542 p.
1090 3474 1191 3527 583
1224 3472 1305 3526 vel
1349 3473 1450 3526 hoc
1485 3487 1592 3525 uno
1623 3487 1887 3540 responso
1927 3473 2055 3526 satis
2094 3473 2348 3539 inﬁrmat,

799 3565 944 3634 quod
978 3564 1031 3618 hi
1077 3579 1185 3617 non
1219 3562 1489 3616 dixerint:
1521 3581 1552 3615 a
1598 3562 1705 3614 solo
1751 3562 1929 3626 Patre,
1960 3562 2053 3615 sed
2086 3580 2118 3615 a
2159 3562 2348 3626 Patre,

799 3655 1096 3724 etquidem
1146 3662 1271 3706 ante
1314 3661 1494 3705 natam
1523 3657 1662 3706 hanc
1696 3653 2118 3705 controversiam
2148 3653 2224 3706 sic
2252 3653 2352 3721 ipsi

800 3755 914 3799 tute
952 3742 1368 3812 loquebantur).
1420 3741 1559 3794 Sunt
1606 3750 1786 3794 autem
1836 3741 1887 3793 hi
1923 3741 2065 3809 apud
2104 3741 2352 3794 Photium

804 3835 1084 3905 pontiﬁces
1125 3852 1139 3887 :
1184 3833 1478 3895 Damasus,
1532 3830 1884 3894 Coelestinus,
1933 3831 2041 3885 Leo
2099 3831 2349 3900 Magnus,

803 3927 1053 3999 Vigilius,
1103 3924 1348 3996 Agatho,
1393 3923 1682 3994 Gregorius
1731 3923 1992 3994 Magnus,
2033 3922 2352 3988 Zacharias,

875 4083 984 4152 (15)
1008 4080 1093 4152 ,Ne
1131 4081 1274 4135 hunc
1326 4081 1554 4152 titulum,
1584 4081 1629 4134 ei
1657 4080 2225 4152 praeferamus,_quem
2254 4080 2354 4147 (ex

804 4149 923 4207 cod.
968 4149 1150 4205 ’Vatic.
1194 4152 1366 4219 1925)
1417 4151 1691 4219 praeﬁxum
1740 4149 1900 4201 habet
1931 4149 2093 4201 editio
2139 4157 2353 4212 nostra,

806 4223 1034 4274 suadent
1066 4232 1177 4274 tum
1203 4220 1427 4273 aliorum
1460 4220 1702 4272 codicum
1731 4219 2040 4280 auctoritas,
2072 4226 2184 4270 tum
2223 4233 2356 4269 con-

806 4292 987 4343 cilium
1048 4305 1096 4342 a.
1144 4290 1278 4342 1156
1325 4287 1784 4353 Constantinopoli
1836 4287 2159 4339 celebratum
2197 4285 2353 4352 (Mai,

807 4358 1234 4434 Spieileg._Rom.
1262 4367 1298 4410 t.
1331 4357 1397 4420 X,
1429 4373 1489 4434 p._
1510 4357 1577 4410 58
1607 4371 1718 4434 seq.
1739 4355 1787 4422 ),
1824 4357 1963 4434 quod
1991 4355 2355 4434 testimonian

807 4425 1253 4496 [irofcrt'rtlnotioo
1295 4427 1631 4494 πατριάρχου
1670 4427 1731 4475 ἐκ
1769 4425 1859 4496 τοῦ
1888 4425 2063 4496 Δλόγου
2095 4426 2218 4493 περὶ
2260 4425 2356 4491 τῆς

2450 3210 2666 3264 obvium
2698 3207 2764 3261 de
2797 3207 2900 3260 alio
2933 3206 3153 3260 omnino
3179 3202 3354 3261 Photii
3392 3209 3624 3254 tractatu
3653 3199 4005 3252 inducebant.

2451 3300 2620 3366 Quem
2648 3299 2791 3352 enim
2822 3297 2908 3351 isti
2944 3297 3053 3366 (19)
3086 3302 3376 3349 recensent
3416 3291 3592 3346 Photii
3627 3291 3822 3344 librum
3866 3289 4012 3341 κατὰ

2450 3391 2693 3444 Λατίνων
2731 3389 2974 3459 περὶτοῦ
3005 3388 3316 3454 Πνεύματος
3345 3384 3499 3451 ἁγίου
3551 3384 3708 3452 cujus
3741 3381 3956 3434 initium
3992 3400 4008 3435 :

2453 3483 2547 3544 Τίς
2575 3481 2708 3543 ὅλως
2740 3480 3025 3548 ἀνάσχοιτο
3069 3477 3175 3529 τῶν
3224 3477 3281 3528 ἐν
3332 3476 3678 3543 Χριστιανοῖς
3709 3472 4012 3524 τελούντων

2453 3573 2543 3627 ἐπὶ
2579 3573 2676 3641 τῆς
2713 3569 2871 3638 ἁγίας
2909 3568 3137 3638 Τριάδος
3166 3566 3258 3620 δύο
3305 3567 3546 3632 εἰσάγειν
3596 3566 3761 3626 αἴτια,
3811 3563 4013 3631 quibus

2454 3662 2641 3715 iisdem
2675 3660 2873 3722 verbis,
2911 3660 2985 3712 uti
3019 3658 3252 3712 diximus
3281 3656 3326 3726 (§
3361 3656 3441 3725 ‘2),
3492 3655 3682 3724 incipit
3731 3654 3908 3708 Photii
3943 3657 4010 3708 de

2454 3749 2639 3803 eadem
2698 3749 2921 3802 materia
2975 3747 3366 3816 argumentatio
3422 3746 3476 3798 in
3537 3749 3695 3813 epist.
3755 3745 3808 3805 2,
3875 3744 4012 3798 edit.

2455 3840 2708 3904 Londin.,
2739 3855 2862 3894 eum
2923 3841 3009 3892 vix
3042 3838 3368 3908 peculiarem
3409 3837 3652 3905 ejusdem
3689 3835 4017 3904 patriarcha:

2457 3931 2638 3985 haberi
2658 3944 2813 3998 posse
2831 3937 3135 3990 tractatum,
3161 3927 3253 3980 sed
3273 3936 3478 3996 partem
3503 3941 3621 3978 esse
3639 3939 3706 3976 ex
3728 3924 3828 3976 hac
3852 3938 4017 3992 ency-

2456 4080 2730 4150 putatione
2783 4088 3088 4150 recurrunt,
3123 4089 3211 4130 tua
3249 4080 3590 4145 sophismata,
3621 4078 4014 4150 tacitumque,

2455 4147 2712 4212 uecordia,
2732 4159 2860 4210 etc.,
2892 4149 2944 4200 in
2974 4163 3168 4214 genere
3195 4158 3514 4200 assertorem
3544 4147 3837 4214 quemlibet
3869 4147 4018 4199 illius

2457 4221 2716 4273 doctrinae
2777 4217 3089 4283 respiciunt,
3117 4232 3273 4283 quem
3324 4227 3596 4269 oratormn
3654 4232 3802 4267 more
3849 4217 4018 4268 veluti

2458 4288 2557 4342 sibi
2591 4295 2908 4355 praesentem
2955 4285 3179 4338 Photius
3235 4287 3402 4354 lingit,
3435 4300 3542 4355 non
3587 4300 3712 4338 vero
3761 4285 3826 4355 ad
3885 4301 4017 4355 eum

2457 4353 2750 4428 pertinent,
2784 4355 2872 4424 qui
2905 4355 3096 4408 librum
3131 4355 3250 4428 ipse
3285 4353 3466 4428 mittit.
3503 4353 3690 4428 Neque
3738 4353 3803 4405 ad
3855 4354 4018 4407 aliter

2459 4423 2809 4480 statuendum
2843 4440 2941 4477 nos
2975 4431 3170 4493 cogunt
3201 4423 3307 4486 illa,
3340 4425 3402 4476 ad
3435 4440 3552 4492 qua:
3589 4423 3761 4493 Maius
3811 4439 4016 4490 provo-

806 4487 898 4548 τοῦ
939 4495 1090 4563 ἁγίου
1127 4487 1438 4563 Πνεύματός
1475 4487 1939 4564 μοὲταγωγίαςηίιι
1969 4487 2355 4564 ιίοδῑςρόρθιίο
2387 4487 2429 4540 D
2456 4512 2478 4549 C

2345 4510 2355 4546 ι
2387 4487 2429 4540 Β
2456 4505 2541 4549 cat
2593 4493 2863 4561 (Column.
2895 4493 3013 4564 cod.
3043 4487 3102 4561 p.
3129 4493 3251 4547 500.
3304 4493 3419 4546 scil.
3452 4487 3580 4560 'cap.
3631 4492 3736 4564 'iO),
3773 4487 4017 4564 auctoris

806 4561 1124 4618 contentum
1172 4561 1312 4631 (vide
1350 4561 1484 4631 cap.‘
1519 4563 1607 4625 27,
1668 4574 1777 4614 tum
1827 4563 2021 4614 Nicette
2077 4561 2352 4615 Choniatas

808 4635 1050 4704 allegatio
1081 4634 1133 4704 in
1156 4634 1417 4704 (Laurent.
1455 4632 1750 4704 bibhplut.
1780 4631 1866 4695 IX,
1896 4631 2016 4685 cod.
2046 4631 2134 4683 24.
2170 4646 2222 4700 ρ.
2251 4632 2353 4684 382

809 4704 1055 4773 (Bandin.
1092 4703 1218 4756 bibl.
1257 4704 1419 4773 Laur.
1455 4703 1686 4773 [ιτ-454).

878 4773 986 4840 (16)
1031 4772 1199 4838 Supra
1249 4771 1373 4840 ﬂe’5;
1405 4767 1923 4840 SGI‘ibilUt'ﬁﬁlewv.
1966 4767 2102 4840 Tum
2154 4784 2207 4838 p.
2250 4768 2353 4822 300

808 4838 923 4908 seq.
969 4838 1372 4898 constat.liune
1421 4839 1617 4891 Bedam
1672 4838 1836 4908 fuisse
1893 4839 2251 4892 orthodoxutn
2300 4847 2354 4892 et

808 4907 1085 4963 I'hotianis
1124 4911 1365 4978 partibus
1392 4908 1782 4978 adversantem.
1826 4907 1934 4978 imo
1971 4917 2022 4959 et
2067 4917 2352 4978 tractatum

812 4982 881 5032 lle
910 4975 1139 5046 Spiritui
1164 4979 1330 5030 sancti
1374 4995 1404 5028 a
1443 4975 1581 5028 Filio
1626 4976 2284 5046 processionescripsisse.
2325 4996 2342 5028 ι

808 5049 876 5102 Μ.
917 5039 976 5091 -ὲ
1007 5047 1285 5115 Inscriptio
1316 5047 1381 5098 ad
1405 5046 1600 5098 Bedam
1626 5039 1857 5115 deestin
1887 5045 2005 5099 aliis
2037 5039 2344 5109 codicibus;

808 5137 835 5169 a
867 5119 1069 5171 Joanne
1110 5114 1289 5169 autem
1340 5115 1510 5168 Becco
1550 5116 1747 5169 citatur
1790 5114 1938 5168 locus
1985 5115 2124 5167 idem
2165 5115 2251 5168 ille
2287 5116 2352 5169 de

808 5185 1014 5240 Joanne
1039 5185 1175 5249 Vill,
1209 5186 1273 5239 ad
1302 5201 1460 5252 quem
1504 5199 1667 5252 supra
1722 5194 2039 5251 provocarat
2077 5183 2266 5246 Maius,
2295 5194 2352 5237 ut

813 5268 1029 5324 exstans
1079 5257 1135 5306 ὲν
1165 5259 1274 5316 τοῖς
1312 5256 1446 5324 πρὸς
1477 5253 1750 5324 γΕὺσέϐιον
1790 5254 1972 5324 λόγοις
2015 5252 2153 5324 (Lib.
2184 5268 2262 5317 ιιι,
2287 5254 2352 5324 ad

814 5321 1157 5379 Theodorum
1202 5321 1368 5393 Sugd.
1404 5323 1569 5391 episc.
1612 5338 1658 5376 c.
1697 5323 1728 5374 4
1773 5322 1935 5393 erc.
1968 5322 2165 5393 orti/cod.
2198 5332 2236 5374 t.
2284 5322 2348 5384 ll,

817 5412 870 5463 p.
906 5395 1024 5455 158,
1058 5394 1194 5453 139).
1226 5392 1486 5447 Praeterea
1516 5407 1659 5455 eum,
1692 5407 1861 5463 quem
1903 5392 2123 5444 Photius
2171 5393 2268 5463 hoc
2301 5393 2352 5446 in

813 5461 950 5518 libro
978 5463 1281 5531 alloquitur,
1329 5471 1611 5516 tractatum
1646 5477 1742 5530 pro
1775 5461 2004 5528 Spiritus
2033 5461 2202 5513 sancti
2231 5476 2355 5531 pro-

811 5535 1056 5587 cessione
1081 5529 1114 5584 a
1137 5531 1268 5585 Filio
1302 5529 1688 5598 composuisse,
1721 5531 1898 5600 negari
1934 5544 2042 5582 non
2083 5529 2353 5584 immerito

808 5613 1003 5672 potest.
1038 5601 1170 5654 Nam
1202 5613 1312 5654 tum
1338 5602 1388 5653 in
1418 5602 1521 5654 ﬁne
1552 5610 1662 5653 tum
1695 5602 1745 5672 in
1775 5603 1894 5672 ipso
1929 5600 2150 5672 exordio
2175 5601 2353 5672 operis

808 5668 1002 5724 asserit
1033 5672 1274 5733 Photius,
1310 5672 1453 5724 hunc
1476 5686 1503 5723 a
1535 5684 1592 5724 se.
1625 5671 1878 5738 petivisse
1927 5668 2352 5738 confutationem

809 5743 1071 5813 dogmatis
1103 5742 1413 5797 Latinorum
1443 5750 1496 5795 et
1520 5737 1682 5797 verba
1711 5739 1818 5807 illa,
1850 5753 1967 5810 quae
1992 5740 2146 5795 toties
2172 5737 2223 5792 in
2253 5737 2352 5795 (115-

2454 4560 2639 4625 verba,
2672 4577 2791 4630 quae
2822 4562 3012 4615 eodem
3045 4560 3201 4631 pacto
3241 4565 3370 4616 satis
3417 4560 3698 4616 commode
3751 4562 4015 4630 explicari

2454 4641 2697 4702 possunt.

2525 4702 2634 4768 (17)
2665 4699 2777 4753 Non
2809 4701 2937 4754 citat
2967 4699 3186 4753 Photius
3216 4702 3402 4754 horum
3426 4700 3642 4752 Patrum
3676 4709 3872 4762 textus,
3913 4700 4012 4753 sed

2458 4771 2634 4841 potius
2666 4769 2837 4841 variis
2861 4785 2925 4823 ex
2954 4770 3252 4841 rationibus
3276 4778 3515 4841 textuum
3543 4770 3919 4841 auctoritatem
3951 4781 4009 4820 et

2455 4837 2789 4894 authentiatn
2828 4839 3125 4906 impugnat.
3185 4839 3354 4892 Unius
3380 4838 3618 4906 Gregorii
3667 4837 3733 4888 Μ.
3761 4838 4011 4890 testimo-

2454 4911 2604 4963 nium
2626 4909 2936 4975 explicitum
2968 4907 3143 4973 aﬂert,
3162 4908 3406 4962 vetsione
3441 4918 3616 4960 tamen
3664 4906 3731 4958 ab
3758 4907 4010 4975 originali

2456 4987 2602 5034 textu
2627 4979 2927 5030 dillerente.

2527 5049 2636 5117 (18)
2671 5045 2726 5117 In
2758 5047 3112 5117 sequentibus
3138 5045 3305 5117 Maius
3349 5061 3410 5100 ea
3442 5044 3664 5117 profert,
3696 5060 3814 5117 qua;
3864 5045 4011 5117 Pho-

2457 5113 2562 5170 tius
2590 5113 2984 5182 perhonoriﬁce
3016 5116 3141 5168 dicit
3167 5117 3231 5169 de
3277 5113 3525 5177 DamaSo,
3555 5115 3733 5167 Leone
3787 5115 3826 5174 1,
3869 5113 4013 5181 Vigi-

2454 5187 2545 5248 lio,
2566 5186 2860 5252 Agathone,
2889 5186 3140 5254 Gregorio
3167 5185 3204 5248 I,
3247 5184 3524 5254 Zacharia,
3563 5185 3738 5237 Leone.
3771 5183 4010 5254 juniore,

2454 5251 2744 5308 Benedicto
2779 5253 2862 5318 Ill,
2891 5251 3049 5320 atque
3065 5253 3271 5308 Joanne
3331 5251 3461 5317 Vlll,
3490 5254 3714 5306 summis
3736 5253 4013 5320 pontiﬁci-

2455 5325 2574 5387 bus,
2601 5334 2653 5377 ct
2691 5325 2742 5376 in
2771 5324 2836 5378 iis
2889 5324 3228 5390 potissimum
3267 5324 3601 5382 immoratur,
3641 5337 3759 5388 quae
3808 5322 3874 5374 de
3908 5323 4015 5376 hoc

2454 5403 2725 5462 postremo
2758 5394 3007 5461 pontiﬁce
3031 5394 3210 5446 habet.
3241 5393 3345 5462 Sed
3365 5393 3551 5462 harum
3573 5391 4014 5462 Observationum

2455 5460 2691 5533 potiores
2732 5460 3187 5533 accommodatius
3239 5461 3340 5528 ipsi
3377 5460 3641 5515 Photiano
3673 5461 3841 5512 textui
3871 5463 4016 5516 inl’ra

2457 5531 2806 5602 apponendas
2825 5546 2954 5602 esse
2972 5534 3302 5585 censuimus.

2525 5599 2635 5670 (19)
2693 5600 2940 5670 Lambec.
3003 5602 3255 5654 Biblioth.
3300 5599 3526 5670 (ξανξελτο
3552 5610 3592 5656 t.
3640 5600 3725 5659 111,
3781 5616 3836 5670 p.
3883 5599 4013 5654 504.

2456 5670 2560 5723 50-5
2601 5670 2686 5724 ed.
2738 5669 2936 5723 Kellar.
2979 5671 3275 5732 Fabricius,
3307 5669 3443 5739 Bibl.
3489 5669 3578 5726 Gr.
3626 5671 3719 5726 lib.
3747 5669 3801 5739 ν,
3838 5685 3887 5727 c.
3917 5670 4017 5736 35,

2457 5740 2593 5809 §16,
2631 5754 2685 5796 n.
2713 5741 2778 5808 3;
2815 5748 2854 5795 ι.
2888 5739 2977 5807 x1,
3014 5741 3156 5811 p.29
3194 5740 3278 5796 ed.
3311 5738 3456 5796 Harl.
