4234 6432
243 444 352 510 269

846 443 941 503 DE
980 447 1038 504 S.
1084 441 1439 502 SPIRITUS
1465 437 1965 500 MYSTAGOGIA.
1992 462 2059 471 --
2090 437 2146 496 J.
2186 435 2421 500 HERG.
2453 436 2865 496 PRzEFATIO.

3359 430 3465 495 270

243 559 375 611 clica
403 555 735 623 decerptam,
769 553 962 605 additis
993 551 1262 604 interdum
1305 550 1584 602 nonnullis
1608 565 1668 602 ex
1693 550 1810 602 aliis
1839 550 1882 607 Λ
1914 546 2028 610 illi;
2079 545 2376 614 sphalmata
2425 546 2771 600 amanuensis
2816 545 2945 597 hinc
2989 545 3190 612 pariter
3225 553 3466 598 correcta

239 648 484 716 ejusdem
534 642 1021 705 lucubrationibus,
1078 641 1188 708 jam
1239 639 1445 707 pridem
1496 639 1802 708 suSpicatus

239 738 490 797 fut-ram;
529 732 766 802 suspicio
822 747 969 794 vero,
1007 729 1142 782 mihi
1197 731 1410 789 saltem,
1451 729 1503 781 in
1537 744 1802 782 summam

239 827 672 896 probabilitatem
708 823 935 885 transiit,
977 837 1098 873 cum
1149 836 1256 872 non
1301 820 1474 872 solum
1524 821 1802 887 prazl'atum

241 918 641 975 Monacensem,
679 913 771 966 sed
806 921 858 966 et
903 912 1050 964 ἰ11ιιιιι
1086 911 1259 979 ipsum
1306 909 1801 970 Vindobonenscm,

238 1009 503 1070 codicem,
544 1007 628 1059 cui
677 1005 790 1058 fere
840 1004 936 1057 soli
975 1003 1310 1055 innitebatur
1349 1001 1578 1053 Fabricii
1631 1016 1805 1053 asser-

241 1103 312 1152 tio
358 1099 491 1167 (‘20),
524 1097 933 1166 perlustrassem
960 1093 1169 1161 aliaque
1204 1093 1397 1145 indicia
1432 1091 1806 1160 deprehende-

240 1204 376 1252 rent,
431 1204 547 1257 qum
580 1187 720 1240 item
749 1187 813 1240 de
867 1185 1141 1238 nonnullis
1184 1199 1400 1252 quoque
1439 1184 1558 1238 aliis
1601 1184 1803 1237 codici-

241 1283 338 1334 bus
370 1281 480 1348 (2|)
508 1281 792 1332 dicendum
819 1294 937 1331 esse
965 1277 1287 1331 confirmare
1313 1277 1648 1329 videbantur.
1673 1277 1805 1330 lliuc

240 1386 305 1426 ex
335 1371 723 1423 Plictianorum
759 1384 983 1437 operum
1023 1367 1261 1437 catalogo
1294 1368 1559 1435 ejusmodi
1607 1369 1804 1421 librum

239 1460 661 1526 expungendum
689 1473 908 1510 censeo.

313 1549 378 1602 V.
415 1548 519 1602 Sed
549 1550 612 1602 ad
643 1565 754 1600 rem
783 1559 1022 1601 nostram
1064 1557 1421 1601 revertamur.
1461 1547 1806 1601 Monacensis

238 1643 436 1703 codex,
467 1641 543 1692 uti
580 1641 784 1692 dictum
812 1649 914 1703 est,
934 1656 1040 1692 non
1067 1649 1238 1691 totum
1264 1637 1438 1691 Photii
1465 1640 1656 1691 librum
1679 1654 1809 1707 sup-

241 1731 484 1800 peditat;
524 1729 725 1782 desinit
761 1730 853 1792 ibi,
888 1730 978 1782 ubi
1012 1729 1336 1796 respondere
1369 1739 1596 1782 conatur
1621 1730 1684 1780 ad
1717 1745 1805 1780 ar-

239 1833 558 1890 gumentum
588 1836 650 1873 ex
685 1821 975 1883 Ambrosii,
998 1820 1304 1889 llieronjmi
1330 1830 1490 1888 atque
1520 1820 1803 1890 Augustini

239 1911 565 1963 auctoritate
598 1910 846 1978 petitum,
888 1909 1114 1977 pnecise
1153 1925 1274 1961 eum
1303 1910 1357 1960 in
1393 1909 1568 1961 locum
1593 1951 1607 1973 ,
1644 1925 1801 1977 quem

239 2017 354 2069 cap.
400 2000 465 2052 G7
507 2001 832 2060 notavimus,
865 1999 955 2051 ubi
988 2014 1105 2064 cap.
1137 2001 1204 2053 54
1251 2000 1339 2052 ille
1366 2000 1642 2053 exorditur
1670 1999 1800 2068 (ἓξ).

237 2093 370 2157 Qua:
405 2093 566 2159 igitur
589 2091 641 2142 in
674 2099 860 2143 nostro
887 2092 1072 2143 codice
1103 2091 1350 2155 deerant,
1385 2106 1446 2144 ea
1481 2107 1545 2144 ex
1575 2091 1712 2154 aliis,
1743 2106 1806 2144 ac

237 2182 542 2249 prmscrtim
568 2195 631 2232 ex
666 2177 956 2238 Vaticanis,
994 2179 1289 2245 supplenda
1320 2179 1590 2246 simulque
1625 2189 1802 2232 textus

236 2272 586 2325 collationem
629 2271 1012 2323 instituendam
1050 2283 1228 2337 Operm
1255 2269 1486 2337 pretium
1511 2271 1662 2324 duxi.
1699 2253 1805 2323 Sed

238 2377 362 2413 cum
403 2358 627 2412 Romam
658 2360 807 2412 adire
830 2356 937 2411 non
959 2373 1192 2426 possem,
1218 2358 1445 2410 aliorum
1471 2358 1547 2411 uti
1574 2359 1806 2427 cogebar

237 2465 411 2520 opera
463 2461 516 2503 et
578 2451 865 2503 industria.
922 2449 1076 2502 Viros
1152 2457 1329 2501 tatncn
1388 2450 1806 2502 humanissimos

241 2555 437 2596 nactus
472 2558 613 2607 sum,
654 2543 746 2610 qui
777 2542 848 2595 ibi
885 2557 1101 2594 manum
1148 2540 1299 2609 operi
1350 2540 1708 2593 admoverunt
1755 2547 1808 2593 et

243 2647 537 2702 utrumque
589 2634 780 2702 partim
810 2633 994 2686 labore
1038 2631 1257 2700 proprio
1300 2633 1500 2700 partim
1544 2647 1641 2699 per
1672 2630 1804 2683 scri-

243 2741 459 2796 ptorem
483 2727 557 2778 rei
576 2727 704 2778 satis
725 2740 949 2794 gnarum
971 2724 1201 2776 libenter
1218 2723 1602 2790 prestiterunt.
1631 2724 1804 2790 Atque

240 2819 521 2872 adhibitus
552 2817 602 2869 in
638 2817 826 2885 primis
866 2816 966 2869 fuit
999 2815 1166 2868 codex
1204 2814 1495 2867 Vaticanus
1525 2815 1677 2878 1925,
1712 2813 1803 2880 qui

240 2923 405 2965 antea
439 2911 631 2962 Lollini
675 2909 869 2974 fuerat,
902 2910 1095 2964 Allatio
1125 2913 1260 2964 bene
1301 2919 1481 2972 notus,
1514 2910 1651 2962 idem
1692 2908 1797 2971 ille,

240 3022 305 3058 ex
335 3019 443 3072 quo
475 3002 834 3070 Amphilochia
869 3002 1038 3055 edidit
1081 3002 1249 3054 Maius
1280 3040 1293 3062 ,
1341 3001 1696 3070 Bombycinus
1740 3017 1803 3055 ac

242 3095 426 3148 siceuli
461 3094 629 3147 ferme
662 3109 779 3157 xm,
830 3093 1102 3162 eleganter
1128 3093 1351 3145 omnino
1390 3093 1621 3160 scriptus
1651 3093 1799 3161 (25);

241 3187 440 3239 deinde
493 3183 768 3236 Palatinus
808 3183 873 3236 ab
920 3183 1110 3236 iisdem
1163 3183 1334 3236 doctis
1379 3182 1507 3234 viris
1556 3182 1871 3266 laudatusC

243 3275 292 3343 (ς
315 3277 391 3341 ὖ),
425 3275 514 3342 qui
546 3274 635 3326 illo
666 3273 840 3327 adhuc
864 3274 1022 3341 paulo
1042 3273 1317 3341 antiquior
1336 3287 1455 3325 esse
1477 3272 1668 3326 fertur.
1703 3273 1803 3326 lta-

240 3381 350 3434 quc
370 3366 635 3431 priorem.
676 3377 901 3430 eamque
945 3363 1203 3429 majorem
1239 3363 1414 3430 operis
1447 3371 1653 3430 partem
1696 3375 1804 3417 tres

243 3457 460 3508 codices
489 3454 933 3522 suppeditarunt;
971 3453 1257 3506 Vaticanus
1278 3469 1398 3505 cum
1419 3452 1626 3506 Monac.
1654 3463 1797 3506 textu

240 3561 271 3596 a
299 3560 407 3606 me,
450 3552 507 3595 ut
562 3559 686 3595 vere
729 3544 915 3595 testari
956 3557 1174 3610 possum
1208 3580 1222 3604 ,
1276 3557 1436 3609 quam
1491 3543 1803 3596 fidelissime

241 3635 517 3702 cxscripto
562 3635 790 3687 collatus
821 3634 922 3688 fuit
968 3650 1029 3687 ac
1075 3632 1351 3686 Palatinus
1395 3635 1448 3686 in
1497 3635 1799 3688 subsidium

240 3735 496 3789 vocatus;
551 3725 747 3777 deinde
797 3725 1063 3792 posterior
1111 3738 1234 3792 pars
1287 3739 1351 3776 ex
1391 3722 1561 3777 Vatic.
1608 3726 1798 3778 eodem

242 3818 281 3870 f.
305 3817 409 3869 9.05
443 3817 495 3869 b.
524 3847 592 3854 —
621 3815 724 3868 208
753 3817 806 3868 b.
840 3823 1154 3884 deprompta
1174 3824 1276 3878 cst,
1302 3831 1424 3869 cum
1455 3831 1562 3883 quo
1584 3831 1797 3869 rursum

241 3907 625 3961 conferebatur
661 3906 954 3959 Palatinus.
997 3907 1186 3958 Mirum
1237 3907 1289 3958 itt
1333 3907 1550 3959 modum
1584 3907 1690 3959 duo
1718 3907 1796 3959 ilii

241 3994 472 4048 Romani
497 3997 712 4049 Codices
745 3997 887 4048 inter
928 4011 986 4049 se
1018 3997 1385 4060 conveniunt;
1433 3997 1792 4064 Monacensis,

241 4098 473 4155 utroque
499 4089 700 4154 junior,
741 4088 922 4155 plures
951 4087 1083 4139 alias
1105 4088 1343 4140 ostendit
1371 4088 1659 4153 lectiones,
1695 4105 1793 4142 ne-

239 4193 348 4245 que
401 4186 578 4230 tamen
628 4177 695 4246 (si
742 4178 936 4229 menda
994 4178 1278 4245 scriptoris
1323 4179 1529 4247 demas)
1573 4183 1793 4234 omnino

239 4267 614 4336 spernendus;
658 4266 818 4334 hujus
852 4267 1070 4319 lacunas
1113 4273 1167 4318 et
1210 4267 1390 4320 hiatus
1439 4271 1793 4337 expleverunt

311 4377 424 4446 (Ξο)
454 4377 654 4449 ltevera
689 4377 805 4449 eod.
839 4377 1136 4449 Vindobon.
1173 4379 1265 4432 Gr.
1297 4380 1459 4431 theol.
1497 4381 1594 4434 168
1625 4382 1788 4449 (juxta

237 4444 1072 4518 nuthesselq”Lantbeccio
1123 4457 1205 4500 est
1245 4449 1363 4501 cod.
1411 4450 1538 4518 64),
1590 4444 1656 4501 ηῗ
1697 4451 1787 4503 23.

1907 644 2053 698 sunt,
2087 637 2140 687 in
2170 634 2368 702 quibus
2397 634 2639 703 quaedam
2674 644 2827 688 erant
2857 648 3077 686 sensum
3106 634 3327 686 omnino
3347 649 3471 702 per-

1910 728 2218 792 turbantia;
2280 737 2360 779 ter
2411 727 2626 780 circiter
2688 727 2926 796 integras
2981 726 3152 778 lineas
3211 729 3469 780 omiserat

1907 820 2140 888 scriptor
2167 819 2256 871 ille
2286 818 2466 871 sreculi
2494 835 2580 876 xv.
2613 826 2671 870 ut
2694 818 2938 880 videtur,
2988 817 3238 869 exeuntis
3267 819 3346 869 vel
3377 833 3464 869 xvi

1909 909 2162 962 ineuntis.
2198 910 2346 962 Adeo
2377 924 2504 962 vero
2530 924 2587 962 se
2625 909 3039 962 commendabat
3062 908 3232 962 Vatic.
3264 918 3463 972 textus,

1909 1011 1966 1054 ut
1994 1001 2210 1053 nonnisi
2254 1001 2598 1069 paucissimis
2634 1001 2684 1053 in
2727 1003 2858 1053 locis
2894 1002 2960 1053 ab
2992 1018 3056 1054 co
3103 1003 3464 1055 recedendum

1907 1106 2028 1145 esse
2054 1091 2148 1144 rati
2187 1092 2375 1144 simus.
2417 1092 2551 1144 lluic
2591 1093 2769 1160 itaque
2821 1093 2985 1144 textui
3019 1095 3313 1160 generatim
3347 1095 3470 1147 ado-

1907 1190 2060 1252 ptato
2090 1183 2367 1236 variantes
2404 1183 2662 1236 lectiones
2691 1195 2799 1237 tum
2844 1185 2895 1236 in
2940 1182 3149 1236 Monac.
3185 1193 3240 1237 et
3276 1186 3464 1247 Palat.,

1908 1282 2019 1326 tum
2056 1273 2272 1326 aliunde
2306 1287 2531 1342 reperta:
2577 1276 2835 1342 appositze
2880 1275 3066 1338 fuere;
3103 1276 3469 1344 interpunctio

1907 1382 2006 1434 pro
2041 1369 2446 1434 Opportunitate
2486 1368 2777 1419 constituta
2807 1407 2819 1428 ,
2854 1367 3123 1419 scribendi
3157 1383 3270 1419 mos
3315 1369 3470 1421 hodie

1911 1457 2141 1509 usitatus
2173 1457 2491 1524 regulariter
2513 1441 2761 1509 servatus
2798 1465 2901 1515 est,
2937 1456 2988 1506 in
3017 1455 3204 1523 paucis
3233 1466 3471 1508 tantum-

1910 1548 2068 1601 modo
2111 1548 2196 1599 vel
2242 1547 2460 1614 majoris
2507 1547 2907 1615 perspicuitatis
2943 1547 3027 1599 vel
3075 1547 3474 1599 commoditatis

1909 1638 2078 1705 gratia
2127 1638 2206 1689 vel
2254 1638 2322 1689 ob
2359 1637 2492 1688 alias
2543 1636 2674 1689 satis
2736 1636 2922 1688 obvias
2981 1637 3217 1689 rationes
3278 1638 3473 1690 dereli-

1911 1737 2032 1780 ctus
2052 1728 2188 1795 (24).
2220 1728 2545 1780 Divisionem
2576 1728 2812 1796 capitum
2837 1743 3031 1780 novam
3063 1728 3467 1790 adornavimus.

1911 1821 2139 1873 retentis
2196 1820 2336 1872 inter
2390 1835 2561 1872 uncos
2615 1819 2886 1886 capitibus
2935 1819 3140 1894 codicis
3186 1820 3467 1880 Vaticani,

1909 1909 2082 1977 iisque
2121 1907 2320 1961 Grmeis
2352 1908 2598 1959 numeris
2635 1907 2929 1975 designatis
2979 1907 3108 1974 (ἓῦ).
3159 1909 3216 1960 ln
3262 1911 3469 1976 prolixa

1907 2000 1994 2052 illa
2026 2000 2093 2052 de
2115 1999 2289 2052 Galat.
2324 2016 2396 2056 tv.
2428 1999 2482 2063 6,
2508 1998 2646 2051 sicut
2677 1999 2731 2050 in
2766 1999 3016 2066 sequenti
3047 2000 3112 2052 de
3138 1999 3341 2052 Latinis
3368 1999 3470 2052 Pa-

1909 2089 2081 2143 tribus
2105 2090 2494 2157 disputatione,
2532 2087 2820 2142 Vaticanus
2848 2089 3004 2141 novis
3035 2105 3246 2141 rursum
3281 2091 3472 2143 litteris

1909 2178 2277 2248 paragraphos
2306 2179 2650 2244 distinxerat,
2679 2194 2798 2248 quae
2828 2180 3032 2248 pariter
3071 2179 3123 2232 in
3148 2180 3251 2232 hac
3276 2182 3472 2234 editio-

1907 2286 1975 2324 ne
2011 2281 2232 2324 servata:
2260 2270 2432 2326 fuere.

1980 2360 2068 2414 Vl.
2099 2361 2234 2415 Illud
2271 2377 2398 2415 vero
2430 2361 2661 2416 maxime
2697 2363 2967 2429 ingratum
3013 2372 3151 2428 erat,
3185 2366 3326 2433 quod
3366 2365 3470 2420 Co-

1909 2451 2249 2505 lumneosem
2277 2452 2521 2505 codicem
2575 2454 2641 2505 ab
2674 2453 2736 2507 Α.
2772 2454 2909 2506 Maio
2935 2455 3235 2508 adhibitum
3277 2459 3468 2510 saltem

1907 2544 2134 2595 aliorum
2171 2559 2333 2611 opera
2381 2545 2668 2597 consulere
2718 2545 2900 2597 datum
2949 2561 3056 2598 non
3100 2561 3234 2600 erat.
3296 2548 3470 2618 llujus

1909 2634 2052 2686 enim
2079 2649 2365 2686 numerum
2396 2634 2686 2687 cardinalis
2715 2636 2855 2688 haud
2892 2637 3160 2691 indicarat
3181 2681 3196 2701 ,
3240 2655 3468 2706 qumque

1907 2724 2038 2776 mihi
2067 2724 2149 2777 bis
2181 2739 2242 2777 ac
2267 2726 2424 2778 tertio
2454 2726 2684 2780 sollicite
2719 2743 2817 2794 per
2844 2728 3052 2782 litteras
3081 2731 3377 2798 requirenti
3401 2748 3469 2785 ex

1907 2816 2063 2870 codd.
2090 2816 2340 2870 Column.
2361 2817 2535 2870 indice
2554 2819 2945 2877 referebantur,
2965 2835 3113 2886 Spem
3143 2821 3468 2888 penitusau-

1906 2905 2150 2959 ferebant
2171 2906 2281 2960 fore
2302 2915 2360 2960 ut
2381 2908 2470 2960 ille
2493 2923 2612 2961 mox
2633 2910 2809 2961 adhuc
2829 2910 3126 2979 delegatur.
3159 2909 3265 2963 llac
3289 2912 3466 2978 itaque

1906 3013 1999 3064 spe
2046 2998 2291 3066 deposita
2336 3000 2558 3052 editioni
2590 3001 2725 3053 liber
2748 3003 3034 3056 mandatus
3079 3013 3180 3064 est,
3216 3020 3313 3056 nec
3339 3007 3464 3058 diu»

1907 3089 2011 3140 tius
2024 3087 2384 3140 cunctandum
2407 3088 2726 3149 existimavi,
2749 3090 3043 3157 praesertim
3064 3107 3184 3145 cum
3217 3093 3332 3147 alia:
3379 3112 3466 3148 Ine

1907 3194 2048 3232 cura:
2073 3179 2140 3231 ab
2176 3180 2277 3232 hoc
2309 3180 2444 3232 libro
2466 3191 2769 3242 avocarent,
2799 3182 2962 3250 digno
2997 3193 3174 3238 tamen
3204 3188 3424 3240 omnino
3445 3229 3462 3253 ,

1903 3269 1992 3336 qui
2025 3268 2250 3320 eruditis
2273 3267 2552 3320 oll'eratur.
2576 3269 2681 3323 Sed
2713 3287 2834 3324 eum
2865 3273 2974 3341 jam
3012 3275 3112 3326 sub
3140 3277 3291 3344 prelo
3316 3288 3465 3333 esset

1905 3359 2081 3412 Photii
2112 3367 2324 3418 textus.
2360 3359 2466 3412 imo
2493 3377 2622 3413 vero
2654 3363 2885 3415 maxima
2921 3380 2983 3416 ex
3016 3374 3167 3433 parte
3205 3383 3459 3435 excusus,

1909 3449 2122 3502 tandem
2162 3449 2353 3502 allatus
2387 3459 2469 3503 est
2498 3451 2743 3511 nuntius.
2773 3453 3013 3505 codicem
3045 3471 3074 3508 a
3112 3455 3246 3510 Maio
3272 3459 3462 3512 lauda--

1909 3547 2018 3589 tum
2049 3552 2169 3590 esse
2192 3539 2468 3592 inventum
2499 3541 2550 3591 in
2574 3541 2691 3593 cod.
2730 3541 2845 3594 Col.
2884 3544 2951 3595 53
2995 3547 3085 3612 (al.
3116 3548 3227 3614 54),
3257 3552 3458 3606 mcmb.

1905 3629 2049 3691 iit-4,
2074 3631 2351 3698 eleganter
2372 3632 2705 3698 conscripto,
2745 3634 2834 3700 qui
2870 3636 3092 3703 paginas
3128 3637 3299 3706 ipsius
3335 3640 3457 3694 Maii

1903 3735 2063 3771 manu
2091 3720 2357 3788 signatas,
2402 3721 2700 3774 secundum
2730 3738 2865 3790 quas
2915 3723 3089 3778 Photii
3136 3729 3296 3781 verba
3343 3731 3457 3797 ipse

1901 3809 2184 3872 citaverat,
2212 3810 2264 3861 in
2295 3810 2396 3863 boc
2420 3819 2652 3864 tractatu
2685 3814 2968 3879 ostendat;
3009 3825 3063 3868 et
3098 3817 3240 3872 hunc
3275 3820 3344 3872 ibi
3374 3821 3458 3873 iu-

1901 3907 2108 3965 tegrum
2133 3910 2343 3952 exstare
2364 3915 2393 3952 a
2421 3917 2536 3968 pag.
2553 3902 2649 3953 Et“
2685 3919 2854 3971 usque
2876 3905 2940 3957 ad
2965 3921 3083 3974 pag.
3116 3908 3238 3969 517,
3263 3926 3455 3975 quem-

1899 3989 2183 4042 admodum
2226 3990 2370 4043 etin
2443 3989 2614 4045 Vatie.
2668 4003 2722 4046 et
2779 3993 2944 4047 Palat.
3003 3995 3158 4050 llunc
3210 4000 3452 4054 codicem

1898 4081 1988 4149 qui
2024 4081 2380 4149 inspexerunt
2408 4083 2564 4150 periti
2591 4085 2789 4137 saaculo
2834 4086 3044 4140 decimo
3099 4090 3260 4142 tertio
3312 4092 3453 4143 assi-

1897 4174 2164 4243 gnandum
2195 4173 2525 4225 arbitrantur
2553 4174 2687 4243 ('26).
2724 4177 2796 4228 Ea
2828 4193 2934 4241 res,
2963 4195 3081 4247 qua:
3112 4191 3307 4249 praeter
3335 4200 3452 4238 om-

1896 4279 2019 4319 nem
2063 4264 2522 4331 exspectationem
2571 4272 2869 4331 evenerat,
2919 4285 3154 4326 mcerore
3199 4274 3361 4326 simul
3397 4285 3456 4332 et

1965 4377 2076 4451 (ἰῷ)
2111 4375 2240 4451 Vide
2275 4375 2470 4428 Maium
2500 4377 2532 4428 ι.
2560 4376 2788 4451 c._Pr:ef.
2825 4378 3150 4451 dePbotio§
3179 4384 3228 4444 l,
3257 4401 3307 4451 p.
3338 4403 3444 4440 xw.

1968 4449 2077 4514 (‘24)
2117 4445 2276 4517 Negv.
2314 4462 2363 4513 g.
2395 4461 2560 4517 aegre
2602 4445 2735 4517 ferat
2775 4450 3020 4502 eruditus
3071 4445 3271 4517 lector,
3317 4458 3444 4510 dum

238 4520 276 4568 l'.
470 4543 492 4554 ο
520 4517 622 4568 554
662 4516 734 4567 nil
780 4517 925 4596 aliud
963 4519 1232 4596 continet,
1266 4517 1366 4596 nisi
1401 4515 1513 4596 hinc
1559 4521 1670 4587 ipsa
1695 4536 1784 4596 ep.
1815 4539 1866 4596 ι)
1897 4534 1910 4573 ι

1773 4562 1784 4572 .
1815 4539 1866 4596 D
1897 4518 2128 4596 cap._19.
2165 4515 2250 4594 36_,
2276 4517 2359 4574 '76,
2394 4515 2445 4566 in
2472 4516 2770 4596 pspnvovs;
2795 4520 2932 4570 videt
2961 4521 3064 4573 iota
3085 4515 3441 4596 subscriptum

237 4585 523 4652 cncyclica‘.
555 4594 890 4656 argumenta,
922 4594 977 4636 ut
1019 4600 1116 4653 ego
1149 4586 1475 4656 Vindoboua:
1503 4585 1615 4656 ipse
1657 4585 1787 4651 vidi,

238 4667 290 4725 et
321 4654 820 4725 accurateproinde
867 4656 1158 4725 respondet
1200 4655 1425 4722 iis,qu:e
1471 4654 1535 4709 in
1571 4658 1790 4725 praefato

239 4723 448 4774 Monac.
479 4723 515 4773 f.
570 4722 671 4774 M9
700 4740 748 4774 a.
796 4751 820 4761 -
854 4721 955 4774 450
988 4735 1295 4775 occurrunt.
1330 4725 1547 4778 initium
1574 4721 1789 4780 'utrobi-

236 4808 344 4858 que
381 4809 393 4842 :
444 4792 535 4852 Ti;
568 4792 720 4853 ὅλως,
759 4800 816 4844 ut
870 4808 1063 4859 supra;
1107 4793 1225 4844 linis
1275 4811 1287 4846 :
1339 4795 1449 4860 Τὴν
1481 4797 1661 4861 κοινὴν
1697 4813 1792 4847 τα-

241 4862 576 4927 μιευομὲνων
618 4861 945 4911 συνέλευσιν.
989 4862 1249 4914 Caeterum
1298 4871 1500 4914 textum
1556 4864 1673 4916 libri
1717 4865 1791 4917 De

236 4929 465 4995 Spiritus
495 4930 553 4980 S.
590 4931 932 4997 myslagogia,
966 4929 1018 4981 in
1060 4931 1122 4982 iis
1153 4929 1406 4984 Οιυειπειε
1460 4933 1790 4986 bibliotheca:

236 4999 514 5050 codicibus
532 4999 622 5065 qui
651 5001 800 5066 juxta
819 4999 1085 5068 catalogus
1109 5000 1212 5052 huc
1239 5001 1506 5067 pertinere
1529 5005 1791 5055 videban-

235 5078 349 5140 tur,
382 5083 486 5119 non
517 5068 715 5140 reperi;
739 5069 975 5140 quinque
1002 5070 1335 5140 solummodo
1354 5080 1628 5140 segmenta
1652 5073 1790 5124 inter

234 5137 384 5189 varia
405 5147 655 5204 excerpta
683 5136 737 5188 in
759 5139 967 5189 duobus
992 5153 1118 5190 mss.
1137 5136 1248 5201 (Gr.
1275 5136 1440 5192 theol:
1461 5138 1564 5193 249
1590 5150 1643 5193 et
1665 5141 1788 5206 524)

235 5216 432 5258 nactus
488 5222 647 5268 sum,
695 5222 846 5272 atque
919 5207 1250 5269 brevissima,
1315 5224 1433 5275 qua:
1495 5209 1605 5262 suis
1662 5211 1790 5263 locis

237 5283 420 5342 (capp.
452 5276 502 5337 5,
540 5277 591 5338 6,
626 5275 714 5339 6|,
749 5277 834 5339 (58,
866 5275 951 5345 93)
987 5275 1040 5327 in
1078 5276 1174 5328 hac
1202 5276 1438 5332 editione
1477 5290 1604 5332 sunt
1633 5281 1789 5333 adhi-

235 5346 366 5400 bitu.

308 5417 419 5482 (2|)
454 5414 534 5468 Cf.
591 5431 640 5467 v.
693 5431 744 5484 g.
805 5413 1099 5467 Morellium
1163 5415 1299 5469 Bibl.
1347 5433 1475 5470 mss.
1520 5417 1710 5471 Venet.
1747 5418 1786 5484 l,

234 5502 292 5556 p.
327 5486 398 5556 95
424 5486 639 5556 decod.
666 5485 1081 5556 Marcianotli'l,
1107 5495 1158 5538 et
1189 5485 1374 5556 infra§
1408 5490 1459 5549 b‘,
1493 5497 1604 5540 not.
1640 5489 1692 5540 5.

310 5555 420 5616 (:22!)
452 5554 649 5608 Divisio
673 5556 908 5622 capitum
937 5553 1142 5606 Monac.
1165 5553 1368 5607 codicis
1391 5556 1457 5609 ab
1485 5558 1566 5608 illa
1589 5557 1788 5617 differt,

236 5640 358 5694 qua:
387 5625 437 5675 in
476 5624 617 5685 aliis,
646 5634 697 5678 et
733 5623 1134 5694 nominatimin
1179 5624 1297 5677 cod.
1330 5625 1540 5678 Colum.
1585 5641 1613 5677 a
1655 5626 1791 5678 Maio

236 5693 512 5763 adhibito.
541 5696 840 5761 reperitur;
878 5695 1002 5763 dum
1056 5693 1142 5745 ille
1186 5707 1353 5761 usque
1380 5697 1443 5747 ad
1473 5711 1593 5748 eum
1626 5736 1639 5758 ,
1686 5709 1790 5763 quo

239 5762 677 5834 desinittlocum
717 5763 929 5817 nonnisi
954 5762 1019 5817 55
1049 5764 1220 5831 capita
1251 5773 1519 5830 numerat,
1547 5766 1645 5820 istc
1678 5762 1788 5834 jam

235 5835 403 5894 habet
434 5833 522 5886 45.

1893 4589 2034 4657 quod
2068 4585 2365 4657 severiores
2388 4585 2717 4657 grammatici
2745 4602 3024 4641 removere
3056 4593 3246 4644 solent.
3291 4585 3443 4657 Quod

1892 4654 2096 4725 spectat
2121 4654 2184 4705 ad
2220 4668 2403 4705 vocem
2438 4655 2552 4725 uio;
2582 4657 2699 4725 (pro
2739 4657 2892 4724 υξος),
2927 4675 2986 4709 ea
3018 4676 3111 4711 vox
3141 4654 3444 4717 sexcenties

1892 4722 2003 4800 fere
2030 4726 2433 4800 hic_occurrens
2454 4722 2763 4800 abbreviate
2796 4722 3045 4800 primitus
3071 4730 3226 4781 nobis
3245 4733 3443 4800 scripta

1891 4797 2084 4857 fuerat,
2123 4794 2328 4858 isteque
2356 4793 2542 4842 calami
2567 4792 2760 4844 ductus
2792 4796 2997 4847 facilior
3019 4813 3080 4849 ex
3113 4815 3239 4851 mss.
3275 4811 3328 4853 ct
3351 4792 3441 4856 ve-

1891 4866 2174 4935 tustiorum
2209 4860 2724 4935 librorunt__l_ectione
2749 4862 3023 4918 familiaris
3044 4870 3440 4935 quodammodo

1891 4934 2114 4986 ell'ectns
2140 4940 2222 4983 est
2248 4939 2301 4982 et
2329 4929 2554 4981 consilio
2579 4937 2822 4984 retentus
2845 4972 2858 4993 ,
2887 4949 2954 4986 ne
3001 4929 3079 4987 in'
3099 4940 3438 4992 emendando

1891 5001 2180 5068 exemplari
2243 4998 2575 5068 perturbatio
2634 5012 2939 5067 augeretur.
2974 5004 3120 5057 Licet
3182 5022 3307 5059 vero
3340 5013 3438 5063 iste

1892 5067 2157 5124 scribendi
2182 5069 2372 5122 modus
2388 5067 2455 5121 ab
2471 5070 2892 5124 accuratioribus
2909 5074 3236 5128 editiouibus
3257 5093 3415 5131 aman

1890 5142 2048 5193 datus
2092 5138 2270 5200 fuerit,
2317 5147 2498 5189 tamen
2540 5139 2797 5206 exemplis
2842 5156 2949 5192 non
2984 5153 3129 5196 caret
3180 5145 3231 5197 in
3284 5147 3435 5201 libris

1891 5209 2280 5283 sarculoetiatn
2304 5208 2787 5283 nostrosvulgatis.
2821 5209 2977 5276 (Vide
3025 5211 3192 5283 Scotti
3219 5215 3434 5283 ΑηιρΙιὶ-

1892 5279 2203 5351 ιοεΙμιῚι-ρι.
2237 5276 2459 5343 Neapoli
2495 5276 2627 5329 1814
2660 5293 2712 5345 p.
2749 5278 2864 5351 5_ct
2893 5281 3138 5351 passim.)

1961 5348 2071 5416 (25)
2095 5346 2186 5400 llis
2217 5356 2530 5414 argumenta
2562 5348 2856 5414 praesertim
2889 5346 2953 5405 cx
2984 5346 3188 5405 ratione
3222 5353 3430 5409 tbeolo~

1891 5419 2002 5487 gica
2030 5419 2309 5488 desumpta
2332 5424 2454 5488 apte
2481 5416 2792 5488 plerumque
2821 5418 3243 5488 distinguuntur.

1964 5488 2072 5562 (‘26)
2103 5485 2394 5562 Excipiunt.
2417 5486 2484 5562 [ιι
2504 5485 2604 5562 hoc
2648 5487 2831 5539 codice
2865 5485 3047 5562 Photii
3075 5492 3266 5545 librum
3312 5495 3430 5562 epi-

1891 5557 2038 5609 stola:
2066 5552 2304 5620 ejusdem
2333 5554 2397 5607 ad
2425 5552 2697 5606 Nicolaum
2730 5571 2919 5623 papam
2942 5600 2954 5622 ,
2987 5561 3050 5612 ad
3089 5552 3429 5619 (economum

1891 5627 2240 5699 Antiochcnaa
2276 5623 2547 5699 Ecclesije,
2570 5625 2953 5699 _ad_Bulgaria:
2991 5631 3321 5699 principem,
3362 5636 3425 5687 ad

1893 5695 2117 5747 Bardam
2171 5697 2328 5754 £335.,
2358 5694 2424 5746 ad
2464 5693 2910 5760 Michaelem’lll,
2952 5693 3004 5750 et
3055 5701 3119 5752 ad
3166 5693 3426 5756 'Basilium

1892 5764 2232 5815 Macedonem
2265 5764 2391 5830 imp.
2421 5766 2494 5838 (p.
2523 5764 2578 5838 3i
2596 5763 2945 5838 7-}!10),_quaa
2966 5785 3152 5823 omnes
3182 5771 3290 5838 jam
3321 5772 3428 5824 νυ).

1892 5844 2024 5902 gata:
2055 5841 2180 5886 sunt
2211 5843 2402 5901 parum
2437 5833 2501 5887 ab
2531 5834 2787 5889 Anthimo
2821 5835 3125 5907 lihemnicu
3165 5833 3358 5910 partim
3397 5856 3427 5896 ει
