4234 6432
743 374 842 440 271

1869 377 2131 439 PHOTII
2170 375 2674 437 PATRIARCHE
2713 377 2821 438 ΟΡ.

3870 385 3978 448 272

741 487 935 558 gaudio
968 501 1051 541 me
1081 487 1296 554 affecit;
1327 501 1564 544 maerore
1597 487 1839 558 quidem,
1868 489 2012 559 quod
2045 495 2151 541 tam
2182 501 2308 543 sero
2337 489 2379 547 Α
2411 485 2567 541 nobis
2611 486 2960 541 transmissae
3006 486 3119 557 (28)
3171 488 3660 558 complectentem;
3712 493 3975 549 asterisco

740 581 908 635 codex
959 581 1059 636 iste
1119 592 1370 651 repertus
1449 592 1534 636 est
1569 623 1584 648 ,
1653 583 1847 654 gaudio
1912 597 2087 644 vero.
2162 581 2304 651 quod

741 671 958 724 tandem
1044 682 1313 740 repertus.
1374 673 1570 732 lllico.
1623 673 1872 741 quamvis
1949 688 2112 741 quem
2177 681 2306 725 tunc

739 777 906 814 unum
937 777 1124 832 rogare
1149 763 1298 832 potui
1324 763 1498 817 virum
1527 765 1808 828 eximium,
1852 772 1966 816 tum
1994 763 2302 816 communis

734 853 928 922 patria:
971 862 1081 908 tum
1145 854 1394 908 amicitiae
1440 871 1588 925 pura:
1633 854 1867 909 vinculis
1919 854 2056 907 mihi
2112 853 2301 906 intime

732 946 978 1014 junctum
1003 988 1018 1012 ,
1057 947 1166 1015 jam
1204 948 1532 1017 importunis
1584 948 1720 1001 meis
1771 945 2301 1015 interpellationibus

733 1043 869 1094 satis
895 1040 1245 1110 defatigatum
1286 1040 1527 1094 ulteriori
1573 1039 1818 1094 molestia
1853 1038 2068 1093 allicere
2109 1036 2300 1092 formi-

732 1131 940 1194 darem,
973 1131 1213 1198 potiores
1246 1140 1424 1183 tamen
1450 1130 1614 1198 hujus
1646 1129 1772 1183 libri
1802 1129 2077 1183 variantes
2105 1127 2302 1182 lectio-

734 1237 834 1276 nes
872 1221 1426 1292 colligendascensui,
1452 1222 1650 1291 quibus
1669 1221 1930 1275 nonnulla
1956 1218 2302 1275 emendariet

732 1313 987 1366 illustrari
1014 1327 1171 1381 posse
1205 1327 1317 1365 non
1349 1312 1620 1366 immerito
1642 1311 1913 1380 judicavi;
1947 1311 2179 1378 ideoque
2205 1310 2301 1364 de-

731 1404 932 1457 siderio
973 1404 1220 1457 timorem
1251 1413 1562 1474 superante,
1588 1411 1729 1458 utet
1761 1403 1866 1457 hoc
1893 1401 2026 1455 ntihi
2057 1410 2297 1470 prmstet,

731 1496 876 1548 nulla
906 1495 1190 1563 interjecta
1219 1510 1371 1547 mura
1400 1495 1468 1548 ab
1495 1495 1672 1548 amico
1711 1493 1981 1565 flagitavi.
2034 1490 2147 1546 Nec
2183 1490 2299 1544 fru-

731 1594 881 1639 stra:
914 1600 1037 1638 mox
1063 1585 1255 1639 annuit
1287 1585 1376 1639 ille
1419 1601 1518 1654 pro
1547 1585 1746 1655 insigni
1783 1600 1881 1639 sua
1914 1585 1969 1638 in
2009 1599 2097 1637 me
2129 1583 2300 1638 bene-

729 1677 1007 1735 volentia;
1040 1678 1114 1730 ita
1151 1692 1260 1729 non
1303 1676 1422 1730 sine
1459 1676 1638 1729 fructu
1675 1686 1928 1745 quartum
1967 1677 2114 1729 hunc
2143 1673 2297 1728 codi-

727 1783 872 1828 cem,
903 1778 1168 1835 quantum
1211 1775 1429 1835 tempus
1477 1781 1542 1820 ac
1579 1783 1668 1821 res
1710 1766 1843 1836 ipsae
1891 1764 2291 1835 permittebant,

2407 585 2587 631 autem
2623 593 2716 632 eas
2739 577 3002 632 lectiones
3025 580 3338 634 notavimus
3359 619 3376 644 ,
3407 596 3528 650 quae
3571 583 3626 636 in
3653 591 3856 637 textum
3889 601 3977 639 re-

2406 668 2668 737 cipiendae
2719 668 3060 723 videbantur.
3111 669 3301 736 Quoad
3343 687 3429 725 res
3472 682 3633 742 atque
3675 678 3976 731 sententias

2405 767 2592 811 notatu
2619 757 2781 827 digna
2812 774 2920 812 non
2941 768 3258 823 occurrunt,
3295 760 3340 814 si
3372 761 3585 815 titulum
3608 764 3972 834 excipiasjam

2405 866 2566 921 supra
2616 850 2664 921 (§
2683 853 2735 918 5)
2783 853 3112 923 descriptum
3147 864 3202 910 et
3245 856 3578 912 mentionem
3620 859 3826 923 morbi,
3862 875 3974 928 quo

2404 959 2462 997 se
2487 943 2764 998 detentum
2809 944 2939 999 dicit
2967 954 3157 1000 auctor
3195 950 3335 1016 (cap.
3373 948 3463 1012 96,
3505 957 3620 1003 not.
3664 949 3760 1020 5);
3807 967 3974 1004 exor-

2403 1035 2550 1089 dium
2583 1035 2740 1105 plane
2786 1036 2927 1090 idcm
2961 1047 3043 1091 est
3089 1048 3148 1092 ut
3190 1038 3245 1092 in
3287 1039 3408 1093 aliis
3453 1041 3729 1096 codicibus
3755 1083 3768 1102 .
3823 1043 3972 1097 idem

2402 1140 2616 1194 quoque.
2639 1125 2760 1180 finis
2784 1143 2799 1190 ;
2833 1142 3009 1196 neque
3037 1128 3266 1197 reperiri
3295 1129 3569 1199 quidpiam
3609 1134 3802 1202 potuit,
3822 1133 3973 1204 quod

2404 1229 2490 1268 res
2519 1213 2674 1269 Beda:
2706 1215 2971 1286 cpiscOpi,
2998 1217 3084 1270 cui
3112 1218 3215 1273 hoc
3242 1219 3294 1271 in
3313 1219 3497 1274 codice
3521 1220 3654 1276 liber
3675 1222 3973 1293 inscriptus

2401 1312 2504 1370 est,
2537 1305 2729 1360 melius
2756 1321 2820 1360 ac
2849 1307 3147 1376 perfectius
3182 1310 3551 1366 adumbraret.
3597 1309 3723 1367 Haec
3758 1316 3972 1383 potiora

2402 1404 2546 1459 sunt,
2578 1411 2698 1464 qua:
2732 1395 2799 1451 de
2831 1395 2948 1451 Col.
2992 1397 3180 1453 codice
3211 1398 3306 1454 diu
3354 1402 3617 1470 requisito
3649 1413 3703 1457 et
3746 1405 3969 1459 tandem

2401 1487 2469 1540 ab
2501 1487 2678 1541 amico
2709 1504 2862 1557 aeque
2891 1489 3052 1544 docto
3089 1505 3153 1544 ac
3193 1492 3442 1546 modesto
3484 1493 3711 1549 feliciter
3749 1495 3971 1551 detecto

2399 1576 2879 1632 animadvertenda
2913 1580 3104 1633 habeo.
3127 1580 3312 1650 Neque
3346 1582 3432 1637 hic
3456 1585 3606 1637 stetit
3633 1587 3830 1656 egregii
3864 1589 3968 1641 viri

2399 1665 2571 1730 labor,
2600 1667 2694 1721 sed
2717 1683 2812 1722 sua
2845 1679 3038 1738 sponte
3094 1672 3196 1725 alia
3224 1673 3384 1742 hujus
3417 1675 3598 1742 cperis
3633 1693 3765 1730 mss.
3823 1679 3970 1732 inre.

2398 1755 2516 1810 nire
2537 1767 2808 1828 satagens,
2831 1768 2886 1812 et
2913 1757 3172 1814 Ottobon.
3201 1762 3321 1816 cod.
3355 1779 3411 1815 n.
3444 1763 3512 1816 27
3532 1776 3721 1821 nactus
3746 1776 3849 1830 est,
3869 1769 3968 1836 qui

728 1861 990 1914 adhibere
1021 1861 1199 1913 adhuc
1240 1860 1413 1914 licuit.
1459 1859 1628 1913 Porro
1660 1860 2044 1914 Columnensis
2086 1858 2254 1912 codex
2276 1897 2292 1923 ,
2327 1825 2366 1880 Β
2397 1854 2576 1900 tamen
2607 1848 2737 1900 ηυηί
2779 1849 3010 1918 amplius
3049 1851 3169 1905 υευὶ
3203 1862 3354 1917 erat;
3389 1868 3514 1907 nam
3545 1857 3795 1911 eumdem
3840 1874 3967 1913 0m-

729 1965 788 2006 ut
809 1954 918 2021 jam
942 1953 1110 2006 Maius
1133 1953 1472 2014 observarat,
1488 1952 1764 2020 exemplar
1784 1950 2098 2019 suppeditat
2117 1963 2296 2003 emen-

729 2042 1070 2096 datissimum
1097 2058 1110 2103 ;
1141 2041 1389 2108 pluribus
1419 2039 1473 2092 in
1505 2039 1641 2092 locis
1675 2054 1799 2092 cum
1847 2037 2156 2092 Monacensi
2193 2051 2293 2090 no-

729 2140 843 2184 stro
869 2131 1095 2183 ontttino
1143 2128 1476 2192 concordat,
1519 2127 1718 2195 smpius
1744 2168 1759 2191 ,
1810 2127 1900 2180 ubi
1933 2127 2108 2179 varias
2151 2125 2294 2179 inter

729 2223 996 2276 lectiones
1021 2219 1330 2289 eligendum
1363 2219 1521 2273 nobis
1556 2229 1708 2282 erat,
1754 2218 2040 2273 lectionem
2069 2232 2099 2277 a
2133 2215 2294 2270 nobis

729 2315 1036 2382 adoptatam
1057 2311 1362 2376 confirmat,
1392 2311 1446 2364 in
1468 2310 1588 2365 aliis
1615 2325 1742 2364 vero
1771 2308 1929 2372 locis,
1952 2309 2127 2378 iisque
2155 2323 2294 2377 pau-

727 2407 1002 2468 cioribus,
1053 2404 1210 2458 nobis
1269 2403 1591 2473 refragatur.
1647 2401 1838 2456 Plures
1883 2416 2015 2456 sane
2047 2401 2292 2469 ejusdem

731 2498 991 2552 lectiones
1020 2497 1299 2564 amplexus
1328 2510 1506 2549 essem
1537 2535 1551 2558 ,
1605 2494 1653 2548 si
1707 2493 1841 2548 mihi
1892 2503 2052 2546 antea
2094 2502 2294 2562 praesto

729 2588 980 2642 fuissent.
1024 2587 1226 2641 Verum
1275 2585 1404 2640 dum
1445 2586 1512 2639 iis
1540 2585 1815 2646 carebam,
1853 2584 2020 2638 nimia
2064 2583 2294 2639 fortasse

730 2678 1003 2731 anxietate
1033 2678 1253 2739 ductus,
1285 2676 1538 2746 religioni
1580 2676 1712 2730 mihi
1741 2675 2011 2730 ducebam
2035 2714 2050 2739 ,
2105 2685 2294 2729 contra

733 2785 861 2824 mss.
886 2769 1292 2833 auctoritatem,
1331 2769 1508 2838 prouti
1546 2777 1676 2823 tunc
1709 2769 1982 2838 explorata
2013 2776 2146 2832 erat,
2174 2767 2295 2822 sine

730 2875 897 2913 causa
972 2859 1292 2926 gravissima
1365 2859 1652 2911 immutare
1702 2867 1938 2924 textum;
1993 2873 2096 2912 nec
2131 2871 2293 2911 causa

731 2948 863 3001 satis
885 2948 1061 3018 gravis
1101 2947 1238 2999 mihi
1274 2945 1562 3000 videbatur
1594 2946 1758 3000 dictio
1806 2947 1989 2999 minus
2020 2946 2293 3000 interdum

731 3039 998 3093 concinna
1029 3048 1193 3106 atque
1231 3037 1395 3092 etiam
1427 3039 1897 3107 grammaticorum
1936 3037 2292 3107 quarumdam

731 3128 906 3196 legum
934 3128 1218 3199 neglectio,
1244 3144 1364 3197 quae
1394 3127 1549 3181 facile
1572 3127 1624 3180 in
1650 3128 1972 3196 posterioris
1989 3127 2294 3183 Graecitatis

730 3230 1027 3282 auctorem,
1053 3233 1287 3286 eumque
1312 3219 1438 3272 licet
1479 3217 1928 3282 eruditissimum,
1955 3229 2135 3273 tamen
2172 3233 2290 3273 ser-

731 3309 906 3362 monis
936 3308 1218 3378 elegantite
1255 3323 1318 3360 ac
1350 3308 1568 3376 puritati
1601 3307 1746 3361 haud
1776 3323 2106 3379 magnopere
2143 3308 2293 3362 dedi-

731 3411 863 3461 tum,
897 3400 1004 3451 imo
1027 3400 1080 3451 in
1113 3399 1401 3453 scribendo
1441 3399 1590 3468 justo
1618 3399 2074 3470 negligentiorem
2101 3407 2189 3464 et,
2234 3409 2295 3454 ut

730 3490 843 3556 ipse
898 3489 1098 3542 indicat
1139 3488 1378 3556 (Praefat.
1440 3488 1493 3540 in
1558 3489 1884 3557 Amphiloch.
1953 3489 2153 3553 Quart.
2201 3490 2289 3544 ed.

727 3581 896 3632 Scotti
928 3596 1051 3649 pag.
1077 3580 1129 3646 5)
1158 3621 1171 3644 ,
1214 3579 1356 3646 λέξει
1387 3579 1784 3650 ἐξειργασμένῃ
1834 3579 2194 3644 καλλωπίζειν
2224 3580 2294 3633 τὰ

726 3670 1077 3738 συντάγματα
1135 3671 1352 3739 penitus
1387 3679 1733 3739 respuentcm
1759 3711 1773 3734 ,
1814 3671 2011 3726 cadere
2068 3674 2291 3726 omnino

725 3767 1038 3827 potuerunt.
1068 3756 1220 3812 Nunc
1246 3765 1426 3811 autem
1462 3759 1743 3813 nonnullis
1787 3759 2020 3822 Monam,
2066 3760 2210 3814 sicut
2234 3769 2292 3814 et

725 3850 918 3915 Palat.,
944 3851 1268 3904 lectionibus
1294 3866 1494 3904 novum
1531 3852 1694 3905 robur
1716 3867 1784 3906 ex
1816 3853 2026 3906 Colum.
2058 3853 2286 3917 accedit,

724 3939 974 3993 duriores
1004 3940 1252 4008 qumdam
1297 3941 1526 4010 phrases
1568 3957 1838 4012 vocesque
1885 3944 2239 3998 emolliuntur
2271 3981 2288 4009 ,

725 4033 999 4086 interdum
1030 4041 1084 4085 et
1106 4031 1305 4086 clarius
1337 4031 1512 4086 Photii
1553 4050 1706 4088 mens
1732 4036 1983 4104 patescit.
2022 4034 2128 4090 Sed
2175 4037 2290 4091 haec

722 4122 938 4175 nonnisi
966 4137 1136 4190 pauca
1175 4121 1300 4175 libri
1334 4123 1446 4177 loca
1480 4122 1739 4178 alliciunt.
1773 4125 1891 4178 Jam
1937 4139 2100 4190 vero,
2142 4126 2288 4194 quod

725 4228 893 4265 unum
920 4213 1098 4266 adhuc
1131 4224 1390 4282 praestare
1420 4215 1716 4283 potuimus,
1777 4215 2066 4284 praestituri
2128 4217 2288 4269 abso-

723 4305 848 4353 luta:
872 4316 934 4354 ac
957 4302 1208 4369 perfectae
1239 4303 1348 4370 jam
1393 4304 1572 4371 Operis
1596 4304 1820 4357 editioni
1851 4304 2176 4357 variantium
2208 4304 2286 4357 le-

722 4394 968 4446 ctionum
1000 4393 1300 4463 catalogum
1347 4395 1711 4462 praemisimus
1759 4395 1869 4465 (27)
1894 4437 1910 4458 ,
1948 4405 2143 4464 printer
2168 4411 2283 4460 eas,

2396 1940 2528 1992 nino
2559 1948 2741 2009 typum
2775 1957 2885 2009 pra:
2910 1957 2968 1997 se
2993 1941 3098 1997 fert
3125 1957 3190 1998 ac
3217 1943 3556 2000 Monacensis
3574 1958 3760 2003 n0ster
3788 1960 3842 2004 et
3872 1968 3970 2005 re-

2394 2027 2492 2081 lttti
2529 2043 2820 2095 germanus
2854 2033 3101 2102 ejusdem
3145 2034 3316 2090 frater
3365 2037 3648 2094 habendus
3693 2051 3778 2096 est
3823 2043 3962 2110 (29).

2393 2119 2661 2174 Caeterum
2684 2123 2951 2193 insignem
2978 2140 3093 2179 eam
3129 2125 3528 2192 liberalitatem,
3551 2145 3655 2199 qua
3689 2129 3966 2189 Vaticana:

2394 2210 2740 2267 bibliotheca:
2789 2215 3028 2269 thesauri
3071 2217 3440 2273 Romanorum
3491 2222 3806 2288 pontificum
3860 2225 3964 2279 im-

2395 2319 2561 2372 pensa
2594 2320 2722 2359 cura
2745 2306 2959 2361 collecti
2986 2317 3039 2369 et
3081 2309 3395 2378 locupletati
3456 2312 3683 2368 eruditis
3709 2315 3822 2383 jam
3854 2318 3961 2370 du-

2395 2396 2522 2450 dum
2544 2399 2741 2466 aperiri
2766 2400 3034 2463 solebant,
3069 2415 3169 2471 ego
3200 2401 3332 2456 satis
3355 2402 3679 2474 abundeque
3701 2420 3820 2460 sum
3859 2422 3962 2461 ex-

2395 2493 2609 2554 pertus,
2657 2503 2886 2557 eantque
2918 2497 3068 2560 grata
3119 2500 3302 2546 mente
3345 2493 3562 2559 recolo;
3597 2495 3782 2551 multis
3839 2513 3962 2552 eam

2395 2577 2682 2644 praeconiis
2738 2579 3120 2636 celebrandam
3150 2593 3420 2652 putarem,
3449 2585 3553 2640 nisi
3584 2586 3704 2642 orbi
3727 2603 3791 2642 ea
3815 2600 3966 2644 esset

2394 2667 2674 2722 notissima
2696 2680 2751 2724 et
2776 2671 2931 2726 laude
2955 2673 3145 2742 quavis
3175 2674 3618 2746 longe-superior.

2467 2756 2579 2811 VII.
2617 2759 2738 2813 Jam
2785 2762 2924 2816 ratio
2968 2765 3124 2819 nobis
3165 2765 3439 2821 reddenda
3469 2779 3554 2824 est
3597 2770 3664 2824 de
3713 2769 3799 2835 iis,
3838 2787 3963 2841 qua:

2398 2847 2451 2901 in
2477 2851 2620 2905 notis
2642 2849 2821 2906 Photii
2858 2854 2996 2908 libro
3039 2855 3220 2909 addita
3263 2855 3430 2912 fuere.
3463 2858 3520 2912 In
3561 2861 3751 2929 primis
3771 2862 3966 2916 sedulo

2397 2941 2707 2996 notavimus
2740 2945 2916 2998 varias
2950 2946 3195 3014 ejusdem
3233 2959 3415 3018 partes
3470 2952 3632 3006 modo
3683 2953 3964 3010 breviores

2397 3024 2560 3079 modo
2587 3026 2884 3096 longiores,
2935 3046 3054 3100 quae
3098 3033 3242 3102 apud
3274 3035 3407 3089 alios
3445 3037 3816 3108 allegahantur
3864 3059 3965 3096 au—

2397 3123 2608 3182 ctores;
2645 3118 2842 3174 deinde
2881 3130 2936 3175 et
2974 3122 3128 3191 plura
3160 3124 3558 3194 subjunximus,
3608 3144 3730 3199 qua:
3777 3129 3961 3187 Photii

2396 3206 2577 3260 verbis
2598 3217 2651 3262 et
2678 3212 2966 3266 sententiis
2983 3213 3318 3271 illustrandis
3338 3218 3450 3272 visa
3473 3231 3601 3274 sunt
3615 3233 3920 3291 opportuna
3944 3241 3962 3288 ;

2393 3296 2690 3362 prmsertim
2722 3313 2872 3364 vero,
2906 3315 3027 3370 qua:
3055 3302 3184 3357 alibi
3218 3303 3334 3374 ipse
3363 3306 3415 3359 in
3443 3308 3690 3364 eamdem
3731 3322 3962 3366 senten-

2397 3386 2522 3438 tiam
2575 3389 2871 3458 disputavit
2907 3408 3135 3463 qumque
3179 3410 3243 3449 ex
3287 3396 3390 3452 hoc
3443 3399 3583 3454 libro
3626 3404 3964 3471 posteriores

2393 3475 2704 3533 Graecorum
2742 3481 3214 3540 schismaticorum
3251 3489 3483 3561 theologi
3513 3491 3958 3561 desuntpSerunt.

2394 3566 2607 3622 Etenim
2633 3575 2885 3639 quamvis
2921 3574 3035 3629 haec
3065 3573 3242 3631 Photii
3275 3578 3586 3636 dissertatio
3620 3583 3694 3636 nil
3719 3584 3832 3640 fere
3863 3603 3961 3641 no-

2394 3678 2518 3715 vum
2559 3678 2661 3718 nec
2680 3664 2806 3719 alibi
2859 3667 3064 3723 dictum
3111 3671 3410 3733 contineat.
3463 3688 3624 3728 suum
3675 3685 3854 3732 tamen
3892 3680 3960 3734 de

2393 3757 2741 3823 processione
2809 3758 3043 3829 Spiritus
3114 3763 3285 3818 sancti
3341 3765 3598 3834 placitum
3636 3769 3786 3823 nullo
3849 3772 3961 3824 alio

2391 3856 2555 3915 Opere
2610 3862 2671 3901 ea
2736 3848 3015 3905 dialectica
3072 3853 3425 3920 dexteritate,
3481 3872 3545 3911 ea
3596 3860 3957 3927 expositionis

2393 3937 2639 3992 ubertate
2691 3941 3044 3998 corroborare
3090 3959 3154 3999 ac
3185 3945 3396 4000 munire
3427 3948 3576 4003 visus
3602 3957 3703 4010 est.
3739 3951 3958 4019 qualem

2391 4041 2525 4094 Opus
2574 4037 2816 4083 nostrum
2865 4031 3134 4095 ostendit,
3197 4036 3340 4103 quod
3403 4036 3527 4091 ideo
3585 4038 3724 4092 inter
3770 4041 3954 4094 omnia

2391 4119 2634 4186 ejusdem
2670 4121 2882 4189 generis
2922 4121 3184 4178 Pltoliana
3225 4128 3482 4195 opuscula
3518 4130 3816 4199 principem
3851 4133 3955 4186 sibi

2391 4210 2626 4266 vindicat
2665 4212 2866 4267 locum.
2904 4215 3266 4280 Quamobrem
3299 4218 3486 4272 lectori
3536 4235 3644 4272 non
3680 4221 3959 4291 ingratum

2391 4311 2541 4370 puto,
2571 4305 2713 4372 quod
2748 4304 2798 4358 in
2829 4307 2971 4361 notis
3005 4308 3075 4361 ob
3097 4308 3283 4363 oculos
3313 4325 3519 4378 ponere
3551 4321 3780 4366 conatus
3808 4329 3955 4376 sum,

2388 4408 2508 4461 qua:
2540 4392 2594 4446 in
2625 4394 2746 4449 aliis
2776 4396 3086 4465 huiusmodi
3120 4397 3296 4452 Photii
3333 4398 3487 4453 libris
3514 4415 3755 4455 consona
3799 4418 3957 4476 repe-

719 4501 839 4552 qua:
864 4486 973 4552 jam
1005 4501 1067 4537 ex
1100 4485 1240 4538 Maio
1265 4485 1553 4554 descripta:
1586 4486 1840 4549 fuerant,
1901 4485 2129 4554 illasque
2161 4502 2281 4554 quae
2307 4495 2360 4554 Ῑ)
2389 4483 2628 4547 riantur,
2661 4501 2769 4552 quo
2800 4497 2958 4555 pacto
3021 4487 3148 4540 alibi
3199 4499 3453 4542 versutus
3505 4489 3592 4543 ille
3642 4491 3958 4545 sehismatis

720 4578 782 4629 ad
807 4577 925 4630 libri
953 4578 1111 4630 finem
1158 4577 1470 4631 referuntur
1500 4591 1764 4646 quasque,
1802 4585 1863 4630 ut
1902 4577 2084 4632 statim
2124 4592 2281 4631 acce-

719 4667 916 4736 pimus,
949 4668 1022 4722 ita
1059 4667 1126 4721 ad
1170 4668 1343 4738 ipsum
1398 4677 1603 4722 textum
1654 4667 2043 4728 adhibuimus.
2091 4683 2281 4723 omnes

718 4803 788 4856 R.
822 4802 1171 4856 Montacutio.
1200 4800 1314 4856 lloc
1345 4803 1530 4857 codice
1557 4819 1688 4858 usus
1717 4813 1800 4857 est
1838 4801 2000 4856 Card.
2025 4801 2195 4856 Maius
2223 4803 2277 4858 in

717 4872 944 4942 edendis
969 4871 1177 4942 Leontii
1196 4871 1472 4938 Byzantini
1497 4874 1711 4942 scriptis
1731 4872 1823 4940 (cf.
1851 4870 2097 4942 Spict'lgg.
2125 4871 2274 4925 Rom.

719 4951 756 4995 t.
797 4940 861 5003 Χ,
910 4940 1068 4995 Przef.
1113 4957 1167 5011 pf.
1216 4958 1266 5003 v,
1307 4949 1362 4994 et
1393 4951 1505 4994 not.
1537 4940 1619 4994 ad'
1646 4959 1697 5011 p.
1733 4942 1889 5009 151);
1919 4941 2279 5011 et__'l‘heodori

719 5011 1079 5079 MOpsuesteni
1114 5008 1460 5080 “Fragmentis
1507 5008 1674 5080 (Novo
1711 5008 1842 5066 Coll.
1881 5020 1921 5065 t.
1973 5008 2069 5077 Vl,
2115 5012 2275 5065 Prazf.

718 5095 774 5150 p.
799 5090 1011 5150 nutet
1044 5097 1095 5148 p.
1129 5081 1274 5148 298).

790 5150 898 5215 (27)
931 5149 1048 5203 Jam
1084 5165 1231 5202 nunc
1260 5151 1389 5202 istas
1417 5148 1692 5202 variantes
1710 5149 1972 5203 lectiones
1998 5149 2277 5218 proprium

717 5218 782 5271 ad
809 5219 985 5271 locum
1017 5219 1358 5287 reponendas
1388 5220 1720 5272 curavimus.
1749 5219 1921 5288 (Emr.
1960 5223 2113 5288 nov.)

788 5287 901 5352 (9.8)
931 5287 1049 5351 Quo
1074 5286 1159 5341 res
1193 5289 1426 5342 celerius
1455 5305 1517 5342 ac
1547 5286 1792 5342 securius
1815 5292 1986 5353 fieret,
2020 5286 2143 5340 folia
2163 5287 2274 5356 jam

719 5358 857 5427 typis
889 5359 1147 5428 impressa
1173 5357 1400 5428 Romam
1424 5358 1691 5422 misimus,
1719 5369 1775 5414 et
1799 5359 1878 5415 sic
1899 5366 2151 5412 accurata
2180 5373 2275 5428 po-

719 5429 822 5480 tuit
845 5427 1059 5480 collatio
1089 5427 1317 5481 institui.

789 5497 900 5566 (29)
955 5497 1163 5551 Revera
1212 5496 1468 5553 Ottobon.
1509 5499 1678 5553 codex
1714 5499 1782 5552 27
1809 5500 2048 5556 chartae.
2083 5499 2135 5554 in
2177 5499 2270 5556 fol.

716 5567 906 5620 eadem
945 5567 1152 5620 ratione
1196 5576 1254 5620 ut
1288 5567 1493 5622 Monac.
1544 5569 1850 5636 suppeditat
1879 5571 2010 5624 Acta
2060 5571 2271 5624 concilii

717 5636 891 5708 octavi
916 5636 1107 5708 (L228
1129 5638 1268 5708 seq.)
1290 5647 1349 5708 et
1375 5638 1560 5708 synodi
1588 5637 1864 5692 Pltotianae
1885 5654 1934 5692 a.
1958 5639 2060 5693 879
2085 5639 2146 5707 (f.
2166 5640 2271 5708 517

719 5707 878 5775 seq);
910 5705 1178 5776 deinde(f.
1210 5707 1312 5760 385
1335 5705 1601 5776 a)'eadem
1628 5707 1976 5776 inscriptione
2002 5719 2056 5762 et
2078 5705 2271 5762 iisdem

717 5777 894 5831 verbis
928 5775 992 5832 H
1019 5775 1107 5831 illa
1141 5775 1454 5839 argumenta
1483 5793 1548 5834 ex
1578 5775 1847 5835 encvclica
1876 5794 1964 5844 ep.
1983 5779 2268 5846 desumpta

2386 4591 2585 4644 parens
2614 4576 2803 4631 eadem
2849 4589 3166 4649 argumenta
3195 4581 3479 4646 evolverit,
3502 4581 3698 4651 quibus
3741 4598 3805 4636 ea
3843 4583 3955 4637 for-

2387 4667 2490 4722 mis
2529 4683 2628 4738 pro
2679 4669 2880 4739 ingenii
2922 4670 3253 4726 fecunditate
3294 4672 3630 4738 investierit,
3661 4690 3804 4730 novo
3835 4675 3955 4730 fere

2383 4803 2528 4872 (vide
2552 4802 2808 4878 §f2,_et__§
2846 4805 2899 4866 4,
2943 4813 3076 4878 not._
3104 4804 3462 4878 2)‘_exhibiet_;
3505 4807 3696 4878 eodem
3743 4810 3952 4878 pariter

2381 4873 2627 4948 pacto’tf.
2655 4873 2780 4948 381)
2812 4888 2936 4948 cum
2967 4875 3147 4928 verbis
3171 4875 3305 4929 illis:
3340 4875 3445 4948 ἰ’ρῦ
3491 4877 3656 4929 αὑτοῦ
3689 4873 3816 4948 πςέρὶ
3847 4882 3952 4948 τῆς

2379 4943 2473 4995 τοῦ
2521 4943 2676 5017 ἅγιοι)
2724 4943 3043 5017 Πνςύμᾳτος
3095 4945 3576 5017 μυστᾳγωγίαςήκ.
3615 4964 3665 4999 τ.
3712 4943 3772 5000 λζ
3807 4943 3950 5017 opus

2379 5021 2625 5085 nostrum
2657 5012 2971 5085 introducit,
2995 5014 3137 5085 quod
3169 5022 3222 5085 et
3253 5015 3341 5068 hic
3369 5012 3615 5068 mutilum
3650 5012 3947 5085 reperitur,

2377 5091 2432 5135 et
2456 5082 2674 5150 quidem
2702 5081 2864 5152 μοι
2890 5097 2940 5135 a.
2973 5083 3038 5135 ad
3066 5084 3309 5137 eamdem
3333 5084 3648 5152 particulam
3673 5081 3950 5142 eidesinit

2378 5153 2523 5222 (vide
2550 5167 2700 5220 supr.
2735 5152 2843 5222 §2,
2876 5160 2990 5205 not.
3033 5153 3126 5222 3);
3170 5154 3415 5222 quinimo
3464 5155 3725 5208 lectiones
3776 5157 3948 5213 habet

2377 5220 2492 5294 fere
2516 5236 2708 5294 omnes
2743 5220 3075 5294 Mpnacensi:
3104 5220 3423 5294 peculiares,
3457 5238 3541 5294 ne?
3575 5225 3785 5294 mendis
3821 5227 3946 5294 qui-

2375 5291 2498 5363 dem
2528 5290 2839 5363 scriptionis
2868 5290 3127 5363 exceptis.
3158 5291 3248 5363 Sic
3275 5308 3324 5347 c.
3352 5293 3408 5363 l,
3444 5309 3499 5363 p.
3530 5293 3564 5347 3
3596 5293 3730 5362 (not.
3759 5290 3948 5363 υπε-

2375 5361 2551 5432 gitur:
2595 5360 2966 5432 Πρλιστίχοις;
3007 5360 3152 5416 ibid.
3199 5362 3278 5431 (η.
3313 5362 3398 5432 4);
3445 5360 3764 5432 Ῠενήάεταις
3791 5360 3858 5418 ⁷ο.
3886 5366 3947 5419 2.

2374 5429 2491 5502 pit
2523 5434 2601 5496 (n.
2629 5429 2725 5502 3):
2758 5429 2908 5494 τίξ...
2941 5429 3307 5502 ἐτερρςηζω.
3335 5429 3426 5502 Il):
3458 5429 3496 5500 ἠ
3527 5429 3747 5486 ἐξουσία
3780 5442 3836 5486 et
3864 5437 3948 5489 sic

2373 5499 2751 5569 deinceps.lle
2777 5509 2935 5554 aetate
2962 5499 3166 5571 codicis
3200 5502 3332 5555 mihi
3367 5499 3624 5571 Scriptum
3677 5503 3780 5556 fuit
3814 5519 3946 5560 eum

2372 5571 2439 5624 ad
2476 5585 2598 5624 sazc.
2638 5585 2726 5635 xv,
2773 5572 2854 5622 vel
2887 5570 3064 5641 potius
3129 5587 3218 5626 xw
3284 5570 3586 5641 pertinere;
3618 5572 3680 5624 ad
3744 5574 3943 5630 eadem

2374 5649 2614 5707 tempora
2646 5648 2856 5710 spectat
2914 5639 3296 5710 Monacensis.‘
3327 5641 3518 5695 Omnia
3558 5641 3764 5710 optime
3798 5657 3944 5710 qua-

2371 5709 2563 5772 drant;
2598 5708 2664 5762 ad
2702 5724 2872 5762 unum
2894 5709 3051 5778 plane
3075 5711 3280 5767 fontem
3313 5708 3652 5768 reducuntur
3694 5708 3946 5768 tum'Ot-

2373 5778 2556 5834 tobon.
2593 5785 2705 5832 tum
2733 5777 3088 5836 Monacensis.
