4234 6432
218 400 325 460 273

811 393 907 456 DE
949 396 1008 454 S.
1050 393 1405 455 SPIRITUS
1440 393 1940 454 MYSTAGOGIA.

2016 420 2041 426 ·-
2070 394 2125 452 J.
2172 394 2400 453 llERG,
2438 394 2842 460 PlleFATIO.
3351 393 3457 456 274

221 521 439 574 semper
466 506 624 558 modo
656 508 844 557 eadem
870 505 1029 572 plane
1063 505 1343 559 lnculeans
1380 520 1442 558 ac
1469 520 1580 557 suae
1612 504 1787 573 gemis
1822 518 1859 568 Α
1891 505 2261 559 additamento
2315 507 2474 559 tribui
2529 508 2747 574 poterit.
2788 508 2993 562 Textus
3042 524 3168 561 vero
3218 510 3456 577 prmdicti

215 599 586 668 sophistarum
616 606 759 650 artes
790 596 1028 664 undique
1062 596 1317 649 excolens
1341 606 1395 649 et
1425 596 1783 664 profundens.

217 689 385 743 Porro
404 689 669 757 ejusmodi
689 689 1079 757 comparationi
1100 688 1404 741 inserviunt
1428 706 1439 741 :
1466 687 1519 755 1)
1545 686 1787 755 ejusdem

216 784 284 836 ad
342 782 581 835 Orientis
618 782 876 849 praesules
909 781 1139 834 celebris
1176 781 1266 833 illa
1310 780 1606 848 encyclica,
1633 779 1789 846 cujus

213 876 325 945 jam
354 875 691 928 mentionem
721 873 951 927 fecimus
984 872 1055 943 (ἓξ
1076 873 1132 935 2,
1153 874 1208 941 4)
1245 887 1472 942 quaeque
1508 887 1606 941 pro
1636 878 1790 940 parte

218 967 411 1020 saltem
437 967 544 1021 huc
572 973 853 1033 spectante
877 965 930 1017 in
960 964 1080 1018 aliis
1108 964 1393 1019 codicibus
1423 963 1575 1033 operi
1604 973 1792 1017 nostro

218 1058 515 1129 pnefigitur
565 1067 649 1127 (ut
698 1057 753 1111 in
793 1058 1003 1112 Monac.
1046 1068 1100 1112 et
1150 1057 1335 1113 Ottob.
1377 1057 1517 1124 cit.),
1568 1055 1623 1108 in
1672 1054 1791 1108 aliis

220 1152 527 1220 subjicitur,
552 1150 697 1205 unde
730 1160 786 1205 et
810 1151 945 1204 liber
984 1159 1172 1204 noster
1197 1149 1353 1216 λόγος
1386 1154 1433 1202 α’
1479 1146 1794 1201 inscribitur

221 1241 420 1307 (Vatic.
447 1242 538 1297 cit.
574 1242 734 1295 Allat.
765 1259 813 1297 c.
843 1240 1081 1309 llotting.
1118 1255 1172 1309 p.
1214 1238 1368 1304 196);
1396 1237 1588 1293 deinde
1628 1236 1683 1301 2)
1715 1235 1793 1288 al—

225 1342 335 1385 tera
369 1332 435 1385 ad
466 1330 866 1399 Aquileiensem
898 1329 1197 1384 antistitem
1225 1328 1471 1398 epistola,
1500 1341 1527 1379 a
1563 1324 1794 1377 Baronio

223 1426 310 1486 (ad
367 1438 419 1476 a.
457 1422 580 1490 885)
632 1420 843 1485 Latine,
898 1435 927 1473 a
965 1420 1290 1474 Comhefisio
1320 1427 1373 1471 et
1421 1418 1489 1471 ab
1535 1416 1796 1469 Anthimo

222 1513 619 1568 llhemnicensi
652 1513 764 1580 (50)
790 1511 976 1567 Graece
1000 1511 1259 1577 edita;ac
1284 1509 1517 1577 denique
1550 1508 1603 1574 5)
1633 1506 1796 1559 breve

222 1606 355 1657 illud
416 1602 757 1671 opusculum,
793 1602 936 1670 quod
984 1600 1305 1670 Euthymius
1355 1600 1658 1668 Zigahenus
1697 1595 1798 1649 sub

223 1694 403 1745 l’hotii
437 1692 655 1747 nomine
697 1690 970 1758 PanOplia:
1021 1706 1133 1745 sua:
1174 1692 1256 1744 tit.
1307 1691 1372 1743 15
1404 1690 1631 1743 inseruit
1663 1688 1793 1758 (51).

222 1784 468 1836 Graecam
523 1783 685 1850 hujus
737 1781 1013 1849 Ραηοριὶω
1056 1781 1348 1835 editionem
1382 1794 1527 1833 anno
1556 1779 1693 1841 1710
1742 1782 1796 1834 in

1896 597 2018 648 cod.
2052 598 2305 659 Caesarei,
2340 613 2461 651 cum
2490 614 2598 665 quo
2630 600 2764 653 alter
2805 600 3048 668 ejusdem
3094 601 3456 667 bibliothecae,

1897 685 1988 739 Gr.
2025 688 2225 755 philos.
2279 687 2383 741 258
2429 688 2774 756 (Lambeccio
2831 692 2917 761 45)
2961 693 3275 759 concordat,
3315 698 3456 764 apud

1898 776 2246 846 Euthymium
2292 780 2453 833 etiam
2501 791 2707 849 prostat
2738 784 2910 847 (brevi
2944 796 3170 852 excepta
3203 801 3457 855 paragra-

1899 870 2029 938 pho)
2064 886 2187 923 cum
2215 873 2403 925 eodem
2431 872 2609 927 Photii
2643 875 2821 928 libello
2846 877 3189 946 eonjunctus,
3217 878 3310 931 sed
3344 888 3460 931 tan-

1898 976 2058 1028 quam
2093 961 2409 1027 desumptus
2437 978 2503 1016 ex
2552 964 2655 1017 alio
2706 966 2931 1018 omnino
2981 975 3233 1028 auctore;
3281 968 3461 1035 ibique

1900 1052 1953 1104 in
1998 1051 2102 1104 fine
2135 1049 2366 1120 (p.120)
2426 1053 2599 1106 Alexii
2648 1055 2992 1124 imperatoris
3040 1072 3161 1110 cum
3206 1057 3461 1109 Mediola-

1900 1143 2055 1197 ncnsi
2098 1143 2340 1196 antistite
2391 1144 2718 1213 disputantis
2767 1148 2910 1214 (saec.
2969 1155 3062 1216 xu)
3119 1149 3177 1200 ﬁt
3236 1150 3459 1203 mentio.

1901 1234 2064 1295 Sane,
2099 1233 2177 1286 uti
2210 1243 2416 1299 exstat,
2463 1245 2660 1289 neuter
2702 1245 2883 1291 textus
2915 1239 2979 1291 ad
3019 1238 3191 1292 Photii
3224 1248 3462 1307 tempora

1900 1326 2178 1396 pertingit,
2210 1341 2312 1379 nec
2349 1326 2466 1380 sine
2524 1328 2735 1381 ratione
2780 1335 2952 1381 totum
2990 1329 3254 1392 libellum,
3282 1331 3374 1398 qui
3412 1330 3462 1383 in

1903 1433 2033 1471 mss.
2084 1419 2404 1488 plerumque
2444 1436 2471 1473 a
2503 1420 2678 1473 Photii
2712 1421 2969 1490 operibus
3001 1423 3280 1491 sejunctus
3313 1438 3464 1476 com-

1902 1520 2076 1578 paret,
2108 1520 2163 1563 et
2196 1512 2344 1574 alibi,
2392 1512 2553 1565 etiam
2584 1514 2761 1579 quoad
2804 1514 3039 1582 priorem
3086 1523 3312 1583 partem,
3364 1516 3466 1568 sub

1902 1603 2106 1656 Nicolai
2140 1601 2509 1657 Methonensis
2552 1604 2773 1658 nomine
2805 1606 2983 1674 prodit
3026 1606 3162 1674 (35),
3193 1607 3465 1674 epitomen

1903 1705 1957 1748 et
1990 1695 2247 1763 synopsin
2292 1710 2354 1747 ex
2394 1694 2571 1749 Photii
2625 1696 3084 1765 disputationibus
3140 1696 3365 1750 fortasse
3401 1699 3467 1750 ab

1906 1785 2097 1839 eodem
2148 1782 2369 1837 Nicolao
2422 1786 2756 1838 elaboratam
2809 1786 3041 1840 diceres.
3083 1784 3267 1854 Neque
3317 1787 3467 1840 Wal-

223 1875 508 1930 Walachia
540 1876 887 1945 publicatam,
920 1891 1039 1943 quze
1071 1891 1176 1928 una
1201 1876 1345 1928 hunc
1367 1875 1583 1928 titulum
1610 1884 1798 1928 contra
1835 1876 1873 1929 Β
1903 1878 2087 1933 chium
2137 1886 2192 1931 et
2238 1876 2541 1930 Fabricium
2598 1884 2786 1930 contra
2836 1876 3092 1929 Allatium
3126 1877 3466 1930 authentiam

224 1967 453 2021 Latinos
504 1967 687 2022 Graece
737 1966 956 2021 exhibet
990 1967 1125 2035 (52),
1165 1967 1257 2021 diu
1291 1966 1489 2020 frustra
1519 1968 1798 2035 quaesitam

225 2060 446 2111 tandem
496 2056 834 2111 Vindobonte
882 2057 1092 2125 inspexi
1124 2065 1324 2111 etcum
1383 2058 1657 2112 nonnullis
1685 2058 1801 2111 Ca:-

225 2166 399 2204 sarete
448 2150 791 2204 bibliotheca:
853 2165 985 2204 mss.
1026 2149 1250 2203 contuli.
1283 2148 1337 2203 ld
1372 2149 1426 2202 in
1462 2150 1651 2218 primis
1682 2150 1801 2202 ani-

229 2245 521 2309 madverti,
564 2260 673 2298 non
708 2255 915 2298 temere
944 2244 1200 2298 Allatium
1236 2244 1398 2312 hujus
1426 2243 1672 2312 opusculi
1706 2258 1802 2296 au-

230 2333 496 2386 thentiam
531 2343 836 2401 suspectam
878 2334 1167 2397 habuisse,
1218 2333 1479 2400 illudque,
1520 2332 1565 2385 si
1618 2348 1801 2386 revera

230 2423 414 2477 Photii
452 2424 556 2487 sit,
621 2424 809 2477 saltem
864 2424 1250 2492 interpolatum
1302 2438 1421 2477 esse
1470 2422 1801 2489 habendum,

232 2515 387 2569 nullo
422 2530 551 2568 vero
606 2524 767 2583 pacto
803 2515 906 2569 hoc
971 2515 1221 2585 jejunum
1259 2523 1313 2569 et
1361 2515 1497 2569 exile
1545 2515 1802 2584 scriptum

231 2622 359 2661 cum
392 2622 556 2674 opere
583 2606 659 2659 De
678 2606 905 2674 Spiritus
932 2608 1101 2659 sancti
1129 2607 1451 2676 mystagogia
1470 2620 1630 2674 posse
1652 2620 1805 2659 com-

234 2698 441 2766 parari.
476 2698 649 2768 Hujus
700 2699 1007 2752 brevissimi
1042 2706 1302 2751 tractatus
1344 2705 1547 2750 textum
1584 2695 1805 2749 editioni

236 2805 375 2843 mea:
410 2790 845 2858 subjungendum
878 2805 998 2843 esse
1037 2798 1187 2843 ratus
1216 2803 1357 2852 sum,
1392 2796 1501 2841 tum
1548 2786 1676 2855 quia
1699 2801 1806 2839 non

238 2880 315 2933 ita
347 2880 506 2933 facile
533 2881 797 2945 occurrit,
832 2891 943 2934 tum
976 2881 1104 2950 quia
1134 2880 1307 2933 lector
1331 2894 1426 2948 per
1455 2893 1513 2932 se
1536 2878 1604 2933 de
1633 2894 1697 2931 eo
1722 2877 1807 2946 ju-

238 2972 442 3025 dicium
467 2972 608 3025 ferre
648 2973 999 3025 desiderabit.
1038 2972 1111 3025 De
1152 2988 1258 3040 quo
1283 2970 1545 3040 cpusculo
1576 2984 1807 3039 praemo-

239 3062 424 3115 nenda
454 3063 565 3116 hmc
583 3062 857 3116 existimo.
883 3064 1034 3115 Prior
1057 3079 1181 3131 pars
1206 3063 1275 3130 (ο.
1304 3061 1578 3129 1-8),quae
1598 3061 1809 3114 facilius

241 3153 569 3221 patriarchae
591 3162 777 3207 nostro
797 3154 1058 3207 vindicari
1090 3162 1285 3223 potest,
1303 3153 1490 3205 eodem
1519 3152 1630 3205 fere
1654 3162 1810 3220 pacto

1902 1969 2145 2039 opusculi
2174 1968 2491 2023 defensuros
2518 1968 2685 2021 fuisse
2713 1969 2935 2022 credere
2963 1969 3167 2032 licebit,
3202 1969 3242 2023 si
3270 1970 3464 2021 librum

1902 2058 1978 2111 De
2006 2058 2205 2125 Spiritu
2224 2067 2405 2109 sancto
2431 2073 2576 2114 nunc
2595 2058 2829 2126 primum
2856 2058 3061 2110 editum
3090 2057 3463 2125 perlegisscnt,

1903 2150 2058 2218 cujus
2081 2149 2329 2219 synopsis
2354 2158 2407 2203 et
2429 2148 2663 2218 epitome
2692 2149 2742 2202 in
2778 2150 2881 2203 hoc
2924 2148 3287 2218 Euthyniiano
3329 2163 3467 2216 cpu-

1903 2241 2054 2295 sculo
2099 2241 2454 2309 conspicitur.
2495 2241 2751 2295 Attamen
2786 2257 2895 2295 non
2941 2242 3156 2310 penitus
3204 2256 3469 2310 repugna-

1904 2330 2096 2391 verim,
2124 2329 2167 2383 si
2196 2329 2318 2397 quis
2349 2330 2491 2383 hunc
2530 2330 2792 2392 libellum,
2824 2340 2984 2399 prout
3011 2346 3132 2384 cum
3174 2331 3325 2400 juxta
3359 2331 3468 2384 Eu-

1907 2424 2167 2493 thymium
2200 2424 2259 2476 15
2279 2425 2531 2494 capitulis
2553 2425 2871 2481 distinctum
2895 2442 3109 2479 rursum
3134 2427 3470 2494 publicamus

1907 2516 1982 2584 (p.
2032 2515 2316 2584 115-117),
2380 2517 2617 2586 potiusa
2648 2518 2918 2587 sequioris
2968 2520 3066 2572 aevi
3120 2520 3337 2572 homine
3378 2518 3468 2572 illa

1906 2607 2261 2675 paragrapho,
2301 2622 2421 2675 qua:
2459 2608 2525 2661 de
2558 2607 2744 2677 Sergio
2767 2610 2897 2679 agit,
2928 2609 3336 2678 loeupletatum,
3361 2626 3469 2665 non

1909 2712 2037 2749 vero
2062 2697 2281 2765 penitus
2317 2698 2518 2751 celebri
2547 2700 2871 2766 patriarchae
2896 2701 3320 2767 abjudicandum
3339 2717 3469 2754 ceu-

1910 2787 2100 2839 suerit.
2130 2787 2325 2841 Photio
2354 2788 2498 2841 enim
2532 2790 2683 2842 illum
2726 2791 3071 2844 tribuendum
3098 2806 3218 2844 esse
3246 2792 3473 2846 suadere

1911 2888 2174 2948 possunt:
2235 2880 2300 2948 1)
2352 2881 2510 2933 Beeci
2584 2891 2749 2949 atque
2809 2882 3081 2951 Euthymii
3143 2883 3472 2946 auctoritas,

1913 2980 2024 3024 tum
2053 2972 2108 3039 ‘2)
2152 2980 2277 3025 nota
2310 2972 2487 3026 Photii
2514 2973 2567 3026 in
2597 2974 2697 3027 hac
2730 2975 2955 3028 materia
2985 2975 3133 3027 varie
3151 2975 3474 3043 expolienda

1912 3063 2171 3117 sedulitas
2196 3064 2419 3134 ejusque
2452 3080 2589 3126 mos,
2611 3065 2772 3120 modo
2792 3066 3009 3119 brevius
3036 3067 3197 3120 modo
3220 3068 3475 3120 enuclea-

1914 3155 2021 3208 tius
2046 3155 2233 3209 eadem
2258 3156 2591 3225 proferendi,
2619 3166 2732 3210 tum
2757 3159 2811 3225 5)
2842 3158 3201 3227 plurimorum
3226 3158 3475 3212 codicum

239 3244 441 3310 legitur
488 3245 630 3312 apud
678 3245 726 3299 J.
761 3244 1013 3306 Beccum,
1046 3245 1135 3313 qui
1164 3245 1360 3299 saeculo
1387 3261 1503 3310 xm,
1541 3243 1644 3298 hoc
1676 3258 1811 3313 Opu-
1836 3228 1879 3289 C
1917 3246 2219 3316 inscriptio,
2272 3246 2471 3315 quibus
2524 3247 2560 3301 ii
2614 3248 2911 3317 praevalere.
2962 3249 3049 3302 vix
3090 3261 3335 3318 possunt,
3385 3250 3477 3317 qui

244 3337 457 3390 sculum
488 3334 663 3391 Photii
695 3338 915 3392 nomine
966 3338 1278 3406 insignitum
1312 3338 1665 3391 refellendum
1708 3336 1809 3389 sibi

246 3428 480 3496 sumpsit
522 3427 690 3494 (Orat.
720 3430 781 3480 de
811 3445 901 3482 un.
953 3424 1097 3480 Eccl.
1145 3428 1237 3481 Gr.
1270 3427 1467 3481 orthod.
1502 3443 1559 3491 ll,
1593 3442 1645 3495 p.
1682 3425 1811 3479 154-

248 3518 396 3584 179),
432 3520 573 3586 apud
605 3519 951 3588 Euthymium
976 3520 1085 3587 (op.
1119 3519 1213 3572 cit.
1244 3520 1326 3572 tit.
1360 3525 1428 3585 ιγ’
1458 3534 1511 3587 p.
1546 3519 1649 3587 ριβ’
1674 3516 1812 3587 seq.)

247 3621 301 3664 et
332 3611 385 3663 in
418 3610 541 3665 cod.
574 3610 881 3663 Vindobon.
931 3609 1123 3662 Theol.
1180 3609 1272 3662 Gr.
1327 3609 1413 3670 40,
1467 3610 1577 3675 (55)
1629 3625 1685 3661 n.
1724 3607 1813 3671 65,

248 3701 288 3755 f.
326 3701 448 3763 158,
489 3698 610 3761 159,
666 3699 758 3753 ubi
809 3700 1010 3768 pariter
1051 3699 1242 3752 Photio
1293 3700 1597 3753 ascribitur.
1630 3699 1814 3763 Quoad

250 3792 478 3845 alteram
512 3805 643 3845 vero
674 3800 881 3859 partem
918 3791 969 3856 (a
1001 3805 1121 3858 cap.
1146 3790 1178 3845 9
1207 3798 1405 3844 nostra:
1434 3790 1590 3857 edit.)
1620 3791 1815 3844 citatus

249 3882 487 3937 Vinilob.
514 3884 683 3937 codex
715 3884 783 3936 ab
800 3882 1071 3952 Euthymii
1102 3890 1249 3936 textu
1276 3881 1388 3949 (54)
1412 3881 1571 3949 plane
1602 3880 1815 3940 ditl‘ert;

250 3976 524 4045 posterior
552 3983 730 4028 tamen
763 3990 885 4028 cum
917 3974 1070 4027 Becci
1104 3972 1517 4043 allegationibus
1563 3972 1819 4039 prazclare

252 4067 546 4129 consentit,
578 4074 736 4133 atque
761 4065 951 4119 eodem
980 4063 1140 4117 modo
1166 4063 1360 4133 legitur
1380 4061 1436 4114 in
1462 4061 1579 4115 cod.
1606 4060 1817 4115 Monac.

252 4160 349 4215 Gr.
385 4159 473 4224 66,
506 4158 544 4213 f.
599 4160 684 4223 8|,
721 4158 809 4212 82.
850 4158 903 4212 in
932 4159 1098 4211 altera
1129 4156 1346 4226 synopsi
1378 4163 1819 4225 argumentorum

254 4250 431 4306 Photii
458 4266 487 4304 a
526 4248 743 4304 Nicolao
772 4248 1108 4303 Methonensi
1158 4247 1320 4302 facta.
1372 4246 1576 4311 Quodsi
1618 4245 1672 4298 in
1720 4246 1823 4299 hoc

256 4342 530 4412 liuthymii
568 4337 715 4395 textu
747 4357 923 4395 sermo
960 4350 1043 4394 est
1081 4341 1147 4394 de
1191 4340 1378 4409 Sergio
1407 4340 1527 4407 jun.
1583 4338 1814 4406 patriar-

255 4437 382 4501 cha,
421 4434 511 4504 qui
541 4443 662 4504 post
681 4434 933 4487 Photium
966 4431 1165 4495 floruit,
1206 4430 1257 4484 id
1302 4429 1620 4500 posterioris
1650 4428 1820 4484 Graeci

333 4611 444 4677 (50)
485 4609 725 4663 Anthimi
759 4608 919 4675 hujus
941 4608 1117 4676 Τόμον
1135 4607 1320 4675 Χαρᾶς
1343 4619 1485 4677 anno
1516 4604 1652 4677 1765
1674 4604 1825 4677 evul-

261 4674 469 4751 gatuni,
502 4695 610 4751 quo
643 4690 697 4733 et
728 4679 796 4732 cl.
827 4674 987 4751 .lager
1014 4674 1143 4730 usus
1164 4674 1541 4751 est,_‘non_«ium
1577 4674 1823 4751 invenire

286 4742 447 4808 intui;
487 4742 541 4803 in
578 4750 662 4809 iis,
707 4764 840 4817 quas
878 4742 983 4802 huc
1010 4762 1182 4815 usque
1217 4745 1357 4807 adii,
1408 4742 1712 4798 Germania:
1745 4743 1823 4797 bi-

304 4820 553 4873 liotltecis
579 4835 685 4871 non
718 4828 909 4872 exstat.

341 4892 453 4959 (51)
493 4889 704 4941 Titulus
723 4889 921 4959 ibidem
947 4895 1031 4939 est
1055 4885 1290 4959 ελνΦωτίου
1320 4884 1657 4959 τξαῖριὰρχου
1682 4881 1823 4959 xerit

263 4953 374 5012 τώἶι
400 4960 497 5026 τῆς
530 4959 758 5019 παλαιᾶς
799 4957 1036 5021 Ῥώμης,
1063 4957 1153 5026 ὅτι.Δ
1177 4957 1238 5005 ὲκ
1270 4954 1376 5026 τοῦᾐ
1408 4953 1619 5026 ῌςιτρὺς
1665 4953 1822 5026 μρνρν

264 5022 623 5097 ὲκπορέύεται
656 5028 717 5079 τὸ
773 5027 996 5094 Πνεῦμα
1042 5025 1101 5097 τὸ
1130 5024 1301 5091 ἅγιον,
1499 5023 1618 5097 enixi.
1647 5023 1740 5097 κει).
1761 5023 1824 5073 ἐκ

264 5100 362 5151 τσῦ
396 5091 547 5151 Ῠίοὖ.
582 5097 780 5150 Eodem
820 5091 977 5149 modo
1013 5096 1209 5147 citatur
1230 5093 1370 5161 apud
1395 5092 1646 5144 Allatium
1672 5091 1826 5161 Sym-

268 5169 420 5222 lnict.
458 5185 517 5230 ll,
550 5183 603 5236 p.
628 5168 750 5221 419.
780 5167 1058 5236 initium“;
1076 5166 1135 5216 Ei
1162 5163 1362 5236 ἁπλοέον
1386 5163 1482 5236 μὲν
1502 5162 1560 5236 eo
1586 5161 1820 5236 πνεῦμᾳτ

270 5238 357 5291 Cf.
399 5231 701 5290 Fabricium
733 5237 769 5289 Ι.
813 5252 861 5289 c.
911 5245 951 5288 t.
994 5232 1091 5297 XI,
1143 5251 1195 5300 p.
1256 5234 1344 5291 25.
1376 5233 1464 5285 ed.
1514 5232 1678 5292 llarl.,
1735 5231 1824 5300 ubi

271 5310 428 5377 plura
457 5307 593 5360 scitu
625 5308 783 5377 digna
812 5314 1087 5377 notantur.
1121 5304 1376 5368 Quaedam
1417 5316 1546 5355 mss.
1579 5299 1823 5370 opusculi

273 5376 629 5432 recensentur
661 5376 787 5429 ibid.
816 5392 871 5444 p.
906 5376 995 5437 29,
1026 5382 1148 5427 nota
1177 5390 1249 5426 cc.

345 5446 457 5515 (32)
498 5446 697 5515 Quodsi
727 5440 892 5499 editio
925 5444 1195 5511 Panoplia:
1218 5458 1344 5497 cura
1374 5440 1603 5493 Mattliaai
1634 5440 1826 5509 Lipsiae

275 5513 523 5570 3.1792
560 5513 826 5585 puLlieata
879 5515 1070 5567 alicubi
1136 5522 1619 5585 commemoratur,
1678 5526 1827 5585 error

278 5587 503 5662 subesse
528 5580 739 5662 videtur
766 5585 1200 5662 inde_prol'ectus,
1230 5583 1373 5650 quod
1390 5580 1825 5662 ‘Commenlarius

280 5656 336 5710 in
389 5666 618 5722 quatuor
672 5649 956 5722 Evangelia
1010 5669 1073 5706 eo
1102 5649 1262 5705 anno
1301 5667 1361 5704 ac
1390 5651 1508 5704 loco
1543 5651 1609 5722 ab
1636 5649 1821 5722 eodem

280 5720 563 5792 evulgatus
604 5741 725 5779 cum
773 5720 861 5777 illo
888 5723 1189 5791 dogmatico
1244 5736 1406 5789 opere
1441 5720 1821 5792 confundatur.

279 5789 465 5866 Neque
498 5794 892 5867 diligentissimi
926 5789 1216 5864 scriptores
1265 5806 1441 5861 neque
1484 5790 1714 5845 Lcsicou
1745 5789 1822 5843 bi-

1850 4638 1901 4700 D

1920 3337 2120 3391 Nicolai
2157 3337 2532 3393 Methonensis
2570 3355 2769 3393 nomen
2794 3341 2847 3393 in
2878 3340 3055 3393 fronte
3077 3350 3310 3410 gestant,
3341 3356 3480 3409 pras-

1917 3430 2108 3481 sertim
2136 3443 2260 3481 cum
2286 3445 2407 3494 quae
2440 3430 2726 3484 manifeste
2743 3442 2870 3485 sunt
2896 3430 3091 3494 Photii,
3127 3431 3179 3484 in
3205 3432 3482 3487 nonnullis

1918 3534 2049 3572 mss.
2075 3519 2203 3573 huic
2230 3520 2453 3573 Nicolao
2476 3520 2824 3573 ascribantur
2856 3520 3001 3590 (36);
3041 3522 3237 3590 quibus
3265 3532 3320 3575 et
3350 3523 3482 3577 alias

1919 3610 2156 3663 rationes
2183 3610 2465 3680 suffragari
2488 3626 2595 3663 non
2625 3610 2833 3680 ignoro.
2858 3610 2962 3664 Sed
2981 3611 3033 3663 in
3057 3612 3346 3680 praesentia
3374 3614 3479 3666 mei

1919 3700 2148 3754 instituti
2200 3716 2310 3754 non
2342 3710 2446 3765 est,
2484 3701 2583 3755 ista
2624 3701 2902 3755 dirimere.
2947 3701 3028 3754 Me
3060 3711 3240 3754 autem
3285 3702 3481 3756 merito

1920 3795 2063 3845 hunc
2092 3793 2328 3846 libellum
2363 3794 2533 3846 multo
2573 3792 2801 3846 minoris
2826 3792 3040 3857 fecisse,
3065 3808 3227 3860 quam
3281 3794 3480 3847 librum

1918 3881 1995 3934 De
2022 3880 2249 3950 Spiritus
2268 3884 2435 3935 sancti
2455 3884 2805 3952 mystagogia,
2826 3882 3040 3936 collatio
3064 3884 3145 3935 vel
3162 3882 3480 3935 brevissima

1922 3974 2213 4041 unicuique
2234 3974 2431 4043 legenti
2461 3973 2764 4043 patefaciet.

1992 4063 2127 4117 Vlll.
2177 4065 2530 4133 Adjunximus
2574 4076 2834 4134 prteterea
2882 4066 2933 4118 in
2992 4066 3154 4131 notis,
3216 4073 3479 4135 quantum

1922 4156 2155 4224 spatium
2210 4155 2552 4224 permittebat
2600 4170 2662 4209 ac
2722 4155 2843 4209 finis
2901 4156 3059 4210 nobis
3114 4158 3478 4225 praestitutus,

1926 4246 2155 4314 potiora,
2181 4262 2299 4315 qua:
2323 4247 2650 4315 posteriores
2672 4247 2847 4300 Photii
2874 4246 3093 4300 assecla:
3120 4262 3186 4299 ex
3216 4247 3354 4300 libro
3388 4261 3489 4300 no-

1926 4349 2038 4393 stro
2062 4338 2302 4391 hausisse
2328 4337 2599 4403 videntur,
2629 4354 2737 4406 quo
2764 4338 2976 4392 facilius
3012 4338 3253 4406 ejusdem
3287 4338 3339 4391 in
3372 4340 3488 4393 illo-

1927 4444 2045 4482 rum
2074 4427 2337 4498 theologia
2384 4428 2595 4497 pondus
2633 4428 2976 4497 pretiumque
3018 4428 3261 4497 diguosci
3302 4438 3482 4497 queat.

1928 4607 2354 4678 bliographicum
2381 4604 2884 4678 iﬁlofl‘manniannm,
2936 4599 3201 4678 Lips:_eil.
3218 4614 3290 4678 λι.
3325 4598 3483 4678 1855,

1928 4668 2071 4749 (ιυοᾶ
2112 4668 2151 4731 t:
2176 4678 2215 4740 Ι,
2270 4694 2323 4745 p.
2372 4675 2607 4749 2507252
2642 4674 2977 4749 amplissime
3004 4668 3186 4749 edita.
3218 4668 3487 4737 Euthymii

1928 4739 2092 4817 opera
2140 4739 2407 4809 recenset,
2443 4745 2708 4815 ejusmodi
2736 4739 3026 4811 ‘Panoptiw
3062 4739 3357 4793 editionem
3390 4755 3487 4792 no-

1929 4827 2075 4872 runt.

2002 4888 2111 4955 (55)
2148 4883 2466 4955 Lambeccio
2496 4893 2579 4937 est
2604 4883 2797 4955 ‘codex
2838 4881 2925 4935 97.
2966 4878 3048 4934 Cf.
3104 4876 3242 4931 Bibl.
3279 4877 3481 4937 Caesar.

1930 4965 1969 5011 t.
1995 4952 2101 5020 Ill,
2125 4971 2180 5024 p.
2204 4954 2325 5019 399,
2358 4953 2461 5007 400
2490 4955 2577 5008 ed.
2604 4952 2808 5006 Kollar.

2000 5016 2417 5093 i51)'Euthymii
2444 5024 2678 5086 codices,
2711 5024 2800 5090 qui
2833 5017 3114 5093 ingmultis
3144 5016 3487 5093 bibliothecis

1928 5087 2174 5165 prostant
2218 5087 2414 5155 (Vatie.
2459 5093 2615 5166 codd.
2649 5087 2772 5166 667,
2818 5091 2959 5166 668,_
2990 5089 3061 5166 al_.
3101 5087 3483 5166 ap_.MFabric.),

1929 5156 2149 5229 nullam,
2208 5171 2471 5234 quantum
2514 5163 2647 5228 scio,
2682 5162 2871 5216 hocin
2923 5159 3081 5213 titulo
3124 5156 3485 5211 diﬂ‘erentiam

1928 5236 2204 5289 exhibent.

2002 5306 2111 5374 (55)
2152 5304 2286 5360 Cod.
2323 5303 2589 5374 Laurent.
2639 5300 2725 5367 η,
2771 5300 2909 5370 plut.
2966 5299 3019 5362 9,
3078 5313 3133 5350 n.
3172 5301 3224 5353 5.
3276 5292 3484 5351 Bandin

1928 5372 2584 5453 Catglﬂog_.p.«1_06,_.10?-_
2667 5440 2701 5453 η
2799 5441 2831 5453 _.
2925 5441 2936 5453 .
3004 5438 3107 5453 ..ην

2004 5437 2347 5513 (56)”1ηόο(1.
2396 5442 2624 5496 Vindob.
2663 5440 2756 5495 Gr.
2794 5441 2961 5494 theol.
3004 5438 3129 5502 325,
3166 5437 3202 5491 f.
3256 5437 3283 5491 1
3324 5437 3486 5491 verba

1930 5530 1992 5569 ex
2021 5516 2191 5569 l'hotii
2218 5530 2305 5582 ep.
2333 5513 2367 5565 2
2407 5515 2718 5566 tribuuntur
2754 5510 2972 5582 Nicolao
3018 5507 3377 5582 lllethonensi,
3428 5516 3488 5582 ut

1931 5585 2083 5647 alias,
2120 5585 2160 5637 si
2188 5576 2326 5637 bene
2368 5582 2614 5644 memini,
2644 5583 2698 5633 in
2740 5580 2863 5634 cod.
2911 5578 3143 5633 Vindob.
3197 5578 3282 5639 47,
3318 5592 3376 5629 n.
3431 5576 3483 5647 4,

1929 5654 1967 5706 f.
2000 5645 2104 5708 27?.
2129 5653 2347 5707 Nicolao
2375 5652 2672 5706 Cabasillze.
2723 5650 2840 5703 Alia
2870 5650 3112 5717 exempla
3145 5648 3313 5700 habes
3344 5645 3486 5714 apud

1931 5724 2232 5782 Fabricium
2257 5739 2353 5781 seu
2371 5724 2552 5794 potius
2575 5720 2926 5788 llarlessium,
2950 5721 2985 5775 l.
3006 5736 3055 5775 c.
3076 5735 3131 5788 υ.
3148 5718 3238 5782 29,
3274 5725 3390 5771 not.
3410 5730 3497 5770 cc.
