4234 6432
209 385 316 450 ΞΠ

875 395 934 458 S.
977 396 1327 459 SPIRITUS
1364 392 1863 458 MYSTAGOGIA.
1907 419 1977 429 —
2006 397 2060 457 Ι.
2104 395 2334 455 HERG.
2376 395 2542 454 PR/E

1116 397 1327 459 RITUS
1364 392 1863 458 MYSTAGOGIA.
1907 419 1977 429 —
2006 397 2060 457 J.
2104 395 2334 455 HERG.
2376 394 2788 454 PR/EFATIO.

3346 393 3449 456 278

207 506 342 558 riori
375 508 694 562 tractatione
739 510 1096 583 adhibenda),
1138 515 1230 569 sed
1274 525 1329 569 et
1370 516 1616 579 aliorum,
1658 513 1779 583 qui-
1808 510 1935 569 Aet
1987 514 2182 568 virium
2252 525 2558 568 nostrarum
2612 512 2930 566 tenuitatem
2986 520 3040 563 et
3103 520 3445 562 communem

206 595 311 648 bus
350 596 670 666 indagandis
720 602 929 664 studeo,
985 604 1185 659 inedita
1234 607 1490 659 nonnulla
1522 608 1777 674 opuscula

207 688 442 754 publica
477 689 582 743 luci
619 706 703 743 me
732 692 1070 747 redditurum
1102 712 1281 764 spero.
1342 698 1549 749 lnterea
1580 697 1780 750 disser-

210 778 435 833 talionis
481 780 703 849 adjecta
755 786 1214 852 opportunitatem
1260 781 1421 841 nemo
1468 789 1522 841 in
1554 788 1777 842 dubium

206 869 447 934 vocabit,
465 873 555 939 qui
574 872 1040 942 animadverterit,
1059 893 1357 947 congruum
1379 879 1604 933 omnino
1633 894 1776 944 esse,

209 967 270 1013 ut
323 977 513 1015 eorum
567 966 965 1036 theologorum,
1016 970 1107 1037 qui
1138 968 1316 1023 Photii
1347 971 1486 1025 libro
1518 971 1599 1023 usi
1626 978 1775 1036 sunt,

209 1060 268 1103 ut
306 1051 549 1121 Ilugonis
579 1053 879 1117 Etheriani,
907 1055 955 1111 .l.
988 1057 1144 1112 Becci
1187 1068 1351 1129 atque
1390 1060 1450 1113 L.
1477 1061 1676 1123 Allatii,
1710 1061 1778 1115 de

208 1143 404 1196 eodem
461 1160 674 1213 quoque
720 1148 919 1215 judicia
974 1164 1037 1203 ac
1076 1151 1467 1218 disputationes
1520 1153 1778 1221 adjician-

212 1243 319 1297 tur,
374 1244 535 1302 atque
583 1237 783 1305 liquido
832 1242 992 1293 simul
1042 1243 1377 1306 ostendatur,
1414 1260 1519 1312 qua
1570 1245 1777 1299 ratione

210 1327 476 1391 ejusmodi
509 1332 842 1398 argumentis
872 1341 928 1385 et
962 1334 1187 1401 argutiis
1215 1335 1495 1389 catholica
1526 1335 1777 1390 Ecclesia

210 1416 421 1469 strenui
483 1417 796 1472 defensores
848 1421 989 1474 soliti
1046 1423 1250 1475 fuerint
1290 1439 1578 1478 occurrere
1618 1433 1777 1495 atque

210 1506 496 1559 obsistere.
536 1507 701 1561 Nobis
750 1524 877 1561 vero
928 1512 1190 1577 ejusmodi
1252 1514 1500 1566 tractatio
1554 1516 1777 1569 ulterius

211 1599 331 1648 usui
370 1597 495 1657 erit,
532 1598 692 1664 idque
726 1599 927 1662 duplici
980 1609 1158 1668 pacto.
1207 1600 1263 1653 ln
1313 1603 1503 1670 primis
1539 1606 1682 1657 enim
1723 1615 1777 1659 et

210 1704 331 1740 eum
375 1690 428 1740 in
464 1690 621 1742 linem
658 1691 928 1757 pramissa
962 1701 1062 1749 est.
1103 1708 1169 1744 ne
1218 1693 1271 1745 in
1321 1694 1547 1761 pleniori
1594 1706 1775 1749 nostra

210 1780 275 1831 de
326 1779 521 1832 Photio
571 1780 965 1844 lucubratione,
994 1784 1082 1836 ubi
1116 1785 1359 1838 historici
1402 1786 1580 1853 potius
1614 1802 1771 1855 quam

210 1872 521 1939 dogmatum
570 1872 797 1925 vindicis
850 1882 1031 1939 partes
1064 1875 1281 1943 agenda
1312 1883 1459 1934 sunt,
1516 1874 1643 1929 huic
1672 1876 1773 1929 do-

209 1962 456 2031 gmatica
509 1962 792 2029 quastioni
848 1962 1073 2015 aliarum
1135 1964 1571 2031 disquisitionum
1602 1966 1769 2019 detri-

209 2061 396 2105 mento
418 2052 694 2105 immorari
733 2052 937 2105 diutius
963 2068 1250 2122 cogamur;
1283 2053 1476 2107 deinde
1507 2056 1649 2109 viam
1684 2056 1768 2107 illa

208 2142 366 2194 nobis
413 2149 623 2194 sternet
670 2142 1089 2195 eomtnodiorem
1144 2143 1210 2196 ad
1259 2144 1458 2198 inedita
1511 2146 1769 2199 nonnulla

206 2233 405 2287 Graca
433 2231 687 2286 Ecclesia
710 2240 1079 2294 monumenta,
1112 2247 1340 2301 quorum
1370 2233 1612 2301 quadam
1643 2249 1770 2288 suc-

204 2324 417 2378 cessivo
461 2338 556 2392 per
600 2324 786 2377 decem
821 2323 933 2377 fere
964 2324 1156 2377 sacula
1205 2323 1312 2392 (43)
1348 2324 1509 2392 hujus
1546 2341 1769 2379 concer-

204 2416 425 2469 tationis
451 2414 757 2483 progressui
790 2415 1046 2482 majorem
1080 2414 1308 2467 afferent
1340 2415 1513 2467 lucem
1547 2425 1601 2469 et
1624 2416 1766 2470 haud

200 2504 439 2574 ignobile
470 2503 687 2557 Gracia
715 2502 893 2556 Allatii
944 2502 1255 2555 orthodoxa
1300 2504 1592 2557 conficient
1636 2520 1764 2575 sup-

202 2600 563 2668 plementum,
610 2596 813 2650 nostris
838 2594 1128 2664 aliquando
1162 2596 1331 2661 curis,
1368 2596 1409 2651 si
1439 2613 1519 2651 ea
1540 2612 1644 2663 non
1669 2614 1765 2667 pe-

200 2689 354 2742 nitus
410 2685 639 2741 eruditis
678 2684 874 2739 fuerint
924 2684 1259 2754 improbata,
1326 2694 1547 2753 peracto
1602 2701 1764 2755 quem

199 2779 545 2848 suscepimus
564 2778 766 2841 labore,
795 2775 1142 2845 publicanda;
1162 2776 1378 2844 quibus,
1400 2792 1518 2845 qua
1544 2778 1598 2831 in
1625 2793 1765 2847 pra-

198 2871 380 2927 sentia
418 2871 693 2939 disputata
716 2868 957 2934 fuerunt,
997 2882 1107 2921 non
1139 2882 1250 2922 uno
1290 2868 1445 2923 titulo
1479 2878 1639 2924 erunt
1669 2885 1766 2940 op-

196 2971 459 3031 portuna.

270 3052 341 3107 X.
386 3050 746 3119 Exposuimus
796 3049 1027 3105 candide
1070 3049 1233 3118 hujus
1265 3049 1430 3103 libelli
1471 3058 1583 3105 tum
1631 3066 1765 3107 con-

196 3144 383 3198 silium
435 3152 597 3209 atque
654 3155 898 3208 scopum,
954 3146 1068 3191 tum
1136 3154 1343 3201 ansam,
1395 3140 1654 3209 originem
1703 3156 1834 3231 acc

196 3232 369 3287 veluti
405 3232 702 3285 historiam.
753 3229 960 3283 Exinde
1007 3230 1227 3297 patebit,
1276 3230 1407 3298 quid
1450 3230 1516 3284 de
1572 3232 1763 3285 eodem

195 3324 324 3390 jure
379 3320 700 3389 exspectari,
746 3319 875 3387 quid
936 3321 989 3371 in
1036 3334 1101 3372 eo
1156 3319 1451 3373 desiderari
1495 3331 1659 3388 queat
1702 3336 1765 3376 ac

199 3411 422 3473 debeat,
460 3425 556 3463 cur
595 3410 864 3462 interdum
902 3408 1223 3462 sententiam
1271 3412 1661 3465 mutaverimus
1714 3411 1769 3464 in

200 3496 531 3549 lectionibus
578 3495 927 3558 stabiliendis,
970 3510 1068 3549 cur
1111 3510 1235 3549 eum
1273 3495 1619 3564 perfectionis
1648 3513 1769 3567 gra-

199 3586 336 3639 dum
367 3584 629 3653 attingere
664 3584 802 3637 haud
825 3583 1061 3652 potuerit
1096 3591 1277 3637 nostra
1303 3583 1489 3649 editio,
1518 3600 1679 3654 quem
1712 3585 1766 3639 in

200 3676 347 3730 votis
377 3690 591 3745 semper
622 3675 928 3741 habuimus,
975 3675 1101 3730 licet
1133 3674 1365 3744 ingenue
1410 3685 1770 3745 agnoscentes

273 3866 525 3935 (43mm
557 3868 874 3938 millesimus
920 3876 1242 3922 numeratur
1298 3880 1493 3930 annus,
1530 3882 1597 3922 ex
1658 3884 1766 3938 quo

200 3938 437 3992 Photius
467 3938 530 4007 ad
558 3937 903 4007 Byzantinam
934 3938 1242 4007 cathedram
1268 3938 1501 4005 primum
1544 3949 1765 3992 evectus

202 4016 286 4062 est
326 4010 397 4077 (ει.
434 4006 536 4061 857
566 4006 715 4077 juxta
759 4006 1184 4063 communiorem
1220 4007 1646 4078 chronologiam)
1708 4018 1762 4062 et

1881 619 2062 659 rerum
2109 608 2467 660 humanarum
2513 605 2904 667 conditionem,
2942 618 3061 672 qua
3092 604 3177 652 vix
3212 611 3447 665 unquam

1880 697 2081 764 primos
2111 698 2374 766 ejusmodi
2406 696 2705 751 studiorum
2741 695 2948 748 fructus
2987 703 3149 759 atque
3196 686 3449 757 ἀπαρχὰς

1879 789 2023 840 omni
2076 804 2230 841 navo
2261 787 2391 840 sinit
2432 802 2550 839 esse
2601 786 2891 839 immunes.
2937 781 3090 847 Quod
3125 780 3167 833 si
3198 794 3307 831 non
3346 777 3445 829 ob-

1879 887 2054 932 stante
2077 879 2325 932 laudabili
2360 878 2647 947 typothcta
2671 877 2847 930 studio
2866 890 3041 942 neque
3072 872 3287 926 assidua
3318 885 3444 922 cura

1878 970 2119 1035 editoris,
2170 971 2352 1024 multis
2377 979 2555 1023 tamen
2587 969 2706 1021 aliis
2736 968 2967 1037 negotiis
2995 964 3237 1027 distenti,
3270 978 3298 1014 a
3326 962 3445 1013 loco

1880 1062 2238 1130 typographia
2284 1060 2499 1123 remoti,
2561 1059 2835 1113 interdum
2894 1072 3111 1127 quoque
3160 1054 3442 1109 oculorum

1878 1150 2197 1219 agritudine
2266 1150 2580 1211 laborantis,
2647 1148 2841 1201 menda
2904 1145 3226 1215 irrepserint‘
3290 1142 3445 1195 nobis

1880 1241 2021 1294 haud
2056 1241 2358 1303 observata,
2396 1241 2591 1293 eruditi
2623 1239 2843 1293 lectoris
2875 1236 3256 1306 indulgentiam
3302 1232 3445 1301 pari-

1880 1339 1958 1383 ter
1983 1332 2318 1399 imploratam
2354 1331 2496 1384 volo.
2552 1331 2683 1383 Eam
2733 1330 2944 1382 facilius
2992 1328 3142 1381 dabit
3184 1333 3443 1394 expertus

1878 1421 2122 1488 quisque,
2156 1420 2455 1489 prascrtitn
2491 1418 2563 1481 ei,
2604 1419 2689 1471 cui
2727 1428 2803 1472 tot
2852 1418 3241 1487 impedimenta
3279 1429 3443 1483 supe-

1882 1513 2049 1564 randa
2098 1520 2276 1571 erant,
2320 1513 2519 1581 quique
2565 1511 2751 1564 critica
2801 1510 3047 1579 prasidia
3106 1522 3282 1574 neque
3337 1520 3444 1558 uno

1878 1604 2175 1671 eodemque
2200 1613 2436 1670 tempore
2462 1603 2745 1655 consulere
2769 1616 2944 1668 neque
2969 1599 3205 1667 potiores
3229 1597 3442 1651 codices

1878 1704 1973 1756 per
2024 1690 2373 1756 semetipsum
2430 1691 2658 1742 lustrare
2718 1690 2915 1758 potuit.
2968 1688 3150 1755 Neque
3206 1688 3442 1738 minores

1878 1778 2215 1832 difﬁcultates
2244 1781 2523 1848 majorem,
2563 1796 2720 1848 quam
2756 1796 2908 1848 paro,
2952 1779 3019 1832 de
3066 1779 3257 1830 Photio
3287 1778 3440 1827 lucu-

1876 1868 2176 1922 brationem
2245 1870 2634 1933 detinuerunt,
2703 1886 2824 1938 qua
2897 1884 2995 1937 pro
3068 1864 3439 1933 co‘nceptionis

1872 1961 2221 2029 amplitudine
2265 1960 2527 2014 immenso
2578 1961 2689 2014 fere
2740 1961 2923 2013 labore
2982 1974 3067 2013 me
3116 1974 3221 2010 non
3272 1961 3436 2011 semel

1872 2050 2033 2102 veluti
2082 2050 2278 2103 obruit.
2330 2050 2523 2103 Libros
2581 2051 2943 2111 necessarios,
2994 2063 3221 2115 quorum
3277 2045 3431 2098 multi

1872 2142 1924 2194 in
1969 2150 2166 2195 nostra
2209 2141 2577 2197 universitatis
2608 2143 2934 2195 bibliotheca
2968 2141 3432 2201 desiderabantur,

1868 2232 2033 2287 variis
2078 2248 2141 2286 ex
2184 2232 2317 2287 locis
2372 2233 2505 2286 mihi
2544 2249 2860 2303 comparare
2908 2242 3125 2287 coactus
3154 2232 3271 2294 fui;
3330 2246 3435 2299 qua

1868 2334 2048 2378 tamen
2081 2326 2132 2377 in
2167 2340 2225 2377 re
2266 2324 2549 2394 insigniter
2580 2342 2667 2380 me
2700 2326 2902 2394 adjuvit
2932 2324 3324 2378 eruditissimus
3354 2322 3435 2375 vir

1869 2417 1959 2472 Dr.
2008 2416 2071 2468 Α.
2126 2414 2373 2479 Ruland,
2446 2417 2685 2485 ejusdem
2748 2417 3088 2470 bibliotheca
3148 2428 3434 2483 supremus

1867 2506 2170 2576 prafectus,
2201 2507 2285 2560 cui
2317 2507 2475 2561 sicuti
2532 2516 2587 2561 et
2635 2509 2845 2560 catcris
2890 2506 3216 2560 doctissimis
3281 2504 3431 2567 viris,

1866 2596 1955 2663 qui
2004 2595 2204 2655 Roma,
2260 2593 2601 2649 Vindobona
2656 2605 2712 2650 et
2770 2595 3034 2650 Monachii
3085 2610 3205 2648 mea
3257 2595 3431 2648 studia

1866 2696 2271 2756 promoverunt,
2335 2688 2533 2757 gratias
2580 2703 2824 2741 summas
2882 2687 3080 2750 refero,
3134 2688 3238 2740 alio
3292 2688 3432 2751 loco,

1867 2778 1943 2831 uti
1976 2792 2153 2846 spero,
2185 2793 2276 2831 eas
2296 2779 2620 2833 cumulatius
2645 2780 2935 2833 relaturus.
2981 2778 3173 2833 Utrum
3208 2795 3293 2833 res
3322 2795 3431 2832 non

1866 2883 2086 2940 prorsus
2124 2868 2412 2923 infeliciter
2441 2871 2572 2924 mihi
2614 2871 2840 2925 cesserit
2876 2880 2930 2925 et
2954 2886 3237 2939 quousque
3269 2885 3435 2923 cona-

1864 2959 2009 3013 mina
2057 2972 2175 3011 mea
2236 2959 2593 3028 pertigeriut,
2659 2959 2712 3011 id
2770 2959 2963 3012 eruditi
3009 2960 3427 3027 dijudicabunt;

1864 3063 1964 3119 ego
2005 3048 2201 3103 virium
2249 3064 2489 3101 mearum
2527 3049 2660 3102 satis
2705 3050 3022 3118 exiguarum
3056 3049 3199 3103 haud
3235 3050 3430 3102 imme-

1864 3154 2002 3201 mor,
2048 3139 2285 3194 materia
2315 3154 2443 3192 vero
2473 3154 2606 3193 mea
2631 3155 2817 3193 amore
2848 3148 2903 3194 et
2949 3141 3144 3193 ardore
3179 3140 3420 3203 deditus,

1866 3244 2063 3298 neque,
2111 3235 2219 3282 uta
2241 3230 2432 3297 captis
2456 3228 2733 3291 desistam,
2755 3230 3161 3285 difﬁcultatibus
3189 3247 3430 3299 unquam

1864 3328 2060 3383 motus,
2107 3333 2213 3372 non
2235 3334 2456 3387 possum
2498 3336 2605 3373 non
2644 3336 2831 3375 eorum
2887 3322 3103 3375 veniam
3141 3322 3381 3391 ﬂagitare
3414 3363 3428 3384 ,

1866 3424 1964 3478 pro
2008 3410 2093 3473 iis,
2120 3425 2239 3477 qua
2268 3420 2559 3464 occurrunt
2589 3413 2963 3465 emendatione
2994 3412 3174 3481 digna.
3213 3428 3429 3465 eorum-

1866 3501 1987 3555 dem
2021 3502 2265 3564 consilia,
2297 3502 2499 3555 monita
2526 3511 2684 3571 atque
2708 3504 2908 3571 judicia
2933 3505 3184 3573 congruis
3208 3504 3432 3556 rationi-

1870 3590 1971 3645 bus
2024 3590 2239 3645 suffulta
2268 3601 2517 3659 prompto
2567 3606 2781 3661 semper
2814 3593 2997 3646 animo
3051 3603 3425 3661 suscepturus.

1941 3679 2298 3750 Wirceburgi,
2329 3681 2414 3735 die
2439 3681 2660 3736 Pentcc.
2695 3682 2869 3751 pridie
2900 3682 3014 3736 Kal.
3048 3682 3174 3737 Jun.
3211 3683 3360 3737 l857.

1869 3876 1971 3929 hoc
2022 3877 2141 3946 ipso
2181 3893 2325 3932 anno
2362 3880 2690 3947 praecipuum
2741 3879 2984 3946 ejusdem
3032 3894 3132 3947 pro
3178 3894 3279 3934 suo
3330 3878 3426 3932 do-

1866 3955 2042 4016 gmate
2069 3947 2326 4017 scriptum
2354 3950 2407 4003 in
2438 3949 2614 4003 lucem
2644 3950 2861 4003 demum
2897 3950 3090 4018 prodit.
