4234 6432
768 401 874 465 299

1925 391 2192 454 ΡΗΟΤΙῐ
2229 393 2732 454 ΡᾹΤΒΙΑΠΟΗᾹΞ
2770 396 2875 457 CP.

3905 402 4008 464 300

773 514 1126 578 patrocinium
1163 509 1429 573 invenias,
1469 507 1564 563 sed
1607 517 1668 562 ut
1701 507 1874 578 ipsum
1896 521 2113 575 quoque
2143 506 2330 559 Domi-
2360 510 2402 565 Α
2434 524 2445 556 ι

2360 510 2402 565 Α
2434 508 2637 578 φωνὴν,
2657 510 2755 578 οὐχ
2783 510 2867 561 ἵνα
2891 510 3187 580 συνήγορον
3218 511 3455 585 εὖρήσῃς
3490 513 3624 582 (54),
3651 513 3766 566 ἀλλ’
3796 512 3884 566 ἵνα
3915 516 4007 564 καὶ

770 625 920 667 noni,
956 620 1251 674 perennem
1280 601 1523 655 veritatis
1546 600 1775 662 fontem,
1803 598 2160 652 dissonantia
2200 597 2331 650 insi-

770 705 977 758 ninles?
1004 699 1094 753 Sic
1131 699 1276 750 enim
1309 696 1487 764 lingua
1520 703 1608 746 tua
1645 694 1711 747 ad
1732 692 1997 762 quidlibet
2024 691 2332 744 audendum

771 806 854 847 est
880 810 1045 864 prona
1072 802 1126 846 et
1149 791 1213 843 ad
1243 805 1422 851 ansas,
1456 787 1547 840 ubi
1579 787 1738 839 nulla:
1768 794 1911 847 sunt,
1946 783 2334 852 confingendas

773 901 828 943 et
861 883 1264 955 excogitandas.
1301 881 1355 932 Si
1397 880 1540 932 enim
1575 879 1662 932 hic
1693 879 1809 945 ipse
1856 876 2077 929 humani
2119 877 2333 945 generis

772 979 1034 1034 Conditor
1086 985 1139 1028 et
1177 983 1395 1026 curator
1434 970 1594 1022 modo
1638 970 1854 1036 quidem
1886 968 2145 1036 Spiritum
2179 970 2334 1021 docet

770 1090 797 1127 a
857 1071 1018 1124 Patre
1055 1068 1372 1138 procedere,
1423 1064 1733 1116 nullatenus
1782 1062 2066 1129 adjiciens,
2107 1062 2248 1130 quod
2279 1072 2334 1115 et

767 1180 796 1216 ο
844 1178 902 1214 se
942 1160 1220 1230 procedat,
1271 1156 1365 1209 sed
1408 1155 1554 1206 illum
1587 1154 1846 1223 (Patrem)
1880 1153 2053 1205 solum
2091 1169 2331 1216 causam,

769 1254 1224 1324 quemadmodum
1268 1264 1379 1302 sua:
1432 1248 1838 1317 generationis,
1894 1249 1962 1299 ita
2003 1256 2055 1298 ct
2102 1246 2334 1314 Spiritus

772 1343 1137 1415 processionis
1165 1340 1310 1393 credi
1344 1357 1372 1391 a
1408 1339 1563 1390 nobis
1595 1346 1648 1390 et
1679 1337 1956 1404 praedicari
1993 1336 2175 1404 jubet;
2223 1355 2334 1389 mo-

772 1436 842 1486 do
868 1442 1047 1484 autem
1072 1470 1085 1491 ,
1137 1437 1194 1480 ut
1219 1437 1274 1480 tu
1306 1425 1525 1484 asseris,
1556 1423 1680 1491 quia
1725 1423 1854 1476 dicit
1888 1441 1898 1474 :
1938 1423 2009 1475 De
2056 1441 2165 1475 meo
2200 1425 2336 1475 acci-

771 1525 874 1592 piet
921 1521 986 1583 "',
1039 1520 1147 1572 alto
1191 1516 1406 1585 quidem
1450 1514 1666 1566 silentio
1730 1513 2054 1580 compressit
2099 1512 2334 1580 priorem

772 1613 1168 1667 institutionem
1206 1623 1267 1660 ac
1295 1607 1628 1667 doctrinam;
1684 1619 1991 1670 quanquam
2031 1604 2332 1670 oportebat,

773 1716 834 1759 nt
867 1707 920 1758 in
952 1703 1244 1757 secundam
1281 1700 1556 1767 ingressus
1591 1696 1946 1747 initiationem
1981 1697 2175 1763 prioris
2207 1712 2335 1764 quo-

770 1812 876 1865 que
911 1792 1226 1846 memoriam
1258 1789 1555 1848 refricaret,
1607 1784 1993 1851 doctrinasque
2024 1787 2158 1838 adeo
2193 1786 2332 1838 inter

2434 599 2594 650 αὑτὸν
2625 600 2715 651 τὸν
2742 602 3051 672 Δεσπότην,
3084 602 3309 656 ἁένναον
3340 605 3452 672 (55)
3488 606 3586 674 τῆς
3611 604 3869 671 ἀληθείας
3898 620 4008 671 πη-

2433 691 2554 758 γὴν,
2578 694 2656 754 εἰς
2683 692 2980 761 διαφωνίαν
3000 693 3324 766 ἑξυῦρὶσῃςς
3348 695 3490 748 οὕτω
3507 696 3615 764 γὰρ
3634 699 3666 764 ή
3687 694 3752 766 σὴ
3779 695 4004 762 γλῶσσα

2434 784 2611 836 πάντα
2641 785 2845 855 τολμᾷν
2881 788 3026 837 ἐστιν
3051 787 3285 854 ἀσελγὴς
3309 788 3398 838 καὶ
3422 788 3526 840 τῶν
3550 788 3804 856 ἀλήπτων
3831 786 4006 845 λαϐὰς

2435 878 2796 941 συμπλάττειν
2826 883 2917 932 καὶ
2945 882 3178 932 ἐπινοεῖν
3211 881 3342 949 (56).
3371 884 3429 934 Εἰ
3468 882 3575 951 γὰρ
3606 881 3768 942 αὐτὸς
3796 875 3953 940 οὗτος
3979 883 4007 929 ὁ

2433 970 2770 1039 Δημιουργὸς
2805 970 2916 1042 (25]
2951 972 3043 1024 τοῦ
3075 973 3259 1039 γένους
3297 975 3388 1024 καὶ
3430 971 3731 1042 προνοητὴς
3765 969 3861 1020 νῦν
3907 970 4007 1037 μὲν

2432 1059 2493 1110 τὸ
2563 1061 2786 1130 Πνεῦμα
2849 1063 3086 1115 διδάσκει
3143 1063 3538 1132 ἐκπορεύεσθαι
3611 1062 3704 1115 τοῦ
3767 1061 4006 1127 Πατρὸς,

2433 1152 2679 1220 οὐδαμῶς
2717 1155 3027 1223 προστιθεὶς
3057 1156 3388 1221 (57·58),ὄτι
3422 1158 3512 1207 καὶ
3539 1156 3595 1221 ἐξ
3641 1153 3829 1218 αὐτοῦ,
3887 1153 4006 1204 ἀλλ’

2435 1247 2639 1295 ἐκεῖνον
2673 1246 2840 1296 αἴτιον
2873 1246 3054 1314 μόνον,
3095 1249 3284 1314 ὥσπερ
3318 1247 3413 1312 τῆς
3445 1246 3637 1297 ἑαυτοῦ
3670 1248 4006 1313 γεννήσεως,

2434 1334 2575 1387 οὕτω
2610 1338 2700 1388 καὶ
2733 1338 2833 1406 τῆς
2864 1339 2957 1389 τοῦ
3000 1339 3311 1406 Πνεύματος
3362 1339 3735 1407 ὲκπορεύσεως
3757 1377 3770 1399 ,
3820 1337 4006 1388 Θεολο-

2435 1430 2646 1493 γεῖσθαι
2709 1436 3084 1499 μυσταγωγεῖ’
3136 1432 3229 1483 νῦν
3268 1433 3343 1494 δὲ,
3389 1432 3462 1494 ὡς
3514 1433 3576 1483 σὺ
3623 1430 3832 1497 λέγεις,
3869 1430 4006 1482 διότι

2436 1521 2742 1589 φησίν(59)’
2765 1523 2861 1575 Ἐκ
2877 1523 2981 1576 τοῦ
3006 1524 3151 1591 ἐμοῦ
3172 1525 3447 1591 λήψεται,
3480 1525 3718 1592 περιεῖλε
3745 1523 3844 1591 μὲν
3877 1523 4003 1589 σιγῇ

2439 1610 2627 1681 βαθείᾳ
2660 1614 2758 1680 τὴν
2799 1614 3070 1683 προτέραν
3104 1613 3213 1680 (40)
3261 1613 3682 1682 μυσταγωγίανσ
3722 1612 3899 1662 καίτοι
3941 1627 4006 1676 γε

2438 1702 2571 1769 πρὸς
2601 1701 2858 1770 δευτέραν
2883 1702 3104 1754 ἐλθόντα
3132 1702 3243 1768 (41)
3265 1700 3484 1769 τελετὴν
3505 1701 3610 1751 ἔδει
3639 1699 3847 1765 καὶτῆς
3873 1714 4006 1764 προσ

2435 1794 2595 1864 τέρας
2629 1797 2936 1864 ἀναμνῆσαι
2968 1796 3060 1846 καὶ
3097 1793 3329 1861 συνάψαι
3370 1795 3436 1844 τὰ
3467 1792 3577 1859 (49.)
3605 1791 3859 1842 τοσοῦτον
3891 1789 4004 1855 (45)

771 1908 830 1944 se
858 1889 1078 1943 dissitas
1120 1885 1474 1951 conjungeret
1525 1891 1578 1934 et
1615 1881 1679 1934 ad
1722 1881 1950 1933 invicem
1984 1880 2328 1941 conciliaret;
2363 1860 2405 1913 Β
2435 1903 2443 1934 t

2363 1860 2405 1913 Β
2435 1860 2678 1950 ἀλλήλων
2703 1860 2765 1953 τῇ
2801 1860 3002 1954 θεωρία
3031 1860 3348 1952 διεστηκότα
3370 1898 3382 1910 ·
3411 1884 3437 1934 ὁ
3463 1882 3518 1932 δὲ
3540 1882 3680 1946 (44),
3712 1878 3869 1931 τοῦτο
3906 1880 4003 1945 μὲν

771 1985 861 2036 ille
906 1997 1034 2034 vero
1075 1981 1177 2031 hoc
1223 1976 1367 2044 quod
1422 1975 1728 2027 faciendum
1782 1986 1900 2026 erat
1949 1989 2058 2026 non
2095 1974 2241 2030 facit.
2284 1981 2337 2024 et

773 2077 890 2128 loco
917 2071 1152 2133 dicendi,
1184 2067 1444 2135 Spiritum
1477 2082 1505 2116 a
1540 2066 1698 2116 l’atre
1732 2063 2043 2132 procedere,
2083 2065 2134 2115 in
2162 2064 2334 2130 ipsum

773 2166 1173 2237 processionem
1230 2159 1466 2227 Spiritus
1510 2156 1814 2210 transfert:
1865 2172 1971 2225 quo
2018 2157 2175 2208 modo
2227 2171 2335 2208 non

771 2261 1050 2315 evidenter
1081 2252 1369 2315 evincitur,
1413 2250 1822 2303 substantialem
1881 2258 2041 2316 atque
2073 2249 2335 2301 inaltera-

771 2352 934 2407 bilem
964 2350 1248 2402 veritatem
1272 2361 1299 2397 a
1330 2356 1379 2397 te
1405 2345 1586 2411 inique
1614 2344 1962 2396 dissonantia:
1995 2342 2339 2394 insimulari?

842 2447 932 2498 2i.
967 2441 1229 2507 Quoniam
1271 2453 1400 2489 vero
1438 2437 1520 2489 vel
1563 2452 1623 2488 ea
1659 2451 1775 2503 qua:
1818 2437 2002 2504 pueris
2043 2445 2168 2488 sunt
2212 2446 2337 2489 nota

774 2534 914 2587 scire
947 2543 996 2585 te
1032 2529 1201 2582 vetuit
1230 2540 1438 2579 summa
1493 2525 1614 2585 illa,
1656 2540 1756 2591 qua
1789 2526 1949 2576 etiam
1978 2525 2043 2577 ad
2082 2525 2332 2591 impossi-

773 2624 901 2678 bilia
937 2619 1223 2673 contendis
1275 2618 1572 2675 temeritas,
1611 2629 1758 2665 nunc
1798 2615 2023 2677 saltem,
2068 2617 2169 2667 etsi
2223 2630 2330 2667 non

778 2713 946 2782 prius,
975 2708 1273 2776 intelligere
1307 2704 1472 2757 debes
1503 2702 1639 2754 nihil
1670 2711 1774 2754 tam
1799 2703 1940 2754 clare
1977 2711 2079 2754 ture
2108 2705 2338 2756 vesania:

779 2802 1086 2863 adversari,
1115 2795 1568 2868 quemadmodum
1612 2795 1725 2847 lure
1758 2795 1966 2847 Domini
2017 2805 2177 2862 atque
2221 2797 2338 2848 Sal-

780 2898 978 2949 vatoris
1017 2909 1138 2945 vox.
1175 2891 1230 2943 Si
1259 2891 1402 2942 enim
1443 2888 1645 2940 diceret
1688 2903 1701 2938 :
1742 2886 1815 2938 De
1846 2903 1927 2938 me
1956 2889 2203 2955 decipiet,
2239 2904 2339 2941 nec

779 2969 1094 3055 sic'quidem
1137 2981 1278 3050 quod
1300 2981 1484 3033 studes
1505 2979 1865 3036 evinceretur;
1902 2981 2122 3032 haberet
2159 2991 2337 3032 tamen

780 3078 1014 3144 aliquem
1047 3082 1368 3142 pra‘textum
1402 3085 1574 3123 error.
1608 3071 1793 3137 Neque
1823 3072 1966 3122 enim
1999 3073 2241 3140 accipere
2275 3075 2340 3127 ab

2436 1974 2553 2026 δέον
2597 1977 2876 2045 πράττειν,
2911 1977 2968 2027 οὐ
3016 1978 3188 2026 ποιεῖ·
3223 1976 3342 2027 ἀντὶ
3387 1973 3440 2025 δὲ
3478 1972 3570 2024 τοῦ
3607 1970 4006 2039 ἐκπορεύεσθαι

2435 2067 2496 2118 τὸ
2519 2068 2742 2136 Πνεῦμα
2758 2068 2849 2120 τοῦ
2869 2069 3078 2137 Πατρὸς
3107 2071 3185 2128 εἰς
3216 2069 3406 2119 ἑαυτὸν
3434 2066 3530 2135 τὴν
3553 2065 3880 2134 ἐκπύρωσιν
3910 2061 4006 2112 τοῦ

2437 2159 2751 2228 Πνεύματος
2804 2161 3066 2229 μετάγει·
3105 2160 3221 2220 πῶς
3270 2159 3390 2227 οὐχὶ
3436 2158 3535 2226 τὴν
3585 2155 3680 2224 σὴν
3735 2154 4009 2223 ἔκθεσμον

2435 2251 2729 2318 διαφωνίαν
2768 2252 2864 2318 τῆς
2896 2251 3260 2303 ἐνυποστάτου
3308 2253 3402 2302 καὶ
3441 2246 3800 2300 ἁναλλοιὼτου
3837 2264 4008 2296 κατα-

2439 2341 2832 2411 σκεδάζων(45)
2853 2343 3107 2413 ἀληθείας
3132 2345 3227 2412 οὐχ
3248 2344 3418 2404 ἑάλως
3442 2342 3596 2410 δίκην
3616 2340 3849 2408 ὀφείλων
3871 2339 4006 2408 (4ὓ);

2507 2442 2612 2487 κα’.
2670 2436 2819 2487 Ἐπεὶ
2858 2436 2911 2487 δέ
2940 2453 2996 2486 σε
3027 2436 3145 2486 οὐδὲ
3170 2435 3237 2486 τὰ
3267 2435 3374 2485 τῶν
3400 2433 3600 2484 παίδων
3626 2431 3824 2482 εἰδέναι
3848 2432 3880 2498 ἡ
3912 2429 4008 2480 τοῦ

2437 2532 2545 2589 τοῖς
2569 2528 2848 2591 ἀδυνάτοις
2872 2531 3166 2597 ἐπιχειρεῖν
3194 2527 3534 2593 ἀπεστέρησε
3564 2524 3672 2592 (47)
3703 2522 4008 2590 θρασύτης.

2440 2621 2571 2672 ἀλλά
2604 2638 2664 2686 γε
2701 2620 2814 2682 νῦν,
2857 2622 2903 2671 εξ
2950 2620 3041 2671 καὶ
3074 2620 3147 2688 μὴ
3187 2620 3466 2688 πρότερον,
3507 2617 3742 2668 συνιέναι
3778 2632 3834 2665 σε
3869 2617 4006 2684 χρὴ,

2439 2714 2512 2776 ὼς
2540 2714 2688 2764 οὐδὲν
2728 2712 2868 2765 οὕτω
2904 2713 3011 2781 (48)
3048 2711 3160 2783 [24]
3191 2713 3455 2780 λαμπρῶς
3491 2712 3701 2762 ἵσταται
3735 2710 3878 2761 κατὰ
3907 2710 4006 2774 τῆς

2443 2805 2540 2873 σῆς
2574 2806 2850 2868 ἀπονοίας,
2897 2805 2970 2866 ὼς
3017 2808 3050 2874 ἡ
3095 2804 3399 2872 Δεσποτικὴ
3428 2806 3518 2855 καὶ
3549 2803 3818 2872 Σωτήριος
3866 2801 4008 2867 αὕτη

2442 2898 2591 2965 φωνή
2631 2896 2760 2966 (49).
2791 2897 2852 2947 Et
2895 2898 2988 2964 μὲν
3017 2896 3120 2964 γάρ
3169 2895 3385 2962 ἔλεγεν·
3433 2895 3532 2955 Ἐξ
3567 2895 3709 2961 ἐμοῦ
3746 2894 3858 2960 (50)
3891 2893 4007 2954 λή-

2441 2992 2646 3054 ψεται,
2687 2989 2795 3038 οὐδ’
2828 2986 2998 3048 οὕτως
3039 2986 3096 3037 τό
3130 3003 3207 3036 σοι
3260 2985 3690 3052 σπουδαζόμενον
3734 2984 4008 3051 ἐλάμϐανε

2443 3081 2613 3147 πέρας
2638 3095 2650 3107 .
2695 3078 2829 3146 πλὴν
2860 3077 2973 3129 ἀλλ’
3002 3071 3112 3144 εἶχε
3139 3093 3257 3126 τινα
3290 3075 3559 3143 πρότασιν
3588 3077 3619 3142 η
3665 3074 3834 3141 πλάνη
3870 3072 4008 3141 (51).

782 3167 962 3234 aliquo
1007 3164 1077 3216 ob
1124 3163 1285 3214 alium
1334 3161 1638 3228 quempiam
1697 3176 1852 3213 usum
1897 3170 1953 3214 et
2004 3165 2336 3218 substantiali
2368 3175 2454 3255 Ci

2368 3199 2410 3255 ο
2444 3171 2574 3221 Οἳιδὲ
2604 3173 2711 3239 γαρ
2757 3170 2873 3220 οὐδὲ
2903 3169 3013 3236 (52)
3064 3168 3122 3218 τὸ
3155 3167 3452 3235 λαμϐάνειν
3484 3167 3591 3217 ἀπὸ
3630 3182 3773 3224 τινος
3820 3167 4010 3233 χρείας

779 3255 1121 3326 processione
1155 3253 1443 3322 procedere
1479 3254 1530 3304 in
1573 3253 1822 3305 eumdem
1877 3269 2094 3306 sensum
2143 3272 2340 3309 conve-

781 3350 971 3409 niunt;
1002 3348 1227 3399 multum
1257 3346 1428 3402 abest,
1449 3355 1504 3396 ut
1535 3347 1634 3397 hoc
1665 3347 1731 3398 ita
1764 3362 1819 3398 se
1856 3348 2065 3399 habeat.
2086 3348 2343 3412 Quoniam

782 3455 911 3492 vero
941 3449 1103 3490 tanta:
1136 3437 1428 3504 impietatis
1475 3437 1899 3504 magnitudinem
1935 3441 2182 3492 Salvator
2211 3458 2347 3508 pra:-

780 3531 972 3584 videns
999 3572 1013 3594 ,
1058 3544 1165 3581 non
1215 3529 1373 3580 talem
1427 3528 1607 3580 emisit
1652 3544 1874 3587 vocem.
1909 3545 1975 3582 ne
2017 3533 2214 3583 multos
2248 3549 2346 3600 ope

782 3634 871 3675 tua
898 3621 1157 3674 daemonis
1187 3618 1426 3687 nequitia
1463 3619 1864 3684 depasceretur,
1905 3624 2174 3687 quomodo
2231 3624 2347 3676 loco

779 3714 1143 3770 accusationis
1183 3727 1345 3780 quam
1396 3709 1625 3763 Domino
1688 3712 1944 3776 intendis,
1979 3714 2041 3766 ad
2073 3716 2189 3782 ejus
2232 3718 2339 3769 cle-

849 3927 893 3960 ⁵⁸
919 3927 1073 3980 Joan.
1107 3942 1192 3989 xv,
1228 3927 1314 3980 26.

2445 3264 2608 3331 ἄλλης
2632 3264 2810 3331 χάριν,
2841 3263 2932 3312 καὶ
2953 3261 3011 3313 τὸ
3035 3261 3168 3329 πρὸς
3197 3261 3450 3311 οὺσίωτιν
3473 3259 3581 3326 (55)
3617 3260 4012 3328 ἐκπορεύεσθαι

2445 3358 2522 3416 εἰς
2550 3356 2710 3407 ταυτὸ
2743 3355 2853 3422 (54)
2901 3353 3189 3418 συνάγεται
3221 3355 3285 3420 τῇ
3320 3351 3525 3420 διανοίᾳ.
3549 3369 3561 3381 ·
3593 3351 3788 3402 πολλοῦ
3823 3368 3883 3415 γε
3920 3352 4016 3402 καὶ

2445 3449 2542 3499 δεῖ.
2586 3448 2736 3498 Ἐπεὶ
2783 3446 2836 3496 δὲ
2889 3445 2984 3512 τῆς
3023 3443 3289 3510 τοσαύτης
3337 3442 3586 3501 ἀσεϐείας
3619 3442 3676 3492 τὸ
3725 3441 3955 3508 μέγεθος
3990 3445 4015 3490 ὁ

2448 3539 2634 3609 Σωτὴρ
2663 3537 2906 3606 προορῶν
2938 3536 3056 3586 οὐδὲ
3080 3535 3332 3602 τοιαύτην
3348 3534 3526 3601 ἀφῆκε
3562 3533 3739 3603 φωνὴν
3763 3534 3900 3601 (55),
3928 3534 4015 3584 ἵνα

2451 3632 2524 3700 μὴ
2553 3630 2775 3690 πολλοὺς
2811 3629 2893 3680 δια
2928 3627 3018 3679 σοῦ
3120 3626 3211 3676 τοῦ
3248 3625 3490 3694 Πονηροῦ
3521 3629 3820 3694 κακουργία
3847 3644 4011 3677 καταο

2448 3722 2655 3792 νεμηθῇ
2685 3721 2815 3789 (56),
2852 3719 2964 3780 πῶς
2987 3759 3000 3781 ,
3045 3719 3162 3769 ἀντὶ
3203 3719 3296 3769 τοῦ
3327 3721 3648 3787 κατηγορείν
3687 3718 3774 3768 τὸν
3806 3720 4013 3771 Δεσπό-

1880 4103 2108 4156 VARIA'I
2153 4103 2530 4159 LEC'I‘lONE‘S
2569 4105 2654 4159 ET
2694 4105 2920 4160 NOT/E.

849 4287 962 4354 (54)
993 4284 1134 4354 Μοη.
1162 4305 1175 4339 :
1208 4287 1479 4354 εὑρήσεις.

853 4353 965 4422 (55)
1004 4353 1124 4408 Col.
1165 4353 1410 4408 ἀένναον.

850 4421 964 4496 (56)
1000 4424 1121 4477 ΙΙκο
1150 4441 1365 4496 rursum
1390 4421 1607 4496 adducit
1631 4421 1786 4496 llu_go_
1818 4421 2140 4496 Elin-[ianus
2172 4425 2244 4489 (Ι.
2278 4440 2337 4482 ιι.

781 4492 966 4548 c.18.
1032 4510 1083 4561 p.
1130 4496 1285 4547 1255.
1330 4494 1390 4546 Ε.
1446 4492 1578 4560 Ι·’.);
1629 4511 1646 4542 ι
1708 4492 1902 4545 Etiam.
1942 4492 2043 4545 Sed
2100 4496 2343 4545 Salvator
2377 4504 2418 4556 Ι)

782 4564 920 4617 dixit
939 4564 1232 4630 discipulos
1258 4565 1551 4623 instruens,
1575 4562 1828 4630 quoniam
1863 4561 2095 4628 Spiritus
2126 4566 2191 4616 de
2213 4579 2333 4615 meo

783 4634 1013 4701 accipiet
1037 4629 1092 4684 et
1118 4633 1461 4701 annuntiabit
1482 4633 1655 4684 vobis.
1682 4629 1745 4681 Et
1770 4633 1912 4698 quod
1938 4633 2119 4699 utique
2145 4637 2329 4696 lateas,

783 4704 874 4768 qui
894 4699 958 4755 ad
996 4702 1293 4756 Salvatoris
1334 4699 1642 4767 confugeris
1671 4715 1878 4765 vocem,
1912 4718 2016 4754 non
2063 4714 2120 4754 ut
2170 4705 2334 4755 advo-

783 4774 1037 4825 catricem
1066 4788 1270 4835 sumas,
1308 4772 1401 4822 sed
1445 4772 1533 4822 ubi
1576 4771 1674 4837 (ut)
1713 4772 1886 4837 ipsum
1918 4787 2011 4839 per
2046 4772 2329 4825 dissonan-

786 4843 916 4894 tiam
955 4843 1250 4910 obiurges;
1297 4842 1375 4893 sic
1414 4842 1555 4892 enim
1602 4849 1691 4892 tua
1730 4843 1908 4907 lingua
1945 4851 2027 4893 est
2069 4844 2238 4894 audax
2284 4851 2337 4893 et

785 4911 1078 4980 impudica,
1115 4921 1172 4964 ut
1214 4913 1266 4964 in
1307 4911 1371 4964 iis
1423 4925 1542 4977 qua:
1581 4911 2144 4975 incomprehensibilia
2185 4921 2332 4975 sunt.

782 4986 1099 5035 occasiones
1126 4985 1395 5046 contingat
1418 4991 1471 5031 et
1502 4980 1884 5046 subintelligat.
1929 5000 1945 5030 ι

853 5050 1063 5117 (57-58)
1108 5051 1251 5103 Mon.
1288 5049 1523 5117 οὐδαμοῦ
1552 5067 1653 5100 που
1681 5049 1864 5111 τιθείς.

853 5122 963 5186 (59)
992 5121 1107 5174 Col.
1136 5122 1300 5188 φησὶν
1333 5122 1412 5172 ὅτι
1445 5123 1506 5170 ἐκ
1530 5137 1580 5173 τ.
1614 5122 1659 5172 ὲ.

851 5192 964 5254 (40)
1000 5192 1148 5242 Mon.
1211 5191 1489 5258 πρότερον.

855 5261 968 5328 (41)
1013 5260 1157 5312 Mon.
1198 5260 1540 5328 μετελθόντα.

854 5329 967 5399 (η)
1002 5329 1083 5381 Τὰ
1099 5331 1250 5383 deest
1277 5329 1330 5381 in
1363 5329 1506 5381 Mon.

851 5401 967 5469 (45)
996 5399 1164 5452 Palat.
1207 5400 1248 5452 f.
1276 5400 1380 5451 217
1423 5399 1475 5451 b.
1508 5399 1794 5453 τοσούτων.

851 5471 967 5536 (44)
994 5470 1050 5521 Ὀ
1078 5470 1132 5520 δὲ
1155 5471 1304 5523 deest
1328 5470 1378 5521 in
1412 5469 1552 5521 Mon.

855 5541 967 5609 (45)
1035 5539 1200 5591 Palat.
1237 5540 1704 5609 νκατασκεδάζειν.
1759 5539 1873 5593 Col.
1934 5538 2324 5606 διασκεδάζειν.

855 5604 967 5678 (46)
994 5609 1146 5677 Hugo
1166 5608 1597 5676 Ειιιετ.(1.ρ.)ιι
1630 5610 1909 5675 Quomodo
1939 5625 2080 5662 tuam
2101 5604 2336 5679 exlegem

788 5680 940 5749 (edit.
976 5697 987 5730 ε
1018 5695 1080 5732 ex
1115 5680 1248 5744 lege)
1275 5681 1664 5732 dissonantiam
1690 5697 1810 5749 quae
1838 5680 2336 5735 incommutabilem

786 5762 838 5800 et
880 5749 1269 5802 inalterabilem
1318 5750 1542 5818 dissipat
1563 5752 1863 5815 veritatem,
1900 5766 2006 5803 non
2053 5754 2336 5808 coercuisti

789 5835 912 5873 cum
937 5835 1152 5889 pinnam
1179 5819 1408 5873 debeas?
1442 5839 1459 5868 ι

2523 4286 2631 4356 (47)
2661 4285 2747 4339 Sic
2770 4286 2891 4340 Vat.
2937 4285 3102 4338 Palat.
3145 4283 3402 4356 et_llugo
3439 4284 3646 4349 Ether.,
3682 4284 3775 4353 qui
3800 4287 4006 4340 vertit:

2449 4353 2698 4425 privavit.
2727 4356 2938 4409 Monac.
2968 4375 2980 4408 :
3020 4353 3400 4424 παρεχώρησε.

2519 4429 2626 4490 (48)
2660 4427 2797 4479 Mon.
2862 4425 3050 4484 οὕτως.

2516 4496 2624 4564 (49)
2675 4497 2842 4547 Palat.
2875 4496 2910 4547 f.
2937 4494 3040 4546 cll?)
3075 4509 3122 4548 a.
3166 4494 3239 4560 εὴ
3287 4494 3443 4546 δεσπ.
3492 4510 3545 4545 κ.
3580 4509 3707 4545 σωτ.
3745 4496 3882 4560 αὐτὴ
3941 4517 3996 4564 φ.

2446 4564 2654 4619 Monac.
2689 4584 2700 4617 :
2734 4569 2765 4634 ἡ
2801 4566 2950 4615 δεσπ.
2989 4565 3126 4632 αὓτη
3150 4582 3201 4614 κ.
3233 4565 3494 4630 σωτήριος
3526 4579 3581 4628 φ.

2512 4636 2622 4702 (50)
2653 4632 2770 4688 Col.
2805 4651 2854 4702 p.
2888 4634 3011 4696 “278,
3047 4635 3231 4700 ἔλεγεν
3267 4635 3359 4684 καὶ
3387 4634 3444 4696 εξ
3472 4632 3624 4699 ἐμοῦ.

2513 4705 2622 4772 (51)
2653 4705 2802 4772 Hugo
2861 4704 3043 4757 lither.
3075 4704 3136 4770 (Ι.
3166 4706 3238 4773 c.)
3290 4719 3304 4754 :
3344 4723 3361 4753 ‹
3413 4704 3535 4755 Ideo
3599 4712 3778 4773 autem
3842 4714 3916 4769 te,
3949 4719 4006 4761 ut

2442 4790 2561 4845 qua:
2609 4791 2897 4843 puerorum
2953 4785 3098 4834 sunt,
3141 4772 3245 4845 non
3294 4787 3608 4843 cognoscas,
3651 4772 4005 4840 impossibilia

2443 4843 2691 4898 conando
2722 4845 2950 4912 privavit
2975 4843 3268 4895 temeritas.
3301 4848 3367 4896 At
3398 4858 3524 4895 vero
3558 4856 3673 4908 age,
3700 4859 3869 4906 nunc,
3903 4849 4004 4899 etsi

2444 4931 2550 4968 non
2601 4916 2770 4981 prius,
2827 4915 3121 4981 intelligere
3177 4923 3226 4966 te
3256 4921 3491 4980 Oportet,
3545 4914 3684 4978 quod
3739 4915 4006 4977 niliilisie

2443 4986 2728 5037 manifeste
2755 4995 2855 5036 stat
2889 4994 3073 5035 contra
3103 4993 3243 5034 tuam
3273 4981 4006 5049 insolentiam,quemadmo—

2444 5055 2569 5107 dum
2595 5055 2866 5106 Dominica
2887 5064 2939 5105 et
2959 5053 3204 5105 salutaris
3234 5053 3332 5105 ista
3368 5069 3488 5105 vox.
3521 5053 3650 5103 Nam
3674 5053 3715 5103 si
3748 5055 4002 5109 dixisset:

2446 5123 2522 5175 De
2548 5142 2626 5175 me
2661 5124 2905 5192 accipiet,
2935 5137 3107 5190 neque
3137 5122 3212 5174 sic
3250 5122 3560 5174 adinventio
3592 5134 3676 5173 tua
3715 5126 4004 5185 reperisset

2446 5195 2770 5256 terminum;
2817 5210 3001 5246 verum
3049 5192 3270 5245 haberet
3319 5193 3549 5260 aliquam
3603 5203 4006 5259 competentem

2442 5266 2781 5316 occasionem
2810 5279 2980 5315 error.
3022 5283 3038 5312 ι

2518 5333 2627 5397 (52)
2656 5333 2765 5385 lloc
2793 5333 3019 5386 alterum
3049 5334 3168 5387 οὐδὲ
3203 5331 3354 5388 abest
3379 5346 3407 5384 a
3438 5330 3580 5386 Mon.

2514 5403 2624 5470 (55)
2662 5403 2778 5456 Col.
2816 5407 2907 5453 καὶ
2943 5405 3072 5473 πρὸς
3100 5406 3213 5457 οὺς.

2519 5473 2628 5540 (54)
2657 5473 2799 5525 Μοιι.
2833 5475 2981 5526 αὑτό.
3014 5473 3101 5526 διο
3131 5474 3243 5527 Col.

2521 5543 2632 5610 (55)
2660 5544 2801 5594 Mon.
2832 5543 2949 5594 οὐδὲ
2984 5546 3082 5609 τὴν
3104 5545 3357 5612 τοιαύτην
3389 5541 3569 5611 φωνὴν
3599 5543 3829 5611 ἀφῆκεν.

2518 5615 2627 5682 (56)
2657 5614 2809 5679 llugo
2838 5613 3021 5665 Ether.
3051 5615 3084 5665 Ι.
3117 5630 3165 5666 c.
3213 5632 3224 5665 :
3261 5634 3278 5662 ι
3328 5615 3612 5682 Propterea
3645 5624 3846 5667 tantam
3908 5618 4011 5670 im—

2449 5683 3118 5764 pietatis“magnitmlinem
3149 5683 3704 5764 Salvatorprovidens
3734 5700 3841 5764 non
3893 5687 4013 5738 liii-

2445 5753 2681 5820 jusmodi
2708 5754 2887 5806 emisit
2911 5769 3202 5816 vocem,ne
3233 5755 3369 5810 forte
3387 5755 3581 5808 diaboli
3609 5755 3847 5809 versutia
3872 5761 4012 5809 mut-

2451 5835 2532 5877 tos
2565 5838 2657 5885 per
2685 5832 2736 5878 te
2758 5823 3062 5879 devoraret.
3098 5843 3115 5876 ι
