4234 6432
799 374 898 439 ΒῸἿ

801 589 956 632 cente
987 581 1162 633 adhuc
1190 595 1410 649 egemus
1431 589 1485 632 et
1513 582 1775 649 sapientia
1807 593 1862 637 et
1892 583 2091 638 virtute
2124 595 2178 638 et
2213 588 2359 639 veri-

802 682 929 735 tate,
974 674 1062 726 ille
1117 688 1244 726 vero
1284 674 1580 726 adveniens
1606 676 1786 728 omnia
1846 677 2004 729 nobis
2033 678 2357 745 perfruenda

801 763 1071 816 uberrime
1106 762 1384 828 praebebit.
1448 761 1500 813 Si
1541 777 1668 829 ergo
1726 771 1802 825 tn,
1856 765 2224 816 substantialis
2271 779 2357 814 sa-

801 855 1002 922 pientia
1042 861 1095 905 et.
1126 854 1338 916 veritas,
1374 854 1488 906 ha‘c
1517 853 1698 914 doces,
1729 869 1836 905 non
1874 855 2059 920 utique
2086 854 2359 921 ambigere

803 959 901 994 nos
929 944 1100 1003 decet,
1135 943 1392 1009 majorem
1431 957 1643 1010 quoque
1685 943 1946 995 honorem
1981 957 2042 995 ac
2077 944 2297 1012 gloriam
2329 960 2359 996 a

803 1034 959 1085 nobis
983 1032 1206 1100 Spiritui
1233 1049 1352 1086 esse
1384 1034 1747 1085 tribuendam.

875 1320 962 1369 96.
1002 1316 1264 1380 Quoniam
1299 1316 1459 1384 igitur
1491 1317 1737 1369 sublimia
1789 1318 1903 1372 haec
1939 1319 2004 1371 de
2054 1317 2256 1385 Spiritu
2287 1321 2366 1373 di-

807 1410 1031 1478 scipulis
1060 1409 1568 1477 exponitSalvator,
1611 1410 1920 1463 maestitiam
1972 1411 2038 1462 ab
2070 1411 2172 1464 illis
2218 1427 2366 1465 amo-

810 1520 959 1567 vcns,
982 1503 1247 1570 simulque
1277 1518 1463 1554 veram
1485 1505 1547 1555 de
1567 1504 1765 1570 Spiritu
1787 1504 2086 1556 doctrinam
2117 1505 2363 1568 tradens;

812 1597 1107 1645 humanum
1163 1603 1342 1645 autem
1391 1604 1506 1646 erat
1563 1595 1979 1661 cogitationibus
2034 1608 2144 1646 non
2208 1595 2366 1662 plane

811 1687 958 1753 puris
1015 1685 1404 1754 discipulorum
1471 1687 1655 1754 agitari
1713 1696 1923 1740 mentes
1979 1688 2156 1757 (facile
2221 1687 2366 1740 enim

818 1776 1003 1828 anima
1053 1792 1290 1829 mmrore
1344 1788 1590 1843 correpta
1657 1777 1763 1830 vim
1805 1778 2084 1843 judicandi
2134 1778 2366 1845 caligine

813 1867 1138 1934 perturbans
1182 1868 1325 1934 quod
1372 1869 1602 1921 salutare
1661 1879 1744 1922 est
1803 1871 1854 1921 in
1912 1872 2132 1924 noxium
2191 1879 2371 1940 potest

812 1957 1180 2025 detorquere);
1211 1969 1517 2026 propterea,
1549 1975 1616 2012 ne
1649 1959 1909 2028 Spiritum
1946 1960 2079 2014 Filio
2114 1963 2373 2030 majorem

815 2049 1208 2102 arbitrarentur
1265 2058 1451 2118 utpote
1517 2054 1716 2118 majora
1787 2053 2164 2121 przebentem,
2239 2069 2374 2107 neve

819 2140 925 2191 illis
959 2140 1066 2193 ulla
1112 2141 1366 2210 cogitatio
1407 2143 1714 2194 nborirctur
1757 2145 2373 2198 consubstantialitatem

817 2229 1020 2283 hederis
1049 2232 1519 2300 aequalitatemque
1545 2233 1783 2301 ipsorum
1843 2236 1898 2287 in
1953 2236 2375 2304 inazqualitatem

817 2321 1144 2384 distrahens,
1171 2331 1230 2374 ut
1268 2323 1508 2390 optimus
1540 2333 1592 2375 et
1621 2339 1912 2392 corporum
1967 2335 2021 2378 et
2075 2325 2375 2378 animarum

819 2414 1084 2477 medicus,
1113 2415 1345 2468 salutare
1371 2425 1633 2483 praeparat
1663 2417 2140 2470 medicamentum.

889 2705 978 2758 2⁵1.
1001 2704 1157 2769 Quod
1186 2704 1228 2756 si
1261 2704 1532 2772 apostolos
1586 2704 1852 2771 ejusmodi
1880 2705 2238 2775 cogitationes
2278 2723 2380 2762 nec

825 2798 1082 2850 tenebant
1111 2811 1211 2849 nec
1231 2797 1501 2866 agitabant
1524 2811 1623 2850 nec
1653 2798 1939 2850 turbabant
1974 2797 2218 2866 (fortasse
2237 2804 2382 2854 enim

826 2888 1066 2941 sanctius
1091 2898 1173 2941 est
1203 2887 1381 2950 fateri,
1419 2902 1632 2940 sacrum
1667 2889 1817 2941 illum
1844 2899 2041 2944 emtum
2076 2907 2183 2944 non
2213 2892 2384 2946 fuisse

829 2977 1137 3045 hujusmodi
1187 2978 1490 3030 confusioni
1542 2994 1604 3032 ac
1631 2981 2036 3034 conturbationi
2068 2982 2381 3048 obnoxium)

827 3077 1066 3122 attamen
1105 3070 1325 3122 malitia:
1373 3071 1625 3124 inventor
1675 3082 1727 3124 et
1776 3073 1966 3126 artifex
2014 3074 2215 3127 bonum
2261 3075 2384 3128 mali

1914 378 2176 441 PHOTII
2213 378 2716 441 PATRIARCHE
2755 381 2863 440 CP.

802 505 901 543 nos
923 487 1153 542 deducet
1174 488 1471 542 veritatem.
1521 489 1596 541 Ac
1630 497 1678 542 te
1710 489 1927 555 quidem
1960 498 2215 563 mysteria
2261 494 2360 547 do-
2389 496 2435 554 A

2463 496 2733 562 εκάλυψας
2766 495 2876 557 (19)
2900 510 2910 522 ⁸
2939 493 3142 554 ἐκεῖνος
3171 492 3224 544 δὲ
3254 492 3506 561 ὁδηγήσει
3529 494 3672 562 ἡμᾶς
3692 492 3801 560 (20)
3832 493 3911 556 είς
3931 496 4030 548 πᾶ-

2472 606 2569 639 σαν
2602 589 2701 656 τὴν
2733 587 2989 655 ἀλήθειαν
3013 602 3025 617 ·
3060 587 3151 636 καὶ
3184 583 3278 636 σοῦ
3312 585 3408 652 μὲν
3438 585 3923 653 μυσταγωγοῦντος
3955 585 4031 638 ἔτι

2462 679 2693 744 δεόμεθα
2744 681 2837 729 καὶ
2888 678 3075 744 σοφίας
3135 678 3226 729 καὶ
3269 676 3548 745 δυνάμεως
3592 678 3682 728 καὶ
3739 677 4028 743 ἀληθείας·

2468 772 2671 830 ἐκεῖνος
2719 769 2775 819 δὲ
2826 768 3210 837 παραγεγονὼς
3243 769 3459 820 πάντων
3497 769 3626 836 ἡμῖν
3664 769 3762 836 τὴν
3800 769 4032 820 ἀπόλαυ·

2464 877 2544 910 σιν
2579 860 2805 925 ἄφθονον
2855 862 3146 929 παράσχοι.
3185 861 3244 910 ΕΙ
3273 860 3459 911 τοίνυν
3501 861 3563 912 σὺ
3603 859 3810 922 ταῦτα,
3859 862 3891 927 ή
3947 861 4033 910 ἐν-

2469 953 2768 1015 υπόστατος
2827 954 2981 1019 σοφία
3014 955 3106 1004 καὶ
3138 951 3386 1020 ἀλήθεια,
3419 951 3706 1013 διδάσκεις,
3739 953 3836 1003 οὐκ
3865 951 4034 1002 ἐπιδι-

2470 1045 2684 1107 στάζειν
2714 1047 2858 1114 ἡμᾶς
2892 1045 3136 1113 προσῆκε
3168 1046 3258 1095 καὶ
3288 1044 3386 1110 τῆς
3415 1043 3552 1110 πρὸς
3577 1043 3637 1094 τδ
3672 1041 3852 1111 μεῖζον
3884 1041 4036 1104 ὲξαλ-

2465 1135 2761 1203 λαττούσης
2789 1136 2953 1203 τιμῆς
2982 1151 3040 1186 τε
3072 1137 3166 1187 καὶ
3195 1134 3351 1202 δόξης
3381 1133 3442 1184 τδ
3473 1133 3691 1200 Πνεῦμα
3725 1134 3856 1200 παρ’
3885 1130 4036 1201 ἡμῶν

2466 1226 2743 1290 ἀξιοῦσθαι
2786 1225 2917 1293 (21).

2534 1318 2646 1383 κς’.
2715 1319 2928 1387 Ἐπειδὴ
2977 1318 3068 1370 οὖν
3102 1317 3168 1370 τὰ
3205 1317 3385 1387 ὑψηλὰ
3416 1320 3543 1386 περὶ
3586 1317 3678 1370 τοῦ
3726 1317 4038 1384 Πνεῦματος

2467 1412 2764 1478 εἰσηγεῖται
2800 1411 2910 1478 (22)
2971 1413 3068 1479 μὲν
3106 1413 3217 1472 τοῖς
3276 1410 3539 1478 μαθηταῖς
3573 1412 3600 1462 ὁ
3645 1409 3831 1478 Σωτὴρ
3854 1451 3866 1471 ,
3901 1412 4038 1462 ἁπο-

2475 1502 2870 1569 σκευαζόμενός
2899 1518 2955 1552 τε
2999 1501 3176 1554 αὐτῶν
3208 1500 3269 1552 τὸ
3316 1501 3560 1570 ἀθυμοῦν
3580 1543 3592 1564 ,
3628 1501 3740 1569 ἅμα
3779 1503 3833 1553 δὲ
3865 1501 3960 1553 καὶ
3985 1500 4043 1552 τδ

2473 1593 2694 1661 Πνεῦμα
2736 1595 2794 1643 ὲν
2830 1591 3056 1660 ἀληθεία
3109 1591 3398 1658 θεολογῶν,
3439 1593 3719 1660 λογισμοῖς
3753 1593 3796 1645 δ’
3828 1592 4040 1661 ἀνθρώ-

2471 1702 2621 1736 πινον
2643 1679 2710 1751 ἦν
2739 1683 2854 1750 (25)
2883 1683 2981 1734 οὐκ
3012 1682 3263 1748 εὐαγέσιν
3296 1684 3763 1750 ἀνακνμαίνεσθαι
3790 1683 3879 1734 τὸν
3921 1681 4041 1733 νοῦν

2469 1773 2574 1824 τῶν
2602 1771 2875 1840 μαθητῶν·
2912 1771 3081 1823 δεινὸν
3110 1771 3217 1839 γὰρ
3243 1773 3273 1840 ἡ
3314 1772 3458 1840 ψυχὴ
3489 1771 3630 1838 λύπῃ
3657 1771 3867 1838 (28-25)
3891 1773 4046 1823 κατο-

2477 1882 2569 1932 χος
2623 1865 2883 1933 γενομένη
2925 1864 3016 1916 καὶ
3054 1863 3114 1915 τὸ
3151 1866 3429 1932 κριτήριον
3472 1863 3628 1932 ἁχλύῐ
3672 1862 4044 1915 συναναθολώ-

2477 1971 2615 2008 σασα
2658 1957 2766 2023 (26)
2799 1957 2896 2022 τῆς
2930 1955 3229 2024 μεταϐολῆς
3267 1957 3326 2006 τὸ
3354 1956 3617 2024 σωτήριον
3641 1954 4046 2023 ἀντιμεθέλκειν

2477 2046 2554 2106 είς
2608 2046 2668 2097 τὸ
2730 2045 3020 2114 βλαϐερόν·
3052 2045 3140 2097 διὰ
3181 2044 3336 2097 τοῦτο
3384 2046 3459 2106 ὡς
3508 2045 3572 2096 ἂν
3615 2046 3688 2113 μὴ
3723 2045 3779 2096 τὸ
3827 2047 4047 2112 Πνεῦμα

2481 2138 2663 2205 μεῖζον
2719 2137 3127 2204 παραδέξωνται
3175 2135 3268 2188 τοῦ
3304 2135 3432 2188 Υίοῦ
3458 2177 3471 2197 ,
3531 2136 3625 2188 an:
3665 2136 3728 2205 δὴ
3774 2136 3842 2187 τὰ
3879 2137 4046 2202 μείζω

2480 2230 2888 2299 παρεχόμενον,
2947 2229 3042 2281 καὶ
3103 2227 3360 2297 λογισμὸς
3427 2229 3609 2289 αὐτοῖς
3673 2229 3888 2280 ἐπέλθοι
3954 2228 4049 2297 τὴν

2478 2327 2744 2394 ὁμοερυῖαν
2776 2324 3013 2392 ὑϐρίζων
3044 2326 3136 2376 καὶ
3175 2324 3235 2375 τὸ
3269 2324 3506 2391 ἰσότιμον
3545 2323 3721 2375 αὐτῶν
3754 2324 3832 2384 εἰς
3874 2323 4049 2374 ἀνισό-

2478 2435 2616 2487 τητα
2661 2419 2902 2471 διασπῶν
2926 2461 2939 2478 ,
2973 2419 3051 2480 ὡς
3091 2420 3309 2487 ἄριστος
3351 2419 3444 2469 καὶ
3486 2417 3597 2486 (27)
3638 2417 3743 2468 τῶν
3782 2417 4050 2485 σωμάτων

2481 2514 2572 2564 καὶ
2594 2511 2702 2563 τῶν
2730 2510 2915 2579 ψυχῶν
2944 2511 3124 2580 ἰατρὸς
3160 2511 3218 2562 τὸ
3249 2513 3512 2580 σωτήριον
3540 2509 4047 2579 προκαταϐαλλεται

2481 2607 2790 2674 φάρμακον.

2557 2696 2667 2767 [51]
2698 2695 2796 2760 κζ’.
2826 2697 2885 2747 Ei
2913 2695 2968 2747 δέ
2997 2712 3057 2762 γε
3087 2695 3213 2759 τοὺς
3244 2693 3490 2764 μαθητὰς
3523 2694 3596 2763 μὴ
3622 2696 3887 2763 συνεῖχον,
3929 2693 4050 2762 μηδ’

2483 2790 2771 2841 ἀνεσόϐουν
2806 2789 2940 2856 (28),
3009 2787 3142 2857 μηδὲ
3204 2788 3599 2855 συνετάραττον
3655 2787 3763 2854 (29)
3821 2787 4051 2839 τοιοῦτοι

2483 2882 2732 2950 λογισμοὶ
2770 2881 3037 2949 (κρείττω
3067 2879 3173 2948 γαρ
3204 2879 3299 2947 τῆς
3326 2877 3578 2945 τοιαύτης
3615 2878 3929 2945 συγχύσεως
3961 2878 4056 2929 καὶ

2484 2973 2728 3043 ταραχῆς
2799 2975 2887 3024 τὸν
2969 2972 3110 3039 ἱερὸν
3172 2973 3376 3022 ἐκεῖνον
3449 2970 3606 3038 χορὸν
3667 2969 4053 3036 εὐλαϐέστερον

2491 3065 2622 3125 ἴσως
2649 3064 2758 3133 (50)
2789 3064 3109 3133 ὁμολογεῖν),
3142 3063 3254 3114 ἀλλ’
3282 3059 3372 3116 οῦν
3418 3064 3444 3113 ὀ
3483 3062 3577 3129 τῆς
3603 3060 3794 3121 κακίας
3824 3062 4053 3129 εὑρετὴς

830 3156 1011 3222 specie
1076 3157 1549 3211 circumvesliendi
1617 3161 1975 3227 peritissimus
2038 3164 2237 3216 multos
2284 3172 2502 3231 [ιο-(ζ³

2380 3174 2451 3229 .C
2489 3156 2580 3206 καί
2613 3157 2858 3222 τεχνίτης
2898 3155 2956 3206 τὸ
3007 3153 3212 3222 βέλτιον
3371 3150 3462 3202 τοῦ
3504 3148 3740 3216 χείρονος
3788 3150 4052 3219 φαντασίᾳ

830 3247 1022 3299 tuisset
1071 3261 1180 3299 suae
1230 3247 1430 3301 fraudis
1452 3250 1683 3317 prtedam
1732 3251 1943 3306 eﬂicere
1973 3253 2388 3322 opinionemque

833 3338 1139 3391 liaaretieam
1208 3339 1490 3394 animabus
1549 3342 1826 3394 hominum
1893 3345 2164 3409 inserere;
2227 3364 2386 3415 quam

837 3446 943 3482 una
982 3445 1104 3482 cum
1158 3430 1270 3497 ipsa
1330 3429 1517 3484 fraude
1564 3431 1871 3501 fraudisque
1903 3434 2108 3487 artifice
2155 3437 2389 3490 confun-

833 3522 968 3575 dens
1023 3537 1084 3574 ac
1140 3522 1410 3590 dissipans
1471 3522 1719 3576 Salvator
1771 3537 1927 3580 acute
1987 3528 2276 3580 admodum
2338 3538 2389 3582 et

833 3614 1016 3666 divine
1077 3615 1293 3681 adjecit,
1350 3617 1514 3683 quod,
1563 3615 1679 3667 Non
1723 3617 1960 3685 loquetur
2014 3636 2044 3670 a
2089 3621 2387 3687 semetipso,

836 3705 922 3755 sed
972 3720 1288 3773 quiscunque
1331 3707 1578 3770 audierit,
1636 3709 1872 3776 loquetur
1899 3711 1964 3761 ".
2028 3711 2161 3763 Nam
2208 3722 2260 3763 et
2323 3713 2388 3766 de

837 3811 1012 3864 seipso
1067 3808 1224 3851 antea
1267 3799 1505 3852 dixerat:
1544 3799 1725 3854 Omnia
1779 3819 2092 3872 quwcunque
2133 3801 2310 3858 audivi
2355 3823 2385 3859 a

835 3889 996 3942 Patre
1037 3907 1164 3952 meo,
1200 3901 1319 3943 nota
1360 3893 1454 3959 feci
1482 3893 1621 3943 vobis
1650 3892 1715 3945 ".
1753 3894 1826 3946 Ac
1874 3894 1916 3947 si
1951 3896 2190 3948 diceret:
2233 3896 2390 3950 Uter-

837 3997 944 4049 que
979 3990 1222 4035 nostrum
1256 4000 1320 4036 ex
1354 3983 1511 4038 Patre
1543 3984 1705 4037 habet
1735 3987 1928 4039 docere
1991 3996 2044 4040 et
2084 3986 2388 4042 illuminare

842 4085 1050 4128 mentes
1086 4085 1306 4130 vestras.
1337 4077 1458 4131 [deo
1488 4086 1543 4130 et
1573 4079 1697 4147 quia
1732 4079 1782 4130 in
1816 4095 2098 4148 progressu
2131 4076 2397 4132 sermonis

841 4168 978 4218 dixit
1001 4167 1065 4220 de
1086 4166 1242 4222 Patre
1264 4183 1391 4221 suo:
1412 4167 1521 4238 Ego
1556 4179 1602 4222 te
1628 4169 1910 4238 clariﬁcam’
1944 4186 2095 4237 super
2115 4180 2303 4222 terram
2321 4169 2395 4222 "z

840 4253 948 4303 imo
978 4261 1034 4304 et
1061 4252 1217 4305 Pater
1253 4253 1440 4305 Filium
1466 4253 1744 4307 clariiicat.
1789 4256 1922 4308 Nam
1974 4266 2022 4309 et
2078 4258 2387 4325 clariﬁcavi,

836 4344 1030 4410 inquit,
1049 4353 1096 4395 et
1118 4345 1303 4396 iterum
1321 4346 1618 4412 clariﬁcabo
1649 4346 1727 4408 ll"’;
1761 4363 1906 4401 nunc
1919 4363 2047 4401 vero
2064 4358 2117 4400 et
2134 4349 2391 4416 Spiritum

839 4435 1097 4488 elarificat
1131 4434 1298 4488 Filius
1335 4451 1429 4504 per
1465 4437 1747 4504 praedictas
1795 4437 2052 4491 sublimes
2077 4438 2392 4507 divitiasque

2493 3248 2824 3316 περιϐαλεῖν,
2872 3246 3096 3306 πολλοὺς
3133 3244 3198 3297 ἂν
3231 3245 3353 3312 ἔσχε
3388 3244 3495 3309 (51)
3535 3244 3631 3310 τῆς
3667 3242 3869 3301 οἰκείας
3900 3242 4056 3308 ποιήο

2494 3338 2682 3390 σασΘαι
2738 3337 2959 3406 θήραμα
3026 3336 3268 3405 μηχανῆς
3327 3335 3422 3386 καὶ
3476 3332 3630 3395 δόξαν
3685 3331 4058 3399 αἱρετίζουσαν

2490 3436 2851 3500 κατασπεῖραι
2898 3432 3008 3499 (52)
3066 3434 3185 3491 ταῖς
3232 3429 3337 3481 τῶν
3376 3428 3677 3498 ἀνθρώπων
3712 3426 3949 3494 ψυχαῖς·
3996 3426 4061 3493 ἣν

2489 3528 2624 3594 αὐτῇ
2676 3524 2943 3593 καταϐολῇ
2979 3524 3070 3576 καὶ
3107 3522 3254 3591 αὑτῷ
3303 3521 3521 3591 τεχνίτῃ
3569 3515 3950 3586 καταισχύνων
4001 3532 4059 3566 τε

2490 3620 2580 3670 καὶ
2605 3615 2962 3679 διασκεδάςων
2992 3617 3019 3667 ό
3050 3615 3236 3683 Σωτὴρ
3267 3614 3431 3676 ὀξέως
3473 3611 3565 3663 καὶ
3595 3609 3914 3678 θεοπρεπῶς
3944 3608 4060 3658 ὲπι-

2490 3712 2643 3778 φέρει
2699 3709 2868 3776 λέγων
2895 3748 2908 3768 ,
2957 3709 3030 3772 ὡς
3068 3711 3148 3761 Οὐ
3191 3709 3449 3772 λαλήσει
3487 3707 3585 3773 ἀφ’
3630 3703 3867 3766 ἑαυτοῦ,
3919 3695 4060 3754 ἀλλ’

2490 3804 2604 3856 ὅσα
2650 3802 2724 3855 ἂν
2767 3802 3023 3867 ἀκούσῃ,
3058 3802 3352 3866 λαλήσει·
3390 3799 3484 3850 καὶ
3519 3797 3625 3866 γὰρ
3655 3798 3745 3848 καὶ
3780 3795 3888 3862 (³55)
3932 3795 4060 3861 περὶ

2491 3895 2653 3948 αὑτοῦ
2688 3891 2755 3964 ἦν
2800 3892 3171 3964 προειρηκὼς,
3203 3894 3284 3944 ὅτι
3328 3892 3530 3944 Πάντα
3571 3888 3606 3941 ἁ
3638 3889 3873 3954 ἥκουσα
3903 3884 4062 3949 παρὰ

2491 3987 2594 4040 τοῦ
2630 3986 2856 4054 Πατρός
2893 4003 3034 4053 μου,
3086 3982 3375 4051 ἐγνώρισα
3416 3982 3587 4051 ὑμῖν,
3645 3975 3786 4032 οἷον·
3835 3978 4060 4045 Ἀμφοίν

2489 4079 2622 4146 ἡμῖν
2653 4079 2716 4129 ὲκ
2749 4076 2841 4128 τοῦ
2871 4075 3082 4140 Πατρός
3134 4076 3249 4126 ἐστι
3281 4073 3340 4125 τὺ
3375 4075 3646 4125 διδάσκειν
3680 4072 3771 4122 καὶ
3802 4069 4061 4136 φωτίζειν

2490 4169 2588 4230 τὰς
2617 4167 2853 4228 διανοίας
2884 4166 3061 4236 ἡμῶν.
3097 4165 3185 4215 Διὸ
3215 4164 3305 4214 καὶ
3333 4162 3464 4214 διότι
3496 4160 3696 4228 προῖὼν
3725 4160 3892 4226 ἔφησε
3930 4156 4061 4222 περ).

2492 4257 2584 4310 τοῦ
2616 4257 2856 4326 Πατρὸς,
2889 4257 2969 4307 ὃτι
3020 4255 3164 4323 Ἐγώ
3213 4268 3284 4306 σε
3337 4251 3601 4315 ἐδόξασα
3628 4251 3723 4303 ἐπὶ
3761 4247 3869 4313 τῆς
3915 4245 4057 4313 τῆς·

2495 4353 2630 4405 ἀλλὰ
2664 4355 2756 4404 καὶ
2795 4353 2822 4401 ὁ
2853 4350 3037 4420 Πατὴρ
3075 4349 3284 4413 δοξάζει
3329 4349 3420 4399 τὸν
3467 4348 3592 4398 Υἱόν
3618 4363 3630 4376 ’
3669 4345 3764 4397 καί
3792 4343 4060 4405 ἐδόξασα

2497 4444 2602 4512 γὰρ
2623 4482 2636 4504 ,
2677 4441 2778 4512 ἔφη
2801 4481 2815 4502 ,
2847 4441 2944 4492 καὶ
2977 4438 3214 4500 δοξάσω
3235 4455 3247 4467 ·
3277 4439 3390 4489 νυνὶ
3424 4436 3479 4488 δὲ
3509 4436 3601 4487 καὶ
3634 4435 3691 4486 τὸ
3726 4432 3947 4500 Πνεῦμα
3973 4431 4060 4482 δο-

836 4545 998 4582 voces
1031 4547 1043 4582 :
1080 4529 1200 4582 ideo
1229 4530 1386 4598 paulo
1420 4541 1542 4598 post
1569 4532 1786 4584 subdit:
1819 4530 1916 4584 Ille
1947 4549 2026 4584 me
2058 4529 2388 4599 clariﬁrabit,
2423 4533 2467 4587 D
2499 4533 2508 4584 ε

2385 4573 2388 4589 ι
2423 4533 2467 4587 D
2499 4531 2646 4596 ξὰζει
2676 4532 2704 4581 δ
2741 4531 2868 4592 Υἱὸς
2904 4530 2989 4582 διὰ
3027 4527 3133 4581 τῶν
3165 4527 3574 4600 προειρημένων
3604 4524 3822 4594 ὑψηλῶν
3863 4539 3921 4573 τε
3961 4522 4057 4573 καὶ

839 4622 1040 4688 ubique
1063 4625 1674 4676 consubstantialitatem
1714 4633 2024 4692 naturaeque
2053 4624 2389 4677 identitatem

838 4727 899 4761 ac
928 4711 1202 4779 dignitatis
1241 4715 1600 4780 mqualitatem
1644 4713 1899 4766 inviolata
1934 4730 2177 4768 servans.
2222 4716 2298 4766 Ac
2343 4717 2387 4769 si

837 4801 958 4869 quis
990 4802 1159 4855 dicat:
1191 4803 1494 4858 Commune
1527 4815 1610 4859 est
1656 4806 2165 4874 supersubstantiali
2197 4822 2259 4860 ac
2291 4822 2384 4860 su-

2496 4623 2812 4692 θεοπρεπῶν
2844 4621 3066 4688 φωνῶνο
3105 4619 3190 4671 διὰ
3219 4617 3377 4670 τοῦτο
3406 4617 3520 4685 μετ’
3543 4615 3718 4679 ὀλίγον
3760 4612 4010 4679 ἐπιφέρει
4037 4650 4053 4672 ,

2492 4717 2572 4768 ὅτι
2629 4714 2882 4779 Ἐκεῖνος
2919 4713 3022 4780 ἐμὲ
3055 4710 3321 4774 δοξάσει,
3361 4707 3633 4775 πανταχοῦ
3663 4707 3723 4757 τὸ
3769 4704 4058 4773 ὁμοούσιον

2493 4809 2585 4861 καὶ
2629 4806 2866 4875 ὁμοφυὲς
2905 4805 2996 4857 καὶ
3045 4804 3107 4855 τὸ
3139 4803 3238 4871 τῆς
3275 4801 3561 4872 ὁμοτιμίας
3587 4799 3804 4867 ἀξίωμα
3841 4796 4058 4865 ἀκήρα-

908 4939 954 4970 ⁸⁸
985 4937 1142 4993 Joan.
1174 4956 1263 5004 xv,
1299 4942 1382 4995 15.
1462 4943 1504 4972 5‘
1534 4941 1664 4995 ibid.
1742 4941 1784 4971 ’τ
1812 4938 1970 4993 Joan.
2006 4958 2138 5006 xvu,
2188 4941 2241 4995 4.
2316 4943 2361 4975 ⁸⁸
2418 4940 2576 4996 Joan.

1174 4956 1263 5004 xv,
1299 4942 1382 4995 15.
1462 4943 1504 4972 5‘
1534 4941 1664 4995 ibid.
1742 4941 1784 4971 ’τ
1812 4938 1970 4993 Joan.
2006 4958 2138 5006 xvu,
2188 4941 2241 4995 4.
2316 4943 2361 4975 ⁸⁸
2418 4940 2576 4996 Joan.
2607 4957 2703 5007 xu,
2743 4941 2833 4994 28.

1904 5094 2134 5151 VARle
2172 5097 2551 5152 LECTIONES
2583 5097 2668 5150 ET
2698 5093 2928 5151 NOTAE.

909 5238 1020 5305 (to)
1059 5238 1175 5308 col.
1202 5255 1257 5308 p.
1289 5239 1432 5293 281ε
1466 5241 1832 5308 ἀπεκάλυψας.

907 5309 1020 5378 (20)
1062 5307 1214 5378 Mori.
1240 5311 1402 5378 ὑμᾶς.

910 5311 1021 5440 (σεο)
1062 5311 1205 5362 Mon.
1240 5311 1402 5378 ὑμᾶς.

910 5380 1029 5457 (21m
1064 5376 1368 5457 Hucusque
1396 5379 1733 5457 ratiocinatio
1781 5381 2037 5450 apostolis
2106 5381 2386 5457 attributa,

838 5465 942 5518 qua
972 5447 1198 5518 Photius
1223 5450 1442 5517 prOpius
1475 5451 1539 5503 ad
1580 5447 1850 5505 intentum
1881 5467 2037 5505 suum
2062 5452 2289 5504 accedit.

909 5518 1021 5585 (22)
1060 5516 1206 5588 Men.
1227 5516 1546 5588 ίὰφηγεῖται.

875 5588 1018 5676 ,(25)
1057 5587 1200 5641 Μοη.
1257 5587 1472 5660 λογισμ.
1522 5590 1577 5642 δὲ
1627 5591 1931 5661 ἀνθρώποις
1974 5591 2163 5662 (ἀνοις)
2205 5593 2271 5663 ἢν
2294 5591 2392 5643 οὐκ

839 5674 994 5710 ευαγ.

839 5674 1121 5848 iiii-25)
1159 5727 1470 5783 ΟοΙ.δεινδν
1526 5729 1632 5801 γὰρ
1685 5732 1732 5784 εξ
1786 5731 1845 5800 ψ,
1875 5733 1922 5789 λ,
1956 5733 2097 5803 λύπῃ
2139 5733 2288 5788 deest
2339 5734 2390 5784 in

892 5813 983 5850 011.

2560 5237 2670 5308 (26)
2707 5238 2848 5290 Μοη.
2888 5234 3283 5308 συνθγολῴσασα.

2563 5305 2673 5375 (27)
2711 5308 2800 5359 καί
2829 5308 2981 5359 deest
3011 5307 3063 5358 iu
3090 5305 3231 5375 Mon.

2560 5367 2670 5446 (28)
2699 5378 2787 5431 Sic
2815 5375 3021 5429 Monac.
3083 5375 3121 5427 f.
3160 5372 3263 5428 455
3310 5371 3379 5439 b;
3419 5371 3540 5426 Vat.
3567 5370 3607 5425 f.
3647 5369 3746 5425 199
3800 5367 3835 5424 b
3871 5385 3885 5422 :
3924 5368 4054 5439 μηδ’

2487 5448 2553 5502 ἃν
2593 5449 2831 5501 ἐσῦνουν.

2561 5519 2673 5586 (29)
2705 5516 2849 5569 Mon.
2887 5514 3358 5584 συνεταράττοντο.

2563 5588 2678 5657 (50)
2715 5586 2833 5657 Lion
2845 5623 2858 5638 .
2898 5586 2918 5634 τ
2921 5601 3026 5645 σος.

2576 5650 2688 5724 (51⁷)
2728 5655 2870 5708 Μοη.
2904 5652 3234 5723 περιϐαλὼν,
3264 5651 3488 5713 πολλοὺς
3518 5650 3660 5721 ἔσχε.

2573 5727 2684 5794 (52)
2722 5724 2862 5778 Mon.
2895 5725 3296 5794 κατασπείρειν.

2574 5791 2682 5856 (53)
2714 5796 2952 5848 Alterum
2987 5793 3077 5847 καί
3111 5791 3262 5848 deest
3292 5793 3342 5846 in
3373 5791 3515 5845 Mou.
