4234 6432
809 401 912 467 311

1933 405 2190 466 ΡΠΟΤΙΙ
2232 405 2732 465 PATRIARCHE
2771 406 2880 464 CP-

3925 405 4032 470 312

813 519 954 578 illam
993 518 1236 570 revolans
1275 527 1328 569 et
1370 516 1695 570 conﬁrmans
1743 517 1857 571 ait:
1911 516 2192 586 PrOpterea
2247 517 2355 568 dixi
2395 521 2439 574 Α
2466 529 2485 564 a

2395 521 2439 574 Α
2466 513 2634 582 αὐτὴν
2694 513 2933 566 διάνοιαν
2990 511 3348 566 ἀναπτύσσων
3378 514 3631 583 προάγει,
3663 516 3776 566 ἀλλ’
3827 517 3906 568 ἔτι
3942 534 4029 568 τε-

812 613 935 678 quia
993 611 1054 660 dc
1087 626 1198 661 meo
1249 610 1486 675 accipiet,
1527 608 1782 676 quoniam
1838 608 1892 661 in
1941 607 2098 662 Patre
2145 609 2365 677 quidem

812 709 935 753 sunt
978 716 1116 760 mea,
1151 701 1381 766 Spiritus
1410 710 1588 753 autem
1644 717 1711 753 ex
1769 699 1924 752 Patre
1975 701 2192 768 accipit;
2246 715 2366 766 qua:

813 793 961 844 enim
993 801 1119 844 sunt
1164 793 1338 845 Patris
1385 808 1502 844 mea
1535 801 1661 844 sunt
1695 810 1709 856 ;
1764 800 1821 844 ut
1878 793 1947 844 ita
1976 793 2363 860 pr0pcmodum

813 883 1048 934 clamare
1083 883 1360 935 videatur:
1393 882 1622 945 Quando
1677 884 1796 935 dico
1825 884 1887 934 de
1914 900 2043 947 meo,
2090 882 2153 935 ad
2184 897 2362 935 meum

814 974 1045 1036 Patrem,
1078 990 1183 1026 non
1214 990 1340 1026 vero
1369 975 1433 1025 ad
1458 974 1621 1026 alium
1650 984 1855 1026 vestras
1877 974 2223 1042 cogitationes
2245 990 2363 1026 ver-

817 1075 928 1118 tere
957 1077 1008 1117 et
1039 1075 1356 1117 convertere
1381 1066 1611 1118 debetis.
1637 1063 1851 1117 Nullum
1877 1065 2018 1117 enim
2046 1073 2363 1132 praetextum

813 1157 1004 1223 reliqui
1046 1157 1217 1221 vobis,
1261 1173 1420 1225 quem
1478 1173 1583 1208 non
1619 1157 1951 1218 rescidcrim,
1989 1172 2057 1209 ne
2101 1156 2169 1207 ad
2220 1154 2362 1207 aliud

811 1248 1084 1316 quidpiam
1131 1249 1601 1318 imaginationibus
1669 1248 2032 1316 abripiainini,
2064 1247 2361 1315 prazsertim

811 1355 933 1391 eum
983 1339 1092 1406 jam
1148 1350 1272 1391 ante
1323 1339 1645 1392 asseruerim
1708 1339 1900 1402 vobis,
1968 1339 2109 1407 quod
2180 1338 2357 1389 omnia

812 1447 1128 1497 quwcunque
1148 1430 1302 1483 habet
1327 1433 1504 1496 Pater,
1541 1449 1653 1484 mea
1687 1443 1828 1483 sunt.

877 1701 965 1755 30.
984 1702 1122 1765 Quid
1140 1703 1371 1754 lucidius
1389 1702 1470 1752 liis
1490 1701 1788 1767 purissimis
1814 1702 2068 1769 eloquiis?
2086 1702 2223 1764 Quid
2249 1703 2365 1753 cla-

809 1794 926 1846 rius
956 1793 1024 1845 ad
1054 1793 1450 1844 ostendendum
1488 1793 1644 1844 verba
1687 1793 1770 1844 illa
1804 1793 1874 1844 De
1910 1811 2020 1844 meo
2046 1794 2262 1860 accipiet
2294 1793 2358 1844 ad

810 1883 988 1937 Patris
1011 1898 1299 1951 personam
1327 1897 1427 1934 nos
1472 1883 1837 1936 transmittere
1881 1893 1934 1936 et
1976 1886 2039 1936 ad
2072 1900 2189 1937 eam
2240 1899 2358 1937 esse

809 1976 1131 2038 revocanda,
1186 1983 1346 2044 atque
1407 1975 1663 2042 Spiritum
1723 1992 1751 2025 a
1797 1973 1971 2035 I’atrc,
2032 1983 2285 2044 tanquam
2334 1991 2359 2027 a

809 2083 970 2121 causa
1020 2067 1289 2120 donorum
1353 2066 1720 2135 operationem
1767 2067 2119 2135 accipientem
2167 2069 2360 2135 praedi-

806 2160 969 2213 cari?
1010 2160 1304 2220 Donorum,
1348 2161 1585 2226 inquam,
1616 2158 1851 2221 illorum,
1892 2159 2091 2226 quibus
2119 2160 2360 2227 discipu—

807 2249 890 2303 los
911 2249 1301 2311 corroborabit,
1353 2259 1409 2299 ut
1455 2247 1757 2299 futurorum
1809 2248 2174 2316 cognitionem
2230 2264 2363 2301 con-

807 2340 971 2393 stanti
993 2339 1253 2405 ﬁrmoque
1286 2338 1459 2390 ferant
1484 2341 1687 2404 animo,
1724 2354 2012 2406 rerumque
2042 2356 2358 2394 arcanarum

806 2441 968 2498 atque
1003 2430 1400 2484 reconditarum
1436 2430 1569 2482 citra
1601 2429 1760 2481 ullam
1791 2429 2160 2484 diﬂicultatcln
2225 2446 2351 2484 con-

806 2525 1107 2574 stituantur
1134 2530 1467 2589 spectatores
1497 2537 1559 2573 ac
1587 2521 2087 2589 speculatores,imo
2108 2533 2159 2575 et
2179 2539 2361 2590 super-

809 2614 1134 2666 uaturalium
1167 2614 1533 2683 prodigiorum
1575 2623 1876 2682 patratores
1902 2625 1956 2668 et
2000 2616 2239 2684 opitices.
2277 2616 2358 2668 An

808 2719 919 2757 non
956 2719 1084 2773 ergo
1116 2704 1474 2773 undequaque
1499 2705 1596 2756 tibi
1627 2705 1856 2773 quilibet
1885 2705 2050 2773 impie
2089 2706 2357 2759 sentiendi

810 2804 1103 2862 prastextus
1157 2805 1400 2849 resectas
1489 2797 1614 2848 est?
1675 2797 1934 2849 Adliucne
1983 2797 2206 2850 audebis
2266 2813 2359 2850 ca—

810 2888 1042 2940 lumnias
1067 2900 1227 2955 atque
1257 2888 1536 2940 mendacia
1569 2889 1827 2940 adversus
1880 2890 2162 2942 veritatem
2210 2904 2358 2941 com-

811 2978 1023 3031 tninisci
1051 2988 1144 3030 aut
1175 2979 1326 3030 dolos
1360 2977 1619 3031 adversus
1644 2980 1870 3030 salutem
1897 2987 2040 3030 tuam
2063 2979 2361 3031 consuere?

880 3069 967 3122 51.
1026 3068 1133 3137 Ego
1185 3085 1313 3120 sane
1369 3084 1436 3120 ne
1467 3068 1722 3136 deinceps
1767 3068 1986 3135 quidem
2050 3069 2126 3120 tui
2173 3084 2357 3120 curam

2467 604 2736 672 λειότερον
2759 603 2927 672 αὐτὴν
2955 603 3066 672 (54)
3098 605 3490 656 ἀνακαλύπτων
3522 608 3615 657 καὶ
3642 607 4031 674 βεϐαιούμενος

2467 697 2630 763 λέγει·
2663 698 2764 750 Διά
2787 698 2961 750 τοῦτο
2985 696 3174 761 εἷπον,
3201 699 3289 750 ὅτι
3316 704 3382 750 ὲκ
3408 700 3513 751 τοῦ
3537 701 3678 766 ἐμοῦ
3697 702 3983 767 λαμϐάνει
4011 720 4024 732 ·

2466 788 2596 839 διότι
2635 790 2693 840 ἐν
2745 789 2824 858 τῷ
2879 791 3047 857 Πατρὶ
3099 790 3196 857 μὲν
3255 791 3368 858 (55)
3425 791 3541 841 ἔστι
3580 791 3647 842 τὰ
3684 794 3790 858 tas
3816 809 3829 822 °
3871 794 3930 844 τὸ
3971 794 4028 845 δὲ

2468 878 2688 944 Πνεῦμα
2738 883 2798 931 ἐκ
2841 879 2932 932 τοῦ
2965 881 3175 949 Πατρὸς
3217 881 3516 947 λαμὸἀνει·
3567 885 3661 934 καὶ
3695 884 3801 951 γὰρ
3834 886 3901 934 τὰ
3932 882 4026 936 τοῦ

2469 971 2676 1039 Πατρὸς
2712 972 2820 1038 ἐμά.
2845 973 2990 1022 ἐστιν
3015 987 3028 998 ·
3057 971 3193 1022 ὥστε
3227 972 3385 1040 μόνον
3414 974 3534 1041 οὐχ).
3560 973 3656 1042 βοᾷ
3686 973 3820 1040 (5'6)-
3850 975 4027 1026 Ὀταν

2467 1063 2607 1129 λέγω
2655 1062 2760 1115 τοῦ
2810 1063 2954 1130 ἐμοῦ
3001 1063 3136 1130 (57),
3187 1064 3322 1132 πρὸς
3369 1065 3460 1115 τὸν
3495 1065 3624 1132 ἐμὸν
3662 1066 3878 1134 Πατέρα
3920 1068 4026 1135 χρὴ

2465 1156 2590 1216 τοὺς
2620 1155 2910 1220 λογισμοὺς
2943 1153 3056 1226 [511
3102 1155 3254 1222 ὑμῶν
3300 1157 3594 1223 ἀναφέρειν
3643 1157 3736 1207 καὶ
3785 1158 3856 1224 μὴ
3891 1159 4026 1224 πρὸς

2467 1248 2650 1315 ἕτερον
2694 1245 3114 1314 ἐπιστρέφεσθαι
3155 1246 3288 1313 (58).
3318 1247 3449 1298 Οὐδὲ
3477 1247 3582 1315 γὰρ
3624 1245 3735 1314 (59)
3769 1246 4026 1315 οὐδεμίαν

2467 1338 2737 1406 πρόφασιν
2772 1338 2896 1404 ὑμῖν
2945 1337 3342 1405 ὑπελειπόμην,
3377 1338 3443 1406 ἣν
3473 1337 3532 1388 οὐ
3563 1337 3851 1405 περιεῖλον,
3889 1337 4030 1402 πρὸς

2467 1428 2653 1496 ἕτερόν
2698 1445 2752 1479 τι
2802 1430 2921 1490 ταῖς
2965 1431 3286 1495 φαντασίαις
3337 1428 3734 1498 ὑποσύρεσθαι,
3789 1429 4027 1494 μάλιστα

2467 1519 2600 1570 διότι
2623 1520 2715 1572 καὶ
2737 1519 3140 1588 προδιειλέχθην
3155 1519 3265 1585 (60)
3291 1520 3440 1588 ὑμῖν,
3459 1521 3538 1571 ὅτι
3559 1519 3752 1571 πάντα
3773 1518 3891 1572 ὅσα
3912 1519 4025 1587 (61)

2469 1611 2589 1676 ἕχει
2619 1613 2651 1662 ὀ
2678 1612 2875 1676 Πατὴρ
2893 1651 2906 1674 ,
2934 1611 3046 1678 ὲ]ιὰ
3067 1612 3253 1663 ἐστιν.

2538 1701 2604 1752 λ’.
2639 1701 2703 1752 Τί
2725 1701 2831 1752 τῶν
2856 1702 3138 1770 ἁχράντων
3166 1701 3370 1752 τούτων
3388 1700 3584 1766 λογίων
3610 1700 4021 1769 λαμπρότερονς

2467 1794 2517 1842 τί
2548 1793 2602 1843 δὲ
2636 1793 2981 1858 παραστῆσαι
3006 1791 3371 1858 σαφέστερον;
3404 1791 3485 1842 ὅτι
3522 1791 3582 1841 τὸ
3610 1790 3746 1857 (62),
3780 1790 3882 1841 Ἐκ
3919 1789 4024 1840 τοῦ

2462 1883 2607 1950 ἑμοῦ
2633 1883 2890 1949 λήψεται
2923 1881 3054 1950 (65),
3089 1883 3221 1948 πρὴς
3265 1882 3324 1933 τὸ
3360 1881 3631 1948 Πατρικον
3662 1880 4026 1948 παραπέμπει

2463 1976 2752 2044 πρόσωπον
2782 1975 2874 2026 καὶ
2895 1974 2970 2035 ὡς
3007 1974 3103 2042 τὴν
3134 1973 3242 2024 τῶν
3273 1973 3622 2041 χαρισμάτων
3646 1971 3928 2039 ἐνέργειαν
3951 1970 4025 2030 ὡς

2462 2066 2636 2116 αἰτίου
2693 2065 2842 2135 παρὰ
2879 2065 2972 2116 τοῦ
3023 2065 3231 2132 Πατρὸς
3287 2064 3638 2132 ἱερο).ογείται
3686 2063 3746 2114 τὸ
3803 2061 4026 2129 Πνεῦμα

2462 2157 2776 2225 λαμὸἀνειν,
2818 2157 2926 2208 τῶν
2959 2158 3310 2226 χαρισμάτων
3343 2157 3587 2216 ἐκείνων,
3635 2151 3715 2216 οἷς
3751 2155 4025 2223 ἐνισχύσει

2459 2255 2584 2314 τοὺς
2614 2251 2859 2320 μαθητὰς
2884 2250 2991 2300 τῶν
3021 2250 3327 2317 ἐρχομένων
3359 2247 3454 2314 μὲν
3479 2247 3576 2315 τὴν
3604 2247 3897 2312 ἐπίγνωσιν
3931 2245 4024 2296 σὺν

2461 2344 2708 2396 εὐσταθεῖ
2745 2345 2838 2394 καὶ
2875 2342 3261 2410 άπεριτρέπτῳ
3311 2340 3423 2408 (ﬁt)
3463 2340 3765 2408 φρονήματι
3811 2338 4020 2406 φέρειν,

2461 2434 2818 2488 καθίστασθαι
2844 2434 2899 2485 δὲ
2934 2432 3028 2485 καὶ
3057 2431 3163 2484 τῶν
3190 2431 3434 2482 ἀθεάτων
3468 2430 3733 2497 μηδεμιᾶς
3778 2445 4025 2497 παρακοο

2459 2526 2750 2594 λουθούσης
2777 2525 3094 2594 δυσχερείας
3134 2523 3330 2584 θεατὰς
3383 2524 3480 2574 καὶ
3509 2523 3572 2592 δὴ
3607 2524 3696 2574 καὶ
3743 2521 3852 2573 τῶν
3883 2523 4025 2589 ὑπὲρ

2459 2619 2614 2684 λόγον
2642 2618 2815 2686 ἔργων
2856 2616 2968 2684 (65)
2991 2614 3378 2683 δημιουργούς.
3425 2609 3548 2681 Ἆρ’
3580 2614 3637 2664 οὺ
3672 2611 3780 2679 (66)
3815 2629 4026 2663 παντα-

2461 2710 2617 2779 χόθεν
2672 2726 2751 2761 σοι
2797 2709 2944 2758 πᾶσα
2991 2706 3260 2774 πρόφασις
3294 2703 3549 2764 ἀσεϐείας
3593 2704 4020 2771 περικέκοπται;

2460 2797 2584 2870 Ἆρ’
2611 2800 2689 2851 ἔτι
2717 2799 3007 2868 τολμήσεις
3038 2795 3398 2863 συκοφαντίας
3425 2797 3516 2846 καὶ
3539 2795 3708 2862 ψεύδη
3746 2794 3855 2862 (67)
3882 2795 4026 2846 κατὰ

2460 2891 2561 2959 τῆς
2597 2889 2848 2958 ἀληθείας
2880 2890 3114 2941 ἐπινοεῖν
3155 2889 3187 2957 ἢ
3220 2887 3357 2939 κατὰ
3390 2890 3487 2955 τῆς
3518 2885 3710 2939 ἑαυτοῦ
3744 2887 4024 2956 μηχανορο

2463 2984 2652 3052 ραφεῖν
2684 2981 2956 3049 σωτηρίας
2988 2979 3099 3046 (68)
3130 2994 3144 3041 ;

2533 3070 2644 3142 [55]
2683 3072 2782 3123 λα’.
2827 3069 2977 3141 [κα’.]
3013 3070 3224 3135 Ἔγωγε
3278 3066 3370 3120 οὖν
3399 3067 3508 3136 (69)
3543 3067 3661 3119 οὐδὲ
3708 3067 3801 3119 τοῦ
3835 3065 4025 3118 λοιποῦ

812 3160 1083 3228 abjiciam,
1106 3171 1163 3211 ut
1191 3159 1233 3211 si
1270 3159 1586 3212 insanabilis
1616 3159 1709 3220 sis,
1742 3174 1960 3227 arguam
1991 3169 2046 3211 et
2074 3159 2356 3225 corripiam
2386 3187 2429 3242 ο
2465 3182 2484 3215 σ

2351 3179 2356 3211 ι
2386 3187 2429 3242 C
2465 3181 2521 3215 σε
2566 3163 2838 3231 φροντίδος
2881 3161 2984 3225 ἔξω
3026 3160 3232 3227 σταίην,
3267 3161 3313 3210 εί
3354 3159 3450 3227 μὲν
3481 3159 3712 3218 ἀνιάτως
3737 3157 3879 3224 ἔχεις
3914 3156 4023 3224 (76)

813 3261 972 3318 teque
1031 3250 1177 3302 humi
1237 3251 1503 3318 iacentem
1539 3250 1712 3302 adhuc
1741 3250 2056 3316 percutiam,
2090 3251 2136 3302 si
2178 3259 2358 3302 autem

811 3342 989 3396 sanari
1037 3352 1212 3408 potes,
1246 3342 1566 3395 medicinam
1625 3341 1715 3394 tibi
1768 3342 2048 3409 propitiem
2125 3357 2188 3394 ex
2243 3342 2360 3410 ipso

811 3433 1057 3487 veritatis
1085 3434 1278 3502 poculo
1310 3443 1364 3487 et
1398 3434 1674 3486 lenitivani
1703 3434 1902 3486 doloris
1932 3443 1985 3486 et
2017 3434 2188 3486 morbi
2231 3449 2360 3501 pur-

812 3527 1066 3596 gativam.
1109 3524 1162 3577 Si
1199 3525 1343 3578 enim
1371 3528 1424 3593 (o
1462 3540 1698 3593 quonam
1734 3535 1784 3578 te
1817 3527 1936 3593 quis
1967 3526 2187 3578 nomine
2211 3540 2361 3578 COlll-

814 3619 1034 3686 pellet?)
1084 3615 1318 3684 Spiritus
1369 3632 1399 3668 e
1452 3616 1608 3670 Patre
1659 3618 1936 3684 processio
1974 3624 2057 3670 est
2100 3616 2358 3685 perfecta,

814 3709 1048 3777 perfecta
1102 3720 1283 3761 autem
1331 3710 1580 3777 quoniam
1632 3709 1772 3761 Deus
1819 3710 2090 3777 perfectus
2137 3727 2202 3763 ex
2251 3710 2361 3765 Deo

814 3801 1072 3869 perfecto,
1092 3801 1347 3869 quidnam
1376 3802 1476 3853 ista
1507 3817 1537 3854 e
1565 3800 1698 3853 Filio
1725 3803 1999 3869 processio
2030 3803 2360 3856 contulerit?

813 3891 866 3944 Si
899 3891 1042 3943 enim
1070 3892 1199 3958 quid
1224 3892 1476 3954 contulit,
1504 3892 1631 3945 illud
1653 3908 1865 3960 quoque
1889 3894 2175 3948 ostendere
2207 3910 2359 3963 opor-

817 3982 954 4035 tebit
975 3981 1117 4049 quod
1143 3983 1407 4044 contulit;
1446 3984 1588 4049 quod
1636 3984 1678 4036 si
1719 3994 1913 4050 pra3ter
1960 3984 2198 4038 divinam
2233 3986 2356 4054 Spi—

814 4077 946 4129 ritus
982 4075 1292 4144 liypostasin
1329 4074 1400 4126 nil
1429 4076 1572 4128 aliud
1596 4083 1772 4143 potest
1800 4085 1893 4128 aut
1933 4087 2112 4130 mente
2143 4079 2356 4146 concipi

2463 3257 2558 3308 καὶ
2603 3255 2842 3322 ἐλέγχειν
2872 3253 2967 3304 καὶ
2997 3253 3254 3320 ἐπιτιμᾷν
3304 3253 3398 3302 καὶ
3449 3250 3598 3302 κάτω
3645 3250 3895 3316 κείμενον
3944 3247 4025 3299 ἔτι

2465 3346 2695 3415 βάλλειν,
2731 3345 2779 3396 εί
2805 3343 2860 3394 δὲ
2898 3343 3009 3410 (71)
3048 3343 3182 3411 πρὸς
3225 3341 3518 3409 Θεραπείαν
3549 3341 3702 3409 ὁρᾷς,
3731 3338 4026 3408 φάρμακόν

2465 3455 2544 3489 σοι
2578 3437 2871 3502 προσάγειν
2916 3435 2979 3485 ὲκ
3006 3432 3099 3484 τοῦ
3129 3431 3290 3483 αὑτοῦ
3338 3431 3609 3499 κρατῆρος
3637 3428 3736 3496 τῆς
3766 3427 4026 3496 ἀληθείας

2465 3526 2794 3578 ὰκεσώδυνόν
2833 3540 2890 3574 τε
2927 3524 3019 3573 καὶ
3048 3521 3414 3590 καθαρτήριον
3463 3522 3558 3586 τῆς
3608 3517 3783 3568 νόσου.
3817 3515 3881 3566 Εἰ
3915 3518 4025 3583 γὰρ

2470 3613 2534 3681 (ὦ
2566 3617 2617 3668 τί
2651 3616 2715 3668 ἄν
2754 3614 2933 3685 σέ(72)
2968 3631 3046 3674 τις
3079 3613 3188 3679 (75)
3221 3609 3565 3678 προσείποιζ;)
3597 3607 3690 3658 τοῦ
3711 3608 4026 3674 Πνεῦματος

2469 3712 2499 3779 ἡ
2529 3709 2847 3777 ὲκπόρευσις
2873 3707 2906 3775 ή
2930 3709 2992 3757 ὲκ
3019 3703 3110 3756 τοῦ
3143 3701 3352 3772 Πατρὺς
3380 3701 3577 3760 τελεία,
3623 3698 3803 3750 τελεία
3833 3697 3944 3764 (7.1)
3970 3695 4025 3746 δὲ

2465 3801 2546 3852 ὅτι
2588 3799 2717 3859 Θεὸς
2750 3797 2952 3858 τέλειος
2989 3796 3051 3846 ἐκ
3092 3793 3223 3846 Θεοῦ
3266 3791 3492 3851 τελείου,
3532 3791 3583 3841 τί
3631 3789 3747 3840 ’ποτ’
3801 3788 3867 3840 ἂν
3898 3789 3930 3854 ἡ
3962 3788 4024 3837 ἐκ

2463 3891 2556 3943 τοῦ
2605 3888 2733 3941 Υἱοῦ
2766 3888 3142 3955 συνεισενέγκῃ
3168 3884 3302 3953 (75);
3356 3884 3402 3935 εί
3449 3883 3544 3951 μὲν
3575 3880 3680 3950 γάρ
3728 3896 3778 3931 τι
3813 3895 4024 3930 συνεισ-

2466 3988 2712 4053 ήνεγκεν,
2745 3984 2913 4034 εἰπεῖν
2944 3981 3118 4050 δεήσει
3151 3980 3258 4047 (76)
3299 3979 3394 4031 καὶ
3430 3978 3457 4030 ὃ
3500 3978 3840 4045 συνήνεγκεν⁸
3876 3975 3924 4025 εί
3967 3973 4022 4026 δὲ

2465 4075 2614 4144 παρὰ
2658 4075 2756 4142 τὴν
2805 4072 2987 4142 θεῐκὴν
3028 4070 3119 4123 τοῦ
3165 4070 3477 4139 Πνεῦματοε
3523 4067 3818 4120 ὑπόστασιν
3872 4067 4022 4118 οὐδὲν

1893 4264 2121 4318 VARI/ﬁ
2161 4262 2540 4318 LECTIONES
2572 4263 2658 4316 ET
2687 4261 2914 4317 ΝΟΤᾸΞ.

882 4421 995 4486 (54)
1036 4419 1179 4472 Men.
1215 4437 1263 4471 τ.
1297 4421 1452 4470 αὐτὰ.

881 4491 992 4558 (55)
1016 4490 1129 4542 Μέν
1151 4490 1301 4542 deest
1332 4489 1384 4540 in
1414 4488 1556 4541 Mon.
1592 4489 1704 4542 Col.
1736 4505 1856 4556 μου.

881 4557 993 4626 (56⁷)
1028 4560 1168 4613 Mon.
1204 4560 1480 4626 μονονουχὶ
1511 4557 1655 4626 βοᾷς.

887 4625 997 4698 (57)
1037 4630 1176 4683 Mon.
1210 4627 1354 4694 λέγει
1384 4625 1537 4681 τοῦτο
1568 4625 1659 4679 τοῦ
1690 4644 1785 4697 πρ.
1825 4625 1940 4680 Col.
1981 4643 2034 4695 p.
2067 4626 2191 4692 285,
2218 4628 2358 4694 λέγω

811 4703 874 4753 ἐκ
899 4703 991 4753 τοῦ
1029 4700 1181 4767 ἐμοῦ.

883 4771 990 4839 (58)
1031 4765 1180 4836 llugo
1218 4765 1555 4839 Etherianns
1599 4769 1648 4839 l.
1687 4783 1734 4839 c.
1775 4785 1795 4839 ι
1852 4765 2136 4839 «‘Planius
2179 4774 2360 4839 autem

814 4835 1080 4903 reSerans,
1104 4835 1228 4906 quid
1263 4838 1330 4888 sit
1360 4838 1484 4889 illud
1514 4838 1654 4905 quod
1681 4836 1814 4888 dixit
1840 4855 1849 4888 :
1884 4835 1956 4887 De
1980 4853 2089 4887 meo
2123 4838 2356 4904 accipiet,

812 4911 1068 4963 continuo
1105 4905 1380 4974 Subjungit
1411 4926 1422 4958 :
1457 4907 1640 4960 Omnia
1683 4922 1795 4974 qua:
1833 4906 1982 4957 habet
2027 4905 2204 4968 Pater,
2247 4923 2358 4958 mea

811 4990 950 5032 sunt.
1001 4979 1177 5041 Quare
1224 4993 1340 5028 mea
1391 4979 1660 5044 accipiens
1694 4980 1758 5028 de
1797 4991 1914 5028 meo
1949 4976 2100 5028 Patre
2143 4975 2356 5042 accipit,

811 5059 864 5101 et
909 5049 1028 5102 ideo
1068 5048 1245 5099 dixit:
1278 5045 1410 5108 Quia
1454 5049 1514 5099 de
1540 5063 1647 5100 meo
1671 5047 1906 5109 accipiet.
1951 5048 2072 5113 quia
2110 5046 2161 5097 in
2203 5045 2362 5098 Patre

809 5129 926 5169 sunt
973 5135 1112 5170 mea.
1151 5116 1380 5183 Spiritus
1438 5127 1613 5170 autem
1656 5119 1720 5169 de
1759 5116 1915 5167 Patre
1962 5116 2190 5182 accipit;
2236 5132 2358 5167 nam

807 5203 930 5255 qua:
979 5188 1150 5241 Patris
1200 5196 1346 5249 sunt,
1396 5205 1511 5240 mea
1541 5196 1684 5241 sunt.
1717 5186 1892 5249 Quare
1928 5200 2049 5236 cum
2080 5185 2209 5239 dicit
2242 5207 2252 5239 :
2299 5187 2360 5237 dc

810 5273 941 5321 meo,
983 5258 1049 5310 ad
1083 5257 1294 5310 Patrem
1348 5267 1558 5324 Oportet
1613 5258 1967 5310 intentionem
2021 5255 2269 5325 dirigere,
2308 5265 2361 5308 et

811 5342 915 5380 non
950 5328 1015 5380 ad
1048 5328 1209 5380 alium
1247 5326 1531 5380 divertere.
1571 5347 1587 5376 ι

882 5400 992 5463 (59)
1023 5397 1164 5450 Mon.
1195 5397 1306 5448 ἀλλ’
1335 5397 1454 5449 οὐδὲ
1481 5399 1606 5466 γάρ.

881 5469 991 5534 (66)
1051 5469 1140 5520 Sic
1233 5467 1539 5538 Vatic.i(a.
1619 5467 2057 5538 προδιελέχθην).

808 5538 1128 5606 προελέχθη.
1161 5538 1274 5590 Col.
1305 5537 1713 5607 προδιηλέχθην.

881 5610 992 5673 (61)
1027 5609 1170 5660 Μοη.
1205 5607 1260 5660 ἆ.

880 5679 988 5744 (62)
1022 5678 1136 5731 Col.
1173 5678 1348 5731 omitt.
1381 5678 1456 5728 τό.

881 5747 991 5812 (65)
1030 5750 1143 5800 (Sol.
1177 5750 1351 5800 omitt.
1391 5749 1542 5815 πρός.

883 5819 994 5889 (61)
1031 5818 1231 5871 Monac.
1270 5819 1541 5887 ἀτρέπτῳ.

2145 5466 2353 5520 Monac.

2539 4415 2648 4484 (65)
2704 4416 2782 4467 Τὰ
2830 4415 2966 4483 ὑπὲρ
3021 4414 3175 4480 λόγον
3225 4416 3358 4483 ἔργα
3420 4425 3546 4468 sunt
3601 4414 3877 4468 miracula.
3935 4417 4014 4470 Cf.

2467 4487 2658 4542 Chrvs.
2697 4486 2842 4538 hom.
2877 4485 2942 4538 59
2981 4484 3033 4536 in
3069 4484 3204 4539 Gen.
3251 4501 3305 4536 ιι.
3339 4485 3387 4536 1.
3419 4484 3688 4538 'l‘heodor.
3720 4485 3932 4539 lleracl.
3968 4489 4018 4539 in

2389 4577 2433 4630 ι)
2465 4545 2618 4630 Joaii.
2651 4571 2726 4616 XI,
2756 4555 2843 4618 40,
2876 4555 3018 4630 apud
3049 4554 3269 4630 (prdem
3318 4555 3370 4607 in
3403 4553 3628 4630 Catena.
3673 4585 3739 4594 ——
3884 4557 4004 4626 ὑπὲ;

2465 4626 2623 4694 φύσιν
2646 4635 2886 4694 θσγνοειιι
2910 4627 3018 4691 jam
3047 4623 3305 4694 Origenes
3331 4634 3518 4678 contra
3541 4625 3680 4678 Cels.
3705 4642 3758 4688 ν,
3787 4625 3873 4679 25.

2533 4695 2643 4760 (66)
2675 4693 2884 4747 Monac.
2919 4694 3004 4763 ἆρ’
3039 4693 3178 4762 οὐχί.

2535 4766 2643 4831 (67)
2674 4763 2788 4816 Col.
2824 4765 3048 4827 Ψεῦδος.

2535 4835 2643 4903 (68)
2680 4833 2829 4903 Haud
2859 4834 3101 4888 dissimili
3129 4834 3287 4886 modo
3317 4835 3381 4888 de
3415 4841 3560 4887 textu
3583 4833 3738 4887 Joan.
3780 4851 3895 4896 xvr,
3937 4835 4016 4894 14,

2463 4905 2737 4973 diSpntant
2767 4902 3027 4973 Georgius
3076 4903 3444 4972 Corcyrensis.
3476 4904 3728 4957 Nioulaus
3771 4904 4020 4972 llydrun-

2464 4977 2608 5027 tinus
2642 4983 2693 5027 et
2720 4973 3036 5028 Theodorus
3066 4973 3275 5041 Smyrn.
3310 4975 3448 5042 apud
3474 4974 3725 5028 Allatium
3756 4975 3808 5026 in
3845 4973 4018 5027 Vindi-

2463 5046 2555 5096 ciis
2578 5044 2758 5113 synodi
2786 5044 3095 5113 Ephesiae,
3112 5058 3230 5111 cap.
3263 5045 3351 5108 51,
3384 5060 3437 5113 p.
3470 5043 3594 5098 295.

2535 5109 2642 5182 (69)
2681 5112 2791 5182 601.
2835 5109 2943 5180 ἐγὼ
2974 5115 3015 5166 δ’
3043 5109 3152 5166 οὖν.

2464 5255 2484 5269 _
2533 5181 2640 5255 (70)
2681 5181 2891 5236 Monac-
2941 5184 3218 5253 φροντίδος
3256 5182 3359 5246 ἔξω
3391 5183 3540 5254 Θείην
3577 5185 3653 5247 ὡς
3682 5183 3758 5254 μὴ
3786 5183 4018 5248 ἀνιάτως

2461 5273 2667 5306 εγοντα.

2491 5277 2886 5390 χῖίίῖῗοδιοηιιρ,
2924 5325 3008 5376 hic
3040 5322 3150 5391 ﬁgit
3181 5337 3298 5390 cap.
3335 5322 3420 5376 16.
3457 5323 3554 5377 Hic
3583 5325 3656 5377 uti
3701 5339 3844 5390 smpe
3875 5325 4018 5377 Plio-

2464 5396 2568 5448 tins
2614 5395 2980 5450 adversarium
3026 5392 3189 5444 veluti
3244 5393 3393 5461 gravi
3444 5395 3633 5449 morbo
3680 5394 4016 5450 laborantem

2462 5465 2702 5519 exhibet.
2736 5467 2815 5518 (2f.
2854 5482 2902 5518 c.
2933 5465 2985 5516 2.
3020 5462 3106 5515 60.
3139 5463 3225 5515 94.

2533 5535 2642 5602 (Η)
2684 5535 2798 5588 Col.
2833 5537 2912 5588 ὅτι
2937 5537 3000 5586 ἄν
3035 5549 3113 5583 σε.

2533 5599 2639 5676 (75)
2676 5604 2765 5676 Sic
2797 5606 2848 5656 in
2884 5606 2999 5657 Vat.
3030 5612 3080 5655 et
3115 5599 3316 5676 Palat.;
3351 5601 3564 5676 Monac.
3590 5622 3673 5668 τις
3699 5606 3848 5676 εἴπῃ.

2534 5670 2643 5740 (74)
2674 5675 2864 5726 Τελεία
2894 5676 3059 5727 altera
3101 5672 3217 5724 vice
3251 5670 3409 5727 deest
3435 5675 3489 5727 in
3519 5673 3663 5729 Men.

2531 5743 2639 5812 (75)
2676 5744 2790 5796 Col.
2817 5743 3291 5807 συνειστενουγκοι.

2533 5813 2639 5884 (76)
2678 5813 2789 5867 Col.
2825 5813 3009 5887 δεήσῃ.
