4234 6432
833 405 942 470 323

1944 397 2211 461 PHOTII
2246 396 2749 459 PATRIARCHIE
2784 398 2894 458 (ΣΡ.

3943 393 4050 460 324

834 529 1124 585 utrumque
1143 515 1288 569 enim
1304 513 1430 568 licet
1451 519 1691 566 mutuam
1711 509 1853 564 inter
1876 523 1936 564 se
1980 523 2216 580 pugnam
2263 524 2394 564 con-
2420 516 2468 570 Α
2495 527 2506 578 ῃ

2374 539 2394 550 -
2420 516 2468 570 Α
2495 511 2664 579 χωρεῖ
2678 507 2991 576 διαφεύγειν
3023 503 3136 574 (71)
3167 519 3183 536 ·
3235 503 3495 574 ἑκάτερον
3520 503 3626 574 γὰρ
3691 504 3740 557 εί
3791 503 3887 558 καὶ
3931 506 4046 574 (72)

835 617 1053 662 servent
1078 607 1145 675 (is
1192 607 1337 659 enim
1377 614 1462 658 est
1510 603 1690 672 impia:
1751 603 2038 656 sententia:
2059 600 2287 669 fructus)
2337 601 2391 654 in

833 699 1081 754 eamdem
1127 707 1305 751 tamen
1355 693 1784 764 imperfectionis
1812 703 1997 748 nolam
2036 693 2390 748 conveniunt.

903 873 973 927 45
1021 872 1220 926 Ρταξιει·
1247 881 1425 926 autem
1468 872 1609 925 dicta
1657 872 1700 924 si
1742 887 1882 925 unus
1909 882 1990 925 est
2029 870 2262 940 Spiritus
2286 910 2302 934 ,
2339 879 2395 926 et

834 966 1138 1017 eminenter
1159 972 1321 1032 atque
1361 965 1578 1032 proprie
1610 977 1753 1014 unus
1785 1005 1801 1028 ,
1839 963 2290 1031 quemadmodum
2339 972 2396 1018 et

834 1056 993 1112 Pater
1020 1065 1075 1109 et
1094 1054 1259 1109 Filius
1278 1070 1401 1108 vere
1423 1064 1584 1125 atque
1599 1053 2394 1125 ineﬂabiliterunus,quomodo

834 1165 944 1203 non
991 1149 1236 1218 iniquum
1272 1147 1432 1201 simul
1475 1157 1530 1199 et
1569 1147 1866 1200 absurdum
1914 1145 2115 1212 fuerit,
2151 1147 2395 1218 geminas

835 1241 1013 1295 eidem
1046 1255 1237 1293 causas
1267 1239 1580 1292 ascribere?

908 1419 995 1474 46.
1031 1418 1112 1472 0b
1146 1420 1240 1471 has
1277 1419 1436 1487 igitur
1483 1418 1724 1484 aliasque
1769 1416 1858 1469 his
1901 1415 2105 1470 similes
2153 1417 2394 1471 rationes

838 1511 1056 1562 tandem
1092 1509 1375 1576 aliquando
1398 1524 1560 1560 sensu
1598 1524 1692 1560 vos
1722 1518 1914 1561 vestrae
1956 1508 2250 1574 impietatis
2281 1507 2394 1558 alli-

840 1602 1055 1655 ciamini
1104 1612 1316 1669 oportet
1351 1613 1404 1654 et
1447 1603 1512 1654 ad
1553 1603 1831 1655 catholicze
1875 1613 2036 1670 atque
2085 1601 2394 1668 apostolica:

839 1693 1095 1746 Ecclesia:
1140 1693 1464 1746 sententiain
1505 1694 1690 1745 relicta
1749 1694 2106 1760 plurimorum
2151 1707 2392 1744 errorum

838 1796 1009 1839 matre
1050 1785 1437 1854 superstitione
1487 1786 1866 1848 conveniatis;
1901 1799 1964 1836 ac
2002 1799 2134 1852 pura
2177 1783 2394 1852 pietatis

2492 599 2629 668 πρὸς
2657 597 2860 666 ἄλληλα
2890 595 3255 668 προϐάλλεται
3283 596 3645 665 διαμάχεσθαι
3663 595 3911 665 (τοιαῦτα
3939 597 4048 666 γάρ

2493 689 2592 757 τῆς
2613 689 2842 750 ἀσεϐοῦς
2872 689 3081 757 σπορᾶς
3110 687 3178 739 τά
3208 688 3321 755 (73)
3354 687 3638 756 γεώργια),
3669 689 3816 757 ὅμως
3847 689 3928 751 είς
3948 690 4052 756 τήν

2493 781 2664 848 αὐτὴν
2687 780 2778 833 τοῦ
2813 779 3036 842 ἀτελοῦς
3065 779 3218 846 ῦϐριν
3243 778 3410 846 ἄμφω
3442 780 3662 846 συνάγει
3697 781 3834 848 (74).

2566 869 2680 942 [46]
2720 876 2822 941 με’.
2857 867 3000 941 [λε’.]
3025 869 3138 935 (75)
3191 867 3373 936 Χωρὶς
3400 867 3456 920 δὲ
3486 868 3595 920 τῶν
3639 869 3968 939 εἰρημένων,
3998 868 4049 920 ει

2493 965 2551 1018 ἓν
2572 967 2688 1016 εστι
2711 963 2773 1015 τὸ
2800 961 3024 1031 Πνεῦμα
3047 961 3139 1012 καὶ
3159 959 3454 1030 ὑπερφυῶς
3486 977 3544 1012 τε
3590 961 3685 1013 καὶ
3730 962 3935 1030 κυρίως
3965 962 4047 1020 ἓν,

2494 1055 2681 1125 ῶσπερ
2711 1055 2806 1107 καὶ
2847 1056 2877 1107 6
2924 1049 3110 1121 Πατὴρ
3141 1053 3234 1104 καὶ
3277 1053 3305 1104 6
3336 1052 3460 1114 Υἱὸς
3504 1051 3810 1120 εἰλικρινῶς
3849 1067 3909 1102 τε
3953 1052 4050 1103 καὶ

2495 1147 2634 1216 ὑπὲρ
2662 1147 2821 1213 λόγον
2842 1145 2921 1211 ἒν,
2953 1145 3068 1208 πῶς
3103 1145 3233 1198 αὐτὸ
3264 1144 3374 1214 (76)
3403 1144 3464 1196 τὸ
3518 1141 3762 1195 δυαδικδν
3811 1140 3925 1192 τῶν
3963 1155 4051 1191 αις⁵

2493 1238 2622 1291 τίων
2657 1239 2756 1290 οὐκ
2787 1236 2900 1307 (77)
2931 1237 3197 1306 ἔκθεσμον
3223 1237 3340 1306 άμα
3373 1237 3467 1290 καὶ
3511 1234 3774 1289 ἀδύνατον
3814 1232 4048 1304 ἐπιγρά-

2495 1328 2688 1394 φεσθαι
2721 1326 2855 1397 (78);

2568 1418 2861 1489 μς·’.1λς’.]
2899 1418 2997 1470 Διά
3026 1417 3194 1470 ταῦτα
3227 1417 3338 1485 (79)
3370 1415 3546 1468 τοίνυν
3576 1414 3670 1466 καὶ
3698 1413 3766 1464 τὰ
3802 1411 4046 1474 τοιαῦτα,

2495 1511 2595 1564 κᾶν
2630 1513 2728 1580 ὀψὲ
2760 1512 2888 1579 γοῦν
2921 1512 3029 1580 (80)
3060 1509 3346 1563 ἀναλαϐεῖν
3385 1509 3526 1578 ὑμᾶς
3559 1507 3818 1577 προσήκει
3866 1507 4053 1557 συναί-

2498 1605 2688 1673 σθησιν
2739 1605 2849 1656 τῶν
2900 1603 3275 1673 ἠσεϐημένων,
3327 1603 3420 1654 καὶ
3471 1601 3566 1667 τῆς
3607 1598 3895 1664 καθολικῆς
3955 1596 4053 1647 καὶ

2497 1696 2858 1765 ἀποστολικῆς
2899 1693 3222 1761 Ἐκκλησίας
3252 1694 3372 1745 ἀντὶ
3394 1692 3492 1760 τῆς
3518 1689 3891 1751 πολυπλανοῦς
3943 1689 4052 1740 6;:-

2499 1789 2835 1857 σιδαιμονίας
2861 1786 3136 1839 συνελθεῖν
3162 1784 3238 1854 τῷ
3263 1786 3568 1854 φρονήματι
3600 1783 3707 1852 (81)
3755 1783 3847 1834 καὶ
3904 1799 4051 1847 μυη-

838 1878 1084 1930 doctrina
1135 1878 1330 1930 initiati
1381 1877 1672 1929 addiscatis
1710 1877 1932 1928 credere
1973 1891 2039 1928 ex
2089 1885 2201 1928 toto
2231 1875 2394 1927 corde
2423 1846 2510 1933 Bt

2379 1890 2394 1927 Β
2423 1846 2470 1904 Β
2501 1846 2658 1951 θῆναι
2689 1881 2787 1948 μὲν
2817 1846 3074 1948 καθαρῶς
3269 1846 3568 1937 εὐσέϐειαν,
3608 1846 3934 1941 ’ἀναμαθεῖν
3995 1846 4051 1922 δὲ

839 1983 904 2020 ac
929 1968 1045 2019 sine
1071 1968 1172 2020 ulla
1206 1968 1402 2021 mentis
1433 1967 1789 2028 Iiaasiuitione,
1815 1967 1958 2034 quod
1985 1966 2239 2035 quaalibet
2273 1965 2394 2034 qui-

838 2061 960 2112 dem
992 2075 1224 2128 persona
1251 2060 1727 2111 consubstantialis
1747 2075 1810 2111 ac
1839 2059 2189 2111 divinissiinze
2225 2059 2399 2110 Trini-

841 2150 1238 2202 tatisineﬂahili
1269 2150 1544 2202 rationein
1576 2150 2007 2202 communionem
2039 2149 2396 2201 arctissimam

840 2256 963 2291 cum
993 2250 1120 2291 natu
1134 2257 1187 2291 ra
1220 2242 1543 2310 junguntur,
1578 2241 1873 2292 secundum
1903 2256 2028 2292 vero
2051 2239 2398 2306 hypostaseos

840 2331 1106 2384 rationem
1158 2330 1716 2384 incommuniCabilem
1748 2333 1888 2384 inter
1922 2348 1979 2384 se
2008 2343 2259 2386 tueantur
2285 2349 2400 2401 pro-

842 2423 1134 2491 prietatuni
1170 2425 1567 2475 characterem.
1617 2422 1731 2474 Non
1774 2424 1918 2475 enim
1953 2425 2119 2476 ullum
2173 2427 2228 2476 in
2267 2426 2397 2493 ipsis

841 2512 1048 2563 aditum
1077 2512 1381 2564 confusioni
1434 2513 1698 2580 permittit
1737 2514 2041 2578 distinctio;
2080 2530 2267 2582 apage,
2300 2514 2395 2568 sed

840 2606 981 2657 sicut
1034 2604 1233 2656 nullam
1285 2607 1627 2672 partitionem
1671 2625 1764 2660 seu
1817 2608 2138 2660 divisionem
2179 2609 2394 2660 illorum

841 2695 1138 2746 so-cuudum
1167 2703 1412 2747 naturam
1437 2698 1749 2748 communio
1773 2697 2025 2760 admittit,
2051 2698 2121 2750 ita
2147 2713 2246 2750 uec
2273 2711 2399 2765 pro-

841 2780 1121 2848 prictates,
1165 2783 1361 2850 quibus
1391 2785 1645 2851 qua-libet
1686 2787 1850 2838 trium
1902 2804 2253 2856 personarum
2285 2793 2399 2846 dis-

843 2872 1125 2940 tinguitur,
1162 2874 1212 2924 in
1239 2874 1395 2926 ullam
1422 2892 1641 2943 prorsus
1670 2879 2045 2932 confusionem
2073 2884 2397 2949 permiscen-

843 2975 952 3016 tur.
988 2964 1053 3017 Et
1100 2967 1256 3019 sicuti
1312 2983 1498 3021 rursus
1568 2969 1733 3022 Filius
1780 2973 1995 3040 quidem
2042 2986 2328 3042 generatur
2370 2992 2398 3029 a

842 3054 1021 3118 Patre,
1055 3071 1337 3126 permanet
1357 3071 1535 3115 tamen
1575 3063 1910 3117 inalteratam
1944 3067 2042 3119 sibi
2073 3083 2401 3122 conservans

2498 1972 2773 2025 πιστεύειν
2800 1972 2860 2034 ἐξ
2889 1970 3008 2023 ὅλου
3061 1968 3154 2021 τοῦ
3181 1970 3273 2021 νοῦ
3320 1968 3413 2020 καὶ
3451 1965 3684 2027 διανοίας
3741 1966 3816 2033 μὴ
3863 1964 4051 2016 διστα-

2498 2066 2716 2132 ζούσης,
2757 2063 2830 2126 ὡς
2854 2063 3080 2113 ἕκαστον
3141 2060 3238 2128 μὲν
3291 2061 3580 2127 πρόσωπον
3619 2056 3718 2123 τῆς
3765 2056 4052 2122 ὀμοουσίω

2499 2155 2898 2225 καὶθεαρχικῆς
2930 2153 3039 2223 (82)
3103 2152 3327 2221 Τριάδος
3362 2152 3621 2218 άφράστῳ
3644 2148 3783 2214 λόγῳ
3813 2148 3891 2208 εἰς
3938 2162 4056 2196 κο.-

2498 2251 2688 2300 νωνίαν
2711 2247 2805 2315 μὲν
2827 2247 3142 2298 ἀδιάστατον
3162 2244 3516 2295 συνάπτονται
3537 2245 3600 2308 τῇ
3625 2240 3803 2306 φύσει,
3832 2238 3969 2290 κατὰ
3999 2239 4054 2286 δὲ

2495 2340 2583 2391 τὸν
2615 2339 2711 2407 τῆς
2745 2338 3088 2398 ὑποστάσεως
3120 2334 3271 2400 λόγον
3303 2332 3418 2403 [47]
3449 2331 3819 2400 ἀμετάϐλητον
3848 2328 4051 2396 φυλάτ-

2494 2447 2676 2484 τουσιν
2704 2429 2960 2498 ἀλλήλαις
2995 2426 3086 2478 τὸν
3116 2426 3224 2476 τῶν
3265 2424 3568 2491 ἰδιωμάτων
3593 2421 3914 2490 χαρακτῆρα
3945 2435 3957 2448 ⁸
3993 2420 4054 2469 οὐ

2495 2522 2604 2592 γὰρ
2635 2520 2817 2590 χώραν
2837 2519 3050 2570 δίδωσιν
3081 2519 3137 2569 ὲν
3164 2517 3342 2576 αὐτοῖς
3368 2515 3428 2565 τὸ
3467 2514 3869 2581 συγκεχυμένον
3900 2511 4056 2562 ἐπελ-

2497 2614 2608 2665 θεῖν
2640 2615 2673 2682 ἡ
2716 2612 2986 2680 διάκρισις
3012 2627 3024 2638 ·
3056 2608 3236 2675 ἄπαγε
3268 2624 3282 2638 ο
3314 2607 3427 2660 ἀλλ’
3457 2605 3639 2674 ὥσπερ
3668 2604 3855 2655 οὐδένα
3899 2621 4056 2671 μερι-

2500 2705 2632 2774 σμὸν
2670 2705 2702 2773 ἦ
2751 2703 3015 2771 διαίρεσιν
3045 2702 3078 2769 ἡ
3126 2700 3237 2769 (85)
3267 2699 3405 2750 κατά
3452 2697 3610 2764 φύσιν
3640 2697 3746 2765 (81)
3803 2697 4055 2746 κοινωνία

2499 2797 2884 2864 παραδέχεται,
2902 2793 3072 2854 οῦτως
3103 2793 3222 2844 οὐδὲ
3249 2791 3316 2842 τὰ
3337 2790 3396 2853 ἐξ
3418 2783 3492 2842 ῶν
3534 2789 3734 2857 ἑκάστη
3757 2788 3865 2839 τῶν
3892 2789 4056 2855 τριῶν

2498 2887 2986 2956 χαρακτηρίζεται,
3049 2881 3310 2953 οὐμενοῦν
3355 2882 3430 2942 είς
3481 2879 3739 2948 οὐδεμίαν
3795 2878 4056 2946 σύγχυσιν

2501 2975 2737 3044 οὐδαμοῦ
2763 2975 2872 3044 (85)
2901 2976 3239 3041 ἁναφύρεται
3265 2972 3398 3041 (86).
3434 2970 3643 3039 Ὠσπερ
3670 2969 3782 3036 (87)
3805 2969 3862 3020 δὲ
3895 2967 4056 3020 πάλιν

2502 3069 2529 3118 6
2553 3067 2678 3129 Υἱὸς
2711 3068 2969 3133 γεννᾶται
2996 3065 3093 3133 μὲν
3123 3065 3186 3116 ὲκ
3221 3062 3316 3115 τοῦ
3357 3062 3589 3131 Πατρὸς,
3633 3061 3877 3127 διαμένει
3903 3059 3946 3110 δ’
3992 3058 4056 3108 ἂν

843 3149 1116 3203 liliationis
1161 3152 1472 3220 dignitatem
1495 3197 1509 3219 ,
1549 3157 1619 3208 ita
1655 3167 1708 3209 et
1744 3159 2122 3213 sanctissimus
2165 3162 2399 3230 Spiritus
2427 3185 2468 3241 ρ
2502 3162 2515 3211 ξ

2381 3179 2399 3216 3
2427 3185 2468 3241 ρ
2502 3157 2859 3212 ἀναλλοίωτον
2877 3154 3053 3224 ἑαυτῴ
3070 3155 3253 3223 (88)τὸ
3268 3157 3365 3223 τῆς
3385 3154 3626 3222 υἱὸτητος
3646 3151 3926 3219 συντηρῶν
3944 3150 4053 3214 (89)

843 3243 1085 3310 procedit
1109 3244 1320 3311 quidem
1351 3262 1379 3298 a
1399 3247 1573 3311 Patre,
1599 3259 1924 3304 manetvero
1954 3255 2392 3307 incommutatam

842 3331 945 3385 sibi
977 3349 1196 3388 servans
1244 3337 1605 3404 processionis
1644 3340 1944 3406 rationem;
1975 3350 2029 3394 et
2053 3357 2157 3410 qua
2185 3343 2392 3399 ratione

2501 3251 2738 3320 ἀξίωμα,
2776 3248 2917 3300 οῦτω
2948 3247 3124 3299 καὶτὸ
3164 3245 3385 3314 Πνεῦμα
3414 3244 3473 3296 τὸ
3498 3245 3760 3310 πανάγιον
3801 3243 3912 3309 (90)
3969 3244 4056 3290 ἐκ-

2500 3344 2789 3414 πορεύεται
2830 3341 2928 3409 μὲν
2956 3339 3052 3393 τοῦ
3076 3338 3308 3408 Πατρὺς,
3365 3336 3516 3406 μένει
3572 3336 3616 3387 δ’
3678 3333 4051 3405 ἀμετάϐλητον

1945 3543 2176 3598 VARIA‘I
2218 3545 2598 3600 LECTIONES
2649 3543 2737 3598 ET
2773 3540 3001 3597 NOTAE.

916 3718 1025 3789 (71)
1047 3718 1162 3789 Col.
1188 3719 1484 3785 διαφυγεῖν.

916 3788 1027 3858 (7‘2)
1051 3788 1190 3842 Non.
1225 3793 1319 3840 καὶ
1346 3793 1413 3842 εἰ.

917 3860 1029 3926 (75)
1062 3861 1340 3927 εἰσπρᾶς.

917 3931 1028 3996 (74)
1056 3930 1464 3996 Argumentum,
1488 3946 1596 3997 quo
1634 3931 2058 3999 imperfectionis
2102 3933 2156 3985 in
2184 3932 2390 3986 Divini—

846 4009 955 4054 tate
977 4009 1193 4070 asserta;
1217 3999 1290 4050 rei
1318 4011 1617 4067 arguuntur
1640 4001 1833 4062 Latini,
1863 4017 2004 4070 saepe
2034 4004 2175 4070 apud
2231 4005 2385 4054 theo-

847 4069 994 4138 logos
1042 4067 1342 4138 Photiauos
1387 4073 1528 4121 varie
1585 4067 2226 4125 cll'ormatmu—recurrit.
2274 4073 2388 4127 Huc

847 4137 1056 4210 spectat
1082 4137 1250 4190 Nicol.
1301 4137 1537 4192 Methon.
1579 4143 1804 4210 cap._2:
1864 4143 1924 4192 Et
1957 4143 2012 4192 ἓν
2069 4143 2126 4192 τὸ
2168 4143 2390 4210 Πνεῦμα

846 4209 940 4260 καὶ
976 4209 1201 4267 τέλειον,
1232 4210 1350 4258 ἐπεὶ
1381 4211 1474 4260 καὶ
1501 4208 1750 4272 θεὸς,είς
1786 4211 1840 4264 δὲ
1887 4211 2024 4271 θεὸς,
2061 4213 2140 4262 ὅτι
2185 4214 2275 4263 καὶ
2305 4208 2392 4263 τέ-

845 4278 1004 4340 λειος,
1036 4279 1116 4348 δτι
1136 4278 1228 4348 καὶ
1259 4277 1479 4343 ἀγαθὸς,
1510 4280 1569 4341 ἐξ
1597 4282 1712 4340 ἐνὸς
1749 4280 1812 4332 ἂν
1838 4280 1921 4348 εἴη
1947 4281 2039 4332 καὶ
2067 4281 2274 4332 τελείου
2297 4281 2389 4332 τοῦ

846 4345 1074 4427 ἀρχικοῦ
1107 4347 1301 4427 αἰτίου,
1334 4348 1469 4427 ᾇπερ
1516 4351 1543 4399 ὁ
1568 4345 2007 4427 ’πατηρηξὶίέδὲῌ
2050 4350 2124 4427 μὴ
2276 4352 2393 4427 ἑνὸς

846 4416 1268 4488 τούτουῗμόνου,
1328 4416 1461 4468 ἀλλὰ
1497 4420 1589 4469 καὶ
1624 4416 1735 4488 (τοῦ
1786 4417 1923 4488 ὐίοῦ,
1954 4418 2062 4472 οὔτ’
2102 4416 2261 4470 αὐτὸν
2289 4421 2395 4488 ἄρα

2567 3725 2679 3807 (Et?!)
2705 3725 2760 3807 '1‘
2787 3727 2908 3807 (³(δά-
2937 3727 3079 3807 MOI).
3101 3744 3240 3807 _cap.
3267 3727 3369 3781 κθ’.

2565 3796 2673 3868 (79)
2711 3796 2962 3868 Fortasse
2989 3799 3134 3866 αὐτῴ
3191 3796 3249 3852 et
3302 3812 3488 3851 revera
3526 3798 3674 3868 αὐτῷ
3722 3797 3904 3850 liabet.
3934 3797 4049 3850 Col.

2563 3864 2674 3930 (77)
2714 3867 2811 3916 οὐκ
2840 3867 2989 3919 deest
3023 3869 3075 3919 in
3108 3864 3260 3921 Moti.

2563 3934 2670 4000 (78)
2707 3935 2878 3987 Nicol.
2905 3936 3140 4000 Methon,
3172 3953 3289 4005 cap.
3315 3937 3350 3990 ‘2
3375 3935 3554 4003 (supra
3582 3951 3631 3988 c.
3684 3936 3772 3999 44,
3816 3943 3934 3988 not.
3971 3936 4044 3992 8).

2490 4019 2609 4071 cap.
2639 4005 2704 4058 15
2731 4023 2744 4059 ;
2787 4007 2980 4057 Οὐκέτι
3005 4007 3061 4057 ἓν
3085 4010 3177 4060 καὶ
3208 4009 3363 4073 μόνον
3390 4008 3448 4056 τὸ
3478 4007 3698 4071 Πνεῦμα
3727 4022 3739 4034 ·
3778 4005 3892 4066 πῶς
3938 4007 4042 4070 γὰρ

2489 4077 2549 4146 τὸ
2573 4076 2645 4146 μὴ
2679 4075 2735 4137 ἐξ
2767 4076 2881 4137 ἑνὸς
2913 4076 3045 4145 μηδὲ
3092 4079 3285 4146 μόνους
3319 4091 3437 4146 cap.
3472 4077 3578 4127 28:
3619 4075 3760 4146 "boy
3816 4074 3917 4141 μὲν
3951 4077 4048 4125 οὐκ

2487 4144 2552 4194 ἂν
2577 4140 2666 4212 εἴη
2695 4145 2754 4194 τὸ
2793 4147 2855 4197 ἐκ
2885 4140 2998 4207 δύο,
3028 4140 3102 4208 ῶς
3131 4164 3283 4213 φασι,
3318 4145 3394 4212 τῷ
3437 4146 3492 4209 ἐξ
3519 4147 3634 4208 ἑνός
3670 4161 3684 4175 ο
3716 4140 3784 4212 ἦν
3817 4140 3927 4210 γὰρ
3958 4150 4049 4194 καὶ

2489 4215 2622 4264 αὐτὸ
2651 4214 2711 4276 ἐξ
2737 4215 2851 4275 ἑνὸς
2881 4217 2912 4284 ἢ
2941 4219 3189 4277 κάκεῖνος
3227 4217 3273 4284 (6
3305 4217 3438 4275 υίὸς)
3487 4217 3552 4268 εκ
3600 4215 3708 4266 δύο.
3743 4213 3900 4281 Apud
3950 4213 4052 4263 llu-

2490 4299 2616 4351 gon.
2655 4285 2839 4336 Ether.
2867 4283 2980 4351 Lit,
3013 4301 3060 4336 c.
3089 4287 3177 4346 2|,
3210 4301 3261 4351 p.
3294 4284 3427 4335 1226
3456 4303 3466 4335 :
3509 4302 3526 4333 ι
3563 4285 3712 4347 Quod
3743 4298 3804 4334 ex
3837 4283 4052 4334 duobus

2491 4363 2590 4410 est.
2625 4355 2670 4404 ei
2699 4354 2840 4420 quod
2880 4370 2942 4407 ex
2979 4371 3084 4407 uno
3118 4365 3343 4412 tantum,
3381 4369 3654 4420 nunquam
3687 4363 3770 4404 est
3817 4354 4046 4418 aqualv.

2493 4423 2650 4488 Atqui
2678 4422 2905 4489 Spiritus
2938 4441 3000 4477 ex
3037 4425 3246 4476 duobus
3270 4432 3370 4483 est,
3400 4438 3521 4475 cum
3552 4421 3715 4473 Filius
3757 4436 3820 4472 ex
3890 4420 4050 4470 Patre

845 4487 905 4579 Ξν
937 4487 1240 4579 οὶῖτέςὲχὰρ
1262 4488 1322 4535 τὸ
1359 4488 1432 4570 μῂ
1463 4488 1521 4549 ἐξ
1549 4487 1714 4579 ἐξιόςῷ
1739 4487 1861 4538 οὐτε
1892 4489 1950 4568 τὸ
1982 4490 2200 4579 ἀρχικὸν
2229 4487 2396 4570 αἴτιον
2428 4525 2470 4579 D
2500 4506 2517 4579 ξ

2379 4507 2396 4539 ν
2428 4525 2470 4579 D
2500 4487 2978 4579 iolonativitatem
3018 4495 3237 4572 habeat;
3261 4507 3530 4570 ergoinon
3561 4501 3643 4543 est
3665 4489 3888 4556 aequalis
3920 4489 4051 4541 Fila»

848 4555 927 4617 ἓν,
952 4555 1084 4606 ἀλλά
1110 4556 1231 4616 δύο,
1265 4557 1467 4626 πατὴρ
1509 4557 1747 4616 καὶουίός
1773 4572 1786 4586 ⁸
1825 4559 1916 4609 καὶ
1945 4555 2222 4626 οὐδέτερον
2272 4558 2396 4608 τού-

847 4643 954 4676 των
988 4625 1215 4696 τέλειον,
1252 4625 1365 4696 ἀλλ’
1397 4627 1580 4686 ἀτελὲς
1613 4627 1891 4696 ἑκάτερον,
1918 4629 2045 4696 παρ’
2076 4625 2198 4678 ὅσον
2229 4627 2397 4678 δεῖται

847 4695 1091 4763 ἀλλήλων
1123 4697 1198 4754 εἰς
1229 4695 1323 4762 τὴν
1347 4698 1707 4763 προσαγωγὴν
1754 4697 1846 4748 τοῦ
1897 4695 2204 4763 πνεύματος
2237 4712 2250 4724 ·
2290 4697 2396 4748 οὐδ’

848 4715 1091 4763 αΑΑηΑων
1123 4715 1198 4754 εις
1229 4715 1323 4762 την
1347 4715 1707 4763 προσαγωγην
1754 4715 1846 4748 του
1897 4715 2029 4746 πνευ
2081 4715 2204 4757 ατος
2237 4715 2250 4724 ”
2290 4715 2380 4748 ουο

848 4766 1008 4816 αὐτὸν
1035 4765 1140 4834 ἆρα
1167 4764 1224 4814 τὸ
1249 4763 1460 4834 πνεῦμα
1487 4767 1687 4816 τέλειον
1707 4783 1720 4794 ·
1744 4767 1859 4826 πῶς
1875 4769 1979 4834 γὰρ
2004 4715 2138 4830 τδιέξ
2161 4766 2395 4831 ἀτελῶν;

848 4835 995 4886 οὐδὲν
1025 4833 1127 4901 γάρ
1147 4834 1346 4884 τέλειον
1372 4833 1662 4895 ὲξὰτελῶν.
1686 4834 1836 4902 llugo
1866 4833 2048 4886 Etlicr.
2078 4835 2114 4887 l.
2136 4851 2193 4897 ll,
2223 4851 2272 4887 e.
2302 4834 2394 4897 10,

848 4921 904 4974 ι).
932 4903 1087 4974 HM,
1124 4903 1278 4962 1205,
1309 4905 1588 4974 nonsatis
1622 4916 1870 4956 accurate
1911 4904 2024 4956 hac
2062 4904 2132 4956 ita
2185 4905 2395 4956 reddit:

855 4993 873 5022 ι
923 4973 977 5025 Si
1010 4989 1150 5025 unus
1189 4981 1270 5025 est
1302 4973 1536 5040 Spiritus
1568 4983 1621 5026 et
1643 4976 1933 5040 perlectus.
1984 4974 2108 5040 quia
2146 4974 2304 5036 Deus,
2345 4982 2400 5025 et

848 5044 1141 5112 perfectus,
1171 5044 1424 5110 quoniam
1446 5044 1615 5095 bonus
1638 5051 1781 5108 (nam
1801 5044 1942 5110 quod
1966 5043 2261 5111 perfectum
2291 5059 2398 5095 non

847 5124 950 5176 est,
984 5113 1090 5166 imo
1118 5113 1259 5181 quod
1292 5113 1617 5176 huiusmodi,
1659 5116 1857 5166 bonum
1892 5115 2150 5180 nonest),
2199 5128 2260 5164 ex
2294 5129 2396 5165 una

850 5185 1036 5252 utique
1067 5183 1139 5235 sit
1168 5192 1223 5235 et
1260 5184 1494 5250 perfecta
1523 5194 1578 5235 et
1631 5184 1912 5252 principali
1944 5199 2125 5247 causa,
2174 5198 2292 5250 quae
2318 5191 2401 5235 est

850 5252 1030 5313 Pater,
1079 5253 1499 5319 unumquidque.
1536 5254 1588 5305 Si
1629 5264 1809 5306 autem
1850 5269 1956 5305 non
1988 5263 2069 5306 est
2097 5267 2159 5304 ex
2187 5267 2313 5312 uno,
2346 5261 2400 5304 et

851 5323 955 5376 hoc
990 5322 1125 5387 solo,
1155 5323 1246 5374 sed
1281 5330 1335 5374 et
1376 5337 1439 5373 ex
1489 5321 1644 5386 Filio,
1686 5340 1792 5374 non
1842 5323 1979 5376 idem
2031 5338 2156 5390 ergo
2208 5337 2395 5373 unum.

851 5394 1130 5458 Quomodo
1159 5392 1301 5443 enirn
1333 5400 1434 5454 est,
1463 5394 1602 5458 quod
1643 5408 1748 5445 non
1777 5407 1841 5444 ex
1884 5407 2006 5452 uno,
2034 5405 2206 5459 neque
2248 5391 2399 5456 priu-

849 5462 1030 5531 cipali,
1062 5476 1221 5514 causa
1260 5463 1407 5513 una?
1442 5462 1554 5531 Duo
1581 5464 1722 5515 enim
1753 5471 1879 5515 sunt
1913 5461 2070 5515 Pater
2119 5470 2174 5514 et
2211 5459 2396 5522 Filius,

850 5530 912 5586 et
931 5541 1124 5585 neuter
1149 5546 1334 5584 eorum
1368 5530 1662 5601 perfectus.
1703 5534 1757 5584 in
1795 5543 2052 5601 quantum
2085 5531 2166 5583 sui
2218 5531 2284 5582 ad
2316 5531 2400 5582 in-

849 5603 1023 5671 yicem
1054 5602 1315 5671 egentiad
1341 5599 1771 5671 productionem.
1815 5599 1930 5655 Non
1959 5611 2040 5656 est
2073 5601 2233 5669 igitur
2286 5602 2400 5667 ipse

850 5670 1083 5740 Spiritus
1122 5670 1410 5740 perfectus.
1447 5672 1726 5736 Quomodo
1764 5674 1930 5735 enim,
1972 5687 2092 5722 cum
2123 5671 2192 5724 sit
2218 5687 2281 5724 ex
2305 5686 2402 5740 uu-

851 5739 1135 5811 perl'ectis?
1161 5739 1302 5794 Nihil
1353 5759 1417 5795 ex
1448 5741 1778 5810 imperfectis
1822 5741 2135 5809 perfectum.
2174 5758 2192 5790 ι
2226 5770 2292 5782 -
2341 5739 2399 5792 In

854 5813 1175 5882 quibusdam
1202 5811 1415 5868 videtur
1443 5813 1597 5883 llugo
1627 5813 1780 5869 aliter
1813 5812 2025 5885 legisse.

2503 4559 2753 4627 Spiritus.
2780 4562 2871 4614 sed
2899 4572 2991 4613 aut
3021 4563 3189 4628 major
3217 4571 3309 4613 aut
3333 4559 3532 4614 minor.
3579 4578 3599 4611 ›

2572 4631 2679 4696 (79)
2709 4630 2851 4683 Μοιι.
2887 4631 2972 4682 διὰ
3004 4631 3181 4682 τοῦτο.

2571 4700 2680 4765 (80)
2710 4699 2853 4751 Mon.
2887 4703 2914 4751 6
2935 4702 3000 4768 ψὲ
3024 4701 3172 4765 γοῦν.

2572 4770 2680 4835 (81)
2712 4770 2789 4822 En
2829 4785 2923 4822 sua
2952 4767 3210 4838 dogmata
3241 4783 3430 4822 rursus
3485 4768 3758 4822 catholicre
3794 4767 4050 4838 Ecclesi:e

2499 4840 2818 4890 sententiam
2845 4855 2962 4892 esse
2987 4837 3312 4907 proclamat;
3345 4853 3452 4889 non
3495 4839 3686 4890 minori
3724 4837 4046 4890 conﬁdentia

2499 4921 2650 4957 suam
2675 4908 2970 4960 doctrinam
3009 4909 3059 4960 in
3077 4923 3164 4976 ep.
3196 4908 3260 4960 ad
3293 4907 3838 4976 Aquileiarcliiepisc.
3893 4917 4048 4957 vocat

2498 4976 2594 5094 ’ἑὴν
2631 4977 2731 5028 ἀνὰ
2752 4980 2930 5029 πᾶσαν
2965 4978 3064 5047 τὴν
3092 4974 3416 5046 οἰκουμένην
3473 4974 3858 5047 ὲξαπλωμένην
3895 4977 4048 5026 εὐσέ-

2535 5061 2669 5094 ειαν.

2535 5061 2669 5096 ειαν.

2573 5115 2680 5186 (8⁵9.)
2705 5115 2844 5186 Μοη.
2873 5133 2886 5168 :
2931 5116 3259 5186 ζωαρχικῆς.

2573 5185 2680 5256 (8Σᾷ)
2722 5185 2863 5256 μοι).
2897 5187 2949 5256 ἥ.

2573 5253 2680 5326 (84)
2710 5253 2824 5326 Col.
2865 5253 3065 5324 ὴκατὰ
3102 5255 3198 5326 τὴν
3228 5256 3408 5322 φύσιν.

2573 5325 2684 5386 (85)
2711 5324 2823 5375 Col.
2849 5326 3116 5392 οὐδαμῶς.

2572 5394 2684 5460 (86)
2718 5394 2858 5446 Mon.
2884 5395 3234 5462 ἀναφέρεται.

2572 5462 2682 5535 (87)
2713 5463 2768 5535 In
2805 5464 2865 5516 C.
2893 5463 3046 5535 lion.
3065 5465 3161 5535 hic
3190 5465 3396 5535 incipit.
3425 5479 3558 5535 cap.)
3583 5464 3669 5518 30.

2535 5534 2684 5653 δ(88)
2716 5532 2856 5587 Mon.
2885 5533 2924 5586 f.
2977 5534 3082 5586 458
3139 5549 3190 5587 a.
3233 5531 3316 5590 ιλ·
3353 5537 3396 5587 δ’
3447 5531 3798 5598 ἀναλλοίωτος
3853 5531 4046 5588 ἑαυτοῦ

2595 5620 2644 5653 τ.

2501 5619 2562 5654 το
2595 5620 2644 5653 τ.

2574 5671 2685 5739 (89)
2713 5670 2854 5742 Men.
2884 5673 3084 5742 τηρῶν.

2574 5743 2685 5811 (90)
2718 5741 2860 5796 Μοη.
2893 5743 2953 5795 τὸ
2977 5743 3148 5811 άγιον.
