4234 6432
844 376 945 440 327

1958 371 2222 433 ΡΗΟΤΙΙ
2258 371 2757 432 ΡΑΤΒΙΑΒΟΗᾸΞ
2798 373 2903 434 CP.

3963 383 4068 447 39.8

912 487 1004 541 48.
1041 487 1184 539 Esto.
1221 482 1290 539 At
1319 481 1570 550 inquiunt
1591 477 1839 532 nonnulli
1869 478 2153 533 hmrcticos
2179 479 2399 532 dicere:
2432 485 2479 539 Α
2581 501 2584 546 γ

2391 495 2399 531 ε
2432 485 2479 539 Δ
2581 486 2693 548 μη’-
2737 479 2889 550 (λη’.)
2949 475 3088 534 Εἶεν.
3135 481 3295 537 Ἀλλὰ
3343 485 3452 555 γάρ
3489 488 3621 556 φασί
3653 506 3795 555 τινες
3827 494 3952 554 τοὺς
3979 499 4063 546 αἰ-

846 579 1122 643 Quomodo
1228 592 1337 628 non
1388 572 1674 626 manifeste
1737 570 2035 638 repudiatis
2096 584 2403 638 praeconem

847 671 995 722 illum
1024 667 1274 720 Ecclesia:
1291 664 1542 731 orbisque
1563 664 1838 715 doctorem
1861 659 2107 724 Paulum,
2126 661 2402 714 cwlestcm

847 760 996 813 illum
1033 759 1225 818 virum,
1265 757 1356 823 qui
1387 753 1586 823 ingenti
1627 767 1860 820 vereque
1897 753 2103 804 caelesti
2134 752 2402 804 exclamat

845 869 975 907 voce
1004 870 1015 902 :
1047 852 1180 904 Misit
1210 848 1342 901 Deus
1371 847 1628 912 Spiritum
1667 845 1787 897 Filii
1821 845 1903 896 sui
1943 846 1998 896 in
2033 847 2189 896 corda
2228 856 2400 896 vestra

847 946 1202 997 clamantem:
1240 941 1404 1000 Abba,
1459 938 1620 991 Pater
1653 939 1692 967 ⁶¹
1752 937 1804 989 Si
1845 937 2008 1006 igitur
2046 935 2243 989 Paulus
2268 936 2403 1006 dog-

846 1047 1046 1090 matum
1078 1045 1344 1090 rectorum
1379 1047 1563 1085 norma
1597 1030 1856 1098 Spiritum
1888 1030 2019 1083 dicit
2050 1045 2080 1082 e
2105 1029 2240 1082 Filio
2267 1046 2397 1098 pro-

843 1133 1058 1192 cedere,
1094 1128 1365 1198 quomodo
1403 1127 1493 1195 qui
1540 1127 1640 1178 hoc
1681 1140 1791 1177 non
1840 1123 2176 1186 admittunt,
2222 1123 2399 1192 ipsum

843 1224 1224 1292 mysteriorum
1267 1221 1566 1274 cmlestinm
1612 1220 1888 1272 doctorem
1935 1235 2044 1270 non
2075 1215 2403 1284 rcpudiant?

842 1319 911 1370 At
941 1314 1094 1382 quis,
1133 1327 1317 1380 quaeso
1357 1311 1578 1362 Paulum
1636 1325 1958 1361 arcanorum
2020 1309 2397 1376 mysteriorum

843 1409 1119 1461 doctorem
1149 1405 1372 1458 calculis
1396 1404 1650 1456 omnibus
1691 1402 1932 1470 respuit,
1975 1418 2040 1454 an
2074 1402 2118 1453 is
2147 1401 2238 1469 qui
2274 1417 2398 1453 eum

841 1498 1058 1552 Christo
1091 1498 1345 1566 magistro
1366 1510 1463 1548 suo
1492 1504 1545 1546 et
1575 1493 1848 1546 communi
1884 1494 2107 1546 Domino
2130 1492 2401 1545 contradi-

840 1600 1053 1644 centem
1080 1588 1366 1641 ostendere
1393 1588 1679 1648 nititur,an
1708 1602 1835 1638 vero
1861 1587 1950 1653 qui
1971 1586 2138 1652 ipsius
2161 1600 2283 1637 cum
2311 1585 2400 1637 illo

837 1682 1248 1735 consensionem
1308 1680 1760 1745 concordiamque
1818 1689 2099 1730 reveretur
2143 1693 2205 1729 ac
2253 1677 2398 1730 cele-

836 1771 991 1825 brat?
1022 1771 1073 1822 δί
1101 1769 1246 1822 enim
1289 1770 1550 1823 Dominus
1581 1770 1796 1836 quidem
1845 1768 2105 1836 Spiritum
2137 1785 2201 1821 ex
2240 1767 2398 1821 Patre

836 1863 1130 1932 procedere
1151 1863 1326 1923 docet,
1357 1861 1575 1914 Paulum
1607 1877 1736 1913 vero
1767 1861 1973 1913 inducit
2007 1861 2226 1915 haeresis
2252 1876 2398 1913 asse-

837 1963 1048 2007 rentem
1080 1970 1142 2007 ex
1177 1952 1332 2014 Filio,
1359 1962 1479 2005 uter
1508 1967 1724 2020 quasso.
1775 1951 1923 2004 illum
1961 1952 2250 2019 repudiat?
2287 1952 2399 2004 imo

836 2047 1019 2115 potius
1047 2046 1090 2098 is
1122 2045 1269 2097 illum
1303 2045 1572 2112 repudiat,
1598 2043 1687 2110 qui
1726 2043 2174 2096 contradictionis
2208 2044 2400 2096 adver-

835 2147 927 2185 sus
957 2131 1241 2183 Dominum
1264 2146 1388 2184 eum
1421 2131 2134 2198 accusatinevitabilemque
2173 2132 2397 2183 temeri-

837 2223 958 2276 tatis
995 2239 1209 2288 pcenam
1240 2224 1338 2275 sibi
1365 2223 1645 2290 acquirere
1681 2238 1801 2274 eum
1853 2222 2160 2275 contendit.
2198 2221 2394 2283 Vides,

835 2316 1108 2383 quomodo
1135 2315 1283 2368 orbis
1311 2314 1545 2366 universi
1575 2314 1851 2366 doctorem
1896 2312 2136 2365 doctoris
2191 2311 2397 2365 honore

839 2407 979 2458 hami
1013 2421 1211 2458 exuere
1243 2405 1404 2467 nosti,
1427 2404 1698 2472 quomodo
1722 2419 1870 2463 eum,
1897 2403 1986 2471 qui
2014 2419 2114 2456 nos
2138 2404 2202 2457 ad
2231 2404 2399 2471 pieta-

837 2508 943 2550 teln
973 2497 1122 2550 ducit
1144 2513 1252 2549 non
1278 2497 1630 2549 veneratione
1657 2496 1989 2564 obsequiove
2022 2499 2393 2565 prosequeris.

833 2590 928 2641 sed
963 2588 1180 2641 infamia
1224 2597 1384 2656 atque
1422 2589 1714 2656 ignominia
1761 2590 2048 2656 inspergis.
2105 2590 2212 2643 Sed
2261 2590 2397 2643 nihil

835 2690 1030 2750 prater
1070 2697 1275 2734 morem
1325 2697 1483 2735 suum
1520 2682 1606 2734 hic
1650 2683 1758 2751 agit
1801 2682 2040 2734 haeresis.
2091 2682 2222 2744 Qua:
2251 2682 2396 2734 enim

835 2771 1011 2840 ipsum
1035 2770 1223 2823 Filium
1259 2770 1607 2838 Verbumque
1632 2771 1722 2824 Dei
1750 2771 2076 2824 calumniata
2106 2771 2226 2831 fuit,
2250 2771 2396 2839 quod

834 2879 1015 2918 secum
1048 2864 1163 2932 ipse
1200 2863 1487 2931 aliquando
1515 2864 1798 2934 pugnarit,
1834 2866 2107 2932 quomodo
2141 2880 2251 2917 non
2288 2865 2394 2918 sibi

834 2967 1199 3009 consentanea
1226 2955 1372 3017 facit,
1409 2956 1533 3008 dum
1569 2965 1623 3008 et
1647 2957 1942 3025 genuinum
1972 2957 2090 3024 ejus
2135 2956 2396 3010 famulum

833 3057 889 3100 et
917 3049 1245 3116 discipulum
1270 3049 1368 3116 ipsi
1393 3049 1664 3101 contraria
1698 3049 1971 3101 dicentem
2010 3049 2200 3116 objicit
2240 3065 2396 3101 eum-

2508 566 2772 634 ρεσιὼτας
2808 568 3017 635 λέγειν·
3055 569 3175 631 Πῶς
3207 572 3262 624 δὲ
3296 573 3385 624 τὸν
3436 577 3656 644 κήρυκα
3695 581 3792 647 τῆς
3837 583 4064 651 Ἐκκλη-

2507 656 2648 718 σίας,
2675 659 2765 708 τὸν
2795 659 2892 725 τῆς
2915 663 3238 729 οἰκουμένης
3268 664 3587 718 διδάσκαλον
3619 669 3716 721 οὐκ
3744 669 3810 722 ἂν
3839 673 4057 739 ἁλοίητε

2505 751 2992 818 παραγραφόμενοι
3054 754 3292 821 Παῦλον;
3370 758 3582 810 ἐκεῖνον
3647 761 3737 812 τὸν
3807 762 4062 831 οὐράνιον

2503 839 2808 907 ἄνθρωπον,
2861 843 2918 904 ὃς
2968 845 3107 911 μέγα
3169 864 3228 898 τε
3268 850 3361 900 καὶ
3412 850 3485 911 ὡς
3539 851 3755 920 άληθῶς
3811 856 4065 923 οὐράνιον

2503 936 2911 1003 άνακέκραγεν·
2959 936 3419 999 Ἐξαπέστειλεν
3451 945 3483 995 ό
3519 945 3663 1008 Θεὸς
3706 945 3768 998 τὸ
3817 948 4063 1016 Πνεῦμα

2501 1027 2607 1080 τοῦ
2640 1028 2779 1080 Υἱοῦ
2808 1028 2995 1081 αὑτοῦ
3028 1033 3116 1094 εἰς
3148 1031 3249 1095 τὰς
3289 1033 3535 1099 καρδίας
3564 1035 3728 1103 ὑμῶν
3763 1038 3895 1106 (10),
3917 1039 4062 1106 κρᾶ-

2503 1118 2599 1177 ζον
2624 1136 2638 1148 ·
2684 1118 2877 1184 Ἀϐϐά,
2910 1123 2942 1173 ό
2976 1119 3195 1188 Πατήρ.
3226 1123 3285 1174 Εἰ
3321 1119 3412 1175 οὖν
3454 1125 3662 1189 Παῦλος
3694 1130 3722 1180 6
3747 1129 3854 1181 τῶν
3884 1129 4062 1199 ὀρθῶν

2500 1212 2784 1280 δογμάτων
2838 1213 3075 1282 γνώμων
3129 1215 3187 1266 τὸ
3224 1216 3446 1284 Πνεῦμα
3486 1217 3633 1284 λέγει
3677 1221 3740 1270 ὲκ
3797 1219 3893 1272 τοῦ
3932 1222 4062 1274 Υἰοῦ

2501 1303 2914 1372 ἐκπορεύεσθαι,
2972 1307 3088 1367 πῶς
3157 1311 3204 1360 οἰ
3272 1310 3345 1378 μὴ
3406 1309 3566 1362 τοῦτο
3631 1313 4064 1381 παραδεχόμενοι

2501 1395 2662 1446 αὑτὸν
2711 1396 2803 1447 τὸν
2846 1399 3203 1466 μυσταγωγὸν
3254 1400 3361 1450 τῶν
3396 1402 3662 1470 οὐρανίων
3727 1405 4065 1472 παραδέχον-

2499 1489 2746 1556 ται(11);
2797 1491 2904 1540 Καὶ
2959 1491 3041 1554 τίς
3096 1494 3212 1544 ἐστι
3285 1493 3493 1545 Παῦλον
3555 1495 3647 1546 τὸν
3700 1495 3902 1565 θεωρὸν
3954 1499 4064 1549 τῶν

2673 1581 2997 1650 ἀπορρήτων
3041 1582 3098 1642 ὃς
3144 1583 3382 1645 ἁπάσαις
3443 1585 3643 1653 ψήφοις
3697 1590 4060 1657 παραγράφε-

2501 1673 2745 1741 ται(12),
2801 1677 2829 1726 6
2857 1676 2992 1745 πρὸς
3036 1676 3124 1727 τὸν
3176 1677 3493 1730 διδάσκαλον
3527 1680 3689 1731 αὐτοῦ
3725 1683 3817 1732 καὶ
3880 1685 4060 1734 κοικὸν

2503 1765 2778 1832 Δεσπότην
2833 1765 3326 1836 άντιφθεγγόμενον
3378 1769 3636 1832 ἐπιδεῖξαι
3667 1771 3776 1840 (15)
3830 1773 4064 1826 σπουδά-

2432 1821 2471 1876 B
2501 1856 2628 1918 ζων,
2664 1856 2695 1925 ἦ
2732 1821 2779 1906 ,ὁ
2829 1857 2926 1926 τὴν
2968 1821 3119 1927 ergo:
3146 1821 3306 1911 αὐτὸν
3382 1821 4063 1930 συμφωνίαν

2505 1947 2846 2014 σεεάσματος
2874 1949 3020 2013 ἄγων
3049 1951 3147 2001 καὶ
3183 1951 3468 2018 άνυμνῶν;
3494 1953 3554 2004 Εἰ
3589 1952 3695 2020 γάρ
3720 1954 3748 2005 6
3771 1956 4059 2022 Δεσπότης

2502 2038 2600 2106 μὲν
2632 2040 2694 2090 ὲκ
2717 2038 2808 2090 τοῦ
2837 2039 3045 2109 Πατρὸς
3074 2041 3134 2091 τὸ
3166 2041 3386 2110 Πνεῦμα
3430 2043 3824 2112 ἐκπορεύεσθαι
3889 2063 4058 2113 μυστ-

2498 2134 2720 2197 αγωγεῖ,
2785 2131 2993 2184 Παῦλον
3033 2133 3090 2185 δὲ
3140 2134 3172 2202 ἡ
3207 2134 3414 2202 αἵρεσις
3470 2135 3812 2203 δογματίζειν
3852 2140 4062 2206 εἰσάγει

2497 2222 2561 2272 ἐκ
2615 2221 2707 2273 τοῦ
2749 2221 2902 2284 Υίοῦ,
2947 2224 3028 2286 τίς
3052 2225 3119 2276 ἂν
3150 2225 3235 2293 εἴη
3279 2226 3306 2276 6
3369 2229 3864 2297 παραγραφὸμενος
3909 2231 4059 2296 (H);

2502 2314 2699 2383 μᾶλλον
2738 2315 2794 2368 δὲ
2825 2317 2852 2368 ό
2885 2317 3227 2385 γραφόμενος
3274 2318 3432 2370 αὑτὸν
3475 2323 3808 2391 Δεσποτικῆς
3849 2324 4064 2375 ἀντιλο-

2499 2407 2622 2473 γίας
2680 2407 2773 2459 καὶ
2827 2407 2983 2476 δίκην
3040 2409 3278 2476 ἄφυκτον
3327 2410 3420 2463 τοῦ
3468 2413 3816 2481 τολμήματος
3878 2433 4057 2485 χρεω·

2500 2501 2643 2550 στεῖν
2668 2499 2802 2568 (15).
2844 2499 3027 2569 Ὁρᾷς,
3060 2502 3207 2564 ὅπως
3251 2501 3422 2569 ἔγνως
3462 2504 3551 2556 τὸν
3584 2507 3682 2573 τῆς
3733 2507 4062 2578 οἰκουμένης

2496 2591 2811 2644 διδάσκαλον
2871 2592 2977 2643 τῶν
3027 2592 3420 2646 διδασκαλικῶν
3487 2597 3664 2663 γερῶν
3707 2598 3781 2667 μὴ
3831 2599 4064 2651 ἀποστε-

2503 2685 2633 2750 ρεῖν,
2666 2684 2815 2744 ὅπως
2845 2685 2934 2735 τὸν
2967 2685 3100 2754 πρὸς
3129 2685 3227 2754 τὴν
3255 2686 3365 2756 (16)
3396 2687 3682 2740 εὐσέϐειαν
3717 2690 3911 2756 ὁδηγὸν
3943 2692 4064 2744 ἀντὶ

2498 2774 2592 2826 τοῦ
2615 2775 2681 2826 δι’
2711 2775 2890 2837 αἰδοῦς
2912 2776 3062 2842 ἄγειν
3077 2778 3167 2828 καὶ
3191 2777 3529 2846 σεϐάσματος
3559 2780 3839 2849 smper;ch
3867 2782 4064 2852 γνώμῃ

2497 2867 2952 2936 δυσφημεῖςῌἹ).
2996 2868 3133 2918 Ἀλλ’
3181 2869 3330 2920 οὐδὲν
3365 2871 3397 2938 ἡ
3442 2871 3782 2939 αἵρεσιςῌὸ)
3819 2874 4064 2924 καινότε-

2502 2975 2593 3026 ρον
2626 2958 2719 3009 τοῦ
2760 2958 3017 3026 συνήθους
3072 2961 3232 3012 ποιεῖ.
3275 2960 3336 3011 ’Π
3362 2961 3467 3027 γάρ
3498 2962 3661 3013 αὑτὸν
3716 2966 4059 3031 συκοφαντήο

2501 3065 2642 3099 σασα
2675 3047 2766 3097 τὸν
2797 3046 2925 3098 Υἱὸν
2951 3050 3047 3098 καὶ
3081 3048 3250 3114 Λόγον
3308 3049 3401 3100 τοῦ
3461 3049 3596 3101 Θεοῦ
3639 3051 3716 3110 εἰς
3756 3051 4057 3117 διαφωνίαν

832 3155 937 3207 que
1003 3140 1289 3194 ostendere
1371 3139 1564 3192 nititur
1638 3139 1884 3209 magistri
1961 3139 2046 3193 sui
2120 3151 2391 3195 correcto-
2425 3152 2504 3212 cl

2386 3152 2470 3212 ,ρ
2502 3139 2778 3198 ἐκπεσεῖν,
2843 3136 2958 3198 πῶς
3010 3137 3110 3189 οὑκ
3168 3138 3434 3189 ἀκόλουθα
3475 3139 3701 3207 πράττει
3733 3139 3843 3208 (19)
3893 3143 4058 3210 ἑαυτῇ

834 3247 947 3286 rem
965 3233 986 3283 ?

900 3498 988 3552 69.
1026 3497 1095 3550 At
1123 3499 1360 3561 ubinam,
1395 3513 1596 3567 quazso,
1635 3497 1832 3550 Paulus
1862 3497 2110 3561 allirmat,
2137 3498 2394 3565 Spiritum

835 3593 1106 3658 procedere
1129 3607 1159 3641 a
1185 3590 1322 3642 Filio
1346 3590 1510 3642 Nisae
1525 3590 1738 3656 quidem
1764 3591 2022 3657 Spiritum
2051 3590 2167 3642 Filii
2198 3591 2395 3660 (neque

835 3684 977 3735 cnim
1006 3683 1213 3735 alienus
1242 3692 1355 3744 cst;
1389 3682 1552 3746 absit)
1583 3692 1637 3734 et
1663 3682 1749 3734 ille
1782 3681 1921 3734 dixit
1945 3691 1998 3735 et
2025 3681 2116 3734 Dei
2151 3681 2394 3736 Ecclesia

834 3776 1120 3828 confitetur
1160 3790 1222 3827 ac
1253 3775 1544 3841 praedicat;
1596 3775 1869 3840 procedere
1915 3785 2094 3827 autem
2139 3791 2202 3828 ea:
2242 3773 2383 3827 Filio

833 3884 1008 3937 neque
1041 3884 1102 3921 ex
1135 3867 1277 3920 illius
1322 3867 1502 3920 divina
1540 3867 1719 3935 lingua
1760 3867 1997 3936 prodiit,
2035 3883 2214 3935 neque
2253 3868 2395 3921 ullus

904 4025 947 4055 “
999 4025 1255 4088 (ialatnv,
1288 4023 1340 4077 6.

2500 3229 2593 3279 καὶ
2623 3229 2711 3279 τὸν
2742 3228 2905 3280 αὑτοῦ
2953 3229 3171 3297 γνήσιον
3207 3227 3513 3297 Θεράποντα
3550 3231 3643 3280 καὶ
3698 3231 3948 3300 μαθητὴν
3982 3234 4058 3293 εἰς

2500 3318 2806 3380 ἀντιλογίαν
2837 3318 2946 3385 (⁸20)
2976 3318 3351 3370 ἀντανιστῶσα
3391 3319 3486 3370 καὶ
3517 3319 3903 3386 φιλονεικοῦσα
3945 3321 4059 3372 δεῖ-

2503 3410 2585 3474 ξαι
2612 3410 2702 3463 τοῦ
2726 3411 3040 3464 διδασκάλου
3076 3411 3388 3480 διωρθωτήν
3417 3411 3525 3481 (9.1)

2574 3504 2677 3572 μθ¹.
2709 3501 2824 3573 [α’.]
2856 3503 2961 3554 Ποῦ
3018 3503 3126 3571 (9.2)
3174 3503 3229 3554 δὲ
3283 3503 3489 3565 Παῦλος
3529 3504 3592 3556 ἂν
3641 3504 3815 3571 ἐλέγει
3859 3505 3969 3570 (23)
4001 3507 4063 3558 τὸ

2495 3593 2712 3662 Πνεῦμα
2729 3595 3155 3660 ἐκπορεύεσθαι
3189 3594 3292 3646 τοῦ
3317 3593 3428 3666 [51]
3456 3595 3622 3660 Υίοῦ;
3655 3591 3803 3648 εἶναι
3829 3598 3926 3665 μὲν
3946 3598 4059 3660 (Ξιί)

2494 3689 2603 3753 γὰρ
2647 3685 2740 3737 τοῦ
2793 3685 2923 3738 Υἱοῦ
2978 3687 3116 3751 (οὐδὲ
3164 3685 3271 3754 γάρ
3328 3688 3643 3756 ἀλλότριον·
3685 3687 3757 3757 μὴ
3784 3689 4058 3754 γένοιτοῗὶ

2492 3780 2743 3838 κάκεῖνος
2774 3774 2895 3830 εἷπε
2927 3779 3018 3829 καὶ
3069 3780 3100 3847 ὴ
3133 3778 3223 3830 τοῦ
3265 3779 3398 3830 Θεοῦ
3439 3780 3734 3847 Ἐκκλησία
3767 3776 4064 3850 συνομολο-

2492 3873 2578 3935 γεῖ
2607 3869 2701 3921 καὶ
2756 3870 3180 3922 συνεπίσταται·
3237 3870 3668 3938 ἐκπορεύεσθαι
3718 3870 3786 3924 δὲ
3834 3870 3906 3924 ἐκ
3947 3871 4061 3923 τεῦ

1916 4195 2153 4250 VARI/ﬁ
2187 4195 2564 4254 LECTIONES
2603 4195 2689 4249 ΕΤ
2721 4195 2949 4250 NOTAE.

831 4372 973 4433 τινός
1001 4371 1145 4422 ἐστιν
1167 4371 1315 4431 ῐδιον,
1343 4369 1601 4438 ζητητέον
1623 4364 1797 4431 αὖθις,
1821 4368 1868 4419 εἰ
1898 4369 2218 4438 προσωπική
2245 4369 2390 4418 ἐστιν

834 4442 971 4510 αῦτη
1007 4442 1038 4510 ἢ
1090 4441 1322 4508 φυσική’
1354 4437 1672 4510 κάδτνεὶνμὲν
1724 4437 2217 4510 φυσικὴ[φυσικῆςΔ
2248 4438 2392 4498 τινὸς

834 4515 936 4578 (sic
962 4506 1038 4561 ἰιι
1063 4506 1206 4575 cOd.)
1244 4506 1516 4577 ἐνεργείας
1543 4506 1693 4560 ἔσται
1724 4508 1783 4559 τὸ
1808 4577 1815 4578 7
1836 4507 2051 4578 ﬁveﬁpa
2095 4506 2388 4578 ἀλλότριον,

2571 4368 2680 4434 (16)
2713 4369 2825 4435 Τήν
2855 4368 3006 4422 deest
3034 4369 3085 4421 in
3117 4367 3260 4422 Mon.

2570 4438 2679 4506 (17)
2703 4438 2840 4490 Μοη.
2874 4440 3194 4506 δυσφημεῖν.

2571 4509 2681 4576 (18)
2713 4507 2853 4560 Mon.
2891 4510 3172 4577 διαίρεσις.

835 4568 1121 4632 κάντεῦθεν
1151 4568 1211 4646 δή
1243 4568 1445 4646 καὶτῆς
1471 4568 1701 4645 φύσεως,
1737 4577 1857 4628 εἰδὲ
1895 4568 2236 4643 προσωπικὴ,
2259 4568 2393 4646 ίπρὺς
2426 4568 2472 4622 ῐ)
2572 4568 2680 4645 (19)
2725 4579 2867 4630 Μοη.
2897 4568 3174 4646 πράττεις.

837 4651 895 4700 ἓν
928 4645 1213 4719 πρόσωπον
1230 4645 1548 4717 ὡρισμένως
1567 4647 2014 4719 ἀνενεχθήσεταιμ·
2053 4647 2152 4719 μία
2177 4647 2296 4719 γὰρΔ
2320 4645 2397 4719 τῷ

834 4715 1049 4788 ἀριθμῷ
1077 4715 1399 4788 προσωττικὴ
1422 4719 1665 4788 ἐνέργεια
1723 4721 1924 4777 πάσαις
1971 4715 2244 4788 Δἀνάγκαις
2279 4715 2397 4788 cve;

836 4784 988 4840 ἔσται
1023 4784 1313 4856 Ῡπροσώπου
1342 4784 1474 4855 πρὸς
1505 4784 1562 4838 ἓν
1593 4788 1872 4855 ἐνέργημα
1901 4784 2179 4856 τείνουσα·
2221 4786 2397 4856 μάτην

835 4859 942 4926 ἄρα
968 4853 1167 4908 λατῖνοι
1201 4859 1299 4927 τὴν
1339 4853 1466 4922 μίαν
1499 4857 1576 4925 τῷ
1603 4853 1820 4927 ἀριθμῷ
1841 4853 2394 4927 προβλητικὴν-ἑξνέλρ-

835 4922 985 4994 γειάν
1024 4945 1082 4979 τε
1123 4929 1214 4979 καὶ
1255 4922 1498 4995 ἰδιότητα
1544 4922 1838 4995 τῴ’πατρ“ι
1891 4922 1985 4975 καὶ
2037 4923 2115 4992 τῷ
2166 4923 2277 4992 1⁸ἰῴ
2313 4922 2395 4974 δι-

831 4997 1002 5051 δόασι.

906 5070 1015 5135 (10)
1050 5066 1256 5119 Monac.
1292 5082 1413 5119 cum
1447 5065 1694 5134 plurimis
1719 5065 1783 5118 N.
1823 5063 1886 5119 T.
1915 5064 2046 5118 edit.
2075 5061 2252 5132 ἡμῶν.

910 5141 1016 5206 (ἸΙ)
1046 5139 1213 5189 Palat.
1249 5137 1291 5188 f.
1321 5137 1423 5189 227
1448 5152 1500 5188 a.
1522 5136 1693 5190 V’atie.
1725 5137 1761 5188 f.
1795 5137 1898 5188 202
1923 5151 1972 5186 a.
2000 5135 2211 5206 habent
2243 5150 2254 5184 :
2286 5149 2391 5183 πα-

839 5208 1394 5278 ραγράφοειται,ηυοι1
1432 5207 1519 5259 hic
1550 5208 1846 5278 postularet
1873 5205 2186 5272 particulam
2212 5218 2393 5278 prga-

838 5272 1021 5338 iivain,
1060 5278 1200 5328 unde
1243 5272 1450 5328 Monac.
1493 5272 1628 5328 Cod.
1687 5276 1973 5328 lectionem
2032 5272 2386 5340 praetulimus.

837 5347 1032 5413 lieipsa
1059 5347 1169 5398 Col.
1202 5363 1252 5414 p.
1281 5347 1385 5398 289
1399 5347 1557 5398 habet
1580 5362 1594 5408 ;
1620 5347 1708 5397 ὀὐ
1732 5346 2208 5414 παραγράφονται.
2239 5342 2383 5392 Huc-

836 5412 1006 5483 usque
1059 5412 1220 5467 verba
1251 5417 1719 5480 adversariorum;
1751 5415 1948 5468 abhinc
1986 5412 2212 5466 Photius
2252 5427 2386 5465 con-

833 5495 917 5542 tra
947 5501 1040 5540 eos
1066 5491 1257 5554 arguit.

906 5557 1014 5624 (12)
1051 5553 1190 5606 Moii.
1221 5556 1260 5607 f.
1295 5555 1395 5607 459
1425 5570 1477 5608 a.
1510 5553 1927 5624 παραγράφετε.

908 5625 1184 5688 (15)Mon.
1214 5626 1402 5688 δεῖξαι.

907 5695 1015 5765 (14)
1057 5694 1199 5746 Mon.
1252 5695 1440 5748 habuit
1488 5694 1990 5767 παραγραφόμενον
2050 5693 2145 5749 sed
2198 5701 2381 5762 postea

837 5774 1135 5821 COrrectuIn
1168 5774 1271 5817 est.

907 5835 1016 5904 (15)
1044 5835 1186 5889 Mon.
1203 5835 1507 5903 χρεωστῶν.

2571 4649 2678 4715 (20)
2713 4649 2827 4701 Col.
2863 4649 2954 4708 Εἰς
2983 4649 3078 4715 τὴν
3111 4650 3279 4702 ἀντιλ.

2570 4719 2678 4788 (21)
2718 4722 2879 4790 Suam
2907 4719 2974 4790 de
3002 4718 3200 4790 eodem,
3221 4728 3369 4790 textu
3403 4715 3819 4790 disputationem
3840 4717 3908 4790 in
3960 4735 4051 4790 ep.

2499 4789 2562 4842 ad
2598 4787 2828 4855 Aquilei.
2865 4789 2947 4840 his
2972 4788 3151 4840 verbis
3191 4789 3487 4842 introducit
3529 4787 3750 4839 Photius
3780 4803 3797 4838 :
3839 4787 4054 4843 ’Δκούω

2497 4859 2551 4910 δὲ
2578 4859 2798 4918 τούτους
2861 4858 3292 4925 θρασυνομένους
3351 4859 3490 4910 κατὰ
3525 4857 3735 4907 Παύλου
3773 4859 3864 4907 καὶ
3904 4863 4054 4911 κατά

2495 4928 2586 4979 τοῦ
2613 4929 2794 4979 κοινοῦ
2834 4928 3094 4978 δεσπότου
3139 4930 3234 4979 καὶ
3262 4925 3580 4979 διδασκάλου
3615 4927 3706 4977 τὸν
3734 4926 3875 4976 θεῖον
3908 4929 4055 4979 Παῦ-

2495 4997 2584 5048 λον
2618 5000 2695 5059 εἰς
2751 4998 3076 5064 συνηγορίαν
3148 4999 3245 5063 τῆς
3300 4995 3506 5057 οἰκείας
3575 4994 4052 5064 προδαλλομένους

2495 5069 2786 5136 αἱρέσεως·
2830 5060 3340 5136 ὲξάτὲέστειλεγὰρ.
3385 5067 3570 5136 φασὶν.
3618 5060 3772 5136 εἶπεν
3800 5105 3814 5127 ,
3853 5060 3886 5115 ό
3923 5065 4054 5136 θεὸς

2491 5134 2675 5189 τδπν.
2710 5154 2763 5190 κ.
2808 5154 2860 5187 τ.
2889 5137 2937 5189 λ.
2981 5135 3118 5186 Ἀλλ’
3167 5137 3281 5201 οἵγε
3320 5135 3476 5187 τοῦτο
3519 5134 3679 5202 ῥητὸν
3707 5135 3803 5200 τὴν
3827 5134 4054 5192 (οἰκείαν

2493 5207 2780 5274 κρατύνειν
2808 5207 3047 5274 ἀμαθίαν
3069 5207 3379 5270 νομίζοντες
3406 5206 3581 5255 έκεῖνο
3600 5204 4047 5274 γινωσκέτωσαν,

2490 5272 2563 5336 ὡς
2595 5281 2651 5328 έν
2677 5273 2755 5337 οἷς
2788 5272 2897 5339 τοῖς
2936 5275 3030 5326 τοῦ
3081 5275 3291 5327 Παύλου
3337 5277 3517 5344 ῥητοῖς
3569 5272 4051 5344 ὑπολαμϐάνουσιν

2489 5347 2584 5396 ὲπε
2598 5346 2885 5414 ρείδεσθαι,
2913 5345 3140 5408 ἑαυτοὺς
3173 5341 3370 5413 μᾶλλον
3394 5347 3804 5414 ἁμαρτάνοντας
3825 5341 4050 5410 ἐξελέγ-

2488 5433 2689 5483 χουσιν.

2555 5487 2666 5553 (22)
2701 5485 2839 5537 Mon.
2878 5486 3012 5537 Παν.

2559 5550 2668 5625 (25)
2705 5555 2795 5608 Sic
2825 5563 2934 5606 tres
2963 5554 3134 5607 nostri
3165 5553 3325 5607 codd.
3344 5551 3517 5625 {fort}
3539 5551 3726 5625 ἔλεγε.
3747 5550 3860 5606 Col.
3897 5553 4052 5625 Παε-

2485 5622 2923 5734 ξοςςῃιξνθρωπε,
3003 5625 3171 5690 λέγει.
3233 5625 3309 5677 Ex
3359 5623 3453 5675 άνε
3493 5623 3641 5691 λέγει
3686 5631 3861 5676 ortum
3905 5622 4049 5676 illud

2485 5697 2551 5748 ἂν
2593 5696 2789 5759 έλέγει.

2554 5767 2664 5834 (εὶ-ι)
2691 5765 2828 5818 Μοῐι.
2858 5764 2905 5816 εἰ
2944 5763 3042 5831 μὲν
3079 5763 3205 5830 γάρ.
