4234 6432
246 402 353 463 329

1294 394 1389 452 DE
1428 396 1489 453 S.
1527 392 1877 455 SPIRITUS
1915 394 2407 456 MYSTAGOGIA.

3348 394 3451 460 330

245 511 400 569 Υἱοῦ.
430 506 542 579 [31)
572 507 691 560 οὔτε
711 506 795 559 διὰ
816 506 912 573 τῆς
939 504 1144 557 ἐκείνου
1163 504 1523 574 θεορῤήμονος
1553 503 1795 570 γλώττης
1832 514 1875 566 Α
1906 522 1917 557 1

1780 520 1795 564 ;
1832 514 1875 566 Α
1906 520 2140 573 unquam
2180 506 2570 561 catholicorum
2614 510 2773 564 talem
2810 509 2857 562 ei
2879 507 3198 562 calumniam
3248 506 3452 563 amnxit

243 597 632 667 προελήλυθεν,
662 596 725 646 οὐ
763 595 890 663 μὴν,
928 593 1042 645 ἀλλ’
1093 594 1213 644 οὐδὲ
1271 593 1377 643 τῶν
1434 591 1671 643 εὐσεϐῶν
1709 592 1797 642 οὐ-

240 690 352 752 δεὶς
384 687 601 756 (πολλοῦ
623 703 684 753 γε
714 687 803 737 καὶ
831 686 911 736 δεῖ
939 684 1297 751 συκοφαντίας
1319 683 1596 751 τοιαύτης)
1629 682 1795 753 ἐγρά-

240 782 405 849 ψατο,
448 779 561 831 ἀλλ’
611 778 719 830 οὐδ’
747 780 883 846 ἀκοῇ
933 777 992 829 τὸ
1044 777 1323 844 δύσφημον
1347 775 1456 844 (25)
1512 776 1798 843 ἀνάσχοιτο

241 870 518 934 δέξασθαι.

318 969 383 1015 ν’.
568 957 734 1014 Εἶπεν
762 964 788 1011 6
819 961 1050 1023 Παῦλος,
1082 963 1107 1013 ὁ
1164 959 1242 1027 τῷ
1290 959 1477 1029 δρόμῳ
1530 957 1623 1009 τοῦ
1654 956 1797 1009 Θείου

243 1053 596 1122 κηρύγματος
626 1050 957 1121 βραχύτερον
992 1049 1157 1102 αὐτοῦ
1189 1052 1287 1117 τῆς
1341 1050 1573 1118 σπουδῆς
1600 1050 1660 1100 τὸ
1700 1049 1799 1116 τῆς

241 1142 572 1209 οἰκουμένης
595 1143 813 1209 ἐλέγξας
857 1142 1104 1212 μέγεθος,
1161 1143 1230 1195 Τὸ
1269 1141 1505 1210 Πνεῦμα
1534 1142 1640 1195 τοῦ
1667 1141 1799 1194 Υίοῦ

242 1234 450 1286 αὑτοῦ.
489 1233 587 1284 Διά
613 1234 661 1285 τί
707 1230 799 1285 οὖν
848 1235 921 1303 μὴ
977 1235 1068 1285 καὶ
1120 1232 1184 1283 σύ
1235 1231 1392 1283 τοῦτο
1430 1232 1630 1298 λέγεις,
1665 1231 1801 1284 ἀλλά

244 1327 571 1394 κακουργεῖς
596 1325 687 1375 καὶ
718 1326 785 1375 τὰ
812 1326 921 1377 ἀνω
955 1324 1103 1375 κάτω
1136 1326 1304 1384 ποιεῖς
1336 1324 1428 1374 καὶ
1460 1322 1799 1388 διαστρέφεις

244 1417 306 1465 τὸ
338 1414 487 1482 ῥῆμα
517 1411 607 1465 τοῦ
641 1414 907 1481 κήρυκος’
955 1414 1068 1477 καὶ,
1112 1415 1171 1465 τὸ
1205 1411 1523 1482 βαρύτερον,
1551 1412 1649 1481 τὴν
1703 1415 1802 1480 σὴν

244 1505 575 1575 διαστροφὴν
609 1506 701 1557 καὶ
732 1505 1080 1573 βλασφημίαν
1117 1507 1194 1566 εἰς
1226 1503 1324 1573 τὴν
1354 1502 1447 1553 τοῦ
1480 1502 1802 1555 διδασκάλου

247 1595 469 1662 παραπὲ
479 1612 640 1663 μπεις
667 1595 848 1662 φωνήν
868 1593 977 1661 (26)
1003 1610 1017 1656 ;

316 1691 415 1736 va’.
445 1682 562 1755 [γ’.]
585 1686 749 1752 Ἔφη,
794 1684 861 1736 Τὸ
887 1684 1126 1752 Πνεῦμα
1154 1682 1259 1736 τοῦ
1295 1683 1427 1736 Υίοῦ
1454 1684 1564 1752 (27)
1587 1702 1599 1714 ·
1626 1682 1804 1747 καλῶς

245 1792 309 1841 γε
352 1777 448 1827 καὶ
475 1777 763 1842 θεοσόφως.
798 1777 869 1827 Σὺ
896 1775 951 1828 δὲ
981 1776 1034 1827 τί
1066 1791 1194 1826 ποτε
1212 1774 1321 1845 (28)
1356 1778 1800 1844 παραχαράττεις

1904 599 2015 650 suis
2037 598 2284 666 scriptis;
2314 608 2523 652 tantum
2578 601 2730 655 abest
2772 610 2829 653 ut
2854 601 2904 653 id
2954 599 3150 653 factum
3186 598 3369 659 fuerit,
3396 610 3455 655 ut

1906 705 2003 742 nec
2024 690 2211 743 audire
2248 692 2513 759 ejusmodi
2551 692 2940 763 blasphemiam
2990 692 3291 746 catholicus
3332 692 3456 761 quis

1904 795 2243 836 sustinuerit.

1977 963 2064 1015 50.
2102 963 2479 1027 Dixitl’aulus,
2510 980 2600 1032 qui
2636 979 2798 1017 cursu
2830 964 3025 1017 divina:
3053 964 3454 1033 praedicationis

1906 1049 2205 1102 breviorem
2228 1066 2325 1102 suo
2350 1052 2527 1104 studio
2574 1051 2781 1105 telluris
2813 1050 3235 1119 magnitudinem
3266 1060 3454 1104 osten-

1905 1140 2003 1202 dit,
2035 1140 2290 1207 Spiritum
2324 1141 2446 1193 Filii
2494 1142 2596 1195 sui.
2643 1143 2751 1195 Cur
2800 1142 2962 1211 igitur
3004 1156 3113 1194 non
3151 1152 3205 1195 et
3232 1150 3287 1194 tu
3338 1141 3455 1194 hac

1906 1230 2061 1289 dicis.
2087 1232 2178 1284 sed
2215 1232 2585 1285 fraudulenter
2607 1232 2741 1299 agis.
2771 1232 2952 1285 omnia
2990 1232 3257 1300 susdeque
3282 1232 3455 1285 vertis

1907 1328 1963 1374 et
2001 1323 2265 1389 pervertis
2300 1323 2565 1391 praeconis
2623 1322 2885 1385 verbum,
2940 1323 3192 1390 quodque
3244 1323 3460 1391 gravius

1908 1420 2012 1473 est,
2042 1420 2189 1463 tuam
2228 1410 2385 1463 istam
2425 1409 2829 1479 perversionem
2861 1418 2918 1463 et
2968 1410 3355 1479 blasphemiam
3402 1412 3457 1464 in

1907 1501 2145 1556 doctoris
2168 1517 2355 1556 vocem
2384 1502 2621 1555 intrudis

1978 1595 2065 1646 5i.
2109 1594 2250 1647 Dixit
2277 1593 2533 1660 Spiritum
2578 1594 2722 1649 Filii.
2761 1594 2927 1648 Recte
2962 1595 3259 1648 admouum
3290 1604 3345 1649 et
3371 1610 3461 1649 sa-

1911 1685 2123 1751 pienter
2159 1692 2213 1736 et
2234 1683 2438 1736 divine.
2470 1682 2552 1736 Tu
2584 1699 2711 1738 vero
2740 1700 2996 1753 quorsum
3027 1686 3288 1753 depravas
3323 1687 3463 1741 hanc

1910 1787 2097 1825 vocem
2126 1781 2182 1825 et
2208 1787 2327 1840 quae
2360 1774 2577 1842 quidem
2608 1774 2741 1828 dixit
2766 1792 2873 1828 non
2903 1776 3057 1840 dicis,
3089 1793 3208 1845 qua:
3245 1793 3371 1831 vero
3391 1793 3460 1830 ne

246 1867 344 1936 τὴν
370 1870 553 1937 φωνὴν
581 1867 672 1918 καὶ
701 1866 736 1919 ἃ
772 1867 867 1935 μὲν
891 1864 1002 1936 (29)
1031 1862 1181 1917 εἷπεν
1211 1867 1271 1917 οὐ
1301 1866 1499 1932 λέγεις,
1542 1865 1578 1919 ἀ
1607 1865 1661 1918 δὲ
1695 1866 1804 1918 οὐδ’
1836 1860 1877 1914 Β
1906 1874 1918 1909 4

1787 1867 1804 1908 χ·
1836 1860 1877 1914 Β
1906 1859 2162 1926 cogitavit
2187 1860 2443 1925 quidem,
2492 1862 2645 1930 quasi
2685 1864 2752 1916 ab
2792 1864 2885 1917 illo
2920 1865 3062 1918 dicta
3095 1866 3300 1930 jactare
3350 1882 3459 1920 non

248 1956 531 2024 ὶνενόησεν
545 1955 619 2017 ὡς
633 1956 836 2007 ἐκείνου
851 1955 1095 2021 λέγοντος
1110 1955 1397 2024 κηρύττειν
1409 1957 1507 2007 οὐκ
1520 1955 1775 2025 ἐρυθριᾷς
1790 1973 1805 2020 ;

257 2045 325 2097 T6
343 2044 585 2112 Πνεῦμα
602 2045 708 2097 τοῦ
737 2045 869 2097 Υἰοῦ
881 2042 1077 2097 αὐτοῦ
1097 2062 1108 2074 -
1138 2043 1198 2115 [δ’
1207 2043 1247 2115 ·]
1279 2045 1401 2098 οὐδὲ
1424 2043 1558 2114 γάρ,
1604 2044 1713 2097 οὐδ’
1740 2040 1808 2114 ἦν

250 2136 423 2197 άλλως
465 2136 670 2204 βέλτιον
693 2137 864 2186 εἰπεῖν
886 2134 1027 2203 ’(50)
1048 2136 1141 2188 καὶ
1169 2134 1277 2204 γὰρ
1298 2135 1534 2203 ὁμοφυὲς
1570 2134 1661 2187 τοῦ
1681 2135 1808 2187 Υίοῦ

251 2227 343 2278 καὶ
364 2224 647 2293 όμοούσιον
678 2225 888 2293 καὶτῆς
915 2225 1080 2292 αὐτῆς
1105 2223 1261 2291 δόξης
1287 2226 1377 2275 καὶ
1395 2226 1557 2293 τιμῆς
1577 2222 1688 2296 [52]
1717 2224 1811 2276 καὶ

253 2316 602 2385 κυριότητος·
650 2315 677 2366 6
698 2315 874 2366 τοίνυν
904 2313 1073 2381 λέγων
1098 2331 1111 2344 ο
1170 2315 1238 2366 Τὸ
1270 2314 1511 2382 Πνεῦμα
1535 2315 1639 2367 τοῦ
1675 2313 1809 2365 Υἱοῦ

250 2406 459 2470 αὐτοῦ,
489 2405 586 2473 τῆς
608 2404 819 2472 φύσεως
849 2404 942 2473 μὲν
961 2402 1260 2456 ἐκδιδάσκει
1286 2404 1347 2456 τὸ
1367 2404 1808 2474 ἀπαράλλακτον,

257 2498 356 2567 τὴν
386 2498 444 2550 δὲ
462 2496 638 2549 αἰτίαν
660 2494 893 2564 οὐδαμοῦ
920 2496 1029 2564 (51)
1059 2494 1364 2561 συνεισάγει
1383 2494 1494 2565 (52)
1523 2496 1621 2565 τῆς
1644 2496 1812 2547 ἐκπο-

258 2588 491 2658 ρεύσεως
511 2605 524 2617 ·
548 2587 639 2640 καὶ
665 2586 758 2657 τὴν
796 2586 895 2655 μὲν
926 2587 1042 2637 κατ’
1066 2585 1252 2639 οὐσίαν
1281 2580 1417 2639 οἶδεν
1440 2586 1684 2655 ἑνότητα,
1720 2585 1813 2636 τὸν

252 2680 297 2731 δ’
328 2680 442 2747 (55)
488 2678 739 2746 όμοφυῶς
777 2677 1155 2746 προαγαγόντα
1175 2678 1272 2748 τὴν
1296 2676 1591 2729 ὑπόστασιν
1616 2678 1813 2747 οὐμεν-

257 2778 350 2829 οῦν
396 2777 646 2845 οὐδαμῶς
676 2775 785 2845 (54)
832 2774 1313 2844 συνανακηυύττει,
1342 2774 1460 2826 οὐδὲ
1509 2774 1598 2826 τὸν
1644 2774 1815 2826 αῖτιον

258 2868 602 2921 ὑποδείκνυσι
628 2868 758 2933 (35).

330 2960 428 3028 νβ’.
471 2957 579 3029 [ε’.]
605 2958 669 3009 Τί
696 2958 782 3023 δέ;
822 2956 895 3009 Οὐ
932 2956 1258 3023 θεολογεῖται
1287 2955 1435 3024 παρά
1465 2957 1599 3008 πᾶσι
1640 2956 1733 3008 καὶ
1788 2957 1817 3007 6

260 3050 451 3119 Πατὴρ
480 3049 628 3102 εἶναι
651 3049 755 3101 τοῦ
791 3048 922 3100 Υὶοῦ
944 3064 961 3110 ;
983 3046 1107 3116 'Ap'
1138 3042 1229 3099 οῦν
1281 3048 1343 3098 σὺ
1388 3045 1497 3115 (56)
1532 3046 1621 3099 διὰ
1662 3046 1817 3098 τοῦτο

259 3143 354 3194 καὶ
379 3140 489 3210 (57)
542 3140 793 3209 γέννησιν
844 3137 1204 3207 ἀναστρέψεις
1247 3136 1563 3206 αὐτῷ(58);
1622 3138 1683 3189 El
1706 3137 1749 3188 δ’
1789 3139 1817 3189 6

260 3233 452 3301 Πατὴρ
493 3231 706 3297 λέγεται
758 3230 854 3297 μὲν
883 3228 973 3281 τοῦ
1030 3228 1180 3293 Υίοῦ,
1221 3230 1317 3297 οὐχ
1344 3230 1425 3281 ὅτι
1472 3228 1814 3297 γεγέννηται,

262 3323 379 3375 ἀλλ’
403 3321 587 3391 ἐπειδὴ
614 3322 894 3391 ὁμοούσιος
918 3336 929 3349 ⁸
958 3322 1005 3372 εί
1033 3319 1210 3389 βούλει
1239 3319 1297 3371 δὲ
1333 3319 1425 3371 καὶ
1451 3320 1531 3372 ὅτι
1553 3320 1812 3387 γεγέννη-

262 3430 353 3463 ται
387 3412 497 3480 (59)
528 3425 540 3439 ·
575 3411 689 3473 πῶς
722 3409 952 3462 ἐνταῦθά
1009 3425 1089 3460 σοι
1130 3409 1202 3461 T6
1253 3405 1492 3475 Πνεῦμα
1521 3405 1813 3476 metum)

263 3504 372 3556 τοῦ
403 3502 535 3555 Υὶοῦ
574 3503 691 3554 ἀντὶ
721 3502 815 3553 τοῦ
846 3499 1021 3567 λέγειν
1067 3498 1197 3550 αὐτὸ
1244 3498 1413 3549 αἴτιον
1442 3498 1535 3548 καὶ
1565 3513 1817 3567 προαγω-

265 3594 362 3661 γὺν
394 3596 473 3656 εἰς
528 3593 624 3663 τὴν
680 3592 775 3645 τοῦ
816 3591 1190 3662 προαγομένου
1237 3590 1330 3643 καὶ
1375 3588 1618 3643 αἰτιατοῦ
1663 3587 1816 3663 τάξιν

266 3686 582 3755 παρεσύρη;
615 3686 674 3736 El
708 3686 811 3754 γάρ
840 3684 939 3735 πού
982 3700 1039 3735 σε
1075 3682 1169 3734 καὶ
1206 3681 1421 3734 ἀσεϐεῖν
1453 3681 1539 3734 διά
1572 3681 1673 3751 τῆς
1711 3662 1819 3734 τῶν

267 3777 460 3845 φωνῶν
512 3778 825 3845 ὁμοιότητος
864 3775 1001 3845 ἔρως
1056 3777 1324 3842 κατεῖχεν,
1374 3773 1567 3842 ἐπίσης
1606 3774 1702 3842 μὲν
1751 3775 1817 3826 ἂν

266 3863 335 3937 ἧς
365 3865 576 3918 ἀσεϐῶν
614 3865 801 3933 ῶσπερ
854 3863 1121 3931 προϐολέα
1165 3862 1225 3913 τὸ
1259 3858 1477 3927 Πνεῦμα
1504 3860 1675 3925 λέγων
1725 3858 1820 3911 τοῦ

270 3958 424 4023 Υίοῦ,
454 3957 623 4017 οὕτως
677 3958 769 4006 καὶ
819 3954 877 4005 τὸ
911 3954 1179 4005 ἀνάπαλιν
1220 3951 1316 4004 τοῦ
1372 3953 1683 4019 Πνεῦματος
1730 3951 1821 4002 τὸν

268 4049 425 4101 Υίόν·
455 4047 593 4116 πλὴν
624 4045 791 4114 ἀλλ’ἢ
816 4061 878 4111 γε
913 4044 1085 4112 πλάνη
1141 4041 1227 4093 διά
1264 4057 1407 4101 τινος
1446 4039 1511 4092 ἂν
1559 4037 1816 4107 ἀφορμῆς

268 4142 366 4193 καὶ
393 4139 829 4207 παραδείγματος
853 4136 1022 4187 ἐδόκει
1051 4133 1292 4199 προϊέναι
1314 4148 1328 4161 ⁸
1354 4129 1448 4184 νῦν
1474 4130 1529 4182 δέ
1549 4147 1629 4182 σοι
1652 4132 1744 4181 καὶ
1762 4130 1821 4180 τὸ

270 4232 464 4297 ἄλογον
486 4229 739 4296 θεομαχεῖ
760 4228 864 4295 (Μ)
892 4225 1055 4278 καὶτὸ
1082 4222 1344 4291 θεομάχον
1376 4221 1509 4288 πρὸς
1537 4220 1597 4273 τὸ
1614 4219 1823 4288 ἔμπληο

272 4340 399 4376 κτον
424 4324 549 4390 περὶ
568 4321 677 4389 (ιῖ)
692 4323 787 4389 τῆς
802 4316 1104 4387 ὑπερϐολῆς
1125 4315 1413 4383 φιλονεικεῖ
1428 4316 1520 4365 καί
1535 4311 1821 4380 ἀντερίζει.

1907 1950 2225 2003 erubescis?
2249 1952 2507 2017 Spiritum
2546 1953 2671 2006 Filii
2707 1956 2811 2007 sui.
2851 1956 3039 2023 Neque
3082 1958 3225 2009 enim
3252 1966 3463 2025 poterat

1909 2041 1961 2095 id
1986 2042 2145 2096 aliter
2160 2042 2340 2111 aptius
2358 2043 2651 2097 enuntiari.
2683 2046 2778 2098 Est
2802 2047 2943 2098 enim
2966 2046 3199 2114 Spiritus
3222 2047 3462 2114 ejusdem

1910 2147 1973 2185 ac
1999 2132 2166 2185 Filius
2198 2141 2404 2185 natura:
2433 2144 2487 2187 et
2522 2134 2861 2198 substantia,
2891 2136 3073 2205 gloria:
3099 2177 3113 2197 .
3157 2136 3381 2189 honoris
3410 2144 3465 2188 et

1911 2223 2211 2294 potestatis.
2242 2223 2345 2288 Qui
2374 2240 2502 2293 ergo
2528 2225 2661 2279 dicit
2690 2226 2951 2293 Spiritum
2979 2227 3111 2281 Filii
3157 2229 3262 2289 sui,
3295 2237 3457 2281 natu-

1910 2335 1985 2372 rte
2005 2319 2224 2387 quidem
2251 2319 2442 2373 edocet
2493 2320 2789 2388 perfectam
2833 2321 2953 2372 sine
3006 2319 3111 2372 ulla
3163 2317 3463 2371 dilIerentia

1912 2408 2344 2470 similitudinem,
2372 2409 2446 2475 (et
2472 2409 2831 2476 identitatem)
2855 2424 3071 2463 causam
3100 2423 3228 2462 vero
3248 2423 3466 2476 proces—

1914 2499 2081 2553 sionis
2109 2513 2375 2567 nusquam
2401 2498 2643 2563 inducit;
2676 2515 2737 2553 ac
2762 2500 3076 2563 substantiae
3102 2500 3318 2568 quidem
3341 2499 3465 2551 uni-

1913 2598 2076 2644 tatem
2113 2592 2353 2661 agnoscit
2382 2630 2423 2653 ,,
2446 2604 2572 2644 cum
2618 2605 2748 2643 vero
2785 2590 2875 2658 qui
2925 2590 3462 2644 consubstantialiter

1915 2680 2166 2750 produxit
2191 2680 2521 2751 hypostasin,
2549 2680 2866 2733 nullatenus
2899 2679 3173 2744 declarat,
3206 2696 3307 2735 nec
3336 2695 3467 2733 cau-

1916 2786 2029 2826 sam
2056 2770 2379 2826 subindicat.

1988 2944 2074 2996 52.
2108 2944 2246 3008 Quid
2273 2946 2437 2996 vero?
2459 2942 2648 2997 Nonne
2680 2944 2747 2997 ab
2776 2944 3029 2997 omnibus
3057 2945 3353 3016 theologice
3391 2948 3470 3001 di-

1918 3035 2061 3087 citur
2088 3043 2147 3087 et
2180 3034 2335 3088 Pater
2363 3050 2469 3087 esse
2490 3034 2655 3086 Filii?
2678 3035 2818 3103 Ergo
2838 3043 3120 3102 propterea
3152 3046 3206 3089 et
3234 3046 3289 3089 tu
3317 3053 3473 3107 gene-

1918 3128 2024 3179 rari
2064 3142 2093 3179 a
2137 3126 2275 3179 Filio
2306 3126 2519 3180 Patrem
2568 3125 2895 3181 aﬁirmabis?
2923 3128 3075 3192 Quod
3112 3128 3156 3181 si
3198 3127 3355 3181 Pater
3387 3132 3472 3184 di-

1918 3219 2061 3272 citur
2091 3218 2231 3281 Filii,
2265 3233 2372 3271 non
2403 3218 2528 3287 quia
2567 3227 2891 3286 generatus,
2925 3220 3020 3273 sed
3061 3220 3186 3289 quia
3232 3227 3470 3276 consub-

1919 3307 2186 3361 stantialis
2208 3316 2312 3372 est,
2331 3308 2417 3361 vel
2444 3307 2486 3362 si
2515 3307 2616 3372 vis,
2641 3317 2695 3362 et
2722 3310 2847 3379 quia
2873 3311 3085 3378 genitus
3114 3310 3215 3364 fuit
3233 3312 3470 3381 (Filius),

1917 3397 2187 3465 quomodo
2219 3396 2309 3451 hic
2344 3404 2401 3450 tu
2435 3397 2660 3451 audiens
2687 3398 2944 3466 Spiritum
2962 3397 3093 3452 Filii
3116 3415 3226 3454 non
3257 3418 3472 3456 causam

1919 3502 2041 3541 eum
2068 3503 2131 3541 ac
2174 3486 2552 3557 productorem
2593 3487 2823 3550 asseris,
2884 3487 2979 3542 sed
3029 3488 3086 3541 in
3128 3490 3373 3557 producti
3420 3503 3477 3546 et

1919 3579 2127 3635 causali
2155 3579 2398 3636 ordinem
2433 3578 2671 3633 traducis
2698 3588 2753 3633 et
2779 3579 3069 3635 detrudis?
3096 3576 3226 3635 Nam
3254 3583 3300 3637 si
3330 3582 3472 3638 forte

1921 3673 2146 3741 impium
2176 3681 2227 3724 te
2248 3670 2503 3725 exhibere
2517 3686 2614 3738 per
2635 3685 2826 3724 vocum
2852 3671 3259 3726 similitudinem
3286 3675 3473 3742 cupie-

1921 3763 2038 3824 bas,
2068 3777 2219 3830 seque
2256 3762 2545 3815 exsisteres
2569 3760 2767 3829 impius
2786 3760 3019 3815 dicendo
3049 3760 3311 3830 Spiritum
3344 3779 3471 3833 pro-

1921 3854 2201 3908 ductorem
2231 3852 2374 3915 Filii,
2405 3869 2563 3921 quam
2587 3853 2630 3905 si
2650 3852 2785 3906 dicis
2810 3853 2925 3905 vice
2947 3868 3101 3905 versa
3134 3853 3324 3907 Filium
3360 3871 3475 3923 pro-

1921 3948 2200 4001 ductorem
2228 3946 2498 4015 Spiritus;
2546 3945 2651 3998 nisi
2682 3944 2823 4013 quod
2858 3944 2947 3997 hic
2976 3961 3127 3999 error
3157 3960 3255 4015 per
3283 3961 3475 4013 quam—

1925 4039 2047 4092 dam
2080 4038 2191 4092 veri
2217 4037 2452 4106 speciem
2478 4037 2772 4105 procedere
2802 4044 2856 4088 et
2884 4037 3129 4105 exemplo
3167 4039 3476 4095 conﬁrmari

1926 4128 2381 4184 videretur.Nunc
2401 4144 2529 4182 vero
2559 4136 2613 4179 et
2644 4127 3055 4181 absurditas-tua
3081 4130 3293 4185 exsistit
3312 4131 3478 4200 impia

1929 4229 1985 4274 et
2011 4219 2259 4286 impietas
2289 4234 2414 4273 cum
2438 4219 2665 4272 stultitia
2694 4218 2763 4271 de
2808 4218 3167 4287 praecellentia
3202 4224 3480 4277 contendit

1931 4327 1993 4365 ac
2023 4312 2211 4381 litigat.

1350 4426 1577 4482 VARUE
1615 4426 2000 4482 LECTIONES
2036 4425 2122 4479 ET
2162 4422 2395 4477 NOTAE.

238 4546 247 4561 ’
350 4553 459 4623 (25)
495 4551 643 4623 gon.
673 4550 1006 4623 βλάσφημον.

351 4612 461 4687 (26)
494 4621 592 4687 Ερ.
621 4612 686 4674 ad
715 4612 946 4686 Aquiléi.
972 4636 984 4670 :
1006 4617 1079 4669 Τὸ
1108 4613 1327 4681 Πνεῦμα
1360 4613 1536 4687 τοίνυν
1566 4613 1657 4665 τοῦ
1681 4612 1822 4687 ΔΥίοιξ

276 4695 305 4744 ὁ
339 4682 625 4759 μετάρσιος
689 4682 1142 4759 ἀνθρωποςλλέγει
1192 4684 1703 4759 ἀπεστάλθαι-παρά
1730 4682 1823 4759 τοῦ

279 4751 520 4829 Πατρόςσ
582 4759 706 4823 λέγε
784 4751 876 4829 καὶ
945 4757 1008 4829 σὺ
1062 4751 1197 4829 ξὴν-
1254 4753 1425 4829 αὐτὴν
1486 4751 1829 4829 τέχΠα-ὐλφ

280 4819 485 4897 φωνὴν.
557 4819 709 4879 Ἐστι
766 4826 988 4897 γάρῌτὸ
1062 4819 1282 4897 Πνεῦμα
1335 4819 1428 4872 τοῦ
1486 4819 1634 4897 Υίοῦέ
1704 4822 1822 4897 ἐπεῖ

280 4890 731 4968 μηδ”ἀλλότριον
780 4890 915 4968 μήδ’
957 4892 1447 4968 ἀντιφθεγγόμενον
1492 4891 1658 4968 αὐτῷ,
1700 4890 1822 4968 μηδ’

276 4959 719 5036 ἀντινομοθετόῦν
771 4959 923 5036 ὤφθη
983 4965 1149 5015 ποτέ·
1206 4961 1318 5036 ἀλλ’
1362 4959 1821 5036 ὅτι-ῶσπερπῂ

276 5028 698 5111 αὐιτῆςόὐιῐίας¹
734 5028 840 5087 καῖ’
879 5028 1181 5111 δυνάμεως,
1203 5031 1350 5111 ρῦτω
1385 5029 1602 5111 καὶτῆς
1651 5028 1821 5111 αὐτῃῆς

278 5096 471 5175 βουλῆς
493 5106 585 5157 καὶ
603 5105 825 5173 γνώμης
858 5103 949 5153 καὶ
979 5096 1075 5175 τῆς
1098 5102 1264 5175 αὐτῆς
1291 5100 1488 5175 ὁμοίως
1507 5096 1721 5175 πρὸςΙτὺ
1742 5096 1822 5162 ἰν,

278 5167 336 5251 ἓξ
347 5172 408 5229 οῦ
422 5167 941 5251 τδ-μὲνγεγέννηται,
959 5167 1127 5251 τδδξιέ
1136 5167 1820 5251 ξεπορηεύοη..συννεύσεως,

276 5236 432 5298 εἶπεν
452 5236 588 5297 εἶναι
617 5236 922 5308 λεδ-Πνεῦμα
938 5242 1031 5293 τοῦ
1058 5240 1208 5293 Υίοῦ.
1241 5239 1394 5291 Οὕτω
1412 5239 1649 5289 κάκεῖνοι
1672 5236 1823 5299 λεγέ-

276 5332 456 5367 τωσαν
477 5332 489 5343 ·
516 5315 686 5375 οὐδεὶς
712 5312 905 5371 αὐτοὺς
946 5313 1208 5379 αἱρέσεως
1235 5310 1263 5359 6
1312 5308 1674 5379 γραφόμενος.
1708 5308 1821 5359 Οὐκ

281 5382 456 5436 εἶπεν·
476 5383 858 5443 Ἐκπορεύεται
886 5382 978 5431 τοῦ
1000 5376 1253 5431 Υἱοῦ.”Αν
1270 5376 1424 5429 τοῦτό
1446 5394 1587 5437 τινες
1603 5376 1816 5443 λέγωσι,

277 5456 374 5507 καὶ
398 5456 496 5521 τὴν
554 5446 761 5505 ῐΙαύλου
819 5450 1162 5521 διδασκαλίαν
1198 5447 1475 5521 ὐϐρίζουσι
1523 5447 1617 5498 καὶ
1665 5446 1821 5513 δόξης

274 5541 293 5576 ι
318 5517 559 5591 ίρετικῆς
589 5524 803 5591 αὐτοὺς
820 5519 1033 5591 ξνόχους
1057 5517 1407 5591 δεικνῦοςδσιν.

351 5585 465 5657 (27)
502 5585 615 5645 Col.
666 5592 758 5641 τοῦ
795 5585 1119 5641 Υίοῦίαύτοῦ
1144 5585 1338 5646 καλῶς.

349 5662 462 5728 (28)
492 5662 607 5712 Col.
632 5665 684 5710 τί
710 5660 924 5726 δήποτε.

356 5719 465 5797 (29)
501 5730 643 5782 Mon.
680 5729 718 5781 f.
746 5719 846 5780 6:39
878 5744 926 5781 a.
953 5726 1016 5777 δι’
1054 5725 1087 5778 ἃ
1115 5725 1209 5793 μὲν
1241 5719 1352 5797 εἷᾉπ.

358 5795 470 5868 (50)
504 5800 648 5853 Μοη.
696 5801 881 5869 ἑρπεῖν
956 5797 1160 5855 habuit.
1211 5795 1304 5848 scd
1352 5801 1651 5847 correctqu
1704 5802 1817 5852 est;

614 5894 877 5952 Ρηιοι..
909 5890 1021 5950 GR.
1060 5890 1188 5950 Cll.

1860 4525 1903 4577 Ῑ)
1932 4542 2105 4602 ἄλλως
2135 4539 2189 4593 in
2217 4554 2388 4605 marg.
2413 4538 2691 4605 suppletur

2002 4611 2112 4677 (3i)
2140 4609 2253 4663 Col.
2280 4608 2549 4675 οὐδαμῶς.

2001 4679 2115 4747 (52)
2150 4679 2294 4731 Mon.
2324 4679 2563 4742 συνάγει.

2000 4751 2111 4815 (55)
2138 4749 2282 4801 Mon.
2332 4747 2439 4798 οὐδ’
2473 4748 2633 4811 ὀμοφ.

2000 4820 2107 4883 (54)
2137 4818 2251 4871 Col.
2284 4815 2541 4881 οὐδαμοῦ.

1998 4890 2107 4956 (35)
2148 4887 2293 4956 Men.
2320 4885 2683 4956 ἀποδείκνυσι.

2001 4954 2111 5023 (56)
2144 4955 2284 5008 Mon.
2315 4954 2512 5007 omittit
2556 4954 2641 5005 σύ.

2002 5027 2116 5093 (57)
2139 5025 2253 5080 Col.
2286 5025 2381 5093 τὴν
2408 5025 2520 5089 γέν.

2000 5090 2108 5166 (58)
2143 5095 2198 5148 1η
2254 5090 2360 5166 ep_._
2397 5094 2465 5166 a_d
2519 5091 2797 5166 dquileii:
2840 5091 2900 5141 Εἰ
2953 5090 2997 5142 δ’
3035 5092 3121 5166 ’ὅτι
3151 5091 3372 5166 λέγεται⁸
3414 5092 3472 5166 τρ

1929 5159 2147 5234 Πνεῦμα
2190 5159 2468 5223 τοῦίΥἱοῦ,
2505 5159 2613 5234 *διὰ
2668 5162 2823 5214 τοῦτο
2876 5159 3240 5234 φαντάζονται
3280 5160 3384 5234 Δκαὶ
3413 5162 3472 5211 τὸ

1927 5229 2336 5304 ἐκπορεύεσβαι,
2471 5231 2558 5281 τὸν
2579 5229 2901 5304 Πατέρα-τοῦ
2923 5229 3049 5304 Υίοῦ
3064 5229 3476 5304 δογματίζουσιν

1928 5297 2368 5373 ἐκπορεύεσθαιξ-
2398 5301 2609 5373 λέγεται
2655 5297 2761 5373 γάρ
2790 5301 2817 5349 ὁ
2849 5301 3033 5373 ῘΙ-ατὴρ
3065 5299 3337 5373 πανταχοῦ
3381 5297 3472 5373 τοῦ

1928 5366 2079 5436 Υῐοῦ,
2114 5376 2206 5424 καὶ
2255 5366 2479 5429 πολλοὺς
2508 5369 2552 5420 δ’
2580 5368 2645 5421 ἂν
2668 5366 2741 5421 ⁷οί⁷
2766 5366 3015 5420 τοιοῦτοι
3049 5368 3343 5438 προϐολέας
3382 5366 3473 5418 καὶ

1929 5445 2073 5496 αἴτια
2104 5443 2193 5493 τοῦ
2226 5440 2537 5508 Πνεύματος
2572 5440 2985 5507 ὐποστήσονται.

2005 5513 2113 5577 (59)
2148 5510 2261 5563 Col.
2282 5510 2361 5561 ὅτι
2380 5510 2719 5577 γεγέννησενο
2748 5510 2882 5568 πῶς.

2003 5582 2113 5648 με»)
2144 5580 2286 5632 Μοη.
2317 5580 2473 5647 ῥηθῇ.

2003 5652 2113 5717 (Η)
2144 5650 2283 5702 Μοη.
2316 5648 2569 5717 θεολογεῖ.

2001 5715 2109 5789 (42)
2149 5718 2279 5787 Περί
2314 5717 2512 5770 omittit
2544 5715 2683 5769 Mon.

3055 5874 3121 5931 11
