4234 6432
245 362 358 427 333

1314 371 1409 430 DE
1448 372 1508 430 S.
1543 371 1893 435 SPIRITUS
1929 373 2419 434 MYSTAGOGIA.

3365 376 3469 439 334

249 476 371 529 ἐστι
403 477 459 530 δὲ
480 476 541 529 τὸ
568 477 684 545 φῶς
716 477 810 531 τοῦ
847 478 1023 546 φωτὸς
1039 479 1149 549 (65)
1171 481 1461 549 όμοούσιον
1481 484 1510 535 6
1548 485 1673 547 Υἱὸς
1714 484 1810 537 τοῦ
1836 495 1883 549 Α
1911 501 1921 538 1

1795 484 1810 536 i
1836 495 1883 549 Α
1911 486 2166 539 nimirum
2196 487 2339 543 Patri
2375 489 2453 560 (a)
2483 500 2794 545 contextum
2824 507 2921 561 per
2948 500 3000 545 te
3030 505 3093 545 ex
3121 500 3210 543 tua
3254 490 3467 545 vafritie

245 567 468 636 Πατρός
496 568 627 638 (66),
657 567 774 642 [55]
804 568 895 620 τὸν
926 570 990 621 ὲκ
1042 571 1140 639 τῆς
1168 571 1267 641 σῆς
1322 573 1513 640 σοφίας
1545 574 1638 627 καὶ
1662 572 1799 642 γνῶ-

248 676 359 728 μης
392 661 486 712 καὶ
524 661 765 731 γλώττης
800 661 1190 731 συμπλακέντα
1238 678 1321 715 σοι
1364 663 1559 733 βρόχον
1580 666 1683 718 κᾶν
1709 665 1807 734 ὀψὲ

243 752 398 817 γοῦν,
414 752 499 803 ἵνα
534 752 609 823 μὴ
634 752 776 820 λέγω
799 753 983 824 σαυτῷ
1009 754 1332 825 περιθεῖναι,
1359 752 1580 809 ἀλλὀὗν
1600 757 1807 819 δίκαιος

242 840 385 911 ἦσθα
418 842 527 912 (67)
558 844 939 913 παραιτεῖσθαι
964 844 1105 918 [καὶ]
1137 846 1319 914 ζητεῖν
1336 845 1448 914 (68)
1472 847 1562 898 τὸν
1591 848 1678 900 διὰ.
1706 848 1805 918 τῆς

248 932 485 1003 ἀγχόνης
515 934 730 1003 ὀλεθρον
758 937 905 1000 ὅπως
939 937 1151 1005 γένοιτό
1179 954 1262 991 σοι
1288 938 1590 1005 διαφυγεῖν.

313 1029 421 1086 νς·’.
456 1020 559 1092 (ι’.]
593 1018 759 1075 Εἶπεν
786 1025 814 1075 6
861 1024 1001 1086 θεῖος
1040 1024 1249 1089 Παῦλος
1275 1026 1305 1078 6
1338 1026 1417 1094 τῷ
1472 1026 1663 1079 πλάτει
1707 1025 1802 1078 τοῦ

244 1114 597 1181 εύαγγελικοῦ
624 1115 973 1185 κηρύγματος
994 1117 1111 1186 (69)
1141 1118 1231 1170 τὸν
1255 1117 1421 1187 γύρον
1434 1118 1532 1187 τῆς
1555 1119 1802 1187 οἰκουμέ-

240 1223 336 1274 νης
417 1208 827 1277 στενοχωρήσας
854 1223 868 1237 ⁸
933 1207 1393 1271 Ἐξαπέστειλεν
1445 1211 1478 1261 ὁ
1550 1208 1692 1273 Θεὸς
1735 1210 1799 1261 τὸ

240 1298 482 1365 Πνεῦμα
510 1298 614 1351 τοῦ
672 1300 809 1352 Υἱοῦ
848 1298 1034 1352 αὐτοῦ
1056 1316 1069 1328 ·
1103 1299 1130 1351 6
1159 1301 1255 1369 μὲν
1280 1300 1387 1369 (70)
1428 1296 1547 1352 εἷπε
1577 1300 1798 1369 λέγοντα

240 1390 495 1459 οὐδεμίαν
550 1408 609 1443 σε
652 1392 805 1459 δίκην
850 1392 1217 1461 ἀπαιτοῦμεν·
1243 1392 1270 1444 6
1303 1393 1356 1444 δὲ
1389 1394 1463 1464 μὴ
1514 1389 1687 1461 εἶπεν,
1722 1394 1798 1455 ὡς

238 1481 446 1534 ἐκείνου
478 1482 842 1551 κηρύσσοντος
878 1483 1269 1552 δογματίζοντα
1313 1486 1370 1536 ὲν
1396 1486 1517 1555 δίκῃ
1553 1503 1610 1538 σε
1653 1503 1794 1555 γρα-

236 1571 448 1640 φόμεθα
465 1573 577 1639 (71)
596 1572 786 1641 ποινῆς
802 1572 983 1641 ἔνοχον
1001 1572 1112 1644 (72)
1128 1568 1266 1626 εἶναι
1280 1574 1372 1627 καὶ
1384 1573 1639 1637 ἀσεϐείας
1656 1574 1794 1644 (75).

234 1658 403 1713 Εἶπεν
439 1663 551 1725 (Ἡ)
577 1663 781 1724 ἐκεῖνος
807 1665 835 1715 6
864 1664 1113 1733 ούράνιος
1145 1664 1428 1734 ἄνθρωπος
1451 1681 1465 1694 ·
1504 1666 1573 1720 Τὸ
1600 1667 1793 1720 Πνεῦ-

227 1769 312 1819 μα
354 1752 461 1805 τοῦ
502 1752 637 1806 Υἱοῦ
676 1754 863 1808 αὐτοῦ
890 1772 903 1785 ·
936 1755 1001 1808 σὺ
1052 1754 1109 1807 δὲ
1144 1754 1329 1828 ῶσπερ
1365 1756 1460 1809 καὶ
1492 1756 1581 1809 τὸν
1611 1756 1792 1827 τρίτον

1910 581 1964 625 et
1995 573 2254 641 opinione
2299 587 2355 629 et
2400 577 2578 647 lingua
2626 580 2875 647 laqueum
2916 580 3131 633 tandem
3180 580 3469 647 aliquando

1908 677 1977 715 ne
2016 664 2187 717 dicam
2212 665 2504 734 ipsummet
2520 667 2614 720 tibi
2644 667 2957 736 imponere;
2991 677 3047 721 at
3064 668 3253 722 saltem
3270 669 3469 736 depre-

1905 753 2017 808 cari
2052 754 2318 824 tejustum
2339 756 2502 811 fuerit
2518 766 2680 826 atque
2701 773 2962 826 quaerere,
2991 758 3263 829 quomodo
3283 768 3465 812 stran-

1905 845 2195 916 gulationis
2228 860 2460 904 mortem
2488 866 2655 920 queas
2686 852 2938 906 evadere.

1973 1021 2061 1076 56.
2104 1022 2247 1077 Dixit
2278 1024 2434 1078 divus
2458 1025 2677 1089 Paulus,
2713 1026 2804 1095 qui
2828 1026 3112 1080 latitudine
3141 1028 3461 1097 evangelica:

1915 1113 2315 1180 praedicationis
2337 1116 2541 1169 telluris
2561 1118 2827 1172 universa:
2842 1118 3099 1171 ambitum
3128 1119 3457 1173 coarctavit:

1901 1200 2039 1253 Misit
2083 1202 2219 1257 Deus
2253 1202 2507 1271 Spiritum
2556 1202 2681 1256 Filii
2726 1205 2828 1257 sui.
2876 1204 3010 1257 Dum
3065 1204 3116 1257 id
3148 1204 3288 1272 quod
3322 1204 3460 1257 dixit

1900 1293 2175 1357 enuntias,
2208 1294 2408 1346 nullam
2446 1310 2475 1347 a
2518 1304 2569 1348 te
2609 1310 2823 1363 paenam
2856 1296 3137 1365 exigimus,
3172 1296 3297 1350 dum
3330 1314 3459 1351 vero

1898 1383 2040 1451 quod
2071 1398 2178 1436 non
2204 1383 2341 1437 dixit
2376 1394 2630 1453 tanquam
2674 1386 2742 1438 ab
2788 1386 2878 1438 illo
2916 1387 3264 1454 praedicatum
3325 1404 3459 1441 con-

1898 1475 2255 1538 stituis,reum
2274 1486 2324 1529 te
2355 1477 2603 1546 supplicii
2628 1486 2787 1545 atque
2822 1478 3457 1545 impietatisjudicamus.

1898 1566 2039 1621 Dixit
2088 1568 2176 1622 ille
2208 1570 2445 1623 caelestis
2498 1570 2699 1623 homo:
2753 1569 3007 1635 Spiritum
3048 1569 3179 1622 Filii
3218 1572 3341 1630 sui;
3399 1579 3456 1625 tu

1895 1674 2023 1711 vero
2053 1660 2201 1727 quasi
2238 1661 2456 1714 tertium
2483 1661 2676 1714 cmlum
2711 1676 3098 1730 supergressus
3131 1663 3456 1715 verborum-

1894 1765 1999 1818 que
2022 1751 2187 1819 magis
2205 1766 2524 1803 arcanorum
2550 1751 2764 1803 auditor
2792 1750 2989 1813 lactus,
3022 1767 3207 1804 vocem
3234 1752 3453 1820 quidem

230 1843 460 1909 οὐρανὸν
496 1842 845 1911 ὑπεραναόἀς
891 1845 985 1898 καὶ
1043 1846 1498 1916 ἀπορρητοτέρων
1532 1847 1788 1917 ῥημάτων
1822 1853 1862 1907 Β
1893 1839 1902 1891 ί

1780 1865 1788 1894 ι
1822 1853 1862 1907 η
1893 1839 2035 1893 illius
2065 1847 2337 1910 tanquam“
2364 1841 2730 1910 imperfectam
2784 1842 3034 1909 repudias
3078 1851 3131 1895 et
3172 1859 3199 1895 a
3234 1844 3332 1897 ﬁde
3361 1854 3452 1898 tua

230 1933 495 2002 αὐτήκοος
518 1933 629 2004 (75)
650 1934 889 2002 γεγονὼς
909 1935 1115 1987 ἐκείνου
1137 1936 1236 2004 μὲν
1254 1939 1354 2006 τὴν
1379 1938 1559 2009 φωνὴν
1577 1940 1649 2003 ὡς
1676 1940 1786 2009 (76)

230 2024 396 2093 ἀτελῆ
441 2025 908 2095 παραγρὰφῃ(77)
960 2027 1055 2079 καὶ
1112 2028 1211 2096 τῆς
1256 2029 1354 2096 σῆς
1396 2027 1629 2092 πίστεως
1679 2032 1789 2082 ἀπο

233 2118 502 2179 ελαύνεις,
533 2117 878 2170 τελειοποιῶν
899 2119 954 2171 δὲ
984 2118 1094 2189 (78)
1125 2119 1185 2171 τὸ
1212 2119 1418 2172 ἐκείνου
1442 2121 1627 2184 ἀτελὲς
1668 2122 1789 2175 ἀντὶ

228 2208 323 2261 τοῦ
354 2210 532 2275 λέγειν
554 2248 568 2271 ,
610 2210 678 2263 Τὸ
705 2209 945 2279 Πνεῦμα
965 2210 1068 2263 τοῦ
1095 2209 1227 2263 Υἱοῦ
1250 2211 1455 2275 αὐτοῦ,
1479 2212 1538 2265 τὸ
1570 2213 1789 2280 Πνεῦμα

226 2301 577 2369 δογματίζεις
607 2301 730 2371 (φεῦ
763 2306 861 2372 τῆς
891 2304 1299 2373 ἀνυπερῦλήτου
1326 2305 1527 2375 τόλμης
1557 2307 1594 2375 ε)
1622 2308 1787 2359 ἐκπο-

230 2392 485 2461 ρεύεσθαι
514 2393 607 2446 τοῦ
643 2395 770 2446 Υίοῦ
804 2410 819 2426 ’
851 2396 944 2447 καὶ
991 2395 1159 2448 ταῦτα
1191 2394 1303 2468 [56]
1359 2396 1787 2468 δραματουργῶν

224 2489 324 2539 καὶ
360 2486 698 2557 βλασφημῶν
724 2487 815 2540 τὸν
864 2486 1480 2560 βλασφημούμενονζ79)
1531 2490 1787 2561 οὐδεμίαν

224 2576 527 2645 λαμδάνεις
598 2575 730 2628 αίδὼ
778 2575 1095 2630 διδάσκαλον
1148 2578 1240 2631 καὶ
1305 2580 1600 2649 συνήγορον
1665 2581 1787 2632 ἐπι-

223 2665 556 2735 γράφεσθαι.
606 2667 809 2729 Ὄντως
867 2667 1092 2732 ἔδειξας,
1147 2670 1210 2721 ὲκ
1260 2669 1414 2722 ποίου
1479 2668 1787 2739 πνεύματος

222 2758 616 2827 ἐνεργούμενος
653 2761 744 2811 καὶ
790 2757 1162 2830 πληρούμενος
1207 2761 1300 2814 τὸν
1349 2760 1662 2833 τηλικοῦτον
1694 2764 1787 2816 καὶ

219 2848 483 2901 τοσοῦτον
519 2848 595 2901 ίὸν
622 2850 722 2918 τῆς
751 2850 1001 2914 ἀσεϐείας
1026 2850 1236 2922 (80-81)
1263 2851 1555 2921 ἑξήμεσας.

294 2940 394 3005 νζ.
428 2940 568 3012 [ια’.]
602 2942 790 2995 Βούλει
825 2960 908 2996 σοι
942 2944 1037 2997 καὶ
1085 2945 1275 3014 ἑτέρας
1309 2945 1458 3015 ίεράς
1488 2944 1786 3016 παραθείην

221 3031 432 3097 φωνὰς,
456 3030 526 3082 δι’
567 3024 642 3083 ὧν
674 3048 755 3084 σοι
790 3032 885 3085 καὶ
906 3032 966 3085 τδ
992 3032 1093 3104 τῆς
1122 3033 1234 3103 (82)
1264 3034 1520 3097 ἀπονοίας
1552 3036 1644 3086 καὶ
1682 3051 1786 3087 πα-

224 3121 450 3189 ρανοίας
492 3120 860 3190 στηλιτεύεται
881 3125 1292 3195 κακομήχανονς
1332 3125 1703 3195 Ἰερολογεῖται
1724 3125 1784 3179 τὸ

220 3211 489 3280 πανάγιον
528 3212 769 3282 Πνεῦμα,
824 3214 1045 3284 Πνεῦμα
1092 3217 1303 3285 σοφίας,
1371 3216 1595 3287 Πνεῦμα
1660 3233 1786 3269 συνο

222 3304 417 3366 ἑσεως,
460 3304 683 3374 Πνεῦμα
736 3304 1011 3373 γνώσεως,
1036 3305 1258 3377 Πνεῦμα
1286 3308 1526 3379 ἀγάπης,
1564 3307 1784 3377 Πνεῦμα

222 3395 630 3465 σωφρονισμοῦ,
677 3396 897 3467 Πνεῦμα
929 3396 1217 3461 υἱοθεσίας.
1257 3400 1339 3452 Οὐ
1382 3400 1491 3468 τὰρ
1519 3398 1780 3463 ἐλάϐετε,

220 3488 382 3553 φησὶ,
420 3489 653 3555 πνεῦμα
678 3488 958 3554 δουλείας
1001 3492 1085 3555 είς
1114 3492 1321 3557 φόϐον,
1351 3490 1380 3541 6
1404 3490 1463 3542 τὸ
1487 3490 1782 3561 ἀνέσπερον

216 3578 321 3645 τῆς
349 3577 606 3646 ἀληθείας
649 3580 763 3647 φῶς
801 3580 880 3649 τῷ
929 3579 1022 3633 τοῦ
1052 3580 1201 3649 ἡλίου
1229 3580 1341 3651 (83)
1374 3582 1556 3650 δρόμῳ
1596 3582 1780 3647 συνεξ-

224 3668 487 3730 απλὼσας
550 3670 643 3724 καὶ
686 3672 865 3723 πᾶσαν
918 3671 1016 3740 τὴν
1060 3670 1163 3740 γῆν
1212 3673 1327 3733 ταῖς
1361 3671 1569 3723 ἐκεῖθεν
1599 3672 1775 3725 ἀκτῖσι

217 3760 667 3830 περιλαϐὼν(84),
682 3763 841 3816 ἀλλὰ
856 3764 1094 3831 Πνεῦμα
1118 3763 1421 3827 Υίοθεσίας
1437 3776 1452 3793 ο
1476 3764 1568 3815 καὶ
1592 3763 1772 3829 πάλιν,

223 3857 309 3908 Οὐ
327 3856 435 3923 rizp
457 3855 676 3908 ἔδωκεν
695 3855 838 3923 ὑμῖν
862 3856 1093 3923 πνεῦμα
1110 3854 1407 3921 δουλείας,
1428 3855 1585 3908 ἀλλὰ
1598 3855 1775 3909 Πνεῦσ

209 3964 296 4014 ρα
311 3949 527 4015 σοφίας
551 3949 651 4000 καί
670 3947 902 4017 ἀγάπης
923 3947 1020 4002 καὶ
1038 3946 1461 4016 σωφρονισμοῦ
1493 3946 1623 4015 (85).
1664 3946 1774 4000 Καὶ

214 4040 284 4108 δὴ
313 4042 405 4092 καὶ
426 4040 535 4109 (86)
567 4040 785 4109 Πνεῦμα
807 4039 1040 4103 πίστεως
1069 4039 1285 4107 λέγεται
1314 4038 1408 4091 καὶ
1446 4037 1773 4106 ἐπαγγελίας

1893 1930 2161 1994 eliminas,
2214 1931 2504 1999 perﬁciens
2553 1946 2682 1984 vcro
2718 1932 2861 1999 quod
2904 1932 2991 1985 illc
3027 1933 3316 2000 reliquerat
3349 1935 3448 1987 im-

1892 2023 2210 2090 perfectum,
2240 2022 2359 2078 loco
2395 2023 2653 2082 dicendi.:
2688 2023 2943 2093 Spiritum
2970 2023 3099 2077 Filii
3123 2026 3224 2087 sui,
3253 2025 3449 2079 asseris

1890 2118 1944 2183 (ο
1976 2128 2242 2167 summam
2272 2122 2435 2182 atque
2466 2116 2853 2170 intolerandam
2877 2116 3215 2185 audaciam!)
3256 2131 3284 2169 a
3315 2117 3447 2171 Filio

1890 2206 2147 2274 Spiritum
2171 2208 2712 2277 procedere;ha:cque
2733 2210 2947 2263 scenico
2967 2209 3277 2279 conﬁngens
3298 2226 3446 2263 more

1888 2308 1942 2351 ct
1964 2313 2057 2352 ore
2074 2299 2333 2369 sacrilego
2365 2300 2931 2369 recitansApostolum
2966 2302 3139 2370 ipsum
3165 2300 3444 2371 sacrilegio

1888 2403 1983 2445 tuo
2006 2392 2189 2445 laesum
2214 2393 2489 2446 doctorem
2507 2408 2569 2447 ac
2590 2404 2875 2462 patronum
2910 2394 3003 2447 tibi
3032 2395 3307 2449 vindicare
3334 2412 3441 2451 non

1892 2483 2189 2537 erubescis.
2237 2482 2402 2536 Plane
2433 2484 2737 2547 ostendisti,
2780 2500 2887 2554 quo
2930 2484 3121 2554 spiritu
3149 2498 3443 2556 occupatus

1886 2590 1949 2628 ac
1968 2574 2222 2643 impletus
2251 2582 2460 2627 tantum
2478 2588 2542 2629 ac
2572 2573 2676 2627 tale
2700 2574 2992 2644 impietatis
3020 2590 3289 2629 venenum
3317 2592 3443 2631 evo-

1888 2667 2106 2721 mueris.

1956 2944 2043 2998 57.
2086 2942 2251 2997 Visne
2275 2944 2406 2997 alias
2425 2944 2603 3000 adhuc
2626 2946 2722 2999 tibi
2754 2960 2937 3001 sacras
2961 2962 3227 3017 apponam
3260 2965 3441 3013 voces,

1886 3036 2082 3103 quibus
2121 3037 2355 3089 vesaniae
2378 3036 2774 3106 dementiaaque
2802 3046 2907 3093 tua:
2933 3039 3105 3093 malus
3133 3039 3442 3097 conlutetur

1888 3125 2090 3179 dolus?
2136 3124 2463 3179 Prmdicatur
2516 3129 2893 3183 sanctissimus
2920 3130 3174 3198 Spiritus,
3208 3130 3441 3199 Spiritus

1885 3215 2184 3285 sapientiae,
2238 3214 2472 3287 Spiritus
2516 3218 2842 3287 prudentie,
2912 3220 3144 3289 Spiritus
3180 3223 3439 3285 scientiae,

1886 3305 2119 3376 Spiritus
2170 3306 2495 3373 dilectionis,
2532 3309 2767 3379 Spiritus
2799 3310 3163 3376 continentiae,
3210 3311 3439 3382 Spiritus

1882 3398 2185 3468 adOptionis
2228 3400 2457 3453 ﬁliorum
2489 3400 2556 3454 ⁶¹.
2589 3400 2709 3453 Non
2730 3403 2867 3455 enim
2894 3403 3161 3472 accepistis
3195 3405 3437 3472 spiritum

1882 3491 2141 3542 servitutis
2180 3492 2232 3542 in
2286 3492 2542 3553 timorem,
2594 3493 2668 3545 ait
2699 3493 2917 3557 Paulus,
2947 3494 3037 3562 qui
3069 3493 3243 3548 lucem
3294 3497 3435 3549 veri-

1883 3580 2009 3634 tatis
2054 3596 2328 3649 nunquam
2397 3592 2867 3650 vesperascentem
2921 3599 3241 3653 quacunque
3308 3587 3433 3639 solis

1880 3686 2071 3725 cursus
2101 3672 2389 3742 porrigitur
2414 3673 2729 3742 propagavit
2781 3683 3087 3745 terramque
3126 3677 3432 3731 universam

1880 3764 2023 3818 illius
2053 3765 2219 3818 radiis
2244 3775 2328 3818 est
2352 3767 2686 3834 complexus,
2726 3768 2814 3819 sed
2846 3767 3099 3835 Spiritum
3144 3770 3430 3836 adoptionis

1880 3856 2106 3923 ﬁliorum
2137 3856 2203 3909 ”.
2238 3857 2301 3909 Et
2328 3872 2541 3911 rursum
2571 3875 2583 3910 :
2626 3858 2742 3911 Non
2775 3861 2912 3912 enim
2935 3861 3073 3913 dedit
3115 3862 3253 3914 vobis
3277 3862 3437 3926 spiri-

1881 3954 1991 3999 tum
2012 3947 2292 4007 servitutis,
2334 3949 2423 4000 sed
2460 3947 2713 4015 Spiritum
2746 3950 3018 4018 sapientia
3046 3960 3094 4004 et
3148 3952 3432 4005 dilectionis

1880 4047 1928 4091 et
1973 4037 2270 4091 sobrietatis
2292 4038 2356 4090 ⁸⁸.
2382 4041 2494 4094 lmo
2524 4049 2578 4094 et
2596 4040 2829 4110 Spiritus
2856 4042 2979 4097 ﬁdei
3001 4044 3199 4098 dicitur
3227 4054 3280 4099 et
3307 4059 3431 4113 pro-

295 4194 337 4227 "
380 4195 482 4250 Isa.
531 4211 602 4250 XI.
637 4195 672 4249 ἓ
700 4214 712 4226 ι
763 4196 808 4250 ll
854 4195 994 4249 Tim.
1042 4211 1079 4258 ι,
1120 4196 1172 4246 7.
1250 4194 1296 4225 ”
1326 4192 1482 4247 Rom.
1516 4209 1635 4257 vm,
1682 4193 1767 4246 15.
1842 4193 1886 4223 “
1920 4193 1963 4246 ll

637 4195 672 4249 ἓ
700 4214 712 4226 ·
763 4196 808 4250 Π
854 4195 994 4249 Tim.
1042 4211 1079 4258 ι,
1120 4196 1172 4246 7.
1250 4194 1296 4225 ⁸⁸
1326 4192 1482 4247 Rom.
1516 4209 1635 4257 vm,
1682 4193 1767 4246 15.
1842 4193 1886 4223 “
1920 4193 1963 4246 ll
1991 4191 2131 4245 Tim.
2167 4207 2206 4253 ι,
2252 4191 2309 4244 7.

1302 4326 1535 4381 VARUE
1569 4323 1951 4380 LECTIONES
1988 4326 2075 4381 ET
2116 4324 2343 4379 ΝΟΤΑΞ.

289 4446 401 4515 (65)
440 4445 611 4500 Verba
642 4446 754 4498 ἐστι
786 4445 850 4515 δὲ,
878 4443 1036 4515 τδ-φ.
1082 4442 1179 4495 τοῦ
1212 4458 1271 4510 φ.
1310 4441 1365 4494 in
1395 4450 1541 4495 textu
1570 4439 1767 4493 omissa
1799 4440 1844 4495 ι)
1903 4442 1922 4450 ’
1946 4440 2059 4507 (75)

213 4518 281 4572 ad
300 4512 477 4581 ‘marg.
504 4516 821 4584 supplentur
842 4514 894 4566 in
923 4512 1129 4584 Monac:

290 4586 400 4653 ((36)
434 4580 583 4637 Non.
608 4580 930 4653 :Opooéotov
964 4582 1057 4633 τοῦ
1088 4580 1302 4653 Πατρός
1334 4581 1361 4632 6
1390 4580 1537 4639 Υἱός.

289 4651 399 4721 (67)
433 4654 576 4707 Mon.
605 4651 766 4722 ἧσθαι
797 4652 1013 4713 habuit;
1043 4651 1134 4705 sed
1158 4659 1342 4719 postea
1372 4657 1693 4703 correctum.

311 4726 399 4777 68l
437 4729 452 4746 °
480 4724 567 4777 Sic
590 4723 704 4777 Col.

288 4727 399 4790 (68)
437 4729 452 4746 °
480 4727 567 4777 Sic
590 4727 704 4777 Col.

293 4795 405 4860 (69)
436 4794 607 4847 Vatic.
644 4793 683 4847 ί.
710 4792 816 4847 202
863 4808 913 4845 a.
944 4791 1037 4843 καὶ
1079 4788 1169 4841 τὸν
1196 4796 1266 4857 γ’.
1307 4788 1364 4843 In
1388 4787 1558 4842 Palat.
1588 4788 1763 4859 signa-

216 4873 307 4919 tur
340 4880 386 4915 c.
425 4863 488 4915 θ’.

288 4934 399 4999 (70)
428 4931 567 4983 Mnn.
602 4934 629 4984 6
663 4950 721 4998 μ.

289 4996 400 5068 (71)
440 4996 936 5053 Dilleruntcndiccs
969 5018 981 5051 :
1013 4996 1187 5052 Vatic.
1229 4996 1318 5050 Ἐν
1358 4996 1585 5068 δίκῃᾲσε
1617 5013 1761 5068 γρα-

216 5066 449 5138 φόμεθα.
478 5070 647 5123 Palat.
678 5070 715 5123 l'.
742 5070 846 5123 εὶς)
872 5071 924 5122 b.
955 5070 1168 5137 ὲνδίκης
1209 5066 1584 5138 ἐγραφόμεθα.
1615 5066 1756 5121 Mon.

213 5142 255 5196 f.
278 5141 380 5193 460
404 5157 455 5192 a.
486 5140 709 5202 ἐνδίκως
735 5156 794 5191 σε
821 5155 991 5209 γραφ.

286 5210 397 5277 (72)
438 5210 576 5262 Mori.
603 5209 794 5275 ἔνοχοι,

289 5273 400 5346 (75)
426 5279 521 5347 Ep.
549 5280 612 5331 ad
640 5273 867 5345 Aquilei.
888 5295 899 5328 :
921 5277 995 5330 Ού
1018 5277 1125 5346 γὰρ
1149 5276 1344 5347 αὐτούς
1365 5276 1423 5326 ὲν
1448 5273 1529 5347 οἷς
1552 5292 1618 5343 κη
1630 5275 1755 5343 ρύσ-

216 5340 305 5401 ast
337 5340 542 5408 Παῦλος
601 5340 943 5415 μεμφόμεθα,
999 5340 1131 5398 ἀλλά
1190 5346 1254 5398 δι’
1284 5340 1358 5398 ὧν
1403 5346 1499 5406 τὰς
1549 5340 1755 5395 ἐκείνου

214 5397 619 5504 θεοτιτνεύστουςΓ
658 5397 838 5485 dat-ivi;
857 5417 1413 5504 ντιαραχαράπτουσιν,
1457 5415 1755 5504 αίτιῶμεὶθα

286 5489 299 5504 ι
355 5487 377 5504 θ
413 5488 427 5504 Ι
701 5489 712 5504 1
1097 5503 1109 5504 γ
1274 5490 1283 5504 r
1313 5503 1320 5504 κ
1393 5502 1477 5504 ,__
1550 5485 1661 5504 ιυᾼη
1697 5500 1722 5504 _.

212 5489 309 5540 καὶ
351 5487 534 5556 διόπερ
570 5486 605 5538 ἃ.
652 5482 785 5554 μήτε
830 5482 980 5537 εἶπεν
1013 5482 1175 5548 αὐτὸς
1222 5490 1355 5554 μήτε
1382 5484 1508 5556 ποτὲ
1547 5484 1756 5549 ἐνενόη-

211 5574 307 5644 σεν
336 5558 415 5617 είς
461 5554 794 5644 κατηγορίαν
844 5556 1006 5607 αὑτοῦ
1050 5554 1461 5644 ἀναισχυγτοῦσι
1495 5556 1754 5644 προκομίο

347 5643 354 5644 ,
386 5626 422 5644 ειν
444 5629 453 5644 \
502 5625 643 5644 ,,,-__
814 5626 850 5644 '_
966 5627 977 5641 ο
1031 5642 1040 5644 -
1123 5642 1184 5644 MN
1213 5634 1221 5644 ι
1309 5623 1477 5644 ,.,,__"_..
1512 5623 1535 5644 1.
1604 5640 1725 5644 _--_.-

209 5624 357 5688 ζειν·
382 5626 465 5676 διὰ
496 5623 650 5676 τοῦτο
682 5626 895 5677 δικαίαν
921 5627 1072 5677 αὐτοὶ
1120 5623 1242 5677 καθ’
1273 5623 1477 5678 ἑαυτῶν
1507 5623 1751 5675 ἀλίσκον⁸

206 5711 296 5747 ται
322 5694 416 5761 τὴν
440 5695 778 5759 κατάγνωσιν
818 5694 1185 5762 ἐπιφέροντες.

279 5767 389 5834 (74)
428 5768 486 5820 ln
516 5766 681 5821 Palat.
712 5776 762 5820 ον
807 5766 922 5820 Vat.
955 5782 1003 5819 c.
1037 5771 1087 5818 ι’.

2146 4439 2287 4513 Mon.
2333 4436 2798 4513 63666111916”;
2830 4443 2920 4510 ρη.
2954 4481 2968 4495 .
3004 4481 3015 4493 .
3038 4478 3061 4513 _.
3092 4483 3105 4494 .
3165 4441 3417 4513 (spatium

1872 4513 2138 4580 vacuum)
2179 4508 2544 4580 τήκοοςηίοιί,
2577 4510 2740 4577 ἀπορ.
2772 4508 2959 4578 ῥήσεις
2992 4508 3188 4580 αύτήκζ

1940 4581 2048 4646 (76)
2076 4579 2150 4639 ὼς
2179 4579 2380 4631 omittit
2402 4578 2541 4630 Mon.

1940 4650 2049 4720 (7?)
2081 4647 2196 4720 βοι-
2225 4650 2561 4720 sspitem-

1939 4718 2048 4784 (78)
2076 4717 2129 4769 δέ
2166 4717 2341 4769 omitt.
2370 4717 2509 4769 Mon.

1944 4788 2055 4854 (79)
2086 4786 2169 4839 Cf.
2208 4788 2373 4841 lCor.
2415 4804 2488 4847 Iv,
2522 4786 2605 4852 1‘2,
2642 4788 2728 4842 15.

1938 4855 2329 4935 (89781)_M0n_.
2364 4858 2615 4935 τοσοῦτον
2650 4860 2741 4911 τὸν
2771 4861 2847 4912 ἰὸν
2874 4860 2973 4928 τῆς
3010 4861 3376 4935 βλασφημίας.

1936 4928 2048 4997 (8‘2)
2080 4926 2199 4997 μοι.
2234 4927 2314 4977 σοὶ
2339 4926 2397 4997 τὸ
2419 4927 2536 4997 τῆς.

2079 4994 2224 5069 Lion.
2261 4998 2288 5049 6
2316 4996 2405 5045 τὸν
2429 4995 2690 5069 ἀνεσπ....
2725 4998 2817 5051 τοῦ
2852 4998 3032 5052 Ἡλίου
3074 5002 3162 5069 δρ.

1934 5065 2408 5152 (86)_Ser'|1uentem
2454 5064 2651 5152 lineam
2698 5069 2846 5149 ἀλλὰ,
2885 5064 3411 5152 Πνεῦμαυίοθεσίας

1862 5164 1927 5173 __
1983 5136 2112 5203 ὑμῖν
2162 5134 2384 5200 Πνεῦμα
2449 5135 2695 5197 δουλείας
2743 5140 2927 5191 omisit
2995 5134 3225 5208 scriptor
3288 5134 3408 5198 cod.

1860 5204 2092 5277 Monam,
2114 5205 2204 5272 qui
2238 5205 2779 5277 Ιιειὺοιεπεριλαδὼν,
2809 5208 2945 5259 ἀλλὰ
2979 5210 3074 5262 Πν.
3116 5213 3322 5277 σοφίας,
3354 5229 3407 5266 κ.

1858 5291 1907 5327 τ.
1945 5274 2020 5335 λ.,
2047 5275 2274 5343 fortasse
2303 5273 2380 5341 τῷ
2405 5274 2680 5343 όμοιὰρχῳ
2709 5296 2726 5325 ι
2758 5278 2891 5329 ἀλλὰ
2930 5296 2947 5327 ι
2978 5273 3250 5334 inductus.

2074 5342 2286 5415 llATim.
2322 5358 2357 5395 l.
2455 5360 2470 5415 _:
2496 5344 2581 5415 _06_
2630 5346 2739 5415 γὰρ
2788 5347 2985 5399 ἔδωκεν
3052 5350 3183 5415 ἡμῖν
3213 5354 3239 5402 6
3276 5351 3409 5411 Θεὸς

1858 5411 2070 5479 πνεῦμα
2116 5412 2335 5491 δειλίας,
2385 5411 2521 5465 ἀλλά
2561 5411 2844 5485 δυνάμεως
2903 5417 2999 5469 καὶ
3050 5411 3271 5487 ἀγάπης
3316 5426 3409 5472 καὶ

1857 5499 2255 5550 σωφρονισμου.

1924 5554 2032 5621 (86)
2067 5552 2181 5604 Col.
2210 5552 2297 5602 ναὶ
2327 5552 2389 5621 δὴ
2422 5555 2532 5608 καί.

1925 5624 2013 5696 (a)_
2041 5623 2137 5675 l’er
2154 5624 2492 5696 aposiopesin
2515 5625 2711 5678 omittit
2744 5640 3084 5695 consequens
3116 5642 3127 5677 :
3162 5626 3299 5696 Ergo
3337 5642 3400 5681 ex

1852 5692 2052 5743 mundo
2082 5692 2319 5759 procedit
2342 5693 2608 5756 Christus,
2627 5708 2729 5749 ctc.
