4234 6432
713 345 817 408 335

1829 345 2087 406 ΡΗΟΤΠ
2129 342 2632 404 PATRIARCH/E
2671 345 2778 405 ΕΡ.

3840 346 3952 407 336

714 455 990 511 missionis
1027 465 1081 509 et
1110 455 1328 509 virtutis
1363 466 1417 508 et
1449 456 1814 521 revelationis,
1850 457 2064 510 consilii
2110 457 2271 510 etiam
2303 457 2350 513 Α
2380 472 2386 505 :

2303 457 2350 513 Α
2380 457 2471 506 καὶ
2495 456 2780 522 δυνάμεως
2807 459 2897 508 καὶ
2926 456 3340 526 ἀποκαλύψεως,
3363 457 3554 527 βουλῆς
3572 475 3627 509 τε
3647 458 3739 510 καὶ
3760 458 3945 526 ἰσχύες

714 558 771 602 et
799 548 1136 603 fortitudinis
1182 557 1237 601 et
1275 549 1488 616 pietatis
1527 556 1582 600 et
1623 548 2055 600 mansuetudinis
2084 547 2166 599 “z
2209 546 2273 598 Et

712 642 760 694 si
790 651 1183 708 prwoccupatus
1213 644 1368 712 fuerit
1406 644 1576 705 homo,
1614 641 1810 709 inquit,
1852 642 1907 692 in
1957 642 2136 710 aliquo
2181 642 2274 692 de-

715 732 857 790 licto.
879 749 965 786 vos
990 735 1076 801 qui
1112 733 1409 800 spirituales
1439 734 1583 796 (stis,
1604 732 1842 785 instruile
1860 748 1975 783 eum
1997 734 2050 783 in
2073 730 2275 798 Spiritu

719 826 1132 877 mansuetudinis
1180 825 1452 892 (lenitatis)
1481 826 1545 877 ⁸⁸.
1596 826 1672 877 Ita
1704 823 1920 884 Paulus,
1959 823 2122 890 ignita
2152 822 2275 890 Spi-

717 921 852 972 ritus
902 921 1103 987 lingua.
1159 919 1361 970 Dicitur
1416 919 1577 971 etiam
1621 919 1857 986 Spiritus
1910 918 2272 976 sensatiunis;

716 1014 792 1063 ait
815 1013 956 1063 enim
985 1011 1261 1079 Scriptum
1288 1029 1300 1062 τ
1333 1009 1462 1062 Ecce
1486 1010 1660 1062 vocavi
1682 1026 1746 1062 ex
1768 1011 1972 1062 nomine
2012 1007 2271 1070 Beseleel;

716 1105 905 1170 replevi
955 1120 1071 1155 eum
1111 1102 1316 1171 Spiritu
1353 1104 1630 1170 sapientia:
1662 1112 1709 1155 et
1753 1103 1986 1156 scientia?
2012 1112 2058 1153 et
2097 1119 2270 1154 sensa-

715 1196 871 1244 tionis
890 1194 955 1244 ⁸⁷.
988 1194 1105 1244 Non
1143 1193 1312 1244 solum
1346 1192 1468 1252 hoc,
1504 1208 1689 1244 verum
1724 1201 1776 1244 et
1806 1192 2038 1259 Spir-itus
2068 1191 2278 1242 humili

718 1287 865 1340 tatis.
910 1294 970 1336 ut
998 1293 1200 1337 c:munt
1244 1285 1398 1352 pueri
1446 1285 1498 1336 in
1552 1285 1672 1352 igne
1726 1282 2062 1351 refrigeriqu
2092 1283 2274 1333 nacti:

721 1377 821 1430 Sed
856 1379 909 1428 in
939 1377 1115 1428 animo
1146 1378 1369 1428 contrito
1403 1387 1450 1427 ct
1485 1376 1536 1426 in
1575 1373 1775 1444 Spiritu
1803 1373 2136 1444 humilitatis,
2167 1389 2280 1423 sus-

717 1469 979 1536 cipiamur
1006 1467 1071 1518 ⁸⁸.
1125 1467 1230 1519 Sed
1259 1475 1312 1517 et
1343 1465 1578 1532 Spiritus
1601 1442 1789 1532 iudicii
1821 1473 1876 1515 et
1905 1442 2133 1520 ardoris,
2162 1459 2281 1527 qui-

719 1561 820 1612 bus
851 1559 1030 1611 verbis
1063 1560 1218 1610 ultrix
1249 1567 1303 1608 et
1342 1558 1616 1625 purgatrix
1650 1556 1883 1624 Spiritus
1914 1557 2084 1607 virtus
2106 1555 2281 1606 mani-

720 1653 967 1706 festatur.
1001 1651 1216 1703 Etenim
1249 1649 1415 1703 Isaias
1439 1650 1666 1701 clamat:
1698 1646 1955 1716 Purgabit
1989 1662 2072 1698 eos
2099 1645 2282 1696 Domi-

720 1762 814 1796 nus
864 1745 1070 1811 Spiritu
1116 1743 1304 1811 judirii
1364 1751 1411 1793 et
1468 1741 1674 1792 ardoris
1698 1740 1784 1804 ⁶⁹;
1820 1739 1914 1791 sed
1947 1745 2000 1790 et
2051 1737 2283 1805 Spiritus

717 1835 1092 1904 plenitudinis,
1127 1849 1249 1886 nam
1294 1848 1401 1900 quo
1457 1832 1844 1901 prophetarum
1894 1829 2072 1881 nullus
2113 1827 2280 1896 magis

717 1926 1054 1994 compatiens
1114 1925 1327 1977 cancris
1375 1933 1459 1977 est
1507 1921 1790 1984 Jercmias,
1837 1921 1928 1973 Via
1964 1920 2087 1987 lilia:
2131 1917 2276 1978 Sion,

723 2018 913 2086 inquit,
948 2017 1126 2068 nonin
1157 2025 1415 2076 sanctum,
1454 2031 1544 2065 nec
1577 2013 1633 2064 in
1654 2029 1845 2078 purum
1877 2010 2134 2077 Spiritum
2170 2009 2281 2070 ple-

720 2109 969 2161 mtudinis
1013 2107 1076 2169 "°,
1131 2123 1229 2173 pro
1265 2121 1330 2157 eo
1380 2114 1438 2157 ut
1485 2103 1734 2155 diceret:
1785 2102 1903 2155 Non
1947 2099 2150 2169 repleta
2198 2108 2282 2152 est

720 2215 858 2271 pum
899 2208 955 2251 et
983 2208 1172 2251 saneto
1210 2197 1437 2265 Spiritu.
1483 2196 1622 2260 Quid
1653 2195 1824 2264 ergo?
1865 2193 2059 2247 Ideouc
2090 2202 2146 2246 tu
2186 2208 2280 2245 su-

719 2293 944 2363 percilio
1000 2300 1277 2344 contracto
1328 2304 1390 2342 ex
1446 2288 1625 2351 donis,
1674 2303 1792 2356 qua:
1831 2287 1919 2338 ille
1969 2285 2191 2355 largitur
2217 2299 2281 2337 ac

718 2386 920 2446 donat,
983 2382 1276 2452 procedere
1332 2379 1733 2432 sanctissimum
1792 2375 2052 2444 Spiritum
2116 2373 2281 2442 impia

721 2476 1133 2530 ratiocinatione
1167 2472 1458 2526 aﬂirmabis
1503 2486 1567 2524 ac
1609 2469 2018 2524 subsistentiam
2067 2483 2131 2520 ac
2157 2483 2282 2535 pro-

725 2568 1025 2623 cessionem
1044 2582 1195 2619 suam
1227 2565 1351 2619 inde
1382 2564 1638 2618 trahere?
1670 2559 1747 2615 Nc
1768 2562 1930 2631 igitur
1958 2572 2010 2614 te
2033 2560 2284 2628 impietas

728 2660 1108 2716 blandimentis
1137 2659 1251 2712 suis
1289 2657 1528 2726 pelliciat
1554 2657 1620 2709 ad
1651 2655 1889 2708 fallacias
1918 2663 2105 2706 contra
2135 2661 2281 2706 tuam

727 2753 896 2822 ipsius
934 2751 1160 2803 salutem
1209 2747 1569 2801 consuendas.
1618 2744 1773 2809 Quod
1823 2742 1968 2796 enim
2004 2741 2172 2794 Filius
2229 2749 2286 2793 et

725 2844 960 2897 Verbum
1005 2843 1094 2894 Dei
1135 2850 1190 2894 et
1247 2839 1524 2908 Sapientia
1569 2847 1625 2890 et
1663 2836 1847 2890 Virtus
1889 2845 1942 2889 et
1981 2833 2196 2889 Veritas
2231 2835 2282 2886 in

727 2937 895 2990 sacris
931 2935 1128 2987 nostris
1154 2931 1434 2984 codicibus
1463 2937 1806 2998 nuncupetur
1833 2928 1902 2991 “,
1940 2926 2144 2980 nemini
2178 2941 2285 2977 non

725 3040 808 3082 εει
840 3026 1212 3088 notissimum;
1249 3023 1391 3092 quod
1435 3031 1614 3074 autem
1661 3029 1715 3075 et
1741 3019 2116 3073 sanctissimus
2163 3016 2287 3087 Spi-

2380 549 2472 599 καὶ
2517 549 2799 611 εὐσεϐείας
2847 550 2940 601 καὶ
2986 550 3289 618 πραότητος
3319 567 3328 576 ·
3376 552 3509 602 Ἐὰν
3539 551 3633 601 καὶ
3659 550 3766 617 (37)
3795 567 3854 616 π)
3879 571 3948 601 ι,-

2377 635 2580 705 ληρθῇ
2629 638 2936 705 ἄνθρωπος
2981 639 3051 692 ἓν
3084 656 3196 691 τινι
3247 639 3695 707 παραπτώματι,
3755 640 3947 704 ὑμεῖς,

2379 733 2560 800 φησὶν,
2613 734 2665 783 οἱ
2688 731 3096 798 πνευματικοὶ,
3129 730 3492 797 καταρτίζετε
3514 732 3699 783 αὑτὸν
3725 732 3837 798 (83)
3877 733 3949 781 ἐν

2379 824 2675 890 Πνεύματι
2728 827 3080 887 πραότητος,
3113 821 3228 893 [5η
3265 823 3472 884 Παῦλος
3516 825 3548 892 ὴ
3597 825 3798 892 πυρί-ιη
3830 825 3946 889 (89)

2379 917 2596 983 γλῶσσα
2625 914 2719 966 τοῦ
2760 916 3094 982 Πνεῦματος.
3121 915 3228 966 Καὶ
3263 915 3326 983 δὴ
3363 916 3457 964 καὶ
3491 913 3716 980 Πνεῦμα
3752 913 3944 981 αἱσῡή-

2381 1008 2663 1078 σεως(90)·
2699 1008 2843 1074 λέγει
2890 1009 2997 1076 γὰρ
3031 1006 3096 1059 τὰ
3137 1005 3306 1071 Λόγια
3337 1005 3481 1073 (91)·
3539 1004 3680 1056 Ἰδοὺ
3722 1003 3945 1067 κέκλη-

2380 1117 2455 1150 κα
2481 1101 2548 1163 ἐξ
2595 1099 2882 1167 ὀνόματος
2925 1100 3031 1150 τὸν
3081 1095 3429 1159 Βεσελεήλο
3482 1095 3806 1161 ἐπλήμωσα
3833 1094 3944 1162 (92)

2378 1198 2562 1246 αὑτὸν
2597 1195 2836 1262 Πνεῦμα
2865 1194 3085 1260 σοφίας
3116 1194 3211 1244 καὶ
3244 1191 3579 1257 ἐπιστήμης
3605 1190 3700 1240 καὶ
3733 1188 3946 1252 αἱσθή-

2380 1305 2553 1352 σεως.
2590 1289 2663 1339 Οὐ
2686 1291 2810 1354 μὴν,
2837 1287 2969 1338 ξι).λά
2998 1288 3088 1338 καὶ
3115 1283 3493 1344 ταπεινώσεως
3524 1283 3739 1348 λέγεται
3773 1280 3943 1331 Πνεῦ-

2385 1397 2481 1448 μα,
2512 1379 2584 1441 ῶς
2627 1397 2727 1430 που
2758 1379 3047 1444 ψάλλουσιν
3079 1379 3127 1428 οἱ
3179 1377 3365 1436 παῖδες
3431 1374 3506 1442 τῷ
3542 1377 3672 1444 πυρὶ
3702 1372 3944 1443 δροσιζό-

2386 1487 2533 1538 μενοι
2559 1485 2571 1498 ’
2617 1471 2777 1523 Ἀλλ’
2801 1470 2870 1521 ἐν
2891 1467 3061 1536 ψυχῇ
3113 1465 3585 1533 συντετριμμένῃ
3621 1467 3716 1517 καὶ
3757 1466 3953 1527 Πνεύο,

2377 1577 2518 1628 ματι
2566 1561 2976 1625 ταπεινώσεως
3026 1559 3556 1626 προσδεχθείημεν.
3639 1555 3798 1607 Ἀλλὰ
3853 1557 3947 1607 καὶ

2387 1653 2618 1721 κρίσεως
2679 1654 2902 1721 Πνεῦμα
2963 1653 3054 1704 καὶ
3105 1651 3351 1712 καύσεως
3403 1648 3643 1716 λέγεται,
3703 1647 3770 1700 δι’
3800 1641 3946 1717 ὧνὴ

2385 1747 2726 1812 τιμωρητικὴ
2775 1761 2835 1796 τε
2877 1744 2970 1796 καὶ
3026 1742 3330 1811 καθαρτικὴ
3361 1739 3471 1810 (95)
3501 1739 3593 1792 τοῦ
3631 1740 3946 1807 Πνεύματος

2387 1838 2876 1906 ἐμφανίζεταιωι)
2925 1839 3168 1906 δύναμις.
3209 1840 3316 1890 Καὶ
3373 1839 3476 1905 γὰρ
3538 1837 3765 1894 Ἡσαῖας
3813 1834 3944 1904 βοᾷ·

2386 1929 2789 1997 Καθαριεῐ(95).
2843 1929 3063 1994 αὐτοὺς
3115 1930 3328 1995 Κύριος
3373 1928 3668 1994 Πνεύματι
3699 1927 3949 1992 κρίσεως

2387 2019 2483 2070 καὶ
2526 2020 2824 2088 Πνεύματι
2867 2021 3156 2082 καύσεως.
3224 2017 3381 2071 Ἀλλὰ
3435 2020 3540 2088 μὴν
3603 2021 3693 2070 καὶ
3727 2016 3950 2085 Πνεῦμα

2387 2109 2720 2178 πληρώσεως
2741 2152 2754 2174 ,
2784 2114 2811 2163 ὁ
2831 2112 2939 2163 τῶν
2971 2111 3262 2180 προφητῶν
3299 2109 3743 2180 συμπαθέστατυς
3788 2108 3851 2161 ἰε
3865 2126 3950 2177 ρε-

2391 2201 2520 2270 μίας
2546 2200 2838 2269 λέγει(96)·
2884 2200 2945 2253 Ἡ
2975 2200 3114 2264 ὁδὸς
3158 2197 3266 2267 τῆς
3313 2201 3601 2268 θυγατρὸς
3647 2198 3752 2250 τοῦ
3792 2198 3948 2251 λαοῦ

2383 2307 2501 2360 μου
2529 2295 2637 2344 οὐκ
2669 2294 2752 2356 εὶς
2785 2291 2952 2360 ἅγιον
2977 2291 3114 2344 οὔτε
3139 2293 3222 2353 εὶς
3252 2292 3511 2357 καθαρὸν
3539 2289 3779 2357 Πνεῦμα
3799 2293 3951 2354 πλη-

2382 2382 2660 2448 ρώσεως·
2706 2383 2826 2434 ἀντὶ
2878 2380 3003 2434 τοῦ·
3055 2382 3127 2434 Οὺ
3182 2381 3535 2451 πεπλήρωται
3570 2379 3808 2450 καθαροῦ
3857 2380 3951 2432 καὶ

2388 2476 2543 2544 ἁγίου
2613 2476 2947 2540 Πνεύματος.
2986 2477 3051 2527 Τί
3105 2471 3198 2529 οὖν
3231 2476 3340 2545 (97)
3398 2475 3486 2530 διὰ
3536 2476 3690 2528 τοῦτο
3734 2477 3799 2527 σὺ
3853 2477 3951 2543 τὴν

2390 2570 2557 2634 ὀφρῦν
2614 2567 3046 2637 ἁνασπᾷς(98);
3101 2568 3165 2618 ἐκ
3218 2567 3324 2620 τῶν
3378 2567 3752 2637 χαρισμάτων,
3809 2567 3951 2635 ἅπερ

2390 2661 2524 2713 αὐτὸ
2553 2663 2780 2730 χορηγεῖ
2809 2663 2904 2712 καί
2930 2660 3238 2730 χαρίζεται,
3268 2659 3328 2711 τὸ
3367 2661 3630 2725 πανάγιον
3675 2658 3946 2726 Θεομαχή-

2392 2769 2504 2815 σεις
2533 2751 2929 2823 ἐκπορεύεσθαι
2959 2751 3179 2820 Πνεῦμα
3211 2753 3302 2804 καὶ
3331 2752 3429 2820 τὴν
3462 2751 3697 2820 ὕπαρξιν
3721 2752 3817 2804 καὶ
3854 2751 3953 2820 τὴν

2393 2844 2717 2912 ἐκπόρευσιν
2762 2844 2970 2896 ἐκεῖθεν
3019 2843 3277 2908 ἑλκύσαι,
3319 2845 3412 2895 καὶ
3443 2844 3517 2912 μή
3569 2860 3628 2894 σε
3679 2844 3777 2910 τῆς
3827 2844 3953 2895 ἀσε-

2395 2937 2548 2998 ϐείας
2587 2938 2620 3002 ὴ
2673 2935 3008 3007 πρόσκλησις
3044 2938 3108 2988 ἐκ
3163 2936 3270 2988 τῶν
3319 2934 3510 2998 δεξιῶν
3562 2934 3953 3004 ὑποδραμοῦσα

2393 3031 2490 3100 τὴν
2551 3029 2648 3099 σὴν
2703 3029 2984 3100 ἀναπείσῃ
3011 3028 3472 3096 κατασοφίζεσθαι
3498 3027 3609 3096 (99)
3657 3026 3950 3095 σωτηρίαν.

727 3121 862 3173 ritus
894 3134 999 3170 non
1040 3118 1212 3169 solum
1267 3116 1473 3167 dicatur
1519 3113 1749 3182 Spiritus
1793 3111 1932 3178 Filii,
1980 3113 2074 3166 sed
2124 3113 2284 3165 etiam
2315 3144 2357 3202 ο
2392 3128 2399 3174 έ

2281 3131 2284 3162 ¹
2315 3144 2357 3202 c
2392 3126 2471 3176 ὅτι
2504 3125 2601 3192 μὲν
2638 3121 2746 3191 γὰρ
2781 3123 2808 3174 ὁ
2838 3120 2964 3182 Υἱὸς
3017 3120 3109 3172 καὶ
3159 3120 3327 3186 Λόγος
3375 3118 3468 3171 τοῦ
3503 3117 3635 3171 Θεοῦ
3667 3121 3758 3170 καὶ
3786 3118 3953 3184 Σοφία

727 3211 961 3280 Spiritus
989 3209 1277 3271 donorum,
1317 3221 1546 3274 quorum
1578 3203 2076 3258 distribuendorum
2132 3210 2288 3272 pote-

730 3309 920 3354 statem
972 3298 1152 3359 habet,
1191 3310 1341 3364 atque
1382 3305 1465 3348 est
1506 3293 1574 3347 iis
1614 3293 1952 3363 exploratum
2003 3293 2093 3362 qui
2131 3291 2288 3347 intel-

731 3396 928 3448 lectum
954 3405 1017 3443 ac
1043 3404 1263 3443 sensum
1296 3387 1498 3440 habent
1525 3386 1749 3438 Christi.

801 3759 886 3812 58.
929 3758 1220 3828 Lexigitur
1239 3768 1327 3811 tua
1356 3757 1449 3811 tibi
1475 3758 1772 3827 praacipiet,
1793 3759 1902 3812 imo
1933 3759 2114 3828 potius
2137 3747 2290 3832 coget

730 3866 990 3912 asserere,
1050 3866 1156 3902 non
1222 3850 1395 3903 solum
1437 3849 1692 3920 Spiritum
1735 3865 1764 3903 a
1796 3851 1931 3905 Filio
1974 3854 2290 3921 procedere,

730 3944 851 4011 quia
890 3940 1124 4009 Spiritus
1159 3939 1275 3993 Filii
1309 3941 1529 3998 dicitur.
1561 3942 1652 3995 sed
1692 3942 1854 3995 etiam
1884 3943 1951 3996 ab
1987 3943 2287 4013 intelligen-

731 4035 802 4088 tia
830 4045 885 4088 et
914 4035 1140 4087 aliorum
1169 4034 1434 4086 donorum
1464 4034 1846 4088 distributione
1882 4044 1937 4088 et
1958 4051 1989 4088 a
2022 4037 2293 4091 sexcentis

732 4127 850 4178 aliis
891 4124 1088 4177 divinis
1135 4125 1542 4193 operationibus
1577 4141 1641 4178 ac
1689 4126 2002 4191 virtutibus,
2063 4143 2290 4196 quarum

732 4218 1106 4271 sanctissimus
1149 4217 1381 4284 Spiritus
1419 4216 1540 4269 fons
1597 4225 1652 4271 et
1706 4217 1926 4286 largitor
1968 4220 2292 4288 praedicatur

733 4321 893 4376 atque
926 4308 1250 4375 agnoscitur,
1270 4307 1540 4376 praecipue
1571 4323 1700 4361 vero
1724 4323 1754 4362 a
1785 4308 1913 4374 ﬁde,
1936 4310 2287 4376 revelatione,

734 4400 1110 4470 promissione,
1143 4398 1345 4471 judicio
1369 4407 1425 4453 et
1462 4398 1830 4469 intelligentia,
1881 4402 2137 4470 quoniam
2190 4420 2287 4459 ne-

2391 3216 2483 3269 καὶ
2512 3215 2747 3283 Δύναμις
2778 3214 2873 3265 καὶ
2920 3209 3171 3280 Ἀλήθεια
3210 3213 3319 3274 τοῖς
3349 3211 3512 3278 ἱεροῖς
3538 3209 3691 3278 ἡμῶν
3741 3209 3948 3277 ἀνακη-

2394 3307 2644 3375 ρύττεται
2669 3303 2786 3376 [58]
2815 3303 3005 3372 Λόγοις
3040 3302 3137 3372 (1),
3175 3303 3339 3355 πᾶσιν
3394 3303 3426 3371 ὴ
3485 3301 3683 3367 γνῶσις
3717 3300 3954 3368 ἐξήπλω-

2388 3416 2512 3451 ται·
2545 3400 2626 3450 ὅτι
2657 3396 2712 3449 δὲ
2735 3398 2830 3448 καὶ
2860 3397 2920 3448 τὸ
2945 3395 3210 3461 πανάγιον
3258 3391 3484 3461 Πνεῦμα
3512 3393 3570 3444 οὑ
3607 3391 3764 3460 μόνον
3795 3391 3949 3456 λέγε-

2389 3505 2482 3540 ται
2511 3487 2604 3539 τοῦ
2650 3486 2803 3550 Υίοῦ,
2834 3487 2967 3539 ἀλλὰ
3011 3485 3104 3537 καὶ
3152 3483 3261 3537 τῶν
3321 3483 3692 3554 χαρισμάτων,
3737 3474 3812 3535 ὧν
3854 3482 3950 3550 τῆς

2390 3581 2652 3649 διανομῆς
2675 3579 2734 3630 τὸ
2766 3577 2931 3645 κῦρος
2958 3578 3091 3648 ἔχει,
3125 3578 3318 3646 ἐπίσης
3341 3580 3368 3628 ό
3395 3574 3518 3628 νοῦν
3541 3573 3685 3643 ἔχειν
3712 3573 3949 3642 ἠξιωμέο

2393 3688 2481 3733 νος
2511 3670 2746 3740 Χριστοῦ
2775 3671 3180 3722 συνεπίσταται.

2466 3772 2566 3833 νη’.
2604 3761 2742 3834 [ιβ’.]
2803 3759 3104 3831 Τοιγαροῦν
3130 3761 3158 3810 ὁ
3196 3774 3286 3820 σος
3338 3757 3504 3826 νόμος
3542 3755 3788 3820 ἐπιτάξει
3849 3773 3950 3817 σοι,

2402 3858 2599 3928 μᾶλλον
2626 3856 2684 3908 δὲ
2710 3854 3131 3921 συναναγκάσει,
3161 3850 3236 3919 μὴ
3263 3850 3421 3918 μόνον
3468 3847 3532 3899 ἐκ
3565 3845 3657 3898 τοῦ
3689 3843 3821 3896 Υἱοῦ
3860 3844 3951 3896 λέ-

2396 3967 2512 4018 γειν
2539 3949 2589 4000 τὶ
2645 3945 2868 4015 Πνεῦμα
2897 3942 3308 4013 ἐκπορεύεσθαι,
3359 3939 3493 3992 διότι
3526 3936 3621 3991 τοῦ
3649 3936 3779 3990 Υίοῦ
3802 3937 3953 4004 λέγε-

2396 4061 2506 4106 ται,
2536 4041 2669 4093 sua:
2699 4041 2791 4097 καὶ
2833 4039 2897 4091 ἐκ
2936 4037 3034 4104 τῆς
3096 4034 3361 4094 συνέσεως
3397 4031 3489 4082 καὶ
3525 4032 3587 4083 ἐκ
3611 4029 3685 4096 (2)
3727 4029 3825 4096 τῆς
3847 4028 3958 4079 τῶν

2396 4135 2748 4204 χαρισμάτων
2771 4129 3027 4196 διανομῆς
3054 4125 3148 4178 καὶ
3177 4125 3283 4176 ἀπὸ
3309 4122 3418 4174 τῶν
3435 4122 3509 4188 (5)
3545 4120 3753 4204 μυρίων
3777 4117 3951 4171 ἄλλων

2403 4225 2716 4295 δεοπρεπῶν
2767 4219 3056 4291 ἐνεργειῶν
3083 4233 3142 4269 τε
3173 4216 3265 4269 καὶ
3292 4215 3590 4282 δυνάμεων,
3624 4203 3697 4264 ὧν
3725 4209 3785 4262 τδ
3821 4227 3954 4261 παν-

2399 4320 2554 4385 ἀγιον
2597 4313 2820 4382 Πνεῦμα
2867 4311 3016 4380 πηγὴ
3050 4310 3144 4362 καὶ
3195 4306 3427 4376 χορηγὸς
3476 4303 3832 4370 δοξολογείται
3864 4301 3955 4354 καὶ

2398 4405 2844 4477 ἐπιγινώσκεται,
2900 4402 3130 4472 μάλιστα
3171 4398 3315 4451 δὲέκ
3360 4394 3458 4464 τῆς
3488 4395 3719 4456 πίστεως
3753 4395 3847 4445 καὶ
3875 4393 3950 4460 (4)

805 4552 849 4582 ⁸⁸
883 4552 983 4604 Isa.
1009 4567 1080 4614 χι,
1115 4550 1184 4613 2;
1219 4551 1416 4618 Ephes.
1456 4551 1605 4612 1,15,
1635 4552 1723 4604 17.
1801 4554 1845 4584 ⁸⁸
1883 4551 2058 4608 Galat.
2117 4573 2189 4616 γι,
2244 4560 2295 4612 1.
2371 4559 2415 4590 ⁸⁷
2445 4557 2477 4609 Ε

2282 4599 2295 4612 .
2371 4559 2415 4590 ⁸⁷
2445 4555 2610 4609 Exod.
2644 4569 2789 4618 xm,
2823 4551 2879 4617 2,
2912 4552 2967 4605 3.
3043 4550 3087 4582 ⁸⁸
3140 4548 3274 4603 Dan.
3319 4564 3400 4613 ιιι,
3419 4546 3507 4602 59.
3583 4544 3626 4576 "
3658 4542 3760 4597 Isa.
3807 4559 3878 4607 tv,
3903 4542 3952 4594 4.

736 4620 1299 4684 "Jerem.1v,H,12.
1373 4621 1588 4673 "Joan.
1626 4637 1664 4686 ι,
1697 4622 1719 4674 1
1756 4636 1903 4692 seqq.
1937 4639 2047 4687 XIV,
2084 4627 2148 4691 6;
2195 4625 2212 4678 Ι
2261 4628 2386 4683 Cor.
2413 4643 2452 4694 ι,
2483 4625 2670 4679 94-50.

1820 4791 2057 4849 VABIAE
2097 4793 2480 4851 LECTIONES
2513 4793 2601 4847 ET
2641 4791 2870 4847 ΝυΤίΕ.

807 4952 918 5032 (δῖ)
944 4952 1088 5032 ψη·
1118 4951 1220 5032 ἐὰν
1248 4953 1373 5032 γάρ·

807 5024 916 5088 (88)
947 5023 1059 5074 Col.
1084 5022 1173 5073 τὸν
1202 5022 1460 5073 τοιοῦτον.

810 5094 919 5156 (89)
951 5092 1091 5144 Μοη.
1127 5091 1373 5160 πύρινος.

811 5163 921 5227 (90)
948 5160 1061 5213 Col.
1106 5177 1161 5212 κ.
1193 5159 1258 5229 δὴ
1293 5159 1514 5227 Πνεῦμα
1536 5160 1857 5229 αἰσθήσεως.

813 5230 1133 5352 (valixod.
1164 5245 1309 5293 11x1,
1353 5231 1405 5294 2,
1442 5231 1476 5283 ὅ
1509 5247 1522 5282 :
1566 5229 1673 5283 ιδοὶ)
1702 5231 2100 5303 ἀνακέκλημαι,
2152 5251 2204 5286 κ.
2240 5250 2291 5285 τ.

740 5321 788 5355 Α.
829 5321 983 5352 ιιλλ.

814 5371 921 5437 (9'2)
964 5369 1107 5440 Men.
1131 5369 1467 5440 ἐπλήρωσεν.
1499 5368 1616 5422 Col.
1648 5371 1740 5421 καὶ
1763 5371 2074 5440 ἐπλήρωσα.
2114 5370 2248 5424 LXX
2279 5388 2292 5423 :

744 5440 1012 5506 ἐνέπλησα
1053 5438 1213 5490 αὑτὸν
1248 5439 1344 5491 Πν.
1370 5439 1515 5490 Θεῖον
1547 5440 1733 5506 σοφίας
1775 5442 1869 5493 καὶ
1890 5438 2167 5504 συνέσεως
2203 5443 2295 5493 κα).

743 5510 1068 5578 ἐπιστήμης.

813 5577 951 5645 (93)
985 5579 1128 5630 Μοη.
1175 5577 1518 5647 καθαρατική
1570 5578 1784 5633 habuit:
1834 5579 1930 5635 sed
1984 5581 2201 5634 tertium
2263 5597 2296 5633 α

741 5660 929 5717 postea
956 5648 1213 5700 deletum.

815 5720 925 5778 (94)
961 5717 1101 5768 Μοη.
1131 5718 1474 5784 ἐμφαίνεται.

819 5790 925 5856 (95)
955 5787 1067 5840 Col.
1106 5788 1374 5856 καθαιρεῖ.

2466 4953 2577 5024 (96)
2606 4953 2813 5024 Jerem.
2857 4967 2930 5016 tv,
2984 4950 3093 5024 i_i,_
3113 4947 3356 5024 12_._.S.ed
3385 4947 3540 5024 longe
3571 4945 3751 5024 differt
3775 4954 3950 5024 textus

2401 5015 2700 5078 Hebraicus
2722 5035 2776 5076 et
2799 5015 2975 5076 Latin.
2996 5020 3151 5088 Vulg.
3170 5015 3311 5072 LXX
3343 5036 3355 5088 ς
3393 5015 3541 5078 Ὁδὸς
3567 5016 3662 5084 τῆς
3685 5017 3952 5088 θυγατρὸς

2400 5094 2494 5146 τοῦ
2519 5094 2647 5144 λαοῦ
2671 5111 2770 5160 μου
2788 5094 2887 5144 οὐκ
2909 5093 2986 5153 εἰς
3008 5083 3480 5160 καθῖιρδνᾲοὺδέίς
3506 5083 3659 5160 ᾃγιμον
3683 5101 3698 5116 ο
3728 5083 3952 5160 Πνεῦμα

2403 5154 2734 5230 πληρώσεώς
2784 5161 2902 5231 ἥξει
2964 5179 3053 5230 μοι
3083 5176 3095 5188 ·
3126 5159 3218 5212 νῦν
3255 5156 3310 5209 δὲ
3359 5155 3469 5224 ἐγὼ
3525 5155 3672 5208 λαλῶ
3709 5154 3952 5225 κρίματα

2406 5251 2505 5304 μου
2536 5232 2672 5304 πρθίς
2702 5231 2919 5304 μὺτρύεο

2475 5298 2592 5369 (97)
2621 5301 2735 5354 Col.
2770 5301 2822 5352 τί
2849 5298 2969 5365 οὗν;

2473 5374 2582 5437 (93)
2625 5371 2969 5432 ’Λνασπασας
3005 5371 3089 5421 ἐκ.
3116 5385 3166 5421 τ.
3193 5387 3247 5437 χ.

2477 5387 2582 5437 (95)
2630 5387 2969 5432 Ἀνασπασας
3005 5387 3089 5421 εκ.
3116 5387 3166 5421 τ.
3233 5406 3247 5420 .

2477 5443 2588 5508 (99)
2625 5440 2769 5492 Mou.
2802 5387 3291 5506 κατασοφίσασῦαι.

2475 5513 2550 5577 (1)
2581 5509 2694 5562 Col.
2721 5510 2937 5576 λογίοις,
2972 5512 3155 5560 πᾶσιν.

2476 5580 2552 5644 (ε)
2579 5579 2719 5631 Mon.
2754 5579 2790 5630 ι’.
2817 5580 2920 5631 460
2955 5579 2988 5630 b
3030 5577 3204 5630 omitt.
3235 5578 3318 5629 ὲκ.

2474 5649 2549 5716 (5)
2585 5648 2703 5699 Mun
2755 5648 2786 5700 Γ.
2825 5649 2969 5700 4613
3028 5650 3200 5700 omitt.
3232 5647 3358 5699 τῶν.
3395 5645 3484 5700 Sic
3510 5643 3624 5700 Col.

2478 5720 2553 5788 (4)
2588 5718 2727 5770 Μοιι.
2764 5721 2856 5770 καὶ
2886 5722 2948 5770 ἐκ
2976 5720 3073 5782 τῆς
3112 5719 3274 5772 ἁποκ.
3306 5716 3419 5770 Col.
3453 5718 3546 5768 καὶ
3575 5715 3810 5768 ἀποκαλ.
