4234 6432
254 414 360 474 337

1286 415 1379 474 DE
1415 418 1476 477 S.
1517 417 1866 477 SPlRlTUS
1904 418 2397 478 MYSTAGOGIA.

3376 416 3481 477 338

254 532 351 598 τῆς
386 529 807 597 ἀποκαλύψεως,
840 529 937 597 τῆς
980 530 1307 597 ἐπαγγελίας
1333 549 1393 583 τε
1441 532 1533 583 καὶ
1566 531 1665 598 τῆς
1701 531 1821 601 κρί-
1853 539 1892 589 Α
1923 556 1926 578 ι

1804 535 2191 600 -Aquaquam
2250 530 2579 585 contendere
2636 541 2824 598 potes,
2897 531 3025 585 licet
3083 532 3134 586 id
3190 531 3476 586 admodum

258 640 396 683 σεως
431 624 524 672 καὶ
554 622 629 685 (5)
684 622 990 684 συνέσεως’
1036 624 1119 675 ὅτι
1176 624 1309 692 μηδὲ
1366 626 1692 691 κακουργεῖν
1739 639 1821 674 σοι

257 720 524 783 πάρεστιν
558 714 689 783 μηδὲ
714 712 834 766 λίαν
879 714 1185 784 βουλομένῳ
1207 713 1416 777 τούτοις
1454 714 1820 783 ὀνομάζεσθαι

254 806 346 855 τδν
378 804 505 855 Υίόν
534 804 629 871 (6).

330 896 427 948 νθν.
495 897 555 948 Εἰ
610 897 665 948 δέ
712 913 795 959 τις
843 898 900 948 ἐν
957 896 1166 958 τούτοις
1220 896 1461 966 Πνεῦμα
1516 895 1820 966 νομίσοι(7)

260 985 783 1054 παραλαμϐάνεσθαι
819 987 919 1039 οὐκ
953 985 1083 1038 αὐτὸ
1116 986 1175 1038 τὸ
1211 986 1473 1052 πανάγιον
1499 988 1593 1039 καὶ
1630 984 1824 1051 ὁμοού·

261 1093 377 1127 σιον
420 1076 514 1129 τοῦ
568 1077 779 1146 Πατρδς
811 1076 1022 1130 καὶτοῦ
1079 1076 1209 1129 Υἰοῦ
1275 1075 1519 1146 Πνεῦμα,
1574 1076 1709 1130 ἀλλὰ
1753 1078 1823 1131 τὰ

261 1168 475 1220 ἐκεῖθεν
529 1167 760 1237 βρύοντα
812 1169 1123 1239 χαρίσματα
1151 1169 1251 1237 (8),
1302 1169 1435 1222 διότι
1465 1168 1602 1238 πρὸς
1644 1171 1824 1221 ἐκεῖνο

262 1259 363 1329 τὴν
397 1260 674 1328 ἀναφορὰν
728 1260 840 1329 ἐχει
897 1261 992 1312 καὶ
1036 1261 1165 1311 αὑτὸ
1210 1260 1382 1314 ταῦτα
1429 1260 1694 1328 διανέμει,
1727 1259 1825 1326 τὴν

264 1349 357 1401 τοῦ
396 1350 712 1414 Πνεύματος
736 1349 1049 1419 ἐπωνυμίαν
1098 1349 1501 1413 οἰκειώσασθαι,
1536 1350 1712 1401 καίτοι
1748 1348 1823 1416 (9)

266 1440 437 1491 πολλὰ
471 1441 647 1506 λέγειν
678 1440 815 1507 ἔχων
845 1441 995 1508 ὅμως
1027 1440 1122 1492 νῦν
1163 1440 1262 1493 οὐκ
1299 1440 1408 1509 (10)
1442 1439 1570 1509 ἐρῶ.
1611 1439 1708 1491 Διά
1736 1439 1823 1501 τίς

264 1531 381 1600 (59)
414 1532 556 1583 Διότι
586 1533 634 1581 εί
665 1531 758 1583 καὶ
784 1530 939 1583 τοῦτο
970 1530 1371 1600 συγχωρηθείη,
1405 1531 1555 1582 οὐδὲν
1603 1530 1825 1581 ἔλαττον

265 1624 447 1675 αὐτῶν
494 1624 605 1690 (11)
660 1622 1023 1690 ἀπελέγχεται
1068 1624 1164 1690 τῆς
1223 1623 1568 1691 παρανομίας
1606 1622 1717 1691 (12)
1765 1622 1825 1673 τὸ

263 1713 636 1783 ἐπιχείρημα·
690 1714 811 1764 ἐπεὶ
854 1715 959 1782 γὰρ
998 1712 1090 1764 τοῦ
1124 1712 1438 1780 Πνεύματος
1489 1712 1706 1779 λέγεται
1756 1712 1824 1765 τά

263 1807 600 1874 χαρίσματα,
631 1807 657 1857 ὁ
690 1805 746 1856 δέ
775 1807 956 1867 καινὸς
984 1805 1164 1865 αὐτοῖς
1197 1805 1477 1856 ἐπιτάσσει
1503 1803 1614 1872 (15)
1638 1804 1820 1869 νόμος,

264 1894 477 1944 ἐκεῖθεν
512 1894 760 1961 προϊέναι
787 1892 1081 1960 κηρύσσειν
1113 1893 1222 1961 (14)
1254 1894 1313 1943 τὸ
1355 1891 1598 1960 Πνεῦμα,
1641 1884 1701 1943 οῦ
1733 1894 1823 1944 καί

264 1980 408 2036 εῖναι
446 1983 681 2047 λέγεται,
732 1983 913 2035 οὐκέτι
942 1984 1003 2035 τὸ
1048 1982 1269 2052 Πνεῦμα
1295 1976 1368 2035 ὧν
1389 1984 1628 2050 λέγεται,
1654 1982 1827 2035 ταῦτα

268 2077 535 2143 προάγειν
605 2073 823 2142 ἐροῦσιν
847 2074 986 2143 ’(15).
1042 2073 1157 2126 ἀλλ’
1219 2073 1670 2143 ἀντιστρέψαντες
1717 2073 1826 2143 (16)

266 2167 504 2234 φήσουσι
532 2165 630 2230 τῆς
659 2164 923 2226 συνέσεως
946 2164 1337 2234 ἐκπορεύεσθαι
1367 2166 1458 2215 καὶ
1489 2164 1733 2234 προϊέναι
1767 2164 1826 2216 τὸ

268 2258 514 2325 χάρισμα
566 2256 660 2307 καὶ
689 2256 787 2321 τῆς
822 2256 1013 2321 σοφίας
1064 2256 1299 2307 καὶτῶν
1350 2255 1524 2307 ἄλλων
1572 2255 1827 2308 ἁπάντων

265 2348 377 2397 τῶν
399 2344 990 2415 προειρημένωνοῶστε
1019 2346 1079 2397 οὐ
1113 2346 1171 2398 τὸ
1205 2348 1447 2416 χάρισμα
1474 2347 1589 2415 ἦτοι
1617 2346 1703 2399 διά
1732 2344 1825 2397 τοῦ

266 2439 640 2507 πνευματικοῦ
690 2439 1025 2508 χαρίσματος
1050 2438 1160 2505 (1⁸7)
1191 2438 1249 2489 τὸ
1290 2436 1509 2505 Πνεῦμα
1566 2436 1686 2489 οὑδέ
1716 2436 1826 2503 (18)

267 2532 369 2598 τὴν
425 2530 636 2582 σύνεσιν
689 2532 917 2599 χορηγεῖ
964 2530 1083 2581 ούδέ
1121 2529 1217 2599 τὴν
1259 2529 1449 2596 σοφίαν
1494 2528 1527 2597 ἢ
1564 2526 1674 2597 (19)
1731 2526 1827 2597 τὴν

268 2621 520 2691 δύναμιν,
558 2621 676 2673 οὐδὲ
722 2622 821 2689 τὴν
858 2620 1122 2672 υἱοθεσίαν
1157 2620 1277 2673 ούδέ
1312 2620 1407 2689 τὴν
1464 2617 1827 2686 ἀποκάλυψιν,

268 2718 395 2769 οὐδὲ
426 2717 522 2784 τὴν
546 2715 750 2772 πίστιν.
788 2714 906 2765 οὐδὲ
938 2714 1036 2780 τὴν
1079 2712 1358 2763 εὐσέϐειαν
1382 2726 1395 2741 ⁸
1456 2710 1591 2762 ἀλλά
1631 2709 1829 2780 μᾶλλον

272 2807 581 2860 τούναντίον
604 2808 636 2873 ὴ
667 2804 878 2866 σύνεσις
908 2804 1000 2855 καὶ
1030 2803 1061 2872 ή
1092 2801 1437 2869 ἀποκάλυψις
1470 2802 1560 2854 καὶ
1592 2802 1625 2871 ὴ
1672 2799 1829 2855 εὐσέ-

276 2899 402 2951 ϐεια
424 2900 513 2951 καὶ
548 2900 580 2966 ή
606 2896 785 2958 πίστις
813 2899 906 2949 κα),
952 2898 980 2948 ὁ
1017 2893 1389 2963 σωφρονισμὺς
1431 2892 1729 2963 προάγουσι
1759 2894 1830 2945 τά

276 2990 613 3059 χαρίσματα,
652 2976 804 3057 άπερ
829 3004 909 3039 σοι
968 2986 1122 3052 φίλον
1161 2984 1345 3036 καλεῖν
1398 2983 1707 3052 Πνεύματα,
1738 2983 1831 3034 καὶ

272 3082 384 3132 τῶν
442 3080 613 3140 ἄλλως
645 3078 902 3139 ὡσαύτως
946 3076 1177 3129 ἕκαστον
1200 3075 1336 3145 (20),
1365 3074 1561 3144 μᾶλλον
1591 3074 1647 3125 δέ
1676 3073 1831 3139 εἴπερ

274 3172 505 3223 ἕκαστον
560 3170 667 3221 τῶν
728 3169 1079 3239 χαρισμάτων
1140 3165 1359 3233 πνεῦμά
1416 3181 1497 3215 σοι
1553 3163 1832 3215 καλεῖσθαι

277 3264 558 3330 νομίζεται
590 3262 681 3313 καὶ
706 3260 780 3330 τῷ
810 3259 1026 3329 ἀριθμῷ
1048 3259 1155 3310 τῶν
1174 3256 1391 3323 δωρεῶν
1412 3256 1475 3307 τὸ
1494 3254 1696 3321 πλῆθος
1724 3252 1832 3305 τῶν

284 3355 613 3421 πνευμάτων
687 3352 1025 3416 συναύξεται,
1077 3351 1168 3401 καὶ
1227 3350 1378 3401 οὐδὲν
1452 3346 1691 3399 ἐνταῦθά
1750 3362 1831 3397 σοι

280 3439 504 3509 Πνεῦμα
529 3441 700 3491 εἰπεῖν
731 3440 760 3507 ἦ
792 3440 1033 3508 χάρισμα
1075 3438 1319 3505 διαφέρει
1348 3453 1360 3466 ·
1414 3430 1477 3489 οῦ
1524 3437 1579 3488 δὲ
1615 3436 1833 3503 λέγεται

279 3528 419 3583 εἶναι
449 3532 507 3582 τὸ
529 3530 983 3599 Πνεῦμαμὲκεῐθεν
1009 3532 1042 3598 ἡ
1071 3531 1137 3599 σὴ
1157 3528 1445 3597 νομοθεσία
1475 3528 1834 3598 προέρχεσθαί

278 3638 338 3673 τε
365 3624 459 3674 καὶ
492 3622 823 3692 προάγεσθαι
870 3621 1077 3673 κελεύει
1130 3620 1239 3689 (21)
1260 3637 1274 3651 ·
1306 3620 1418 3691 [60]
1468 3620 1699 3673 ἕκαστον
1728 3620 1835 3688 ἄρα

282 3714 348 3765 σὺ
377 3712 485 3765 τῶν
514 3714 869 3784 χαρισμάτων
890 3714 922 3783 ἢ
943 3713 1050 3765 τῶν
1082 3714 1409 3781 πνευμάτων
1437 3716 1514 3775 εἰς
1534 3713 1625 3765 δύο
1653 3712 1831 3782 τεμὼν

282 3805 396 3856 ἀνθ’
433 3806 548 3867 ἐνὸς
584 3806 752 3860 πλείω
807 3806 1090 3875 ποιήσεις;
1137 3805 1201 3857 ἶν’
1290 3805 1349 3857 τὸ
1404 3805 1501 3874 μὲν
1539 3804 1829 3875 χορηγοῦν,

282 3899 342 3947 τὸ
389 3897 442 3949 δὲ
499 3898 914 3965 χορηγούμενον,
963 3897 1057 3949 καὶ
1103 3898 1165 3949 τὸ
1218 3898 1315 3965 μὲν
1366 3898 1625 3965 προάγον,
1664 3898 1725 3948 τὸ
1776 3897 1832 3948 δέ

284 3988 671 4053 προαγόμενον,
705 3990 737 4056 ἡ
760 3988 937 4050 πίστις
970 3987 1147 4039 πίστιν
1173 3988 1264 4040 καὶ
1305 3989 1337 4056 η
1376 3986 1587 4046 σύνεσις
1622 3986 1835 4038 σύνεσιν

284 4080 378 4128 κα).
408 4079 439 4144 ἡ
470 4076 716 4146 αἰσθησις
748 4079 1015 4147 αἴσθησιν,
1056 4078 1148 4130 καὶ
1202 4078 1365 4129 πόσον
1400 4079 1463 4130 άν
1487 4094 1567 4139 τις
1600 4095 1830 4129 κατανα-

282 4166 430 4236 λώσῃ
452 4168 638 4237 χρόνον
660 4168 748 4220 τὸν
776 4169 865 4219 σὺν
890 4168 1230 4236 διερχόμενος
1255 4168 1416 4237 λῆρον
1439 4168 1449 4219 !

1935 639 2043 691 pne
2093 622 2427 693 malignitate
2458 621 2608 686 velis,
2646 621 2837 676 Filium
2888 622 2972 677 his
3011 624 3319 678 nominibus
3348 623 3480 677 insi-

1924 728 2085 783 gnm.

1995 902 2086 955 59.
2124 900 2278 965 Quod
2318 900 2361 955 si
2392 902 2513 969 quis
2552 900 2603 953 in
2655 900 2738 953 his
2778 916 2873 968 per
2926 901 3179 967 Spiritum
3209 899 3477 955 existimet

1925 992 2093 1060 accipi
2117 1008 2224 1045 non
2250 993 2423 1059 ipsum
2450 992 2846 1045 sanctissimum
2873 1001 2929 1043 et
2960 990 3474 1045 consubstantialem

1925 1082 2071 1136 Patri
2106 1100 2167 1137 ac
2203 1083 2337 1137 Filio
2370 1083 2647 1151 Spiritum,
2679 1084 2771 1137 sed
2805 1083 3113 1137 emanantia
3162 1084 3286 1137 inde
3339 1082 3479 1137 dona

1926 1192 2021 1230 seu
2047 1176 2395 1239 charismata,
2432 1190 2551 1242 qua:
2605 1190 2671 1228 eo
2716 1176 2859 1243 quod
2897 1174 2960 1227 ad
2995 1176 3144 1227 illum
3174 1174 3480 1228 referuntur

1926 1276 1980 1323 et
2002 1269 2069 1321 ah
2094 1268 2183 1321 illo
2225 1267 2640 1327 distribuuntur,
2668 1264 2899 1334 Spiritus
2926 1281 3122 1317 nomen
3154 1264 3343 1318 sortita
3373 1264 3481 1317 sint

1928 1359 2049 1422 (sibi
2084 1356 2395 1421 asciverint)
2431 1374 2442 1408 :
2492 1371 2797 1424 quanquam
2836 1356 3000 1407 multa
3034 1355 3481 1422 possem(contra

1928 1451 2049 1517 hoc)
2092 1450 2311 1511 aﬁerre,
2348 1464 2411 1501 ea
2440 1458 2620 1500 tamen
2667 1448 2718 1498 in
2773 1446 3053 1515 praesentia
3087 1462 3194 1498 non
3228 1444 3477 1498 referam.

1924 1541 2071 1595 Cur?
2103 1540 2259 1604 Quia,
2284 1539 2406 1591 licet
2440 1539 2540 1591 hoc
2570 1537 2921 1597 concedatur,
2949 1536 3120 1588 nihilo
3166 1545 3343 1588 tamen
3376 1535 3480 1587 mi-

1926 1645 2029 1682 nus
2063 1628 2281 1695 iniquus
2323 1626 2561 1694 ipsorum
2613 1635 2838 1677 conatus
2873 1625 3168 1686 refellitur;
3224 1622 3478 1690 quoniam

1924 1716 2071 1767 enim
2104 1713 2246 1767 dona
2294 1714 2378 1765 illa
2428 1714 2682 1767 dicuntur
2712 1727 2831 1764 esse
2879 1712 3020 1765 dona
3055 1711 3309 1779 Spiritus,
3343 1725 3479 1763 nova

1929 1814 2111 1859 autem
2141 1805 2363 1858 istorum
2401 1804 2485 1857 lex
2514 1804 2776 1872 praecipit,
2811 1813 2869 1856 ut
2905 1803 3029 1855 inde
3070 1802 3327 1870 Spiritum
3356 1817 3478 1870 pro-

1927 1898 2121 1950 cedere
2182 1895 2561 1964 prazdicemus,
2623 1896 2779 1961 cuius
2828 1903 2881 1946 et
2944 1909 3062 1946 esse
3104 1894 3322 1955 dicitur,
3371 1908 3481 1945 non

1927 1988 2155 2056 amplius
2176 1987 2536 2046 aﬂirmabunt,
2583 2001 2613 2038 a
2663 1986 2867 2048 Spiritu
2912 1985 2995 2037 illa
3057 1984 3278 2052 produci
3317 1984 3480 2046 dona,

1925 2094 2154 2149 quorum
2186 2078 2299 2146 ipse
2350 2078 2546 2131 dicitur
2579 2077 2831 2145 Spiritus,
2856 2077 2947 2129 sed
2984 2077 3097 2128 vice
3130 2090 3285 2127 versa
3335 2090 3482 2127 asse.

1928 2180 2067 2231 rent,
2097 2170 2164 2223 ab
2199 2169 2549 2239 intelligentia
2590 2167 2879 2237 procedere
2911 2182 2973 2219 ac
3022 2165 3231 2233 prodire
3255 2165 3479 2227 donum,

1928 2277 2027 2314 nec
2055 2276 2161 2313 non
2192 2276 2223 2313 a
2254 2260 2517 2327 sapientia
2547 2258 2857 2325 ceterisque
2901 2256 3150 2309 omnibus
3178 2271 3337 2323 supra
3369 2270 3483 2307 me-

1928 2347 2180 2409 moratis;
2222 2361 2387 2414 quare
2438 2362 2547 2398 non
2601 2345 2824 2406 donum,
2881 2359 3073 2412 nempe
3125 2359 3221 2412 per
3281 2343 3482 2397 donum

1925 2436 2204 2504 spirituale
2244 2436 2356 2504 ipse
2398 2435 2649 2503 Spiritus,
2707 2434 3110 2503 intelligentiam
3149 2434 3371 2504 largitur
3401 2434 3483 2487 vel

1928 2527 2247 2596 sapientiam
2273 2526 2359 2579 vel
2390 2526 2666 2589 virtutem,
2700 2526 2780 2579 vel
2819 2525 3132 2579 ﬁliationem
3168 2525 3252 2579 vel
3276 2526 3482 2579 revela-

1929 2619 2129 2671 tionem
2168 2616 2252 2669 vel
2293 2615 2449 2669 [idem
2503 2616 2586 2668 vel
2625 2618 2899 2684 pietatem,
2934 2617 3027 2669 sed
3082 2627 3270 2669 contra
3305 2618 3485 2685 potius

1930 2709 2280 2778 intelligentia
2311 2718 2364 2761 et
2396 2710 2648 2762 revelatio
2678 2719 2731 2762 et
2770 2710 2940 2777 pietas
2962 2720 3015 2762 et
3043 2710 3172 2763 ﬁdes
3204 2720 3257 2763 et
3281 2710 3486 2763 sobrie-

1934 2808 2014 2853 tas
2041 2801 2347 2869 producunt
2374 2801 2535 2863 dona,
2558 2818 2678 2870 qua:
2708 2802 2802 2855 tibi
2844 2804 3017 2870 placet
3046 2804 3273 2872 spiritus
3301 2804 3486 2872 appel-

1930 2891 2043 2945 lare
2074 2901 2127 2946 et
2156 2892 2383 2947 aliorum
2429 2893 2703 2960 quodlibet
2740 2894 2927 2945 eodem
2981 2894 3167 2959 modo;
3203 2894 3311 2947 imo
3358 2909 3487 2947 vero

1932 2983 1976 3037 si
2025 2985 2305 3052 quodlibet
2343 2984 2545 3038 donum
2574 2986 2873 3052 nuncupari
2900 2983 3157 3053 Spiritum
3186 2985 3485 3049 arbitraris,

1935 3076 2119 3143 utique
2153 3091 2273 3129 cum
2303 3076 2565 3129 donorum
2595 3092 2822 3130 numero
2848 3079 3052 3146 copiam
3080 3092 3294 3146 quoque
3323 3092 3486 3145 auges

1862 3188 1902 3243 ο
1936 3168 2220 3235 spirituum
2256 3168 2498 3235 nihilque
2530 3168 2758 3237 proinde
2799 3184 2894 3236 per
2930 3178 2978 3220 te
3017 3168 3195 3223 diﬂ'ert
3238 3168 3484 3237 Spiritum

1937 3260 2116 3313 dicere
2145 3260 2226 3313 vel
2258 3259 2491 3323 donum;
2529 3261 2683 3328 cujus
2715 3268 2893 3313 autem
2927 3261 3123 3314 dicitur
3165 3276 3285 3315 esse
3320 3260 3482 3327 spiri-

1938 3359 2046 3412 tus,
2078 3351 2202 3403 inde
2237 3366 2333 3417 per
2382 3352 2527 3420 leges
2553 3362 2670 3405 tuas
2713 3352 2965 3405 statuitur
3002 3352 3294 3419 procedere
3327 3359 3487 3417 atque

1938 3442 2184 3510 produci.
2224 3440 2443 3511 Singula
2486 3443 2645 3511 igitur
2690 3444 2827 3497 dona
2854 3442 3226 3517 seu'singulos
3267 3442 3489 3509 Spiritus

1938 3529 2180 3583 bifariam
2212 3546 2402 3583 secans
2447 3547 2545 3599 pro
2594 3548 2700 3584 uno
2752 3533 2937 3600 plures
2984 3532 3187 3586 ellicies
3243 3531 3485 3599 spiritus,

1936 3636 2165 3690 quorum
2201 3622 2333 3675 alter
2356 3623 2427 3675 sit
2460 3624 2613 3685 dans,
2646 3623 2781 3676 alter
2810 3624 2880 3675 sit
2905 3624 3081 3683 datus,
3114 3634 3168 3676 et
3195 3624 3330 3675 alter
3361 3639 3485 3691 pro-

1939 3715 2161 3777 ducens,
2213 3715 2348 3767 alter
2378 3715 2687 3781 productus,
2722 3715 2852 3769 ﬁdes
2897 3716 3147 3767 nimirum
3189 3714 3489 3783 producens

1942 3804 2121 3869 ﬁdem,
2160 3813 2214 3858 et
2269 3806 2401 3873 quid
2430 3821 2564 3876 opus
2618 3817 2830 3875 tempus
2862 3816 3033 3860 terere
3081 3816 3201 3859 tuas
3259 3804 3488 3874 ineptias

1941 3897 2271 3951 recensendo
2291 3897 2313 3949 ?

1354 4339 1588 4395 VARIAS
1632 4341 2002 4398 LECTIONES
2043 4341 2129 4395 ΕΤ
2168 4341 2393 4395 ΝΟΤΙΕ.

360 4500 436 4566 (5)
460 4500 599 4554 Mon.
625 4504 716 4553 καὶ
746 4501 862 4567 τῆς.

356 4570 430 4639 (6)
468 4570 689 4624 Brevius
720 4574 770 4624 in
803 4588 889 4639 ep.
926 4572 989 4624 ad
1045 4570 1276 4639 Aquilei.
1329 4570 1441 4625 iure
1478 4570 1778 4624 eﬂ‘eruntur
1813 4591 1823 4621 :

284 4642 517 4705 Λέγεται
548 4642 655 4708 γάρ
695 4642 847 4694 οὐδὲν
882 4640 1098 4693 ἔλαττον
1128 4640 1221 4693 καὶ
1260 4640 1479 4708 Πνεῦμα
1516 4639 1702 4705 σοφίας
1739 4641 1829 4689 καὶ

285 4711 534 4773 γνώσεως
583 4711 686 4778 κα),
733 4710 1012 4778 δυνάμεως
1065 4712 1154 4761 καὶ
1204 4709 1461 4762 τοιούτων
1513 4709 1828 4777 θεοπρεπῶν

286 4779 465 4831 ἄλλων
495 4797 506 4807 ·
550 4782 594 4832 εί
630 4776 721 4832 οῦν
754 4776 886 4832 διότι
909 4781 1107 4832 τούτων
1144 4778 1204 4831 τὸ
1230 4778 1449 4847 Πνεῦμα
1478 4776 1717 4842 λέγεται,
1745 4779 1831 4829 διὰ

286 4848 445 4899 τοῦτο
477 4852 568 4899 καὶ
592 4849 648 4913 ἐξ
676 4850 853 4901 αὐτῶν
881 4849 1202 4901 ἀπαιτοῦσιν
1243 4848 1658 4917 ἐκπορεύεσθαι,
1704 4849 1833 4917 ὸρᾷν

288 4918 433 4969 ἔστιν
452 4918 626 4970 αὐτῶν
647 4919 705 4970 τὸ
740 4921 898 4985 σοφὸν
927 4919 1025 4985 τῆς
1049 4920 1310 4981 ἐπινοίας,
1331 4913 1406 4977 εἰς
1428 4913 1538 4969 οἷον
1566 4913 1833 4986 βάραθρον

288 4987 494 5053 πλάνης
526 4989 716 5049 αὐτοὺς
748 4989 1177 5056 κατακρημνίζει
1218 4990 1306 5039 καὶ
1339 4988 1639 5056 Σιποπλανᾷ.

365 5058 440 5123 (7)
472 5057 588 5108 Col.
632 5058 863 5123 νομίσει.

362 5129 437 5192 (8)
474 5125 556 5179 Cf.
593 5126 736 5179 hom.
784 5128 850 5181 de
892 5126 986 5194 Sp.
1012 5126 1089 5194 S._
1124 5125 1505 5194 Chrysostomo
1550 5125 1835 5193 ascriptam

288 5190 414 5248 cuin
445 5196 619 5257 initio,
660 5196 799 5257 Χθές
870 5190 1021 5262 ἡμῖν,
1058 5190 1101 5248 ὦ
1147 5190 1492 5262 φιλὸχοιστοι.
1528 5235 1541 5248 .
1573 5234 1586 5247 .
1618 5236 1629 5248 .
1694 5190 1836 5257 apud

288 5265 622 5323 Bcccum,De
641 5265 945 5333 proc.Sp.S.
974 5281 1023 5319 c.
1056 5268 1139 5328 11;
1165 5264 1257 5317 Gr.
1290 5263 1434 5319 Ortlt.
1458 5280 1494 5326 ι.
1521 5263 1835 5334 p.320-521.

363 5335 439 5401 (9)
473 5335 662 5386 Καίτοι
692 5335 843 5388 deest
879 5336 931 5386 in
962 5334 1105 5387 Mon.

363 5407 474 5471 (10)
504 5406 616 5456 Οὐκ
650 5405 801 5457 deest
826 5405 879 5457 in
902 5404 1045 5457 Mon.

362 5475 475 5536 (11)
502 5475 648 5542 Mon.
688 5473 852 5542 αὐτῷ.

364 5544 475 5608 (12)
514 5541 656 5595 Μοιι.
690 5540 991 5611 παροινίας.
1023 5540 1139 5595 Col.
1175 5558 1489 5609 παρανοιας.

363 5615 473 5678 (15)
514 5612 650 5664 Non.
687 5615 1052 5664 ἐπιτάσουσιν.

365 5682 475 5748 (14)
504 5681 615 5733 Col.
652 5684 754 5747 πρὸ
789 5686 880 5733 καὶ
904 5699 1030 5750 κηρ.

364 5752 477 5814 (15)
521 5751 663 5803 Μοη.
693 5752 859 5803 ἐοῦσι.

365 5821 480 5889 (16)
518 5820 1137 5890 Μοιι.ἁντιστρέφαντες
1182 5820 1397 5889 habuit;
1445 5822 1585 5890 quod
1660 5836 1844 5874 corre-

1857 4500 1907 4558 D
1934 4508 2079 4552 ctum
2112 4508 2194 4551 est
2231 4516 2280 4550 Ill
2314 4498 2777 4564 ἀντιστρέφοντες.

2007 4569 2114 4633 (17)
2154 4567 2295 4619 Mon.
2318 4567 2681 4687 χαρακτῆῖος.

2007 4640 2115 4687 (181
2148 4637 2279 4687 Οὐδὲ
2311 4639 2460 4687 deest
2489 4652 2538 4687 In
2592 4637 2681 4687 lon

2005 4640 2115 4705 (18)
2148 4637 2279 4688 Οὐδὲ
2311 4639 2460 4689 deest
2488 4636 2538 4689 in
2565 4636 2706 4687 Mon.
2730 4644 2781 4688 et
2811 4636 2863 4688 in
2899 4636 3012 4689 Col.

2010 4710 2115 4775 (19)
2148 4705 2263 4759 Col.
2295 4707 2412 4757 οὐδὲ
2447 4708 2544 4772 τὴν
2573 4706 2686 4757 δύν.

2009 4778 2118 4845 (20)
2155 4775 2296 4826 Μοη.
2330 4776 2552 4840 ἑκάστη.

2008 4842 2117 4913 (21)
2144 4845 2402 4897 Eumdem
2436 4859 2700 4897 canonem
2749 4861 2763 4895 ι
2806 4844 2987 4914 οιιῇυειΔ
3018 4842 3219 4914 dicitur
3255 4843 3488 4914 Spiritus

1938 4912 2078 4975 csSe,
2102 4912 2175 4967 ab
2199 4915 2384 4966 eodem
2418 4914 2681 4980 procedit.
2714 4922 2767 4965 et
2815 4912 2992 4965 caueri
3030 4912 3361 4967 schismatici
3389 4920 3488 4969 La-

1942 4987 2067 5039 tinis
2097 4984 2372 5062 alliugunt;
2400 4983 2542 5062 inter
2585 4997 2738 5062 quos“
2768 4981 2850 5062 Jg.
2885 4984 3149 5062 _l'l1u_rnes_
3186 4983 3490 5062 apudnBee-

1941 5071 2084 5117 cum,
2110 5054 2185 5107 De
2207 5049 2295 5105 ιὶη.
2326 5052 2468 5105 Eccl.
2500 5068 2549 5105 c.
2583 5049 2649 5105 54
2682 5050 2763 5118 (G.
2795 5049 2857 5103 Ο.
2885 5050 2921 5102 l.
2954 5049 3073 5117 189)
3101 5053 3207 5105 ait:
3242 5053 3301 5103 Εἰ
3322 5052 3377 5103 δὲ
3402 5054 3489 5107 διά

1940 5125 2094 5176 τοῦτο
2144 5127 2207 5175 ἐκ
2229 5122 2321 5173 τοῦ
2346 5121 2473 5173 Υίοῦ
2522 5122 2696 5188 λέγεις
2746 5120 2803 5170 τὸ
2852 5119 3093 5187 Πνεῦμα,
3129 5123 3208 5173 ὅτι
3265 5121 3488 5188 Πνεῦμα

1944 5194 2070 5245 Υἰοῦ
2112 5192 2346 5256 λέγεται,
2382 5192 2431 5241 τί
2464 5192 2588 5254 περὶ
2617 5190 2708 5240 τοῦ
2743 5188 2938 5258 Ἰωσὴφ
2974 5189 3206 5257 ἐροῦμεν
3246 5191 3488 5251 εἰπόντος

1943 5267 2053 5323 τοῖς
2098 5262 2340 5326 ἀδελφοῖς
2368 5276 2379 5287 ·
2426 5261 2513 5324 Μὴ
2549 5258 2826 5326 φοϐεῖσθεο
2888 5258 2981 5309 τοῦ
3021 5259 3147 5325 γὰρ
3200 5259 3335 5311 Θεοῦ
3370 5259 3487 5323 είμι

1946 5332 2053 5417 ἐγώ
2086 5330 2236 5417 (pert.
2266 5346 2305 5390 ι,
2338 5331 2449 5417 ’2οΛ
2469 5344 2577 5417 sec.
2633 5327 2795 5409 I’JXX)
3006 5329 3094 5410 τὸν
3147 5327 3340 5417 Ἰωσὴφ
3392 5329 3489 5397 τὴν

1947 5401 2175 5465 ὕπαρξιν
2208 5402 2269 5451 ἐκ
2300 5399 2398 5463 τῆς
2425 5399 2569 5457 θείας
2588 5398 2797 5463 φύσεως
2835 5398 3123 5464 ἐσχηκέναι
3162 5398 3485 5464 νομίζομενς

1948 5476 2040 5523 καὶ
2056 5472 2144 5521 τοῦ
2165 5470 2322 5520 Δαυῖδ
2344 5470 2583 5528 εἰπόντος
2607 5468 2733 5519 ’Τοῦ
2758 5468 2959 5534 Κυρίου
2984 5467 3019 5534 ἡ
3051 5468 3122 5534 γῆ
3157 5466 3317 5531 (Psal.
3343 5483 3485 5525 xxw.

1950 5539 2192 5603 LLXX),
2216 5541 2289 5607 μὴ
2323 5542 2383 5589 ὲκ
2409 5538 2506 5603 τῆς
2536 5538 2682 5597 θείας
2721 5531 3091 5607 φύσεωςῄεἷναι
3114 5531 3291 5605 ἀὐτὴν
3322 5534 3488 5587 δώσο-

1954 5628 2049 5678 μεν
2254 5602 2367 5678 πᾶν
2392 5602 2524 5674 ὅπερ
2556 5608 2696 5662 τινὸς
2727 5602 2863 5655 εἶναι
2895 5605 3135 5678 λέγεται..
3160 5602 3258 5657 οὐκ
3288 5607 3487 5678 ἔτι-κα).

1952 5674 2011 5741 ἐξ
2044 5678 2204 5731 αὺτοῦ
2225 5674 2359 5729 εἶναι
2384 5676 2615 5743 ἀνάγκη.
2646 5676 2843 5728 Eodem
2896 5686 3052 5742 pacto
3095 5674 3345 5728 Nicolaus
3382 5675 3488 5727 Me—

1957 5750 2104 5800 tlmn.
2139 5763 2223 5815 ap.
2259 5746 2435 5799 eumd.
2465 5746 2497 5797 l.
2525 5762 2596 5808 c.,
2624 5762 2670 5797 ε.
2714 5746 2778 5798 58
2804 5752 2878 5810 (p.
2915 5746 3034 5815 19S)
3076 5746 3185 5797 ιΟύ
3217 5747 3323 5797 πᾶν
3354 5746 3487 5811 ὅπερ

1956 5820 2112 5881 τινός,
2148 5813 2244 5886 ἤδη
2280 5819 2369 5868 καὶ
2400 5816 2455 5880 ἐς
2492 5815 2672 5878 αὐτοῦ,
2710 5825 2764 5869 et
2791 5816 2929 5883 apud
2973 5813 3246 5883 Hugonem
3300 5816 3483 5869 Ether.
