4234 6432
796 405 897 467 347

1901 387 2161 451 ΡΗΟΤΙΙ
2194 380 2694 447 ΡΑΤΒΙΑΒΟΗΕ
2732 380 2840 440 CP.

3903 368 4005 431 348

793 514 1121 569 condemno.
1145 510 1234 573 At,
1275 505 1473 575 inquis,
1526 504 1598 559 illi
1660 502 1774 557 hmo
1822 500 2181 570 scripserunt,
2213 508 2270 552 et
2295 498 2351 551 in
2380 501 2465 557 Αη

2330 513 2351 551 ι
2380 501 2427 557 Α
2453 494 2848 562 ταψηφίζομαι.
2911 488 3090 550 Ἀλλά,
3142 487 3275 557 φησὶ
3305 484 3439 553 (95),
3494 482 3801 553 γεγράφασι
3836 483 4002 534 ταῦτα

796 607 1007 659 illorum
1025 602 1177 655 libris
1202 600 1530 660 continetur,
1550 594 1813 664 Spiritum
1830 608 1858 645 a
1882 592 2018 645 Filio
2034 590 2351 660 procedere.

796 693 995 748 Verum
1033 693 1161 761 quid
1226 690 1364 743 hoc?
1391 688 1445 741 Si
1467 688 1608 742 enim
1646 686 1839 740 melius
1900 683 2080 737 edocti
2131 690 2352 735 senten-

797 787 925 839 tiam
950 800 1057 837 non
1090 790 1383 842 mutarunt,
1413 781 1456 834 si
1503 779 1663 848 justis
1697 776 1857 830 evicti
1905 774 2237 841 argumentis
2284 772 2353 825 ab

794 890 979 931 errore
1023 889 1130 926 non
1175 879 1535 933 recesserunt,
1578 879 1729 922 tuum
1776 880 1915 935 opus
1938 866 2071 919 dicis
2094 873 2352 930 tuumque

796 966 1245 1022 inemendabilem
1290 963 1527 1018 animum
1590 961 1710 1029 (alia
1746 974 1935 1013 rursus
1974 959 2088 1011 haec
2118 966 2202 1010 est
2256 956 2353 1007 ad-

796 1074 982 1115 versus
1016 1058 1199 1111 Patres
1232 1063 1350 1109 tuos
1378 1052 1674 1120 calumnia)
1708 1052 1922 1104 illorum
1954 1049 2219 1103 doctrina:
2258 1062 2350 1100 ac-

795 1160 1009 1218 ceptum
1040 1148 1228 1200 refers.
1250 1144 1306 1199 Si
1335 1160 1483 1208 vero,
1514 1158 1636 1211 qua:
1672 1152 1755 1195 est
1780 1156 1960 1193 rerum
1994 1140 2349 1193 humanarum

795 1241 1054 1300 conditio,
1089 1240 1214 1292 licet
1245 1235 1574 1303 ceteroquin
1602 1236 1824 1303 optimis
1842 1234 2151 1302 quibusque
2184 1233 2353 1284 virtu-

800 1333 944 1384 tibus
972 1331 1167 1391 ornati,
1189 1330 1271 1383 vel
1301 1343 1367 1381 ex
1392 1326 1693 1396 ignorantia
1722 1326 1950 1393 quadam
1986 1325 2119 1391 lapsi
2152 1322 2237 1376 vel
2266 1338 2355 1376 ne-

797 1421 1047 1491 gligentia
1076 1419 1281 1487 abrepti
1310 1428 1459 1478 sunt,
1494 1432 1600 1469 non
1633 1425 1812 1468 tamen
1835 1413 2095 1467 admoniti
2140 1414 2355 1466 restitec

800 1519 927 1562 runt
957 1518 1049 1563 aut
1092 1509 1156 1561 ad
1188 1506 1552 1561 correctiones
1590 1504 1831 1557 animum
1876 1502 2353 1571 pertinaciter'ob-

798 1600 1086 1661 durabant,
1121 1598 1246 1665 quid
1268 1598 1370 1651 hoc
1393 1597 1458 1649 ad
1494 1597 1584 1649 te?
1611 1593 1892 1659 Quomodo
1914 1609 2044 1647 vero
2072 1595 2124 1645 in
2144 1593 2229 1657 iis,
2262 1592 2353 1660 qui

800 1689 1122 1742 nihilsimile
1136 1689 1242 1741 tuis
1266 1688 1505 1740 moribus
1526 1686 1849 1749 habuerunt,
1876 1686 2178 1752 perfugium
2206 1684 2354 1736 inve-

802 1782 919 1833 nies
950 1795 1127 1848 pcenae
1167 1779 1495 1833 inevitabilis
1542 1777 1841 1830 evitandae?
1875 1776 1929 1829 Si
1967 1776 2112 1829 enim
2141 1789 2351 1839 eorum,

800 1872 998 1938 quibus
1028 1880 1083 1922 tu
1115 1870 1379 1930 abundas,
1416 1869 1488 1920 illi
1523 1884 1591 1920 ne
1616 1868 1804 1921 leviter
1818 1866 2035 1934 quidem
2064 1865 2356 1934 participes

804 1962 927 2014 facti
956 1971 1103 2025 sunt,
1137 1961 1229 2013 sed
1262 1961 1441 2029 potius
1474 1958 1720 2027 plurimis
1746 1956 1865 2011 aliis
1896 1956 2227 2009 admiranda:
2250 1955 2358 2009 vir-

804 2053 935 2105 tutis
963 2052 1286 2119 pietatisque
1307 2050 1696 2119 speciminibus
1720 2049 1897 2102 ornati
1939 2050 2167 2117 impium
2203 2056 2357 2104 tuum

800 2143 993 2211 dogma
1022 2156 1087 2195 ex
1118 2141 1417 2211 ignorantia
1440 2148 1534 2193 aut
1560 2140 1884 2209 negligentia
1913 2140 2356 2208 pronuntiarunt,

800 2234 931 2303 quid
954 2242 1010 2285 tu
1041 2234 1331 2285 humanum
1356 2232 1568 2285 illorum
1610 2231 1881 2284 defectum
1905 2241 2157 2300 tanquam
2184 2232 2358 2301 legem

801 2324 967 2393 impie
997 2323 1251 2376 credendi
1284 2322 1378 2375 tibi
1425 2321 1712 2375 constituis
1746 2336 1920 2390 exque
1964 2322 2066 2376 hac
2111 2328 2204 2377 tua
2240 2323 2360 2392 lege

803 2415 945 2477 illos,
987 2415 1079 2483 qui
1107 2413 1181 2466 nil
1209 2413 1477 2479 ejusmodi
1529 2412 1777 2466 sanxisse
1826 2413 2153 2481 deprehensi
2209 2421 2357 2477 sunt,

801 2506 1017 2573 iniquos
1068 2505 1306 2575 legisque
1363 2503 1649 2556 violatores
1698 2503 1942 2557 declaras
1998 2512 2360 2572 extremaeque

801 2595 1099 2663 impietatis
1127 2595 1231 2647 sub
1279 2592 1479 2646 amoris
1516 2590 2016 2658 benevolentiaque
2063 2589 2211 2642 larva
2240 2603 2362 2644 reos

799 2686 1050 2756 iudicas?
1078 2684 1196 2738 Non
1242 2684 1385 2739 bona
1444 2693 1658 2737 tuorum
1690 2691 1816 2735 sunt
1855 2682 2157 2736 studiorum
2198 2695 2362 2736 cona-

803 2788 1064 2846 tuumque
1085 2775 1325 2845 praunia.
1356 2774 1462 2829 Sed
1487 2774 1609 2827 vide
1637 2771 1928 2841 impietatis
1948 2786 2231 2825 excessum
2256 2771 2362 2825 im-

804 2869 1069 2939 probique
1099 2866 1467 2936 insipientiam
1497 2864 1686 2917 animi.
1717 2864 1775 2917 ln
1810 2878 1967 2917 suum
2000 2861 2363 2931 patrocinium

804 2969 999 3014 vocant
1036 2958 1318 3011 Dominum
1352 2955 1715 3025 :deprehensi
1742 2953 1962 3009 fuerunt
1986 2952 2273 3007 mendaces
2307 2963 2366 3009 et

802 3050 1253 3113 calumniatores;
1314 3047 1647 3104 advocarunt
1707 3054 1964 3115 patronos
2052 3044 2361 3114 apostolos;

804 3140 1037 3195 convicti
1061 3148 1189 3193 sunt
1218 3139 1350 3191 istos
1374 3151 1592 3206 quoque
1631 3136 1823 3188 eodem
1876 3134 2035 3187 modo
2079 3134 2365 3188 calumniis

803 3229 1514 3299 alIxcientes;conl‘ugerunt
1548 3241 1739 3281 rursus
1765 3225 1833 3278 ad
1872 3226 2100 3283 Patres:
2137 3233 2192 3278 et
2243 3223 2364 3278 loco

806 3325 1028 3381 honoris
1048 3326 1321 3393 ingentem
1350 3322 1483 3390 ipsis
1512 3318 1905 3387 blasphemiam
1936 3316 2245 3371 oﬂ'undunt.

874 3418 961 3472 69.
996 3416 1062 3469 Et
1097 3415 1279 3468 Patres
1298 3413 1517 3482 quidem
1547 3421 1762 3475 vocant,
1794 3411 1868 3463 ita
1897 3420 2000 3475 est,
2039 3409 2135 3467 sed
2167 3424 2275 3462 non
2308 3417 2369 3463 ut

806 3507 1025 3561 Patrum
1058 3508 1159 3559 illis
1180 3508 1440 3559 honorem
1470 3505 1728 3565 tribuant,
1748 3518 1935 3557 verum
1961 3511 2021 3557 ut
2085 3502 2367 3557 inveniant

806 3615 911 3669 qua
962 3599 1174 3668 possint
1217 3596 1424 3650 ratione
1485 3594 1601 3648 ﬁeri
1650 3594 1954 3663 parricidae.
2010 3592 2197 3662 Neque
2255 3593 2365 3647 divi

806 3690 958 3745 Pauli
983 3690 1407 3759 perhorrescunt
1444 3700 1631 3739 vocem
1659 3724 1674 3747 ,
1706 3700 1865 3754 quam
1922 3694 2103 3737 tamen
2151 3693 2206 3737 et
2262 3684 2363 3753 ipsi

807 3790 995 3834 contra
1039 3778 1222 3832 Patres
1254 3792 1381 3832 suos
1429 3792 1536 3829 non
1574 3777 1686 3830 sine
1731 3776 1929 3845 ingenti
1988 3776 2191 3828 malitia
2232 3790 2365 3831 con-

808 3880 1079 3940 torquent.
1113 3870 1209 3924 llic
1244 3868 1411 3933 enim,
1432 3867 1523 3936 qui
1552 3877 1871 3936 potestatem
1918 3868 2126 3935 accepit
2166 3867 2364 3936 ligandi

808 3978 871 4016 ac
895 3961 1158 4024 solvendi,
1200 3969 1255 4013 et
1278 3974 1407 4012 sane
1432 3959 1651 4012 vinculo
1680 3958 1962 4012 tremendo
1990 3958 2152 4011 simul
2180 3968 2235 4012 et
2271 3974 2365 4012 va-

806 4054 914 4107 lido
938 4054 1215 4123 (pertingit
1240 4052 1380 4105 enim
1399 4052 1463 4105 ad
1484 4051 1657 4121 ipsum
1679 4065 1901 4119 regnum
1918 4049 2221 4118 caalorum);
2253 4048 2362 4114 hic,

806 4144 1049 4213 inquam,
1080 4144 1282 4214 ingenti
1307 4143 1557 4210 claraque
1594 4141 1857 4195 exclamat
1885 4155 2017 4195 voce
2046 4156 2063 4194 :
2094 4138 2235 4193 Licet
2272 4156 2365 4195 nos

806 4243 898 4285 aut
919 4234 1133 4302 angelus
1165 4234 1228 4285 de
1268 4232 1394 4284 caelo
1444 4231 1757 4298 evangelia“
1814 4230 1953 4281 vobis
2012 4239 2365 4298 preterquam

808 4324 943 4393 quod
964 4322 1428 4393 wangelizavimua
1450 4321 1611 4383 vobis,
1641 4321 1922 4372 anathema
1968 4320 2036 4373 sit
2063 4321 2130 4375 ".
2165 4319 2365 4374 Paulus

807 4428 999 4467 sonora
1020 4424 1076 4467 et
1106 4427 1383 4479 nunquam
1418 4420 1605 4465 tacens
1634 4408 1889 4464 Ecclesia:
1925 4411 2072 4475 tuba,
2100 4411 2184 4466 vir
2246 4420 2366 4467 tan-

877 4563 920 4597 ”
940 4560 1114 4617 Galat.
1150 4577 1188 4625 ι,
1216 4560 1268 4614 8.

2380 1822 2429 1883 B

2452 587 2546 638 καὶ
2572 587 2686 645 τοῖς
2710 581 2931 635 ἐκείνων
2946 579 3126 646 λόγοις
3152 575 3557 647 ἐμπεριέχεται,
3587 574 3649 626 τὸ
3673 572 3894 641 Πνεῦμα
3912 572 4004 625 τοῦ

2454 675 2583 731 Υίοῦ
2608 672 3018 744 ἐκπορεύεσθαι.
3194 668 3303 721 Καὶ
3330 666 3384 719 τί
3408 666 3594 730 τοῦτο;
3636 665 3698 717 Εἰ
3740 666 3837 731 μὲν
3862 661 4007 715 διδασ

2452 768 2667 838 χθέντες
2696 765 2758 817 οὐ
2790 762 3098 834 μετέθεντο,
3150 762 3199 812 εί
3250 760 3361 821 τοῖς
3388 757 3619 818 δικαίοις
3658 756 3901 823 ἐλέγχοις
3944 753 4003 805 οὐ

2456 855 2811 928 μετεϐάλοντο
2836 852 2970 922 (96),
3008 849 3069 901 τὸ
3104 848 3194 900 σὸν
3225 846 3383 918 ἔργον
3439 844 3617 913 λέγεις
3659 844 3752 894 καὶ
3782 841 3880 909 τὴν
3911 843 4007 910 σὴν

2451 947 2803 1014 ἀνουθέτητον
2833 942 3056 1011 γνώμην
3080 939 3235 1008 (άλλη
3262 937 3426 991 πάλιν
3442 936 3581 1005 αὐτη
3612 934 3749 988 κατά
3771 933 3875 985 τῶν
3903 932 4007 983 σῶν

2454 1039 2715 1107 Πατέρων
2745 1032 3096 1100 συκοφαντία)
3136 1032 3215 1092 είς
3249 1029 3344 1099 τὴν
3377 1028 3601 1081 ἐκείνων
3625 1024 3911 1094 ἀναφέρεις
3932 1023 4009 1074 δι-

2451 1128 2763 1183 δασκαλίαν.
2793 1127 2855 1178 Εί
2884 1124 2941 1177 δὲ
2972 1120 3058 1176 οία
3096 1124 3164 1177 τά
3207 1121 3524 1190 ἀνθρώπινα
3551 1119 3728 1171 καίτοι
3768 1118 3835 1169 τά
3875 1116 4008 1169 ἀλλα

2451 1224 2563 1284 τοῖς
2588 1220 2825 1288 ἀρίστοις
2847 1215 3271 1284 ἐνευθυμοῦντες
3297 1213 3409 1281 (97)
3436 1213 3468 1281 ἢ
3490 1211 3681 1280 ἀγνοίᾳ.
3722 1209 3830 1261 τινὶ
3855 1225 4010 1277 περιρ

2454 1315 2647 1365 έπεσον
2682 1312 2716 1382 ἢ
2747 1310 3102 1380 παροράματι
3143 1306 3525 1377 ὐπηνέχθησαν
3549 1344 3565 1365 ,
3616 1304 3715 1355 οὐκ
3759 1303 4008 1354 ἀντεῖπον

2453 1403 2509 1453 δὲ
2529 1403 2905 1471 διδασκόμενοι
2931 1399 3051 1452 οὐδὲ
3076 1398 3212 1465 πρὸς
3243 1397 3303 1448 τὸ
3338 1392 3616 1448 νουθετοῦν
3643 1390 4009 1460 ἀπηυθαδειά-

2456 1511 2615 1548 σαντο
2645 1494 2778 1562 (98),
2804 1494 2858 1545 τί
2883 1489 3041 1544 τοῦτο
3067 1490 3202 1558 πρὸς
3246 1489 3340 1551 at;
3367 1487 3488 1549 Πῶς
3516 1485 3573 1537 δέ
3595 1484 3843 1553 εὑρήσεις
3869 1481 4011 1534 ἐκεί-

2455 1572 2579 1647 νους
2611 1582 2931 1653 καταφυγὴν
2978 1573 3054 1635 ὧν
3086 1578 3237 1630 οὐδέν
3255 1578 3439 1645 ὅμοιον
3485 1576 3618 1645 πρὸς
3661 1574 3729 1624 τὰ
3776 1573 3865 1633 σα,
3916 1570 4011 1640 τὴν

2453 1654 2690 1746 ἄφυκτον
2732 1674 2888 1742 δίκην
2914 1671 3214 1738 ἀποφυγεῖν
3242 1666 3397 1735 (99);
3442 1664 3502 1717 Εί
3539 1664 3646 1732 γὰρ
3681 1655 3756 1715 ὧν
3799 1663 3863 1712 σὺ
3913 1662 4011 1728 μὲν

2455 1765 2751 1827 ἀπολαύεις
2776 1762 3002 1824 ἐκείνοις
3030 1760 3151 1813 οὐδὲ
3178 1760 3369 1827 γέγονε
3400 1756 3711 1825 μετασχεῖν,
3736 1752 3946 1803 πολλῶν
3966 1752 4010 1802 δ’

2456 1860 2630 1914 ἄλλων
2677 1854 2988 1925 προσόντων
3037 1851 3220 1912 αὐτοῖς
3280 1848 3554 1917 θαύματος
3600 1844 3785 1906 ἀξίων,
3831 1842 3899 1895 δι’
3939 1835 4012 1895 ὧν

2457 1950 2625 2021 ἀρετὴ
2651 1947 2945 2017 διαλάμπει
2973 1944 3068 1997 καὶ
3106 1940 3379 2004 εὐσέϐεια,
3421 1939 3482 1991 τὸ
3511 1937 3601 1989 σὺν
3642 1936 3701 2000 ἐξ
3731 1936 3952 2000 ἀγνοίας
3981 1934 4013 2003 ἢ

2459 2041 2599 2096 κατά
2628 2038 2928 2109 παρόρασιν
2968 2034 3175 2106 ἐρρήθη
3222 2030 3565 2099 δυσσέϐημα,
3600 2027 3652 2079 τί
3677 2028 3735 2079 τὸ
3792 2026 4013 2077 ἐκείνων

2456 2133 2795 2203 ἀνθρώπινον
2832 2126 2944 2201 [69]
2973 2129 3193 2197 ἥττημα
3226 2122 3301 2193 (l)
3331 2122 3493 2190 νόμον
3519 2122 3616 2189 μὲν
3654 2119 3791 2171 ὥστε
3827 2118 4016 2169 δυσσε-

2458 2226 2574 2279 ϐεῖν
2612 2220 2790 2291 ἐαυτῷ
2818 2218 3211 2287 συνεισφέρεις,
3240 2216 3306 2267 ἐκ
3342 2213 3400 2266 δέ
3427 2211 3521 2265 τοῦ
3561 2210 3655 2262 σοῦ
3693 2210 3857 2275 νόμου
3892 2208 4015 2269 τοὺς

2462 2317 2626 2389 μηδὲν
2634 2313 2844 2368 τοιοῦτο
2854 2309 3158 2379 νομοθετεῖν
3170 2303 3517 2376 φωραθέντας
3529 2300 3875 2371 παρανόμους
3890 2299 4015 2349 ἀπο-

2459 2388 2687 2480 φαίνεις,
2711 2406 2803 2459 καὶ
2816 2401 3068 2463 ἀσεϐείας
3088 2398 3320 2467 ἐσχάτης
3349 2397 3406 2449 ἐν
3432 2391 3758 2463 προσωπείῳ
3785 2388 4016 2457 στοργῆς

2459 2478 2553 2556 καὶ
2577 2498 2787 2559 εὐνοίας
2814 2494 2969 2564 δίκην
2995 2493 3246 2551 ἀπαιτεῖς
3270 2504 3286 2553 ;
3309 2487 3368 2540 οὐ
3398 2486 3507 2556 γὰρ
3530 2483 3667 2536 καλά
3698 2498 3779 2533 σοι
3813 2481 3885 2549 (2)
3910 2478 4017 2530 τῶν

2460 2587 2943 2661 ἀγωνισμάτωντά
2980 2583 3252 2652 ἐπίχειρα.
3316 2576 3453 2631 ⁹Δλ).’
3483 2577 3584 2646 δρα
3627 2576 3725 2641 τῆς
3768 2570 4019 2630 ἀσεϐείας

2460 2686 2558 2753 τὴν
2586 2679 2891 2751 ὑπερϐολὴν
2925 2676 3023 2729 καὶ
3047 2675 3146 2745 τῆς
3172 2669 3499 2740 κακοσχολον
3522 2667 3744 2735 γνώμης
3768 2662 3830 2714 τὸ
3864 2661 4014 2753 306v-

2462 2750 2605 2831 ετον.
2652 2750 2746 2835 Ei;
2773 2768 3102 2838 συνηγορίαν
3143 2765 3336 2833 ἄγουσι
3382 2761 3475 2814 τὸν
3513 2758 3808 2821 Δεσπότην,
3838 2750 4020 2820 πεφώ-

2465 2884 2656 2941 ρανται
2702 2865 2779 2934 (5)
2831 2859 3330 2929 συκοφαντοῦντες·
3381 2853 3644 2907 ἐκάλεσαν
3691 2848 4021 2914 συνηγόρους

2462 2936 2590 3022 τοὺς
2620 2954 2893 3027 μαθητὰς,
2921 2952 3171 3006 ἑάλωσαν
3209 2946 3495 3005 κάκείνους
3513 2942 3606 2993 τὸν
3631 2938 3789 2993 αὐτὸν
3821 2936 4024 3027 τρόπον

2465 3026 2883 3121 περιϐάλλοντες
2939 3040 3323 3110 συκοφαντίαις
3348 3052 3365 3069 ο
3393 3035 3699 3101 κατέφυγον
3753 3027 3914 3080 πάλιν
3945 3026 4021 3085 εἱς

2389 3166 2433 3225 c
2470 3117 2615 3194 Πατέ
2624 3156 2743 3208 ρας,
2765 3139 2862 3189 καὶ
2883 3136 3009 3191 ἀντὶ
3036 3133 3206 3202 τιμῆς
3226 3128 3468 3201 μεγάλην
3499 3122 3679 3178 αὐτῶν
3702 3117 4025 3187 καταχέουσι

2469 3228 2836 3303 βλασφημίαν.

2537 3410 2631 3475 seu
2661 3404 2769 3479 [62]
2798 3404 2908 3457 Kal.
2932 3399 3183 3469 Πατέρας
3220 3395 3317 3467 μὲν
3338 3391 3563 3448 καλοῦσι
3589 3387 3843 3479 (καλοῦσι

2466 3474 2580 3553 ἀλλ’
2597 3474 2695 3565 οὐχ
2728 3474 2816 3547 ἵνα
2842 3493 2903 3544 τὸ
2922 3490 3029 3543 τῶν
3056 3486 3314 3555 Πατέρων
3340 3480 3675 3548 ἀπονείμωσι
3698 3476 3881 3546 γέρας,
3911 3474 4022 3526 ἀλλ’

2466 3592 2532 3644 ἵν’
2568 3589 2645 3657 (ε)
2682 3586 2955 3656 εύρήσωσι
2986 3581 3062 3650 (5)
3102 3576 3166 3631 δι’
3204 3570 3279 3629 ὧν
3319 3574 3384 3627 ἂν
3414 3571 3653 3640 γένοιντο
3678 3565 4019 3657 πατραλοῖαι.

2464 3656 2719 3737 Καὶούδέ
2740 3677 2838 3748 τὴν
2856 3672 2950 3727 τοῦ
2974 3670 3262 3724 Θεσπεσίου
3279 3664 3491 3720 Παύλου
3515 3661 3794 3732 φρίττουσι
3818 3656 4021 3727 φωνην,

2466 3776 2531 3844 ἢν
2557 3771 2711 3825 αὐτοὶ
2755 3767 2895 3821 κατά
2924 3764 3032 3818 τῶν
3079 3760 3337 3828 Πατέρων
3395 3755 3574 3809 αὐτῶν
3636 3754 3771 3844 μετά
3828 3749 4023 3815 πολλῆς

2466 3835 2859 3933 ἀπορρίπτουσι
2886 3856 2987 3924 τῆς
3015 3849 3369 3919 κακουργίας.
3405 3844 3516 3900 Καὶ
3548 3842 3657 3913 γάρ
3685 3835 3840 3902 οὗτος
3927 3839 4024 3933 τὴν

2464 3931 2714 4019 ἐξουσίαν
2759 3947 2937 4002 λαϐὼν
2979 3946 3199 4014 δεσμεῖν
3253 3939 3348 3993 καὶ
3375 3937 3545 3999 λύειν,
3579 3938 3673 3987 καὶ
3708 3932 3770 3986 τὸ
3810 3931 3904 3985 τού
3935 3931 4020 3983 δε-

2468 4045 2605 4115 σμοῦ
2638 4041 2865 4113 φοϐερὸν
2896 4039 3013 4108 ἅμα
3049 4035 3142 4089 καὶ
3175 4029 3434 4104 κραταιὸν
3472 4026 3656 4098 (μέχρι
3706 4023 3817 4115 γὰρ
3853 4021 4019 4115 αὐτῆς

2466 4110 2792 4208 ἀναφέρεται
2832 4130 2931 4200 τῆς
2974 4124 3249 4198 βασιλείας
3285 4122 3393 4175 τῶν
3432 4116 3719 4190 οὐρανῶν),
3758 4110 3914 4175 οὗτος
3960 4114 4021 4182 δὴ

2468 4206 2677 4299 μεγάλῂ
2704 4222 2799 4276 καὶ
2820 4220 3124 4289 διαπρυσίῳ
3140 4215 3375 4286 κέκραγε
3400 4214 3465 4281 τῇ
3493 4211 3642 4279 φωνῇ
3667 4224 3681 4238 ·
3711 4208 3839 4260 Κᾶν
3854 4206 4021 4274 ἡμεῖς

2464 4296 2787 4389 han/clm;
2838 4312 2906 4375 ἐξ
2955 4307 3218 4374 οὐρανοῦ
3277 4301 3719 4373 εὐαγγελίζηται
3764 4299 3839 4368 (li)
3885 4296 4023 4365 ὑμῖν

2463 4388 2597 4480 παρ⁴
2618 4410 2649 4464 ὃ
2674 4409 2749 4479 (Ἰ)
2765 4402 3251 4475 εὐαγγελιζόμεθα
3269 4396 3430 4465 ὑμῖν,
3457 4393 3724 4463 ἀνάθεμα
3739 4392 3895 4444 ἔστω
3920 4388 4014 4456 (8).

1891 4704 2126 4761 VARIIE
2166 4703 2551 4764 LECTIONES
2572 4702 2660 4757 ET
2687 4698 2915 4756 ΝΟΤιΕ.

878 4841 988 4905 (95)
1016 4839 1131 4894 Col.
1166 4836 1316 4906 φασί.

878 4909 988 4978 (96)
1028 4910 1197 4962 Palat.
1228 4907 1266 4962 f.
1300 4907 1406 4961 235
1424 4923 1477 4973 a,

881 4976 990 5048 (97)
1022 4978 1197 5048 Vatic.
1269 4977 1664 5048 ἐνευθυνοῦτες.
1704 4979 1722 4998 ⁶
1760 4976 1875 5048 Col.
1930 4977 2357 5048 ἐνευθηνοῦντες.

808 5052 868 5107 ln
894 5050 1083 5114 Palat.,
1115 5047 1272 5117 cujus
1293 5047 1580 5102 lectionem
1605 5047 1996 5116 adoptavimus,
2025 5048 2081 5101 in
2104 5047 2144 5117 μ
2172 5063 2359 5101 rasura

809 5132 911 5176 est.

880 5190 989 5257 (98)
1028 5187 1193 5243 Palat.
1268 5186 1753 5257 ἀπηυθαδιάσαντο.
1809 5186 1900 5241 Slc
1966 5184 2082 5239 Col.
2145 5184 2352 5240 Forma:

808 5255 1143 5320 αὐθαδειάζω
1168 5267 1223 5312 et
1250 5255 1555 5327 αὐθαδιάξω
1583 5258 1897 5327 promiscue
1915 5264 2225 5327 occurrunt.

880 5329 990 5395 (99)
1020 5326 1117 5395 Ep.
1168 5328 1233 5381 ad
1282 5326 1514 5396 Aquilei.
1551 5326 1787 5395 archiep.
1822 5344 1835 5379 :
1867 5326 1929 5396 El
1959 5326 2067 5396 μὲν
2100 5326 2352 5396 γύπομνη-

812 5400 1026 5459 σθέντες
1055 5394 1295 5463 περὶτοῦ
1328 5394 1689 5464 προκειμένου
1736 5394 2029 5462 κεφαλαίου
2054 5395 2160 5446 τῶν
2207 5396 2355 5464 είρη-

813 5472 989 5536 μένων
1022 5462 1275 5534 Πατίέρων
1312 5462 1538 5536 ἀντεῖπε
1564 5466 1624 5519 τὸ
1649 5466 1931 5536 σύνταγμα
1979 5464 2074 5515 καὶ
2101 5464 2243 5536 πρὸς
2273 5462 2355 5536 ἐν-

812 5532 999 5590 στασίν
1022 5554 1142 5587 τινα
1172 5532 1274 5587 ’καὶ
1322 5533 1601 5587 ἀπείθειαν
1638 5532 2060 5604 ἀπεθρασύνετο,
2092 5532 2354 5604 διέτειναν

809 5624 869 5660 τε
899 5609 964 5676 τῇ
998 5607 1132 5675 αὐτῇ
1168 5606 1490 5676 παρατροπῇ
1527 5604 1623 5671 τῆς
1654 5601 1950 5676 δόξης-καὶ
1979 5604 2232 5676 ἐΑπίαύτῇ
2265 5601 2354 5676 τὴν

810 5676 924 5743 βίον
939 5669 1090 5745 ’μετά
1109 5669 1261 5736 ’τοὺς
1291 5669 1539 5795 ἐλέἔχους
1568 5669 1956 5741 κατέστρεψαν,
1989 5669 2357 5741 ἀνάγκητού-

810 5763 934 5795 τους
974 5744 1376 5795 συναποϐάλλεσ
1414 5742 1570 5795 αιτῶ
1616 5749 1935 5795 Ωοονήιιατι.
1991 5742 2051 5793 Ei
2091 5740 2145 5792 δὲ
2218 5757 2355 5795 παρ-

810 5740 934 5807 τους
958 5740 1467 5797 ’συναποϐάλλεσθαι
1495 5742 1570 5811 τῷ
1616 5740 1935 5811 φρονήματι.
1991 5742 2051 5793 Ei
2091 5740 2145 5792 δὲ
2188 5740 2355 5811 κπαρ-

811 5816 1144 5885 εφθέγξαντο
1188 5815 1284 5885 μὲν
1314 5815 1346 5885 ἢ
1378 5814 1466 5867 διά
1497 5810 1616 5867 τινα
1648 5810 1824 5867 αἰτίαν
1857 5812 1951 5866 νῦν
1988 5810 2355 5880 ἀγνοουμένην

1505 4906 1908 4976 μετεϐάλλοντο.

2389 4841 2442 4901 D
2466 4840 2600 4907 ἡμῖν
2624 4836 2721 4905 τῆς
2755 4832 3045 4907 εὐθύτητος
3074 4828 3467 4907 ἐξετράπησαν,
3506 4824 3730 4907 οὐδεμία
3774 4824 3836 4904 δέ
3863 4824 4023 4907 cf)“-

2469 4894 2553 4968 σὶς
2586 4894 2766 4966 αὐτοῖς
2797 4894 3240 4974 προσενήνεκται,
3272 4898 3378 4974 οὐδ’
3401 4896 3747 4974 είς-μάθησιν
3776 4894 3873 4974 τῆς

2466 4964 2615 5038 θείας
2646 4964 2820 5035 οὐδεὶς
2841 4964 3053 5032 ἀὐτοὺς
3083 4967 3442 5039 παρεκάλεσε,
3481 4964 3850 5039 Πατέρας-μέν
3876 4964 4020 5039 οὐδέν

2464 5031 2685 5099 ἔλαττον
2722 5031 2936 5105 αὐτοὺς,
2975 5031 3258 5109 είίκαὶίμὴ
3288 5036 3447 5089 τοῦτο
3498 5031 3670 5097 εἷπον,
3726 5033 4020 5102 ἐπιγραφό-

2465 5115 2621 5253 wgf).
2640 5181 2805 5253 Palat.
2833 5178 2893 5253 τί)
2907 5180 3126 5253 ἐκεῖνον
3144 5174 3481 5253 ἀνθρωπίνου
3515 5175 3635 5243 ἧττ.

2550 5247 2603 5321 2)
2633 5251 2748 5306 Col.
2776 5268 2829 5321 p.
2854 5249 2965 5321 298
2998 5266 3011 5321 ς
3038 5247 3179 5300 καλά
3206 5262 3320 5321 σου.

2552 5314 2605 5382 5)
2647 5314 2816 5374 Vatié.
2847 5318 2884 5371 ί.
2914 5320 3019 5371 204
3041 5334 3089 5381 a,
3125 5314 3488 5382 πεφώνανται.

2554 5387 2604 5455 4)
2639 5390 2804 5444 Palat.
2842 5387 2882 5442 f.
2913 5388 3017 5441 255
3046 5387 3099 5450 b,
3127 5387 3161 5455 ἢ
3190 5387 3308 5454 εὐρ.

2528 5452 2605 5531 (5)
2636 5458 3100 5531 Ϋειηεύρησουσι.

2529 5523 2604 5599 (6)
2636 5530 2724 5599 Sic
2751 5523 2869 5582 Col.
2902 5523 3068 5599 Palat.
3102 5523 3537 5595 εὐαγγελίζεται.

2533 5598 2607 5666 (τ)
2644 5598 2813 5653 Vatic.
2845 5598 3007 5665 παρό.

2531 5659 2605 5738 (8)
2640 5668 2754 5721 Gal.
2794 5683 2836 5726 ι,
2887 5659 2941 5719 8ξ
2981 5665 3059 5718 Ad
3098 5666 3198 5718 hoc
3256 5663 3496 5731 Apostoli
3550 5660 3769 5738 effatum
3814 5659 4012 5738 pariter

2460 5729 2717 5861 prov'oicat
2766 5738 2922 5792 Phot.
2966 5750 3153 5804 opusc.
3189 5729 3375 5790 contra
3420 5742 3526 5788 vet.
3570 5731 3753 5786 Roma:
3789 5729 4015 5785 asseclas

2463 5825 2581 5861 can.
2651 5825 2701 5861 ο.

2463 5825 2581 5880 cap.
2620 5825 2701 5861 ιο.
