4234 6432
761 419 836 484 35
844 417 862 480 ι

1884 401 2145 464 PHOTII
2185 392 2687 459 PATRIARCH/E
2722 391 2808 449 (ΣΡ

3889 372 3994 435 352

766 542 867 591 set.
897 528 1012 582 illos
1040 526 1144 580 tale
1166 522 1439 594 quidpiam
1468 519 1665 572 dixisse
1688 515 1960 584 (homines
1994 512 2141 565 enim
2173 517 2329 561 erant
2359 515 2402 567 Α
2431 526 2438 555 ι

2321 523 2329 561 '.
2359 515 2402 567 Α
2431 505 2544 556 ἀλλ’
2573 504 2622 554 εἰ
2655 503 2746 554 ιαί
2777 496 3019 550 τοιοῦτόν
3047 513 3099 548 τι
3129 491 3422 546 συνέπεσεν
3453 487 3649 548 αὐτοὺς
3677 486 3848 536 εἰπεῖν
3876 485 3993 551 (ἀν-

2824 587 2847 594 -
3075 591 3083 594 _
3148 590 3157 594 _
3209 585 3229 594 ,
3370 582 3381 594 ,
3665 577 3683 594 ,
3704 593 3712 594 ί
3732 575 3810 594 in,
3877 591 3961 594 ___
3982 589 3993 594 Α

767 637 869 676 nec
891 626 1069 689 potest
1120 633 1178 670 se
1221 616 1516 668 immunem
1571 609 1639 662 ab
1669 607 1814 659 omni
1871 606 2111 658 humano
2171 600 2326 668 lapsu

769 721 1030 781 perpetuo
1055 720 1372 762 conservare
1399 703 1488 772 qui
1546 717 1609 754 ex
1667 700 1780 753 luto
1835 697 2089 762 ﬁuxaque
2137 702 2331 747 natura

770 811 1019 866 constat;
1059 803 1164 853 imo
1220 813 1328 851 non
1368 810 1644 864 nunquam
1710 791 1869 845 etiam
1926 788 2058 842 viris
2115 785 2335 856 optimis

771 896 1137 949 adnascuntur
1172 892 1355 959 aliqua
1380 887 1599 956 vestigia
1635 881 2024 947 macularum);
2054 894 2240 934 verum
2269 877 2335 930 li-

774 997 879 1048 cet,
918 987 1158 1054 inquam,
1189 984 1326 1036 forte
1377 981 1443 1034 ad
1493 977 1710 1046 aliquod
1743 975 2056 1028 indecorum
2087 988 2149 1024 ac
2176 981 2334 1039 turpe

775 1081 1000 1133 fuissent
1032 1079 1187 1147 lapsi,
1215 1092 1313 1146 ego
1348 1091 1477 1128 sane
1505 1074 1706 1142 probos
1757 1068 1945 1124 Noemi
1975 1066 2115 1120 ﬁlios
2156 1064 2333 1118 imita-

776 1189 862 1227 rer
892 1182 944 1226 et
978 1188 1074 1240 pro
1104 1170 1439 1224 vestimentis
1464 1167 1681 1222 silentio
1706 1164 1886 1234 potius
1916 1171 2082 1229 atque
2108 1158 2334 1229 gratitu-

775 1261 900 1314 dine
949 1271 1222 1330 paternam
1280 1257 1668 1326 turpitudinem
1708 1254 2041 1321 obtegerem,
2077 1264 2186 1301 non
2236 1263 2333 1300 au-

777 1361 908 1415 tem,
939 1353 1013 1405 uti
1041 1362 1095 1404 tu
1141 1351 1290 1414 facis,
1322 1350 1512 1402 Chami
1549 1361 1804 1415 sequerer
1849 1343 2192 1410 exemplum;
2228 1342 2337 1393 imo

777 1462 905 1499 vero
933 1455 987 1498 tu
1015 1446 1182 1497 multo
1213 1443 1459 1497 acerbius
1493 1441 1582 1493 illo
1613 1449 1777 1507 atque
1812 1434 2179 1505 impudentius
2209 1441 2335 1484 tuo-

778 1553 896 1588 rum
931 1552 1065 1604 quos
1098 1551 1277 1599 vocas,
1316 1534 1534 1587 Patrum
1578 1529 1969 1598 turpitudinem
2018 1525 2237 1591 evulgas
2271 1523 2335 1580 ⁷³.

779 1626 872 1678 Ille
906 1629 1072 1686 enim,
1126 1627 1380 1692 nonquia
1407 1623 1684 1682 revelavit,
1710 1620 1803 1673 sed
1834 1617 1959 1686 quia
1991 1632 2097 1668 non
2119 1614 2335 1676 velavit,

778 1716 1210 1767 maledictionem
1242 1715 1537 1775 sustinuit;
1574 1721 1631 1764 tu
1665 1723 1793 1762 vero
1822 1716 1878 1759 et
1930 1704 2138 1757 revelas
2175 1711 2231 1756 et
2281 1702 2336 1754 in

779 1807 880 1859 hac
910 1807 1131 1859 audacia
1168 1807 1432 1873 gloriaris,
1460 1815 1514 1857 et
1548 1804 1634 1855 ille
1664 1801 1880 1869 quidem
1934 1795 2194 1848 fratribus
2247 1808 2336 1846 ar-

778 1913 972 1950 canum
1029 1897 1217 1958 effert;
1257 1906 1312 1949 tu
1368 1911 1493 1949 vero
1516 1911 1623 1948 non
1653 1895 1926 1957 fratribus,
1958 1909 2058 1947 nec
2110 1891 2200 1944 uni
2251 1897 2342 1941 aut

778 1990 931 2041 alteri
956 1990 1078 2048 ;sed
1108 1997 1365 2056 quantum
1393 1997 1473 2039 est
1498 2003 1560 2040 ex
1586 1997 1675 2039 tuo
1696 1996 1888 2038 conatu
1908 1994 1963 2038 et
1992 1980 2339 2052 impudentia,

781 2081 1093 2134 universum
1153 2079 1306 2147 quasi
1338 2089 1602 2132 terrarum
1671 2079 1856 2130 orbem
1900 2077 2168 2129 theatrum
2213 2088 2344 2126 con-

780 2173 1010 2225 stituens
1039 2173 1239 2240 ingenti
1260 2172 1562 2240 promulgas
1588 2171 1839 2234 clamore,
1879 2179 1999 2222 tuos
2016 2167 2201 2220 Patres
2225 2181 2344 2220 sor-

780 2266 938 2317 dibus
970 2265 1139 2318 faados
1169 2280 1307 2326 esse,
1338 2273 1392 2316 et
1426 2265 1479 2316 in
1535 2264 1773 2330 ipsorum
1815 2261 2146 2330 turpitudine
2188 2261 2344 2312 luxu-

780 2358 936 2409 riaris
982 2357 1372 2425 (debaccbaris)
1403 2365 1457 2409 et
1505 2355 1791 2424 ignominia
1820 2355 2030 2407 illorum
2058 2352 2256 2422 gaudes
2293 2361 2345 2405 et

779 2451 957 2503 socios
981 2450 1201 2516 quaeris,
1229 2464 1323 2516 per
1352 2464 1488 2516 quos
1518 2448 1731 2499 illorum
1758 2446 1993 2499 dedecus
2021 2460 2082 2497 ac
2096 2442 2348 2496 deformi-

781 2542 1024 2595 tatemin
1077 2541 1344 2610 publicam
1369 2538 1562 2593 efferas
1585 2540 1758 2591 lucem
1799 2547 1855 2591 et
1881 2537 2196 2592 solemniter
2253 2550 2343 2588 ce-

780 2635 978 2688 febres.

855 2729 941 2780 71.
983 2726 1478 2796 DixitAugustinus
1507 2735 1562 2780 et
1620 2724 1980 2792 Hieronymus
2028 2721 2287 2790 Spiritum
2318 2735 2348 2772 a

786 2820 923 2873 Filio
961 2820 1281 2889 procedere.
1339 2819 1405 2872 Et
1441 2819 1582 2873 unde
1627 2827 1807 2886 potest
1860 2816 2045 2870 haberi
2094 2823 2188 2868 aut
2233 2813 2349 2867 dari

787 2911 940 2970 ﬁdes,
996 2920 1115 2976 post
1172 2920 1250 2964 tot
1301 2925 1470 2964 annos
1531 2911 1764 2978 elapsos,
1800 2924 1911 2961 non
1965 2922 2083 2961 esse
2138 2907 2349 2959 illorum

790 3003 988 3070 scripta
1019 3017 1115 3070 per
1145 3002 1402 3054 malitiam
1435 3000 1764 3069 depravata?
1796 2998 1980 3066 Neque
2020 2997 2164 3051 enim
2205 2996 2350 3049 arbi-

789 3094 921 3146 trari
956 3094 1140 3154 debes,
1169 3103 1219 3147 te
1254 3093 1426 3145 solum
1457 3107 1577 3145 esse
1614 3093 1679 3144 ad
1717 3091 2048 3158 impietatem
2085 3087 2349 3141 fervidum

789 3194 846 3239 et
877 3194 928 3239 te
979 3187 1151 3239 solum
1204 3186 1403 3238 audere
1444 3200 1554 3236 non
1601 3183 1877 3246 audenda;
1930 3181 2020 3235 sed
2075 3180 2251 3248 potius
2283 3193 2346 3230 ex

797 3276 898 3328 hac
955 3275 1069 3343 ipsa
1123 3274 1288 3328 animi
1339 3273 1628 3326 affectione
1670 3280 1893 3340 reputa,
1948 3281 2076 3323 tunc
2139 3284 2354 3338 quoque

798 3365 955 3418 facile
991 3365 1158 3418 fuisse
1189 3365 1564 3418 versutissimo
1589 3362 1804 3433 generis
1854 3361 2074 3414 humani
2114 3359 2252 3413 hosti
2282 3369 2358 3411 ta-

795 3457 938 3511 libus
974 3457 1115 3509 vasis
1149 3457 1448 3510 abundare.

871 3550 952 3603 72.
996 3551 1278 3611 Dixerunt,
1313 3565 1449 3618 quos
1477 3557 1533 3602 tu
1564 3546 1822 3609 adducis,
1858 3545 1979 3598 ista.
2025 3543 2178 3608 Quod
2217 3542 2262 3595 si
2293 3542 2360 3595 ob

799 3643 1034 3712 aliquam
1066 3644 1450 3697 necessitatem
1476 3643 1559 3696 vel
1584 3654 1917 3710 paganorum
1964 3635 2228 3690 insaniam
2262 3649 2361 3700 op-

802 3745 1103 3805 pugnantes
1132 3736 1215 3789 vel
1255 3736 1412 3788 aliam
1469 3734 1776 3787 haereticam
1836 3730 2146 3798 opinionem
2200 3725 2362 3780 refel-

801 3825 994 3889 lentes,
1027 3827 1108 3878 vel
1139 3827 1443 3879 auditorum
1470 3825 1808 3892 indulgentes
1847 3821 2144 3874 inﬁrmitati
2174 3819 2255 3871 vel
2291 3819 2360 3870 ob

801 3918 1001 3985 aliquid
1033 3919 1175 3970 aliud
1200 3920 1283 3971 his
1305 3919 1499 3979 simile,
1522 3917 1697 3985 qualia
1718 3917 1894 3968 solent
1920 3914 2098 3966 invita
2125 3913 2360 3964 humana

802 4010 1043 4075 quotidie
1068 4011 1304 4072 evenire,
1327 4010 1392 4072 si,
1426 4010 1665 4076 inquam,
1697 4008 1764 4058 ob
1796 4006 2026 4073 aliquam
2055 4005 2173 4071 ejus
2217 4002 2358 4054 modi

802 4116 1018 4154 causam
1046 4102 1158 4155 sive
1191 4103 1353 4154 etiam
1383 4102 1451 4154 ob
1469 4102 1671 4169 plures,
1714 4100 1776 4151 iis
1809 4099 1944 4151 forte
1977 4097 2096 4150 talis
2128 4111 2228 4148 vox
2265 4110 2360 4146 ex-

801 4192 951 4256 cidit,
982 4194 1252 4262 quomodo
1297 4203 1354 4248 tu
1389 4193 1530 4262 quod
1584 4193 1656 4245 illi
1709 4208 1813 4244 non
1848 4205 2014 4245 sensu
2055 4186 2363 4258 dogmatico

877 4341 922 4373 ⁷³
950 4340 1086 4396 Gcn.
1122 4358 1195 4404 ιτ,
1222 4341 1406 4394 ill-‘27.

2433 596 2637 665 θρωποι
2668 595 2774 662 γάρ
2820 587 2960 661 ἦσαν
3004 591 3097 641 καὶ
3136 582 3477 653 ἀνθρωπίνου
3522 575 3998 648 παρολισθήματος

2433 688 2531 740 οὑκ
2566 688 2678 739 ἔστι
2713 683 3005 744 διαπαντὸς
3045 680 3157 747 (19)
3205 675 3460 740 ὑπεράνω
3501 669 3761 739 φέρεσθαι
3796 667 3888 718 τὸν
3934 668 4000 716 ὲκ

2435 779 2605 848 πηλοῦ
2636 782 2730 830 καὶ
2776 776 2999 847 ῥεούσης
3035 773 3164 842 ὕλης
3197 766 3552 834 συγκείμενον
3573 780 3584 791 ·
3622 763 3731 813 ἐσθ’
3765 761 3853 812 ὅτε
3885 757 4000 826 (20)

2434 874 2489 925 δὲ
2519 873 2613 924 καὶ
2641 873 2751 932 τοῖς
2780 868 3020 937 ἀρίστοις
3062 861 3348 930 ἐπιφύεταί
3389 876 3509 910 τινα
3551 855 3762 924 κηλῖδος
3811 853 3932 920 ἴχνη
3958 852 3998 915 )°

2436 965 2548 1018 ἀλλ’
2593 958 2686 1014 οὖν
2732 963 2784 1013 εῐ
2814 978 2867 1012 τι
2909 955 3330 1027 παρηνέχθησαν
3368 946 3842 1019 ἐνασχημονῆσαι,
3875 942 4004 1003 τοὺς

2437 1057 2782 1127 εὐγνώμονας
2812 1055 2879 1108 ἂν
2909 1052 3017 1105 τῶν
3043 1049 3138 1102 τοῦ
3182 1048 3304 1101 Νῶε
3346 1045 3552 1097 παίδων
3583 1041 3692 1109 (21)
3727 1036 4003 1104 ὲμιμησάο

2441 1125 2581 1223 μην,
2621 1125 2722 1202 καὶ
2761 1147 2882 1199 ἀντ).
2929 1141 3291 1214 περιϐολαίων
3336 1140 3404 1206 τῇ
3446 1135 3621 1202 σιωπῇ
3680 1127 3877 1200 μᾶλλον
3914 1125 4006 1178 καὶ

2437 1220 2823 1311 εὐγνωμοσύνῃ
2841 1237 2938 1307 τὴν
2958 1233 3230 1305 πατρικὴν
3257 1227 3572 1294 ὲπεκάλυψα
3595 1220 4005 1292 ἀσχημοσύνην,

2439 1335 2559 1402 ούχὶ
2588 1333 2633 1384 δ’
2659 1331 2846 1397 ῶσπερ
2876 1328 2940 1380 σὺ
2971 1326 3113 1379 κατά
3144 1323 3235 1375 τὸν
3265 1322 3392 1385 Χάμ
3421 1313 3831 1385 διεπραξάμην·
3872 1311 4007 1379 μᾶλ-

2438 1427 2528 1478 λον
2556 1425 2611 1475 δὲ
2643 1424 2706 1475 σὺ
2739 1421 2868 1474 πολὺ
2903 1417 3225 1485 πικρότερον
3264 1412 3469 1465 ἐκείνου
3500 1409 3593 1459 καὶ
3619 1404 4008 1470 ἀναιδέστερον

2438 1522 2562 1581 τοὺς
2596 1518 2844 1587 Πατέρας
2885 1513 2976 1576 οὓς
3008 1511 3119 1581 (22)
3149 1510 3327 1572 λέγεις
3359 1507 3440 1566 εἰς
3476 1497 3860 1569 ἀσχημοσύνην
3892 1493 4010 1565 [Ἱ2]

2444 1607 2773 1679 στηλιτεύεις
2792 1620 2807 1636 ·
2829 1606 2856 1656 ὁ
2883 1604 2980 1672 μὲν
3011 1601 3120 1669 γὰρ
3147 1600 3244 1666 οὐχ
3268 1597 3350 1648 δτι
3378 1590 3746 1657 ἀπεκάλυψεν,
3784 1587 3899 1640 ἀλλ’
3929 1587 4010 1637 δτι

2446 1702 2519 1773 μὴ
2548 1697 2888 1765 ὲπεκάλυψε,
2919 1695 3018 1762 τὴν
3051 1691 3190 1759 ἀράν
3222 1689 3413 1754 ὑπέχει
3432 1701 3446 1714 ’
3477 1685 3541 1736 σὺ
3568 1684 3625 1736 δὲ
3662 1681 3753 1732 καὶ
3795 1680 4008 1730 ἀποκα-

2445 1795 2684 1853 λύπτεις,
2719 1791 2813 1841 καὶ
2843 1785 3080 1855 σεμνύνῃ
3117 1782 3228 1852 (25)
3253 1783 3317 1849 τῇ
3345 1778 3546 1847 τόλμῃ·
3583 1774 3678 1825 κα).
3705 1775 3732 1826 ὁ
3765 1773 3863 1841 μὲν
3901 1773 4009 1830 τοῖς

2375 1869 2414 1921 Β
2444 1886 2690 1953 ἀδελφοῖς
2719 1881 2782 1934 τὸ
2818 1879 3130 1948 ἀπόρρητον
3160 1873 3400 1942 ἐκφέρει,
3436 1870 3500 1920 σὺ
3528 1868 3584 1918 δὲ
3608 1867 3708 1917 οὐκ
3737 1863 4010 1929 ἀδελφοῖς,

2443 1978 2563 2030 οὐδὲ
2586 1949 2723 2047 πρὸς
2757 1973 2855 2025 ενα
2882 1971 2914 2040 ἢ
2940 1970 3068 2029 δύο,
3102 1965 3216 2019 ἀλλ’
3250 1964 3350 2016 ὅσα
3384 1977 3446 2028 γε
3478 1959 3544 2026 τῇ
3581 1958 3645 2023 σῇ
3683 1952 3887 2021 σπουδῇ
3921 1949 4014 2001 και

2443 2042 2797 2135 ἀναισχυντίᾳ
2827 2065 2927 2131 τὴν
2959 2056 3282 2125 οἰκουμένην
3330 2052 3556 2118 θέατρον
3604 2044 3840 2106 καθίζων
3873 2042 4014 2110 μέγα

2448 2162 2547 2230 μὲν
2579 2133 2892 2220 σαλπίζεις,
2943 2154 3018 2214 ὡς
3048 2153 3095 2202 οί
3141 2151 3222 2201 σοὶ
3261 2144 3504 2212 Πατέρες
3550 2133 4009 2207 ἐνασχημονοῦσιο

2444 2229 2842 2317 ἕνασελγαίνεις
2873 2245 2918 2298 δ’
2942 2243 3122 2297 αὐτῶν
3145 2242 3264 2300 ταῖς
3293 2232 3721 2305 ἀσχημοσύναις,
3751 2229 3847 2279 καὶ
3881 2243 4010 2293 τρυ-

2447 2347 2553 2414 φᾷς
2592 2343 2688 2412 τὴν
2719 2342 2838 2394 κατ’
2869 2338 3090 2391 ἐκείνων
3120 2332 3363 2400 ἀτιμίαν·
3397 2328 3489 2381 καὶ
3518 2321 3891 2392 συγχορευτὰς
3923 2319 4016 2385 ζη-

2443 2408 2556 2496 τεῖς
2583 2408 2655 2486 ’δι’⁷
2689 2428 2764 2484 ὧν
2794 2430 2891 2500 τὴν
2932 2428 3156 2480 ἒκείνων
3187 2423 3344 2492 ’ύὸριν
3387 2419 3480 2470 καὶ
3516 2412 3904 2485 ἀσχημοσύνην
3940 2408 4018 2470 εἰς

2446 2528 2506 2579 τὸ
2532 2523 2913 2594 λαμπρότατον
2939 2516 3335 2588 πανηγυρίσεις
3365 2511 3497 2581 (24).

2518 2731 2616 2778 οα’.
2650 2720 2776 2794 [ς’.]
2827 2715 2992 2772 Εἶπεν
3036 2715 3395 2782 Δύγουστῖνος
3441 2709 3539 2763 καὶ
3589 2704 3912 2776 Ἱερώνυμος
3961 2701 4020 2750 τὸ

2451 2816 2678 2883 Πνεῦμα
2719 2816 2783 2864 ἐκ
2815 2811 2910 2863 τοῦ
2946 2808 3077 2861 Υίοῦ
3112 2802 3526 2873 ἐκπορεύεσθαι.
3575 2800 3683 2851 Καὶ
3710 2797 3874 2849 πόθεν
3908 2793 4017 2844 ἔστι

2450 2909 2634 2960 λαϐεῖν
2673 2906 2706 2976 ἦ
2751 2903 2932 2956 δοῦναι
2973 2901 3175 2961 πίστιν,
3206 2895 3458 2950 τοσούτου
3489 2892 3778 2963 ρεύσαντος
3809 2888 4016 2957 χρόνου,

2451 2999 2532 3049 ὃτι
2578 2995 2651 3066 μὴ
2699 2992 2876 3046 αὐτῶν
2922 2989 3364 3058 κεκακούργηται
3402 2986 3468 3036 τά
3502 2983 3890 3049 συντάγματα;
3933 2976 4017 3043 Μὴ

2453 3088 2560 3154 γὰρ
2599 3085 2843 3153 νομίσεις
2879 3083 2988 3152 (25)
3045 3082 3203 3148 μόνον
3235 3077 3425 3128 σαυτὸν
3465 3071 3603 3127 εἶναι
3647 3071 3847 3140 θερμὸν
3887 3067 4019 3136 πρὸς

2379 3199 2420 3253 C
2454 3178 2709 3231 ἀσέϐειαν
2756 3177 2852 3230 καὶ
2901 3174 3173 3243 τολμηρὸν
3227 3172 3296 3222 τὰ
3348 3168 3642 3235 ἀτόλμητα,
3685 3162 3797 3216 ἀλλ’
3832 3164 3896 3213 ἐκ
3929 3159 4022 3225 τῆς

2455 3272 2556 3337 σῆς
2586 3267 2905 3335 ἀναλογίζου
2957 3263 3155 3334 μᾶλλον
3189 3260 3444 3329 γνώμης,
3479 3258 3561 3309 ὃτι
3603 3255 3694 3307 καὶ
3724 3249 4021 3318 τηνικαῦτα

2454 3363 2606 3414 οὐδὲν
2643 3361 2703 3412 τὸ
2734 3359 2941 3412 κωλύον
2966 3353 3033 3426 ἦν
3066 3354 3318 3407 τοιούτων
3363 3352 3573 3403 σκευῶν
3605 3345 3908 3414 εὐπορῆσαι
3937 3342 4023 3393 τον

2457 3455 2835 3522 πολυμήχανον
2861 3449 2954 3502 τοῦ
2989 3448 3177 3514 γένους
3209 3444 3398 3515 ἐχθρόν
3433 3441 3561 3512 (26).

2530 3545 2645 3616 (75]
2671 3545 2765 3614 οβ’.
2802 3541 2918 3614 [ξπ]
2946 3537 3109 3598 Εἶπον
3139 3537 3231 3599 οὒς
3265 3538 3327 3588 σὺ
3357 3535 3533 3602 λέγεις
3554 3530 3746 3585 ταῦτα.
3773 3529 3835 3581 El
3863 3527 3918 3580 δὲ
3940 3526 4025 3578 διά

2465 3655 2586 3690 τινα
2627 3636 2950 3706 περίστασιν
2976 3633 3009 3700 ἢ
3043 3633 3179 3701 πρὸς
3216 3625 3571 3694 Ἑλληνιστῶν
3618 3621 4028 3689 ἀντιφερόμενοι

2466 3729 2669 3781 λύσσαν
2699 3727 2732 3796 ἢ
2756 3725 2891 3795 πρὸς
2916 3725 3081 3792 ἀλλην
3108 3719 3389 3791 αίρετικὴν
3410 3717 3793 3786 διαμαχόμενοι
3817 3711 3972 3773 δόξαν
3993 3709 4025 3777 ἢ

2464 3824 2530 3890 τῇ
2585 3818 2693 3872 τῶν
2749 3815 3031 3885 ἀκροατῶν
3086 3811 3611 3881 συγκαταϐαίνοντες
3659 3804 3946 3870 ἀσθενείᾳ,
3994 3800 4026 3868 ἢ

2466 3910 2609 3962 πὸσα
2665 3907 2890 3961 τοιαῦτα
2950 3904 3294 3972 καθεκάστην
3357 3904 3384 3953 ὁ
3438 3898 3773 3968 ἀνθρώπινος
3830 3891 4030 3944 ἐπιδεί-

2467 4020 2624 4056 κνυσι
2652 4001 2763 4070 (27)
2795 4000 2926 4068 βίος·
2957 3999 3006 4050 εί
3040 3992 3132 4050 οὖν
3166 3997 3390 4057 ἐκείνοις
3429 3993 3515 4044 διὰ
3543 4009 3595 4042 τι
3627 3988 3829 4040 τούτων
3857 3982 4026 4053 (28)ἧ

2467 4091 2562 4144 καὶ
2586 4091 2673 4143 διὰ
2692 4089 2859 4140 πλείω
2883 4087 3138 4154 τοιαύτην
3155 4085 3379 4145 ἐκείνοις
3406 4082 3514 4149 (29)
3538 4082 3752 4147 ἀφεῖναι
3771 4075 4028 4128 συνέπεσε

2470 4182 2672 4252 φωνὴν,
2707 4179 2822 4242 πῶς
2853 4179 2918 4232 σὺ
2951 4178 3012 4231 τὸ
3043 4180 3118 4248 μὴ
3149 4177 3288 4229 κατά
3318 4171 3653 4241 δογματικὴν
3681 4167 3906 4228 ἐκείνοις
3944 4165 4031 4216 ἑν-

1893 4496 2121 4552 νΑῐὶΙΑΞ
2164 4492 2549 4550 LECTIONES
2591 4490 2677 4545 ΕΤ
2717 4488 2943 4544 NOTAE.

876 4664 988 4730 (19)
1015 4662 1131 4716 Col.
1158 4661 1242 4713 διὰ
1264 4660 1483 4722 παντός.

878 4736 986 4801 (20)
1021 4732 1190 4786 Vatit'.
1226 4731 1334 4783 ἐσθ’
1363 4733 1470 4783 ὅτε.

880 4805 988 4867 (21)
1024 4804 1158 4855 Gen.
1194 4819 1266 4864 Ix,
1294 4802 1483 4853 21-27.

879 4865 990 4940 (22)
1017 4873 1186 4925 Vatic.
1216 4871 1310 4932 ὼς.
1340 4870 1454 4922 Col.
1489 4883 1539 4935 p.
1570 4868 1672 4918 500
1703 4885 1727 4940 :A
1748 4865 1840 4926 ὡς.

903 4931 989 5005 '23)
1026 4943 1191 4995 Palat.
1225 4931 1396 4994 £7237
1428 4931 1823 5005 θ,’ὲνσεμνύνῃ.
1857 4933 1974 4987 Col.
2007 4933 2259 5000 ὲνσέμνῃ.
2291 4931 2370 4985 Ad

811 5015 1107 5081 marginem
1137 5011 1461 5081 ἐνσεμνύσηγ.

885 5072 993 5148 (Ἃῗὶ)
1025 5082 1119 5150 Ep.
1147 5083 1212 5133 ad
1246 5072 1786 5150 Aquileijmmediate
1813 5081 1936 5150 post
1966 5072 2128 5150 verba
2150 5072 2222 5150 ad
2252 5087 2369 5150 c_a_p.

811 5143 898 5214 (36,
945 5143 1082 5204 nota'
1116 5152 1148 5204 5
1190 5143 1416 5204 adducta
1463 5169 1473 5203 :
1515 5147 1829 5206 Δεικνύντες
1870 5143 2065 5214 αρτοδς
2101 5143 2375 5214 κάνταῦθα

813 5212 1067 5291 γνησίους
1086 5220 1178 5273 τοῦ
1206 5221 1332 5288 Χάμ
1354 5221 1620 5288 μαθητὰς,
1644 5218 1701 5291 dc;
1722 5213 1938 5291 τῂν-τος)
1970 5212 2176 5291 πατρὸς
2205 5214 2372 5291 ἀσχη-

817 5280 1052 5362 μοσύνην
1086 5294 1143 5343 οὐ
1191 5280 1561 5362 συνεκάλυψεν
1587 5329 1601 5349 ,
1635 5285 1839 5338 ἀναιδεῖ
1878 5283 1953 5362 δὲ,
1978 5280 2254 5349 προσώπῳ
2280 5280 2372 5333 δι-

815 5351 1119 5430 ξῖχλεύαξτεν⁸
1154 5359 1265 5412 ἀλλ’
1304 5362 1352 5411 οἱ
1386 5351 1487 5426 τῆς
1510 5357 1834 5430 Ἐκκλησίας
1865 5351 2118 5430 τρόφιμοι
2147 5354 2239 5430 καὶ
2259 5351 2374 5430 τῶν

818 5421 979 5499 ιερῶν
1032 5430 1365 5498 μαθημάτων
1411 5421 1508 5483 ούκ
1558 5421 1915 5499 ἐπιλήσμονες
1947 5421 2098 5499 ,κατά
2124 5423 2218 5499 τὸν
2258 5423 2376 5499 ξὴμ

816 5491 911 5554 καὶ
944 5491 1120 5566 Ἰἀέρεθ
1146 5491 1235 5552 καὶ
1257 5501 1353 5566 τὴν
1372 5502 1638 5568 πατρικὴν
1678 5491 2089 5568 ἀσχημοσύνην·
2114 5491 2377 5568 ,ἐπικαλύ-

818 5588 973 5623 πτειν
1008 5560 1347 5635 ἐπίστανται,
1381 5560 1621 5631 καίτουξς
1664 5560 1900 5635 μιμητὰς
1925 5561 2017 5614 τοῦ
2047 5560 2175 5630 Χάμ
2217 5579 2381 5613 κατα-

819 5641 1176 5709 γινώσκοντες
1209 5642 1654 5708 ἀποστρέφονται.

916 5710 1005 5775 25)
1035 5710 1146 5763 Col.
1174 5709 1424 5780 νομίσῃς.

897 5773 1007 5859 (‘20:)
1047 5780 1124 5857 En
1168 5773 1394 5832 Pli‘otiu's
1435 5780 1553 5832 sine
1598 5779 1789 5832 tabulis
1819 5779 2127 5859 etatestihus
2160 5773 2375 5827 Latinos

827 5866 946 5906 reos
973 5851 1208 5904 insinuat
1228 5860 1602 5918 corruptorum
1631 5865 1846 5903 suorum
1873 5846 2086 5901 Patrum
2108 5853 2347 5900 textuum

2395 4656 2436 4709 ι)
2470 4651 2532 4704 Et
2557 4665 2686 4704 sane
2717 4649 2900 4716 plures
2931 4645 3262 4715 posteriores
3283 4639 3452 4716 Graeci
3477 4637 4037 4716 cpntendel’i‘antLAuli-

2467 4720 2674 4791 gustini
2697 4705 3003 4791 testimonia
3035 4716 3102 4769 de
3117 4706 3814 4791 processione‘Spiritus.S.
3843 4723 3872 4760 a
3904 4705 4039 4785 Filio

2466 4777 2534 4844 ab
2560 4788 2911 4843 additamenti
2935 4777 3236 4840 fautoribus
3259 4783 3427 4836 eflicta
3452 4787 3505 4832 et
3533 4779 3902 4832 fraudulenter
3922 4777 4038 4838 eius~

2465 4862 2619 4914 libris
2645 4861 2845 4912 inserta
2875 4857 3060 4915 fuisse.
3087 4856 3214 4907 dum
3238 4853 3323 4906 alii
3355 4851 3487 4903 alias
3513 4850 3627 4901 vias
3651 4847 3906 4899 inierunt.
3925 4846 4036 4907 Qua

2468 4933 2534 4983 de
2565 4946 2621 4983 re
2649 4929 2896 4982 conferas
2941 4926 3193 4978 Allatium
3230 4930 3416 4975 contra
3461 4919 3762 4985 Hottinger.
3811 4932 3864 4982 p.
3905 4918 4039 4967 “29!:-

2470 5001 2592 5055 509.
2624 4999 2734 5052 Nos
2767 4999 2854 5051 hic
2888 4997 3050 5048 unius
3079 4994 3240 5046 Marci
3277 4991 3494 5056 Ephesii
3535 4989 3696 5040 verba
3733 4985 4038 5043 referimus,

2469 5071 2560 5137 qui
2587 5072 2639 5122 in
2670 5067 3026 5137 Confessione
3055 5055 3481 5137 (apud_Gr;ego_r.
3508 5057 3626 5137 ςρι.
3659 5055 3875 5137 Apolog.
3905 5069 4038 5137 02n-

2471 5123 2555 5194 t‘ra
2587 5141 2759 5192 eamd.
2790 5137 2922 5191 Cod.
2955 5123 3162 5187 Monac.
3192 5133 3282 5193 27,
3313 5123 3482 5185 ⁴ίζῗίξῦί
3520 5123 3575 5195 b)
3631 5123 3889 5193 scripsit:
3931 5123 4040 5195 Τὰς

2473 5212 2529 5262 δὲ
2560 5210 2666 5261 τῶν
2694 5205 2922 5259 δυτικῶν
2960 5206 3219 5272 Πατέρων
3249 5202 3340 5253 καὶ
3372 5194 3918 5272 διδασκίάλλιυνφωνάς
3937 5232 3970 5272 ._
3983 5194 4040 5245 αῖ

2474 5282 2572 5348 τὴν
2621 5279 2796 5331 αἰτίαν
2841 5275 2934 5348 τοῦ
2979 5263 3291 5348 ῌνεύματος
3335 5268 3574 5348 τῷΔ-Υξῷ
3615 5265 3869 5326 διδόασιν,
3917 5263 4040 5348 οὒτε

2476 5333 2724 5418 γνωρίζω
2769 5346 2902 5418 (καὶ
2941 5345 3047 5418 γὰρ
3097 5333 3217 5394 ούδὲ
3269 5333 3696 5418 μετέὸλήθησάν¹
3723 5351 3851 5386 ποτε
3906 5333 4041 5411 προς

2478 5403 2574 5488 τὴν
2595 5403 2890 5486 ’ἡμετέραν
2926 5403 3204 5488 γλῶτταν,
3234 5403 3339 5488 οἶδ-δ’
3371 5403 3613 5488 ύπδτῶν
3651 5403 4042 5470 οἱκουμενικῶν

2483 5477 2710 5542 σύνόδῶν
2739 5477 3216 5553 ἐδοκιμάσθησαν),
3250 5479 3371 5553 οὔτε
3405 5477 3783 5553 ⁸παραδέχομιπά
3813 5491 4039 5540 τεκμαι-

2485 5561 2740 5630 ρόμενος,
2776 5559 2863 5630 δτι-
2889 5546 3274 5630 διεφθαρμέναι
3318 5549 3425 5601 εἰσὶ
3465 5546 3558 5602 καὶ
3601 5546 4040 5616 παρέγγραπτοι.

2555 5626 2664 5693 (27)
2701 5629 2814 5682 Col.
2851 5626 3234 5693 ἐπιδείκνυται.

2556 5689 2666 5768 (28)
2708 5697 2870 5768 Palat.
2911 5694 2949 5748 ι.
2984 5694 3087 5768 εξςῖ
3123 5689 3401 5768 ϋηδιά-τοι
3430 5705 3480 5742 τ,

2554 5760 2662 5841 (29)
2705 5766 2959 5828 Ἐκείνοις
2987 5764 3072 5818 hic
3103 5760 3387 5816 redundat.
