4234 6432
190 400 289 461 353

1244 402 1339 461 DE
1378 402 1437 460 S.
1478 396 1835 459 SPIRlTUS
1870 393 2356 457 MYSTAGOGIA

3314 402 3419 465 354

188 529 331 563 νοιαν
369 511 677 580 εἰρημένον,
706 512 879 581 δόγμα
919 511 1013 563 καὶ
1039 512 1203 581 νόμον
1237 512 1406 565 ποιῶν
1440 509 1622 578 σαυτῷ
1656 508 1752 577 μὲν
1782 513 1827 567 Α
1857 521 1860 573 ι

1744 525 1752 552 ν
1782 513 1827 567 Α
1857 508 2327 574 pronuntiarunt,
2386 522 2484 577 pro
2516 509 2765 581 dogmate
2815 526 2877 566 ac
2911 512 3028 583 lege
3074 529 3294 569 sumens
3324 519 3416 572 tibi

186 600 476 669 ἀνοήθητον
516 602 631 668 (30)
673 602 772 669 τὴν
813 601 1089 652 ἀπώλειαν
1124 600 1387 666 ἐπάγεις,
1430 597 1669 657 ἐκείνους
1699 594 1755 646 δὲ

192 696 582 761 συγκατασπᾷν
612 696 677 762 τῇ
707 697 770 761 σῇ
804 694 1129 759 φιλονεικεῖς
1163 692 1392 760 ἀπονοίᾳ
1420 690 1564 758 (51);

253 787 350 851 ογ’.
406 785 523 855 [η’.]
568 781 734 836 Εἶπεν
768 786 795 835 6
847 785 947 849 τῆς
994 785 1315 852 οἰκουμένης
1361 781 1538 852 κήρυξ
1582 784 1609 833 ὁ
1646 779 1755 831 τῶν

1857 599 2073 667 quidem
2121 600 2219 667 ipsi
2255 602 2660 670 irrcpambilem
2712 619 2866 658 creas
2906 605 3243 673 perniciem,
3298 609 3418 665 illos

1856 708 1986 745 vero
2010 694 2062 746 in
2092 704 2237 747 tuam
2267 696 2519 761 abripere
2554 696 2829 749 vesaniam
2865 699 3185 752 contendis?

1934 788 2020 839 75.
2065 788 2208 840 Dixit
2235 788 2383 840 orbis
2415 797 2677 840 terrarum
2719 805 2914 857 praeco,
2947 806 3267 845 arcanorum
3290 808 3421 845 con-

186 879 509 945 ἀπορρήτων
550 877 784 945 θεωρὸς,
818 877 846 926 6
892 877 988 945 τὴν
1035 877 1382 945 ἀνθρωπίνην
1430 875 1590 942 φύσιν
1641 875 1755 933 τοῖς
1856 897 1858 903 ·

1746 889 1755 932 ῖ
1856 880 2160 948 templator,
2212 880 2301 948 qui
2336 881 2624 932 humanam
2665 891 2915 934 naturam
2959 882 3256 951 insignibus
3307 886 3418 937 suis

185 968 298 1019 καθ’
330 969 521 1019 ἑαυτὸν
550 968 893 1033 ὲξευγενίσας
928 969 1168 1036 τρόποις·
1204 963 1356 1019 εἶπεν
1384 969 1588 1026 ἐκεῖνος
1618 963 1752 1033 πρὸς

182 1063 300 1120 τοὺς
330 1059 674 1126 Ἑλληνιστάς
692 1059 869 1127 πολλῷ
884 1058 959 1127 τῷ
984 1060 1125 1126 λόγῳ
1146 1058 1365 1126 ῥέοντας
1391 1055 1750 1125 ἀντιφερόμε-

182 1174 265 1218 νος
302 1157 396 1207 καὶ
440 1156 537 1222 τὴν
589 1155 812 1207 ἐκείνων
851 1155 1022 1222 ὀφρὺν
1059 1153 1170 1204 ἀνω
1226 1152 1545 1219 τεινομένην
1600 1152 1751 1205 κάτω

182 1246 600 1313 παρασκευάσας
629 1247 824 1308 νεύειν,
860 1244 1059 1313 μᾶλλον
1087 1244 1144 1295 δὲ
1174 1244 1311 1313 πρὸς
1342 1243 1442 1313 τὴν
1469 1244 1750 1296 ἀσθένειαν

180 1338 353 1387 αὐτῶν
391 1336 719 1403 συγκατιὼν,
754 1336 807 1389 τί
846 1333 1001 1399 εἶπες
1044 1337 1434 1404 Διερχόμενος
1474 1336 1573 1386 καὶ
1607 1335 1750 1387 ἀνα-

181 1429 405 1494 θεωρῶν
432 1431 501 1482 τὰ
531 1429 877 1497 σεϐάσματα
898 1428 1086 1492 ὑμῶν,
1112 1426 1290 1495 εὗρον
1319 1430 1417 1480 καί
1445 1427 1654 1494 ,βωμὸν
1680 1427 1749 1480 ἐν

179 1516 223 1585 ᾦ
276 1522 713 1589 ἐπεγέγραπτο·
796 1522 1097 1591 Ἀγνώστῳ
1173 1520 1330 1586 Θεῷ·
1370 1520 1443 1573 ὃν
1481 1516 1594 1573 οὖν
1642 1520 1748 1587 ἀγ-

180 1613 463 1676 νοοῦντες
521 1612 849 1675 εὐσεόεἷτε,
901 1614 1117 1666 τοῦτον
1166 1614 1280 1682 ἐγὼ
1366 1612 1747 1679 καταγγέλλω

178 1704 312 1769 ὑμῖν
338 1703 471 1770 (32).
500 1704 563 1753 Τί
595 1701 718 1769 οῦν;
744 1704 823 1754 Δι’
850 1698 924 1756 ὧν
954 1704 1054 1773 τῆς
1098 1705 1209 1774 (55)
1254 1704 1364 1774 [74]
1426 1703 1744 1770 Ἐκκῖ..,-ῖ-.,

179 1797 203 1844 6
235 1796 551 1857 διδασκαλος
583 1799 707 1859 τοὺς
755 1798 1021 1865 Ἐλλήνων
1053 1798 1252 1864 σοφοὺς
1282 1794 1476 1864 ἐθήρα,
1513 1796 1606 1847 καὶ
1646 1794 1745 1862 τῆς

177 1887 427 1948 ἀσεϐείας
459 1888 592 1957 πρὸς
622 1888 720 1957 τὴν
766 1889 1047 1941 εὐσέϐειαν
1088 1887 1447 1957 ἐχειραγώγει
1486 1888 1579 1938 καὶ
1612 1903 1742 1955 μετ-

179 1976 358 2044 έφερε,
391 1976 562 2029 ταῦτα
590 1979 653 2028 σὺ
684 1978 857 2045 δόγμα
884 1979 1287 2045 (ὅδ’)ποιήσεις,
1319 1979 1414 2029 καί
1448 1977 1740 2046 κηρύττειν

178 2070 464 2135 τολμήσεις
480 2070 569 2121 τὸν
594 2068 925 2137 καθαιρέτην
944 2068 1050 2123 τῶν
1078 2070 1308 2122 εἰδώλων
1330 2070 1739 2138 καταγγέλλειν,

176 2158 469 2210 avis-£6510
522 2161 616 2212 καὶ
664 2161 944 2227 ὠνόμαζεν
997 2162 1025 2212 6
1079 2162 1424 2231 Ἑλληνισμὸς
1470 2162 1744 2226 ἄγνωστον

178 2249 325 2307 Θεόν;
354 2250 429 2301 Οὐ
450 2251 553 2319 γὰρ
577 2250 880 2319 θαυμαστόν
903 2269 996 2303 σου
1014 2253 1074 2304 τὸ
1095 2253 1192 2321 τῆς
1218 2254 1406 2319 σοφίας
1422 2254 1743 2323 δραστήριον

181 2342 268 2391 καὶ
300 2343 410 2393 τῶν
442 2344 789 2411 κακοσχόλων
820 2346 852 2413 ἡ
885 2345 1057 2411 πλοκὴ
1084 2348 1456 2415 σοφισμάτων.
1498 2347 1741 2413 Ἀνειμέ-

178 2447 258 2492 νος
280 2428 347 2500 ἦν
370 2434 399 2483 ό
430 2434 609 2502 βωμὸς
635 2434 713 2503 τῷ
735 2435 869 2488 Πανί
889 2437 1025 2505 (34)·
1048 2439 1079 2505 ἡ
1108 2437 1164 2488 δὲ
1187 2438 1295 2489 τῶν
1318 2436 1557 2508 Ἀθηνῶν
1587 2437 1739 2499 πόλις

176 2525 264 2576 τοῦ
295 2528 605 2595 τιμωμένου
636 2529 775 2591 τέως
807 2530 880 2599 μὴ
914 2531 1185 2591 συνιέντες
1212 2532 1271 2585 τὸ
1299 2531 1467 2600 ὄνομα
1499 2532 1738 2601 ἐπέγρα-

177 2635 271 2685 φον
300 2618 379 2687 τῷ
426 2618 613 2688 βωμῷ-
679 2620 979 2688 Ἀτνώστφ
1012 2621 1150 2686 Θεῷ.
1198 2624 1348 2676 Ἐπεὶ
1389 2624 1496 2693 γὰρ
1529 2625 1591 2674 ἐκ
1632 2622 1740 2675 τῶν

180 2711 533 2780 προφητικῶν
562 2712 828 2781 χρησμῶν
868 2713 960 2764 καὶ
987 2714 1093 2765 τῶν
1121 2714 1469 2767 Δεσποτικῶν
1498 2715 1689 2781 λογίων
1712 2716 1741 2767 6

179 2801 475 2869 περιδέξιος
505 2805 709 2866 ἐκεῖνος
740 2804 834 2856 καὶ
864 2805 1110 2872 οὐράνιος
1136 2805 1421 2876 ἄνθρωπος
1454 2808 1526 2878 μὴ
1559 2806 1740 2859 πειθό-

182 2911 338 2962 μενον
367 2896 515 2964 ἑώρα
532 2897 594 2949 τὸ
629 2897 958 2968 Ἑλληνικὸν,
988 2898 1045 2964 ἐξ
1075 2900 1251 2952 αὐτῶν
1274 2901 1467 2962 αὐτοὺς
1492 2900 1595 2954 τῶν
1626 2899 1741 2953 θεο-

180 2983 388 3049 στυγῶν
419 2983 780 3054 σεϐασμάτων
814 2989 893 3049 εἰς
916 2988 976 3039 τὸ
1003 2987 1098 3040 τοῦ
1136 2990 1476 3060 Δημιουργοῦ
1508 3008 1741 3059 μετακα-

177 3072 342 3126 λεῖται
391 3074 575 3137 σέϐας·
612 3075 671 3139 ἐξ
701 3078 877 3129 αὐτῶν
910 3079 1018 3130 τῶν
1047 3079 1140 3131 τοῦ
1173 3079 1419 3134 διαϐόλου
1451 3099 1739 3151 προγραμ-

1853 972 2095 1026 moribus
2132 972 2457 1035 nobilitavit,
2483 974 2619 1025 dixit
2651 973 2737 1025 ille
2771 974 3033 1026 adversus
3060 976 3417 1030 Athenienses

1852 1072 2046 1117 ornato
2074 1078 2137 1114 ac
2167 1061 2331 1115 ﬂuido
2358 1063 2566 1115 dicendi
2596 1078 2791 1130 genere
2820 1064 3082 1128 pollentes
3112 1065 3412 1133 disputans,

1852 1156 2173 1222 illorumque
2208 1154 2419 1206 animos
2453 1154 2681 1205 nimium
2743 1154 2912 1207 elatos
2973 1156 3302 1209 submittens
3353 1173 3415 1209 ac

1850 1247 2160 1315 deprimens
2192 1288 2206 1309 ,
2252 1246 2359 1297 imo
2420 1245 2598 1313 potius
2656 1244 2719 1296 ad
2784 1245 3003 1297 illorum
3048 1246 3411 1300 infirmitatem

1848 1354 1969 1393 sese
1998 1339 2437 1399 accommodans,
2490 1337 2617 1403 quid
2652 1337 2809 1405 igitur
2836 1338 3007 1390 dixit?
3036 1338 3345 1392 Prmteriens
3365 1350 3412 1391 et

1849 1432 2027 1483 videns
2051 1430 2338 1482 simulacra
2363 1440 2555 1488 vestra,
2592 1430 2761 1481 inveni
2794 1440 2841 1481 et
2873 1447 3024 1481 aram
3050 1433 3100 1482 in
3124 1448 3225 1491 qua
3287 1433 3413 1482 scri-

1848 1532 1989 1588 ptum
2017 1531 2128 1575 erat
2146 1537 2163 1573 :
2183 1521 2364 1590 Ignoto
2384 1520 2508 1573 Deo.
2528 1524 2691 1583 Quem
2718 1521 2879 1590 igitur
2899 1522 3192 1588 ignorantes
3218 1523 3409 1582 colitis,

1848 1616 1981 1666 hunc
2033 1631 2125 1683 ego
2168 1615 2422 1665 annuntio
2472 1613 2688 1665 vobis“.
2730 1613 2869 1677 Quid
2925 1612 3119 1680 igitur?
3166 1612 3259 1674 Ea,
3314 1630 3413 1682 per

1850 1748 1963 1774 ν...
2019 1704 2216 1758 Paulus
2268 1706 2517 1758 Ecclesim
2556 1704 2742 1756 doctor
2789 1704 3059 1771 sapientes
3099 1703 3407 1759 Grmcorunt

1770 1828 1817 1886 B
1846 1798 2217 1865 aucupabatur
2246 1807 2406 1864 atque
2432 1812 2494 1848 ex
2522 1796 2796 1864 impietate
2828 1796 2894 1847 ad
2932 1796 3184 1863 pietatem
3214 1812 3406 1848 manu-

1844 1890 2049 1943 ducens
2073 1886 2605 1949 transferebat.ha=.c,
2636 1886 2878 1953 inquam,
2929 1896 2980 1937 lu
3031 1901 3125 1953 pro
3158 1887 3409 1954 dogmate

1844 1981 2076 2049 accipies
2140 1990 2194 2032 et
2248 1994 2486 2032 asserere
2524 1979 2767 2037 audebis,
2828 1993 2856 2030 a
2916 1977 3082 2029 Paulo
3142 1977 3409 2030 idolorum

1842 2088 2094 2128 eversore
2120 2073 2268 2125 illum
2306 2072 2602 2140 praedicari,
2634 2086 2793 2138 quem
2819 2071 3099 2137 gentilium
3136 2085 3289 2123 error
3315 2086 3407 2123 co—

1842 2166 1985 2219 lebat
2032 2166 2452 2231 nominabatque
2510 2164 2750 2231 ignotum
2810 2161 3014 2214 Deum?
3080 2160 3196 2214 Non
3257 2162 3401 2213 enim

1840 2256 1977 2309 mira
2007 2255 2264 2308 accedere
2295 2254 2453 2305 nobis
2480 2253 2640 2304 debet
2672 2252 2745 2304 tui
2792 2251 2989 2319 ingenii
3033 2252 3086 2303 in
3126 2251 3403 2304 fallacibus

1841 2347 2062 2415 argutiis
2104 2346 2428 2399 consuendis
2474 2344 2709 2397 solertia.
2760 2344 3007 2397 Erectum
3068 2355 3183 2397 erat
3235 2346 3401 2398 altare

1840 2439 1969 2493 illud
2001 2439 2163 2503 Pani;
2198 2438 2325 2491 urbs
2350 2446 2530 2490 autem
2568 2438 2901 2489 Athenarum
2931 2451 3124 2489 nomen
3157 2437 3273 2503 ejus
3309 2438 3401 2504 qui

1842 2536 1894 2588 in
1948 2549 2015 2587 eo
2064 2531 2339 2587 colebatur
2398 2530 2611 2584 interim
2683 2529 2937 2598 ignorans
2990 2530 3337 2598 inscripserat
3384 2548 3399 2580 :

1840 2624 2023 2693 Ignoto
2063 2624 2191 2677 Deo.
2238 2622 2353 2675 Jam
2400 2636 2530 2673 vero
2585 2620 2837 2688 quoniam
2891 2634 2959 2672 et
3013 2621 3398 2689 prophetarum

1840 2716 2075 2770 oraculis
2118 2714 2428 2782 Christique
2478 2711 2689 2765 Domini
2746 2712 2976 2780 eloquiis
3016 2713 3261 2781 egregius
3311 2714 3402 2767 ille

1841 2808 2181 2877 coalestisque
2250 2807 2334 2859 vir
2386 2805 2634 2868 videbat,
2703 2805 3110 2873 haudquaquam
3178 2806 3407 2874 gentiles

1840 2902 2005 2964 flecti,
2035 2916 2098 2955 ex
2128 2902 2373 2968 ipsismet
2397 2900 2745 2953 exsecrandis
2767 2900 3069 2953 simulacris
3102 2900 3167 2952 ad
3196 2899 3398 2953 cultum

1843 3004 1939 3043 eos
1999 2997 2215 3041 revocat
2266 2988 2599 3050 Conditoris,
2648 2999 2703 3041 et
2760 3003 2823 3041 ex
2855 2988 2985 3056 ipsis
3040 2988 3235 3042 diaboli
3274 3004 3401 3057 pro-

1843 3079 2229 3149 grammatibus
2277 3080 2561 3147 potestatis
2596 3079 2838 3146 ejusdem
2874 3081 3209 3149 tyrannidem
3256 3096 3401 3133 con-

180 3164 359 3231 μάτων
387 3166 487 3233 τῆς
516 3166 679 3218 αὑτοῦ
708 3168 1141 3238 καταψηφίζεται
1169 3172 1500 3241 τυραννίδος·
1535 3175 1599 3225 ὲκ
1630 3174 1734 3225 τῶν
1764 3168 1809 3228 C
1841 3193 1852 3223 ι

1728 3168 1809 3228 με
1841 3172 2086 3232 demnat,
2139 3185 2203 3222 ex
2274 3170 2623 3223 monimentis
2670 3171 2788 3238 ejus
2858 3170 3165 3224 fortissimis
3239 3171 3400 3224 robur

175 3256 548 3325 ὀχυρωμάτων
574 3260 942 3329 καταστρέφει
975 3261 1033 3313 τὸ
1060 3264 1261 3330 κράτος
1289 3263 1451 3316 αὐτοῦ
1474 3267 1570 3335 τῆς
1601 3265 1745 3331 ἐξου-

177 3348 292 3409 σίας
316 3364 329 3378 ·
364 3350 474 3401 ἀπὸ
514 3352 612 3417 τῆς
660 3350 868 3420 πλάνης
903 3357 1137 3421 γεωργεῖ
1180 3356 1282 3425 τὴν
1319 3355 1625 3409 εὐσέϐειαν⁸
1678 3358 1742 3409 ὲκ

174 3441 263 3508 τῆς
289 3441 568 3503 ἀπωλείας
604 3440 865 3508 βλαστοὺς
892 3446 1023 3512 ἡμῖν
1054 3439 1416 3513 προϐάλλεται
1447 3450 1736 3516 σωτηρίας·

174 3532 233 3582 ἐκ
261 3535 359 3600 τῆς
388 3532 484 3583 τοῦ
510 3533 754 3585 διαϐόλου
783 3536 1010 3599 παγίδος
1041 3537 1119 3597 είς
1159 3538 1250 3589 τὸν
1277 3538 1473 3607 δρόμον
1504 3539 1741 3607 ἐνισχύει

172 3621 261 3673 τοῦ
295 3623 664 3689 Εὑαγγελίου·
695 3626 916 3692 βαλϐίδα
959 3631 1194 3681 ποιεῖται
1239 3631 1337 3698 τὴν
1362 3631 1605 3702 κορυφὴν
1642 3633 1743 3699 τῆς

174 3714 509 3777 ἀποστασίας
554 3716 654 3784 τῆς
692 3718 928 3781 εἰσόδου,
974 3716 1041 3769 δι’
1080 3714 1147 3789 ἦς
1180 3715 1249 3788 ἦν
1295 3722 1473 3783 αὐτοῖς
1517 3724 1597 3781 είς
1647 3723 1741 3774 τὸν

172 3808 436 3878 νυμφῶνα
464 3809 702 3875 Χριστοῦ
740 3812 833 3863 καὶ
866 3811 963 3881 τὴν
995 3813 1256 3880 ἄχραντον
1297 3813 1461 3865 αὑτοῦ
1494 3814 1739 3866 παστάδα

173 3900 434 3951 εἰσελθεῖν
470 3902 567 3969 τὴν
613 3903 937 3972 Ἐκκλησίαν
968 3905 1102 3974 (55).
1136 3906 1321 3967 Οῦτως
1368 3905 1433 3975 ἦν
1478 3908 1682 3968 ἐκεῖνος
1713 3909 1740 3959 ό

176 3993 465 4060 μετάρσιος
516 3992 640 4054 νοῦς
688 3994 775 4046 διὰ
823 3995 929 4046 τῶν
973 3997 1150 4047 ὃπλων
1198 3996 1294 4048 τοῦ
1340 3997 1533 4067 ἐχθροῦ
1577 3999 1738 4050 αὐτὸν

174 4082 639 4151 κατατιτρώσκειν
672 4086 761 4137 τὸν
800 4086 991 4155 ἐχθρὸν
1030 4088 1123 4139 καὶ
1163 4086 1275 4158 [75]
1313 4090 1733 4157 αἰχμαλωτίζειν

172 4173 496 4245 δραστήριός
526 4193 584 4227 τε
624 4180 717 4229 καὶ
750 4179 847 4247 τὴν
879 4179 1082 4232 ἄνωθεν
1116 4180 1293 4249 ἑαυτῷ
1335 4184 1519 4250 φέρειν
1561 4181 1731 4250 ἰσχύι.

172 4264 233 4314 Τί
274 4264 398 4330 οῦν;
434 4264 583 4317 Διότι
615 4267 833 4330 -Παῦλος
862 4271 971 4331 τοῖς
1009 4270 1195 4332 ὅπλοις
1239 4269 1332 4322 τοῦ
1371 4270 1564 4342 ἐχθροῦ
1604 4273 1735 4326 καθ-

238 4458 283 4489 ’δ
314 4461 436 4514 Act.
467 4476 604 4526 xvu,
626 4461 715 4517 23.

1835 3264 2116 3332 potestatis
2144 3263 2312 3332 ipsius
2347 3263 2561 3325 evertit,
2597 3264 2664 3314 ab
2705 3278 2888 3316 errore
2929 3264 3081 3316 metit
3108 3264 3394 3331 pietatem,

1832 3372 1895 3409 ex
1926 3356 2231 3424 perditione
2261 3356 2500 3425 germina
2535 3356 2692 3408 nobis
2742 3356 2929 3409 salutis
2961 3355 3185 3423 profert,
3219 3371 3248 3407 e
3280 3355 3397 3407 dia-

1830 3449 1937 3502 boli
1967 3450 2156 3517 laqueo
2183 3449 2249 3501 ad
2280 3464 2497 3502 cursum
2533 3448 2805 3517 Evangelii
2839 3450 3072 3512 excitat;
3127 3464 3399 3501 summum

1831 3540 2154 3593 defectionis
2213 3540 2466 3593 verticem
2516 3540 2616 3592 viae
2672 3539 2803 3592 facit
2836 3539 3087 3601 initium,
3131 3554 3232 3606 qua
3295 3538 3393 3605 ipsi

1830 3638 2059 3697 possent
2088 3629 2143 3680 in
2175 3627 2496 3690 Ecclesiam,
2530 3628 2879 3696 purissimum
2902 3636 3060 3695 atque
3100 3628 3397 3679 intemera-

1828 3728 1941 3773 tum
1978 3719 2176 3773 Christi
2212 3720 2528 3781 thalamum,
2568 3719 2796 3788 ingredi.
2826 3720 2974 3771 Adeo
3004 3719 3236 3786 pollebat
3272 3718 3396 3771 sub-

1828 3810 1970 3864 limis
2023 3812 2115 3864 illa
2152 3827 2305 3864 mens
2340 3828 2435 3880 per
2461 3814 2573 3880 ipsa
2597 3813 2799 3864 inimici
2830 3827 2975 3864 arma
3006 3812 3178 3879 ipsum
3213 3811 3394 3863 inimi-

1826 3920 1947 3957 cum
2008 3902 2298 3956 confodere
2353 3918 2414 3955 ac
2474 3903 2744 3972 subigere.
2802 3902 2941 3965 Quid
2996 3902 3195 3972 igitur?
3260 3902 3391 3967 Quia

1826 3997 2024 4049 Paulus
2054 3996 2218 4048 armis
2246 3996 2453 4049 inimici
2499 3996 2699 4049 delevit
2730 3996 3006 4047 inimicum
3032 4037 3045 4057 ,
3092 3996 3282 4047 ideone
3335 4004 3390 4047 tu

1833 4088 2039 4141 honore
2065 4102 2209 4139 arma
2235 4086 2435 4139 inimici
2468 4088 2812 4154 prosequeris
2858 4095 2913 4139 et
2956 4087 3136 4138 divina
3178 4100 3390 4137 nuncu-

1832 4179 1983 4247 pabis
2004 4194 2171 4239 arma,
2206 4188 2363 4245 atque
2391 4178 2442 4230 in
2467 4187 2611 4230 tuam
2636 4178 2803 4246 ipsius
2832 4178 3115 4245 protrudes
3154 4176 3394 4230 caedem?

1834 4272 1902 4326 Et
1934 4281 2064 4341 quot
2094 4271 2194 4325 alia
2229 4271 2424 4325 similia
2456 4269 2704 4341 exempla
2727 4256 2867 4340 apud
2909 4270 3079 4332 hunc,
3098 4269 3186 4337 qui
3210 4268 3390 4321 omnia

1227 4619 1459 4678 VARIE
1499 4622 1876 4679 LECTIONES
1914 4625 2001 4679 ET
2029 4624 2258 4680 NO'UE.

239 4780 349 4850 (50)
382 4779 533 4850 Eon.
564 4776 897 4850 ἀϐοήθητον.
925 4777 1140 4848 Ἀϐοήθ.
1174 4780 1335 4833 habet
1365 4780 1481 4835 Col.

237 4848 347 4917 (3t)
382 4848 481 4902 His
503 4862 741 4900 consona
769 4848 929 4901 tradit
952 4864 1038 4917 ep.
1062 4850 1125 4903 ad
1151 4850 1380 4917 Aquilei.
1408 4868 1419 4902 :
1446 4849 1588 4902 Πόσα
1601 4850 1644 4901 δ’
1664 4851 1727 4904 ἄν

171 4936 247 4983 τις
271 4920 413 4989 ὑπὲρ
440 4918 550 4969 τῶν
575 4918 858 4986 μακαρίων
880 4918 1085 4987 ἀνδρῶν
1110 4918 1336 4989 ,ἐκείνων
1357 4920 1499 4971 εἴποι
1520 4938 1534 4984 ;
1565 4921 1727 4972 πόσαι

172 4991 273 5055 γάρ
304 4989 658 5059 περιστάσεις
681 4988 1015 5059 πραγμάτων
1038 4988 1260 5059 πολλοὺς
1285 4988 1637 5052 ὲξεϐιάζοντο.
1661 4993 1725 5043 τὰ

175 5063 266 5127 μὲν
295 5056 808 5127 παραφθίέγξασθαι,
837 5058 904 5109 τὰ
934 5057 989 5108 δὲ
1020 5058 1153 5126 πρὸς
1180 5059 1488 5126 οἰκονομίαν
1516 5062 1688 5111 εἰπεῖν
1708 5099 1723 5121 ,

170 5129 234 5181 τὰ
257 5128 314 5182 δὲ
345 5131 442 5180 καὶ
463 5126 573 5177 τῶν
594 5126 959 5178 ἀπειθούντων
986 5128 1417 5187 ἐπαναστάντων,
1450 5130 1519 5180 τὰ
1545 5128 1601 5181 δὲ
1631 5131 1721 5182 καὶ

172 5198 354 5267 ἀγνοίᾳ
385 5192 478 5249 οἷα
588 5196 1001 5267 περιολισθεῖσιν
1027 5196 1374 5265 ἀνθρώπινα;
1402 5199 1589 5259 Ἀλλος
1618 5201 1721 5267 γὰρ

172 5212 354 5267 ἀγνοίᾳ
385 5214 478 5249 οια
498 5212 563 5264 οη
588 5214 652 5247 πε
696 5212 1001 5247 ιοΑισυεισιν
1027 5212 1374 5265 ανυρωπινας
1402 5212 1589 5259 ἈΑΑος
1618 5212 1721 5267 γαρ

172 5269 299 5336 πρὸς
315 5268 442 5326 τοὺς
466 5212 837 5332 αἱρετίέοντας
856 5266 1272 5387 διαμαχόὲἆενος,
1292 5267 1447 5328 ἀλλος
1475 5270 1539 5337 τῇ
1563 5269 1725 5321 ἀσθεο

172 5338 283 5387 νεία
311 5335 624 5387 συγκατιὼν
644 5335 751 5385 τῶν
764 5335 1066 5387 ἀκροατῶν.
1149 5334 1235 5387 λος
1248 5336 1374 5387 ἀλλο
1390 5355 1440 5387 τι
1462 5336 1718 5387 διαπρατ-

171 5334 283 5406 vei;
311 5335 624 5406 συγκατιὼν
644 5335 751 5385 τῶν
764 5335 1066 5406 ἀκροατῶν,
1080 5334 1235 5406 ἄλλος
1248 5336 1374 5406 ἀλλο
1390 5355 1440 5388 τι
1462 5334 1718 5406 διαπρατ-

171 5354 283 5406 νειᾳ
311 5352 624 5402 συγκατιων
644 5352 751 5385 των
764 5352 1066 5454 ἀκροατῶν,
1080 5352 1235 5397 uno;
1248 5352 1374 5389 αΑΑο
1390 5355 1440 5388 τι
1462 5352 1718 5406 οιαπρατ-

170 5408 386 5474 τόμενος
423 5406 521 5456 καὶ
563 5405 652 5455 τὸν
702 5421 830 5476 καιρ
866 5422 892 5454 ν
934 5406 1072 5476 ἔχων
1117 5405 1284 5476 πολλὰ
1316 5405 1414 5473 τῆς
1448 5408 1729 5476 ἀκριϐείας

172 5473 491 5541 καθυφεῖναι
513 5473 947 5541 παρακαλοῦντα,
968 5474 1060 5526 ἐπὶ
1083 5474 1222 5526 τέλει
1256 5476 1459 5541 μείζονι
1492 5473 1584 5529 καὶ
1611 5475 1729 5529 εἷπε

172 5549 259 5595 καὶ
289 5544 518 5614 ἔπραξε,
549 5542 583 5594 ἀ
615 5545 751 5612 μήτε
785 5543 963 5596 λαλεῖν
992 5547 1122 5613 ἡμῖν
1159 5548 1293 5615 μήτε
1332 5546 1587 5615 πράττειν
1644 5549 1732 5610 ἐξ·

172 5630 329 5666 εστιν.

238 5685 347 5752 (52)
376 5685 501 5738 Act.
528 5698 659 5743 xvn,
685 5683 776 5736 25.
798 5681 983 5755 Varias
1005 5682 1221 5755 Patrum
1246 5684 1724 5755 theologorumque

174 5754 233 5806 de
263 5756 363 5807 hoc
402 5764 553 5807 textu
587 5754 884 5806 sententias
915 5764 1159 5807 recenset
1189 5754 1449 5809 Baronius
1474 5758 1537 5808 ad
1573 5772 1623 5808 a.
1656 5758 1726 5809 52

176 5838 228 5875 ιι.
260 5826 293 5877 8
316 5839 429 5892 seq.
460 5823 556 5877 His
582 5824 848 5877 addantur
869 5822 1058 5878 Isidor.
1086 5823 1261 5877 Peius.
1289 5826 1380 5877 lib.
1412 5842 1483 5890 tv,
1509 5842 1592 5894 ep.
1631 5828 1717 5891 60,

1753 4784 1804 4843 1)
1830 4789 1884 4834 et
1907 4782 1995 4834 alii
2026 4798 2115 4850 ap.
2138 4781 2350 4835 Cornel.
2381 4797 2409 4834 a
2441 4781 2572 4850 Lap.
2604 4782 2659 4833 in
2690 4780 2746 4833 ιι.
2779 4779 2812 4832 ι.
2861 4776 2931 4831 De
2964 4747 3249 4832 liis'verbis
3273 4779 3384 4833 dis-

1830 4862 1982 4919 putat
2030 4849 2251 4904 Pliotius
2300 4867 2386 4917 ep.
2434 4852 2502 4903 6?.
2552 4852 2615 4904 ad
2660 4850 2743 4903 .Io.
2810 4850 2998 4917 philos.
3026 4890 3039 4911 ,
3076 4865 3126 4917 p.
3164 4849 3261 4919 lu
3294 4852 3381 4903 ed.

1829 4918 1993 4974 Mont.
2026 4922 2261 4989 Amphil.
2293 4937 2349 4988 q.
2371 4920 2473 4973 232
2500 4922 2516 4990 (
2541 4921 2680 4988 apud
2707 4920 3044 4990 Montfaucon
3074 4918 3210 4990 liibl.
3243 4919 3384 4972 Cois-

1830 4992 1922 5043 lin.
1958 5008 2009 5059 p.
2037 4988 2177 5057 341’)
2204 5008 2218 5042 :
2250 4994 2343 5041 Διὰ
2366 4991 2416 5040 τί
2450 4988 2656 5049 Παῦλος
2694 4988 2988 5059 Ἀθηναίοις
3009 4988 3384 5059 διαλεγόμενος

1826 5061 1931 5112 ἀπὸ
1962 5058 2067 5112 τῶν
2102 5060 2240 5112 ίδίων
2271 5062 2703 5128 ἐπιγραμματων
2731 5060 2909 5120 αὐτοῖς
2939 5058 3271 5125 διαλέγεται;

1897 5132 2003 5194 (55)
2036 5131 2154 5184 Col.
2185 5146 2235 5198 p.
2260 5130 2353 5183 521
2392 5132 2455 5182 :6
2487 5130 2583 5197 τῆς
2602 5130 2853 5196 Ἐκκλησ.

1921 5202 2033 5266 55⁵)
2069 5200 2183 5253 Col.
2220 5200 2405 5251 Ταῦτά
2436 5217 2527 5251 σου
2558 5200 2821 5265 δόγματα.

1921 5204 2033 5266 55⁵)
2069 5204 2183 5253 Col.
2220 5204 2405 5251 Ταῦτά
2436 5217 2527 5251 σου
2558 5204 2821 5265 δόγματα.

1896 5204 2005 5337 ίδι)
2035 5269 2119 5323 Cf.
2144 5269 2417 5336 Chrysost.
2454 5270 2595 5323 hom.
2626 5270 2678 5320 in
2706 5272 2825 5322 Act.
2853 5283 2960 5337 ap.,
2988 5285 3036 5321 e.
3074 5268 3161 5321 l7.

1898 5340 2004 5407 (55)
2032 5340 2306 5409 Chrysost.
2338 5337 2429 5393 Or.
2458 5340 2511 5391 in
2538 5339 2594 5392 S.
2619 5338 2841 5391 Paulum
2872 5339 3012 5406 apud
3046 5338 3294 5393 Photium
3324 5338 3385 5390 ini

1828 5408 1962 5461 Bibl.
1996 5410 2113 5462 cod.
2150 5408 2256 5462 7270
2291 5429 2300 5461 :
2338 5410 2440 5460 Τὸν
2469 5410 2647 5475 βωμὸν
2680 5409 2770 5461 τοῦ
2801 5409 3044 5460 διαϐόλου
3086 5411 3383 5476 συνήγορον

1828 5479 2090 5546 πεποίηκε
2122 5478 2211 5529 τοῦ
2256 5480 2525 5547 Χριστοῦ,
2574 5482 2633 5530 τὸ
2672 5481 2767 5547 τῆς
2814 5479 3015 5545 πλάνης
3062 5481 3385 5545 ἐπίγραμμα

1829 5549 1970 5617 ὑπὲρ
2002 5550 2095 5616 τῆς
2128 5548 2380 5615 ἀληθείας
2411 5551 2734 5617 ἐφθέγγετοο
2773 5551 2803 5618 ἡ
2834 5550 2999 5617 στήλη
3031 5549 3124 5615 τῆς
3159 5550 3372 5610 ἀπάτης

1828 5618 2163 5685 ἐστηλίτευσε
2194 5620 2290 5685 την
2320 5621 2563 5688 ἀπάτην·
2610 5619 2791 5685 ἐπειδὴ
2839 5620 2904 5669 τά
2943 5619 3048 5669 τῶν
3090 5619 3386 5686 προφητῶν

1842 5688 2141 5740 Ἀθηναίοις
2173 5682 2237 5740 ἦν
2266 5689 2694 5740 δυσπαοάδεκτα.
2726 5693 2751 5739 ό
2786 5687 2961 5740 Semo:
2993 5692 3082 5739 καὶ
3109 5692 3173 5738 τά
3204 5690 3383 5740 γραμ-

1847 5704 2141 5753 Ᾱυηναιοις
2173 5704 2237 5755 ην
2266 5704 2694 5756 ουσπαραοεκτα,
2726 5704 2751 5739 ο
2784 5704 2961 5757 βωμός
2993 5704 3082 5739 και
3109 5705 3173 5738 τα
3204 5705 3379 5754 γραμ-

1832 5774 1983 5879 ματςὲ
2002 5758 2107 5808 τῶν
2139 5757 2405 5877 δαιμόςων
2433 5763 2497 5828 τῇ
2539 5761 2698 5830 σοφία
2728 5758 2938 5811 Παύλου
2981 5761 3249 5828 ἐκήρυσσε
3282 5760 3379 5826 την

1832 5844 1945 5879 ιυσε
1990 5846 2121 5879 ειαν.
2145 5846 2195 5879 κ.
2227 5844 2275 5879 τ.
2332 5866 2359 5879 ..

1828 5844 2121 5891 ευσεοειαν,
2145 5846 2195 5879 κ.
2227 5844 2275 5880 τ.
2313 5844 2359 5879 Α.
