4234 6432
203 405 298 468 357

1247 392 1344 452 DE
1378 391 1439 451 S.
1480 390 1837 452 SPlRITUS
1875 390 2377 453 MYSTAGOGIA.

3311 394 3419 461 358

202 511 287 563 καὶ
313 523 439 568 τους
467 502 575 559 ἀπὸ
602 501 815 563 Δύσεως
845 498 1263 571 παρατρέχομεν
1281 517 1296 532 ο
1328 500 1614 569 Είρηναῖόν
1644 498 1758 571 [⁵17]
1789 504 1835 561 Α
1862 519 1874 553 ι

1739 498 1758 570 ]
1789 504 1835 561 Α
1862 518 1917 555 et
1949 499 2137 558 Patres
2186 500 2550 558 occidentales
2602 500 2942 571 praeterimus
2965 541 2980 566 ,
3014 500 3273 557 Irenaeum
3320 504 3411 559 Dei

202 618 256 653 τε
284 600 373 651 τὸν
403 595 663 665 ἀρχιερέα
700 591 835 645 Θεοῦ
878 593 973 646 καὶ
1015 591 1115 661 τὴν
1143 590 1253 643 τῶν
1302 591 1464 660 ιερῶν
1503 590 1755 660 ἐφορείαν

202 692 306 744 τῶν
321 688 669 756 Λουγδούνων
687 685 742 737 δε
750 683 998 754 ξάμενον·
1026 682 1120 735 καὶ
1151 682 1460 735 Ἱππόλυτον
1481 681 1573 735 τὸν
1592 683 1755 735 αὑτοῦ

207 780 448 850 μαθητὴν
490 779 585 831 καὶ
619 780 678 830 ὲν
717 774 1035 847 ἀρχιερεῦσι
1078 774 1330 844 μάρτυρα
1366 773 1479 843 (49)
1503 789 1517 804 ·
1561 772 1758 843 ἄνδρας

206 873 532 942 θαυμασίους
560 870 660 939 μὲν
681 870 738 922 ὲν
765 869 1000 930 πολλοῖς,
1027 865 1140 919 ἔσθ’
1159 867 1248 919 ὅτε
1270 866 1328 919 δὲ
1356 868 1455 935 τῆς
1477 867 1758 937 ἀκριϐείας

204 965 386 1030 λόγους
436 960 615 1015 αὐτῶν
664 961 837 1023 ένίους
894 961 995 1013 οὐκ
1049 958 1473 1021 ἀναστέλλοντος
1522 958 1760 1012 κατασύ-

205 1056 409 1123 ρεσθαι.

268 1150 374 1207 ος’.
417 1140 563 1213 [ια’.]
601 1136 728 1211 ’Ἆρ’
762 1136 856 1194 οῦν
882 1142 976 1193 καὶ
1006 1140 1147 1194 κατὰ
1185 1140 1392 1193 τούτων
1420 1140 1676 1193 ἁπάντων
1700 1138 1761 1191 τὸ

206 1235 288 1285 σὺν
335 1232 693 1303 προκομίσεις
732 1231 1073 1301 διλήμματον
1125 1231 1237 1300 (50)
1303 1232 1399 1285 καὶ
1448 1232 1546 1295 τὰς
1591 1230 1762 1301 ὀφρῦς

204 1324 489 1376 ἀνατείνων
525 1325 688 1390 ἐρεῖς·
723 1323 791 1373 Ἦ
819 1322 901 1374 δεῖ
938 1324 1065 1384 τοὺς
1092 1321 1291 1393 ἄνδρας
1321 1322 1564 1392 τιμῶντα
1597 1322 1691 1374 καὶ
1725 1322 1761 1375 ἃ

202 1414 407 1476 τούτοις
433 1414 741 1483 γέγραπται
784 1414 858 1483 μὴ
888 1414 1370 1482 παραγράφεσθαι,
1408 1414 1442 1484 ἢ
1478 1431 1763 1484 παραγρα-

206 1507 466 1575 φομένους
511 1504 621 1558 τῶν
669 1506 927 1576 ῥημάτων
971 1506 1089 1559 ένια
1136 1507 1229 1559 καὶ
1285 1507 1481 1568 αὐτοὺς
1527 1505 1765 1567 ἐκείνους

210 1594 785 1666 συμπαραγρὰφεσθαι
808 1595 953 1664 (Si);
994 1596 1102 1648 Kal.
1132 1594 1251 1659 πῶς
1290 1595 1411 1664 οὐχὶ
1447 1595 1647 1665 μᾶλλον
1672 1595 1767 1647 καὶ

206 1686 527 1753 δικαιότερον
579 1686 639 1737 τὸ
685 1686 775 1737 σὺν
826 1679 971 1738 οῦτοι
1002 1685 1145 1738 κατά
1192 1684 1287 1738 σοῦ
1330 1685 1627 1756 περιδέξιον
1668 1686 1767 1738 οὐκ

207 1777 644 1847 ἀντιστρέψουσιν
663 1816 678 1840 ,
722 1776 1008 1846 Ἄνθρωπε
1031 1815 1046 1840 ,
1087 1776 1336 1845 λέγοντες
1353 1816 1369 1839 ,
1396 1776 1449 1829 τί
1477 1778 1765 1839 συνάπτεις

207 1871 270 1922 τὰ
287 1844 604 1933 ἀσύναπτας
636 1868 698 1921 Εί
735 1868 833 1936 μὲν
857 1844 1072 1937 ἀληθῶς
1102 1868 1356 1939 Πατέρας
1383 1870 1531 1938 ἡμᾶς
1552 1869 1761 1931 καλεῖς,
1790 1844 1837 1902 Β

208 1960 319 2022 πῶς
347 1960 410 2013 οὐ
434 1960 677 2027 φρίττεις
705 1959 1049 2023 ἀνθοπλίζειν
1084 1960 1223 2013 κατά
1255 1961 1514 2029 Πατέρων
1532 2000 1549 2024 ,
1584 1961 1679 2014 καὶ
1704 1960 1766 2014 τὸ

211 2048 504 2117 βαρύτατον
525 2090 541 2113 ,
594 2048 736 2101 κατά
763 2047 859 2100 τοῦ
895 2047 1075 2101 κοινοῦ
1114 2050 1384 2102 Δεσπότου
1423 2049 1641 2103 πάντων
1675 2051 1765 2102 κα)⁵

209 2138 582 2209 Δημιουργοῦ;
617 2139 680 2191 Et
720 2138 765 2189 δ’
812 2138 960 2202 ἅπαξ
997 2136 1399 2205 ὲνασελγαίνειν
1446 2138 1769 2209 σπούδασμά

210 2246 287 2283 σοι
314 2230 437 2282 καθ’
463 2229 656 2299 ἡμῶν,
688 2230 804 2292 πῶς
844 2230 905 2282 οὐ
938 2230 1187 2300 μέμηνας
1225 2228 1480 2298 ἐμφανῶς
1522 2228 1767 2298 Πατέρας

208 2338 263 2373 τε
293 2322 409 2389 αμα
450 2321 628 2373 καλῶν
658 2322 752 2374 καὶ
782 2321 881 2383 τὰς
910 2319 1244 2389 πατραλοίας
1274 2321 1457 2390 χεῖρας
1483 2320 1769 2373 ἐπανατεί-

210 2430 309 2465 νων
342 2413 505 2481 ἠμῖν;
539 2412 648 2465 Καὶ
698 2411 786 2464 διὰ
816 2412 997 2465 πόσων
1034 2412 1101 2465 ἀν
1135 2412 1338 2482 ἑτέρων
1364 2411 1560 2465 διέλθοι
1587 2412 1648 2464 τὸ
1678 2410 1768 2463 σὺν

211 2506 345 2558 κατὰ
375 2504 469 2557 σοῦ
495 2504 792 2575 φερόμενον
819 2504 1058 2575 σόφισμα
1086 2504 1220 2575 (5‘2)!
1267 2503 1429 2556 Ἀλλά
1448 2505 1556 2573 γὰρ
1583 2502 1770 2575 ὥσπερ

211 2598 327 2659 τοὺς
350 2596 675 2666 εἰρημένους
705 2595 978 2664 Πατέρας,
1012 2594 1155 2649 οὕτω
1182 2595 1248 2665 δὴ
1272 2594 1367 2648 καὶ
1391 2594 1564 2648 ταῦτα
1595 2595 1771 2666 εῶμεν

214 2700 277 2739 τα
313 2706 429 2741 νυν.

280 2776 397 2850 [78]
420 2777 514 2841 ος.
542 2774 679 2847 [ipa]
702 2776 811 2846 Τὴν
825 2775 1004 2846 μέντοι
1022 2777 1284 2847 βασίλειον
1310 2777 1500 2848 στολὴν
1535 2777 1770 2849 (ss-5t),

213 2870 301 2923 τὸν
329 2872 507 2938 μέγα»
533 2868 812 2921 Βασίλειον
829 2869 911 2931 τίς
943 2868 1043 2923 οὐκ
1062 2864 1170 2923 οἶδε
1186 2870 1362 2939 ψυχῆς
1397 2871 1497 2940 μὲν
1513 2869 1773 2939 θαλάμοις

213 2960 487 3029 ἀκήρατον
531 2956 895 3028 συντηροῦντα
943 2957 1045 3029 τὴν
1084 2952 1396 3025 εὐσέϐειαν,
1430 2960 1773 3028 ύποσιγῶντα

215 3049 269 3101 δὲ
321 3049 415 3102 τοῦ
472 3048 783 3110 Πνεύματος
827 3047 925 3117 τὴν
976 3048 1263 3118 θειότητα;
1308 3043 1379 3101 Ὦ
1419 3050 1597 3119 ψυχῆς
1637 3048 1776 3102 θεῖον

218 3138 443 3207 ζεούσης
471 3139 710 3208 φίλτρον,
736 3140 835 3207 τὴν
871 3138 1043 3208 φλόγα
1067 3139 1123 3191 δὲ
1146 3140 1284 3201 τέως
1314 3141 1415 3192 οὐκ
1445 3142 1522 3202 είς
1543 3140 1603 3191 τὸ
1632 3140 1773 3208 λαμ-

218 3233 482 3301 πρότερον
509 3228 999 3301 ἀναῤῥιπιζούσης,
1040 3231 1127 3284 ῖνα
1169 3232 1244 3303 μὴ
1291 3231 1483 3285 θᾶττον
1532 3248 1770 3284 συναπο-

220 3324 412 3393 σϐεσθῇ
463 3324 600 3393 αὐτῇ
652 3325 859 3394 προόδῳ
889 3325 980 3377 καί⁸
1017 3326 1153 3394 αὑτῇ
1186 3324 1497 3394 παρρησίας
1527 3324 1775 3393 λαμπρό-

216 3430 334 3483 τητι
388 3412 531 3483 (55)!
600 3407 765 3473 Οὗτος
811 3408 906 3465 οῦν
959 3412 1258 3482 οἰκονομῶν
1305 3413 1364 3463 ἐν
1424 3411 1603 3482 κρίσει
1650 3414 1775 3473 τοὺς

218 3505 403 3569 λόγους
455 3502 619 3555 αὐτοῦ
662 3502 772 3571 (56)
822 3504 918 3555 καὶ
966 3504 1163 3573 μᾶλλον
1210 3502 1679 3571 ἀνακηρύττεσθαι
1706 3502 1773 3569 τῇ

219 3595 356 3647 κατά
422 3592 617 3663 μικρὸν
668 3594 903 3646 ἐπιδόσει
972 3592 1272 3664 μεθοδεύων
1331 3592 1428 3663 τὴν
1503 3591 1777 3644 εὐσέϐειαν

220 3682 462 3752 (ἐπειδὰν
487 3682 596 3753 γὰρ
622 3681 803 3752 ἡρέμα
831 3684 950 3746 ταῖς
977 3683 1086 3735 τῶν
1117 3681 1418 3752 ἀνθρώπων
1454 3680 1649 3751 ψυχαῖς
1678 3681 1777 3749 ἐμ·

223 3774 536 3838 ϐαθύνοιτο,
566 3775 931 3845 κραταιοτέρα
968 3773 1062 3827 τοῦ
1103 3773 1371 3842 δόγματος
1412 3774 1447 3843 ὴ
1485 3771 1614 3840 φλὸξ
1646 3772 1777 3825 ἀνα-

220 3866 414 3920 δίδοται
462 3867 609 3935 (57)°
651 3867 728 3937 τῷ
774 3869 929 3936 τάχει
963 3867 1021 3919 δέ
1059 3868 1152 3919 καὶ
1190 3869 1254 3935 τῇ
1293 3866 1467 3936 ἀθρόᾳ
1505 3865 1777 3937 προσϐολῇ

218 3957 313 4025 τῆς
342 3957 687 4027 λαμπηδόνος
711 3958 969 4021 πολλάκις
997 3959 1057 4010 τὸ
1100 3958 1285 4027 νοερὸν
1316 3956 1467 4026 όμμα
1488 3997 1502 4021 ,
1548 3959 1639 4010 καὶ
1671 3958 1778 4028 μά.

218 4049 370 4103 λιστα
409 4050 520 4103 τῶν
554 4050 794 4113 πολλῶν,
826 4048 1265 4120 ἐξαμαυροῦσθαι
1297 4048 1455 4101 εῖωθε
1476 4088 1491 4112 ,
1530 4049 1781 4120 καθάπερ

220 4142 307 4193 καὶ
342 4142 601 4211 ἀστραπὴ
642 4142 741 4205 τὰς
761 4142 911 4211 ειψεις
938 4140 1270 4203 ἐπισκοτίζει
1296 4140 1389 4193 καὶ
1422 4139 1655 4208 μάλιστα
1682 4141 1781 4201 τὰς

219 4231 608 4304 ἀσθενέστερον
661 4233 1008 4302 διακειμένας
1041 4230 1210 4304 [58]),
1237 4232 1324 4285 διά
1344 4230 1499 4285 τοῦτο
1528 4232 1653 4303 σιγᾷ
1687 4232 1782 4302 μὲν

218 4322 246 4375 ὃ
268 4324 371 4395 πρὸ
399 4325 602 4389 παντὸς
624 4324 782 4379 ἄλλου
810 4325 1103 4397 κηρύσσειν
1122 4324 1513 4394 ὲπυρπολεῖτο·
1544 4323 1777 4395 ἔπραττε

1860 595 2195 647 sacerdotem
2223 604 2281 647 et
2304 593 2746 664 Lugdunensium
2773 594 3141 663 episcopatum
3176 604 3414 659 nactum,

1860 693 1916 739 et
1942 684 2310 756 Hippolytum,
2340 686 2510 756 ipsius
2530 685 2852 754 discipulum
2879 694 2933 739 et
2967 686 3109 740 inter
3136 688 3417 756 pontifices

1860 786 2174 847 martyrem,
2207 777 2351 831 viros
2396 778 2675 831 mirandas
2721 778 2936 845 quidem
2966 780 3303 847 irrplurimis,
3332 783 3415 833 in-

1863 867 2082 919 terdum
2144 873 2323 919 tamen
2379 872 2446 921 ab
2519 865 2861 921 exactissima
2933 869 3173 923 veritatis
3228 885 3415 923 norma

1861 956 2061 1009 alicubi
2092 955 2459 1011 deflectentes.

1935 1137 2022 1191 76.
2064 1138 2142 1191 An
2168 1137 2329 1207 igitur
2354 1147 2409 1191 et
2438 1147 2622 1191 contra
2654 1140 2754 1193 hos
2786 1156 2975 1194 omnes
3013 1148 3163 1194 tuum
3192 1141 3414 1209 objicies

1866 1227 2125 1281 dilemma
2166 1228 2415 1296 elatoque
2466 1230 2755 1298 supercilio
2802 1231 2950 1285 dices
2994 1250 3005 1284 :
3050 1233 3157 1285 Aut
3210 1241 3421 1301 oportet

1866 1319 1965 1373 hos
2001 1320 2147 1373 viros
2177 1319 2384 1374 honore
2412 1321 2665 1391 prosequi
2706 1330 2760 1375 et
2790 1337 2911 1390 qua:
2940 1321 3153 1376 fuerunt
3193 1324 3261 1375 ab
3290 1322 3420 1391 ipsis

1865 1410 2064 1479 scripta
2104 1427 2213 1465 non
2240 1412 2485 1479 rejicere,
2536 1422 2628 1465 aut
2668 1414 2709 1465 si
2750 1413 3006 1467 nonnulla
3040 1430 3223 1466 eorum
3250 1415 3416 1466 verba

1866 1502 2173 1570 rejicimus,
2200 1503 2322 1557 illos
2356 1503 2503 1571 ipsos
2546 1504 2703 1557 simul
2749 1520 3003 1574 respuere
3033 1505 3328 1559 debemus?
3360 1505 3423 1558 Et

1867 1591 2136 1660 quomodo
2185 1607 2291 1644 non
2321 1592 2500 1661 potius
2527 1601 2689 1661 atque
2716 1596 2923 1662 :equius
2954 1605 3101 1648 tuum
3136 1596 3238 1649 hoc
3274 1596 3425 1665 inge-

1868 1682 2081 1735 niosum
2136 1693 2509 1752 argumentum
2550 1684 2634 1738 isti
2688 1684 2741 1737 in
2783 1694 2835 1739 te
2868 1688 3287 1755 retorquebunt,
3337 1687 3424 1741 di-

1867 1782 2053 1827 centes
2084 1791 2096 1826 :
2130 1772 2269 1839 Quid
2298 1790 2360 1828 ea
2390 1776 2693 1845 conjungis,
2730 1792 2761 1829 ο
2792 1776 2953 1830 homo
2978 1818 2991 1841 ,
3017 1794 3137 1847 quae
3166 1780 3421 1849 conjungi

1864 1865 2174 1934 nequeunt?
2201 1864 2255 1919 Si
2283 1881 2410 1920 vere
2436 1882 2534 1920 nos
2564 1866 2752 1921 Patres
2780 1885 3063 1938 nuneupas
3090 1912 3103 1934 ,
3152 1873 3423 1939 quomodo

1866 1970 1976 2008 non
2020 1955 2359 2010 exhorrescis
2406 1972 2555 2010 arma
2596 1958 2650 2009 in
2688 1958 2868 2013 Patres
2906 1975 3122 2014 sumere
3171 1964 3423 2030 quodque

1866 2054 1950 2099 est
1983 2045 2404 2115 gravissimum,
2462 2047 2517 2100 in
2568 2048 2742 2115 ipsum
2788 2064 3128 2104 communem
3183 2053 3422 2106 omnium

1870 2136 2154 2190 Dominum
2185 2146 2346 2206 atque
2375 2134 2759 2193 Conditorem?
2789 2139 2842 2193 Si
2870 2151 3047 2194 autem
3078 2145 3243 2196 semel
3269 2153 3397 2212 petu

1868 2227 2030 2282 lantia
2068 2230 2355 2283 adversum
2391 2245 2491 2284 nos
2538 2232 2614 2283 uti
2658 2232 2962 2295 decrevisti,
3004 2236 3272 2302 quomodo
3315 2252 3425 2289 non

1866 2320 2139 2374 luculente
2166 2321 2373 2375 insanis
2395 2361 2411 2382 .
2458 2322 2587 2376 dum
2622 2322 2807 2376 Patres
2851 2339 2948 2378 nos
2978 2326 3136 2378 simul
3172 2342 3329 2380 vocas
3371 2337 3426 2382 et

1868 2411 2239 2480 parricidiales
2273 2412 2326 2466 in
2351 2428 2451 2467 nos
2484 2413 2721 2468 intendis
2750 2416 2977 2469 manus?
3006 2417 3072 2469 Et
3088 2428 3219 2485 quot
3246 2420 3426 2473 adhuc

1868 2500 1989 2556 aliis
2018 2502 2191 2556 modis
2221 2512 2371 2556 tuum
2403 2503 2505 2557 hoc
2550 2503 2824 2571 sophisma
2854 2506 3097 2560 converti
3138 2507 3426 2562 adversum

1871 2602 1924 2648 te
1952 2595 2159 2662 posset!
2180 2591 2380 2648 Verum
2402 2595 2855 2664 quemadmodum
2874 2607 3199 2654 memoratos
3215 2598 3424 2665 Patres,

1871 2683 1945 2740 ita
1973 2694 2029 2741 et
2056 2685 2171 2740 haec
2198 2686 2253 2740 in
2274 2687 2528 2756 praesenti
2556 2688 2721 2741 missa
2754 2688 3030 2742 faciamus.

1944 2776 2034 2832 77.
2076 2778 2341 2831 Caeterum
2384 2777 2588 2848 regium
2620 2778 2767 2832 illum
2811 2780 3102 2841 amictum,
3150 2797 3426 2851 magnum.

1873 2865 2111 2936 inquam,
2135 2868 2388 2922 Basilium
2407 2869 2529 2938 quis
2552 2870 2760 2939 ignorat
2780 2870 2832 2923 in
2852 2872 3210 2940 penilioribus
3231 2876 3428 2928 anima:

1874 2957 2123 3012 thalamis
2176 2974 2366 3027 puram
2421 2967 2582 3028 atque
2631 2958 3003 3013 intemeratam
3078 2976 3430 3018 conservasse

1874 3049 2150 3118 pietatem,
2187 3050 2424 3118 Spiritus
2462 3062 2643 3105 tamen
2683 3050 3020 3105 divinitatem
3069 3054 3431 3110 subticuisse?

1876 3136 1920 3193 Ο
1947 3139 2179 3193 animam
2210 3140 2394 3194 divino
2427 3155 2610 3194 amore
2645 3149 2962 3195 aestuantem
2985 3181 2999 3205 .
3034 3144 3128 3197 sed
3159 3146 3428 3201 flammam

1876 3244 1983 3282 non
2008 3230 2060 3282 in
2091 3231 2433 3299 propatulum
2458 3230 2725 3285 efﬂantem
2761 3247 2830 3286 ne
2878 3233 3028 3287 ocius
3053 3234 3107 3287 in
3143 3234 3262 3302 ipso
3306 3247 3426 3291 ortu

1872 3318 2094 3389 ipsoque
2121 3321 2380 3375 libertatis
2408 3320 2616 3391 fulgore
2668 3322 3069 3391 exslinguatur!
3108 3321 3206 3377 llic
3268 3325 3429 3395 igitur

1870 3411 2164 3480 disponens
2193 3426 2474 3465 sermones
2498 3427 2625 3465 suos
2663 3411 2715 3465 in
2754 3412 2964 3480 judicio
2993 3428 3055 3465 ac
3091 3415 3278 3469 sedulo
3305 3432 3429 3484 pro-

1872 3515 2088 3564 curans,
2142 3509 2200 3553 ut
2250 3501 2506 3569 paulatim
2551 3503 2846 3555 crescendo
2888 3510 2942 3555 et
2985 3518 3081 3570 per
3109 3515 3290 3572 partes
3342 3507 3427 3559 in-

1876 3590 2073 3645 stillata
2122 3590 2329 3645 firmius
2385 3592 2584 3645 veritas
2628 3592 2681 3646 in
2741 3593 2997 3647 cordibus
3059 3594 3405 3650 stabiliretur.

1876 3680 2141 3750 (Quando
2169 3680 2315 3734 enim
2364 3681 2526 3735 fuerit
2570 3681 2771 3735 sensim
2813 3684 2867 3736 in
2915 3684 3195 3737 hominum
3233 3685 3430 3739 animis

1874 3773 2162 3835 insinuata,
2193 3772 2417 3827 validior
2448 3772 2660 3827 flamma
2690 3774 2952 3843 dogmatis
2980 3776 3261 3837 excitatur,
3287 3777 3429 3830 cele-

1876 3864 2035 3918 ritate
2064 3880 2193 3919 vero
2216 3866 2606 3934 subitaneaque
2654 3865 3009 3934 impressione
3039 3866 3261 3935 fulgoris
3284 3882 3427 3936 sape

1876 3955 2125 4009 mentalis
2202 3957 2391 4010 oculus
2456 3957 2757 4026 praesertim
2808 3957 3117 4021 rudiorum,
3177 3958 3428 4012 oll'uscari

1876 4047 2035 4108 solet,
2083 4046 2540 4114 quemadmodum
2588 4056 2644 4101 et
2698 4046 2875 4115 fulgur
2924 4048 3105 4100 lumen
3150 4047 3427 4100 oculorum

1875 4138 2143 4203 obtundit,
2172 4139 2405 4193 maxime
2426 4139 2972 4205 imbecilliorum).—-
2997 4138 3123 4192 Ideo
3150 4139 3271 4192 silet
3308 4140 3431 4207 qui-

1877 4230 2021 4295 dem,
2044 4230 2185 4299 quod
2215 4244 2324 4299 pra:
2344 4229 2450 4283 alio
2469 4228 2706 4298 quolibet
2728 4228 3018 4298 praedicare
3046 4229 3429 4283 ardentissime

1884 4322 2201 4393 expetebat;
2232 4321 2507 4375 silentium
2547 4332 2725 4375 tamen
2756 4321 3067 4385 adhibebat,
3110 4327 3168 4373 ut
3190 4329 3431 4389 tempore

1384 4519 1618 4575 VABIE
1654 4517 2032 4574 LECTIONES
2069 4517 2155 4572 ET
2193 4516 2422 4571 NOTAE.

286 4682 398 4749 (49)
428 4681 489 4734 In
521 4679 680 4748 epist.
708 4678 777 4735 ad
808 4678 1065 4750 Aquilei,
1096 4679 1185 4732 ubi
1212 4678 1412 4747 pariter
1425 4678 1767 4750 Dionysium,
1802 4681 1846 4736 D

220 4747 569 4805 Methodium’
591 4758 644 4803 et
678 4747 935 4805 Irenaeum
970 4747 1217 4813 adducit,
1246 4765 1370 4803 cum
1418 4747 1616 4803 Irenaeo
1654 4750 1772 4803 loco

224 4821 488 4889 Hippolyti
509 4819 689 4887 jungit
709 4820 925 4888 Papiam
954 4837 967 4872 :
999 4820 1119 4890 Ἔτι
1140 4820 1237 4890 μεν
1261 4822 1352 4890 καὶ
1374 4818 1660 4890 Εἰρηναῖον
1682 4820 1772 4890 τόν

220 4888 566 4955 Δουγδούνων
588 4890 902 4950 ἐπίσκοπον,
933 4889 1024 4941 καὶ
1057 4888 1268 4940 Παπίαν
1289 4889 1379 4941 τὸν
1403 4888 1504 4957 τῆς
1528 4888 1775 4957 Ἱεραπό-

220 4959 370 5020 λεως,
397 4960 491 5011 τὸν
517 4957 616 5025 μὲν
645 4957 738 5009 τοῦ
774 4958 1068 5027 μαρτυρίου
1097 4958 1185 5009 τὸν
1221 4957 1475 5024 στέφανον
1505 4958 1775 5026 ἀναδησά-

222 5044 409 5095 μενον,
438 5029 567 5088 τοὺς
600 5027 656 5078 δὲ
690 5028 886 5096 ἄνδρας
913 5026 1068 5086 ὂντας
1100 5027 1485 5090 ἁποστολικοὺς
1526 5027 1620 5079 καὶ
1661 5030 1771 5090 τοῖς

218 5096 306 5149 τοῦ
337 5097 454 5166 βίου
476 5096 698 5163 τρόποις
726 5096 784 5148 τὺ
817 5096 1114 5166 θαυμάσιον
1126 5096 1629 5166 έξαστράπτοντας.

284 5114 306 5148 υ
337 5113 454 5166 ριου
476 5113 698 5163 τρόποις
726 5113 784 5148 το
817 5113 1114 5164 οαυμασιον
1141 5113 1607 5165 εςαστραπτοντας

284 5168 396 5235 (50)
431 5166 694 5235 Dilemma
714 5206 728 5227 ,
759 5165 903 5234 quod
930 5180 1052 5235 cap.
1079 5164 1146 5219 66
1172 5164 1513 5221 etl‘erebatur.

283 5236 396 5303 (5|)
428 5234 549 5290 Col.
588 5251 835 5304 συμπαρ.

285 5302 396 5374 (52)
430 5306 535 5373 Ep.
570 5304 635 5357 ad
668 5302 923 5373 Aquilei.:
957 5303 1115 5356 ’ΔλΑα
1141 5303 1247 5426 γὰρ
1276 5302 1329 5355 εῖ
1354 5322 1435 5367 τις
1460 5305 1568 5356 τῶν
1595 5303 1771 5357 τοιού-

285 5394 321 5426 ιν
349 5376 526 5426 λόγων
575 5374 668 5426 καὶ
699 5374 946 5426 πράξεων
978 5374 1076 5426 τὴν
1108 5373 1204 5424 ἀσθ
1240 5390 1388 5426 νειαν
1424 5374 1531 5426 τῶν
1571 5375 1771 5426 ἀκροα-

216 5391 321 5428 των
349 5373 526 5441 λόγων
575 5374 668 5427 καὶ
699 5374 946 5443 πράξεων
978 5374 1076 5444 τῂν
1108 5373 1388 5444 ἀσθένειαν
1424 5374 1531 5426 τῶν
1571 5375 1771 5444 ἀκροα-

217 5444 319 5515 τῶν
350 5447 447 5498 καὶ
473 5444 573 5515 τὴν
601 5441 911 5515 οίκονομίαν
939 5441 1031 5495 τοῦ
1061 5442 1239 5515 λόγου,
1268 5444 1367 5511 τήν
1394 5460 1450 5496 τε
1487 5445 1622 5515 πρὸς
1649 5441 1772 5515 τοὺς

217 5512 703 5583 ἀντιτεταγμένους
755 5514 934 5583 μάχην
978 5512 1278 5583 περιελὼν,
1329 5512 1618 5583 γυμνάτά
1666 5514 1774 5565 τῶν

219 5584 519 5666 είρημένῳν
552 5585 644 5666 καὶ
673 5582 749 5644 ὡς
776 5581 952 5666 δόγμα
982 5581 1271 5661 προϐάλλοι
1302 5581 1771 5666 καὶήπεριθάλποι,

1945 4678 2154 4747 (55-54)
2171 4677 2367 4731 Eodem
2402 4676 2555 4729 titulo
2573 4690 2715 4747 saepe
2744 4674 3389 4747 cohonestaturjtasilius
3409 4719 3423 4736 .

1873 4743 1960 4803 sic
2014 4766 2065 4803 v.
2113 4743 2163 4814 g.
2215 4748 2443 4814 Amp/iii.
2494 4747 2584 4797 141
2642 4745 2921 4811 (Galland.
2954 4743 3089 4796 Bibl.
3136 4743 3241 4796 PP.
3276 4744 3422 4806 Xlll,

1875 4765 1951 4803 Sic
2014 4766 2065 4803 ν.
2150 4788 2163 4801 ο
2215 4765 2443 4814 amp/iu.
2494 4765 2584 4797 ⁸141
2642 4765 2921 4811 ιυοιωηυ.
2954 4765 3089 4796 Πῖυι.
3136 4765 3241 4796 ΓΓ.
3276 4765 3422 4806 ΔΙΙΙ⁹

1875 4819 1996 4883 Ἠο,
2028 4834 2081 4887 q.
2113 4765 2253 4886 ἕως
2287 4832 2383 4887 pro
2408 4815 2571 4887 στολή
2590 4814 2882 4887 _inte_rdum
2920 4814 3112 4883 legitur
3143 4814 3328 4883 στήλη.
3370 4815 3425 4867 ln

1876 4889 1995 4941 Vat.
2029 4883 2225 4941 nomen
2259 4883 2511 4939 scribitur
2542 4903 2555 4938 :
2590 4883 2855 4936 Βασίλιον.

1944 4957 2054 5025 (55)
2104 4956 2177 5009 De
2213 4957 2310 5009 hac
2348 4954 2523 5025 Basilii
2567 4953 2619 5005 in
2648 4951 2944 5025 asserenda
2979 4949 3212 5025 Spiritus
3253 4952 3423 5025 sancti

1874 5019 2155 5081 divinitate
2185 5024 2482 5080 oeconomia
2535 5023 2722 5077 confer
2765 5021 2985 5088 Gregor.
3034 5019 3163 5072 Naz.
3209 5036 3293 5088 ep.
3332 5022 3420 5082 26,

1875 5104 2010 5150 orat.
2060 5097 2148 5154 20.
2183 5114 2237 5165 p.
2263 5095 2393 5165 56:3;
2427 5105 2579 5165 orat.
2604 5092 2693 5165 ζῆ,
2730 5106 2783 5159 p.
2815 5089 2915 5143 609
2945 5089 3039 5165 ed.
3069 5090 3229 5165 _Bil_lii
3271 5090 3424 5165 (flle-

1877 5181 2053 5220 menc.
2109 5159 2244 5219 orat.
2299 5163 2399 5225 45,
2452 5179 2507 5215 n.
2560 5163 2660 5223 68;
2712 5172 2767 5213 et
2810 5169 2946 5213 orat.
2984 5161 3121 5227 51),
3168 5159 3419 5211 Basilium

1879 5238 2053 5304 ipsum
2104 5238 2262 5304 epist.
2322 5233 2379 5283 7|
2406 5271 2420 5296 ,
2464 5232 2571 5297 Jo.;
2602 5231 2888 5304 [haecumL
2915 5237 3048 5304 orat.
3093 5230 3139 5304 ί,
3191 5229 3417 5304 in__tnm.

1876 5296 2053 5374 Cyprii
2083 5296 2210 5373 (Gr.
2253 5304 2386 5374 orth.
2421 5300 2735 5374 Ii.Ap._‘2f_9)
2776 5299 3207 5374 et_Prud_entium
3245 5296 3419 5349 Mara-

1877 5368 2005 5429 nuin
2041 5368 2252 5429 Praefat.
2294 5372 2430 5441 Opp.
2467 5368 2524 5425 SI
2553 5370 2709 5441 Basil.
2744 5380 2786 5441 t_._
2815 5370 2897 5427 ΙΙΙ.
2926 5368 2955 5441 §r
2984 5368 3035 5419 5.

1962 5446 2049 5513 56)
2079 5447 2151 5499 Ex
2183 5436 2391 5513 psalmo
2412 5457 2541 5503 cm,
2572 5442 2604 5513 ξ
2635 5439 2818 5513 (μμ)
2856 5440 3018 5507 petita
3050 5436 3280 5506 phrasis.

1964 5509 2051 5583 57)
2084 5509 2249 5567 Palat.
2281 5515 2315 5565 l'.
2350 5513 2454 5583 259
2486 5509 2909 5583 ὺηάναδξδωται.

2080 5579 2705 5654 Cf.Greg.lﬂaz._Cgrnt.
2735 5576 3009 5654 deASpirit.
3039 5585 3206 5628 sanet.
3236 5590 3421 5629 arcan.

217 5647 409 5723 αὖτοὺς
450 5653 693 5713 ἐκείνους
740 5647 1233 5723 τοὺςτάίτοιαῦτα
1276 5647 1648 5723 καὶγείπόντας
1682 5654 1775 5705 καὶ
1870 5655 1889 5708 ἓ

1750 5654 1775 5704 ηὶ
1870 5655 1902 5708 5
1927 5647 1952 5719 ;’
1973 5647 2109 5723 opp.
2139 5653 2198 5705 ll‘
2222 5669 2273 5719 p.
2300 5647 2434 5716 Ῑίῖὗ,
2465 5651 2549 5705 ed.
2578 5648 2695 5702 Bill.
2725 5666 2775 5700 v.
2805 5647 2867 5699 2f
2896 5662 3033 5715 seq.;
3082 5662 3162 5699 or.
3217 5660 3422 5708 xxxv”,

219 5721 524 5823 npdﬁlawac
550 5723 772 5792 εὑρήσει
796 5722 919 5776 κατ’
942 5720 1103 5774 αὑτοῦ
1130 5722 1227 5791 τὴν
1246 5722 1567 5785 δικάζουσαν
1593 5723 1776 5793 ἀφιέν-

219 5805 309 5823 οκρ
338 5812 346 5823 .
370 5793 518 5823 ,ζ’-ιρι...

218 5805 309 5854 τας
338 5805 539 5862 ψηνξον.

1871 5742 1923 5793 p.
1962 5726 2065 5780 608
2094 5725 2181 5779 ed.
2214 5723 2325 5777 Bill.
