4234 6432
234 414 327 474 361

221 615 370 678 (etv;
403 616 553 666 Λέων
580 614 608 663 ὁ
642 614 831 681 μέγας,
864 616 891 664 ὁ
919 615 1017 677 τὰς
1044 616 1194 682 ἱερὰς
1227 615 1322 680 τῆς
1373 613 1584 680 Ῥώμης,
1625 633 1785 684 φρον-

219 710 366 766 τεδας
417 705 713 773 ἱερωτέρας
744 705 1058 768 ἀποδείξας,
1107 706 1136 756 ὁ
1162 705 1258 773 τῆς
1288 707 1550 774 τετάρτης
1595 706 1784 768 στῦλος

221 799 436 850 συνόδου
473 797 605 865 (70)·
650 790 802 858 οὗτος
853 798 940 849 διά
975 815 1033 849 τε
1083 799 1191 849 τῶν
1251 796 1366 868 [81]
1417 796 1784 849 Θεοπνεύστων

220 888 381 939 αὑτοῦ
441 888 535 940 καὶ
563 888 906 957 δογματικῶν
946 889 1242 940 ἐπιστολῶν
1279 889 1414 954 (7|),
1462 888 1551 939 διά
1584 905 1642 939 τε
1675 889 1783 940 τῶν

222 978 676 1045 ἀναπληρούντων
710 979 872 1031 αὑτοῦ
907 982 968 1030 τὸ
997 981 1307 1047 προνόμιον,
1333 978 1418 1031 διά
1439 995 1498 1029 τε
1528 981 1624 1046 τῆς
1651 996 1782 1046 συμ⁴

223 1070 425 1135 φωνίας
451 1109 466 1131 ,
506 1071 572 1121 δι’
615 1066 681 1138 ἧς
716 1071 930 1138 ἐκείνην
972 1069 1083 1137 (79.)
1119 1071 1217 1132 τὴν
1262 1068 1503 1137 μεγάλην
1533 1069 1625 1121 καὶ
1661 1067 1783 1120 θεός-

221 1160 408 1212 λεχτον
444 1162 714 1229 ὁμήγυριν
762 1161 1119 1227 κατηγλάῖζε,
1150 1161 1245 1228 τὴν
1277 1162 1445 1227 αὐτὴν
1492 1160 1591 1229 τῆς
1631 1160 1785 1228 ὀρθο-

219 1245 396 1311 δοξξας
435 1251 775 1317 φωτοχυσίαν
823 1253 898 1310 είς
941 1253 1118 1302 πᾶσαν
1148 1250 1208 1301 ού
1257 1251 1355 1315 τὴν
1395 1249 1556 1300 Λύσιν
1605 1250 1782 1316 μόνον,

221 1340 351 1390 ἀλλὰ
405 1341 500 1390 καὶ
548 1342 616 1392 τὰ
655 1340 751 1406 τῆς
810 1341 1099 1407 ’Λνατολῆς
1141 1340 1474 1405 ἀπαυγὰζων
1517 1341 1670 1409 ὅρια,
1727 1339 1787 1389 τὸ

224 1431 486 1495 πανάγιον
533 1431 752 1497 Πνεῦμα
790 1431 1123 1498 διαπρυσίως
1162 1436 1222 1483 ὲκ
1260 1433 1351 1483 τοῦ
1389 1432 1595 1497 Πατρὸς
1624 1433 1787 1482 ἐκπο-

223 1521 479 1586 ρεύεσθαι
513 1522 859 1574 ἀναδιδάσκει
880 1538 893 1552 ·
926 1523 1017 1575 καὶ
1047 1523 1106 1574 οὐ
1137 1523 1292 1576 τοῦτο
1325 1523 1503 1591 μόνον,
1534 1523 1667 1574 ἀλλὰ
1693 1523 1786 1573 καὶ

221 1615 346 1672 τοὺς
380 1612 566 1680 ἔτερόν
599 1629 649 1662 τι
700 1613 850 1679 παρά
880 1613 940 1663 τὸ
977 1614 1072 1680 τῆς
1107 1613 1320 1664 συνόδου
1364 1614 1616 1681 φρόνημα
1666 1615 1786 1679 δογ-

227 1701 470 1766 ματὶξειν
529 1703 1050 1770 ἁντανισταμὲνους,
1114 1704 1269 1765 ὅσους
1334 1705 1430 1770 μὲν
1488 1705 1784 1773 ἱερωσύνης

225 1791 430 1858 βαθμδς
468 1793 609 1860 ἔχει,
668 1793 766 1859 τῆς
823 1793 1118 1860 ἱερωσύνης
1179 1795 1417 1862 γυμνοὺς
1465 1796 1781 1862 ἀποφαίνει.

223 1881 332 1929 ὅσοι
363 1880 418 1932 δὲ
445 1881 542 1948 τὴν
578 1882 686 1949 (75)
727 1883 948 1932 ἰδιωτῶν
977 1882 1160 1950 χώραν
1192 1885 1504 1950 πληροῦσιν,
1532 1885 1640 1935 εἴτε
1671 1883 1782 1951 βίον

224 1966 531 2034 ὖπέδραμον
577 1968 664 2019 τὸν
708 1972 930 2036 μονάδα,
977 1971 1085 2022 εἴτε
1139 1974 1378 2041 πολιτείᾳ.
1411 1973 1782 2042 συνεξετὰζον-

223 2073 306 2107 ται
333 2058 395 2124 δή
409 2075 527 2124 μου,
548 2060 625 2125 τῷ
649 2060 948 2126 ἀναοέματι
974 2062 1352 2129 παραπέμπει.
1383 2064 1488 2115 Καὶ
1513 2065 1617 2132 γὰρ
1643 2065 1782 2132 ἆπερ

223 2145 252 2206 ἠ
283 2144 635 2206 Θεόπνευστος
673 2147 884 2209 σύνοδος
914 2150 1106 2218 ὁρίζει,
1144 2153 1293 2202 Λέων
1321 2152 1349 2202 ὁ
1380 2153 1660 2214 θεσπέσιος
1697 2153 1784 2204 διὰ

225 2238 564 2305 Πασχασίνου
592 2240 683 2290 καὶ
706 2243 1038 2310 Λουκηνσίου
1064 2245 1174 2310 (74)
1211 2245 1302 2296 καὶ
1330 2245 1645 2313 Βονιφατίου
1676 2248 1783 2296 τῶν

226 2327 384 2394 ἱερῶν
427 2328 631 2396 ἀνδρῶν
671 2331 971 2396 ἀναφανδῆν
1020 2333 1420 2401 ἐπισφραγίζει,
1472 2335 1546 2397 ὡς
1588 2335 1783 2404 μυριά-

225 2434 309 2477 κις
368 2419 478 2487 (75)
521 2419 667 2470 ἐστιν
701 2422 879 2472 αὐτῶν
915 2424 1135 2475 ἐκείνων
1173 2424 1422 2486 ἀκούειν,
1475 2427 1574 2478 οὐκ
1607 2425 1784 2478 αὐτῶν

224 2506 278 2556 δὲ
311 2508 495 2575 μόνον,
549 2510 683 2561 ἀλλὰ
724 2513 815 2562 καὶ
864 2512 956 2563 τοῦ
985 2514 1387 2577 ἀπεσταλκότος
1418 2515 1610 2577 αὐτούς
1635 2532 1649 2548 ·
1693 2516 1787 2569 καὶ

226 2598 332 2666 γὰρ
381 2600 662 2662 συνοδικὰς
715 2601 1002 2662 ἐπιστολὰς
1040 2604 1362 2656 ἐπιστέλλων
1415 2604 1520 2656 τῶν
1557 2623 1787 2674 τοποτη-

227 2689 410 2756 ῥητῶν
455 2689 616 2740 αὑτοῦ
661 2692 754 2741 καὶ
800 2693 925 2752 τοὺς
968 2692 1156 2759 λόγους
1197 2695 1375 2746 καὶτὸ
1414 2696 1664 2763 φρόνημα
1696 2697 1791 2747 καὶ

227 2779 322 2839 τὰς
349 2781 561 2848 ψήφους
588 2782 687 2832 οὐκ
711 2782 822 2848 (76)
847 2784 1068 2835 ἐκείνοιν
1092 2785 1123 2852 ἢ
1147 2785 1309 2836 αὑτοῦ
1336 2801 1397 2851 γε
1426 2786 1623 2854 μᾶλλον
1651 2783 1790 2838 εἶναι

231 2872 322 2919 καὶ
368 2871 703 2939 μαρτύρεται
747 2872 857 2941 (77)
905 2876 997 2924 καὶ
1025 2873 1427 2927 διαϐεϐαιοῦται
1455 2893 1467 2906 ·
1521 2878 1697 2927 καίτοι
1727 2894 1788 2942 γε

1287 407 1379 469 DE
1418 411 1480 471 S.
1522 410 1869 470 SPIRITUS
1905 408 2398 471 MYSTAGOGIA.

292 525 388 579 οϐ’.
440 523 585 594 [te-2]
623 525 732 575 Καὶ
765 524 814 574 τί
852 539 916 590 με
961 523 1040 573 δεῖ
1073 524 1199 591 περὶ
1237 522 1342 574 τῶν
1371 524 1544 575 ἄλλων
1593 523 1785 590 σχολὼ
1816 531 1860 583 Α

3340 412 3440 471 362

1960 523 2044 578 79.
2109 524 2214 578 Sed
2250 525 2380 592 quid
2427 536 2566 593 opus
2625 531 2709 576 est
2738 523 2792 575 in
2832 521 2951 574 aliis
2988 522 3306 574 immorari?
3336 523 3444 574 Leo

1887 616 2127 686 Magnus.
2157 616 2246 683 qui
2275 625 2512 668 sacratas
2534 614 2716 668 Roma:
2745 629 2902 667 curas
2933 614 3226 666 sanctiores
3268 615 3443 667 adhuc

1885 708 2296 766 demonstravit,
2317 717 2522 773 quarta:
2551 706 2801 759 columna
2832 705 3042 774 synodi,
3073 713 3183 756 tum
3207 719 3299 770 per
3319 719 3444 757 suas

1885 814 1913 851 a
1944 799 2050 852 Deo
2082 799 2371 866 inspiratas
2409 797 2850 866 dogmaticasque
2909 796 3182 864 epistolas.
3212 805 3322 848 tum
3353 810 3446 864 per

1887 890 2110 956 legatos.
2136 889 2225 957 qui
2257 890 2375 956 ejus
2405 890 2579 942 locum
2631 889 2968 949 obtinebant,
3005 899 3116 941 tmn
3166 903 3262 957 per
3309 903 3443 940 con-

1887 995 2103 1034 sensum
2135 997 2291 1034 suum
2321 996 2427 1048 quo
2459 998 2708 1052 magnum
2743 982 2891 1032 illum
2946 991 2998 1033 et
3029 996 3056 1033 a
3111 979 3219 1032 Deo
3248 979 3445 1032 collec-

1888 1079 1999 1123 tum
2033 1081 2230 1124 emtum
2275 1071 2598 1132 illustrabat.
2645 1071 2887 1124 eamdem
2923 1071 3257 1124 orthodoxiae
3323 1071 3444 1122 illu—

1891 1162 2205 1214 strationem
2241 1177 2346 1212 non
2378 1161 2432 1214 in
2479 1170 2648 1214 totum
2679 1161 3048 1214 tantummodo
3078 1159 3443 1221 Occidentem,

1888 1268 2072 1304 verum
2099 1261 2151 1304 et
2182 1253 2234 1304 in
2265 1253 2505 1305 Orientis
2542 1253 2802 1304 terminos
2825 1252 3107 1304 cﬁ‘undens
3160 1251 3434 1305 sanctissi-

1891 1359 2035 1396 mum
2062 1343 2320 1411 Spiritum
2349 1359 2412 1396 ex
2455 1341 2613 1396 Patre
2641 1343 2952 1412 procedere,
2988 1344 3282 1396 clarissima
3313 1358 3444 1395 voce

1890 1432 2080 1492 dot-et;
2111 1447 2286 1499 neque
2321 1433 2370 1485 id
2426 1433 2622 1494 solum,
2681 1433 2771 1485 sed
2803 1441 2856 1485 ct
2883 1447 2997 1495 eos,
3028 1433 3116 1500 qui
3156 1433 3443 1500 quidquam

1889 1523 2029 1575 aliud
2063 1532 2257 1590 praeter
2308 1523 2495 1591 synodi
2530 1522 2853 1576 sententiam
2883 1532 3120 1575 statuere
3149 1523 3347 1583 ausint,
3401 1525 3442 1574 si

1887 1613 2188 1664 sacerdotio
2213 1613 2522 1680 fungantur.
2549 1613 2852 1665 sacerdotio
2885 1623 3075 1665 exutos
3105 1613 3440 1680 pronuntiat,

1889 1704 1931 1754 si
1959 1719 2085 1755 vero
2110 1703 2395 1756 idiotarum
2434 1703 2608 1755 locum
2645 1711 2866 1755 teneant
2923 1703 3037 1755 sive
3085 1705 3207 1756 vita:
3254 1718 3441 1755 mona—

1886 1795 2033 1846 stiea:
2069 1808 2186 1846 sese
2216 1793 2522 1846 addixerint
2560 1794 2672 1845 sive
2701 1793 2870 1860 plebis
2905 1793 3129 1860 negotiis
3167 1792 3443 1860 implicen-

1898 1893 2003 1944 tur,
2038 1883 2368 1935 anathematl
2400 1883 2637 1949 subiicit.
2670 1884 2875 1935 litenim
2913 1899 3031 1950 quae
3063 1898 3122 1935 ea
3154 1884 3386 1952 synodus
3413 1898 3442 1934 a

1892 1971 2001 2024 Deo
2034 1972 2292 2039 inspirata
2326 1973 2582 2033 decrevit,
2631 1973 2846 2026 divinus
2880 1975 2967 2026 hic
3025 1973 3132 2026 Leo
3179 1989 3276 2041 per
3340 1973 3439 2025 Pa-

1894 2062 2230 2127 schasinum,
2293 2063 2614 2116 Lucentium
2635 2072 2794 2132 atque
2854 2063 3183 2116 Bonifacium
3231 2073 3445 2118 sanctos

1891 2156 2032 2207 viros
2055 2155 2227 2222 palam
2250 2155 2517 2224 obsignat,
2555 2165 2610 2206 ut
2636 2155 2937 2208 sexcenties
2969 2171 3031 2208 ex
3067 2155 3197 2223 ipsis
3222 2154 3326 2208 illis
3345 2169 3438 2207 att-

1889 2243 2004 2296 dire
2034 2243 2178 2303 licet,
2201 2258 2307 2296 non
2343 2260 2469 2296 vero
2507 2259 2569 2297 ex
2602 2244 2731 2312 ipsis
2758 2245 3036 2306 duntaxat.
3078 2247 3170 2298 sed
3199 2257 3252 2299 et
3283 2261 3346 2299 ex
3378 2261 3444 2299 eo

1890 2333 1980 2399 qui
2008 2333 2124 2384 illos
2150 2334 2388 2387 miserat.
2423 2332 2661 2401 Namque
2693 2335 2974 2404 synodales
3010 2337 3268 2404 epistolas
3311 2337 3438 2390 mit-

1893 2434 2012 2477 lCIlS
2041 2440 2258 2476 suorum
2283 2425 2458 2477 locum
2503 2426 2800 2478 tenentium
2832 2435 2886 2478 et
2916 2441 3192 2480 sermones
3224 2436 3278 2480 et
3318 2442 3442 2480 SC“-

1895 2516 2115 2569 tentiam
2145 2526 2198 2568 et
2234 2524 2357 2568 vota
2394 2531 2502 2568 non
2534 2531 2739 2579 eorum,
2784 2517 2876 2569 sed
2912 2517 3278 2586 suimetipsius
3328 2534 3446 2572 esse

1895 2616 2229 2660 contestatur
2262 2614 2315 2658 et
2337 2606 2645 2659 conﬁrmat.
2677 2605 3014 2674 Quanquam,
3061 2608 3273 2662 etiamsi
3309 2609 3444 2661 nihil

1894 2697 2412 2762 ejusmodiadesset,
2446 2697 2641 2750 sullicit
2671 2705 2876 2760 tamen,
2909 2699 3051 2765 quod
3098 2715 3195 2768 pro
3224 2715 3281 2753 se
3329 2701 3448 2753 illos

1897 2787 2103 2839 miserit
2138 2787 2188 2838 in
2222 2787 2428 2856 synodo
2475 2802 2849 2851 consessuros,
2886 2789 3136 2857 quodque
3178 2790 3242 2844 ad
3287 2790 3446 2844 ﬁnem

1895 2877 2153 2944 perducta
2187 2877 2390 2945 synodo
2414 2892 2472 2930 se
2509 2878 2726 2930 sancitis
2741 2880 3083 2946 acquiescere
3113 2881 3447 2950 proﬁteatur.

229 2962 320 3011 καὶ
345 2964 394 3012 εἰ
421 2962 586 3029 μηδὲν
613 2964 817 3030 προσῆν
845 2963 1103 3028 τοιοῦτον,
1133 2965 1496 3033 ἀποχρώντως
1527 2967 1638 3034 ἔχει
1673 2967 1781 3035 (78)
1825 2968 1884 3017 τὸ
1952 2967 2064 3018 ἀντ’
2110 2966 2225 3036 [82]
2267 2968 2429 3019 αύτοῦ
2468 2968 2649 3020 δοῦναι
2701 2970 2824 3032 τοὺς
2869 2971 3312 3041 συνεδριάσαντας
3381 2976 3446 3040 ’.ᾗ

233 3057 435 3124 συνόδῳ
465 3057 557 3107 καὶ
586 3058 646 3108 τὸ
678 3059 848 3128 πέρας
893 3059 1158 3129 λαϐούσης
1200 3062 1481 3129 ὁμολογεῖν
1526 3062 1786 3129 ἐμμένειν
1815 3065 1926 3123 τοῖς
1958 3063 2346 3130 ἐψηφισμένοις
2380 3063 2510 3133 (79).

302 3152 378 3205 π’.
439 3154 597 3204 Ἀλλὰ
624 3156 730 3223 γὰρ
767 3157 919 3207 οὐδέν
951 3160 1094 3209 ἐστιν
1127 3153 1234 3210 οἷον
1274 3159 1450 3211 αὐτῶν
1497 3160 1603 3210 τῶν
1639 3159 1796 3228 ἱερῶν
1825 3165 1868 3222 C
1970 3165 1974 3206 :

1770 3175 1796 3210 ν
1825 3165 1868 3222 C
1970 3158 2057 3213 80.
2087 3158 2282 3212 Verum
2327 3171 2542 3227 praestat
2578 3160 2804 3228 ipsumet
2849 3176 2997 3214 sacra
3042 3162 3229 3216 audire
3262 3165 3442 3215 verita.

231 3243 451 3298 ἀκούειν
502 3244 759 3312 ῥημάτων
805 3246 952 3316 (80)·
1002 3248 1149 3315 λέγει
1181 3248 1287 3318 γὰρ
1340 3248 1448 3319 (81)
1502 3249 1636 3314 μετὰ
1687 3251 1786 3316 τὴν

1891 3251 2188 3304 Dicitenim
2214 3251 2490 3318 (synodus)
2525 3251 3051 3318 postexpositionem
3081 3251 3227 3315 ﬁdei,
3280 3269 3365 3321 qu:
3387 3270 3440 3306 m

1355 3429 1583 3483 VABIA'J
1620 3428 1995 3485 LECTIONES
2025 3429 2109 3483 ET
2139 3429 2366 3485 NOTAE.

305 3583 418 3647 (70)
458 3583 583 3636 Hzec
620 3583 783 3636 verba
824 3600 837 3634 :
889 3600 908 3633 ι
947 3581 1053 3636 Leo
1087 3582 1157 3635 Μ.
1197 3583 1286 3650 qui
1320 3590 1556 3636 sanctam
1610 3583 1791 3636 Roma:

232 3653 560 3721 pastoralem
594 3668 776 3705 curam
811 3654 1127 3705 sanctiorem
1178 3654 1353 3705 adhuc
1385 3652 1788 3712 demonstravit,

231 3723 432 3789 quique
462 3721 558 3772 fuit
581 3731 784 3787 quartae
815 3722 997 3789 synodi
1030 3721 1295 3784 columen,
1330 3739 1347 3770 ι
1386 3722 1554 3787 (Λέων
1575 3749 1639 3759 —-
1670 3737 1790 3771 συν-

231 3793 375 3854 ὁδου)
405 3790 619 3843 adducit
662 3791 829 3842 Maius
859 3791 899 3843 l.
945 3806 992 3843 c.
1032 3789 1107 3842 De
1153 3789 1330 3842 Leone
1371 3790 1383 3840 I
1421 3790 1618 3856 pariter
1656 3789 1794 3842 Plio-

235 3862 342 3912 tius
374 3860 535 3928 epist.
571 3861 633 3912 ad
658 3861 896 3928 arcliiep.
927 3860 1178 3927 Aquilei.:
1221 3859 1278 3910 '0
1310 3859 1406 3926 μὲν
1432 3860 1561 3925 (Leo
1592 3859 1790 3928 senior)

233 3932 298 3998 τῇ
350 3930 608 3999 τέτὰρτῃγ
646 3932 738 3999 καξι
787 3927 1134 3995 οἰκούμενικῇ
1185 3930 1313 3999 ἁγίᾳ
1350 3929 1548 3999 συνῌόιζῳ
1595 3927 1791 3999 πολλὴν

236 3995 663 4062 συνεισενεγκὼν
682 3997 776 4064 τὴν
807 4001 1164 4064 συγκρότησιν
1194 3995 1363 4048 διάίτε
1391 3996 1495 4046 τῶν
1524 3999 1598 4056 εἰς
1627 3995 1790 4062 πρόσ-

232 4083 382 4117 ωπον
435 4069 598 4118 αὑτοῦ
632 4069 927 4119 σταλέντων
952 4067 1132 4134 ηἱερῶν
1175 4066 1376 4134 ἀνδρῶν
1399 4104 1412 4127 ,
1455 4066 1546 4117 καὶ
1574 4065 1790 4134 διὰντῆς

234 4134 440 4194 οἰκείας
493 4136 810 4204 ἐπιστολῆς,
847 4135 912 4185 δι’
938 4132 1009 4204 ᾖς
1033 4132 1143 4185 καὶ
1171 4132 1457 4204 Νεστδριος
1488 4135 1578 4204 καὶ
1627 4133 1791 4183 Εὐτυ-

235 4207 334 4275 χὴς
363 4200 812 4272 καταϐέϐληνται,
848 4222 900 4255 εν
933 4200 1430 4275 mutatve-sua
1456 4203 1514 4275 τὸ
1540 4204 1689 4275 ἅγιον
1732 4205 1793 4252 ἐκ

238 4273 331 4322 τοῦ
365 4275 578 4341 Πατρὸς
611 4278 745 4325 κατὰ
783 4275 876 4333 τὰς
913 4272 1015 4335 πρὸ
1050 4274 1209 4323 αὐτοῦ
1241 4272 1514 4331 συνεδικὰς
1561 4272 1791 4341 ψήφους,

236 4342 350 4392 αλλ’
379 4339 498 4409 ούχῖ
528 4345 622 4394 κα).
643 4345 704 4393 ἐκ
727 4343 818 4394 τοῦ
840 4343 966 4392 Υἱοῦ
990 4344 1352 4408 ἀνεκήρυττεν
1379 4339 1788 4409 ἐκπορεύεσθαι.

307 4412 421 4477 (7l)
449 4408 565 4474 Quo
588 4413 640 4464 in
675 4413 875 4464 honore
907 4427 1118 4476 semper
1157 4411 1351 4463 habita:
1381 4408 1579 4460 fuerint
1605 4409 1793 4461 Leonis

235 4478 432 4532 littera:
461 4482 795 4548 doginaticae,
855 4480 1149 4548 praesertim
1179 4480 1356 4548 epista
1378 4477 1446 4530 ‘28
1476 4480 1538 4530 ad
1585 4478 1791 4548 Flavia-

235 4529 1026 4610 ntt'tiirostaidtt‘nt—iéalleritii'i
1063 4529 1620 4600 adlinottitneidem
1650 4529 1793 4613 repi-
1830 4529 1870 4582 θ

235 4618 389 4671 stolae
419 4621 687 4686 praaniissa
715 4616 883 4684 (Opp.
923 4617 1086 4669 Leon.
1121 4616 1158 4679 l,
1185 4616 1279 4670 751
1317 4632 1429 4683 seq.
1458 4618 1540 4669 ed.
1576 4615 1793 4683 MIGNE).

309 4688 427 4752 (72)
470 4687 634 4739 l’alat.
665 4687 702 4739 f.
732 4687 837 4740 240
869 4687 919 4738 b.
952 4687 1154 4754 ἐκείνη.

308 4756 422 4823 (75)
457 4757 682 4808 Allatius
716 4757 831 4809 loco
860 4770 978 4809 mox
1019 4753 1231 4809 citando
1268 4772 1279 4805 :
1323 4755 1474 4805 Ὅσοι
1506 4753 1561 4804 δὲ
1592 4753 1698 4803 τῶν
1729 4754 1791 4804 ίδ.

309 4822 425 4890 (74)
459 4824 624 4878 Vatic.
664 4827 701 4878 f.
742 4825 848 4878 205
879 4834 932 4878 et
971 4823 1126 4877 All-at.
1166 4824 1500 4876 Λουκινσίου.
1553 4827 1605 4874 In
1637 4822 1793 4889 epist.

237 4894 427 4946 “Itale.
457 4910 609 4946 conc.
647 4894 850 4962 (Leon.
891 4894 1049 4961 epist.
1085 4893 1187 4956 93)
1215 4894 1562 4963 Λουκηνσίου,
1602 4903 1656 4943 ut
1685 4891 1796 4944 fere

237 4963 370 5015 alias
395 4979 631 5030 semper.

309 5034 424 5101 (75)
459 5034 611 5100 Apud
647 5033 801 5085 Allat.
839 5033 1120 5099 μυριάκος.

309 5105 425 5170 (76)
460 5101 512 5153 In
541 5103 667 5171 (Sol1
693 5119 743 5171 p.
776 5103 878 5155 505
910 5104 1063 5155 deest
1088 5102 1204 5154 οὐκ.

311 5168 426 5237 (77)
459 5173 584 5224 Ibid.
619 5168 753 5223 εἶν-αι
787 5171 1224 5240 διαμαρτύρεται.

315 5235 428 5306 (78)
469 5242 522 5293 Id
561 5251 735 5293 tamen
769 5235 890 5292 non'
916 5235 1131 5307 penitus
1157 5238 1400 5290 sullicere
1427 5237 1612 5289 Patres
1637 5235 1794 5290 Chal-

237 5315 579 5365 cedonenses
628 5311 726 5362 rati
766 5324 884 5362 esse
917 5309 1182 5369 videntur,
1219 5307 1304 5374 qui
1343 5317 1396 5359 et
1422 5308 1733 5358 solemniter
1766 5323 1795 5359 a

241 5387 424 5435 Leone
456 5378 914 5432 conﬁrmationem
944 5379 1277 5430 decretorum
1312 5379 1636 5444 petiverunt.
1669 5376 1795 5429 Vide

236 5453 398 5518 epist.
437 5451 582 5518 inter
614 5448 782 5500 Leon.
823 5462 943 5514 epp.
987 5461 1040 5518 n_.
1080 5447 1146 5498 98
1178 5446 1304 5498 Ball.

310 5520 424 5585 (79)
460 5517 571 5570 Hoc
616 5526 787 5569 totum
829 5511 990 5582 caput
1020 5515 1128 5580 jam
1180 5511 1535 5585 protulit_Leo
1577 5513 1795 5566 Allatius

239 5583 470 5655 (contra
506 5588 738 5654 IIotting.
770 5585 948 5655 “O_l_|l'£
982 5585 1130 5646 ltitil,
1165 5602 1216 5652 p.
1241 5585 1364 5644 ‘267,
1393 5583 1516 5655 268)
1546 5587 1646 5655 hac
1670 5586 1795 5636 Stib-

235 5652 423 5724 juncta
457 5652 748 5708 versione:
782 5673 804 5724 Α(
842 5652 904 5706 Et
927 5655 1051 5721 quid
1085 5663 1298 5721 oportet
1321 5668 1405 5705 me
1427 5652 1477 5703 in
1513 5652 1795 5724 aliistem-

242 5721 340 5794 pus
396 5723 750 5794 consumere?
779 5722 886 5774 Leo
935 5725 1186 5794 lllagnns._
1214 5724 1302 5789 qui
1340 5731 1573 5774 sacratas
1614 5721 1794 5794 ilonnc

240 5791 398 5849 curas
461 5793 782 5847 Sacratiores
827 5792 1247 5857 demonstravit,
1301 5801 1503 5860 quarta:
1546 5791 1792 5843 columna

439 5888 717 5946 PATItOL.
764 5884 879 5945 Gn.
932 5883 1059 5943 Cll.

1894 3583 2106 3651 synodi,
2139 3585 2252 3637 suis
2296 3599 2325 3636 a
2355 3583 2463 3636 Deo
2492 3583 2762 3650 inspiratis
2787 3592 2840 3636 et
2864 3583 3180 3652 dogmaticis
3203 3584 3444 3652 epistolis

1893 3662 1947 3704 et
1996 3654 2058 3706 iis
2091 3669 2209 3720 quae
2240 3669 2390 3705 suam
2427 3654 2879 3720 praeminentium
2907 3654 3176 3718 complent
3205 3653 3316 3717 (sed
3352 3670 3442 3718 po-

1896 3722 2002 3773 tius
2059 3725 2123 3774 ad
2178 3723 2376 3789 legatos
2426 3723 2526 3774 hoc
2564 3722 2790 3773 incisum
2831 3723 3172 3773 referendum
3211 3723 3440 3782 videtur,

1894 3791 1982 3857 qui
2035 3802 2160 3844 sunt
2205 3794 2251 3843 οί
2285 3789 2720 3857 ἀναπληροῦντες
2752 3791 2809 3841 τὸ
2842 3791 3167 3858 προνόμιον)
3195 3806 3294 3843 nec
3335 3808 3440 3842 non

1895 3861 2201 3921 concordia,
2237 3861 2304 3912 ob
2332 3861 2388 3927 (Ι.
2425 3870 2534 3926 per)
2569 3874 2724 3926 quam
2752 3875 2996 3927 magnum
3029 3860 3174 3911 illum
3199 3870 3251 3912 et
3283 3875 3309 3911 a
3337 3860 3445 3912 Deo

1897 3930 2176 3982 collectum
2208 3939 2405 3982 etetum
2444 3929 2861 3983 eohonestabat.
2898 3943 2959 3980 ea
2988 3929 3097 3995 ipsa
3135 3939 3289 3980 recte
3321 3928 3440 3980 ﬁdei

1897 3998 2284 4050 illuniinatione
2334 4013 2545 4050 omnem
2595 4012 2702 4048 non
2739 3998 2908 4049 solum
2941 3996 3306 4054 Occidentem.
3350 3997 3443 4051 sed

1896 4077 1949 4119 et
1978 4065 2212 4119 Orientis
2239 4069 2497 4119 terminos
2523 4066 2814 4125 illustrans,
2849 4067 3242 4118 sanctissimum
3275 4064 3444 4132 Spiri-

1897 4144 2007 4188 tum
2042 4150 2236 4188 sonora
2271 4150 2399 4187 voce
2425 4150 2490 4186 ex
2520 4135 2675 4186 Patre
2715 4134 3003 4202 procedere
3035 4135 3222 4194 docet;
3270 4135 3362 4186 sed
3389 4146 3444 4188 et

1896 4220 2102 4263 omnes.
2138 4206 2225 4272 qui
2256 4215 2440 4258 contra
2474 4204 2657 4272 synodi
2686 4203 3006 4261 sententiam
3034 4205 3220 4270 dogma
3253 4204 3442 4255 decer-

1900 4289 2026 4325 nere
2069 4275 2421 4329 contendunt.
2455 4289 2568 4330 eos.
2607 4273 2845 4341 inquam.
2871 4272 2913 4322 si
2948 4274 3242 4324 sacerdotis
3268 4272 3442 4339 digni-

1903 4352 2009 4394 tate
2040 4345 2390 4400 adornantur,
2430 4344 2727 4394 sacerdotio
2757 4342 2983 4407 spoliat;
3014 4343 3056 4391 si
3092 4356 3214 4392 vero
3249 4341 3441 4393 idiota-

1903 4428 2018 4464 rum
2058 4411 2357 4479 (laicorum)
2388 4412 2558 4463 locnm
2598 4421 2796 4468 tenent.
2831 4410 2942 4461 sive
2975 4410 3093 4479 vitae
3135 4410 3442 4463 monasticae

1901 4481 2097 4532 addicti
2154 4478 2378 4540 fuerint,
2437 4480 2547 4532 sive
2610 4479 2836 4545 publicis
2884 4478 3160 4545 plebisque
3215 4479 3442 4545 negotiis

1899 4549 2260 4616 implicantur,
2293 4548 2618 4601 anathemati
2644 4547 2878 4615 subjicit.
2901 4547 3121 4616 iEtenim
3149 4562 3188 4616 a_
3205 4545 3310 4598 Deo
3333 4548 3443 4616 Spi-

1899 4614 2024 4670 ratie
2056 4618 2242 4686 synodi
2283 4619 2496 4671 decreta
2531 4614 2866 4686 divinusili‘ic
2900 4615 3004 4667 Leo
3030 4630 3123 4682 per
3162 4614 3441 4686 Paschasi-

1897 4702 2047 4746 num.
2085 4684 2429 4740 ‘Lucentium.
2460 4696 2513 4738 et
2548 4685 2877 4738 Bonifacium
2935 4694 3148 4752 sanctos
3199 4684 3441 4736 licinines

1898 4756 2193 4824 subsignat.
2236 4766 2292 4808 ut
2333 4755 2553 4807 inﬁnitis
2580 4755 2786 4806 vicibus
2816 4769 2908 4805 eos
2933 4754 3116 4824 audire
3157 4752 3439 4824 possimus,

1897 4840 1994 4877 nec
2042 4822 2211 4877 solum
2248 4825 2410 4891 ipsos,
2452 4824 2546 4876 sed
2580 4837 2702 4875 eum
2749 4837 2981 4890 quoque,
3027 4822 3114 4888 qui
3147 4836 3240 4873 eos
3277 4822 3440 4874 mise-

1896 4903 1998 4946 rat.
2045 4892 2281 4960 Namque
2333 4893 2611 4960 synodales
2633 4891 2885 4959 epistolas
2934 4891 3173 4951 mittens,
3222 4905 3439 4942 suorum

1896 4962 2070 5014 locum
2103 4962 2396 5015 tenentium
2420 4969 2474 5014 et
2503 4976 2780 5013 sermones
2811 4969 2864 5012 et
2893 4961 3212 5013 sententiam
3244 4969 3293 5011 et
3332 4960 3435 5011 cal-

1895 5033 2045 5083 culos
2075 5047 2182 5083 non
2207 5047 2412 5092 eorum,
2443 5031 2534 5082 sed
2571 5030 2935 5098 suimetipsius
2966 5043 3082 5082 esse
3112 5037 3441 5080 contestatur

1895 5113 1948 5152 et
1977 5101 2276 5153 conﬁrmat.
2325 5099 2390 5151 Et
2438 5100 2481 5152 si
2533 5098 2664 5151 nihil
2700 5101 2800 5151 tale
2841 5099 3068 5156 adesset,
3104 5105 3279 5147 tamen
3314 5099 3440 5149 satis

1895 5169 2210 5236 abundeque
2259 5176 2357 5226 est.
2412 5169 2454 5219 si
2503 5168 2620 5220 loco
2670 5169 2749 5220 sui
2797 5167 3003 5219 dederit
3051 5181 3162 5236 eos.
3215 5166 3304 5232 qui
3336 5181 3438 5236 una

1896 5238 2052 5290 simul
2089 5234 2142 5289 iii
2171 5238 2369 5303 synodo
2401 5238 2718 5296 assiderent,
2752 5251 2920 5303 eaque
2965 5250 3086 5287 cum
3136 5234 3295 5286 ﬁnem
3342 5235 3436 5285 ha-

1896 5307 2116 5369 buisset,
2181 5297 2477 5359 faterentur
2531 5297 3327 5375 persiswre'perseverareque
3385 5305 3436 5356 in

1895 5376 2147 5428 decretis.
2182 5395 2198 5425 ι

1965 5445 2074 5511 (80)
2104 5446 2169 5497 At
2205 5443 2480 5497 enimvero
2515 5444 2647 5497 nihil
2678 5443 2870 5496 melius
2910 5451 3009 5504 est,
3041 5457 3198 5509 quam
3240 5452 3295 5496 ut
3326 5443 3435 5511 ipsa

1895 5529 2045 5565 saera
2070 5514 2227 5566 verba
2253 5515 2550 5570 audiamus.
2583 5513 2692 5566 sive
2721 5531 2733 5564 :
2760 5513 2826 5564 At
2853 5527 2980 5564 vero
3009 5515 3274 5579 Optimum
3295 5515 3435 5565 l'ac.u

1894 5586 1997 5634 erit
2033 5583 2144 5650 ipsa
2177 5584 2287 5635 inec
2331 5599 2476 5635 saera
2519 5584 2674 5635 verba
2722 5582 2907 5636 audire
2941 5609 2989 5620 -
3037 5577 3184 5631 οὐδὲν
3221 5577 3330 5633 οἷον
3364 5583 3436 5635 ita

1896 5652 2034 5719 apud
2088 5651 2360 5704 Platonem
2413 5653 2464 5704 in
2500 5651 2713 5719 Gorgia,
2749 5651 3161 5704 Demusthenem
3201 5652 3437 5718 aliosque

1895 5732 2142 5774 auctores
2165 5722 2415 5774 elassicoa
2439 5723 2692 5779 occurrit,
2721 5732 2778 5773 ut
2799 5722 3129 5789 grammatici
3159 5730 3362 5773 notant.

1966 5791 2075 5860 (8|)
2131 5790 2254 5844 Scil.
2313 5791 2595 5844 concilium
2653 5791 3113 5849 Chalcedone-nso,
3171 5808 3231 5841 ex
3287 5791 3438 5857 cujus

3062 5884 3132 5940 12
