4234 6432
788 377 889 442 367

1947 383 2197 446 ΡΠΟἸῚΙ
2246 384 2735 441 PA'l‘lilAKUH/L'
2773 390 2859 442 (21’

3907 383 4009 446 368

788 491 1055 560 similique
1083 491 1198 544 zelo
1224 506 1286 545 ex
1335 491 1488 545 l’atrc
1508 493 1800 559 procedere
1830 495 2156 556 enuntiavit,
2192 494 2339 544 illos-
2371 499 2414 549 Α
2445 509 2460 541 c

2334 521 2339 529 ι
2371 499 2414 549 Α
2445 491 2608 544 αὑτοῦ
2644 494 2870 556 καὶτοῖς
2900 496 2994 547 σὺν
3026 493 3170 562 αύτῷ
3195 495 3474 563 Πατράσιν
3504 495 3561 546 ἐν
3584 495 3683 562 ἴσῳ
3722 497 3812 547 καὶ
3838 499 4006 565 ὁμοίῳ

787 597 908 650 que,
943 582 1034 649 qui
1063 581 1337 651 quidpiam
1361 583 1504 636 aliud
1530 584 1582 635 in
1615 584 1823 636 ratione
1862 583 2125 652 dogmatis
2155 593 2346 652 praeter

788 669 1098 724 unanimem
1134 679 1187 724 et
1211 686 1554 725 communem
1588 671 1989 726 Catholicorum
2018 671 2177 724 ﬁdem
2217 687 2342 740 pro-

785 765 980 818 ducere
1017 762 1298 826 audcrent,
1332 762 1509 817 eidem
1561 764 1919 818 anathematis
1953 764 2172 820 vinculo
2211 763 2341 815 sub-

784 853 930 922 jeeit.

855 1033 941 1088 83.
973 1032 1167 1087 Videas
1184 1047 1313 1086 vero
1335 1034 1536 1085 bonum
1581 1047 1797 1100 quoque
1837 1034 2171 1101 probumque
2202 1033 2338 1101 Aga-

787 1130 1004 1182 thonem
1029 1129 1218 1183 iisdem
1249 1141 1392 1184 recte
1425 1130 1582 1184 factis
1599 1131 1915 1200 gloriantem
1939 1149 1952 1196 ;
1973 1146 2095 1183 nam
2122 1139 2177 1183 et
2223 1131 2336 1198 ipse

780 1227 988 1272 sextam
1047 1221 1334 1290 synodum,
1385 1237 1507 1289 quae
1567 1221 1754 1275 itidem
1791 1223 1929 1275 inter
1972 1221 2338 1275 (ecumenicas

780 1311 997 1376 emicat,
1031 1328 1268 1381 praesens
1308 1329 1416 1366 non
1440 1328 1667 1382 corpore
1709 1314 1804 1367 sed
1861 1313 2042 1368 animo
2079 1313 2335 1382 omnique

782 1403 962 1456 studio
1007 1419 1102 1471 per
1141 1419 1267 1458 suos
1296 1404 1496 1473 legatos
1532 1404 1947 1458 concelebrabat
1972 1415 2025 1458 et
2050 1405 2335 1459 collustra-

782 1495 905 1558 bat;
963 1495 1084 1548 ideo
1128 1506 1183 1550 et
1222 1497 1522 1565 symbolum
1575 1496 1800 1550 sincerae
1849 1506 2046 1550 nostra:
2082 1511 2334 1565 puraeque

780 1583 1040 1638 ﬁdeisine
1071 1585 1175 1638 ulla
1207 1586 1502 1640 variatione
1548 1595 1642 1640 aut
1705 1587 2052 1641 innovatione
2108 1589 2172 1641 ad
2205 1604 2334 1641 nor-

778 1689 917 1726 mam
953 1675 1374 1743 przecedentiutn
1394 1677 1718 1747 synodorum
1745 1677 2084 1730 conservavit
2108 1677 2333 1745 illosque

777 1764 864 1831 qui
895 1765 1095 1833 aliquid
1128 1782 1336 1829 eorum,
1371 1783 1490 1834 quae
1527 1768 1598 1821 ibi
1640 1769 1978 1833 sanciuntur,
2013 1770 2121 1821 imo
2153 1768 2332 1837 potius

2448 579 2594 650 ζήλῳ
2631 585 2694 635 ἐκ
2713 585 2807 637 τοῦ
2841 588 3048 656 Πατρὸς
3101 590 3436 658 ἀνεκήρυξεν
3489 589 3882 655 ἐκπορεύεσθαι
3916 594 4006 643 καὶ

2444 673 2568 732 τοὺς
2599 672 2651 722 εί
2674 688 2726 723 τι
2765 673 2892 726 ἄλλο
2931 675 3068 726 κατὰ
3092 674 3247 739 λόγον
3277 675 3544 740 δόγματος
3576 675 3720 742 παρὰ
3745 674 3843 742 τὴν
3875 676 4005 741 ὁμό-

2445 762 2624 830 ψηφον
2649 764 2728 832 (9)
2760 764 2854 816 καὶ
2880 766 3064 833 κοινὴν
3093 767 3201 818 τῶν
3229 766 3594 818 εὐσεϐούντων
3655 766 3838 817 πίστιν
3876 780 4008 834 προ-

2443 853 2595 919 άγειν
2625 853 2956 924 ἕλοιντομο)
2988 858 3098 919 τοὶς
3133 855 3267 918 ίσοις
3297 855 3513 926 δεσμοῖς
3545 857 3637 909 τοῦ
3667 856 4007 926 ἀναθὲματος

2443 943 2758 1013 ὑπηγάγετο
2781 946 2913 1016 (11).

2512 1041 2620 1102 πγ’.
2647 1033 2785 1108 [ιθ’.]
2819 1039 2974 1100 Ἰδοις
3023 1038 3067 1090 δ’
3098 1038 3166 1091 ἂν
3217 1040 3308 1090 καὶ
3341 1040 3431 1091 τὸν
3462 1040 3624 1092 καλὸν
3671 1039 3764 1091 καὶ
3805 1038 4005 1106 ἀγαοὶν

2455 1125 2734 1192 Ἀγάθωνα
2756 1130 2867 1188 τοῖς
2893 1129 3076 1189 αὐτοῖς
3104 1127 3554 1197 ἀνδραγαθήμασι
3579 1127 4003 1197 σεμνυνόμενονθ

2441 1218 2534 1268 καὶ
2566 1217 2673 1286 γὰρ
2712 1218 2872 1280 αὐτὸς
2903 1219 3015 1285 (12)
3056 1217 3168 1290 [8η
3199 1215 3297 1289 τὴν
3342 1222 3509 1281 ἕκτην
3557 1218 3772 1271 σύνοδον
3801 1219 4000 1287 (οίκουι

2441 1308 2647 1377 μενικῷ
2683 1307 2740 1360 δὲ
2774 1311 2867 1361 καὶ
2900 1311 3038 1377 αὑτὴ
3074 1310 3366 1377 διαλάμπει
3420 1311 3734 1380 ἀξιώματι),
3786 1310 4001 1380 παρὼν,

2436 1402 2485 1452 εί
2518 1404 2610 1454 κα).
2644 1403 2717 1471 μὴ
2746 1401 2978 1470 σώματι,
3019 1403 3210 1473 γνώμῃ
3244 1403 3299 1455 δὶ
3343 1405 3436 1455 καὶ
3475 1405 3621 1473 πάσῃ
3658 1402 3882 1472 σπουδῇ,
3914 1402 4000 1454 διὰ

2433 1489 2542 1541 τῶν
2574 1489 2738 1542 αὑτοῦ
2777 1493 3166 1562 τοποτηρητῶν
3212 1493 3526 1561 συνεκρότει
3571 1509 3629 1544 τε
3667 1479 3871 1562 ταῧτην
3906 1495 3999 1544 καὶ

2435 1580 2763 1647 κατηγλάῖζε
2796 1583 2904 1651 (13)
2927 1598 2939 1610 ·
2965 1582 3044 1634 διὸ
3070 1583 3126 1635 τό
3157 1600 3213 1634 τε
3243 1582 3509 1650 σύμϐολον
3541 1582 3642 1650 τῆς
3672 1582 3996 1651 εἰλικρινοῦς

2434 1670 2590 1738 ἡμῶν
2625 1673 2716 1724 καὶ
2752 1673 2998 1743 καθαρᾶς
3025 1673 3259 1734 πίστεως
3293 1673 3710 1742 ἀπαράλλακτον
3733 1674 3826 1725 καὶ
3859 1673 3996 1724 κατὰ

2433 1762 2526 1822 τὰς
2544 1761 2924 1832 προλασούσας
2948 1764 3196 1826 συνόδους
3216 1763 3644 1833 ἁκαινοτόμητον
3664 1764 3855 1832 συνετή
3865 1780 3996 1832 ρησε

776 1854 842 1906 ab
872 1854 1026 1908 initio
1044 1855 1248 1908 sancita
1266 1865 1439 1919 erant,
1466 1857 1698 1908 audeant
1734 1871 2035 1920 removere,
2074 1856 2140 1909 ad
2189 1855 2332 1908 diras
2360 1829 2406 1886 Β
2435 1867 2448 1902 ι

2321 1871 2332 1908 ς
2360 1829 2406 1886 Β
2435 1853 2525 1902 καὶ
2558 1855 2683 1914 τοὺς
2728 1857 3052 1922 παρακινεῖν
3081 1871 3132 1907 τι
3165 1854 3276 1907 τῶν
3318 1857 3416 1906 ὅσα
3449 1854 3761 1924 δογματίζει
3793 1853 3993 1923 θρασυ-

776 1946 1006 2013 :equales
1027 1945 1355 1999 conﬁrmans
1395 1955 1449 1998 ct.
1473 1947 1762 2015 obsignans
1791 1948 1983 2016 reiicit.

842 2124 928 2178 84.
958 2124 1237 2190 Quomodo
1264 2133 1444 2178 autem
1468 2123 1687 2178 silentio
1709 2132 2026 2192 praeteream
2058 2122 2332 2178 Romanos

774 2215 1057 2284 pontiﬁces
1087 2216 1400 2285 Gregorium
1450 2224 1505 2269 et
1552 2214 1889 2278 Zachariam,
1934 2215 2079 2268 viros
2139 2214 2228 2283 qui
2275 2225 2329 2268 et

775 2308 970 2360 virtute
988 2306 1299 2359 claruerunt
1323 2315 1376 2359 et
1403 2306 1597 2359 divina:
1626 2305 1904 2375 sapientia:
1918 2305 2177 2360 doctrinis
2205 2323 2326 2377 grc—

773 2413 888 2468 gem
913 2413 1067 2450 suum
1094 2407 1380 2461 auxerunt,
1400 2398 1507 2452 imo
1536 2405 1592 2451 et
1629 2397 2008 2452 miraculorum
2033 2398 2191 2453 donis
2246 2400 2328 2452 ef-

776 2488 1082 2540 fulserunt?
1111 2487 1318 2540 Etenim
1359 2487 1485 2540 licet
1540 2497 1732 2541 neuter
1789 2503 1976 2542 eorum
2013 2489 2068 2542 in
2127 2491 2329 2560 synodo

772 2579 1108 2631 mcumenica
1138 2577 1464 2640 consideret,
1485 2585 1718 2630 attamen
1744 2579 1918 2645 palam
1956 2587 2012 2631 et
2031 2579 2330 2633 luculenter

770 2668 836 2720 ad
867 2667 1220 2719 imitationem
1253 2665 1464 2718 illorum
1505 2664 1905 2718 sanetissimum
1961 2666 2222 2734 Spiritum
2262 2683 2324 2721 ex

775 2756 930 2810 Patre
965 2757 1256 2825 procedere
1303 2755 1626 2811 docuerunt.
1666 2756 1728 2809 Et
1787 2755 2078 2827 Gregorius
2110 2759 2326 2827 quidem

773 2865 877 2900 non
909 2848 1076 2902 multo
1113 2856 1231 2916 post
1264 2857 1470 2901 sextam
1492 2847 1751 2917 synodum
1790 2846 1993 2912 ﬂoruit,
2041 2848 2328 2903 Zacharias

773 2954 902 2992 vero
941 2946 1157 2992 centum
1189 2937 1466 3007 sexaginta
1512 2937 1749 3006 quinque
1794 2946 1914 3007 post
1946 2939 2130 3002 annis;
2167 2941 2328 3008 hique

779 3031 1036 3083 traditum
1069 3045 1099 3083 a
1136 3029 1363 3083 Domino
1404 3029 1761 3097 Patribusque
1807 3031 2000 3099 dogma
2035 3030 2090 3083 in
2146 3032 2328 3086 animo

2433 1943 2729 2012 νομένους,
2780 1945 2978 2010 μᾶλλον
3028 1945 3134 1997 τῶν
3189 1945 3250 2008 ἐξ
3297 1946 3468 2015 ἀρχῆς
3503 1944 3994 2013 δογματισθέντων,

2432 2032 2841 2101 ὲπισφραγίζων
2868 2034 2976 2100 (14)
3008 2035 3087 2096 είς
3112 2035 3208 2095 τὰς
3243 2034 3362 2096 [σας
3391 2034 3529 2104 ἀρὰς
3561 2034 3911 2103 ἀπορρίπτει.

2505 2123 2607 2175 πδ’.
2648 2122 2765 2194 [κ’.]
2802 2123 2923 2185 Πῶς
2954 2125 2998 2176 δ’
3029 2123 3095 2177 ἂν
3124 2123 3454 2194 παρέλθοιμι
3490 2126 3615 2192 σιγῇ
3643 2124 3768 2184 τοὺς
3805 2125 3992 2192 ἀρχιε-

2433 2214 2559 2283 ρέας
2602 2213 2842 2284 Ῥώμης,
2883 2214 3180 2286 Γρηγόριόν
3225 2231 3284 2268 τε
3321 2215 3413 2266 καὶ
3447 2214 3750 2284 Ζαχαρίαν,
3793 2212 3993 2284 ἄνδρας

2429 2306 2596 2375 ἀρετῇ
2632 2305 3039 2375 διαπρέψαντας
3081 2308 3174 2358 καὶ
3221 2305 3588 2368 διδασκαλίαις
3621 2305 3896 2373 θεοσόφοις
3933 2307 3995 2356 τδ

2431 2395 2680 2464 ποίμνιον
2723 2397 3186 2465 συναυξήσαντας,
3213 2397 3300 2449 ναὶ
3329 2397 3391 2466 δὴ
3437 2397 3529 2450 καὶ
3557 2396 3850 2465 θαυμάτων
3897 2412 3992 2464 χα-

2430 2487 2660 2556 ρίσμασι
2691 2487 3100 2558 διαλάμψαντας
3130 2491 3240 2557 (15)
3266 2506 3278 2553 ;
3316 2492 3421 2542 Kal.
3444 2491 3552 2557 γὰρ
3584 2489 3788 2541 τούτων
3816 2488 3866 2541 εί
3898 2490 3994 2540 καὶ

2431 2579 2724 2649 μηδέτερος
2770 2581 3164 2648 οἰκουμενικοῖς
3197 2581 3504 2649 προνομίοις
3543 2580 3826 2651 ἀνηγμένη
3867 2597 3988 2632 συν-

2429 2668 2644 2738 εδρίασε
2675 2670 2894 2739 συνόδῳ,
2925 2669 3038 2721 ἀλλ’
3060 2666 3152 2723 οὖν
3168 2669 3433 2739 λαμπρῶς
3462 2686 3517 2720 τε
3551 2671 3644 2721 κα).
3676 2670 3988 2739 περιφανῶς

2429 2759 2567 2810 κατὰ
2599 2759 2829 2827 μίμησιν
2871 2760 3093 2811 ἐκείνων
3131 2760 3191 2812 τὸ
3236 2759 3500 2825 πανάγιον
3531 2758 3752 2827 Πνεῦμα
3797 2759 3862 2810 ὲκ
3894 2757 3986 2808 τοῦ

2429 2845 2638 2913 Πατρδς
2671 2844 2978 2912 θεολογοῦσι
3020 2847 3436 2916 ἐκπορεύεσθαι.
3485 2847 3540 2900 '0
3583 2847 3682 2917 μὲν
3725 2846 3863 2916 μετὰ
3894 2846 3990 2916 τὴν

2427 2935 2592 3004 ἕκτην
2627 2935 2736 3004 (16)
2790 2937 2850 2988 ού
2903 2936 3098 2989 πολλοῦ
3131 2939 3350 3006 ῥυέντος
3379 2939 3694 3006 ἐνακμάσας
3741 2939 3934 3006 χρόνου
3963 2938 3990 2988 ό

2428 3027 2571 3089 θεῖος
2619 3029 2953 3099 Γρηγόριοςο
3006 3030 3280 3098 Ζαχαρίας
3317 3029 3372 3082 δὲ
3420 3029 3448 3081 ό
3495 3029 3776 3094 θεσπέσιος
3830 3032 3989 3081 πέντε

773 3132 1026 3190 tanquam
1082 3122 1136 3175 in
1190 3137 1329 3190 puro
1375 3123 1819 3190 intemeratoque—
1859 3123 2097 3176 thalamo
2140 3132 2321 3177 custo-
2351 3157 2393 3214 ο
2429 3135 2445 3168 >

2351 3157 2393 3214 C
2429 3118 2520 3169 καὶ
2549 3118 2812 3186 ἑξήκοντα
2857 3120 2952 3171 καὶ
2981 3121 3170 3172 ἑκατὸν
3209 3120 3433 3188 ὕστερον
3462 3119 3639 3172 ἐτεσιν
3670 3121 3812 3188 (17)·
3845 3119 3893 3171 οἳ
3932 3121 3994 3170 τὸ

769 3215 978 3268 dientes
1007 3213 1273 3267 indeillud
1301 3213 1566 3282 integrum
1585 3220 1749 3281 atque
1773 3213 2325 3282 incorruptum,alter
2359 3207 2391 3214 ⁷
2425 3219 2441 3260 Δ

2316 3232 2325 3244 ·
2359 3207 2391 3214 ⁷
2425 3211 2750 3262 Δεσποτικδν
2798 3213 2892 3264 καὶ
2923 3211 3192 3281 πατρικὸν
3229 3210 3404 3277 δόγμα
3446 3207 3560 3280 [88]
3586 3210 3678 3260 καὶ
3723 3209 3988 3278 κήρυγμα

772 3306 954 3358 Latina
975 3307 1178 3376 lingua,
1215 3305 1348 3358 alter
1375 3319 1627 3358 sermone
1650 3305 1837 3358 Grreco
1867 3304 2117 3360 ﬁdelibus
2149 3322 2323 3376 popu-
2420 3302 2444 3354 ι]

2315 3339 2323 3349 .
2420 3302 2494 3365 ὡς
2526 3304 2582 3354 ὲν
2617 3303 2867 3373 άχράντῳ
2903 3306 2971 3374 τῇ
3017 3303 3162 3373 ψυχῇ
3202 3303 3296 3356 καὶ
3340 3302 3554 3373 καθαρᾷ
3590 3301 3987 3370 θαλαμεύοντες

770 3397 832 3448 lis
858 3397 1196 3459 exhibentes,
1225 3393 1440 3448 Christo
1482 3408 1610 3447 vero
1635 3394 1744 3447 Deo
1777 3404 1831 3447 et
1877 3403 2181 3449 nostrarum
2213 3397 2328 3449 ani-

772 3501 977 3537 marum
1010 3501 1208 3553 sponso
1238 3500 1330 3553 per
1355 3484 1502 3551 pium
1539 3484 1742 3538 cultum
1797 3500 2012 3555 gregem
2049 3501 2205 3540 suum
2234 3503 2324 3541 co-

769 3576 1042 3644 pularunt.
1074 3574 1294 3635 Verum,
1326 3583 1386 3628 ut
1410 3576 1520 3644 jam
1556 3575 1687 3638 dixi,
1737 3575 1825 3628 hic
1848 3576 2062 3644 sapiens
2115 3577 2320 3632 Zacha-

769 3665 874 3717 rias
918 3675 1029 3718 tum
1063 3665 1162 3717 alia
1209 3671 1358 3718 sacra
1414 3665 1611 3734 scripta
1657 3665 1828 3719 sancti
1869 3666 2137 3736 Gregorii,
2203 3679 2314 3722 tum

767 3755 1080 3808 utilissimas
1108 3755 1225 3807 illas
1263 3753 1316 3806 in
1357 3755 1572 3808 modum
1607 3755 1799 3825 dialogi
1831 3757 2181 3811 concinnatas
2199 3774 2318 3811 ora-

2424 3393 2655 3446 παστάδι
2678 3395 2883 3446 ἐκεῖθεν
2910 3396 3208 3464 ἀκήρατον,
3226 3394 3255 3444 ὁ
3277 3395 3373 3464 μὲν
3389 3397 3454 3464 τῇ
3481 3394 3718 3446 Λατινίδι
3743 3394 3983 3463 γλώσσῃ,

2422 3481 2450 3531 ό
2479 3479 2534 3531 δὲ
2561 3482 2626 3549 τῇ
2686 3482 2894 3534 Ἐλλάδι
2941 3485 3161 3553 φράσει,
3195 3483 3413 3550 Χριστῷ
3462 3482 3537 3552 τῷ
3585 3483 3822 3552 ἀληθινῷ
3871 3485 3989 3552 Θεῴ

2434 3574 2527 3626 καὶ
2567 3573 2786 3642 νυμφίῳ
2811 3576 2917 3626 τῶν
2949 3577 3133 3645 ψυχῶν
3166 3577 3323 3644 ἡμῶν
3347 3575 3434 3627 διὰ
3467 3577 3563 3637 τῆς
3594 3576 3853 3638 εὐσεϐοῦς
3875 3578 3988 3644 (18)

2434 3665 2688 3736 λατρείας
2736 3666 2796 3717 τὸ
2837 3667 3084 3734 ποίμνιον
3135 3668 3563 3737 συνηρμόσαντο.
3611 3667 3751 3718 Ἀλλ’
3797 3667 3986 3736 ὥσπερ

2427 3752 2597 3822 εἷπον,
2630 3753 2777 3818 οὗτος
2798 3757 2826 3808 ὁ
2854 3759 3010 3826 σοφὸς
3032 3758 3300 3826 Ζαχαρίας
3326 3757 3584 3826 (Ι9)ἄλλα
3608 3775 3663 3810 τε
3697 3759 3796 3810 τῶν
3827 3761 3985 3827 ὶερίκν

1956 3910 2185 3963 ΥΑΒΙᾹΞ
2218 3911 2591 3965 LICCTIUNES
2624 3912 2706 3964 ΕΤ
2740 3911 2968 3966 ΝΟΤᾺΕ.

844 4049 912 4116 (9)
969 4049 1135 4102 Vatic.
1197 4051 1510 4119 όμόψυφον;
1576 4060 1718 4100 recte
1781 4049 1936 4099 Allat.
2008 4061 2064 4100 ut
2119 4067 2312 4118 supra;

765 4120 1040 4188 όμόψυφον
1073 4119 1196 4171 fort.
1241 4135 1338 4187 pro
1366 4119 1650 4185 όμόῲυχον.

837 4190 947 4255 (10)
985 4187 1151 4242 Palat.
1188 4188 1227 4240 1'.
1257 4189 1360 4240 ‘2‘5
1393 4190 1450 4241 b.
1489 4188 1748 4255 προάγειν
1782 4187 2067 4240 ἐθέὶ-οιντο.

837 4254 947 4326 (11)
988 4257 1160 4322 Caput
1191 4257 1458 4324 integrum
1495 4254 1604 4326 jam
1633 4256 1856 4308 Allatius
1883 4266 2069 4326 contra
2095 4254 2308 4309 llottin-

766 4341 858 4395 ger
889 4342 940 4394 p.
975 4327 1078 4380 269
1127 4327 1348 4378 adduxit
1383 4345 1395 4378 :
1442 4345 1458 4374 ι
1504 4325 1722 4395 Versatc
1775 4336 1953 4395 mente
1993 4325 2139 4378 hisce
2174 4329 2309 4395 sede

766 4393 1071 4462 comparem
1096 4404 1150 4447 et
1179 4396 1343 4463 gloria
1377 4394 1654 4461 aequalem,
1688 4395 1842 4464 laude
1886 4394 2138 4462 inclytum
2173 4393 2309 4464 Vigi-

768 4466 919 4525 li'Jm,
991 4464 1080 4531 qui
1138 4465 1338 4531 quintre
1400 4465 1602 4532 synodo
1657 4463 1923 4532 interfuit,
1957 4463 2309 4516 mcumenicis

766 4535 1070 4612 sanctisque
1138 4533 1354 4585 calculis
1384 4531 1733 4612 reeleb'rataa.’
1773 4532 1867 4585 Hic
1912 4531 2095 4612 itaque
2147 4534 2305 4586 veluti

766 4602 946 4670 regula
980 4600 1296 4654 inconcussa
1342 4611 1503 4669 atque
1558 4602 1774 4654 immota
1814 4600 1975 4653 rectis
2014 4600 2156 4654 illius
2192 4617 2309 4655 sese

765 4673 1024 4738 adaptans
1058 4671 1421 4736 dogmatibus,
1442 4671 1558 4722 aliis
1581 4671 1877 4724 concordes
1907 4670 2105 4738 emittit
2125 4685 2304 4732 voces,

765 4749 819 4792 et
853 4736 1248 4792 sanctissimum
1282 4748 1334 4791 et
1364 4739 1878 4792 consubstantialem
1905 4736 2166 4805 Spiritum
2205 4756 2305 4792 una

763 4808 923 4860 simul
952 4825 1074 4860 cum
1125 4809 1390 4869 Patrihus,
1413 4809 1500 4875 qui
1536 4819 1660 4860 ante
1685 4824 1808 4860 eum
1844 4817 1899 4860 et
1944 4823 2064 4859 cum
2097 4825 2162 4861 eo
2192 4809 2307 4862 fue-

763 4886 912 4940 runt,
945 4876 1104 4930 simili
1140 4877 1362 4945 parique
1391 4877 1506 4929 zelo
1531 4885 1584 4928 et
1604 4878 1783 4931 studio
1817 4892 1878 4930 ex
1923 4875 2078 4928 Patre
2122 4892 2308 4944 proce—

763 4945 891 4998 dere
924 4946 1251 5014 przedicavit,
1290 4955 1344 4999 et
1391 4960 1485 4999 eos
1512 4946 1601 5013 qui
1634 4947 1867 5000 alienum
1911 4958 1956 5015 7a
1989 4945 2091 4998 ﬁde
2118 4947 2305 5015 dogma

763 5023 912 5067 extra
947 5015 1254 5067 unanimem
1297 5015 1759 5084 universalemque
1796 5014 2039 5072 ﬁdelium
2072 5014 2304 5068 mentem

763 5083 1039 5152 publicare
1072 5094 1481 5151 praesumerent,
1512 5083 1700 5137 iisdem
1732 5083 2091 5137 anathematis
2118 5085 2306 5137 vincu-

765 5153 831 5205 lis
861 5153 1131 5205 submisit.
1174 5173 1190 5204 ι

833 5222 941 5288 (12)
984 5223 1052 5273 Κ.
1085 5224 1191 5291 γὰρ
1220 5225 1311 5273 καὶ
1333 5222 1490 5282 αὑτός
1522 5221 1681 5275 habet
1706 5220 1954 5275 Columu.

831 5293 944 5360 (l5)
982 5289 1169 5344 Maius
1206 5291 1359 5361 praef.
1397 5292 1486 5361 cit.
1543 5307 1596 5359 p.
1644 5307 1794 5352 xxnv,
1847 5309 1984 5345 xxv:
2018 5309 2034 5340 ι
2097 5289 2304 5345 Videsis

763 5359 929 5431 etiam
957 5359 1268 5429 praeclarum
1321 5359 1673 5428 Agathonem,
1709 5362 1923 5428 paribus
1957 5370 2100 5414 recte
2141 5364 2305 5431 gestis

763 5430 1058 5492 celebrem;
1086 5447 1208 5484 nam
1249 5443 1302 5483 et
1337 5431 1421 5481 hic
1451 5440 1652 5482 sextam
1681 5433 1964 5498 synodum,
2005 5445 2122 5496 quae
2153 5430 2301 5483 ieeu-

763 5500 975 5552 menico
997 5514 1145 5567 atque
1180 5501 1385 5553 honore
1421 5499 1603 5567 fulget,
1635 5511 1734 5551 etsi
1759 5515 1863 5552 non
1900 5514 2124 5566 corpore
2163 5515 2298 5568 prie-

763 5583 909 5629 sens,
947 5579 1125 5622 mente
1150 5579 1328 5622 tamen
1355 5568 1608 5634 omnique
1632 5569 1810 5622 studio
1834 5583 1927 5637 per
1952 5583 2078 5622 suos
2101 5569 2302 5637 legatos

762 5639 1106 5705 congregavit
1128 5654 1189 5692 ac
1217 5637 1507 5691 decoravit.
1549 5655 1566 5687 ι

831 5703 939 5771 (Π)
966 5703 1138 5761 Palat.
1172 5708 1211 5760 ί.
1242 5708 1345 5760 215
1375 5709 1430 5759 b.
1455 5703 1859 5775 ὲπισφραγίζει.
1894 5707 2004 5762 Col.
2033 5709 2297 5777 ἐπισφρα-

755 5775 945 5841 γίζειν.

2495 4051 2606 4117 (15)
2635 4048 2756 4103 llaec
2786 4050 2974 4102 iisdem
3013 4051 3188 4103 verbis
3213 4067 3239 4102 a
3263 4049 3424 4102 Card.
3461 4048 3598 4102 Maio
3631 4049 3664 4101 l.
3699 4064 3747 4102 c.
3776 4065 3829 4116 p.
3855 4069 3974 4112 xxv,

2420 4120 2762 4188 allegautur:
2814 4138 2831 4168 ι
2902 4119 3009 4171 Cur
3039 4131 3218 4172 autent
3263 4120 3479 4172 silentio
3510 4134 3749 4188 premam
3796 4119 3978 4176 Ponta-

2419 4190 2718 4255 pontiﬁces,
2743 4188 3126 4256 Gregoriumet
3156 4190 3488 4247 Zacharmm,
3512 4188 3759 4242 homines
3782 4192 3975 4245 γίιιιιιιτ

2420 4259 2708 4324 fulgentes.
2737 4258 2824 4324 qui
2854 4258 3116 4311 doctrinis
3147 4259 3326 4310 divina
3361 4258 3625 4324 sapientia
3660 4259 3835 4324 plenis
3859 4277 3977 4328 gre—
3998 4269 4011 4284 ‘

2416 4343 2534 4396 gem
2577 4329 3025 4396 informaverunt,
3051 4337 3105 4380 et
3137 4328 3516 4380 miraculorum
3549 4343 3764 4394 quoque
3803 4333 3970 4396 gratia

2415 4394 2828 4448 claruerunt?»
2875 4394 2957 4448 Cf.
3003 4411 3123 4448 cum
3187 4395 3290 4449 hoc
3360 4411 3476 4464 cap.
3536 4411 3728 4464 opusc.
3785 4394 3970 4452 contra

2417 4465 2645 4517 senioris
2674 4465 2854 4518 Romae
2874 4465 3126 4526 asseclas,
3158 4480 3276 4533 cap.
3309 4465 3389 4517 ll.

2487 4534 2597 4601 (16)
2637 4533 2789 4600 S:epe
2824 4533 2990 4587 Graici
3042 4531 3355 4603 Gregorium
3409 4531 3470 4596 Il,
3508 4549 3676 4603 ‘quem
3705 4543 3759 4587 et
3796 4535 3967 4603 ipsum

2417 4602 2693 4671 Dialogum
2745 4610 2960 4662 vocant,
3014 4601 3171 4655 cum'
3205 4603 3463 4671 Gregorio
3507 4601 3526 4654 l
3595 4601 3966 4671 confundunt;

2416 4672 2705 4741 Gregorius
2743 4671 2809 4741 Μ.
2862 4680 2987 4725 aute
3016 4672 3305 4726 concilium
3355 4689 3405 4725 vx
3439 4672 3637 4734 ﬂoruit,
3685 4683 3808 4741 post
3839 4675 3964 4728 illud

2415 4738 2704 4808 Gregorius
2740 4740 2802 4793 ll.

2487 4810 2598 4874 (17)
2637 4809 2805 4862 Verba
2837 4828 2848 4861 :
2891 4808 2948 4862 'tl
2979 4811 3075 4878 μὲν
3126 4810 3264 4879 μετὰ
3294 4841 3363 4851 -
3407 4808 3600 4872 ἐτεσιν,
3663 4809 3865 4879 pariter
3902 4829 3963 4866 cx

2414 4880 2536 4931 cod.
2569 4879 2777 4931 Colum.
2822 4881 3181 4948 exscripseiat
3224 4879 3346 4934 Em.
3394 4878 3739 4944 Amphiloch.
3791 4883 3964 4934 editur

2414 4957 2468 5000 et
2519 4948 2590 4998 ita
2623 4957 2856 5000 verterat
2893 4967 2904 4999 ε
2951 4968 2966 4998 ι
3023 4949 3184 5001 Divus
3219 4949 3434 5015 quidem
3478 4948 3769 5016 Gregorius
3804 4956 3963 5018 paulo

2414 5025 2535 5083 post
2581 5026 2790 5069 sextam
2859 5018 3118 5084 synodum
3177 5018 3382 5081 ﬂoruit;
3450 5018 3780 5072 admirabilis
3836 5035 3962 5073 vero

2413 5086 2698 5157 Zacharias
2747 5095 2965 5157 centum
3006 5088 3280 5157 sexaginta
3323 5086 3570 5157 quinque
3621 5097 3742 5154 post
3792 5104 3964 5143 annos

2413 5155 2639 5225 exstitit.
2689 5173 2706 5205 ι
2747 5157 2818 5225 Si,
2848 5155 3180 5218 Zachariam,
3217 5157 3306 5225 qui
3361 5156 3428 5208 ab
3459 5174 3508 5208 ιι.
3547 5155 3639 5207 741
3693 5171 3863 5224 usque
3894 5163 3956 5212 ad

2413 5240 2462 5294 a.
2508 5223 2610 5274 75‘2
2643 5224 3009 5290 pontiﬁcatum
3045 5223 3244 5290 tenuit,
3278 5225 3380 5294 165
3423 5225 3578 5277 annis
3612 5237 3730 5294 post
3780 5223 3962 5280 conci-

2414 5293 2540 5344 lium
2571 5308 2644 5354 vr,
2683 5294 2766 5345 vel
2803 5296 3263 5363 postiGrcgorium
3291 5293 3331 5347 ll
3365 5294 3561 5348 vixisse
3589 5293 3777 5348 censet
3813 5295 3952 5347 Pho-

2414 5363 2536 5419 tius.
2568 5363 2879 5429 gravissime
2925 5362 3158 5423 fallitur;
3195 5365 3372 5417 minus
3416 5379 3562 5426 vero,
3596 5366 3638 5418 si
3671 5365 3774 5418 165
3803 5368 3959 5420 annis

2412 5442 2531 5498 post
2568 5432 2879 5499 Gregorium
2907 5431 2923 5482 l
2951 5432 3243 5501 (590-604).

2483 5502 2590 5570 (18)
2629 5501 2741 5572 μοι.
2777 5516 2828 5567 p.
2862 5501 2982 5572 .308,
3025 5501 3109 5572 διὰ
3141 5505 3238 5570 τῆς
3278 5503 3625 5572 εὺσεὸούσης.

2482 5567 2589 5638 (19)
2632 5569 2732 5639 Ista
2772 5570 2932 5622 verba
2961 5610 2973 5632 ,
3006 5567 3156 5634 οὗτος
3189 5567 3215 5624 ό
3246 5588 3296 5624 σ.
3326 5567 3382 5625 Ζ.
3409 5603 3475 5614 —-
3511 5567 3805 5639 σάλπιγγος
3838 5573 3956 5639 (llic

2409 5641 2627 5706 sapiens
2662 5638 3090 5712 Zachariascum
3132 5641 3234 5693 alia
3262 5642 3437 5712 sancti
3468 5638 3709 5712 Gregorii
3736 5638 3954 5710 scripta.

2409 5718 2521 5780 tum
2550 5711 2713 5780 etiam
2745 5708 2886 5780 utile
2906 5709 3032 5762 illud
3061 5726 3198 5777 OpIIS
3240 5711 3432 5780 dialogi
3467 5708 3635 5765 forma
3675 5708 3954 5776 praeditum

2407 5778 2586 5832 Gneca
2642 5778 2764 5830 tuba
2802 5778 3052 5832 universo
3085 5780 3198 5832 orbi
3240 5778 3608 5847 proclamavit)
3650 5781 3740 5834 dat
3791 5781 3960 5834 Maius
