4234 6432
253 389 358 449 313

1326 388 1418 446 DE
1459 390 1518 446 S.
1561 389 1912 449 Sl’lRITUS
1941 391 2435 451 MYSTAGOGIA.

3383 393 3484 455 δτι

263 511 319 544 εν
356 491 435 560 τῷ
461 489 592 560 Υίῷ,
626 492 851 554 εἰκότως
874 494 938 546 ἂν
964 492 1174 560 λέγοιτο
1205 495 1262 546 τὸ
1294 497 1514 566 Πνεῦμα
1541 498 1632 550 τοῦ
1662 500 1822 565 Υίοῦ;
1857 505 1898 559 Α
1929 520 1935 551 ι

1816 519 1822 564 ;
1857 505 1898 559 Α
1929 502 2148 556 exhibet
2181 502 2311 555 illud
2361 500 2602 571 Apostoli
2642 503 3005 557 testimonium
3029 542 3042 566 ,
3078 502 3337 571 Spiritum
3374 521 3488 558 ma-

276 583 340 632 'll
370 585 478 649 γάρ
508 581 618 651 (40)
650 584 709 634 ὲν
758 583 835 652 τῷ
877 584 990 653 Υἰῷ
1022 583 1114 636 τοῦ
1150 586 1462 654 Πνεύματος
1512 591 1646 658 μονὴ
1682 592 1828 644 αἰτία

263 671 329 722 ἂν
351 677 452 723 ουκ
479 674 690 743 ἀφανὴς
716 675 799 744 εἴη
825 676 945 727 οὐδὲ
973 677 1057 727 διὰ
1085 676 1204 745 βίας
1235 678 1439 744 ἄγουσα
1471 681 1607 750 πρὸς
1635 681 1826 745 πειθὼ,

263 761 351 814 διὰ
387 764 440 816 τί
468 764 682 832 λέγεται
715 767 775 819 τὸ
804 766 1026 835 Πνεῦμα
1063 769 1158 820 τοῦ
1191 769 1319 822 Υἱοῢ
1357 772 1491 839 (Mr
1530 775 1677 824 ποῖον
1719 775 1828 842 γὰρ

265 848 557 923 ἐγγύτερον
602 859 631 924 ἡ
660 857 987 928 ἀποστολικὴ
1017 859 1211 928 χρῆσις
1254 862 1534 932 χαρίζεται
1567 867 1727 929 νοεῖν,
1767 865 1829 916 τὸ

265 945 490 1014 Πνεῦμα
542 947 720 1015 μένειν
773 951 831 1002 ὲν
881 950 959 1016 τῷ
1004 950 1144 1018 Υἱῷ,
1199 953 1230 1022 ἦ
1279 954 1671 1022 ἐκπορεύεσθαι
1731 957 1824 1008 τοῦ

265 1036 427 1100 Ἠοῦς
467 1039 663 1106 μᾶλλον
693 1040 749 1091 δὲ
778 1040 873 1092 καὶ
905 1042 1041 1110 αὐτή
1089 1058 1152 1107 γε
1197 1043 1228 1110 ἡ
1266 1043 1549 1112 σύγκρισις
1604 1045 1828 1114 ἀπειρό⁴

261 1130 449 1181 καλον.
495 1130 566 1180 Τὸ
615 1132 710 1198 μὲν
756 1131 866 1199 γὰρ
911 1133 938 1183 ὃ
970 1149 1028 1182 τε
1057 1131 1148 1182 τοῦ
1180 1133 1361 1183 κοινοῦ
1393 1134 1664 1187 Δεσπότου
1699 1135 1827 1188 σαλ-

268 1218 415 1282 πίζει
448 1221 760 1290 Βαπτιστὴς
805 1222 915 1290 (42)
950 1222 1044 1273 καὶ
1074 1223 1101 1272 ό
1143 1223 1428 1291 προφήτης
1482 1223 1648 1275 πάλαι
1693 1241 1827 1292 προσ

266 1307 527 1371 θεσπίζει.
559 1313 649 1364 καὶ
683 1312 841 1373 αὐτὸς
869 1313 896 1364 ὁ
927 1312 1116 1381 Σωτὴρ
1156 1311 1543 1379 ἀναγινώσκων
1568 1312 1626 1363 τὸ
1653 1311 1828 1378 λόγιον

267 1402 686 1466 .πισςδρ.τγίζει·
744 1403 836 1453 καὶ
880 1401 1145 1471 ταύτηνή
1203 1402 1452 1453 εὒσέὁεια
1499 1400 1596 1470 τὴν
1648 1418 1827 1469 μυστ-

266 1506 516 1553 αγωγιαν
564 1491 769 1542 ἐκεῖθεν
798 1491 1036 1543 λαϐοῦσα
1067 1494 1200 1542 πᾶσι
1250 1493 1460 1552 πιστοῖς
1515 1491 1828 1554 διδάσκαλος

264 1581 547 1646 πρόκειται
569 1599 582 1612 ·
609 1583 671 1633 σὺ
694 1582 749 1633 δὲ
773 1564 878 1633 τῶν
904 1581 1146 1652 ζοφερῶν
1171 1582 1268 1650 τῆς
1292 1581 1606 1643 δυσσεὸείας
1630 1582 1827 1644 ἀναδὺς

265 1672 471 1728 πυλῶν,
515 1673 634 1722 ἀντὶ
662 1671 752 1723 τοῦ
788 1673 1083 1738 δοξολογεῑν
1133 1689 1189 1724 σε
1221 1672 1282 1724 τὸ
1313 1672 1533 1741 Πνεῦμα
1569 1674 1745 1741 μένειν
1768 1675 1826 1723 ἐν

263 1761 342 1828 τῷ
383 1763 494 1830 Υἱῷ
523 1763 615 1813 xui.
659 1763 749 1814 ἐπὶ
780 1764 869 1815 τὸν
906 1765 1051 1827 Υῖὸν,
1098 1763 1385 1832 θεομαχεῖς
1431 1764 1824 1832 ἐκπορεύεσθαι

1933 605 2063 643 nere
2102 591 2154 642 in
2207 589 2371 655 Filio,
2418 608 2484 644 an
2529 592 2819 660 procedere
2850 609 2879 646 a
2919 591 3095 646 Filio?
3131 594 3244 647 lmo
3273 603 3328 649 et
3376 597 3492 650 haec

1932 680 2044 749 ipsa
2067 683 2422 749 comportatio
2444 692 2528 736 est
2549 683 2747 752 inepta.
2778 684 2913 738 lllud
2939 685 3083 738 enim
3107 693 3162 739 et
3184 688 3490 742 communis

1932 773 2140 826 Domini
2175 773 2405 841 Baptista
2439 774 2709 840 prmdicat.
2742 784 2796 828 et
2823 776 3082 844 propheta
3103 777 3213 846 jam
3234 777 3361 830 olim
3398 794 3488 830 va-

1931 862 2184 918 ticinatus
2209 873 2310 927 est,
2342 874 2396 917 et
2425 864 2653 933 ipsemet
2686 864 2932 919 Salvator
2956 867 3232 920 oraculum
3262 867 3391 922 illud
3411 868 3488 920 le-

1931 969 2062 1022 gens
2113 955 2360 1025 obsignat
2396 965 2451 1007 ct
2499 959 2844 1025 comprobat;
2892 958 3137 1026 hancque
3188 958 3487 1013 doctrinam

1933 1041 2167 1095 Ecclesia
2201 1044 2500 1097 orthodoxa
2535 1044 2657 1097 inde
2685 1055 2836 1098 nacta
2867 1047 3076 1100 cunctis
3107 1047 3352 1103 ﬁdelibus
3379 1051 3488 1103 dis-

1930 1135 2157 1187 cendam
2205 1134 2441 1201 profert;
2500 1143 2554 1187 tu
2597 1151 2722 1189 vero
2767 1152 2796 1189 e
2848 1136 3154 1206 caiiginosis
3201 1140 3490 1207 impietatis

1926 1220 2108 1288 januis
2136 1235 2383 1290 egressus
2406 1222 2523 1276 loco
2547 1222 2869 1290 przmlieandi
2902 1223 3160 1291 Spiritum
3186 1242 3405 1279 manere
3436 1230 3487 1279 in

1930 1309 2066 1363 Filio
2095 1321 2148 1364 et
2178 1327 2339 1380 super
2366 1312 2580 1372 Filium,
2612 1314 2717 1365 Deo
2754 1330 3060 1383 repugnans
3086 1318 3281 1368 asseris
3300 1357 3314 1379 ,
3341 1316 3486 1368 illum

1928 1417 1956 1453 a
1999 1400 2132 1452 Filio
2176 1403 2487 1470 procedere.
2527 1402 2814 1456 Permanet
2849 1404 2899 1456 in
2941 1403 3106 1469 Filio;
3163 1407 3362 1458 idcirco
3408 1416 3489 1459 «st

1929 1488 2066 1552 Filii,
2099 1499 2152 1542 et
2180 1491 2303 1557 quia
2332 1491 2596 1559 ejusdem,
2635 1503 2692 1544 ut
2722 1494 2970 1560 superius
3001 1494 3131 1555 dixi,
3169 1505 3249 1546 est
3283 1505 3486 1546 natm-.0

1928 1589 1981 1630 et
2014 1581 2228 1633 deitatis
2274 1591 2329 1633 et
2376 1582 2558 1650 gloria:
2606 1592 2660 1634 et
2711 1584 2965 1651 potentia:
3010 1592 3064 1637 et
3108 1585 3357 1648 virtutis;
3405 1589 3486 1636 vel

1927 1672 2137 1724 etiamsi
2188 1673 2308 1734 vis,
2339 1673 2463 1739 quia
2520 1674 2668 1742 ungit
2719 1673 3016 1726 Christum.
3068 1673 3295 1742 Spiritus
3349 1678 3486 1727 enim

1928 1762 2169 1823 Domini,
2208 1762 2398 1828 inquit,
2440 1780 2593 1830 super
2625 1775 3014 1832 me,propterea
3045 1768 3192 1818 unxit
3261 1781 3369 1828 me,
3433 1777 3488 1819 et

262 1854 434 1920 λέγων
463 1854 556 1906 τοῦ
589 1855 736 1906 Υἱοῦ.
772 1855 1023 1922 Διαμένει
1055 1859 1109 1906 ἐν
1139 1857 1214 1924 τῷ
1239 1855 1378 1924 Υίῷ·
1412 1856 1497 1907 διὰ
1525 1855 1681 1907 τοῦτό
1715 1858 1825 1907 ἐστι
1859 1860 1898 1912 Β
1927 1871 1934 1902 1

1815 1872 1825 1907 ι
1859 1860 1898 1912 Β
1927 1853 2050 1919 quia
2095 1853 2451 1912 obumbrante
2493 1852 2876 1922 ipsoS°Virgini
2924 1855 3487 1923 incomprehensibilis

261 1943 354 1993 τοῦ
400 1943 560 1994 Υἱοῦ·
617 1947 708 1996 καὶ
753 1948 833 1997 ὅτι
885 1947 984 2013 τῆς
1036 1947 1235 2013 αὐτῆς,
1266 1945 1340 2006 ὡς
1393 1945 1561 2011 ἔφθην
1603 1944 1716 2014 [95]
1749 1947 1822 1995 εἰ-

262 2034 380 2082 πὼν
408 2035 539 2098 (45),
568 2033 779 2097 φύσεώς
799 2037 855 2087 τὲ
885 2037 998 2086 ἐστι
1026 2035 1134 2103 (Η)
1162 2036 1255 2086 καὶ
1277 2033 1522 2102 θεότητος
1551 2036 1643 2086 καὶ
1664 2035 1823 2102 δόξης

261 2126 357 2174 καὶ
379 2125 652 2192 βασιλείας
673 2127 766 2176 xui.
783 2126 1080 2193 δυνάμεως·
1102 2126 1149 2176 εἰ
1170 2124 1346 2192 βούλει
1364 2125 1418 2176 δὲ
1436 2163 1450 2184 ,
1471 2127 1560 2176 καὶ
1584 2125 1663 2176 ὅτι
1679 2126 1822 2193 χρίει

260 2215 351 2265 τὸν
377 2216 608 2283 Χριστᾷν
628 2231 640 2245 ·
676 2215 913 2283 Πνεῦμα
939 2219 1045 2284 γὰρ
1077 2217 1316 2282 Κυρίου,
1343 2216 1525 2283 φησὶν,
1561 2215 1653 2266 ἐπ’
1686 2215 1816 2282 ἐμέ·

260 2302 334 2359 οὗ
368 2308 600 2358 εἵνεκεν
628 2308 831 2373 ἐχρισέ
864 2324 964 2375 με·
993 2309 1085 2359 xui.
1113 2307 1244 2358 διότι
1275 2305 1695 2367 ὲπισκιάσαντος
1723 2307 1818 2357 αὐ-

259 2396 356 2448 τοῦ
380 2400 444 2465 τῇ
471 2397 730 2467 Παρθένῳ
763 2401 794 2468 ὴ
825 2397 963 2466 ὑπὲρ
993 2397 1147 2464 λόγον
1180 2396 1384 2465 ὑπέστη
1429 2393 1687 2462 σύλληψις
1733 2395 1821 2447 καὶ

259 2491 288 2538 ὁ
330 2489 699 2556 ἁνέκφραστος
740 2490 829 2538 καὶ
857 2488 1091 2554 ἄσπορος
1121 2486 1360 2556 προῆλθε
1398 2487 1553 2549 τόκος
1579 2504 1590 2517 ·
1636 2487 1724 2538 vui.
1759 2485 1822 2555 δὴ

261 2579 356 2629 καὶ
401 2579 535 2629 διότι
573 2579 885 2630 ἀποστέλλει
917 2578 1077 2628 αὐτόν
1108 2594 1119 2606 ⁸
1153 2579 1671 2646 Εὐαγγελίσασθαι
1691 2577 1821 2647 γὰρ,

261 2670 431 2737 φησι,
470 2669 718 2737 πτωχοῖς
757 2669 1099 2723 ἀπέσταλκέ
1124 2687 1229 2739 με.
1270 2672 1438 2722 Πόσον
1467 2666 1561 2723 οὖν
1604 2661 1822 2738 ἄμεινόν

262 2779 347 2813 σοι
382 2764 474 2813 καὶ
525 2764 941 2832 ἀκολουθότερον
971 2761 1036 2835 ἦν
1081 2767 1173 2818 xui
1209 2769 1346 2818 νοεῖν
1378 2767 1470 2817 καὶ
1517 2764 1715 2832 λέγειν,
1750 2764 1824 2826 ὡς

260 2851 328 2903 δι’
358 2852 415 2902 ’ἐν
447 2869 496 2902 τι
534 2852 641 2903 τῶν
670 2853 1093 2922 τεθεωρημένων
1130 2855 1336 2924 (45-49)
1371 2855 1401 2924 ἦ
1432 2855 1626 2906 καὶδιέι
1659 2854 1825 2905 πλείω

262 2942 480 3008 λέγεται
518 2942 742 3012 Πνεῦμα
774 2943 901 2995 Υίοῦ
927 2945 1019 2996 xui.
1047 2945 1268 3014 Πνεῦμα
1298 2945 1553 3015 Χριστοῦ,
1583 2945 1716 2996 ἀλλὰ
1749 2945 1824 3012 μὴ

261 3033 696 3105 ταῦτα’-τοιαῦτα
743 3035 871 3087 ὅντα
922 3037 1014 3088 καὶ
1073 3036 1404 3104 τηλικαύτην
1454 3037 1604 3103 ίσχὺν
1637 3035 1824 3102 ἔχοντα

262 3128 358 3177 καὶ
409 3126 729 3179 ἀκολουθίαν
795 3127 926 3194 παρ’
985 3128 1135 3180 οὐδὲν
1195 3127 1417 3196 θέμενον
1454 3127 1824 3194 ἀπθαπλασμοίς

1925 1953 2134 2008 peracta
2154 1941 2254 1993 fuit
2280 1943 2580 2010 conceptio,
2605 1951 2659 1994 et
2687 1942 2970 1996 ineliabilis
2993 1945 3107 1996 sine
3135 1946 3338 1998 semine
3363 1962 3488 2012 par-

1927 2039 2010 2082 tus
2044 2032 2270 2099 prodiit;
2331 2047 2431 2084 nec
2489 2048 2595 2084 non
2635 2033 2760 2100 quia
2799 2043 2853 2085 et
2900 2033 3070 2100 ipsum
3123 2034 3304 2087 mittit.
3346 2034 3485 2086 Nam

1925 2119 2284 2188 cvangelizare
2312 2120 2626 2187 pauperibus
2672 2121 2811 2172 misit
2849 2138 2928 2174 me
2955 2122 3022 2172 ⁸¹.
3070 2120 3283 2185 Quanto
3329 2122 3487 2191 igitur

1923 2211 2121 2264 rectius
2160 2211 2671 2280 eonvenientiusque
2721 2222 2933 2281 poteras
2971 2225 3026 2266 et
3083 2216 3285 2267 sentire
3319 2225 3371 2267 et
3404 2216 3484 2267 di-

1923 2316 2064 2365 cere,
2103 2301 2171 2354 ob
2201 2317 2362 2354 unam
2395 2303 2628 2371 aliquam
2662 2315 2751 2356 aut
2790 2304 2971 2371 plures
3005 2305 3274 2358 dictarum
3313 2321 3451 2373 expo

1924 2391 2180 2444 sitionum
2202 2391 2465 2444 nominari
2491 2391 2746 2460 Spiritum
2766 2392 2885 2445 Filii
2906 2403 2957 2446 et
2978 2393 3234 2462 Spiritum
3261 2393 3481 2454 Christi.

1923 2500 2030 2537 non
2063 2493 2242 2538 autem
2271 2484 2356 2538 his
2391 2484 2526 2538 adeo
2554 2485 2745 2537 validis
2772 2495 2826 2537 et
2856 2488 3234 2539 consentaneis
3265 2487 3486 2538 rationi-

1924 2577 2024 2629 bus.
2059 2577 2253 2644 spretis
2283 2577 2604 2630 commentis
2644 2576 2870 2643 propriis
2905 2576 3486 2644 imaginationibusqne

1925 2669 2124 2720 nullam
2180 2668 2503 2720 habentibus
2549 2667 2953 2720 subsistentiam
2999 2667 3183 2721 conari
3234 2666 3484 2721 Ecclesia

1924 2762 2173 2830 dogmata
2194 2762 2566 2829 corrumpere!
2593 2759 2858 2813 Caeterum
2892 2764 3152 2827 prodeant
3183 2775 3370 2812 rursus
3401 2760 3485 2812 in-

1925 2853 2094 2922 Clytus
2141 2851 2428 2906 Zacharias
2481 2861 2642 2921 atque
2687 2851 3000 2919 Gregorius,
3052 2867 3259 2905 meeum
3311 2850 3487 2904 adlmc

1925 2944 2236 3010 Opinionem
2290 2952 2434 2996 tuam
2495 2941 2822 2995 eonl‘utaturi
2880 2941 3216 3006 (confutatio
3262 2941 3406 2994 enim
3458 2957 3486 2991 c

1926 3033 2235 3086 donn-sticis
2266 3033 2500 3100 profecta
2523 3031 2684 3086 etiam
2713 3032 3199 3100 impudentissimis
3224 3031 3486 3100 pudorem

1925 3131 2072 3176 creat
2095 3124 2134 3192 ).

266 3216 418 3274 ίδίοις
452 3218 546 3267 xui.
591 3218 913 3282 φαντασίαις
954 3218 1343 3279 ἀνυποστάτοις
1388 3218 1682 3285 ἐπιχειρεῖν
1716 3214 2156 3283 τῆςῈκκλησίας
2187 3213 2254 3264 τὰ
2317 3214 2562 3282 δόγματα
2605 3214 2968 3283 διαφθείρειν;
3020 3212 3167 3282 Πλὴν
3235 3207 3392 3273 αὖθις
3459 3209 3488 3260 ό

263 3311 474 3372 κλεινὸς
516 3311 788 3380 Ζαχαρίας
837 3312 928 3363 xui.
966 3312 1262 3380 Γρηγόριος
1295 3311 1542 3380 παρίτω·
1589 3314 1684 3379 τῆς
1722 3311 1821 3377 σῆς
1854 3309 2007 3376 δόξης
2051 3309 2176 3370 τοὺς
2208 3309 2460 3377 ἐλέγχους
2527 3309 2640 3362 ἐστί
2683 3326 2773 3378 μοι
2844 3307 3307 3378 συνεργαζόμενος
3335 3305 3447 3375 (50)
3471 3325 3484 3337 ·

259 3403 291 3452 ὁ
325 3404 428 3466 γὰρ
461 3405 522 3452 ὲκ
555 3403 658 3451 τῶν
703 3400 916 3453 οἰκείων
957 3400 1175 3469 ἐλεγχος
1221 3401 1315 3451 καὶ
1347 3403 1458 3461 τοῖς
1506 3401 1906 3461 ἁναιδεστάτοις
1937 3399 2376 3467 αἰδεσιμώτερος.

338 3499 453 3553 πς¹.
501 3491 559 3541 Εἰ
602 3493 780 3542 τοίνυν
810 3492 1080 3560 Ζαχαρίας
1117 3493 1209 3544 xui
1235 3487 1530 3562 Γρηγὸριος
1553 3491 1822 3554 τοσούτοις
1853 3504 1893 3556 c

263 3586 443 3634 ἐτεσιν
492 3583 734 3652 ἀλλήλων
772 3584 1111 3651 διεστηκότες
1154 3584 1252 3635 οὐκ
1286 3584 1444 3651 ἔσχον
1474 3584 1568 3646 τὰς
1604 3582 1824 3652 γνώμας

264 3675 397 3743 περὶ
451 3675 546 3741 τῆς
594 3674 683 3726 τού
742 3675 1007 3739 παναγίου
1071 3675 1386 3741 Πνεύματος
1450 3676 1826 3743 ἐκπορεύσεως

262 3764 648 3833 διισταμὲνας,
695 3764 932 3832 δηλονότι
973 3765 1063 3814 xui
1120 3765 1146 3814 ό
1198 3764 1360 3832 μέσον
1422 3767 1621 3831 ἀμφοῖν
1671 3767 1826 3833 χορὸς

266 3858 412 3926 ἱερὸς
475 3859 615 3908 κατὰ
670 3856 918 3924 διαδοχὴν
974 3857 1082 3906 τῶν
1133 3855 1419 3925 ίερατικῶν
1468 3861 1564 3924 τῆς
1609 3857 1826 3926 Ῥώμης

268 3949 600 4020 προστάντες
632 3947 846 4014 θεσμῶν
879 3948 973 4017 τὴν
1000 3949 1168 4014 αὐτὴν
1197 3949 1630 4018 ἁκαινοτομήτως
1660 3951 1826 4017 έπρέ-

267 4041 460 4090 σῦευόν
494 4055 550 4090 τε
594 4042 684 4090 καὶ
731 4038 1109 4090 συνδιέθαλπον
1145 4040 1359 4089 πίστιν·
1408 4039 1509 4089 ὑπὸ
1557 4041 1659 4109 γὰρ
1718 4040 1825 4091 τῶν

265 4133 452 4198 ἄκρων
479 4130 545 4180 τὰ
571 4130 711 4197 μέσα
746 4129 854 4195 (51)
890 4130 1075 4198 ὥσπερ
1109 4132 1234 4199 ῥᾷον
1270 4133 1551 4199 συνέχεται
1587 4132 1677 4183 καὶ
1707 4149 1827 4182 συν-

266 4221 659 4290 απαρτὶξεται,
705 4219 846 4270 οὕτω
886 4223 1261 4289 συγκροτεῖται
1319 4223 1412 4273 καὶ
1459 4222 1826 4288 συγκατευθύ-

268 4331 439 4365 νετει.
476 4311 666 4363 Καίτοι
699 4310 810 4382 [Si]
846 4328 907 4379 γε
939 4313 1097 4375 εἴτις
1131 4313 1238 4364 τῶν
1272 4329 1331 4364 τε
1360 4313 1471 4383 (52)
1508 4313 1825 4382 φθασάντων

270 4408 364 4457 καί
415 4402 521 4453 τῶν
573 4403 849 4468 ἑπομένων
900 4403 1068 4469 ἁγίων
1115 4404 1320 4473 ἀνδρῶν
1367 4405 1502 4473 πρὸς
1556 4405 1828 4473 ἀλλότριον

271 4495 574 4547 ἀποκλίνων
623 4493 895 4563 φωραθείη
944 4495 1215 4562 φρόνημα,
1268 4495 1366 4547 οὐκ
1411 4495 1604 4562 ἄδηλός
1657 4498 1825 4559 ἐστιν,

270 4585 346 4646 ὡς
394 4587 450 4635 ἐν
479 4577 522 4650 ᾧ
576 4582 675 4650 τῆς
726 4584 947 4635 ἐκείνων
978 4585 1164 4637 ἑαυτὸν
1204 4584 1451 4655 διέρρηξε
1484 4586 1737 4649 πίστεως,
1771 4588 1826 4636 ἐν

269 4677 446 4745 τούτῳ
477 4677 570 4727 xui.
611 4677 702 4728 τοῦ
732 4677 889 4745 χοροῦ
921 4678 1014 4729 καὶ
1048 4677 1140 4728 τοῦ
1176 4677 1363 4745 θρόνου
1397 4679 1488 4728 καὶ
1519 4678 1613 4745 τῆς
1640 4679 1824 4747 ἀρχιε-

273 4769 519 4838 ρωσύνης
558 4770 745 4822 ἑαυτὸν
803 4771 1173 4837 συνεξέτεμεν.
1224 4768 1378 4821 Οὕτω
1431 4769 1528 4837 μὲν
1576 4766 1668 4820 οὖν
1722 4769 1828 4821 τῶν

269 4861 576 4929 εἰρημένων
621 4860 789 4926 ἁγίων
844 4860 1049 4927 ἀνδρῶν
1092 4861 1118 4911 ὁ
1150 4862 1305 4930 χορὸς
1345 4861 1400 4911 ὲν
1444 4861 1693 4930 εὐσεϐείᾳ
1736 4861 1848 4931 τὸν.

270 4950 385 5018 βίον
412 4951 531 5002 ὅλον
558 4950 900 5017 διεφύλαττεν
930 4952 1060 5017 (55).

341 5064 386 5093 ⁸ο
419 5063 548 5117 Luc.
579 5079 626 5127 t,
653 5064 741 5118 35.
817 5064 860 5096 ⁸³
895 5065 1026 5118 Luc.
1086 5080 1156 5127 Iv,
1216 5067 1298 5118 l8.

1997 3491 2086 3545 86.
2123 3493 2176 3544 Si
2223 3508 2351 3562 ergo
2382 3492 2667 3546 Zarharias
2700 3503 2754 3547 et
2786 3493 3076 3563 Gregorius
3111 3501 3189 3546 tot
3221 3507 3487 3547 annorum

1931 3581 2102 3648 spatio
2128 3581 2196 3633 ab
2225 3582 2454 3635 invicem
2497 3584 2758 3634 distantes
2788 3597 2893 3634 non
2931 3581 3240 3634 habuerunt
3267 3594 3490 3634 senten—

1933 3671 2032 3724 tias
2074 3672 2140 3724 de
2185 3672 2509 3724 sanctissimi
2563 3672 2793 3739 Spiritus
2842 3673 3190 3740 processione
3236 3673 3486 3734 dissitas,

1931 3768 2077 3813 certe
2102 3769 2155 3813 et
2180 3762 2388 3813 medius
2414 3762 2552 3814 inter
2577 3763 2673 3814 hos
2700 3761 2897 3814 chorus
2926 3761 3259 3829 pontiﬁcum,
3283 3761 3375 3830 qui
3402 3777 3488 3815 sa-

1933 3852 2036 3906 cris
2057 3837 2308 3904 Romanae
2336 3853 2584 3905 E;clcsi;_e
2604 3852 2782 3905 infulis
2805 3867 2900 3921 per
2920 3852 3316 3906 successionem
3347 3868 3488 3920 pra:-

1933 3943 2172 4007 fuerunt,
2216 3945 2458 3997 eamdem
2491 3945 2608 3997 sine
2648 3945 2750 3996 ulla
2788 3943 3134 3997 innovatione
3165 3944 3490 4011 praedicabat

1934 4044 1986 4087 et
2031 4034 2245 4088 fovebat
2273 4035 2464 4096 ﬁdem;
2498 4037 2564 4089 ab
2593 4036 2849 4090 extremis
2887 4036 3030 4089 enim
3059 4036 3232 4088 media
3253 4074 3265 4096 ,
3294 4051 3486 4103 quem—

1933 4126 2217 4179 admodum
2267 4127 2615 4181 continentur
2645 4135 2699 4180 et
2739 4126 3200 4189 communiuntur,
3232 4127 3304 4179 ita
3328 4126 3486 4180 etiam

1931 4218 2334 4271 constituuntur
2360 4228 2412 4272 et
2441 4219 2760 4287 diriguntur.
2813 4218 3135 4287 Quanquam
3173 4218 3217 4272 si
3250 4219 3369 4286 quis
3395 4235 3489 4272 ve-

1933 4313 2216 4365 tustiorum
2268 4321 2323 4367 et
2401 4312 2758 4380 posteriorum
2818 4323 3126 4366 sanctorum
3175 4312 3228 4364 in
3269 4326 3488 4365 sensum

1929 4402 2163 4454 alienum
2195 4401 2476 4456 deﬂexisse
2509 4401 2963 4471 deprehendatur,
2997 4402 3042 4454 is
3069 4403 3202 4455 citra
3232 4402 3454 4454 dubium
3474 4442 3488 4462 .

1930 4491 2055 4545 dum
2089 4508 2145 4545 se
2177 4494 2244 4546 ab
2275 4493 2488 4547 illorum
2532 4494 2750 4548 divulsit
2782 4493 2914 4555 ﬁde,
2949 4494 3016 4545 ab
3045 4493 3233 4545 ordine
3276 4507 3492 4560 quoque

1861 4615 1900 4665 υ
1930 4591 2088 4650 atque
2127 4583 2318 4637 throno
2374 4594 2428 4638 et
2469 4584 2782 4653 pontiﬁcatu
2844 4583 3191 4650 semetipsum
3241 4582 3485 4635 eXScidil.

1941 4673 2012 4724 lta
2052 4675 2212 4744 igitur
2240 4687 2660 4730 memoratorum
2703 4685 3012 4728 sanctorum
3039 4683 3210 4726 emtas
3242 4682 3347 4724 tota
3380 4674 3488 4724 vita

1939 4765 2185 4835 pietatem
2219 4769 2482 4821 tuebatur.
3121 4763 3125 4766 Α

1381 5181 1613 5235 νΑιιιΑΞ
1655 5182 2034 5239 LECTIONES
2074 5185 2161 5239 ET
2195 5185 2429 5241 ΝΟΤᾹΞ.

341 5292 454 5361 (40)
495 5290 662 5345 Palat.
693 5291 732 5345 ί.
763 5291 868 5346 245
897 5292 950 5347 b.
983 5295 1029 5344 εἰ
1052 5295 1180 5361 γάρ.

343 5365 456 5428 Ml)
496 5362 611 5414 Col.
647 5362 738 5412 τοῦ
769 5362 894 5414 Υἱοῦ
922 5361 1083 5414 αὑτοῦ

343 5433 457 5500 (42)
500 5432 615 5484 Col.
652 5431 954 5500 Βαπτιστὴς
983 5433 1253 5494 σαλπίζει.

343 5502 456 5566 (45)
502 5502 1109 5575 iiide_supra__cap.__5_l.
1162 5502 1384 5575 l’hotius
1428 5507 1569 5575 apud
1606 5507 1830 5561 Beceum

343 5518 456 5566 (eo)
507 5518 630 5553 nae
658 5518 817 5623 sugra
858 5518 976 5568 cap.
1025 5518 1109 5554 ut.
1162 5518 1384 5557 t'notzus
1428 5518 1569 5575 apud
1606 5518 1829 5561 Ueceum

266 5573 315 5645 I.‘
341 5587 407 5645 ei
429 5572 540 5645 c._5
573 5569 681 5645 (ίῖἒ
766 5571 854 5645 .ΑΙΙ
878 5611 892 5634 ,
935 5572 1070 5645 μὶ)
1107 5574 1381 5645 [Πνεῦμα
1415 5577 1646 5645 Χριστοῦ
1684 5577 1829 5644 λέγει

265 5643 333 5695 τὸ
370 5641 612 5707 Πνεῦμα,
659 5641 740 5690 ὅτι
789 5641 1069 5708 ὁμοούσιον
1108 5643 1216 5709 Υἰῴ
1262 5646 1352 5695 καὶ
1401 5641 1483 5698 ὅτι
1531 5647 1615 5697 ἐπ’
1670 5641 1831 5700 αὑτὸν

275 5713 447 5763 μένει.

274 5759 458 5844 tua“
500 5778 610 5830 (101.
648 5778 859 5846 ,ἵλεώς
894 5781 1022 5832 ἐττ;.

2006 5301 2211 5371 (4549)
2252 5301 2420 5356 Palat.
2447 5301 2616 5371 12246
2642 5316 2693 5354 a.
2725 5302 2830 5354 τῶν
2866 5302 3243 5371 θεωρημενων.

2010 5370 2120 5438 (50)
2163 5372 2332 5425 V'atic.
2377 5372 2414 5424 f.
2456 5370 2559 5423 207
2593 5387 2645 5424 a.
2674 5371 2834 5424 etiam
2879 5370 3063 5424 habuit
3095 5373 3490 5441 συνεργαζόμε-

1930 5457 2045 5500 νος;
2097 5442 2189 5493 sed
2233 5441 2514 5508 posteriori
2550 5457 2712 5493 manu
2743 5442 3046 5494 terminatio
3082 5443 3304 5511 pluralis
3342 5473 3408 5481 ——
3440 5461 3488 5494 οι

1930 5511 2290 5578 superscripta
2313 5519 2414 5562 est.

2000 5579 2109 5646 (51)
2149 5580 2312 5633 Palat.
2341 5579 2378 5633 f.
2412 5579 2514 5634 246
2544 5595 2591 5633 a.
2620 5580 2726 5633 τῶν
2753 5578 2934 5649 ἄκρων
2962 5581 3026 5632 τὰ
3064 5580 3196 5649 μετὰ
3223 5580 3428 5646 ὥσπερ.

2004 5650 2114 5716 (52)
2155 5649 2269 5702 Col.
2299 5649 2473 5702 omitt.
2506 5666 2561 5700 τε

2005 5720 2114 5786 (55)
2148 5718 2203 5770 ln
2229 5720 2387 5784 epist.
2429 5720 2492 5770 ad
2518 5719 2742 5786 Aquilei.
2775 5719 3230 5785 an'hiepisenp'em
3264 5721 3488 5774 addam;

1932 5799 1985 5841 et
2027 5789 2310 5840 Adt‘ittnum
2347 5790 2381 5846 ί,
2417 5790 2503 5856 qui
2534 5801 2583 5840 et
2615 5791 2798 5856 ipsein
2838 5808 2903 5856 up
2959 5792 3020 5840 πί
3060 5790 3332 5843 ’ἐίιιοιιδὶιιιιι
3364 5792 3488 5863 Spi-
