4234 6432
192 407 286 473 317
1250 399 1344 459 DE
1384 399 1443 457 S.
1486 397 1838 459 SPIRITUS
1875 398 2372 460 MYSTAGOGIA.

3315 401 3419 464 378

190 507 579 563 ἀπελαύνεσθαι
607 508 703 576 τὴν
745 504 805 568 ἐξ
834 502 1152 571 ὑπολήψεως
1180 502 1535 573 ἑτεροδοξίαν.
1567 504 1654 553 να).
1682 502 1746 569 δὴ
1774 506 1825 562 Α
1850 504 1862 556 1

1774 504 1991 562 Aiuter
2041 505 2097 559 S.
2144 506 2429 560 missarum
2479 509 2744 563 solemnia
2789 522 3003 562 sacrum
3054 518 3254 563 nostra:
3300 510 3418 564 ﬁdei

192 602 279 654 καὶ
321 602 381 651 τὸ
430 598 526 649 τοῦ
578 598 745 664 ἄγους
781 596 1037 666 άρτιφυὲς
1059 594 1251 645 Θᾶττον
1299 592 1395 659 τῆς
1434 593 1751 661 Ῥωμαῖκῆς

192 691 478 761 πρόρριζον
522 687 882 741 ὲκκόπτεσθαι
919 686 1212 745 πολιτείας.
1257 684 1455 748 Διόπερ
1502 685 1561 735 οὐ
1593 684 1753 752 μόνον

192 788 243 834 ὲν
294 786 431 850 αὑτῇ
480 785 544 851 τῇ
596 781 882 849 Ῥωμαίων
919 778 1071 829 πόλει
1118 777 1525 845 προγράμματά
1562 792 1621 827 τε
1660 776 1752 826 καὶ

192 874 512 943 προθέματα
559 853 711 927 ἔθετο
738 871 872 937 (64),
924 869 1065 922 κατὰ
1112 868 1210 930 τὰς
1244 866 1507 935 μυστικὰς
1547 867 1750 935 ἱερολο-

191 964 309 1028 γίας
338 962 399 1013 τὸ
448 961 590 1030 ἱερὸν
618 961 714 1028 τῆς
748 960 978 1019 πίστεως
1009 957 1165 1027 ἡμῶν
1209 955 1500 1025 σύμϐολον,
1539 955 1659 1007 καθ’
1696 956 1754 1008 δν

192 1053 386 1121 τρόπον
417 1055 510 1110 καὶ
552 1054 673 1110 κατ’
713 1052 889 1119 ἀρχὰς
930 1050 1225 1109 συνοδικοῖς
1276 1049 1369 1107 καί
1410 1050 1612 1113 φωναῖς
1659 1048 1755 1099 καὶ

191 1141 531 1211 ψηφίσμασιν
596 1141 1008 1207 ὲκπεφώνηται,
1097 1138 1307 1190 Ἐλλάδι
1368 1136 1583 1207 γλώσσῃ
1657 1138 1752 1189 καὶ

196 1233 321 1302 παρ’
374 1234 555 1294 αὐτοῖς
612 1233 841 1293 ἐκείνοις
891 1233 1000 1291 τοῖς
1050 1231 1151 1294 τὴν
1224 1230 1507 1298 Ῥωμαίων
1566 1230 1750 1296 φωνὴν

1859 595 2191 664 symbolum,
2223 597 2675 664 quemadmodum
2726 606 2780 651 et
2832 598 2901 651 ab
2959 596 3111 649 initio
3149 599 3421 667 synodicis

1858 682 2079 736 vocibus
2108 684 2445 752 decretisque
2475 685 2650 738 fuerat
2677 686 3017 739 enuntiatum
3038 725 3053 748 ,
3085 683 3268 739 Graeca
3311 687 3419 740 Iin-

1858 788 1957 842 gua
1990 772 2151 825 etiam
2180 776 2319 841 apud
2349 776 2465 829 illos
2493 776 2659 844 ipsos,
2685 775 2774 842 qui
2807 775 2994 828 Latine
3038 775 3418 842 loquebantur,

1858 865 2197 928 recitaretur,
2224 866 2317 919 sed
2342 866 2502 919 etiam
2532 867 2787 920 omnibus
2814 866 3130 933 provinciis.
3158 882 3278 937 qua:
3309 865 3420 919 Ro-

1859 968 2079 1005 manum
2120 953 2483 1020 pontiﬁcatum
2519 965 2678 1023 atque
2713 956 2959 1023 regimen
3001 956 3417 1018 venerabantur,

1860 1041 1999 1095 idem
2049 1044 2251 1096 sentire.
2294 1043 2542 1111 idemque
2590 1060 2846 1114 peragere
2889 1054 2944 1103 et
2993 1045 3334 1100 sermonibus
3366 1056 3421 1097 et

1858 1134 2127 1202 synodicis
2175 1135 2368 1187 litteris
2434 1136 2705 1188 mandavit
2763 1136 3003 1204 dirisque
3037 1136 3419 1193 ianatbematis

1858 1228 2091 1282 vinculis
2120 1229 2383 1298 dogmatis
2411 1231 2554 1283 cavit
2580 1229 2906 1284 ﬁrmitatem.

196 1328 412 1390 ἀφιᾶσιν
470 1324 934 1391 ἀπαγγέλλεσθαι,
982 1325 1114 1376 ἀλλὰ
1184 1324 1279 1377 καὶ
1335 1322 1606 1391 πανταχοῦ
1641 1323 1748 1375 τῶν
1787 1323 2062 1392 ἐπαρχιῶν
2098 1324 2153 1376 αἳ
2196 1325 2296 1392 τὴν
2343 1325 2624 1392 Ῥωμαίων
2652 1324 3063 1397 ἀρχιερωσύνην
3130 1324 3198 1377 δι’
3267 1321 3423 1377 εὐλα-

197 1423 344 1480 ιὶείας
390 1420 481 1472 καὶ
526 1419 818 1486 ἠγεμονίαν
850 1417 957 1482 (65)
987 1418 1199 1481 ἄγουσι,
1251 1417 1311 1468 τὸ
1354 1416 1487 1469 αὐτὸ
1534 1420 1749 1485 φρονεῖν
1789 1419 1878 1469 καὶ
1924 1419 2202 1487 πράττειν,
2228 1420 2385 1487 ἀραῖς
2412 1434 2469 1469 τε
2507 1418 2620 1486 (66)
2648 1418 2742 1476 τοῦ
2787 1417 3056 1486 δόγματος,
3119 1416 3180 1467 τὸ
3216 1415 3421 1482 ἀμετά-

199 1515 345 1563 (ιετον
370 1510 807 1578 ἀσφαλισάμενος
838 1512 930 1561 κα).
969 1510 1144 1575 λόγοις
1175 1510 1268 1560 καὶ
1295 1509 1585 1577 γράμμασι
1613 1508 1906 1571 συνοδικοῖς
1942 1509 2275 1576 διεπέμψατο
2304 1506 2437 1575 (67).

268 1608 378 1668 κη’.
420 1603 524 1653 Καὶ
552 1596 618 1668 ἧν
673 1599 927 1671 ἡπρᾶξις
965 1603 1067 1653 οὐκ
1105 1600 1264 1653 αὑτοῦ
1300 1600 1457 1669 μόνον
1493 1601 1755 1669 άρχιερα-
1928 1603 1940 1655 1

1748 1629 1755 1639 -
1928 1603 2015 1659 83.
2049 1600 2210 1668 ldque
2240 1617 2346 1654 non
2384 1601 2555 1653 solum
2606 1600 2725 1668 ipso
2755 1599 3133 1669 pontiﬁcatum
3163 1597 3420 1652 adminis-

200 1693 437 1753 τεύοντος
470 1694 529 1743 τὸ
560 1692 851 1759 σεὸάσμιον
877 1693 1101 1761 ἔχουσα·
1132 1692 1265 1743 ἀλλὰ
1292 1694 1381 1743 καὶ
1402 1693 1429 1741 ὁ
1464 1695 1634 1761 πρᾶος
1663 1711 1755 1741 και
1859 1714 1871 1748 ι

1746 1713 1755 1740 ι
1859 1706 2032 1750 trante
2063 1696 2434 1764 peragebatur,
2466 1695 2560 1747 sed
2588 1704 2643 1747 et
2678 1693 2824 1745 mitis
2857 1693 2944 1745 ille
2976 1708 3038 1745 ac
3068 1702 3418 1752 mansuetus,

200 1783 445 1850 ἐπιεικὴς
489 1783 581 1834 καὶ
640 1784 958 1850 άσκητικοίς
1009 1783 1215 1848 ἀγῶσιν
1275 1781 1753 1849 ὲναγλαῖζόμενος.
1790 1798 1872 1853 Β(

1748 1822 1753 1841 .
1790 1798 1831 1853 Β
1859 1788 2343 1854 certaminibusque
2380 1787 2561 1839 clarus
2628 1784 2895 1847 asceticis,
2978 1784 3209 1853 inclytus
3252 1783 3420 1835 Bene-

200 1876 224 1923 ΰ
252 1873 457 1933 κλεινδς
488 1874 796 1928 Βενέδικτος
822 1876 850 1925 ὁ
880 1873 994 1941 μετ’
1024 1876 1226 1925 ἐκεῖνον
1254 1873 1345 1924 τοῦ
1374 1872 1756 1943 ἀρχιερατικοῦ
1861 1897 1872 1931 ι

1749 1872 1756 1921 ἰ
1861 1879 2056 1941 dictus,
2105 1879 2246 1931 illius
2284 1880 2337 1930 in
2381 1877 2671 1945 pontiﬁcali
2717 1876 2844 1930 sede
2879 1890 3180 1936 successor,
3226 1876 3277 1927 in
3319 1873 3421 1926 huc

201 1962 385 2028 Θρόνου
432 1961 673 2030 διάδοχος
708 1963 848 2030 (68),
902 1962 963 2013 τὺ
1010 1961 1126 2032 [97]
1181 1962 1311 2017 αὐτὸ
1363 1962 1457 2016 καὶ
1512 1962 1759 2030 στέργειν

203 2053 287 2102 καὶ
320 2052 605 2121 κρατύνειν
633 2052 693 2103 ού
734 2053 829 2119 τὴν
869 2052 1129 2121 δευτέραν
1179 2052 1333 2115 τάξιν
1383 2052 1527 2119 ἔχειν
1558 2052 1756 2103 ἐσπούο

199 2141 371 2204 δαζεν,
413 2142 460 2193 εί
501 2142 592 2193 καὶ
634 2141 971 2211 δευτερεύειν
1019 2143 1180 2195 αὑτὸν
1220 2143 1247 2193 ὀ
1284 2142 1470 2210 χρόνος
1523 2142 1757 2194 ὑπέτατο

199 2248 283 2281 τεν
310 2230 443 2299 (69).
476 2230 536 2281 Ei
564 2229 622 2281 δέ
663 2246 745 2290 τις
779 2231 893 2298 μετ’
926 2231 1163 2292 ἐκείνους
1198 2231 1413 2300 γλώσσῃ
1437 2230 1627 2299 δολερᾷ
1665 2229 1758 2281 καὶ

196 2322 245 2372 τί
280 2322 353 2389 μὴ
388 2322 497 2389 (70)
531 2321 871 2392 πλαττομένῃ
903 2321 1013 2389 (71)
1043 2323 1138 2389 (ού
1174 2321 1282 2392 γὰρ
1317 2322 1538 2390 ὲθάρρει
1578 2323 1757 2390 γυμνῇ

197 2415 257 2479 τῇ
286 2412 495 2479 κεφαλῇ
534 2411 668 2478 πρὸς
706 2412 773 2462 τὰ
814 2412 1072 2463 κάλλιστα
1100 2413 1193 2463 καὶ
1232 2412 1617 2479 Θεοφιλέστατα
1652 2429 1755 2462 πα-

200 2501 555 2569 ρατάττεσθαι
584 2502 719 2570 (72).
760 2501 875 2555 ἀλλ’
905 2503 1022 2554 οὐδὲ
1060 2504 1170 2570 (75)
1202 2502 1261 2554 τὸ
1290 2503 1511 2573 φρικτὸν
1542 2502 1637 2570 τῆς
1673 2501 1755 2554 πί-

201 2613 365 2657 στεως
415 2595 517 2647 ἀνὰ
575 2595 795 2663 χειλέων
845 2595 964 2663 (74)
1023 2596 1277 2648 ἁπάντων
1339 2594 1755 2665 περιφέρεσθαι,

198 2687 563 2755 προκάλυμμα
604 2686 705 2754 τῆς
742 2685 965 2753 γνώμης
995 2686 1255 2757 Θέμενος)
1286 2686 1347 2738 τὸ
1377 2686 1540 2756 ῥηθὲν
1571 2685 1755 2737 Θεσσε-

199 2777 453 2829 6ἐστατον
479 2777 571 2828 καὶ
604 2774 1025 2844 ὠφελιμώτατον
1055 2776 1164 2845 (75)
1194 2775 1353 2847 ἔργον
1372 2778 1477 2828 τῶν
1520 2776 1758 2833 Ἐκκλη-

200 2868 323 2920 σιῶν
363 2868 670 2938 περιέκειρὲ
705 2885 764 2921 τε
817 2869 911 2921 καὶ
953 2869 1287 2938 ἐλυμήνατο·
1334 2868 1465 2940 [οὐκ
1495 2870 1623 2937 ὲμδν
1652 2870 1759 2938 γὰρ

197 2960 419 3026 ὀνόματι
444 2960 539 3021 τὰς
568 2960 940 3028 παλαμναίους
966 2960 1189 3031 πράξεις
1235 2960 1515 3023 διεξιέναι·
1539 2959 1559 3030 ]
1592 2960 1749 3019 αὐτὸς

206 3056 262 3103 iv
292 3053 463 3119 είδείη
499 3053 630 3119 (76)’
675 3053 873 3122 μᾶλλον
901 3054 955 3105 δὲ
988 3055 1199 3124 πικρῶς
1229 3049 1364 3105 οἶδεν
1393 3053 1501 3124 (77)
1536 3054 1636 3122 ήδη
1668 3052 1759 3103 κα).

200 3146 396 3207 αολίως
422 3145 521 3213 τὴν
543 3146 696 3213 δίκην
720 3145 927 3197 ἐκεῖθεν
955 3146 1409 3214 εἰσπραττόμενος
1438 3147 1534 3213 τῆς
1558 3145 1757 3211 ὑφάλου

200 3235 432 3303 τόλμης·
480 3235 595 3287 ἀλλ’
623 3239 828 3297 ἐκεῖνος
864 3237 958 3303 μὲν
992 3237 1153 3306 (σιγᾷ
1184 3239 1289 3307 γὰρ
1333 3238 1425 3289 καὶ
1479 3237 1641 3298 αὐτὸς
1662 3276 1676 3299 ,
1710 3240 1757 3288 ει

203 3326 290 3375 καὶ
346 3326 420 3392 μὴ
476 3326 648 3393 ἑκὼν)
687 3327 766 3387 είς
815 3327 873 3378 τὸ
924 3330 1019 3394 τῆς
1067 3329 1222 3396 σιγῆς
1275 3328 1594 3399 ἀπερῤίφῢω
1654 3345 1758 3395 χω-

204 3415 313 3483 ρίον
341 3416 476 3485 ('78).
528 3416 586 3469 Ὀ
622 3418 678 3469 δέ
710 3434 772 3485 γε
822 3416 941 3488 [98)
984 3418 1266 3481 θεσπέσιος
1304 3419 1454 3470 Λέων
1497 3420 1556 3470 ού
1597 3419 1758 3488 μέχρι

1862 1970 2063 2027 tuendo
2090 1978 2143 2022 et
2170 1970 2497 2023 stabiliendo
2540 1984 2648 2021 non
2676 1980 2796 2019 esse
2840 1965 3113 2018 secundus
3140 1964 3418 2016 adniteba-

1861 2070 1947 2114 tur
1974 2061 2182 2114 tametsi
2215 2060 2513 2114 secundum
2542 2059 2680 2111 ratio
2714 2058 2972 2124 temporis
3006 2055 3180 2123 ipsum
3216 2056 3419 2107 consti-

1861 2153 2061 2205 tuebat.
2098 2150 2250 2214 Quod
2272 2151 2313 2202 si
2346 2151 2465 2217 quis
2496 2159 2615 2217 post
2666 2148 2787 2201 illos
2820 2148 2998 2216 lingua
3032 2146 3213 2199 dolosa
3244 2152 3298 2197 et
3326 2160 3421 2196 ve-

1858 2241 2192 2294 nerationem
2242 2240 2527 2292 simulante
2584 2240 2735 2305 (non
2803 2237 2949 2291 enim
3008 2244 3191 2305 aperta
3245 2234 3422 2288 fronte

1860 2330 2044 2403 [nudo
2086 2330 2295 2402 capite]
2332 2331 2746 2385 constitutiones
2795 2329 3027 2398 optimas
3045 2327 3422 2397 piissimasquc

1859 2438 2164 2492 oppugnare
2202 2422 2472 2489 audebat)
2524 2422 2626 2475 sub
2670 2423 2915 2489 specioso
2953 2420 3145 2481 titulo,
3180 2418 3319 2485 quod
3368 2417 3418 2469 in

1859 2531 1952 2569 ore
1983 2517 2222 2569 omnium
2249 2515 2545 2585 symbolum
2572 2514 2700 2567 illud
2740 2513 2859 2566 ﬁdei
2888 2528 2992 2565 non
3016 2522 3161 2565 esset
3188 2512 3420 2564 circum—

1860 2608 2161 2671 ferendnm,
2204 2616 2558 2660 memoratum
2614 2605 2914 2674 piissimum
2966 2604 3420 2669 utilissimumque

1859 2715 1995 2767 opus
2044 2698 2350 2752 rescindere
2397 2697 2463 2749 ab
2496 2696 2749 2751 Ecclesiis
2793 2704 2847 2748 et
2885 2696 3208 2762 abrumpere
3255 2693 3422 2745 voluit

1860 2792 1989 2856 (nun
2039 2789 2181 2841 enim
2228 2797 2310 2842 est
2341 2802 2552 2850 meum,
2608 2787 2827 2840 nomine
2864 2794 3147 2839 auctorum
3192 2783 3418 2838 scelesta

1861 2880 2094 2933 facinora
2136 2878 2417 2946 prosequi)
2459 2895 2471 2930 :
2504 2877 2618 2943 ipse
2652 2876 2865 2928 noverit
2889 2915 2904 2937 ,
2939 2874 3047 2927 imo
3079 2873 3273 2926 acerbe
3310 2872 3419 2939 jam

1860 2979 1913 3024 et
1934 2972 2126 3023 misere
2162 2969 2312 3022 novit
2337 2984 2523 3037 pmnas
2555 2970 2677 3021 inde
2709 2968 2862 3022 luens
2887 2966 3121 3021 subdola:
3147 2967 3420 3019 temerita-

1864 3062 1948 3116 tis.
1974 3064 2041 3115 At
2071 3062 2157 3115 ille
2184 3062 2396 3129 quidem
2428 3062 2580 3131 (silet
2611 3060 2754 3112 enim
2785 3068 2840 3112 et
2868 3059 3003 3126 ipse,
3041 3058 3164 3110 licet
3194 3056 3415 3125 invitus)

1790 3124 1828 3176 Ο
1864 3154 1916 3206 in
1948 3155 2146 3207 silentii
2172 3154 2442 3221 regionem
2474 3152 2745 3221 projectus
2766 3151 2959 3217 jaceat.
2988 3149 3210 3202 Divinus
3238 3160 3416 3202 autem

1865 3238 1973 3291 Leo
2003 3254 2108 3291 non
2134 3240 2198 3292 ad
2227 3255 2287 3292 ea
2310 3240 2504 3303 solum,
2527 3254 2647 3306 quae
2671 3239 2923 3301 diximus,
2954 3238 3148 3291 bonam
3181 3238 3338 3291 istam
3364 3248 3422 3291 et

1863 3346 1890 3381 a
1926 3329 2035 3382 Deo
2063 3329 2378 3398 inspiratam
2412 3345 2595 3382 curam
2624 3338 2678 3382 et
2705 3328 2970 3382 actionem
3001 3328 3259 3397 produxit
3280 3367 3295 3390 ,
3322 3329 3419 3381 sed

1862 3421 2055 3481 etiam,
2139 3436 2259 3472 cum
2315 3429 2589 3474 exstarent
2627 3420 2681 3473 in
2729 3418 3063 3488 repositoriis
3115 3419 3417 3489 principum

1278 3619 1504 3672 VARIAE
1549 3619 1927 3675 LECTIONES
1967 3620 2057 3673 ET
2083 3620 2314 3675 NOTAE.

272 3774 381 3843 (64)
417 3773 535 3828 Col.
573 3773 725 3825 ἔθετο
785 3774 957 3828 deest.

273 3845 385 3920 (115)
431 3843 599 3896 Palat.
630 3846 721 3920 καὶ
746 3846 961 3911 ήγενίας
991 3843 1079 3910 άγ.
1135 3844 1247 3898 Col.
1272 3846 1563 3918 ἡγεμονίας
1589 3846 1678 3916 ἀγ.
1703 3847 1762 3901 τὸ

204 3912 329 3973 αὐτὸ
353 3912 450 3972 διαὶ
479 3937 571 3989 φρ.
590 3912 691 3970 καὶ
725 3930 820 3989 πρ.

293 3993 383 4055 66)
424 3990 540 4043 Col.
568 3989 647 4041 τό.

294 4061 383 4127 67)
431 4060 642 4112 Nullum
690 4058 952 4126 ejusmodi
996 4056 1327 4127 synodalium
1378 4058 1638 4111 habemus
1670 4072 1764 4112 ve-

206 4144 447 4186 SllRIllﬂl.

311 4147 447 4182 ium.

270 4146 384 4269 (868)
431 4198 551 4250 llaec
580 4198 830 4269 videntur
868 4197 1237 4269 immediatnm
1268 4210 1637 4269 successorem
1679 4196 1760 4269 in-

204 4264 451 4331 sinuare;
486 4268 625 4320 unde
655 4266 763 4319 Leo
801 4266 866 4319 de
900 4280 1007 4333 quo
1029 4282 1078 4319 c.
1111 4266 1177 4318 87
1205 4266 1330 4333 egit,
1377 4265 1484 4316 Leo
1541 4264 1605 4317 IV
1634 4266 1758 4319 erit.

209 4337 375 4391 Verba
420 4339 449 4388 ὁ
480 4338 650 4403 πρᾶος
680 4365 749 4375 -
768 4336 1008 4401 διάδοχος
1038 4335 1255 4387 adducit
1285 4336 1425 4386 card.
1455 4334 1621 4388 Maius
1646 4334 1679 4385 l.
1708 4350 1756 4387 c.

213 4428 228 4457 ι
268 4408 411 4460 Mitis
458 4405 547 4458 ille
583 4415 637 4458 et
670 4405 791 4472 pius
826 4413 881 4457 et
909 4404 1155 4456 asceticis
1186 4404 1569 4458 certaminibus
1610 4404 1762 4458 fami-

207 4486 442 4545 geratus,
469 4475 697 4543 inclytus
723 4473 1062 4545 Benedictus,
1089 4478 1179 4541 qui
1211 4473 1264 4525 in
1292 4487 1597 4541 supremam
1626 4475 1759 4528 Leo-

208 4544 290 4599 nis
318 4544 635 4597 cathedram
672 4544 953 4596 successit.
989 4561 1006 4593 ι

273 4614 389 4682 (69)
431 4613 557 4667 Haec
611 4613 773 4665 verba
802 4611 938 4664 ἀλλὰ
982 4629 1037 4665 κ.
1087 4613 1114 4662 ὁ
1159 4612 1330 4682 πρᾶος
1368 4642 1435 4652 -
1469 4612 1763 4682 ὑπέταττεν

208 4679 394 4741 eodem
418 4683 577 4735 modo
603 4697 665 4735 ex
683 4696 811 4734 mss.
847 4679 1249 4748 transcripserat
1272 4679 1377 4735 Leo
1400 4682 1622 4735 Allatius
1654 4681 1761 4734 fab.

209 4759 271 4806 de
299 4752 527 4806 Joanne
554 4750 782 4818 Papissa:
813 4750 1029 4803 Coni’ut.
1061 4750 1381 4819 (Symmicta
1421 4752 1484 4810 11,
1514 4766 1564 4818 p.
1606 4748 1763 4818 419.)

213 4843 229 4871 ι
263 4821 369 4874 Sed
401 4830 456 4873 et
495 4821 642 4873 mitis
669 4828 723 4872 et
755 4829 1063 4872 mansuetus
1101 4830 1152 4871 et
1182 4821 1425 4875 asceticis
1455 4820 1758 4873 certamini-

211 4892 307 4944 bus
338 4891 597 4951 illustris,
636 4889 865 4957 inclytus
908 4888 1247 4951 Benedictus,
1276 4899 1393 4955 post
1422 4904 1543 4942 enm
1584 4889 1639 4941 in
1678 4904 1762 4940 ar—

209 4961 505 5013 chieratico
548 4961 742 5012 throno
786 4972 1082 5019 successor,
1131 4959 1231 5011 hoc
1274 4959 1413 5011 idem
1460 4969 1514 5010 et
1560 4958 1764 5026 ample-

208 5029 404 5081 ctendo
433 5037 489 5081 et
512 5026 877 5080 conﬁrmando
904 5042 1010 5079 non
1048 5028 1315 5080 secundus
1358 5042 1475 5079 esse
1498 5028 1765 5080 nitebatur

210 5098 603 5165 (ἐσπούδαζεν,
635 5096 775 5165 quod
807 5095 1031 5163 proinde
1078 5096 1130 5149 in
1178 5094 1362 5150 Graeco
1391 5096 1566 5149 Allatii
1618 5106 1763 5149 textu

210 5164 422 5219 nonnisi
485 5164 794 5235 typographi
842 5166 1137 5231 spbalmate
1173 5166 1430 5221 omissum
1465 5168 1605 5235 est),
1640 5166 1765 5219 licet

212 5246 454 5303 tempore
486 5236 754 5289 secundus
780 5245 941 5287 esset.
976 5254 992 5284 ι

278 5308 387 5371 (Ἱυ)
435 5305 528 5357 Sic
557 5306 697 5372 apud
722 5304 972 5357 Allatium
1001 5320 1047 5359 c.
1079 5303 1328 5374 Creyght.
1357 5320 1409 5372 p.
1432 5303 1525 5356 25!
1552 5320 1567 5369 ;
1592 5303 1761 5356 Vatic.

207 5378 390 5441 τιμὴν.
422 5375 543 5427 Col.
573 5376 754 5441 τιμήν.

278 5446 388 5509 (71)
427 5442 604 5495 Palat.
633 5442 1023 5512 πλαττομένην.

276 5515 387 5582 ἑῗῖ)
423 5513 543 5565 Cipi.
580 5512 928 5582 πράττεσθαι.

277 5580 388 5648 (73)
425 5582 519 5637 Sic
564 5582 720 5633 Allat.
776 5581 811 5633 1.
856 5597 905 5635 c.
941 5583 994 5634 In
1029 5581 1149 5635 cod.
1193 5580 1367 5636 Vatic.
1414 5583 1645 5651 spatium
1677 5598 1766 5636 va-

210 5667 391 5721 cuum,
446 5653 501 5703 in
548 5651 788 5721 margine
841 5666 983 5721 vero,
1010 5652 1287 5721 posteriori
1321 5668 1480 5706 manu
1529 5653 1761 5721 legitur;

212 5719 322 5770 αλλ’
361 5721 438 5782 ὠς
477 5720 617 5773 οὐδέ.
664 5719 829 5773 Palat.
875 5720 987 5771 ἀλλ’
1021 5720 1092 5781 ὡς
1136 5722 1308 5774 ούδεο.
1335 5724 1350 5741 ⁸
1378 5723 1490 5776 Col.
1523 5719 1598 5789 pf
1620 5723 1723 5776 512
1751 5739 1762 5773 :

213 5790 324 5848 ἀλλ’
366 5790 444 5854 ὼς
494 5790 555 5842 οὐ
594 5789 691 5847 δεῖ.
730 5789 817 5846 Sic
855 5800 909 5844 et
962 5789 1072 5843 Pal.
1107 5790 1205 5859 legi
1241 5808 1395 5861 posse
1420 5793 1762 5847 observatum

1860 3790 1961 3903 38L
2014 3777 2137 3832 Hinc
2176 3787 2230 3831 et
2275 3793 2389 3846 seq.
2442 3776 2777 3847 perdidicilia
2823 3786 2981 3843 sunt;
3034 3776 3244 3831 videtur
3287 3781 3423 3849 quid

1897 3864 2067 3902 eesse.

1897 3864 2067 3902 88838.

1933 3920 2044 3981 (74)
2082 3917 2199 3971 Col.
2234 3916 2579 3986 ἀναχειλέων.

1935 3988 2045 4052 (Ἱὸ)
2081 3988 2235 4055 Apud
2264 3984 2516 4041 Allatium
2548 3987 2805 4041 mendose
2841 4004 2852 4038 :
2887 3984 3346 4054 φυλοτιμώτατον.

1934 4058 2045 4121 (76)
2086 4057 2200 4110 Coi.
2233 4057 2416 4125 εἰδείη.

1934 4127 2044 4195 (77)
2088 4127 2244 4179 Allat.
2281 4122 2437 4179 εἶδέν.

1932 4196 2039 4259 (78)
2082 4196 2369 4261 I’ericopen
2401 4196 2539 4247 hanc
2569 4211 2581 4245 :
2631 4195 2677 4245 ει
2710 4196 2765 4253 δέ
2803 4212 2886 4256 τις
2938 4197 3053 4263 μετ’
3085 4194 3322 4256 ἐκείνους
3347 4224 3416 4237 —

1896 4266 2077 4333 ωρίον,
2124 4280 2243 4331 quae
2284 4263 2557 4317 Nicolaum
2606 4264 2622 4317 1
2682 4265 2925 4332 respicit,
2962 4264 3183 4317 Allatius
3228 4272 3419 4333 contra

1896 4284 2077 4333 ωριον,
2124 4284 2243 4331 qua:
2287 4284 2557 4317 ulcmaum
2607 4284 2621 4317 I
2682 4284 2925 4332 resptcu,
2962 4284 3183 4317 Mlauus
3228 4284 3419 4319 (ΣΟΠιΓὶὶ

1859 4284 2111 4403 éreyght.
2134 4350 2205 4403 Ρ.
2235 4334 2359 4403 251,
2388 4335 2494 4391 253
2538 4334 2590 4385 in
2622 4334 2857 4387 medium
2889 4334 3092 4401 profert
3139 4334 3209 4386 ita
3248 4332 3420 4403 disse.

1863 4401 2029 4456 rens}
2066 4422 2082 4451 ι
2130 4401 2254 4456 Post
2285 4402 2627 4456 Benedictum
2659 4404 2725 4455 ad
2755 4402 3031 4456 Nicolaum
3062 4401 3423 4465 descendens,

1862 4474 1951 4595 qui
1980 4482 2098 4541 post
2119 4487 2239 4525 eum
2264 4472 2628 4541 pontiﬁcatum
2654 4472 2867 4529 inierat.
2890 4487 3039 4538 aeque
3065 4479 3223 4538 atque
3244 4484 3421 4537 neque

1901 4558 1930 4595 e
1962 4541 2178 4595 nomine
2210 4543 2280 4594 illi
2310 4550 2453 4595 esset
2482 4550 2661 4595 notus.
2687 4556 2882 4593 nomen
2909 4541 3267 4595 obticescens.
3290 4554 3416 4591 eum

1901 4558 1930 4595 e
1962 4541 2178 4595 nomine
2210 4543 2280 4594 illi
2310 4550 2453 4595 esset
2482 4550 2661 4603 notus,
2687 4556 2882 4593 nomen
2909 4541 3267 4602 obticescens,
3290 4554 3416 4591 eum

1865 4622 2075 4665 secreto
2105 4627 2205 4664 nec
2236 4613 2407 4681 palam
2440 4612 2634 4678 populo
2659 4611 2709 4663 id
2741 4610 2920 4663 dicere
2950 4616 3221 4681 asseverat
3242 4611 3257 4675 (
3280 4609 3421 4681 ιξιιυ-

1868 4682 2005 4750 tius)
2035 4699 2046 4733 :
2088 4699 2105 4731 ι
2138 4678 2290 4744 Quod
2324 4682 2367 4733 si
2388 4681 2507 4747 quis
2544 4688 2662 4747 post
2687 4694 2801 4740 eos,
2826 4688 2892 4750 et
2910 4680 2972 4731 ad
3004 4679 3183 4747 omnia
3210 4678 3418 4750 auden-

1864 4746 1996 4803 dum'
2036 4752 2270 4818 proiecta
2329 4746 2501 4818 lingua
2544 4746 2561 4800 Ξ
2594 4764 2768 4816 neque
2811 4748 2951 4801 enim
3014 4746 3197 4818 aperto
3244 4746 3421 4818 capite

1865 4816 2051 4872 contra
2082 4816 2280 4888 optima
2321 4816 2535 4887 Deoque
2579 4818 2877 4887 gratissima
2906 4816 3297 4888 nitigaudebat;
3325 4816 3419 4867 sed

1866 4904 1965 4943 nec
1992 4885 2326 4942 tremendum
2368 4885 2487 4940 ﬁdei
2519 4888 2569 4939 in
2589 4885 2690 4940 ore
2715 4888 2952 4939 omnium
2974 4885 3300 4937 circumduci
3332 4898 3419 4936 so-

1866 4958 2015 5013 litum
2053 4959 2136 5025 (?)
2187 4958 2464 5011 sententia:
2516 4971 2627 5010 suae
2671 4965 3035 5025 tegumentum
3078 4962 3423 5025 iprartcxcns,

1865 5023 2068 5081 dictum
2113 5023 2411 5096 piissimum
2448 5036 2500 5079 et
2535 5023 2779 5096 maxime
2814 5024 3196 5096 honorandum
3229 5023 3417 5096 Ecclcf

1866 5096 2065 5149 siarum
2107 5092 2243 5164 opus
2286 5097 2515 5149 attondit
2553 5096 2637 5149 vel
2676 5094 2805 5147 laesit
2845 5111 2856 5145 :
2897 5109 3071 5164 neque
3114 5092 3257 5164 enim
3310 5092 3421 5164 mei

1866 5167 2121 5234 propositi
2146 5161 2239 5219 est
2279 5165 2567 5219 sceleratas
2608 5165 2849 5218 actiones
2892 5163 3136 5225 edicere;
3170 5161 3285 5234 ipse
3314 5162 3420 5234 scio

1865 5230 2030 5300 verit;
2072 5236 2315 5304 quinimo
2355 5249 2536 5287 amare
2575 5235 2683 5301 jam
2731 5234 2908 5293 novit,
2949 5232 3314 5304 miserandum
3359 5230 3413 5281 in

1865 5299 2102 5359 modum'
2127 5319 2312 5373 pamas
2351 5304 2458 5358 illic
2502 5299 2814 5371 persolvens
2840 5301 3062 5356 occultae
3094 5299 3330 5373 audaciae
3350 5327 3415 5373 -τ

1866 5377 1959 5427 sed
2002 5375 2089 5428 ille
2115 5368 2285 5436 tacet,
2314 5374 2437 5428 licet
2470 5368 2703 5437 invitus;
2738 5371 3201 5441 proptereaquein
3224 5368 3424 5441 silentii

1867 5444 2263 5512 receptaculum
2312 5446 2640 5512 projiciatur.
2700 5437 2853 5512 ι’-ξ
2888 5459 2904 5486 ι
2938 5440 3131 5512 Testis
3183 5437 3420 5503 locuples

1869 5510 2122 5573 Pbotius,
2157 5510 2429 5565 Nicolaum
2469 5512 2758 5579 separatim
2796 5510 2863 5562 ab
2905 5510 3181 5579 aliis,ne_c
3218 5521 3412 5558 sonora

1867 5582 2067 5651 lingua,
2093 5593 2185 5636 aut
2225 5583 2275 5635 id
2314 5576 2651 5651 exprimente
2689 5580 2944 5651 Spiritum
2974 5594 3036 5651 ex
3056 5576 3419 5651 _Filio_p_rm_'e-

1866 5643 1994 5705 dere
2043 5643 2345 5713 censuisse;
2386 5643 2440 5704 et
2483 5661 2535 5722 tu
2588 5643 2909 5722 (my-th
2951 5648 3018 5722 ab
3056 5643 3422 5722 ipso‘bicolao

1868 5736 2041 5788 nuper
2084 5723 2442 5775 introductam
2502 5715 2829 5787 iiiipietaieni
2880 5715 3183 5788 declamas?
3215 5752 3229 5766 .
3266 5753 3279 5765 .
3314 5752 3325 5764 .
3361 5715 3417 5763 Si

1870 5786 1969 5846 sub
2004 5790 2180 5853 lingua
2214 5798 2270 5843 ct
2307 5806 2410 5844 τνί
2444 5786 2629 5844 aperto
2658 5788 2830 5843 cauitc
2870 5786 3274 5840 pronuntiabat.
3313 5797 3423 5835 non
