4234 6432
774 414 877 474 383

1933 407 2193 469 PHOTII
2233 405 2730 466 PATRIA‘RCHAE
2767 408 2872 467 ΟΡ.

3899 403 4008 468 384

777 521 1111 575 adversarios
1145 519 1425 587 propalent
1455 518 1552 584 iis,
1583 519 1672 586 qui
1706 519 1950 585 regiones
1976 517 2339 571 occidentales
2368 523 2412 574 Α
2441 515 2484 564 ἐς

2445 515 2722 584 ἐπικήρων
2746 518 2880 584 πρὸς
2902 516 2998 585 τὴν
3014 517 3287 586 ἀκήρατον
3314 515 3456 587 ζωὴν
3478 518 3535 569 ἐν
3565 519 3629 586 τῇ
3653 516 3788 586 αὐτῇ
3809 520 4002 584 ὁμολο-

779 623 921 665 recta
955 611 1055 664 lide
1079 608 1450 662 illustrarunt?

2446 605 2539 673 γίᾳ
2565 606 2963 672 μεταστάντων,
2988 607 3138 669 τίνας
3151 608 3219 660 ἂν
3239 609 3414 677 σχοῖεν
3427 609 3600 659 είπείν
3626 609 3674 659 οἱ
3690 609 3786 668 τὴν
3804 610 4014 676 αἱρετι-

778 705 882 772 κὴν
910 705 1060 754 νόσον
1077 703 1421 769 νοσήσαντες,
1445 699 1597 770 [105]
1612 700 1668 764 ἐξ
1684 694 1756 753 ὧν
1775 699 1835 750 τὸ
1852 699 2175 768 δηλητήριον
2198 697 2486 765 φάρμακον
2503 697 2598 763 τῆς
2636 698 2968 766 τηλικαύτης
3012 699 3266 761 ἀσεϐείας
3316 699 3550 764 ἐξέπιον,
3604 701 3696 751 καὶ
3771 702 3873 752 οὐκ
3911 700 4014 754 αύ-

777 797 907 848 τὶκα
953 793 1173 854 τούτους
1201 791 1522 855 ἀντιπάλους
1547 795 1656 854 τοῖς
1700 790 1977 860 ὀρθοδοξίᾳ
2001 791 2069 842 τὰ
2110 791 2340 858 ἑσπέρια
2381 789 2787 856 καταφωτίσασι
2814 792 3234 862 θριαμϐεύουσιν
3264 794 3401 859 (93);

848 887 937 938 90.
959 887 1162 936 Atvero
1184 884 1422 936 nondum
1440 883 1598 934 vultis
1611 897 1851 935 errorem
1874 883 2030 937 istum
2049 881 2344 948 deponere?

785 975 892 1044 Ego
917 975 1077 1043 igitur
1107 976 1237 1027 alias
1258 989 1470 1042 quoque
1491 975 1835 1026 cantationes
1862 987 1892 1025 e
1918 972 2153 1040 Spiritus
2172 971 2342 1024 sancti

781 1066 1010 1133 eloquiis
1035 1065 1185 1117 vobis
1207 1065 1470 1125 accinam,
1496 1063 1705 1116 tametsi
1732 1079 1826 1116 vos
1849 1063 1964 1115 loco
1994 1060 2345 1130 resipiscendi

784 1157 982 1210 malitis
1012 1158 1252 1228 aspidem
1286 1154 1483 1207 imitari
1516 1171 1674 1208 aures
1708 1169 1833 1208 suas
1863 1154 1927 1206 ad
1965 1168 2122 1208 voces
2157 1154 2347 1207 incan-

788 1248 1015 1300 tantium
1061 1249 1426 1299 obturantcm.
1455 1245 1680 1313 Spiritus
1715 1244 1808 1297 Dei
1847 1245 2044 1298 dicitur
2074 1245 2350 1298 sanctissi-

790 1354 909 1390 mus
943 1337 1208 1404 Spiritus;
1239 1337 1370 1390 dicit
1401 1336 1545 1388 enim
1585 1335 1831 1388 Salvator
1870 1353 1882 1388 :
1918 1334 1979 1389 Si
2021 1351 2113 1404 ego
2141 1337 2195 1386 in
2229 1335 2350 1401 Spi-

785 1431 887 1480 ritu
917 1428 1011 1481 Dei
1042 1430 1191 1496 cjicio
1219 1429 1474 1480 dwmonia
1497 1428 1563 1484 θί.
1591 1427 1816 1496 Spiritus
1847 1436 2101 1494 praeterea
2136 1425 2348 1478 Patris:

785 1521 903 1574 Non
928 1522 1065 1576 enim
1095 1538 1179 1573 vos
1199 1521 1340 1580 estis,
1363 1521 1451 1588 qui
1483 1521 1754 1589 loquimini
1777 1520 1840 1581 ⁸³,
1870 1533 2082 1571 rursum
2100 1518 2174 1570 ait
2207 1518 2347 1570 idem

789 1613 1030 1665 veritatis
1065 1611 1207 1674 fons,
1225 1612 1316 1663 sed
1330 1609 1556 1677 Spiritus
1590 1610 1764 1662 Patris
1793 1609 1947 1661 vestri
1965 1649 1980 1670 ,
2007 1611 2095 1678 qui
2116 1607 2348 1675 loquitur

787 1704 841 1753 iu
873 1703 1046 1765 vobis;
1075 1703 1274 1755 dicitur
1293 1701 1520 1769 Spiritus
1543 1701 1659 1762 Dei,
1685 1702 1949 1753 clamante
1973 1700 2108 1753 Isaia
2135 1718 2147 1752 :
2172 1703 2238 1752 Et
2261 1716 2344 1751 re-

787 1793 1007 1858 quiescet
1031 1809 1186 1859 super
1218 1808 1335 1844 eum
1372 1790 1602 1858 Spiritus
1616 1790 1710 1842 Dei
1727 1789 1793 1842 ⁸⁸.
1813 1820 1882 1829 —
1901 1789 2148 1858 Spiritus,
2169 1790 2258 1858 qui
2286 1805 2350 1841 ex

788 1883 894 1933 Deo
923 1893 1018 1934 est.
1054 1883 1145 1935 Vos
1173 1892 1370 1946 autem,
1397 1884 1471 1935 ait
1495 1899 1718 1950 magnus
1748 1891 2015 1935 rectorum
2040 1882 2348 1949 dogmatum

787 1987 964 2038 praeco
1010 1972 1203 2025 Paulus
1227 2012 1241 2034 ,
1276 1989 1376 2023 non
1411 1975 1681 2040 accepistis
1734 1972 1990 2038 Spiritum
2021 1972 2231 2032 mundi,
2264 1970 2352 2021 sed

788 2061 1040 2126 Spiritum
1075 2062 1164 2128 qui
1205 2079 1267 2114 ea:
1310 2062 1414 2114 Deo
1442 2072 1514 2114 est
1535 2064 1616 2124 3’;
1645 2072 1699 2116 et
1722 2063 1846 2114 alibi
1889 2079 1902 2113 :
1941 2061 1996 2115 Si
2033 2060 2231 2128 Spiritu
2260 2061 2353 2113 Dei

789 2153 1058 2211 tlurimiui,
1079 2169 1178 2203 non
1196 2154 1314 2204 estis
1338 2153 1558 2204 iurarue
1581 2154 1645 2204 ⁸⁸.
1678 2183 1726 2192 —
1743 2153 1998 2219 Spiritum
2020 2151 2226 2203 Domini
2249 2153 2355 2204 cla-

790 2253 902 2296 mat
931 2243 1118 2295 lsaias:
1152 2243 1377 2310 Spiritus
1412 2245 1620 2297 Domini
1644 2261 1798 2311 super
1824 2261 1922 2306 me,
1947 2261 2011 2295 eo.
2029 2245 2163 2312 quod
2194 2259 2355 2295 unxe-

793 2337 860 2386 rit
906 2352 985 2388 me
1011 2335 1076 2386 ⁸⁷.
1124 2336 1356 2388 Rursum
1407 2335 1601 2389 dicitur
1680 2334 1908 2402 Spiritus
1939 2335 2097 2398 Filii,
2132 2333 2358 2402 Spiritus

791 2428 1007 2490 Christi,
1061 2428 1288 2496 Spiritus
1336 2429 1632 2480 suscitautis
1669 2428 1846 2480 Jesum
1895 2427 2159 2480 Christum
2193 2427 2259 2490 ⁸⁸,
2303 2437 2360 2480 ιιι

795 2519 993 2572 Paulus
1027 2534 1210 2572 rursus
1239 2518 1401 2572 tradit
1434 2535 1446 2570 :
1484 2518 1617 2572 Misit
1681 2518 1820 2572 Deus
1848 2517 2104 2587 Spiritum
2130 2519 2254 2572 Filii
2279 2520 2360 2570 sui

795 2610 848 2659 iu
874 2615 1030 2660 corda
1061 2618 1248 2672 vestra,
1277 2611 1612 2675 clamantem,
1636 2611 1801 2673 Abba,
1829 2611 1990 2663 Pater
2016 2611 2059 2642 ⁸³
2081 2627 2095 2674 ;
2119 2619 2173 2662 et
2205 2628 2217 2663 :
2247 2608 2362 2675 Spi-

798 2701 930 2750 ritus
956 2702 1252 2753 suscitautis
1277 2700 1459 2754 Iesum
1480 2703 1738 2756 Christum
1764 2704 1962 2754 habitat
1991 2704 2040 2753 in
2072 2702 2234 2763 vobis,
2267 2713 2322 2754 et
2347 2720 2357 2752 :

806 2791 896 2841 Vos
931 2791 985 2842 in
1015 2807 1172 2844 ctu-ue
1202 2809 1302 2843 non
1334 2794 1474 2854 estis,
1503 2795 1755 2861 siquidem
1787 2794 2013 2861 Spiritus
2044 2794 2134 2845 Dei
2161 2795 2361 2845 habitat

801 2884 854 2934 in
881 2884 1020 2935 vobis
1049 2884 1152 2947 '9‘;
1182 2894 1237 2936 et
1270 2901 1284 2935 :
1317 2883 1373 2937 Si
1400 2886 1513 2953 quis
1548 2885 1803 2952 Spiritum
1836 2884 2024 2939 Christi
2053 2903 2155 2937 non
2189 2887 2360 2948 habet,

2516 880 2584 945 ιζ.
2632 881 2790 932 Ἀλλά
2814 883 2919 950 γὰρ
2950 883 3100 934 οὔπω
3117 885 3214 951 τὴν
3240 885 3445 949 πλάνην
3476 883 3676 952 ταύτην
3708 885 4014 938 ἀποθέσθαι

2446 970 2698 1040 βούλεσθε
2725 973 2834 1041 (94)
2865 990 2877 1036 ;
2908 973 3048 1040 Ἐγὼ
3078 975 3205 1042 γοῦν
3227 977 3317 1027 καὶ
3348 976 3536 1046 ἐτέρας
3562 975 3918 1044 ύμίνὲπῳδὰς
3947 978 4016 1026 ὲκ

2442 1062 2550 1113 τῶν
2601 1063 2696 1115 τοῦ
2744 1064 3058 1133 Πνεύματος
3117 1066 3313 1135 λογίων
3353 1068 3647 1137 ἐπᾴσομαι,
3679 1070 3726 1118 εί
3772 1068 3866 1118 καὶ
3912 1065 4014 1134 τῆς

2448 1152 2678 1222 βυούσης
2715 1155 2936 1218 ἀσπίδος
2979 1157 3046 1213 τὰ
3078 1152 3191 1210 ὦτα
3244 1157 3379 1227 πρὸς
3409 1158 3507 1220 τὰς
3560 1157 3667 1209 τῶν
3697 1157 4015 1226 ἐπᾳδόντων

2447 1243 2629 1308 φωνὰς
2659 1243 2770 1312 (95)
2805 1245 2910 1314 πρὸ
2939 1246 3034 1313 τῆς
3082 1248 3369 1315 μετανοίας
3420 1248 3519 1315 τὴν
3571 1247 3799 1317 μίμησιν
3850 1247 4016 1315 μελε-

2445 1334 2636 1402 τήσετε
2691 1334 2821 1402 (96).
2877 1335 3117 1402 Πνεῦμα
3164 1337 3311 1389 Θεοῦ
3357 1337 3575 1403 λέγεται
3633 1338 3692 1387 τὸ
3744 1331 4041 1404 πανάγιον

2445 1424 2669 1492 Πνεῦμα
2693 1443 2706 1458 ο
2739 1427 2870 1495 φησὶ
2907 1426 3013 1494 γάρ
3034 1429 3062 1480 ὸ
3085 1429 3274 1497 Σωτήρ
3323 1445 3336 1458 ·
3368 1431 3434 1481 Et
3467 1429 3535 1480 δὲ
3561 1429 3678 1497 ἐγὼ
3719 1430 3788 1481 ἐν
3820 1431 4013 1482 Πνεύ-

2445 1528 2580 1577 ματι
2611 1513 2756 1566 Θεοῦ
2799 1513 3071 1566 ἐκϐάλλω
3111 1516 3183 1566 τὰ
3214 1515 3507 1582 δαιμόνια.
3539 1546 3607 1554 -
3633 1516 3873 1582 Πνεῦμα
3907 1516 4015 1569 τοῦ

2449 1604 2675 1669 Πατρός
2702 1620 2715 1634 ·
2737 1606 2818 1657 Οὐ
2867 1607 2975 1671 γὰρ
3003 1606 3172 1673 ὑμεῖς
3210 1606 3348 1658 ἐστε
3399 1610 3453 1658 ot
3494 1607 3829 1670 λαλοῦντες
3855 1645 3872 1668 ,
3909 1608 4018 1661 πά·

2449 1694 2531 1746 λιν
2557 1696 2589 1760 ἡ
2626 1696 2764 1760 αὑτὴ
2800 1696 2897 1763 τῆς
2925 1697 3184 1763 ἀληθείας
3220 1698 3389 1765 πηγὴ,
3439 1698 3600 1750 ἀλλὰ
3655 1698 3718 1751 τὸ
3772 1697 4019 1767 Πνεῦμα

2451 1784 2555 1837 τοῦ
2578 1786 2805 1852 Πατρὸς
2829 1787 2992 1853 ὑμῶν
3017 1788 3076 1840 τὸ
3097 1787 3326 1839 λαλοῦν
3351 1787 3420 1839 ἐν
3441 1788 3600 1854 ὑμῖν.
3624 1790 3752 1852 Καὶ,
3774 1788 4015 1857 Πνεῦμα

2451 1877 2558 1930 τοῦ
2587 1877 2754 1940 Θεοῦ,
2801 1879 3022 1939 Ἡσαΐας
3070 1880 3201 1947 βοᾷ·
3236 1881 3343 1932 Καὶ
3395 1878 3882 1932 ἐπαναπαύσεται
3925 1881 4020 1932 ἐπ’

2454 1967 2640 2016 αὐτὸν
2664 1966 2902 2033 Πνεῦμα
2932 1968 3037 2020 τοῦ
3078 1968 3247 2021 Θεοῦ.
3294 1998 3362 2006 —
3393 1965 3633 2035 Πνεῦμα
3671 1968 3735 2020 τὸ
3791 1970 3858 2020 ἑκ
3911 1969 4019 2021 τοῦ

2459 2057 2624 2109 Θεοῦ·
2654 2059 2870 2120 Παῦλος
2896 2062 2924 2109 ὀ
2969 2060 3345 2128 μεγαλόφωνος
3373 2059 3478 2110 τῶν
3508 2060 3680 2129 ὀρθῶν
3727 2061 4018 2129 δογμάτων

2456 2151 2668 2217 κῆρυξ·
2736 2149 2931 2216 ’Υμεῖς
2963 2150 3031 2200 δὲ
3083 2153 3190 2202 οὐκ
3239 2151 3478 2203 ἐλάϐετε
3523 2151 3586 2203 τὸ
3630 2151 3862 2218 πνεῦμα
3913 2151 4019 2204 τοῦ

2459 2243 2708 2307 κόσμου,
2733 2241 2894 2294 ἀλλὰ
2930 2241 2994 2292 τί»
3027 2242 3267 2308 Πνεῦμα
3297 2242 3360 2293 τὸ
3397 2243 3461 2295 ὲκ
3507 2244 3611 2296 τοῦ
3659 2243 3804 2297 Θεοῦ
3840 2262 3853 2274 ⁸
3903 2244 4019 2302 καὶ,

2454 2333 2520 2385 Et
2552 2332 2618 2384 δὲ
2645 2333 2936 2400 Πνεύματι
2969 2330 3114 2385 Θεοῦ
3139 2332 3373 2399 ἄγεσθε.
3412 2334 3520 2385 οὺχ
3547 2334 3686 2385 ἐστὲ
3712 2334 3780 2385 ἐν
3817 2333 4019 2398 σαρκί.

2460 2452 2526 2462 -
2547 2423 2788 2490 Πνεῦμα
2810 2425 3050 2489 Κυρίου,
3083 2426 3315 2486 Ἡσαΐας
3352 2425 3448 2494 βοᾷ
3479 2441 3492 2454 ο
3533 2425 3770 2491 Πνεῦμα
3801 2425 4024 2489 Κυρίου

2461 2514 2552 2566 ἐπ’
2617 2513 2753 2581 ἐμὲ,
2807 2509 2877 2568 οὗ
2932 2515 3161 2567 εἵνεκεν
3207 2514 3413 2582 ἐχρισέ
3447 2531 3541 2583 με.
3596 2514 3758 2567 Πάλιν
3805 2513 4023 2580 λέγεται

2464 2603 2703 2671 Πνεῦμα
2723 2605 2826 2657 τοῦ
2849 2604 3004 2663 ΥΙοῦ,
3058 2603 3297 2670 Πνεῦμα
3319 2603 3595 2671 Χριστοῦ,
3633 2603 3870 2667 Πνεῦμα
3918 2602 4024 2653 τοῦ

2463 2696 2800 2762 ἐγείραντος
2880 2694 3108 2759 Ἰησοῦν
3161 2696 3434 2762 Χριστὸν,
3486 2695 3558 2756 ὼς
3625 2693 3830 2752 Παῦλος
3894 2690 4027 2760 (96')

2468 2784 2626 2836 πάλιν
2645 2786 3018 2850 μυσταγωγεῖ·
3047 2781 3503 2846 Ἐξαπέστειλεν
3515 2786 3546 2835 ό
3562 2783 3702 2847 Θεὸς
3715 2781 3777 2834 τὸ
3788 2781 4031 2847 Πνεῦμα

2467 2876 2572 2927 τοῦ
2618 2874 2748 2927 me
2793 2874 2980 2928 αὐτοῦ
3002 2875 3068 2925 ἐν
3095 2874 3221 2938 ταῖς
3269 2874 3536 2939 καρδΙαις
3569 2872 3733 2939 ὑμῶν
3766 2870 3977 2939 κρᾶζον
4013 2887 4025 2900 ·

800 2975 882 3024 hic
926 2991 1026 3026 non
1071 2984 1143 3027 est
1166 2976 1281 3043 ejus
1302 2977 1368 3027 ⁹⁰.
1393 2978 1611 3030 Auente
1640 2979 1864 3030 omnino
1896 2978 2015 3030 vide
2040 3018 2053 3040 ,
2101 2977 2361 3044 Spiritum
2390 2991 2431 3046 ο
2482 2967 2484 2975 ¹

2482 2963 2674 3028 Ἀϐϐᾶ,
2693 2968 2723 3017 ό
2745 2964 2942 3032 Πατήρ
2963 2983 2973 2994 ’
2993 2965 3101 3026 καὶ,
3131 2966 3197 3016 Τὸ
3221 2964 3457 3031 Πνεῦμα
3477 2963 3491 3033 Ῐ
3509 2965 3621 3031 191)
3650 2963 3751 3015 τοῦ
3768 2963 4032 3030 ere/potr-

798 3064 907 3117 dici
939 3065 1051 3128 Dei,
1077 3080 1142 3118 ex
1165 3067 1272 3118 Deo
1299 3076 1355 3119 et
1379 3067 1467 3119 Dei
1497 3066 1688 3129 Patris,
1716 3076 1768 3120 et
1794 3067 2003 3119 Domini
2026 3075 2079 3120 et
2100 3068 2360 3120 suscitan-

804 3155 874 3206 tis
906 3155 1182 3207 Christum
1220 3171 1286 3208 ex
1321 3157 1578 3219 mortuis,
1612 3165 1667 3210 et
1695 3156 1955 3224 Spiritum
1991 3157 2180 3209 Patris.
2211 3157 2365 3210 Anne

805 3245 1001 3312 igitur,
1044 3246 1260 3312 quando
1305 3247 1538 3300 dicimus
1583 3265 1594 3299 :
1636 3245 1864 3314 Spiritus
1914 3246 2005 3298 Dei
2062 3248 2143 3300 vel
2194 3246 2367 3299 Putris

805 3337 891 3388 vel
928 3335 1138 3388 Domini
1176 3338 1258 3390 vel
1297 3339 1600 3390 suscitantis
1623 3337 1798 3390 Jesum
1828 3337 2110 3396 Christum,
2144 3338 2224 3389 vel
2253 3337 2371 3405 Spi-

809 3427 940 3479 ritus
968 3429 1055 3496 qui
1095 3444 1158 3480 ea:
1189 3428 1292 3480 Deo
1331 3439 1426 3490 est,
1459 3444 1616 3483 voces
1657 3430 1740 3482 ha:
1769 3428 1822 3482 id
1855 3428 2027 3498 ipsum
2074 3428 2334 3481 denotant
2358 3469 2371 3489 ,

809 3521 951 3587 quod
981 3521 1373 3589 significamus,
1407 3537 1530 3575 cum
1571 3521 1802 3574 dicimus
1823 3562 1838 3583 ,
1867 3519 2119 3588 Spiritum
2159 3537 2186 3571 a
2215 3519 2374 3571 Patre

810 3609 1105 3674 procedere,
1135 3624 1203 3661 an
1236 3625 1364 3662 vero
1391 3610 1570 3678 potius
1599 3625 1759 3664 nemo
1789 3617 1871 3662 est
1894 3610 1964 3661 ita
1988 3609 2250 3676 insipiens
2275 3623 2376 3660 nec

810 3699 948 3752 adeo
1004 3700 1239 3766 ipsorum
1291 3702 1576 3754 verborum
1632 3701 1955 3768 simplicium
2007 3701 2263 3769 ignarus,
2320 3710 2376 3752 ut

816 3799 1049 3858 nequeat
1077 3790 1327 3844 facillime
1354 3792 1678 3860 conspicari,
1713 3793 1856 3860 quod
1888 3793 2138 3859 quaelibet
2169 3791 2376 3843 illarum

817 3879 1171 3940 locutionum,
1198 3881 1406 3932 tametsi
1432 3882 1571 3934 circa
1598 3882 1814 3934 easdem
1846 3896 2104 3950 personas
2129 3881 2380 3934 enuntia-

821 3969 926 4028 tur,
971 3969 1244 4021 diversum
1297 3979 1476 4022 tamen
1508 3971 1725 4023 exhibet
1772 3972 2129 4040 signiﬁcatum
2175 3986 2276 4023 vox
2319 3986 2380 4023 ea

817 4071 938 4122 quae
968 4057 1098 4109 dicit
1138 4073 1168 4109 e
1197 4057 1352 4112 Patre
1384 4061 1672 4126 procedere
1697 4062 1979 4128 Spiritum,
2022 4071 2076 4114 et
2111 4061 2381 4114 diversum

826 4163 921 4198 vox
949 4163 1034 4210 ea,
1055 4164 1175 4215 quae
1200 4149 1332 4203 dicit
1359 4149 1619 4218 Spiritum
1651 4150 1744 4204 Dei
1773 4152 1857 4205 vel
1888 4151 2097 4206 Domini
2128 4152 2211 4205 vel
2235 4169 2383 4221 quae-

823 4238 955 4290 libet
995 4238 1099 4291 alia
1136 4244 1586 4296 memoratarum?
1629 4243 1760 4296 Illud
1804 4244 1950 4296 enim
1984 4244 2383 4310 processiouem

825 4343 1079 4390 t-xpresse
1105 4330 1370 4391 enuntiat.
1400 4333 1514 4386 haec
1540 4349 1666 4387 vero
1693 4349 1801 4386 non
1833 4334 1958 4387 item
1981 4351 1994 4397 ;
2024 4334 2117 4387 sed
2139 4334 2385 4401 quamvis
2418 4310 2461 4364 D

830 4419 944 4472 tunc
970 4419 1242 4482 dicantur,
1277 4422 1400 4488 quia
1437 4422 1671 4491 Spiritus
1700 4425 1767 4477 ab
1797 4425 1914 4491 ipso
1943 4425 2188 4492 procedit
2209 4463 2222 4484 ,
2257 4433 2392 4476 atta-

830 4523 952 4563 Inen
983 4509 1127 4561 nulla
1167 4509 1375 4563 illarum
1415 4528 1606 4564 vocum
1641 4513 1922 4580 conceptis
1953 4512 2178 4565 atIirmat
2214 4513 2392 4566 verbis

832 4601 1250 4666 processionem.
1286 4600 1495 4655 Etenim
1552 4604 1834 4656 manifeste
1890 4605 2031 4656 aliud
2071 4613 2153 4656 cst
2191 4604 2389 4664 dicere,

834 4688 1094 4756 Spiritum
1121 4705 1150 4742 a
1181 4689 1336 4743 Patre
1361 4694 1672 4760 procedere,
1692 4702 1747 4746 et
1775 4694 1919 4747 aliud
1949 4694 2078 4762 ipsis
2112 4695 2288 4747 verbis
2317 4696 2392 4747 si-

912 4863 954 4889 “
1008 4861 1192 4913 Matth.
1242 4878 1334 4923 xu,
1383 4863 1472 4916 9.8.
1549 4866 1592 4893 ⁸³
1653 4864 2002 4918 ΜςιιὶῑιΑλΟ.
2081 4864 2125 4895 ⁸⁵
2179 4865 2442 4919 15;1.Χ1.2.

924 4931 1077 4983 Iit‘ltl.
1152 4948 1261 4985 \tll.
1303 4934 1382 4983 Η.
1457 4934 1501 4962 ⁸³
1545 4934 1671 4985 “liti.
1893 4938 1976 4964 ““'
2033 4935 2242 4985 ii)id.9.
2324 4935 2508 4985 “ibid

2324 4936 2366 4964 ³⁹⁰
2403 4935 2529 4985 ibid.

841 4930 882 4960 ⁸⁸
924 4931 1077 4983 lium.
1152 4948 1261 4989 \m,
1303 4934 1382 4983 11.
1457 4934 1501 4962 ⁸³
1545 4934 1671 4986 ιΙιῐιΙ.
1739 4937 1815 4987 15.
1893 4938 1976 4964 ⁸³·
2033 4935 2242 4987 il)id.9.

2469 3075 2567 3120 τος
2598 3056 3107 3122 ἰησοῦνΧριστὸν
3135 3055 3538 3121 οἰκεῖὲνύμῖνο
3563 3057 3675 3114 καὶ,
3713 3052 3892 3120 Ὑμεῖς
3920 3055 4033 3105 οὐκ

2470 3144 2608 3196 ἐστὲ
2659 3147 2727 3196 ἐν
2756 3146 2957 3212 σαρκὶ,
2986 3145 3152 3210 εἴπερ
3200 3144 3438 3211 Πνεῦμα
3484 3143 3738 3210 Χριστοῦ
3780 3141 3934 3194 οἰκεῖ
3968 3143 4038 3192 ἐν

2469 3236 2610 3304 ὑμῖν
2632 3253 2644 3265 ·
2679 3237 2790 3297 καί,
2823 3220 2894 3286 Εἴ
2932 3253 3019 3298 τις
3049 3236 3287 3302 Πνεῦμα
3332 3235 3582 3301 Χριστοῦ
3624 3236 3732 3286 οὐκ
3762 3234 3907 3299 ἔχει,
3939 3229 4039 3287 οὖ·

2472 3345 2570 3391 τος
2593 3328 2702 3392 (97)
2752 3329 2864 3379 οὐκ
2902 3326 3072 3378 ἔστιν
3097 3327 3304 3380 αὑτοῦ.
3340 3328 3640 3396 Προσέσχες
3665 3329 3900 3388 πάντως,
3954 3327 4037 3377 ὅτι

2473 3420 2534 3470 τὸ
2575 3419 2795 3486 Πιεῦμα
2818 3418 3034 3484 λέγεται
3067 3418 3160 3468 τοῦ
3203 3417 3359 3479 Θεοῦ,
3393 3419 3454 3471 ἐκ
3509 3416 3603 3468 τοῦ
3637 3416 3770 3467 Θεοῦ
3833 3432 3894 3467 τε
3945 3418 4038 3467 καὶ

2479 3512 2690 3578 Πατρὸς
2731 3510 2864 3579 (98),
2904 3512 2996 3562 καὶ
3029 3509 3232 3577 Κυρίου
3268 3511 3360 3561 καὶ
3406 3507 3499 3559 τοῦ
3558 3508 3865 3575 ἐγείραντος
3908 3508 4042 3576 X9:-

2478 3601 2569 3654 τὸν
2596 3603 2658 3653 ὲκ
2702 3601 2910 3671 νεκρῶν
2950 3603 3040 3653 καὶ
3075 3601 3296 3668 Πνεῦμα
3358 3598 3450 3650 τοῦ
3488 3599 3715 3666 Πατρός.
3755 3593 3899 3664 ’Δρα
3951 3593 4042 3647 οὖν

2481 3696 2608 3746 ὅταν
2658 3693 2789 3762 λέγῃ
2823 3709 2834 3723 ·
2869 3692 3108 3758 Πνεῦμα
3151 3692 3297 3742 Θεοῦ
3336 3691 3366 3760 ἢ
3435 3690 3659 3754 11ατρι’ς
3692 3689 3722 3755 ἣ
3761 3689 3979 3751 Κυρίου
4010 3688 4041 3754 ἢ

2481 3785 2586 3836 τοῦ
2619 3785 2955 3851 ἐγείραντος
2998 3781 3242 3845 Ἰησοῦν
3266 3782 3539 3846 Χριστὸν,
3571 3778 3602 3844 ἢ
3630 3775 3866 3840 Πνεῦμα
3887 3774 3954 3823 τὸ
3977 3775 4042 3823 se

2485 3875 2590 3928 τοῦ
2630 3873 2775 3927 Θεοῦ
2804 3913 2818 3934 ,
2858 3872 2988 3924 αὐτὸ
3049 3870 3204 3923 τοῦτο
3258 3867 3504 3937 δηλοῦσιν
3563 3868 3616 3919 αἱ
3685 3865 3880 3932 φωναὶ,
3910 3864 4044 3929 ὅπερ

2483 3969 2776 4036 ἐσήμαινεν
2813 3967 2846 4034 ἠ
2882 3965 3114 4031 λέγουσα
3153 3963 3264 4032 (99)
3310 3960 3732 4027 ἐκπορεύεσθαι
3769 3955 3878 4008 τοῦ
3927 3959 4044 4007 Πα-

2486 4063 2657 4127 τρέα
2722 4057 2755 4126 ἢ
2814 4055 2986 4115 οὐδεὶς
3038 4053 3181 4107 οὕτω
3235 4054 3460 4120 ἀνόητος
3527 4049 3645 4101 οὐδὲ
3693 4047 3873 4098 αὐτῶν
3939 4046 4045 4097 τῶν

2488 4149 2672 4201 ἁπλῶν
2714 4149 2971 4217 ῥημάτων
3043 4148 3122 4208 είς
3171 4145 3405 4212 ἐσχάτην
3463 4140 3685 4206 ἄγνοιαν
3747 4138 3919 4205 ἥκων,
3972 4136 4046 4195 ὡς

2493 4241 2567 4307 μὴ
2621 4241 2748 4308 ῥᾷον
2797 4240 2940 4307 ἔχειν
3005 4237 3078 4305 (1)
3123 4236 3348 4304 συνορᾷν
3379 4271 3392 4295 ,
3459 4233 3540 4283 ὅτι
3591 4230 3697 4280 τῶν
3743 4230 4045 4296 εἰρημένων

2492 4334 2720 4383 ’ἑκαστον
2775 4331 2873 4393 (2),
2928 4329 2975 4379 εί
3024 4328 3117 4379 καὶ
3161 4327 3286 4396 περὶ
3332 4325 3400 4376 τὰ
3445 4323 3582 4375 αὐτὰ
3612 4321 3828 4386 λέγεται
3879 4320 4046 4384 πρόσ-

2489 4438 2611 4473 ωπα
2648 4459 2662 4480 .
2749 4419 2861 4471 ἀλλ’
2932 4413 3023 4469 οὖν
3077 4417 3260 4484 ἕτερον
3305 4415 3337 4482 ἠ
3385 4413 3527 4474 λέξις
3589 4411 3887 4478 παρίστησι
3955 4424 4050 4473 ση-

2495 4511 2818 4580 μαινόμενον
2878 4511 2910 4577 ἠ
2975 4511 3039 4558 ὲκ
3104 4505 3202 4556 τοῦ
3251 4496 3472 4571 ’Πατρὸς
3531 4498 3929 4568 ἐκπορεύεσθαι
3991 4499 4050 4547 το

2491 4604 2736 4671 Πνεῦμα,
2769 4602 2863 4654 καὶ
2886 4602 3070 4667 ἕτερον
3097 4601 3130 4668 η
3162 4597 3381 4662 Πνεῦμα
3413 4595 3546 4647 Θεοῦ
3578 4595 3609 4663 ἢ
3637 4595 3838 4662 Κυρίου
3885 4593 3917 4660 ἦ
3948 4593 4051 4641 τῶν

2492 4696 2797 4762 εἰρημένων
2841 4693 3070 4743 ἕκαστον
3100 4690 3348 4756 λέγουσα.
3385 4688 3456 4737 Τὸ
3486 4688 3582 4755 μὲν
3626 4685 3734 4752 γὰρ
3765 4686 3863 4751 τὴν
3898 4685 4054 4733 ἑκπου

2557 4865 2645 4918 ’⁵1
2683 4865 2805 4917 Cor.
2840 4881 2894 4922 ιι,
2935 4865 3013 4916 l2.
3092 4864 3135 4893 εὖ
3177 4858 3542 4925 itoiu.vm,9.
3617 4857 3659 4886 ⁸⁷
3695 4855 3794 4907 lsa.
3862 4870 3966 4916 LM,
4005 4853 4048 4903 L

1940 5130 2166 5184 VAitle
2209 5129 2584 5184 LECTIONES
2624 5128 2957 5181 εΤΝυιλΕ.

921 5303 1030 5369 (93)
1090 5302 1248 5357 Hisce
1302 5303 1462 5355 tinem
1500 5303 1728 5370 imponit
1786 5303 2005 5355 t'liotius
2059 5303 2276 5371 prolixae
2340 5304 2408 5356 de

850 5372 1102 5426 l'atribus
1138 5373 1346 5426 Latinis
1377 5373 1753 5440 disputationi.
1781 5373 1933 5425 Plura
1969 5374 2048 5425 liis
2079 5375 2410 5442 posteriores

854 5442 1099 5493 l‘liotiani
1128 5444 1514 5507 adiunxerunt.
1533 5445 1613 5494 Ct'.
1639 5443 1887 5495 Allatiuni
1940 5452 2122 5496 contra
2173 5443 2408 5510 IIotting.

853 5528 901 5563 c.
929 5513 1012 5566 t9.
1036 5527 1090 5581 ρ1
1107 5511 1206 5562 417
1227 5522 1406 5579 seq.et
1426 5529 1544 5579 cap.
1568 5515 1622 5562 I2
1646 5515 1887 5579 opusculi
1905 5514 1968 5565 ad
1983 5517 2178 5565 calcem
2197 5515 2414 5581 atljceti.

930 5581 1042 5646 (94)
1073 5579 1237 5634 Palat.
1269 5584 1305 5634 f.
1333 5583 1436 5634 218
1471 5583 1521 5633 1).
1557 5581 1859 5648 βούλεσθαι.

933 5651 1044 5716 (95)
1087 5649 1170 5703 Cf.
1222 5651 1362 5704 Psal.
1420 5667 1568 5711 Lvm,
1605 5656 1656 5712 4,
1712 5653 1743 5703 5
1780 5651 1983 5719 (LXX).
2039 5651 2140 5704 Pro
2184 5652 2418 5720 βυούσης

861 5721 1019 5771 t-mltl.
1051 5721 1248 5789 habent
1300 5721 1556 5789 μυούσης.

940 5788 1046 5856 (Uti)
1078 5787 1241 5842 Palat.
1274 5787 1310 5844 t',
1335 5791 1437 5843 2i!)
1469 5787 1516 5842 at.
1557 5790 1926 5860 μελετήσεται.
1979 5793 2093 5843 Col.
2120 5803 2171 5844 ct
2206 5791 2320 5844 Vat.
2367 5800 2420 5843 ut

2513 5318 2698 5369 supra.

2581 5367 2710 5437 (96⁸)
2751 5368 2867 5423 Col.
2901 5370 2929 5419 ὁ
2979 5367 3142 5437 nas}.

2585 5433 2702 5509 ('97),
2725 5441 2837 5492 Col.
2869 5440 3021 5509 deest
3060 5433 3232 5490 οὗτος.

2586 5503 2696 5575 (98)
2735 5511 2823 5561 Sic
2865 5507 2980 5560 Col.
3036 5524 3088 5574 ι).
3121 5509 3240 5560 3M.
3293 5506 3462 5561 pulttt.
3525 5509 3560 5562 Γ.
3593 5506 3695 5559 ἳὶὶ)
3747 5506 3800 5558 b.
3854 5504 3942 5554 Ἐκ
3973 5503 4060 5554 τε)

2516 5583 2648 5634 Θεοῦ
2689 5595 2746 5628 τε
2799 5579 2891 5627 καὶ
2928 5578 3082 5627 Θεοῦ.

2589 5651 2698 5717 (99)
2724 5648 2838 5700 Col.
2866 5645 3094 5712 λέγουσα
3129 5648 3186 5697 τὸ
3231 5648 3449 5715 Πνεῦμα
3482 5652 3670 5715 ἐκπορ.

2588 5717 2966 5782 (1)ΟυΙ.ἔχει.

2592 5792 2666 5856 (2)
2707 5787 2874 5840 Vatic.
2902 5786 3147 5846 ἕκαστος.
