4234 6432
198 416 296 476 385
1246 414 1342 473 DE
1383 414 1442 473 S.
1483 413 1835 471 SPllll'l‘US
1872 409 2339 469 MYSTAGOGIA
3315 398 3419 462 386

202 546 379 597 ρευσιν
403 528 478 595 τῷ
512 531 716 597 ῥήματι
746 527 1099 594 ἀπαγγέλλει,
1133 526 1198 577 τὰ
1234 526 1288 577 δὲ
1340 526 1438 577 οὐκ
1478 525 1556 574 ἔτι
1592 541 1604 552 ·
1640 523 1751 574 ἀλλ’
1789 540 1822 589 Α
1856 540 1874 591 ε

1742 524 1751 541 ‘
1789 540 1822 589 Α
1856 522 2111 591 gnilicant
2131 534 2311 581 voces,
2341 533 2460 585 qum
2487 514 2745 583 Spiritmn
2769 511 2955 565 dicunt
2980 511 3068 564 Dei
3100 522 3153 565 et
3180 512 3414 574 Domini,

197 624 240 672 εἰ
269 622 363 671 καί
389 621 521 671 διότι
552 620 715 672 αὐτοῦ
734 620 1111 688 ἐκπορεύεται,
1136 616 1304 668 ταῦτα
1335 616 1572 683 λέγεται,
1616 616 1751 681 πλὴν
1859 633 1869 663 ι

896 620 1111 681 ιεύεται,
1136 616 1304 668 ταῦτα
1335 616 1572 683 λέγεται,
1616 616 1751 681 πλὴν
1859 624 1912 666 et
1940 629 2059 681 qua:
2095 613 2175 665 his
2202 622 2329 664 sunt
2355 609 2568 661 similia.

196 714 307 764 ἀλλ’
374 712 598 777 οὐδεμία
644 729 700 763 τε
749 714 824 780 (5)
847 712 956 763 τῶν
1009 710 1201 777 φωνῶν
1258 708 1366 759 τῶν
1422 707 1728 775 εἰρημένων
1760 705 1820 756 τὸ
1845 703 2238 773 ἐκπορεύεσθαι
2260 704 2379 764 ταῖς
2402 701 2609 765 λέξεσιν
2645 699 2952 770 ἐρμηνεύει.
2990 698 3099 750 Καὶ
3164 698 3270 767 γὰρ
3318 715 3418 749 πε-

200 802 437 870 ριφανῶς
461 800 811 869 ἒτερόνέστιν
832 801 1003 851 εἰπεῖν
1023 797 1414 866 ἐκπορεύεσθαι
1434 796 1527 847 τοῦ
1550 795 1759 864 Πατρός
1793 795 1852 846 τὸ
1905 793 2147 861 Πνεῦμα,
2177 793 2271 845 καὶ
2303 791 2429 845 ἄλλο
2462 793 2782 861 σημαίνουσι
2822 791 2930 851 τοῖς
2959 790 3214 857 ὀνόμασιν
3241 793 3294 842 αἱ
3355 792 3416 842 τὸ

198 897 417 963 Πνεῦμα
472 897 727 963 λέγουσαι
787 896 881 948 τοῦ
929 896 1066 948 Θεοῦ
1141 896 1235 947 καὶ
1290 894 1495 964 Κυρίου
1545 895 1637 945 καὶ
1696 894 1763 944 τὰ
1800 891 2087 961 ὅμοια

266 989 415 1060 [105]
454 994 561 1054 μα’.
618 990 808 1040 Καίτοι
852 1006 914 1056 γε
952 990 1000 1040 εί
1039 990 1131 1040 καί
1178 988 1380 1057 ἑκάστη
1425 987 1531 1039 τῶν
1569 988 1760 1054 φωνῶν

195 1083 451 1147 ἐσήμαινε
511 1080 610 1148 τὴν
666 1081 1009 1149 ἐκπόρευσιν,
1070 1083 1261 1147 ὅτιπερ
1322 1080 1501 1141 αὐτοῖς
1553 1082 1759 1147 ῥήμασι

196 1172 356 1231 θείοις
382 1171 659 1240 ἀνερρήθη
690 1173 846 1223 τὸ¹ἐκ
868 1171 962 1224 τοῦ
990 1172 1199 1239 Πατρὸς
1225 1171 1638 1240 ἐκπορεύεσθαι,
1672 1172 1761 1221 καὶ

196 1262 348 1312 τοῦτο
375 1262 509 1329 πρὸς
539 1261 694 1330 ἡμῶν
723 1261 787 1315 ἂν
809 1257 894 1329 ἦν’
923 1262 1179 1330 μυριάκις
1211 1261 1320 1329 γὰρ
1343 1262 1483 1314 κατὰ
1506 1260 1601 1328 τὴν
1629 1260 1759 1311 ὑπό-

196 1351 340 1400 θεσιν
370 1349 574 1417 ταύτην
602 1349 992 1420 ἐκπορεύεσθαι
1017 1349 1305 1417 νοουμένου
1329 1348 1421 1401 τοῦ
1449 1346 1759 1415 Πνεύματος

197 1444 255 1493 ἐκ
285 1440 379 1493 τοῦ
412 1442 642 1511 Πατρός,
678 1442 793 1503 πῶς
823 1441 933 1494 οὐδ’
959 1439 1106 1504 ἅπαξ
1126 1442 1339 1511 εἴρηται
1366 1438 1760 1509 ἐκπορεύεσθαι

195 1534 284 1585 τοῦ
340 1534 507 1597 Υίοῦ;
556 1536 627 1587 Οὐ
677 1537 785 1603 γάρ
826 1535 936 1601 ἔχει
982 1536 1161 1604 χώραν
1198 1536 1392 1594 εἰπεῖν,
1427 1533 1502 1594 ὡς
1550 1534 1761 1601 είρηται

194 1627 277 1677 διά
303 1626 413 1676 τῶν
448 1625 641 1691 λόγων,
679 1627 726 1677 οἳ
765 1625 1005 1695 μηδόλως
1035 1627 1107 1694 (5)
1138 1625 1293 1677 τοῦτο
1332 1623 1654 1695 σημαίνουσι
1695 1626 1759 1691 τῇ

197 1719 345 1783 φωνῇ
370 1755 384 1775 ,
427 1716 521 1767 καὶ
558 1717 637 1766 ὅτι
681 1718 814 1783 μήτε
850 1715 1013 1776 θείοις
1036 1757 1049 1779 ,
1103 1716 1217 1766 ἀλλ’
1252 1713 1361 1765 οὐδ’
1404 1714 1761 1781 ἀνθρωπινοις

1929 988 2015 1041 91.
2050 987 2367 1057 Quanquam
2405 988 2529 1041 licet
2554 988 2802 1056 quailibet
2830 990 3019 1043 harum
3051 1004 3239 1043 vocum
3289 1002 3412 1057 pro-

1858 1078 2156 1131 cessionem
2205 1080 2551 1148 signiﬁcaret,
2594 1081 2845 1146 quoniam
2878 1082 2985 1149 jam
3041 1080 3169 1148 ipsis
3222 1080 3416 1133 divina:

1860 1168 2153 1235 Scriptura:
2182 1169 2360 1221 verbis
2396 1169 2729 1222 declaratum
2758 1169 2877 1231 fuit,
2916 1171 3176 1238 Spiritum
3205 1186 3234 1223 a
3260 1171 3415 1224 Patre

1859 1258 2170 1323 procedere,
2228 1258 2325 1311 hoc
2383 1274 2595 1327 quoque
2627 1260 2785 1312 nobis
2823 1260 3043 1314 faveret.
3098 1262 3231 1314 Cum
3271 1263 3413 1313 enim

1858 1346 2158 1398 sexcenties
2192 1347 2488 1399 secundum
2531 1348 2672 1401 illam
2730 1350 3045 1417 hypothesin
3084 1349 3415 1418 intelligatur

1858 1435 2151 1503 procedere
2208 1436 2441 1504 Spiritus
2480 1452 2509 1489 e
2554 1438 2731 1503 Patre,
2794 1441 3071 1507 quomodo
3129 1457 3199 1493 ne
3248 1442 3415 1493 semel

1857 1526 2071 1593 quidem
2097 1528 2297 1581 dictum
2328 1529 2449 1590 fuit,
2483 1528 2631 1581 illum
2680 1546 2708 1582 a
2758 1530 2891 1583 Filio
2924 1533 3262 1599 procedere?
3308 1534 3417 1585 Nec

1861 1618 1999 1670 valet
2028 1618 2227 1681 dicere,
2270 1620 2472 1671 dictum
2505 1621 2607 1673 hoc
2654 1621 2818 1674 fuisse
2868 1623 3128 1691 implicite
3164 1624 3266 1676 illis
3294 1641 3417 1676 ver-

1862 1726 1965 1772 ms,
1986 1726 2105 1777 quae
2132 1720 2311 1762 tamen
2336 1726 2442 1763 non
2473 1711 2521 1763 id
2545 1728 2793 1780 expresse
2814 1714 3137 1781 significant,
3158 1725 3268 1767 tum
3290 1718 3413 1783 quia

197 1808 286 1858 καὶ
338 1807 802 1873 πνευματοφόροις
844 1808 1051 1875 ῥήμασι
1088 1806 1227 1857 κατὰ
1270 1806 1411 1868 λέξιν
1451 1805 1568 1856 ποτ’
1605 1806 1755 1874 ἐνεῤ-
1792 1796 1829 1847 Β
1860 1818 1869 1852 ι

1741 1833 1755 1841 -
1792 1796 1829 1847 Β
1860 1816 2031 1870 neque
2061 1802 2256 1855 divinis
2285 1817 2554 1875 sacrarum
2579 1804 2975 1872 Scripturarum
3003 1822 3179 1874 neque
3219 1808 3413 1860 huma-

199 1898 330 1965 ρήθη
367 1895 439 1965 (6)
486 1898 545 1946 τδ
578 1896 795 1962 Πνεῦμα
826 1894 1222 1963 ἐκπορεύεσθαι
1253 1894 1343 1947 τοῦ
1384 1893 1533 1947 Υίοῦο
1572 1894 1662 1959 καὶ
1709 1895 1754 1944 εἰ

195 1989 250 2039 τὸ
285 1989 383 2056 μέν
412 1988 663 2053 λέγεσθαι
694 1989 754 2039 τὸ
790 1987 1007 2055 Πνεῦμα
1037 1986 1130 2039 τοῦ
1163 1986 1295 2039 Θεοῦ
1340 1988 1432 2039 καὶ
1465 1987 1531 2038 τά
1580 2003 1755 2055 παρα-

199 2076 398 2143 πλήσια
446 2078 542 2145 τὴν
582 2076 901 2143 ἐκπόρευσιν
942 2076 1121 2145 ἔχουσι
1176 2077 1398 2146 πρώτην
1438 2076 1615 2127 αἰτίαν
1666 2077 1758 2127 καὶ.

197 2169 537 2233 κυριωτάτην
565 2166 692 2236 (καὶ
716 2171 822 2235 γὰρ
844 2168 1143 2237 ὁμοούσιον,
1173 2169 1303 2221 διότι
1336 2169 1433 2237 (7),
1465 2169 1756 2236 ἐκπορεύε‹

194 2276 299 2318 ται,
338 2260 399 2311 ού
432 2260 563 2310 διότι
594 2259 648 2311 δὲ
678 2260 984 2325 οὑλοτιύσιον,
1016 2260 1384 2329 ἐκπορευτόν).
1423 2259 1493 2311 Τὸ
1522 2259 1576 2311 δέ
1609 2259 1758 2326 λέγε-

200 2354 318 2403 σθαι
357 2350 595 2417 Πνεῦμα
624 2351 729 2402 τοῦ
768 2350 902 2403 Υίοῦ
934 2351 966 2417 ἢ
1002 2351 1314 2421 Χριστοῦῆ
1349 2352 1415 2403 τά
1445 2352 1663 2403 τοιαῦτα
1700 2354 1758 2403 ἐκ

201 2442 540 2509 πολυμεροῦς
583 2443 832 2511 πρόεισιν
864 2444 1039 2503 αἰτίας
1076 2444 1228 2496 (διότι
1254 2460 1313 2495 τε
1338 2445 1445 2511 γὰρ
1479 2443 1760 2512 όμοούσιον

198 2536 287 2584 καὶ
321 2533 455 2584 διότι
503 2533 645 2601 χρίει
672 2534 833 2585 αὑτὸν
867 2536 957 2584 καὶ
984 2534 1119 2586 διότι
1151 2535 1224 2602 (7)
1288 2536 1434 2602 μένει
1484 2535 1570 2586 ἐπ’
1600 2537 1759 2587 αὑτὸν

197 2624 288 2674 καὶ
332 2622 469 2674 διότι
500 2626 555 2673 ἐν
580 2622 767 2689 αὐτῷ).
807 2621 867 2673 Εἰ
898 2620 993 2675 οῦν
1018 2623 1078 2674 τὸ
1107 2622 1496 2692 ἐκπορεύεσθαι
1544 2623 1640 2693 τὴν
1668 2642 1759 2676 κυ-

202 2717 470 2783 ριωτάτην
499 2716 690 2783 ἐπέχον
732 2717 930 2778 αἰτίαν,
974 2716 1041 2768 δι’
1089 2715 1155 2785 ἢν
1195 2714 1255 2766 τὸ
1299 2714 1517 2784 Πνεῦμα
1549 2715 1760 2781 Mys-.2:

198 2803 335 2859 εἴναι
367 2804 462 2858 τοῦ
492 2806 625 2858 Θεοῦ
660 2810 751 2857 καὶ
799 2807 1001 2876 Κυρίου
1031 2808 1125 2859 καὶ
1150 2806 1216 2860 τὰ
1242 2807 1487 2871 τοιαῦτα,
1525 2808 1671 2877 ὅμως
1702 2812 1759 2860 οὺ

197 2898 412 2949 δίδωσιν
458 2897 639 2959 αὐτοῖς
686 2898 1050 2964 ἀπαγγέλλειν
1095 2899 1169 2968 (8)
1222 2898 1284 2950 τὸ
1336 2899 1759 2968 ἐκπορεύεσθαι,

199 2989 313 3041 πῶς
360 2989 603 3050 δυνατὸν,
638 2990 723 3055 ἐφ’
750 2983 793 3055 ᾧ
830 2990 902 3057 (9)
937 2989 1105 3042 πλείω
1150 2991 1217 3042 τά
1250 2991 1397 3043 αῐτια
1438 2990 1759 3059 θεωρεῖται,

198 3077 264 3127 δι’
300 3069 379 3129 ὧν
411 3075 781 3144 ύμνολογεῖτσι
818 3074 1037 3144 Πνεῦμα
1066 3075 1158 3128 τοῦ
1189 3074 1317 3128 Υίοῦ
1362 3076 1457 3128 καὶ
1504 3076 1761 3145 Χριστοῦ,

1858 1892 1942 1944 nis
1963 1902 2271 1944 sanctorum
2291 1892 2507 1946 Patrum
2527 1895 2701 1947 verbis
2717 1911 2971 1963 expresse
2987 1912 3222 1964 unquam
3240 1913 3415 1949 enun-

1860 1982 2050 2036 tiatum
2076 1982 2195 2046 fuit,
2215 1982 2476 2053 Spiritum
2494 1986 2787 2054 procedere
2806 2002 2833 2038 a
2859 1985 3012 2048 Filio,
3038 1997 3146 2040 tum
3163 1987 3285 2055 quia
3304 1988 3416 2040 for-

1861 2073 2017 2127 mulae
2042 2075 2257 2142 quidem
2279 2076 2531 2145 loquendi
2553 2076 2785 2145 Spiritus
2802 2077 2889 2130 Dei
2915 2086 2969 2130 et
2989 2078 3191 2131 similes
3210 2094 3418 2145 proces-

1860 2165 2065 2219 sionem
2095 2166 2293 2221 habent
2318 2168 2546 2237 primam
2570 2170 3001 2238 prazcipuamque
3020 2186 3236 2223 causam
3262 2172 3417 2239 (con-

1860 2256 2230 2309 substantialis
2246 2257 2387 2308 enim
2424 2256 2679 2325 Spiritus,
2704 2259 2827 2326 quia
2860 2259 3118 2326 procedit,
3148 2275 3253 2312 non
3289 2276 3422 2313 vero

1860 2346 1983 2413 quia
2017 2348 2492 2401 consubstantialis
2513 2359 2567 2401 et
2590 2352 2885 2415 procedens
2912 2352 3039 2420 est),
3076 2351 3194 2404 ista:
3234 2362 3417 2405 autem

1860 2437 2161 2491 locutiones
2215 2437 2444 2507 Spiritus
2501 2438 2629 2492 Filii
2659 2442 2740 2493 vel
2778 2440 2973 2494 Christi
3006 2453 3059 2495 et
3111 2453 3317 2497 cant-rce
3351 2459 3414 2496 ex

1859 2528 2020 2581 variis
2040 2530 2291 2581 oriuntur
2303 2530 2479 2582 causis
2496 2530 2907 2599 (videlicetquia
2932 2533 3415 2587 consubstantialis

1859 2619 1905 2671 ei
1929 2628 2009 2673 est
2032 2618 2266 2688 Spiritus
2284 2632 2339 2674 et
2365 2621 2487 2689 quia
2509 2622 2798 2691 ungiteum
2821 2632 2874 2676 et
2898 2624 3021 2692 quia
3044 2634 3227 2679 manet
3256 2641 3419 2694 super

1860 2724 1981 2761 cum
2014 2718 2065 2763 et
2095 2710 2144 2764 in
2193 2711 2299 2781 eo).
2348 2711 2404 2764 Si
2446 2712 2607 2782 igitur
2644 2714 2937 2782 processio,
2973 2714 3099 2768 licet
3146 2716 3218 2770 sit
3256 2731 3419 2770 causa

1862 2802 2158 2870 potissima,
2191 2818 2288 2857 cur
2332 2803 2570 2873 Spiritus
2614 2804 2826 2858 dicatur
2856 2820 2975 2859 esse
3002 2806 3092 2859 Dei
3117 2815 3171 2859 et
3204 2807 3419 2860 Domini

1862 2904 1913 2945 et
1936 2893 2148 2952 similia.
2174 2903 2351 2948 tamen
2385 2911 2493 2949 non
2515 2896 2606 2949 dat
2636 2896 2752 2949 istis
2773 2896 3015 2957 vocibus,
3046 2906 3105 2949 ut
3132 2900 3420 2951 enuntieut

1863 2986 2285 3052 processionem,
2339 2988 2633 3056 quomodo,
2669 3002 2873 3055 qumso,
2928 2987 3043 3040 ﬁeri
3099 2990 3322 3057 poterit,
3363 3003 3421 3041 ut

1866 3076 1955 3127 ubi
1986 3076 2165 3143 plures
2202 3078 2613 3130 considerantur
2657 3093 2851 3141 causae,
2906 3080 2975 3131 ob
3017 3093 3152 3146 quas
3185 3078 3423 3148 Spiritus

200 3167 292 3218 ἐπὶ
318 3168 511 3219 τούτου
543 3167 655 3236 (10)
681 3167 862 3237 ζητεῖν
885 3168 1057 3219 καίτοι
1091 3168 1223 3235 μηδέ
1259 3166 1763 3238 συναριθμουμένην
1795 3166 1833 3179 “’
1868 3182 1872 3234 J

1750 3188 1763 3221 ι
1795 3166 1833 3179 “
1868 3168 2188 3235 praedicatur
2216 3166 2333 3221 Filii
2369 3168 2669 3235 etChristi,
2692 3170 2762 3222 ibi
2794 3170 3100 3223 necessario
3133 3170 3422 3224 admitten-

200 3261 311 3320 τοῖς
341 3258 537 3319 αἰτίοις
572 3258 944 3327 ἀπαραίτητον
972 3262 1068 3327 τὴν
1100 3257 1232 3310 ἐκπό
1246 3274 1462 3326 ρευσιν;

270 3434 383 3502 ιιβσ.
422 3434 493 3487 Σὺ
523 3434 579 3486 δέ
606 3434 712 3504 ἄρα
736 3434 803 3485 τά
833 3429 948 3488 ὦτα
969 3435 1061 3486 καὶ
1091 3434 1188 3503 τὴν
1212 3434 1451 3488 διάνοιαν
1479 3435 1766 3487 ἀνατείνων

203 3528 338 3593 πρὸς
396 3526 668 3589 ἀσέϐειαν,
724 3526 938 3579 ἐπειδάν
992 3527 1226 3598 ἀκούσῃς
1274 3527 1334 3579 τὸ
1367 3527 1607 3595 Πνεῦμα
1662 3527 1767 3580 τοῦ

202 3616 464 3681 Χριστοῦ
499 3617 529 3683 ἢ
561 3616 707 3687 [106]
758 3616 862 3669 τοῦ
910 3617 1067 3678 Υίοῦ.
1103 3619 1279 3670 πάντα
1309 3616 1677 3685 παραδραμὼν
1712 3616 1769 3679 ἐξ

202 3702 275 3758 ὧν
305 3708 407 3774 τῆς
439 3707 711 3773 θεολογίας
744 3704 810 3778 ἦν
842 3725 921 3760 σοι
960 3708 1031 3777 μὴ
1065 3708 1390 3769 διεκπεσεῖν,
1422 3710 1497 3769 εἰς
1526 3708 1553 3759 ὃ
1584 3708 1769 3776 μηδεὶς

203 3803 379 3851 εἰπεῖν
403 3800 731 3867 κατηνέχθη,
757 3801 893 3869 πρὸς
916 3802 1090 3852 ἐκεῖνο
1111 3800 1251 3852 κατὰ
1274 3800 1511 3869 κεφαλὴν
1534 3801 1765 3869 τρέχεις.

203 3892 437 3960 Εἴρηται
469 3891 530 3942 τὸ
563 3890 780 3957 Πνεῦμα
812 3891 1204 3959 ἐκπορεύεσθαι
1229 3888 1320 3941 τοῦ
1357 3890 1587 3957 Πατρός,
1623 3891 1768 3957 εἰρη-

199 4000 288 4034 ται
326 3984 425 4035 καὶ
458 3981 550 4033 τοῦ
591 3982 720 4033 Υίοῦ
750 3983 843 4033 καὶ
892 3981 984 4032 τοῦ
1026 3980 1157 4032 Θεοῦ
1185 3981 1317 4050 (ll),
1352 3981 1443 4033 καὶ
1488 3982 1551 4031 τά
1601 3980 1763 4039 ἄλλα.

199 4065 273 4125 ὧν
301 4072 566 4133 πολλάκις
594 4074 620 4123 ό
653 4071 802 4138 λόγος
832 4071 1095 4135 ἀνέπτυξε
1125 4072 1219 4141 τὴν
1246 4074 1493 4142 διήγησιν
1513 4087 1525 4100 ·
1556 4077 1647 4123 καὶ
1678 4074 1768 4123 οὐ·

196 4166 285 4217 ὁὲν
316 4164 531 4216 τούτων
576 4164 714 4225 πλὴν
746 4165 840 4232 τῆς
874 4164 1139 4233 προτέρας
1175 4169 1357 4233 φωνῆς
1392 4165 1644 4235 σημαίνει
1672 4166 1769 4235 τὴν

198 4256 553 4325 ἐκπόρευσιν·
579 4254 788 4322 εἴρηται
815 4253 874 4305 τὺ
900 4253 1117 4321 Πνεῦμα
1140 4253 1231 4329 τοῦ
1269 4253 1396 4305 Υίοῦ
1419 4255 1511 4306 καὶ
1536 4254 1767 4323 Χριστοῦ

198 4348 295 4399 καὶ
324 4349 397 4398 τε
431 4346 806 4414 παραπλήσα,
844 4345 1078 4413 οὐδαμοῦ
1106 4343 1159 4397 δὲ
1186 4346 1265 4397 ὅτι
1300 4346 1356 4397 τὸ
1401 4345 1623 4414 Πνεῦμα
1656 4345 1767 4416 (l2)

1865 3258 1930 3310 da
1960 3258 2204 3311 videatur
2239 3260 2529 3327 processio,
2559 3274 2680 3328 qua:
2710 3270 2886 3313 tamen
2913 3276 3089 3329 neque
3128 3260 3268 3315 inter
3291 3278 3421 3316 cau-

1865 3362 1952 3401 sas
1998 3348 2359 3402 numeratur?

1935 3439 2022 3494 92.
2055 3439 2135 3492 Tu
2173 3448 2350 3493 tamen
2373 3455 2533 3493 aures
2569 3454 2631 3493 ac
2680 3451 2917 3494 mentem
2970 3442 3034 3495 ad
3090 3442 3421 3511 impietatem

1866 3530 2173 3595 intendens,
2223 3531 2311 3584 ubi
2340 3533 2572 3586 audieris
2630 3534 2885 3601 Spiritum
2931 3533 3117 3588 Christi
3159 3548 3249 3589 aut
3281 3537 3424 3602 Filii,

1866 3622 2045 3676 omnia
2081 3624 2413 3690 praeteriens,
2468 3639 2531 3676 ex
2580 3624 2775 3691 quibus
2818 3634 3035 3693 poteras
3070 3641 3097 3678 ει
3142 3637 3287 3679 recta
3315 3644 3423 3682 non

1867 3714 2114 3768 excidere
2166 3715 2459 3785 theologia,
2504 3716 2568 3769 ad
2618 3716 2740 3769 illud
2784 3732 2953 3785 prono
3002 3719 3175 3787 capite
3224 3720 3421 3783 curris,

1866 3806 2009 3873 quod
2049 3821 2210 3860 nemo
2247 3822 2489 3860 asserere
2519 3823 2803 3877 aggressus
2832 3819 2933 3863 est.
2966 3808 3170 3863 Dicitur
3193 3808 3425 3879 Spiritus

1869 3898 2159 3965 procedere
2183 3914 2210 3951 a
2240 3896 2418 3959 Patre,
2452 3899 2650 3952 dicitur
2670 3909 2723 3952 et
2746 3898 2863 3952 Filii
2895 3909 2948 3951 et
2970 3900 3085 3959 Dei,
3122 3909 3175 3950 et
3205 3909 3421 3962 caetera,

1868 4003 1985 4056 qua:
2040 3987 2237 4055 saepius
2294 3989 2767 4054 enumeravimus;
2820 3998 2981 4057 atque
3042 3990 3186 4042 nulla
3233 3990 3426 4042 harqu

1869 4077 2228 4140 locutionum,
2262 4089 2456 4147 przeter
2490 4079 2742 4147 primam,
2789 4079 3183 4148 processionem
3219 4082 3425 4150 signiti-

1870 4178 1988 4231 c..t;
2049 4169 2246 4222 dicitur
2298 4169 2533 4237 Spiritus
2588 4170 2705 4223 Filii
2759 4181 2812 4245 et
2847 4170 3045 4225 Christi
3103 4181 3156 4239 et
3204 4173 3425 4236 similia,

1873 4274 2137 4323 nusquam
2189 4275 2319 4312 vero
2374 4261 2665 4329 procedere
2714 4262 3030 4329 Spirituma
3096 4261 3251 4316 Filio.
3290 4265 3423 4317 Cum

1873 4353 2029 4421 igitur
2079 4352 2385 4405 nullatenus
2421 4351 2582 4405 fuerit
2623 4354 2900 4406 enuntiata
2938 4356 3233 4422 processio,
3291 4372 3424 4424 quo-

196 4440 289 4492 τοῦ
324 4438 463 4490 Υἱοῦ
500 4438 870 4507 ἐκπορεύεται.
906 4436 1179 4505 Μηδαμῶς
1210 4433 1300 4489 οῦν
1336 4438 1630 4505 εἰρημένης
1674 4438 1768 4505 τῆς
1804 4443 1842 4493 D

1751 4456 1768 4498 :
1804 4443 1842 4493 D
1874 4439 2030 4492 modo
2051 4455 2158 4492 non
2212 4456 2419 4493 summa
2474 4450 2554 4494 est
2601 4441 2807 4494 insania
2854 4452 3014 4510 atque
3048 4446 3319 4508 vecordia,
3359 4447 3423 4497 ad

198 4530 626 4597 ἐκπορεύσεως,
680 4529 795 4591 πῶς
836 4530 895 4580 οὐ
942 4529 1216 4589 παντελῶς
1264 4528 1519 4580 άσύνετόν
1565 4546 1619 4580 τε
1682 4532 1771 4580 καὶ

197 4622 531 4692 παράφορον
558 4622 636 4683 εἰς
664 4623 839 4673 ἐκεῖνο
882 4621 978 4680 τὰς
1016 4620 1196 4687 φωνάς
1227 4620 1466 4686 ἀνάγειν,
1502 4622 1579 4681 εἰς
1610 4620 1637 4671 ὃ
1671 4638 1771 4689 μη-

1871 4530 2000 4583 illud
2031 4546 2190 4583 voces
2223 4531 2501 4593 reducere,
2545 4532 2609 4583 ad
2639 4533 2781 4599 quod
2818 4535 2968 4584 nullo
2999 4550 3231 4601 unquam
3266 4537 3425 4586 modo

1871 4621 2087 4675 fuerunt
2109 4623 2437 4675 enuntiata?
2464 4622 2581 4676 Non
2600 4624 2742 4676 enim
2778 4625 2877 4677 hoc
2899 4641 3114 4693 quoque
3146 4627 3229 4679 isti
3260 4627 3424 4678 maxi-

1273 4772 1498 4827 ΗΜΛ]
1542 4767 1922 4828 ιΕατιΟΝιςδ
1959 4773 2044 4827 ΕΤ
2074 4774 2300 4830 NOT/E.

268 4917 349 4984 (3)
378 4912 505 4984 ςοι.
539 4912 803 4984 ῌΟύδεμία
845 4927 905 4976 γε
928 4928 983 4963 κ.
1016 4909 1224 4984 φωνῶν.

268 4976 349 5053 (4)
389 4982 619 5053 Photius
766 4980 1089 5053 BegcumLI.
1123 4979 1302 5053 iutad
1337 4977 1544 5053 Tbeod.
1602 4976 1763 5053 Sugd.

195 5072 245 5109 c.
277 5049 337 5117 Ἰ,
366 5054 402 5107 8
441 5050 508 5121 (G
540 5050 739 5121 .0.7ll,_
770 5049 1048 5121 142ὲ145)
1078 5066 1089 5096 τ
1137 5049 1303 5121 ςΑλλο
1318 5050 1615 5121 *σημαίνειν
1645 5049 1769 5121 dicit

196 5126 295 5193 τὴν
326 5116 582 5188 Πνεῦμα
612 5119 748 5193 θεοῦ
864 5120 1073 5193 Πατρός
1214 5116 1343 5193 Ἰξίοῦ
1420 5117 1679 5193 λέγουσαν
1708 5118 1768 5193 τό

200 5186 438 5261 Πνεῦμα
490 5186 694 5261 φωνὴν,
735 5186 825 5241 καί
876 5186 1060 5261 ἕτερον
1087 5187 1186 5261 τὴν
1218 5186 1630 5261 Δἐκπορεύεσθαι
1676 5186 1766 5261 τοῦ

201 5256 421 5329 Πατρὶς
456 5261 589 5312 αὐτὸ
614 5256 941 5329 λέγουσαν...
982 5259 1165 5329 ἕτερόν
1188 5258 1328 5329 ἐστι
1358 5256 1668 5329 περιφανῷς
1707 5256 1765 5329 τό

199 5325 610 5401 ἐκπορεύεσθαι
643 5329 703 5379 ἐκ
732 5327 823 5379 τοῦ
857 5329 1063 5401 Πατρός
1094 5326 1153 5376 τὸ
1188 5325 1430 5401 Πνεῦμα,
1463 5326 1555 5401 καί
1589 5326 1760 5401 ἄλλ-οὴ

199 5408 262 5455 ἐκ
309 5394 456 5454 Θεοῦ
511 5400 740 5463 λέγουσα
784 5398 1036 5465 σημαίνει
1088 5395 1259 5462 φωνή.
1292 5395 1374 5447 Cl”.
1398 5406 1452 5447 et
1489 5394 1774 5465 'l'lieoplty-

202 5477 329 5525 lact.
364 5469 517 5537 apud
552 5466 762 5535 liugon.
790 5465 1358 5537 Etherian.l._n,c.l3
1390 5465 1506 5537 init.
1541 5464 1770 5537 p.l;22_8.

201 5542 379 5596 Nicol.
405 5534 662 5593 vlllethon.
687 5536 825 5603 apud
854 5537 1102 5588 eumdem
1139 5535 1172 5585 l.
1201 5549 1276 5595 ιιι,
1310 5550 1357 5585 c.
1395 5534 1480 5595 11,
1516 5550 1566 5602 p.
1608 5534 1771 5592 H47;

205 5612 454 5663 Marcum
495 5610 688 5674 l-.phes.
734 5605 916 5673 syllog.
948 5606 1035 5666 20,
1063 5605 1113 5655 in
1162 5604 1279 5674 cod.
1320 5603 1461 5655 Mon.
1492 5604 1577 5663 27,
1613 5604 1774 5656 1.ἳὲίῦ

201 5672 573 5745 arguentem,
623 5672 773 5728 aliud
816 5690 933 5727 esse
984 5674 1046 5725 τὸ
1111 5672 1330 5745 Πνεῦμα
1387 5674 1478 5725 τοῦ
1542 5673 1770 5743 Πατρός,

200 5742 347 5804 aliud
385 5750 448 5800 τὸ
485 5748 578 5798 llv.
613 5747 702 5797 τοῦ
743 5745 948 5810 Πατρός
983 5742 1391 5809 ἐκπορεύεσθαι.

273 5823 351 5871 ι.“›)
391 5818 488 5869 Sic
520 5816 637 5868 (ἰοί.
674 5814 839 5866 Palat.
879 5815 914 5865 1.
965 5814 1070 5865 250
1104 5827 1153 5865 a.
1193 5810 1311 5867 μηδ’
1343 5812 1496 5866 ὅλως.

1940 4911 2017 4983 (6)
2050 4910 2227 4983 γειιο.
2246 4910 2298 4983 _r,
2330 4910 2433 4983 eos
2459 4926 2509 4983 a.
2544 4912 2705 4965 ποθὲν
2734 4912 2958 4983 ἐρρήθη.
2988 4916 3002 4932 -
3034 4912 3122 4965 Sic
3150 4912 3266 4965 Col.

1938 4982 2011 5048 (7)
2044 4979 2211 5033 Palat.
2246 4981 2349 5034 bis.
2377 4981 2424 5032 δι
2454 4982 2553 5032 ὃτι.

1938 5051 2011 5117 (8:
2051 5048 2179 5105 Scil.
2217 5051 2269 5103 in
2306 5050 2631 5104 dictionibus
2660 5069 2671 5103 :
2707 5051 2937 5119 Spiritus
2970 5050 3057 5103 Dei
3089 5058 3143 5103 et
3171 5050 3376 5103 Domini
3405 5068 3420 5114 ;

1865 5120 1947 5171 vel
1975 5120 2152 5188 potius
2176 5129 2232 5173 nt
2261 5120 2561 5187 subjectqu
2588 5140 2596 5171 :
2626 5123 2785 5173 verba
2818 5119 3035 5188 Πνεῦμα
3060 5121 3152 5172 τοῦ
3172 5119 3304 5172 Θεοῦ
3333 5124 3425 5172 καὶ

1867 5189 2091 5257 Κυρίου.
2128 5189 2309 5257 Neque
2344 5191 2489 5241 enim
2526 5190 2706 5242 dicere
2742 5190 2871 5253 vult,
2924 5189 2982 5241 τὸ
3030 5190 3417 5258 ἐκπορεύεσθαι

1864 5273 1971 5310 non
2004 5259 2305 5328 significare
2335 5260 2394 5309 τὸ
2425 5260 2815 5323 ἐκπορεύεσθαι
2842 5300 2854 5317 ,
2887 5262 2979 5311 sed
3012 5260 3183 5311 solum
3218 5275 3230 5311 :
3269 5274 3427 5312 voces

1864 5326 1960 5380 llv.
1995 5328 2149 5389 Θεοῦ,
2198 5337 2301 5380 etc.
2336 5329 2385 5381 id
2426 5343 2534 5380 non
2570 5330 2898 5395 exprimere,
2950 5328 3071 5381 licet
3106 5342 3297 5389 causa,
3332 5344 3428 5380 cur

1872 5366 2158 5463 ponantur:
2192 5398 2245 5449 in
2279 5398 2370 5450 illo
2394 5399 2479 5450 sit.
2518 5366 2666 5450 Prius
2696 5370 2982 5451 absurd’utu
3018 5396 3156 5450 foret
3182 5407 3236 5450 et
3265 5366 3428 5467 grave

1872 5467 2214 5539 deiectionis
2240 5467 2465 5539 veritate
2489 5467 2715 5539 _du_bium
2753 5469 3020 5539 ingerens.

1944 5538 2017 5605 (ll)
2049 5538 2161 5589 Col.
2194 5552 2247 5604 p.
2290 5536 2392 5589 515
2418 5537 2500 5602 ἐφ’
2535 5531 2613 5588 οῦ.

1940 5607 2051 5673 (10)
2088 5606 2253 5659 Palat.
2286 5608 2378 5657 ἐπὶ
2403 5606 2493 5657 τοῦ
2527 5605 2725 5673 ζητεῖν.

1943 5674 2053 5742 (11)
2091 5675 2205 5728 Col.
2245 5675 2455 5744 εἴρηται
2487 5678 2577 5726 καὶ
2602 5675 2692 5727 τοῦ
2728 5676 2933 5745 Πατρός
2962 5675 3168 5729 καὶτοῦ
3198 5673 3356 5727 Θεοῦ.

1940 5746 2050 5814 (12)
2089 5746 2196 5799 COL
2238 5745 2360 5800 add.
2402 5747 2501 5799 ἐκ..
