4234 6432
784 398 886 463 387

1911 375 2169 438 ΡΗΟΤΙΙ
2210 369 2710 431 ΡΑΤΠΙΛΠΕΙΙῈ
2750 372 2856 429 CP.

3923 363 4028 427 388

783 529 870 565 me
905 504 1172 561 temerarii
1214 511 1266 554 et
1323 498 1387 552 ad
1414 495 1678 565 quidlibet
1736 488 2044 543 audendum
2079 482 2234 552 proni
2261 479 2346 533 di-
2377 480 2422 534 A
2451 498 2455 519 ε

2377 480 2422 534 Δ
2451 475 2599 546 δαμῆ
2652 478 2921 547 μηδαμῶς
2963 480 3350 546 ἐκπερῶνηται
3386 479 3534 546 (13);
3583 475 3658 528 υῦ
3688 475 3796 544 γὰρ
3825 475 3890 542 δὴ
3936 478 4026 526 καὶ

784 609 907 648 rere
937 593 1233 652 audebunt,
1260 601 1417 656 posse
1449 581 1719 650 expressis
1753 579 1932 632 verbis
1964 593 1992 629 c
2018 575 2186 629 sacris
2235 572 2347 623 elo-

785 688 928 756 quiis
955 684 1163 738 desumi
1199 678 1430 748 Spiritus
1455 690 1484 728 a
1513 673 1650 727 Filio
1685 670 2110 742 processionem.

857 860 948 914 95.
991 859 1070 911 Tu
1101 871 1227 906 vero
1252 853 1382 906 hinc
1418 863 1634 919 quoque
1675 861 1784 898 rem
1820 843 2086 912 expende.
2119 840 2355 907 Spiritus

789 953 986 1006 dicitur
1012 949 1244 1016 Spiritus
1274 943 1496 1002 Christi,
1522 950 1575 994 et
1605 953 1710 1007 qua
1748 937 1955 988 ratione
1980 934 2213 996 dicatur,
2245 946 2356 983 non

790 1055 873 1098 pst
902 1041 1114 1096 diliicile
1155 1054 1218 1090 ex
1257 1037 1388 1089 Isaia
1424 1034 1654 1090 discere.
1707 1029 1815 1082 iuno
1857 1042 1984 1080 vero
2031 1041 2097 1077 ex
2128 1024 2359 1092 ipsamet

794 1133 1001 1188 IMmini
1035 1128 1354 1183 recitatione
1387 1140 1447 1175 ac
1480 1138 1612 1174 voce
1651 1139 1663 1173 :
1696 1118 1926 1186 Spiritus
1951 1117 2088 1169 enim
2123 1115 2354 1176 Domini,

795 1228 988 1296 inquit,
1011 1241 1164 1291 super
1191 1237 1301 1285 me;
1329 1229 1602 1286 propterea
1624 1216 1772 1268 unxit
1798 1231 1875 1266 me
1897 1214 1963 1264 ⁹¹.
1996 1211 2358 1275 Quamobrem

798 1322 1031 1387 >piritus
1062 1317 1166 1368 alio
1201 1313 1360 1366 modo
1388 1312 1585 1364 dicitur
1618 1307 1847 1365 Domini,
1886 1305 1991 1357 alio
2021 1303 2182 1356 modo
2206 1301 2359 1364 Filii;

797 1410 1032 1475 Spiritus
1082 1404 1303 1472 quidem
1364 1398 1572 1450 Domini
1619 1405 1805 1463 utpote
1840 1387 2359 1450 consubstantialis;

799 1500 1038 1565 Spiritus
1087 1511 1215 1547 vero
1245 1493 1381 1551 Filii,
1437 1490 1562 1541 licet
1615 1489 1682 1539 sit
1738 1481 2234 1540 consubstantialis,
2280 1489 2363 1529 ta-

799 1604 922 1641 men
951 1596 1171 1655 propter
1203 1583 1514 1635 unctionem
1540 1578 1738 1630 dicitur
1773 1594 1783 1626 :
1827 1574 2028 1625 (fbristi
2060 1572 2206 1625 enim
2245 1569 2364 1636 Spi-

801 1682 957 1740 ritus,
997 1679 1119 1745 quia
1147 1677 1296 1743 ungit
1326 1673 1523 1740 ipsum,
1555 1668 1784 1736 Spiritus
1811 1666 1979 1726 enim,
2027 1663 2196 1729 inquit
2249 1661 2364 1728 ipsa

805 1767 1037 1824 Veritas,
1067 1779 1221 1829 super
1262 1776 1376 1821 me;
1407 1769 1678 1827 propterea
1711 1755 1854 1806 unxit
1886 1770 1984 1804 me.
2033 1752 2196 1819 Ungit
2241 1749 2366 1817 Spi—

2453 567 2616 620 τοῦτο
2647 569 3011 637 τολμήσουσιν
3040 571 3088 621 ot
3135 571 3310 622 πάντα
3339 570 3557 638 θρασεῖς
3587 569 3782 624 εἰπεῖν.
3811 568 3886 627 ὡς
3916 567 4033 616 ἐστι

2454 661 2695 728 ῥήμασιν
2748 661 2932 722 αὐτοῖς
2984 662 3047 712 ἐκ
3100 661 3209 712 τῶν
3258 660 3417 730 ίερῶν
3470 659 3679 725 Λογίων
3733 657 3920 708 λαϐεῖν
3974 657 4036 707 τὸ

2454 750 2676 819 Πνεῦμα
2707 751 2800 803 τοῦ
2847 751 2968 802 ΐίοῦ
3003 751 3418 822 ἐκπορεύεσθαι.

2526 842 2633 909 ια’.
2672 846 2741 895 Σὺ
2770 843 2826 895 δέ
2857 861 2946 910 μοι
2979 844 3169 895 σκόπει
3201 843 3513 896 κάντεῦθεν·
3544 844 3605 894 τὸ
3634 841 3859 909 Πνεῦμα
3885 840 4038 904 λέγε-

2455 954 2544 987 ται
2578 936 2670 987 τοῦ
2715 935 2974 1006 Χριστοῦ,
3008 935 3100 987 καὶ
3141 937 3286 996 ὅπως
3322 936 3536 1003 λέγεται
3558 975 3573 992 .
3605 937 3665 986 οῦ
3699 935 3936 1002 χαλεπὸν
3971 934 4036 983 ἐκ

2457 1027 2550 1081 τοῦ
2576 1030 2796 1080 Ἡσαΐου
2833 1027 3042 1097 μαθεῖν,
3077 1028 3276 1097 μᾶλλον
3306 1029 3360 1080 δὲ
3393 1032 3486 1080 καὶ
3516 1028 3574 1091 ἐξ
3607 1029 3774 1095 αὐτῆς
3809 1026 3906 1093 τῆς
3937 1030 4038 1075 Δε-

2462 1121 2722 1187 σπστικῆς
2753 1122 3108 1186 ἀναγνώσεως
3159 1120 3252 1171 καὶ
3277 1124 3495 1187 φωνῆς’.
3518 1119 3757 1186 Πνεῦμα
3785 1119 3895 1183 γὰρ
3923 1116 4036 1183 χιι)

2459 1212 2550 1263 ἐπ’
2600 1211 2725 1279 ἐμὲ,
2781 1212 2966 1279 φησὶν,
3013 1207 3082 1266 οὗ
3128 1213 3360 1264 εἵνεκεν
3401 1209 3607 1278 ἕχρισέ
3647 1227 3741 1277 με·
3801 1207 3942 1260 ὥστε
3977 1208 4040 1256 τὸ

2463 1303 2688 1370 Πνεῦμα
2718 1302 2877 1354 ἄλλον
2909 1303 3006 1370 μὲν
3049 1303 3248 1371 τρόπον
3277 1303 3490 1368 λέγεται
3539 1301 3632 1352 τοῦ
3666 1301 3870 1369 Κυρίου
3900 1299 4037 1367 (l5),

2463 1395 2649 1462 ἕτερον
2677 1394 2733 1446 δὲ
2763 1393 2857 1445 τοῦ
2892 1393 3045 1445 Υἱοῦ·
3087 1396 3147 1445 τὸ
3180 1395 3275 1462 μὲν
3305 1394 3411 1462 γὰρ
3443 1395 3516 1454 ὡς
3551 1392 3855 1459 ὁμοούσιον·
3891 1391 3951 1441 τὸ
3984 1390 4042 1440 δὲ

2466 1491 2512 1536 εἰ
2541 1488 2635 1536 καὶ
2665 1486 2969 1554 ὁμοούσιον,
3005 1486 3138 1537 ἀλλὰ
3163 1485 3256 1536 νῦν
3285 1503 3347 1551 γε
3377 1485 3464 1536 διὰ
3499 1484 3559 1535 τὸ
3588 1484 3792 1551 χρίσμα
3820 1482 4042 1547 λέγεται

2464 1577 2557 1627 τοῦ
2596 1577 2721 1628 Υίοῦ
2746 1594 2758 1606 ·
2811 1577 3045 1645 Χριστοῦ
3073 1577 3183 1643 (16)
3227 1578 3334 1644 γὰρ
3372 1575 3612 1643 Πνεῦμα,
3655 1576 3737 1625 ὃτι
3766 1574 3908 1640 χρίει
3940 1575 4040 1624 αῦ-

2467 1667 2557 1718 τόν
2584 1667 2728 1736 (17)·,
2758 1666 2906 1737 [107]
2939 1667 3179 1734 Πνεῦμα
3208 1669 3316 1734 γὰρ
3343 1665 3435 1716 ἐπ’
3473 1663 3578 1733 ἐμὲ
3599 1706 3613 1726 ,
3644 1664 3780 1729 αὐτή
3814 1679 3973 1728 φησιν
4011 1664 4042 1729 ἡ

2481 1760 2725 1827 Ἀλήθεια
2751 1800 2764 1824 ,
2808 1755 2879 1813 οὗ
2911 1760 3140 1810 εἵνεκεν
3184 1757 3388 1823 ἑχρισέ
3412 1775 3505 1824 με.
3536 1759 3690 1824 Χρίει
3728 1757 3787 1806 τὸ
3826 1755 4049 1820 Πνεῦμα

807 1857 944 1907 ritus
974 1851 1270 1911 Christum,
1300 1847 1570 1916 quomodo
1605 1845 1678 1905 id,
1719 1857 1922 1909 qumso,
1956 1839 2248 1905 intelligis?
2281 1839 2362 1890 An
2391 1823 2439 1884 B
2469 1869 2479 1880 .

2391 1823 2439 1884 B
2469 1852 2555 1901 τὸν
2583 1851 2834 1918 Χριστόν·
2862 1851 3138 1918 ἄνθρωπε,
3169 1852 3284 1911 πῶς
3314 1853 3452 1910 νοεῖς
3476 1866 3490 1913 ;
3523 1849 3641 1900 καθ’
3669 1848 3726 1899 ὃν
3745 1848 3902 1913 λόγον
3919 1863 4048 1914 μετ-

807 1955 1073 2013 quatenus
1103 1940 1441 2010 partieipavit
1472 1938 1534 1988 de
1557 1952 1717 1987 carne,
1745 1945 1796 1986 et
1823 1933 2084 1999 sanguine
2111 1940 2164 1982 et
2193 1929 2368 1982 factus

807 2049 888 2088 est
907 2040 1085 2091 homo.
1106 2049 1170 2083 an
1194 2041 1458 2098 quatenus
1476 2029 1768 2079 ab-a‘terno
1789 2021 2083 2076 exsistebat
2107 2019 2281 2072 Deus?
2304 2020 2372 2068 Αι

809 2131 911 2180 hoc
926 2123 1191 2193 posterius
1207 2135 1504 2186 nunquam,
1523 2116 1735 2184 opinor,
1749 2112 1958 2168 tametsi
1980 2108 2372 2163 audacissimus

809 2221 904 2281 sis,
936 2212 1458 2269 aﬂirmareaudebis.
1484 2207 1597 2260 Non
1621 2207 1766 2259 enim
1788 2204 2004 2273 ungitur
2027 2200 2195 2277 Filius
2211 2207 2374 2268 prout

810 2321 895 2364 rst
923 2309 1084 2367 Deus,
1109 2321 1296 2374 apage.
1331 2304 1466 2372 Ergo
1498 2311 1654 2370 prout
1681 2307 1761 2351 est
1791 2299 1953 2350 homo
1978 2294 2185 2363 Spiritu
2221 2293 2375 2361 ungi-

813 2417 901 2457 tur
930 2401 1198 2457 Christus.
1235 2395 1315 2449 Tu
1342 2412 1469 2448 vero
1499 2395 1664 2446 dicis:
1724 2390 1989 2455 Quoniam
2025 2388 2220 2440 dicitur
2252 2385 2375 2452 Spi-

815 2497 950 2548 ritus
987 2491 1212 2552 Christi,
1257 2488 1481 2540 omnino
1535 2496 1586 2538 et
1615 2484 1856 2553 procedit
1894 2497 1923 2534 a
1962 2480 2195 2533 Christo.
2241 2476 2378 2546 Ergo

819 2586 1052 2655 Spiritus
1100 2581 1304 2637 Christi
1360 2597 1464 2632 non
1501 2588 1769 2645 quatenus
1823 2584 1907 2627 est
1973 2572 2112 2624 Deus
2152 2587 2217 2624 ex
2259 2570 2378 2638 ipso

822 2677 1091 2747 provenit,
1151 2673 1243 2726 sed
1282 2680 1549 2738 quatenus
1601 2669 1782 2729 homo,
1836 2680 1941 2718 non
1978 2664 2044 2716 ab
2092 2672 2298 2715 :eterno
2328 2669 2382 2713 et

821 2777 945 2820 ante
974 2765 1167 2818 sarcula
1219 2763 1378 2814 simul
1418 2777 1542 2813 cuzn
1593 2759 1748 2810 Patre
1797 2755 2152 2809 substantiam
2206 2751 2380 2820 passi-

822 2861 976 2920 deus,
1005 2856 1098 2909 sed
1116 2853 1499 2920 tunc,quandu
1521 2850 1811 2903 humanam
1843 2861 2061 2901 carnem
2090 2842 2384 2912 assumpsit

823 2953 1015 3007 Filius.

894 3128 984 3181 94.
1036 3124 1270 3178 Advorte
1332 3120 1570 3173 animum
1620 3126 1676 3171 et
1721 3115 2078 3184 resipisceab
2111 3126 2314 3174 errore,
2352 3127 2383 3161 o

830 3217 1018 3275 homo,
1046 3229 1148 3266 nec
1180 3221 1325 3263 tuam
1353 3210 1561 3278 plagam
1594 3205 1900 3272 vulnusque
1935 3214 2086 3255 tuum
2121 3202 2240 3254 talis
2263 3215 2384 3253 esse

833 3314 1040 3357 natura
1093 3301 1338 3360 ostende,
1386 3308 1444 3350 ut
1498 3312 1713 3348 onlnem
1756 3303 1979 3363 respuat
2027 3292 2385 3347 curationem.

835 3395 1066 3462 Spiritus
1095 3392 1416 3460 prmdicatur
1444 3387 1668 3446 Christi,
1701 3386 1826 3453 quia
1857 3384 2008 3452 ungit
2051 3383 2250 3450 ipsum,
2300 3391 2388 3433 tua

834 3492 1011 3535 autem
1044 3479 1344 3548 perniciosa
1375 3477 1454 3529 lex
1495 3490 1738 3528 asserere
1764 3474 1937 3542 jubet,
1987 3473 2112 3540 quia
2145 3471 2388 3540 procedit

834 3572 1070 3640 abipso;
1099 3569 1340 3637 procedit
1361 3577 1537 3620 autem
1567 3582 1593 3619 a
1616 3565 1856 3625 Christo,
1887 3574 1945 3617 ut
1967 3565 2103 3617 ratio
2128 3578 2222 3631 per
2247 3571 2390 3614 tuam

837 3661 1147 3728 opinionem
1173 3659 1428 3711 incedens
1453 3661 1708 3718 ostendit,
1731 3672 1838 3708 non
1865 3663 2132 3724 quatenus
2153 3653 2291 3705 Deus
2314 3660 2397 3703 est

834 3754 1100 3810 Christus.
1121 3751 1211 3804 Sed
1234 3760 1497 3818 quatenus
1514 3756 1750 3801 nostram
1769 3762 1982 3800 carnem
2007 3746 2317 3813 assumpsit.
2339 3743 2395 3796 Si

840 3847 997 3913 igitur
1015 3840 1542 3912 qualeuustristus
1563 3841 1628 3894 de
1649 3850 1828 3892 nostra
1846 3854 2007 3892 carne
2030 3837 2392 3906 participavit,

836 3933 1132 3985 tsi-cundum
1168 3932 1270 3983 hoc
1287 3929 1518 3998 Spiritus
1547 3946 1576 3981 a
1611 3929 1822 3982 Christo
1844 3929 2107 3996 procedit,
2154 3927 2398 3995 procedit

838 4030 1017 4074 autem
1034 4037 1221 4074 rursus
1235 4036 1262 4072 a
1279 4021 1437 4084 Filio,
1458 4029 1721 4088 quatenus
1736 4029 1818 4072 est
1837 4020 1978 4073 Deus
2001 4019 2072 4085 (id
2095 4020 2239 4071 enim
2255 4019 2398 4087 leges

838 4123 869 4160 a
898 4116 950 4160 te
985 4106 1204 4159 sancitae
1234 4106 1500 4175 exigunt),
1542 4107 1900 4160 concludetur
1947 4105 2212 4175 proiecto,
2239 4117 2399 4160 natu-

843 4213 952 4248 ram
1000 4197 1286 4249 humanam
1347 4197 1537 4249 Deitati
1591 4213 1709 4249 esse
1736 4199 2294 4261 consubstantialem;
2354 4197 2400 4251 si

839 4289 1060 4356 quidem
1113 4286 1377 4355 Spiritum
1422 4288 1940 4341 consubstantialem
1973 4287 2091 4342 Filii
2128 4298 2182 4342 et
2211 4305 2401 4344 rursus

839 4379 1039 4432 Christi
1071 4392 1288 4440 censes;
1336 4377 1629 4447 procedere
1674 4380 1821 4432 enim
1854 4394 1977 4433 cum
2008 4379 2140 4434 fucis
2173 4389 2228 4434 et
2277 4390 2401 4435 ante

911 4518 954 4550 ⁹¹
1000 4518 1101 4570 lsa.
1133 4529 1245 4578 ιιι,
1275 4515 1326 4567 1.

2471 1942 2596 2008 έσχε
2657 1942 2856 2008 σαρκὸς
2892 1940 2984 1991 καὶ
3013 1941 3241 2006 αἵματος
3273 1939 3363 1990 καὶ
3397 1939 3616 2002 γέγονεν
3645 1935 3930 2004 ἅνθρωπος
3959 1975 3974 1993 ,
4014 1935 4045 2002 ἦ

2472 2033 2590 2082 καθ’
2619 2031 2676 2082 ὃν
2713 2032 2768 2095 ἐξ
2799 2031 2969 2082 ἀϊδίου
3001 2031 3213 2100 ὑπῆρχε
3243 2032 3402 2093 Θεό;;
3459 2028 3616 2079 Ἀλλὰ
3649 2028 3709 2077 τὸ
3735 2028 3833 2094 μὲν
3865 2026 4050 2077 δεύτε-

2475 2141 2566 2190 ρον
2609 2123 2706 2173 οὐκ
2749 2122 2814 2173 ἂν
2847 2117 3002 2188 οἶμαί
3043 2138 3102 2172 σε
3128 2161 3143 2182 ,
3180 2122 3228 2170 εἰ
3281 2121 3373 2171 καὶ
3406 2120 3583 2169 πάντα
3622 2119 3825 2184 θρασὺς
3869 2112 4048 2183 ἦσθα,

2474 2213 2838 2282 θρασυνθῆναι
2868 2213 3073 2280 (IS-i9)
3100 2213 3292 2262 εἰπεῖν.
3320 2210 3390 2260 Οὐ
3422 2211 3529 2277 γὰρ
3555 2208 3764 2275 χρίεται
3790 2206 3865 2266 ὼς
3896 2205 4050 2270 Θ-ὸ;,

2474 2309 2652 2372 ἄπαγε
2677 2345 2693 2370 ,
2737 2307 2764 2357 6
2799 2304 2944 2366 Υἱός.
2991 2303 3198 2356 Οὐκοῦν
3227 2303 3360 2354 καθὸ
3395 2301 3680 2370 ἄνθρωπος
3721 2299 3933 2367 χρίεται
3977 2297 4053 2366 τῷ

2478 2396 2756 2464 Πνεύματι
2796 2397 2824 2448 6
2866 2395 3116 2463 Χριστός·
3150 2395 3243 2444 καὶ
3275 2392 3408 2444 καθὸ
3437 2389 3668 2458 χρίει.τὸ
3701 2389 3925 2457 Πνεῦμα
3961 2391 4052 2439 τὸν

2479 2489 2734 2556 Χριστὸν,
2784 2488 3008 2555 λέγεται
3060 2485 3285 2554 Πνεῦμα
3322 2484 3583 2554 Χριστοῦ.
3632 2485 3704 2535 Σὺ
3743 2485 3797 2535 δὲ
3837 2484 4053 2549 λέγεις·

2493 2578 2707 2648 Ἐπειδὴ
2738 2579 2954 2645 λέγεται
2982 2575 3204 2644 Πνεῦμα
3235 2575 3492 2644 Χριστοῦ,
3523 2574 3740 2635 πάντως
3764 2579 3858 2625 καὶ
3889 2575 4056 2624 ἐκπο-

2486 2667 2702 2737 ρεύεται
2735 2668 2794 2730 ἐξ
2831 2665 3020 2719 αὑτοῦ.
3054 2664 3262 2716 Οὐκοῦν
3310 2663 3370 2715 τὸ
3412 2663 3635 2732 Πνεῦμα
3685 2663 3779 2714 τοῦ
3816 2661 4054 2731 Χριστοῦ

2481 2762 2541 2811 οῦ
2577 2759 2708 2812 καθὸ
2739 2758 2869 2819 Θεὸς
2902 2757 2960 2820 ἐξ
2985 2756 3148 2809 αὐτοῦ
3184 2755 3595 2825 προελεύσεται,
3623 2755 3755 2806 ἀλλὰ
3793 2755 3929 2806 καθὸ
3960 2755 4055 2805 ἂν·

2485 2851 2721 2917 θρωπος,
2754 2850 2849 2900 καὶ
2877 2849 2977 2900 οῦκ
2999 2849 3093 2901 ἀπ’
3128 2848 3300 2916 ἀρχῆς
3327 2847 3420 2897 καὶ
3452 2847 3557 2914 πρὸ
3586 2846 3796 2898 αἰώνων
3823 2847 3918 2896 καὶ
3943 2846 4059 2913 ἅμα

2485 2939 2561 3006 τῷ
2601 2938 2772 3006 Πατρὶ
2804 2937 3041 3004 ούσιώθη
3067 2974 3082 2995 ,
3117 2935 3254 2988 ἀλλὰ
3285 2933 3584 3003 τηνικαῦτα
3610 2974 3625 2996 ,
3663 2935 3826 3002 ἡνίκα
3867 2935 3964 2985 καὶ
4000 2936 4059 2986 τὸ

2485 3030 2822 3099 ἀνθρώπινον
2851 3027 3213 3097 προσελάϐετο
3241 3025 3466 3094 φύραμα
3505 3024 3614 3092 (21))
3642 3026 3671 3076 6
3708 3025 3856 3086 Υἱός.

2559 3122 2658 3188 ιιδκ
2711 3121 3030 3188 Ἐπίστησον
3069 3118 3160 3170 τὸν
3198 3117 3322 3169 νοῦν
3350 3119 3445 3169 καὶ⁵
3486 3115 3757 3183 ἁνάνηψυν
3798 3117 3898 3183 τῆς
3928 3116 4062 3169 πλάο

2492 3230 2622 3280 νης,
2662 3210 2946 3278 ἄνθρωπε,
3005 3208 3139 3276 μηδὲ
3189 3207 3286 3275 τὴν
3343 3205 3540 3257 σαυτοῦ
3593 3205 3807 3273 πληγὴν
3859 3210 3952 3257 καὶ
4004 3207 4064 3258 τὸ

2491 3303 2708 3374 τραῦμα
2755 3302 2935 3352 πᾶσαν
2965 3299 3238 3367 ἐπιδείξῃς
3284 3296 3580 3366 θεραπείαν
3625 3297 3939 3364 ἐλέγχοντα.
3992 3297 4063 3348 Τὸ

2495 3393 2721 3462 Πνεῦμα
2749 3378 3104 3458 δοξολογείται
3157 3387 3250 3441 τοῦ
3282 3387 3518 3457 Χριστοῦ
3541 3429 3555 3450 ,
3603 3388 3736 3440 διότι
3769 3387 3882 3457 (21)
3922 3392 4063 3455 χρίει

2495 3486 2675 3537 αὐτόν·
2705 3486 2731 3535 6
2760 3484 2814 3534 δέ
2853 3483 2942 3543 σὸς
2976 3483 3072 3547 τῆς
3105 3480 3380 3540 ἀπωλείας
3425 3481 3588 3546 νόμος
3622 3481 3947 3548 προστάττει
3975 3479 4063 3529 λέ-

2496 3588 2635 3638 γειν.
2675 3569 2808 3622 διότι
2856 3567 3214 3637 ἐκπορεύεται
3247 3568 3432 3620 αὐτοῦ’
3475 3567 3828 3637 ἐκπορεύεται
3867 3569 3924 3620 δὲ
3971 3568 4062 3619 τοῦ

2497 3660 2732 3731 Χριστοῦ
2755 3701 2768 3722 ,
2805 3660 2878 3721 ὡς
2907 3661 2936 3712 6
2962 3660 3117 3726 λόγος
3150 3659 3318 3724 ἔδειξε
3347 3659 3436 3710 διὰ
3468 3659 3566 3727 τῆς
3601 3661 3697 3727 σῆς
3728 3657 3886 3727 δόξης
3919 3661 4065 3728 βαδί-

2499 3756 2624 3819 ζων,
2659 3754 2720 3804 οὐ
2754 3752 2888 3804 καθὸ
2916 3751 3047 3814 Θεὸς
3076 3754 3103 3802 6
3142 3750 3395 3820 Χριστὸς,
3445 3751 3577 3803 ἀλλὰ
3613 3752 3744 3802 καθὸ
3774 3754 3834 3802 τὸ
3867 3754 4065 3820 ἡμέτε-

2503 3864 2592 3916 ρον
2621 3844 2984 3912 προσελάϐετο
3007 3842 3251 3911 φύραμα.
3288 3840 3349 3893 Εἰ
3383 3841 3474 3894 οῦν
3514 3841 3646 3892 καθὸ
3672 3842 3767 3894 τοῦ
3796 3845 4064 3912 ἡμετέρου

2504 3938 2730 4005 μετέσχε
2786 3934 3139 4002 φυράματος,
3201 3931 3340 3983 κατὰ
3386 3932 3542 3983 τοῦτο
3599 3932 3957 3999 ἐκπορεύεται
4010 3933 4070 3984 τὸ

2501 4028 2722 4094 Πνεῦμα
2754 4025 2846 4076 τοῦ
2872 4021 3106 4091 Χριστοῦ
3127 4063 3142 4086 ,
3174 4022 3611 4091 ἐκπορεύεταιδέ
3646 4022 3803 4076 πάλιν
3839 4027 3932 4075 καὶ
3974 4023 4065 4076 τοῦ

2506 4117 2635 4170 Υἱοῦ
2667 4115 2804 4168 καθὸ
2827 4114 2960 4175 Θεξς
3011 4112 3130 4180 (τῆς
3160 4111 3258 4178 σῆς
3280 4111 3387 4180 γὰρ
3417 4111 3587 4164 ταῦτα
3621 4113 3720 4180 τῆς
3748 4114 4066 4181 νομοθεσίας

2501 4211 2568 4262 τὰ
2593 4208 3011 4278 προστάγματα)
3040 4203 3177 4273 (22),
3206 4201 3354 4273 [108]
3387 4203 3671 4270 ὁμοούσιος
3698 4205 3762 4256 ἂν
3786 4207 3819 4273 ἡ
3856 4206 4070 4276 ἀνθρω-

2503 4302 2630 4368 πίνη
2678 4298 2837 4366 φύσις
2879 4299 2942 4365 τῇ
2972 4296 3196 4363 θεότητι
3224 4293 3598 4365 συλλογισθείη
3631 4296 3776 4365 (23).
3809 4298 3988 4366 εἴπερ-
4010 4297 4071 4349 τὸ

2504 4391 2726 4460 Πνεῦμα
2754 4386 3034 4457 ὁμοούσιον
3076 4383 3170 4436 τοῦ
3207 4384 3333 4438 Υίοῦ
3367 4386 3460 4438 καί
3490 4403 3552 4453 γε
3581 4387 3644 4456 δὴ
3692 4385 3785 4440 τοῦ
3809 4387 4068 4458 Χριστοῦ·

1938 4626 2171 4681 VARhE
2224 4629 2603 4688 LECTIONES
2645 4629 2731 4682 ET
2754 4627 2980 4682 NOTAE.

920 4745 1025 4814 (ἱὸ)
1056 4745 1223 4796 Palat.
1268 4743 1305 4797 f.
1337 4743 1442 4797 230
1472 4742 1525 4798 δ.
1560 4745 1893 4814 παραφρονεῖ
1919 4745 1977 4794 σέ
2011 4744 2275 4814 μηδαμῶς
2312 4747 2400 4797 ἐκ·
2440 4751 2482 4803 D

845 4817 1177 4882 πειρώνηται.

915 4886 1024 4950 (14)
1059 4884 1171 4935 Col.
1207 4883 1331 4936 add.
1367 4882 1587 4950 Κυρίου.

916 4953 1027 5018 (l5)
1054 4951 1194 5028 _C_ol.
1237 4954 1459 5028 Κυρίου.
1502 4951 1775 5028 Suspicor
1813 4950 2101 5028 legendum
2147 4952 2407 5028 σεῦα·τοῦ

846 5020 1080 5091 Χριστοῦ
1099 5024 1206 5091 (κο
1234 5031 1286 5072 et
1315 5020 1569 5091 xu__facile
1592 5021 1848 5091 contundi
1872 5030 2055 5091 notum
2088 5030 2169 5073 est
2188 5027 2223 5081 ).
2251 5022 2409 5075 Certe

846 5087 1070 5150 liet‘cus,
1098 5090 1135 5142 l.
1169 5107 1246 5153 ιιι,
1279 5087 1343 5142 ad
1378 5089 1586 5142 Theod.
1619 5105 1667 5143 c.
1698 5090 1729 5141 5
1758 5093 1772 5154 (
1801 5088 1861 5141 (ἶ.
1891 5087 1952 5141 0.
1981 5088 2045 5148 ll.
2077 5105 2129 5158 p.
2161 5091 2279 5156 Ml)
2311 5094 2411 5145 hoc

847 5170 1006 5227 caput
1038 5175 1144 5227 pro:
1183 5160 1352 5211 oculis
1406 5159 1625 5223 habuit;
1662 5174 1824 5226 porro
1873 5159 1986 5224 ipse
2022 5157 2228 5212 inducit
2266 5157 2412 5214 Plio-

850 5242 982 5283 tium
1029 5230 1342 5282 dicentem:
1393 5230 1549 5280 ἄλλον
1599 5228 1798 5296 τρόπον
1856 5227 2109 5296 λέγεσθαι
2145 5229 2236 5278 τοῦ
2273 5231 2408 5294 Χρι-

852 5301 973 5350 στοῦ
1003 5300 1061 5350 τὸ
1082 5299 1320 5364 Πνεῦμα,
1349 5297 1533 5366 ἕτερον
1559 5297 1613 5348 δὲ
1639 5295 1736 5347 τοῦ
1766 5295 1915 5366 Υίοῦ1
1943 5295 2071 5360 Qum
2105 5299 2242 5365 apud
2276 5297 2412 5350 Pho-

851 5381 981 5421 tetllll
1011 5379 1310 5435 sequuntur
1337 5385 1350 5421 :
1387 5365 1617 5438 Χριστοῦ
1649 5368 1756 5436 γὰρ
1781 5365 2001 5435 Πνεῦμα
2033 5367 2133 5430 ὅτι,
2171 5385 2222 5420 κ.
2260 5384 2310 5420 τ.
2337 5367 2409 5429 λ.,

852 5441 900 5491 id
938 5439 1279 5490 conﬁrmant.

922 5508 1032 5576 (16)
1078 5506 1244 5587 κίε-τοο
1275 5509 1387 5560 haec
1413 5505 1645 5587 Χριστρῦ
1673 5507 1779 5574 γὰρ
1812 5505 2108 5587 {instigaret
2138 5506 2416 5587 sequentia

854 5592 1021 5645 usque
1049 5577 1112 5629 ad
1148 5577 1306 5645 hujus
1344 5577 1538 5645 capitis
1564 5579 1721 5629 linem
1745 5579 1845 5631 sub
1877 5577 2049 5630 l‘hotii
2084 5577 2303 5629 nomine
2337 5577 2415 5629 le-

852 5657 1048 5711 guntur
1075 5647 1217 5699 inter
1245 5655 1490 5714 excerpta
1512 5647 1563 5698 in
1587 5647 1704 5698 cod.
1731 5646 1823 5699 Gr.
1855 5649 2087 5713 theolog.
2119 5647 2242 5705 524,
2282 5646 2412 5698 bibl.

851 5716 1405 5837 ggsag.w\’indobon.
1449 5714 1798 5784 (Lambcccio
1839 5728 1920 5770 est
1954 5718 2069 5770 cod.
2125 5715 2220 5768 457
2246 5724 2283 5784 ),
2322 5717 2412 5767 t'ul.

856 5806 918 5837 -ε
963 5829 974 5837 .
1014 5809 1134 5837 αἱυ.

2586 4745 2628 4813 (l
2649 4744 2694 4811 7)
2728 4744 2930 4814 Bccctts
3047 4757 3096 4794 c.
3131 4743 3348 4814 Πνεῦμα
3380 4742 3612 4811 Χριστοῦ
3655 4744 3714 4794 τὸ
3744 4743 3899 4810 ἅγιον
3926 4746 4069 4814 λέγε-

2513 4810 2635 4866 σθαί
2667 4810 3085 4881 φησινᾷηνεῦμα
3120 4810 3406 4881 (Photius),
3431 4810 3512 4863 ὅτι
3539 4815 3682 4881 χρίει
3713 4815 3896 4869 αὐτόν.

2577 4882 2781 4947 (18·19)
2813 4879 2931 4933 Vat.
2962 4880 3336 4948 θρασυνθῦναι.

2579 4951 2689 5019 (20)
2729 4951 2862 5022 Cod.
2898 4950 3204 5022 Vindobou.
3239 4949 3513 5022 cit._dy0p.
3548 4951 3774 5022 φύραμα
3805 4957 4070 5022 προσελά.

2509 5022 2634 5074 ϐετο
2661 5022 2688 5070 6
2722 5021 2774 5091 ὑ,
2809 5019 3035 5091 Photius
3067 5021 3120 5091 in
3157 5034 3223 5071 eo
3253 5019 3469 5082 insistit,
3506 5019 3647 5091 quod
3685 5019 3926 5091 Spiritus
3959 5026 4074 5079 ide"

2510 5091 2710 5144 dicitur
2731 5089 2932 5142 Christi
2955 5130 2968 5147 ,
2999 5088 3124 5155 quia
3156 5104 3281 5141 eum
3318 5093 3468 5157 ungit
3489 5128 3502 5148 .
3531 5088 3782 5146 Christus
3817 5109 3948 5148 vero
3975 5112 4074 5148 un-

2510 5161 2655 5231 gitur
2703 5175 2820 5231 non
2849 5169 2908 5211 ut
2938 5158 3077 5231 Deus
3103 5158 3253 5231 ,_sed
3285 5168 3344 5210 ut
3386 5160 3567 5213 homo.
3597 5159 3651 5212 Si
3681 5177 3809 5231 ergo
3841 5179 3908 5216 ex
3939 5166 4077 5217 dit‘lt)

2512 5229 2734 5297 Πνεῦμα
2780 5227 3014 5300 Χριστοῦ
3066 5227 3295 5300 infertur
3338 5232 3647 5300 processio,
3685 5227 3794 5298 jam
3841 5231 4073 5300 Spiritus

2513 5300 2756 5368 procedit
2787 5315 2849 5351 ex
2878 5298 3102 5368 Christo
3149 5307 3206 5348 ut
3240 5299 3476 5359 homine,
3513 5313 3614 5351 nec
3642 5306 3707 5351 ab
3741 5298 3950 5354 asterno
3971 5314 4076 5363 est,

2513 5367 2606 5423 Sed
2642 5385 2706 5421 ex
2729 5385 2835 5435 quo
2866 5367 3033 5420 Films
3074 5367 3359 5419 humanam
3389 5377 3632 5421 naturam
3664 5374 3975 5437 assumpsit.

2587 5438 2696 5510 (2|?)
2723 5438 2885 5510 lia‘lat.
2920 5438 2967 5488 δι
3000 5438 3101 5488 ὃτι.
3131 5437 3244 5489 Col.
3264 5452 3331 5510 _p_.
3370 5438 3780 5510 ὄλιθεΧριστοῦ.
3807 5442 3889 5493 ὃτι
3922 5462 4014 5510 χρ.

2591 5509 2702 5574 (2!)
2742 5505 2872 5558 Vide
2914 5522 3074 5573 supra
3108 5522 3227 5575 cap.
3377 5507 3491 5560 Col.
3523 5505 3590 5560 τὰ
3619 5505 3940 5576 διδάγματαζ

2589 5579 2698 5648 (25)
2725 5577 2895 5648 _l\'o\~a
2943 5578 3170 5648 absurda
3205 5575 3504 5648 ex_ii_~dem
3544 5575 3837 5645 prmitiissis
3877 5590 3934 5633 ut
3963 5596 4077 5648 cap.

2517 5645 2585 5697 93
2636 5645 2894 5706 deducta,
2928 5645 3442 5698 consubstantialem
3493 5661 3612 5700 esse
3649 5650 3940 5703 humanam
3990 5645 4080 5702 na-

2519 5725 2693 5766 turam
2739 5716 2932 5790 til\'i_lt.'c
2957 5756 2969 5772 ,
3005 5717 3269 5766 irtiuitum
3298 5726 3352 5766 et
3380 5716 3587 5790 linitum
3622 5718 3833 5770 misceri
3858 5759 3872 5778 .
3906 5721 4080 5790 Spiri-

2520 5799 2628 5835 tum
2661 5785 2950 5850 νγυιξοιεισι-(ι
2981 5793 3032 5837 ct
3061 5793 3182 5835 ante
3214 5795 3263 5836 te
3295 5793 3412 5851 post
3445 5785 3891 5842 incarnationem.
