4234 6432
800 376 899 440 391

1940 353 2196 414 PHOTII
2237 346 2733 409 PATRIARCH/E
2775 351 2883 413 CP.

3935 345 4035 408 392

795 495 1025 547 ducunt,
1083 480 1361 536 deductas,
1424 475 1530 525 imo
1574 477 1627 523 et
1667 470 1906 538 ipsorum
1952 464 2006 514 in
2053 460 2140 513 bis
2197 455 2467 512 rebusAl

2390 457 2437 512 Α
2463 455 2744 516 ἁπονοίαις
2781 453 2929 524 [HO]
2969 454 3355 524 καθυϐρίζουσι
3398 456 3529 524 (45)·
3566 459 3654 508 ναὶ
3681 455 3744 524 δὴ
3797 456 3890 508 xal.
3917 462 4039 516 τους

794 583 946 634 dolos
975 592 1036 628 ac
1070 569 1306 632 fraudes,
1341 569 1576 632 itemque
1608 562 1894 615 beatorum
1927 547 2360 620 sapientissimo-
2461 565 2466 593 ι

2461 548 2838 613 ἐπαγομένους
2875 546 3058 609 αὐτοῖς
3097 547 3157 610 ἐξ
3179 540 3254 598 ὧν
3285 547 3438 598 αὐτοὶ
3469 547 3768 614 προάγουσι
3793 549 4040 614 χρήσεων

793 683 1022 736 rumque
1063 673 1372 718 nostrorum
1430 656 1650 708 Patrum
1693 647 1998 706 testimonia
2042 639 2364 697 constantis-

794 734 949 815 sima
988 767 1148 824 atque
1202 747 1614 812 irrefragabilia,
1657 744 1853 813 quibus
1909 734 2262 791 confunditur
2311 741 2365 782 et

792 850 1092 920 impietatis
1128 845 1370 914 arguitur
1404 841 1560 893 istius
1591 833 1868 902 apostasia:
1901 826 2193 882 sententia.

793 945 1066 1013 γράπτους
1114 936 1412 1008 μαρτυρίας
1431 976 1444 996 ι

797 1034 1022 1094 στασίας
1057 1032 1117 1082 τὸ
1145 1030 1315 1099 φρόνη
1326 1038 1418 1094 μα.

1218 1380 1444 1434 PllOTll
1487 1371 1943 1432 PATIllARClII‘E

803 1496 994 1552 Contra
1016 1498 1199 1549 veteris
1226 1495 1398 1546 Roma:
1429 1493 1654 1544 asseclas
1689 1489 1890 1541 libellus
1917 1487 2209 1544 ostendens,
2244 1481 2361 1548 Spi-

873 1571 1031 1619 ritum
1071 1575 1309 1616 sanctum
1357 1580 1419 1614 ex
1449 1562 1556 1613 solo
1598 1561 1756 1612 Patre
1787 1560 2075 1626 procedere,
2120 1571 2220 1605 non
2247 1567 2367 1606 vero

874 1639 1034 1688 etiam
1063 1652 1125 1687 ea:
1151 1633 1312 1685 Filio.

875 1748 927 1800 l.
961 1747 1016 1798 Si
1066 1745 1291 1813 simplex
1323 1744 1537 1810 quidem
1573 1740 1828 1808 Spiritus,
1880 1753 1941 1790 ex
1972 1737 2126 1788 Patre
2157 1749 2285 1787 vero
2315 1741 2368 1786 et

805 1838 941 1891 Filio
967 1838 1229 1905 procedit,
1267 1837 1488 1887 omnino
1517 1833 1566 1885 lii
1606 1848 1711 1884 una
1741 1830 1995 1882 censendi
2028 1828 2207 1880 forent
2241 1841 2366 1892 per-

806 1942 959 1987 sona,
989 1935 1148 1992 atque
1187 1924 1381 1976 exinde
1436 1923 1783 1974 induceretur
1833 1918 2132 1972 contractio
2179 1917 2368 1969 Sabel-

808 2017 944 2069 liana
973 2032 1066 2069 seu
1099 2017 1275 2084 potius
1305 2013 1760 2067 semisabelliana.

874 2198 930 2250 2.
972 2197 1027 2250 Si
1063 2212 1126 2249 ex
1159 2196 1317 2249 Patre
1343 2203 1396 2246 et
1424 2208 1490 2245 ex
1529 2191 1665 2244 Filio
1708 2189 1951 2258 procedit
1975 2187 2211 2256 Spiritus
2244 2202 2368 2239 san-

812 2299 954 2351 ctus,
990 2286 1187 2354 duplex
1220 2284 1442 2336 omnino
1471 2282 1574 2333 erit
1599 2289 1654 2333 et
1681 2279 2029 2347 compositus.
2065 2278 2119 2330 Si
2169 2279 2232 2330 ad
2265 2278 2372 2330 duo

810 2381 1068 2448 principia
1109 2377 1341 2430 refertur
1364 2375 1597 2443 Spiritus
1631 2381 1866 2432 sanctus,
1892 2371 1981 2424 ubi
2011 2370 2115 2423 erit
2139 2379 2374 2422 tantum-

809 2473 931 2525 dem
963 2471 1280 2524 decantatus
1312 2469 1470 2520 unius
1507 2463 1879 2534 principatus?

884 2645 940 2699 5.
1013 2641 1070 2696 Si
1121 2640 1370 2708 producit
1410 2638 1668 2706 Spiritum
1712 2637 1888 2699 Pater,
1937 2636 2186 2704 producit
2244 2649 2374 2688 vero

2463 637 2738 703 ἐλέγχους,
2805 635 2943 688 ἀλλὰ
2991 639 3084 688 καὶ
3137 638 3238 703 τὴν
3288 637 3417 706 περὶ
3469 635 3642 688 ταῦτα
3701 638 4039 704 κακουργίαν

2464 727 2646 778 αὐτῶν
2701 727 2796 778 καὶ
2859 729 3268 796 μηχανουργίαν
3308 729 3443 796 (Mr
3504 730 3594 780 καὶ
3641 729 3748 798 μὴν
3791 729 3886 780 καὶ
3934 728 4040 778 τῶν

2471 819 2755 890 μακαρίων
2788 821 2884 870 καὶ
2915 820 3189 888 θεοσόφων
3223 822 3481 891 Πατέρων
3514 821 3668 889 ἡμῶν
3709 822 3805 882 τὰς
3831 825 4040 886 ἀπαρα-

1499 933 1562 983 δι’
1611 926 1682 981 ὧν
1728 925 1905 978 αὐτῶν
1944 921 2056 991 (iiii
2097 914 2516 983 καταισχύνεται
2567 913 2660 965 καὶ
2737 915 2916 984 πάσης
2974 913 3253 977 εὐσεϐείας
3325 915 3688 967 ἀπελαύνεται
3751 914 3852 982 τῆς
3907 915 4038 964 ἁπο-

2895 1360 3138 1416 ΦΩΤΙΟΥ
3171 1358 3611 1413 ΠΑΤΡΙΔΡΧΟΥ

2467 1482 2625 1534 Κατὰ
2648 1481 2766 1532 τῶν
2790 1480 2900 1544 τῆς
2926 1476 3190 1539 παλαιᾶς
3231 1476 3454 1543 Ῥώμης
3481 1475 3568 1526 ὅτι
3595 1477 3660 1524 ἐκ
3689 1472 3791 1523 τοῦ
3819 1473 4039 1544 (turpet;

2533 1555 2725 1618 μόνον
2745 1541 3130 1615 ἑκτέὸρεύεται
3171 1546 3237 1618 τὸ
3269 1541 3509 1612 Πνεῦμα
3570 1546 3634 1595 τὸ
3685 1544 3870 1609 ἅγιον,
3908 1541 4039 1593 ἀλλ’

2536 1616 2671 1686 οὐχὶ
2703 1621 2795 1670 καὶ
2827 1619 2893 1670 ὲκ
2929 1619 3032 1670 τοῦ
3081 1616 3236 1668 Υιυῡ.

2539 1730 2694 1800 [HS]
2743 1729 2812 1782 a'.
2844 1730 2905 1781 Εἰ
2945 1727 3148 1780 ἁπλοῦν
3182 1727 3279 1795 μὲν
3313 1726 3373 1778 τὺ
3408 1726 3652 1793 Πνεῦμα,
3699 1727 3760 1776 ἐκ
3789 1724 3881 1775 τοῦ
3927 1725 4037 1774 Πα-

2467 1824 2593 1891 τρὸς
2619 1822 2674 1873 δὲ
2710 1823 2804 1872 καὶ
2826 1823 2890 1872 ὲκ
2914 1819 3007 1871 τοῦ
3040 1818 3168 1870 Υίοῦ
3213 1817 3589 1885 ἐκπορεύεται,
3645 1818 3855 1872 πάντως
3887 1815 3943 1864 ἓν
3979 1815 4042 1864 ἆυ

2469 1907 2613 1964 οὗτοι
2654 1910 2958 1978 νομισθεῖεν
3006 1911 3330 1977 πρόσωπον·
3383 1906 3678 1958 κάντεῦθεν
3721 1906 4042 1972 εἱααχῡήσε-

2471 2019 2558 2054 ται
2586 2002 2698 2068 (46)
2742 2000 3034 2068 συναλοιφὴ
3067 2000 3180 2070 (47)
3209 1998 3512 2060 Σαϐἐλλιος,
3557 1997 3589 2066 ἢ
3627 1997 3822 2066 μᾶλλον
3849 1997 4041 2055 εἰπεῖν,

2474 2091 2878 2161 ἡμισαϐἐλλιος.

2543 2182 2611 2249 β’.
2643 2182 2818 2250 Εῖπερ
2850 2183 2916 2231 ὲκ
2946 2180 3041 2232 τοῦ
3081 2181 3290 2248 Πατρὸς
3320 2179 3414 2231 καὶ
3462 2180 3524 2229 ἐκ
3570 2175 3662 2228 τοῦ
3708 2176 3836 2228 Υἱοῦ
3881 2178 4044 2227 ὲκπο·

2475 2275 2693 2344 ρεύεται
2745 2274 2807 2326 τὸ
2866 2272 3087 2342 Πνεῦμα
3143 2272 3203 2324 τὸ
3243 2273 3418 2338 ἅγιον,
3468 2270 3685 2322 διπλοῦν
3716 2269 3781 2321 ἂν
3830 2271 3913 2336 εἴη
3946 2271 4039 2320 καὶ

2474 2366 2724 2418 σύνθετον
2748 2382 2761 2394 ·
2799 2367 2846 2417 εί
2877 2365 3009 2434 πρὸς
3047 2364 3138 2415 δύο
3161 2365 3333 2433 ἀρχὰς
3361 2363 3724 2432 ἀναχθήσεται
3744 2363 3801 2412 τὸ
3823 2361 4043 2428 Πνεῦμα

2471 2455 2532 2507 τὸ
2562 2455 2716 2520 ἅγιον
2746 2456 2880 2524 (48),
2913 2453 3017 2507 ποῦ
3056 2453 3116 2505 τὸ
3150 2454 3527 2522 πολυΰμνητον
3556 2453 3708 2503 ἔσται
3731 2453 3828 2518 τῆς
3854 2468 4044 2520 μοναρ-

2471 2548 2594 2616 χίας
2615 2566 2630 2612 ;

2543 2645 2614 2705 γ’.
2646 2639 2708 2690 Εἰ
2744 2638 3108 2708 προϐάλλεται
3137 2637 3235 2704 μὲν
3273 2637 3332 2688 τὸ
3353 2635 3577 2704 Πνεῦμα
3611 2637 3638 2686 6
3669 2634 3853 2704 Πατὴρ
3908 2633 4042 2704 (49).

815 2738 966 2790 illum
999 2744 1052 2787 et
1093 2733 1278 2793 Filius,
1308 2731 1412 2783 erit
1446 2730 1603 2782 Pater
1650 2737 1704 2781 et
1760 2729 2044 2795 contiguus
2088 2727 2377 2793 productor
2401 2724 2446 2784 C
2479 2749 2487 2763 ι

2372 2724 2446 2784 'C
2479 2730 2840 2799 προϐάλλεται
2879 2730 2934 2780 δὲ
2967 2729 3125 2780 τοῦτο
3175 2729 3319 2779 καὶὸ
3359 2727 3504 2789 Υἱὸς,
3546 2726 3630 2793 εἴη
3679 2727 3747 2778 ἂν
3778 2728 3805 2776 6
3859 2725 4044 2793 Πατὴρ

818 2828 1050 2895 Spiritus
1092 2832 1146 2876 et
1194 2821 1517 2889 longinquus
1560 2827 1779 2888 propter
1813 2818 1956 2870 illius
1989 2833 2052 2870 ex
2080 2816 2217 2869 Filio
2247 2831 2371 2884 pro-

820 2913 1153 2966 ducﬁonenn

888 3006 942 3056 4.
975 3002 1029 3055 Si
1065 3000 1300 3068 perfecta
1328 3008 1410 3052 est
1451 2997 1620 3051 sancti
1656 2997 1888 3065 Spiritus
1945 3012 2009 3050 ex
2049 2998 2208 3050 Patre
2247 3013 2373 3065 pro-

815 3095 1017 3156 cessio,
1059 3092 1326 3161 superllna
1359 3092 1515 3159 igitur
1555 3104 1615 3141 ea
1642 3104 1760 3156 qua:
1787 3103 1850 3140 ex
1879 3086 2030 3140 Filio.

891 3186 942 3238 5.
1009 3183 1064 3236 Si
1121 3184 1363 3235 eamdem
1427 3180 1665 3248 Spiritus
1735 3179 2140 3244 productionem
2215 3179 2376 3232 habet

820 3275 987 3329 Filius
1018 3291 1137 3328 cum
1169 3277 1344 3336 Patre,
1374 3273 1674 3328 communis
1702 3272 1893 3323 horum
1935 3271 2036 3322 crit
2063 3270 2376 3337 productio-

820 3370 905 3432 nis
945 3364 1241 3433 proprietas
1264 3403 1278 3425 ,
1310 3374 1364 3417 et
1391 3365 1660 3432 quomodo
1686 3376 1971 3413 commune
1999 3359 2102 3411 erit
2129 3359 2376 3426 proprie-

827 3461 942 3507 tas?
968 3455 1019 3505 Si
1051 3471 1176 3507 vero
1195 3455 1522 3522 oppositum,
1559 3452 1828 3519 quomodo
1860 3452 1999 3503 hanc
2028 3451 2116 3502 illa
2146 3465 2253 3503 non
2281 3451 2378 3502 de-

821 3545 1021 3598 struit?
1045 3545 1440 3597 Contrariorum
1459 3544 1602 3596 enim
1629 3544 1854 3596 alterum
1880 3543 2105 3596 alterum
2127 3541 2376 3596 destruit.

823 3634 878 3686 Si
940 3634 1225 3697 diversam,
1270 3649 1394 3702 pars
1431 3633 1648 3702 quidem
1698 3633 1931 3701 Spiritus
1974 3634 2076 3686 hac
2137 3634 2372 3696 ratione,

820 3742 944 3795 pars
972 3742 1099 3779 vero
1132 3726 1233 3778 alia
1263 3726 1468 3777 ratione
1504 3725 1774 3792 procedet.
1801 3733 1855 3778 et
1881 3739 1946 3778 ex
1971 3725 2213 3792 partibus
2246 3724 2372 3777 inae-

821 3820 1070 3887 qualibus
1095 3820 1198 3872 erit
1229 3818 1579 3885 compositus.

891 3911 943 3963 6.
990 3909 1044 3962 Si
1076 3925 1139 3963 ex
1175 3925 1280 3961 una
1311 3925 1491 3972 causa,
1519 3911 1695 3972 Patre,
1732 3919 1842 3961 tum
1864 3907 2034 3961 Filius
2064 3916 2174 3960 tum
2209 3907 2380 3975 Spiri-

822 4011 910 4054 tus
939 4001 1276 4069 prodierunt,
1316 4015 1528 4052 rursum
1558 4015 1685 4052 vero
1727 3998 1892 4052 Filius
1931 3997 2375 4066 producitSpiri-

823 4102 957 4152 tum,
997 4091 1257 4158 producet
1301 4104 1513 4156 quoque
1554 4088 1743 4140 Filium
1799 4088 2050 4156 Spiritus.
2086 4089 2204 4140 Pari
2232 4088 2373 4140 enim

825 4181 1031 4233 honore
1060 4189 1350 4247 utrumque
1384 4180 1635 4248 produxit
1671 4179 1828 4232 Pater
1862 4189 1917 4232 et
1942 4178 2250 4247 produdor.

895 4360 945 4413 7.
988 4359 1044 4412 Si
1105 4359 1272 4411 Filius
1327 4359 1694 4412 communicat
1748 4373 1869 4410 cum
1902 4356 2059 4409 Patre
2099 4357 2150 4408 in
2210 4356 2379 4409 sancti

823 4450 1055 4518 Spiritus
1088 4449 1462 4516 productione,
1495 4449 1656 4500 etiam
1687 4447 1918 4515 Spiritus
1961 4457 2178 4499 sanctus
2223 4446 2276 4498 in
2319 4460 2381 4496 ea

824 4537 1247 4592 communicabit
1285 4554 1298 4598 ;
1334 4537 1511 4589 omnia
1563 4537 1704 4589 enim
1761 4552 1879 4604 quae
1924 4547 2049 4590 sunt
2088 4536 2230 4588 Patri
2259 4550 2380 4588 cum

826 4627 962 4679 Filio
1017 4627 1347 4691 communia,
1407 4627 1564 4680 etiam
1622 4637 1748 4680 sunt
1795 4627 2101 4680 communia
2158 4627 2380 4695 Spiritui

823 4726 1034 4782 sancto;
1073 4719 1197 4771 hinc
1220 4721 1324 4772 erit
1349 4719 1463 4788 ipse
1483 4735 1642 4772 causa
1675 4721 1833 4772 simul
1860 4729 1913 4772 et
1938 4730 2206 4786 causatus,
2236 4719 2378 4788 quod

825 4803 952 4873 ipsis
981 4806 1262 4876 gentilium
1287 4807 1482 4860 fabulis
1505 4809 1896 4861 monstruosius
1922 4817 2026 4862 est.

2475 2821 2568 2873 καὶ
2597 2820 2872 2890 προσεχὴς
2891 2821 2983 2873 τοῦ
3029 2819 3343 2888 Πνεύματος
3394 2819 3688 2887 προϐολεὺς
3732 2817 3824 2869 καὶ
3858 2817 4043 2886 πόρρω

2473 2912 2562 2964 διὰ
2591 2913 2688 2981 τὴν
2717 2914 2781 2962 ὲκ
2806 2911 2898 2963 τοῦ
2935 2911 3065 2962 Υιοῦ
3096 2911 3386 2980 προϐολήν.

2544 3005 2606 3057 δ’.
2641 3004 2811 3073 Εἴπερ
2840 3005 2872 3071 ἡ
2899 3008 2962 3056 ὲκ
2993 3002 3088 3054 τοῦ
3124 3003 3336 3072 Πατρὶς
3388 3002 3708 3071 ἐκπόρευσις
3757 2999 3850 3050 τοῦ
3893 3000 4047 3065 ἁγίου

2477 3089 2791 3158 Πνεύματος
2820 3090 3059 3158 ἐντελὴς,
3090 3091 3318 3159 περιττὴ
3350 3090 3456 3157 ἄρα
3483 3091 3515 3157 ἡ
3543 3092 3606 3142 ἐκ
3626 3089 3717 3141 τοῦ
3747 3088 3874 3140 Υίοῦ
3909 3088 4040 3153 (50).

2546 3187 2605 3233 ε’.
2645 3182 2708 3234 El
2746 3181 2844 3248 μὲν
2881 3181 2978 3249 τὴν
2999 3179 3168 3248 αὐτὴν
3191 3179 3460 3250 προϐολὴν
3489 3178 3710 3248 ἔχειτοῦ
3735 3179 4044 3247 Πνεὺματο;

2476 3274 2505 3324 6
2539 3273 2664 3332 Υἱὸς
2685 3272 2762 3340 τῷ
2796 3274 2988 3340 Πατρὶ,
3017 3271 3170 3341 κοινὴ
3203 3272 3410 3334 τούτοις
3436 3273 3467 3339 ἡ
3490 3272 3585 3340 τῆς
3615 3270 3882 3339 προϐολῆς
3921 3271 4042 3322 ἰδιό-

2476 3379 2576 3431 της
2597 3381 2610 3393 ο
2641 3360 2902 3432 καὶμη]
2930 3362 3048 3424 πῶς
3067 3363 3218 3415 ἔσται
3247 3363 3306 3415 rb
3334 3362 3509 3414 κοινὸν
3533 3362 3757 3427 ίδιότης;
3785 3362 3843 3413 Εἰ
3872 3363 3925 3414 δὲ
3951 3364 4045 3429 τὴν

2480 3454 2750 3512 ἐναντίαν.
2783 3453 2900 3515 πῶς
2928 3456 2990 3505 οὐ
3020 3444 3228 3522 φθείρει
3279 3453 3481 3521 ταύτην
3511 3454 3693 3522 ἐκείνη
3719 3470 3733 3516 ;
3772 3452 4043 3521 φθαρτικτ

2479 3545 2587 3614 γὰρ
2612 3544 2858 3612 ἀλλήλων
2883 3543 2951 3596 τὰ
2973 3545 3210 3598 ἐναντία.
3240 3543 3301 3596 Εἰ
3327 3545 3382 3596 δὲ
3430 3545 3691 3613 ὲτεροίαν,
3734 3546 3899 3614 μέρος
3953 3546 4046 3613 μὲν

2478 3637 2572 3689 τοῦ
2611 3637 2926 3704 Πνεύματος
2950 3635 3112 3700 οὓτω,
3156 3636 3318 3705 μέρος
3363 3636 3417 3688 δὲ
3464 3637 3662 3707 τρόπον
3699 3637 3856 3690 ἄλλον
3885 3641 4045 3689 ἐκπο-

2483 3726 2808 3794 ρευθήσεται
2834 3727 2927 3777 καὶ
2968 3725 3026 3789 ὲξ
3076 3725 3274 3777 ἀνίσων
3311 3725 3496 3795 μερῶν
3533 3726 3872 3779 ἔσταιτοῦτο
3911 3746 4040 3796 συγ-

2481 3814 2736 3880 κείμενον
2771 3816 2825 3882 (5
2840 3817 2852 3866 I

2554 3904 2627 3967 ς’.
2655 3906 2826 3973 Εἴπερ
2855 3906 2912 3968 ἐξ
2932 3906 3047 3967 ἑνὸς
3077 3905 3271 3969 αἰτίου,
3302 3907 3503 3977 δηλαδὴ
3529 3907 3621 3959 τοῦ
3662 3910 3893 3976 Πατρὸς,
3935 3912 3960 3961 6
3991 3929 4044 3962 rt

2483 3995 2609 4055 Υἱὸς
2642 3998 2733 4048 καὶ
2772 3999 2830 4048 τὸ
2856 3997 3078 4066 Πνεῦμα
3117 3999 3534 4068 προεληλύθασι,
3580 4002 3942 4070 προϐάλλεται
3991 4005 4044 4057 6':

2480 4086 2641 4136 πάλιν
2666 4087 2695 4137 6
2734 4087 2860 4148 Υἱὸς
2890 4087 2950 4137 τὸ
2978 4087 3219 4156 Πνεῦμα,
3241 4088 3590 4156 προϐαλεῖται
3618 4092 3708 4142 καὶ
3740 4091 3798 4142 τὸ
3822 4091 4043 4159 Πνεῦμα

2476 4177 2567 4227 τὸν
2604 4177 2762 4228 Υἱὸν·
2787 4179 3060 4246 ὀμοτίμως
3091 4179 3198 4248 γὰρ
3237 4180 3402 4250 ἄμφω
3445 4182 3758 4250 προήγαγεν
3798 4184 3825 4233 ὁ
3863 4184 4045 4252 Πατὴρ

2479 4268 2570 4318 καὶ
2598 4268 2911 4336 προϐολεύς.

2551 4357 2618 4419 ζ’.
2656 4358 2828 4428 Εἴπερ
2866 4362 2894 4412 ὁ
2918 4360 3041 4422 Υἱὸς
3067 4360 3144 4428 τῷ
3174 4363 3344 4430 Πατρὶ
3375 4365 3620 4415 κοινωνεῖ
3649 4363 3744 4430 τῆς
3762 4364 3855 4415 τοῦ
3888 4367 4043 4432 ἁγίου

2481 4446 2799 4515 Πνεύματος
2831 4449 3118 4518 προϐολῆς.
3154 4451 3248 4502 καὶ
3287 4452 3344 4503 τὸ
3382 4453 3535 4517 ἆγιον
3579 4452 3796 4520 Πνεῦμα
3842 4455 4042 4519 ταύτης

2481 4540 2797 4605 κοινωνήσει
2849 4540 2981 4607 (52)·
3022 4541 3197 4592 πάντα
3253 4544 3360 4611 γὰρ
3383 4543 3483 4595 ὅσα
3522 4543 3615 4595 τοῦ
3649 4545 3855 4612 Πατρδς
3891 4547 4042 4594 κοινὰ

2483 4626 2616 4696 πρὸς
2648 4628 2739 4680 τὸν
2774 4629 2919 4691 Υἱὸν,
2952 4631 3121 4682 ταῦτα
3151 4633 3243 4683 καὶ
3274 4633 3406 4701 πρὸς
3440 4633 3500 4684 τὸ
3526 4632 3742 4700 Πνεῦμα
3776 4635 3837 4684 τὸ
3863 4633 4037 4697 ἅγιον·

2482 4716 2574 4768 καὶ
2611 4716 2795 4770 λοιπὸν
2820 4719 2969 4772 ἔσται
3004 4722 3095 4772 καὶ
3133 4722 3305 4773 αἴτιον
3336 4723 3451 4791 ἅμα
3477 4724 3569 4775 καὶ
3601 4725 3859 4784 αίτιατὸν,
3899 4724 3927 4774 ὃ
3953 4725 4043 4774 καὶ

2478 4807 2576 4876 τῆς
2603 4809 2712 4861 τῶν
2758 4810 3024 4879 Ἑλλήνων
3050 4813 3372 4882 μυθολογίας
3406 4815 3895 4885 ,τερατιυδέστερον.

1924 4987 2153 5042 VARle
2192 4988 2573 5047 LECTIONES
2613 4994 2700 5047 ΕΤ
2738 4995 2972 5051 NOTAE.

898 5144 1007 5210 (ίό)
1047 5143 1133 5199 Cf.
1163 5158 1284 5212 cap.
1319 5144 1385 5198 55
1412 5145 1505 5198 fin.

896 5215 1030 5292 illi
1061 5213 1285 5266 Videtur
1314 5229 1421 5266 non
1455 5217 1626 5292 solum
1659 5232 1943 5284 perversas
1977 5220 2382 5292 explanationes

824 5291 879 5335 et
907 5284 1190 5343 illationes,
1226 5298 1407 5335 verum
1441 5286 1599 5337 etiam
1633 5297 1869 5340 textnum
1894 5284 2272 5352 corru'ptiones
2298 5293 2380 5343 in-

826 5353 1065 5432 telligere
1096 5353 1186 5419 (cf.
1213 5368 1336 5432 cap.
1373 5353 1471 5432 7t”)
1494 5396 1507 5417 ,
1545 5359 1844 5432 praesertim
1889 5374 2009 5432 cum
2040 5353 2151 5428 j'am
2174 5375 2264 5432 _ex
2312 5361 2382 5432 iis

824 5423 959 5500 ipsis
981 5459 995 5482 ,
1022 5423 1451 5500 quzeadversarii
1481 5425 1774 5491 proferant,
1809 5423 2084 5483 confectas
2108 5429 2382 5483 refutatio-

823 5503 922 5542 nes
951 5491 1255 5543 immediate
1286 5502 1409 5545 ante
1438 5503 1958 5552 commemorarent.

824 5536 2134 5696 ζξξῐςξέζξὲῐίἒξιτῑξῐῑςίέίίῖῑῖνέξῑιῖων.
2165 5536 2353 5621 solam

898 5700 1008 5763 (4U)
1059 5700 1185 5752 Cod.
1231 5699 1460 5757 Vindob.
1511 5702 1603 5757 Gr.
1655 5703 1729 5758 tlt.
1781 5705 1948 5759 40.n.
2001 5706 2069 5760 25
2097 5705 2135 5760 f.
2175 5705 2272 5761 l58
2322 5706 2377 5760 b.

827 5769 1238 5836 συναχθήσεται.

2691 5160 2829 5237 god.
2872 5163 3102 5237 Vindob.
3136 5168 3230 5220 cit.
3271 5167 3581 5237 συναλειφή.

2551 5231 2661 5294 (48)
2691 5232 2762 5284 Τὸ
2785 5232 2938 5298 ἅγιον
2963 5235 3115 5288 deest
3148 5236 3200 5288 in
3226 5238 3346 5289 cod.
3380 5231 3579 5291 Caesar.

2695 5299 2828 5379 god.
2864 5303 2955 5356 cit.
2986 5305 3013 5353 6
3055 5306 3242 5374 Πατὴρ
3273 5307 3334 5357 τὸ
3362 5308 3599 5375 Πνεῦμα.

2553 5368 2662 5436 (50)
2711 5370 2845 5444 Haec
2865 5383 3096 5444 quatuor
3143 5368 3456 5444 argumenta
3496 5368 3684 5430 eodem
3726 5379 3916 5432 ordine
3955 5381 4036 5431 Ιιι-

2480 5447 2680 5514 guntnr
2710 5442 2848 5514 apud
2872 5441 3102 5514 licemini
3133 5441 3271 5498 orat.
3300 5446 3364 5497 de
3415 5462 3505 5499 un.
3560 5447 3702 5500 Eccl.
3759 5465 3807 5502 (τ.
3869 5451 4035 5503 35-50

2481 5506 2566 5573 (ιι.
2614 5507 2676 5561 0.
2711 5506 2754 5561 ις
2781 5526 2831 5576 ρ.
2864 5511 2982 5575 154,
3017 5512 3134 5573 156.
3175 5514 3453 5578 453-160).

2549 5579 2660 5656 (51)
2693 5580 2846 5647 Apud
2892 5581 3116 5656 Beccum
3151 5584 3261 5656 l._c.
3303 5585 3452 5656 φη
3480 5585 3565 5656 (p.
3604 5585 3726 5646 162)
3806 5588 3918 5645 Duo
3948 5604 4011 5644 se

2477 5651 2890 5729 qtle‘n‘t‘iancapp.
2930 5651 3056 5729 ibid.
3095 5668 3142 5705 c.
3178 5654 3264 5713 45,
3301 5654 3373 5729 ⁸46
3404 5651 3632 5729 (μβίϐί,
3674 5658 3820 5729 ltiti).

2550 5717 2658 5786 (5:!)
2694 5718 2944 5789 Eulliytn.
2976 5722 3059 5776 ed.
3095 5717 3649 5795 xowwvr‘cat'métnc.
