4234 6432
249 411 350 474 39¹1

1274 413 1371 473 DE
1408 413 1468 475 S.
1498 413 1851 476 SPIRITUS
1888 414 2388 476 MYSTAGOGIA.

3371 416 3477 483 398

244 521 307 576 οὗ
342 522 442 592 τὴν
460 520 650 583 ἁπλῶς
685 520 958 587 ιξέλευσιν
988 520 1275 591 σημαίνει,
1298 522 1421 591 ἥτις
1458 522 1577 575 ἐστὶ
1616 522 1816 593 συμϐεο
1843 526 1886 583 Α

1870 525 2278 594 Legressionem
2322 523 2639 593 simpliciter
2667 523 2952 594 signiﬁcat,
3008 538 3128 595 quae
3171 524 3478 579 accidenta-

246 615 415 683 ϐηχὸς
437 612 693 682 γινομένη
727 612 819 663 καὶ
855 610 1243 680 ἀπογινομένη,
1272 610 1408 664 ἀλλὰ
1441 611 1541 682 τὴν
1579 610 1812 681 οὑσιώδη

248 706 343 757 καὶ
392 705 623 772 φυσικὴν
671 707 764 755 καὶ
814 701 908 754 τοῦ
958 702 1075 765 πῶς
1139 695 1278 754 εἶναι
1330 702 1672 773 σημαντικὴν
1722 704 1816 755 καὶ

243 799 344 867 τὴν
368 797 478 865 (88)
503 794 788 865 ὑπάρξεως
808 794 901 847 τοῦ
923 794 1079 861 ἁγίου
1104 794 1421 864 Πνεύματος
1449 796 1809 864 ὲμφαντικήνο

243 891 325 942 ὅτι
352 890 415 940 ού
452 887 723 957 γενητῶς
778 889 928 939 ἐστιν
976 887 1051 949 ὼς
1092 889 1121 940 6
1150 887 1293 951 Υἱὸς,
1323 886 1439 939 ἀλλ’
1465 886 1813 956 ἑκπορευτῶς

246 982 341 1032 καὶ
373 981 515 1041 ἰδίως
534 997 550 1011 ο
580 979 674 1031 τοῦ
700 979 800 1048 μὲν
828 980 938 1049 γὰρ
972 978 1099 1031 Υίοῦ
1126 978 1256 1031 [διον
1279 979 1341 1030 τὸ
1373 978 1439 1030 ὲκ
1466 977 1562 1031 τοῦ
1603 978 1813 1047 Πατρὸς

243 1071 536 1138 γεννᾶσθαι
567 1070 836 1137 φυσικῶς,
873 1069 966 1122 τοῦ
997 1070 1053 1121 δὲ
1098 1070 1253 1137 ἁγίου
1300 1068 1613 1139 Πνεύματυς
1660 1069 1719 1119 τὸ
1751 1070 1816 1121 ὲκ

242 1164 336 1215 τοῦ
373 1162 584 1229 Πατρὸς
614 1161 1010 1230 ἐκπορεύεσθαι
1041 1159 1288 1227 φυσικῶς
1311 1176 1325 1188 ·
1360 1160 1453 1211 καὶ
1482 1161 1623 1211 κατὰ
1656 1158 1816 1211 τοῦτο

246 1256 408 1321 μόνον
441 1255 785 1321 διαφέρουσιν
818 1254 1090 1320 ἀλλήλων,
1119 1253 1237 1322 ἢτοι
1276 1253 1416 1305 κατὰ
1447 1253 1543 1321 τὴν
1578 1252 1815 1320 ἰδιότητα

243 1347 341 1414 τῆς
373 1345 675 1415 ὑπάρξεως,
714 1344 771 1397 ἓν
791 1346 941 1407 ὄντες
976 1344 1151 1405 ἄλλως
1176 1344 1272 1412 τὴν
1312 1344 1499 1396 οὐσίαν
1522 1343 1616 1394 καὶ
1655 1342 1816 1409 φύσιν

242 1440 338 1492 καὶ
393 1438 549 1502 ἀξίαν
590 1438 681 1489 καὶ
726 1437 981 1505 δύναμιν,
1018 1436 1134 1498 καὶ,
1168 1436 1353 1498 ἁπλῶς
1394 1438 1593 1498 εἰπεῖν,
1649 1434 1814 1487 τᾶλλα

242 1532 419 1582 πάντα
452 1530 582 1597 πρός
617 1547 673 1580 τε
704 1530 795 1580 τὸν
827 1529 1043 1597 Πατέρα
1078 1528 1172 1579 καὶ
1207 1528 1342 1597 πρὸς
1378 1526 1659 1595 ἀλλήλους.
1692 1525 1817 1586 Πῶς

240 1618 335 1673 οὖν
362 1638 498 1687 φατε
532 1622 590 1671 τὸ
622 1622 775 1686 ἅγιον
810 1619 1033 1687 Πνεῦμα
1064 1619 1175 1687 (89)
1212 1616 1365 1688 [119]
1418 1614 1816 1686 ἐκπορεύεσθαι

241 1715 336 1764 καὶ
362 1714 423 1763 ἐκ
448 1712 540 1763 τοῦ
575 1712 701 1764 Υἱοῦ
729 1728 743 1775 ;
778 1712 836 1763 El
865 1710 964 1779 μὲν
985 1710 1059 1772 ὡς
1094 1710 1151 1775 ἐξ
1191 1709 1389 1769 αἰτίου,
1418 1708 1526 1761 ίδοὺ
1551 1707 1644 1759 δύο
1670 1707 1815 1759 αῐτια

242 1806 338 1856 καὶ
368 1804 461 1856 δύο
496 1803 684 1872 ἁρχαὶ,
717 1803 908 1871 Πατὴρ
934 1802 1027 1853 καὶ
1057 1801 1205 1862 Υἱὸς,
1232 1800 1326 1851 καὶ
1362 1798 1581 1867 διαρχία
1615 1797 1815 1865 μᾶλλον

241 1896 274 1964 ἢ
315 1895 586 1964 μοναρχία
618 1894 678 1945 τὸ
710 1894 838 1963 παρ’
886 1893 1017 1960 ύμῖν
1058 1890 1170 1961 (90)
1221 1889 1655 1958 πρεσϐευόμενον
1680 1903 1693 1917 ·
1723 1889 1817 1940 καὶ

240 1988 343 2055 οὐχ
372 1986 640 2054 ἡμέτερον
664 1985 843 2051 λέγειν
869 1984 967 2034 ὅσα
990 1981 1060 2034 τὰ
1092 1982 1269 2035 ἄτοπα
1297 1980 1507 2049 ἕψεται.
1540 1980 1603 2032 Ei
1625 1978 1671 2031 δ’
1701 1979 1816 2031 ἑτέ-

245 2097 356 2149 ρως
379 2120 392 2141 ,
415 2078 490 2140 ὡς
513 2079 577 2129 ἐκ
623 2075 963 2145 φεραλλήλου
988 2074 1075 2126 διὰ
1124 2076 1223 2141 τὴν
1268 2075 1346 2135 είς
1379 2071 1583 2141 ἄλληλα
1612 2070 1816 2123 τούτων

240 2166 759 2236 ἀντιπεριχώρησιν,
776 2166 893 2229 καὶ,
916 2166 990 2227 ὡς
1011 2163 1195 2225 ἁπλῶς
1218 2163 1414 2226 εἰπεῖν,
1435 2160 1815 2227 ἑξαποστελλό-

245 2266 435 2333 μενον·
462 2259 850 2326 ὲξαποστὲλλει
886 2259 994 2329 γὰρ
1042 2255 1230 2326 ὥσπερ
1267 2256 1295 2307 6
1328 2254 1512 2325 Πατὴρ
1533 2254 1625 2306 τὸν
1666 2254 1812 2313 Υίὸν,

242 2355 386 2407 οὕτω
412 2355 507 2407 καὶ
535 2356 561 2406 6
587 2353 713 2415 Υἱὸς
734 2354 795 2404 τὸ
826 2350 1049 2419 Πνεῦμα
1073 2350 1135 2402 τὸ
1156 2348 1310 2417 ἆγιον
1329 2365 1341 2380 '
1380 2350 1559 2400 Ὅταν
1593 2345 1679 2408 δὲ,
1713 2362 1816 2415 φη-

244 2452 351 2511 σὶν,
393 2450 543 2514 ἔλθῃ
579 2450 612 2500 ὁ
666 2444 1074 2512 Ιιαράκλητος,
1129 2442 1202 2495 ὃν
1257 2439 1370 2509 ἐγὼ
1408 2440 1621 2508 πέμψω
1676 2438 1817 2507 ὑμῖν

242 2543 403 2609 παρὰ
436 2539 541 2592 τοῦ
574 2538 822 2604 Πατρός,
857 2538 922 2588 τὸ
955 2533 1197 2602 Πνεῦμα
1250 2532 1361 2599 τῆς
1418 2533 1726 2599 ἀληθείας,
1784 2530 1816 2581 6

243 2633 405 2701 παρὰ
428 2631 534 2688 τοῦ
571 2628 797 2695 Πατρὸς
831 2626 1219 2692 ἐκπορεύεται
1239 2662 1255 2687 ,
1285 2622 1480 2676 ἐκεῖνο
1520 2620 1818 2691 μαρτυρή-

243 2740 341 2777 σει
366 2722 501 2791 περὶ
526 2719 673 2790 ἐμοῦ
698 2717 822 2784 "ei,
847 2716 988 2769 κατὰ
1020 2713 1221 2783 ταύτην
1249 2714 1349 2782 τὴν
1369 2711 1627 2774 διάνοιαν,
1664 2711 1819 2764 ἐκπο-

248 2816 508 2888 ρεύεσθαι
542 2815 636 2866 καὶ
657 2814 722 2864 ἐκ
752 2811 863 2881 (91)
898 2809 992 2863 106
1023 2808 1175 2871 Υἱοῦ,
1213 2807 1427 2874 λέγετε,
1452 2804 1695 2876 ἔρρωσθε
1721 2803 1819 2873 μὲν

246 2910 338 2961 τὸν
384 2906 532 2968 νοῦν,
559 2905 901 2975 ἁμαρτάνετε
945 2901 1001 2953 δὲ
1030 2900 1151 2953 καθ’
1191 2899 1376 2968 ἕτερον
1427 2897 1585 2964 λόγον
1610 2913 1624 2927 ·
1672 2895 1820 2964 πρῶ-

246 3020 337 3055 τον
365 3000 480 3071 (92)
518 2999 617 3067 μὲν
647 2998 745 3068 τὴν
779 2996 883 3048 ὑπὸ
930 2995 1037 3046 τῶν
1061 2992 1201 3045 ἑπτὰ
1236 2991 1468 3044 συνόδων
1508 2988 1821 3058 βεϐαιωθεῖ-

250 3113 349 3148 σαν
371 3092 589 3146 ἔκθεσιν
617 3090 713 3159 τῆς
746 3089 981 3149 πίστεως
1012 3088 1078 3155 τῇ
1115 3084 1399 3154 προσθήκῃ
1438 3082 1610 3152 ταύτῃ
1642 3097 1818 3149 παρα-

248 3187 536 3247 ποιοῦντες
588 3185 682 3236 καὶ¹
735 3182 857 3233 τότε
888 3180 1038 3249 μόνοι
1065 3178 1173 3230 τῶν
1223 3178 1476 3230 ἁπάντων
1496 3192 1508 3203 ·
1529 3175 1720 3227 ἔπειτα
1755 3175 1816 3227 τὸ
1842 3201 1886 3261 c

249 3280 347 3333 καὶ
375 3272 838 3348 προσκείμενον,ὀ
861 3271 1155 3339 σύνδεσμον
1178 3269 1363 3321 καλεῖν
1386 3266 1675 3336 εἰώθαμεν,
1697 3266 1819 3337 ῐσην

248 3374 343 3445 τὴν
370 3372 699 3441 ὲκπόρευσιν
724 3370 906 3421 δίδωσι
930 3368 1072 3418 νοεῖν
1104 3364 1168 3417 ἐκ
1188 3380 1248 3416 τε
1272 3361 1365 3415 τοῦ
1394 3361 1605 3430 Πατρὸς
1635 3361 1729 3414 καὶ
1756 3363 1821 3413 ὲκ

248 3464 338 3519 τοῦ
371 3463 526 3528 Υἰοῦ,
564 3462 665 3514 κᾶν
717 3460 873 3529 ὑμεῖς
922 3457 1123 3527 ἑτέρως
1157 3458 1315 3524 νοῆτι
1350 3455 1463 3524 (95)
1487 3452 1587 3524 τὴν
1630 3454 1695 3506 ὲκ
1723 3452 1817 3505 τοῦ

250 3554 401 3617 Υἱοῦ,
430 3553 575 3607 καθὰ
604 3551 1043 3620 προειρήκαμεν
1070 3546 1177 3617 χρὴ
1201 3546 1258 3599 δὲ
1284 3544 1359 3615 μὴ
1402 3544 1562 3615 μόνον
1602 3546 1819 3613 φρονεῖν

248 3649 439 3717 ὀρθῶς,
483 3646 618 3699 ἀλλὰ
671 3643 804 3713 μηδὲ
854 3638 1231 3702 σκανδαλίζειν
1287 3638 1514 3701 ἄλλους’
1565 3638 1614 3690 εί
1653 3638 1760 3709 γὰρ
1793 3640 1821 3690 6

252 3735 621 3798 σκανδαλίζων
672 3734 765 3784 ἕνα
820 3730 1051 3800 φρικτῆς
1080 3728 1226 3793 ἄξιος
1260 3727 1452 3798 ἐκρίθη
1511 3726 1664 3797 παρὰ
1708 3730 1819 3791 τοῖς

250 3824 598 3894 Εὑαγγελίοις
631 3822 739 3892 (94)
779 3820 1073 3883 κολάσεως,
1106 3820 1154 3871 οί
1186 3817 1286 3887 τὴν
1326 3816 1649 3886 οἰκουμένην
1694 3816 1821 3887 ὅλην

251 3914 435 3983 σχεδὸν
488 3909 928 3975 σκανδαλίζοντες
971 3907 1131 3960 ποίαν
1175 3904 1332 3971 ἀξίαν
1394 3904 1610 3975 εὕροιεν
1663 3905 1821 3958 κόλα-

250 4019 331 4054 σιν
353 4019 369 4067 ;

1917 618 1981 671 lis
2011 627 2094 671 est
2131 628 2186 671 et
2224 617 2382 671 modo
2423 618 2602 671 locum
2634 617 2821 683 habet,
2860 618 3022 673 modo
3071 633 3181 673 non
3224 618 3476 687 amplius.

1917 721 2104 759 verum
2154 706 2564 760 substantialem
2585 716 2642 760 et
2674 708 2976 761 naturalem
3009 722 3237 777 quaeque
3262 716 3345 761 est
3385 708 3479 760 de.-

1914 796 2168 850 clarativa
2192 796 2322 851 certi
2348 796 2675 850 exsistentize
2704 796 2849 850 modi
2870 804 2925 849 et
2951 796 3319 851 subsistentia:
3350 811 3478 851 san-

1914 888 1985 943 cti
2036 887 2270 958 Spiritus
2316 887 2641 951 indicativa,
2690 889 2833 957 quod
2889 904 3000 943 non
3044 904 3143 959 per
3173 892 3481 960 generatio-

1915 996 2039 1034 nem
2088 987 2171 1033 est
2208 988 2267 1032 ut
2294 979 2483 1041 Filius,
2542 979 2637 1033 sed
2689 994 2785 1048 per
2826 981 3230 1050 processionem
3272 997 3481 1052 suoque

1916 1070 2135 1139 proprio
2168 1071 2347 1125 modo.
2392 1070 2509 1124 Filii
2555 1070 2700 1125 enim
2734 1072 3033 1140 pr0prietas
3084 1084 3169 1127 est
3205 1087 3271 1126 ex
3322 1071 3481 1128 Patre.

1916 1162 2160 1232 generari
2198 1163 2537 1227 naturaliter,
2588 1164 2762 1217 sancti
2806 1179 2934 1217 vero
2968 1163 3204 1233 Spiritus
3238 1166 3480 1233 proprie-

1917 1265 1998 1309 tas
2042 1256 2357 1309 naturaliter
2397 1271 2462 1308 ex
2500 1254 2659 1308 Patre
2713 1256 3034 1324 procedere;
3088 1266 3145 1310 et
3182 1256 3479 1310 secundum

1917 1348 2021 1402 hoc
2052 1348 2391 1400 solummodo
2443 1347 2509 1400 ab
2559 1346 2789 1401 invicem
2820 1346 3103 1412 dilIerunt,
3137 1347 3251 1401 sive
3279 1363 3477 1401 secun-

1917 1439 2044 1493 dum
2078 1438 2441 1492 subsistentia:
2498 1439 2918 1506 proprietatem,
2980 1454 3103 1492 cum
3152 1439 3479 1507 caeteroquin

1917 1546 2083 1584 unum
2120 1530 2229 1583 sint
2253 1529 2430 1598 quoad
2460 1530 2821 1583 substantiam
2849 1540 2902 1585 et
2938 1541 3209 1596 naturam,
3250 1530 3480 1600 dignita-

1917 1630 2025 1675 tem
2057 1630 2111 1674 et
2142 1623 2418 1683 virtutem,
2442 1633 2624 1689 atque,
2660 1632 2842 1675 utuno
2874 1624 3039 1675 verbo
3069 1622 3270 1685 dicam,
3303 1636 3478 1691 quoait

1917 1713 2018 1767 alia
2056 1713 2235 1767 omnia
2264 1724 2373 1765 tum
2411 1728 2532 1766 cum
2570 1712 2725 1766 Patre
2760 1721 2872 1766 tum
2902 1728 3025 1767 cum
3058 1730 3115 1766 sc
3145 1713 3295 1783 ipsis.
3325 1711 3479 1778 Quo-

1917 1820 2041 1858 nam
2074 1805 2233 1874 igitur
2263 1812 2420 1872 pacto
2446 1804 2647 1868 dicitis,
2697 1813 2944 1857 sanctum
2993 1804 3251 1873 Spiritum
3294 1819 3478 1873 procc-

1848 1870 1888 1924 Β
1917 1896 2046 1948 dere
2066 1897 2228 1949 etiam
2255 1881 2525 1948 ex'Filio?
2564 1894 2620 1947 Si
2660 1893 2803 1947 enim
2838 1896 2988 1947 velut
3031 1908 3097 1947 ex
3144 1910 3328 1956 causa,
3355 1909 3484 1949 ecce

1918 1987 2038 2040 dua:
2067 2000 2244 2039 causa:
2288 1994 2341 2039 ct
2382 1985 2489 2039 duo
2523 1983 2809 2054 principia,
2866 1982 3027 2036 Pater
3088 1992 3143 2037 et
3192 1983 3382 2046 Filius,
3428 1994 3484 2039 et

1921 2089 2047 2133 tunc
2080 2079 2130 2132 id
2178 2079 2321 2146 quod
2361 2092 2686 2132 veneramur
2738 2090 2802 2129 ac
2846 2075 3075 2129 colimus
3126 2074 3483 2145 supplicando

1917 2166 2169 2235 dyarchia
2218 2166 2468 2235 (duorum
2512 2164 2876 2233 principatus)
2919 2164 3096 2232 potius
3157 2164 3262 2218 erit
3320 2179 3479 2232 quam

1918 2256 2229 2310 monarchia
2259 2255 2441 2326 (unius
2475 2255 2807 2324 principatus
2837 2268 2931 2307 seu
2960 2252 3213 2322 principii
3251 2253 3477 2321 unitas).

1916 2348 2107 2418 Neque
2137 2357 2381 2403 nostrum
2414 2358 2497 2402 est
2525 2347 2759 2412 edicere,
2804 2352 3005 2415 quanta
3052 2344 3179 2398 inde
3225 2353 3479 2398 secutura

1918 2442 2025 2495 sint
2062 2441 2315 2495 absurda.
2371 2438 2425 2494 Si
2456 2454 2584 2494 vero
2625 2438 2731 2492 alio
2778 2436 2961 2501 modo,
3017 2436 3163 2490 velut
3191 2452 3257 2490 ex
3296 2446 3482 2491 mutua

1918 2532 2257 2587 connexione
2286 2541 2505 2601 propter
2537 2546 2725 2585 eorum
2771 2529 3277 2583 circumsessionem
3307 2538 3381 2593 et,
3422 2539 3482 2582 ut

1920 2623 2240 2693 simpliciter
2283 2622 2482 2686 dicam,
2518 2630 2575 2675 ut
2622 2622 2691 2675 ab
2741 2634 2807 2675 eo
2853 2621 3052 2674 missus
3102 2621 3291 2689 (mittit
3315 2622 3483 2687 enini,

1917 2715 2375 2786 quemadmodum
2409 2713 2567 2768 Pater
2591 2714 2815 2777 Filium,
2841 2714 2913 2767 ita
2936 2724 2989 2768 et
3004 2714 3171 2769 Filius
3198 2713 3484 2783 Spiritum,

1918 2808 2162 2873 Quando,
2194 2807 2390 2876 inquit,
2416 2808 2610 2860 venerit
2645 2804 2970 2869 Paraclitus,
2995 2824 3147 2877 quem
3164 2826 3257 2878 ego
3280 2810 3485 2862 mittam

1918 2902 2058 2955 vobis
2081 2918 2113 2953 a
2144 2900 2328 2962 Patre,
2361 2898 2617 2967 Spiritum
2642 2900 2897 2964 veritatis,
2929 2901 3017 2968 qui
3044 2917 3077 2951 a
3108 2899 3268 2954 Patre
3300 2917 3485 2969 procc-

1918 2994 2015 3057 dit,
2044 2991 2133 3045 ille
2168 2992 2517 3044 testimonium
2540 2990 2823 3056 perhibebit
2855 2994 2916 3043 de
2947 3007 3027 3043 me
3055 2992 3123 3060 ’⁸)
3152 3008 3166 3056 ;
3211 2992 3257 3046 si
3288 3008 3480 3046 secnnv

1919 3085 2046 3139 dum
2074 3086 2238 3146 hunc,
2277 3083 2518 3151 inquam,
2568 3095 2787 3135 sensum
2820 3082 3113 3151 procedere
3160 3092 3216 3137 et
3246 3098 3311 3137 ex
3350 3083 3487 3137 Filio

1920 3176 2138 3238 dicitur,
2166 3185 2294 3229 tunc
2310 3174 2546 3242 quidem,
2574 3174 2719 3243 quod
2736 3174 2803 3227 ad
2831 3183 3068 3229 tuentem
3100 3184 3331 3245 spectat,
3359 3192 3473 3230 sani

1916 3267 2069 3330 estis,
2104 3265 2340 3334 peccatis
2394 3273 2574 3317 tamen
2631 3264 2930 3319 secundum
2979 3265 3137 3319 aliam
3179 3266 3483 3330 rationem;

1915 3358 2091 3428 primo
2118 3358 2335 3427 quidem
2378 3355 2499 3410 ﬁdei
2531 3356 2931 3425 expositionem
2960 3372 2991 3410 a
3018 3366 3229 3426 septem
3269 3361 3486 3429 synodis

1914 3449 2286 3503 continuatam
2335 3448 2440 3502 hoc
2490 3447 2856 3501 additamenta
2893 3447 3241 3504 immutantes
3276 3459 3330 3504 et
3382 3451 3485 3505 fal-

1917 3550 2119 3601 santes,
2145 3546 2199 3591 et
2218 3537 2434 3605 quidem
2463 3535 2607 3589 inter
2645 3549 2837 3589 omnes
2862 3535 2994 3599 soli;
3026 3534 3221 3590 deinde
3252 3536 3384 3590 illud
3412 3547 3482 3597 et,

1914 3628 2057 3696 quod
2119 3625 2557 3695 conjunctionem
2616 3639 2808 3678 vocare
2863 3625 3101 3678 solemus
3136 3664 3151 3687 ,
3220 3626 3480 3695 aequalem

1916 3714 2320 3786 processionem
2360 3714 2454 3769 dat
2505 3714 2806 3781 intelligere
2839 3723 2950 3767 tum
2990 3731 3056 3768 cx
3090 3715 3247 3769 Patre
3275 3726 3387 3769 tum
3417 3732 3483 3770 ex

1918 3808 2074 3870 Filio,
2112 3806 2243 3861 licet
2274 3822 2367 3860 vos
2417 3806 2573 3859 aliter
2624 3806 2930 3875 intelligatis
2960 3822 3077 3860 eam
3099 3822 3221 3875 quae
3248 3822 3313 3861 ex
3345 3806 3482 3862 Filio

1917 3900 2212 3956 secundum
2246 3913 2309 3952 ea
2334 3912 2453 3967 qua:
2486 3897 2859 3966 praediximus.
2898 3896 3125 3967 Oportet
3153 3908 3334 3953 autem
3372 3914 3481 3953 non

1918 3994 2092 4047 solum
2120 3998 2265 4043 recte
2295 3988 2521 4051 sentire,
2549 3987 2643 4043 sed
2679 4002 2855 4056 neque
2904 3988 3041 4042 alios
3091 3990 3481 4045 scandalizare.

253 4094 305 4147 Si
352 4092 499 4146 enim
572 4088 662 4157 qui
710 4102 874 4139 unum
944 4084 1276 4138 scandalizat
1333 4084 1612 4137 tremenda
1677 4101 1845 4154 penes
1882 4080 2471 4152 Evangeliajudicatus
2491 4089 2573 4133 est
2603 4079 2883 4149 punitione
2907 4079 3123 4149 dignus,
3192 4096 3481 4149 quamnatn

252 4185 377 4258 ipsis
415 4178 828 4238 convenientem
854 4190 1068 4245 pinnam
1103 4175 1411 4229 invenerint
1450 4175 1538 4245 qui
1584 4176 1899 4231 universum
1930 4172 2317 4246 propemodum
2366 4170 2735 4225 scandalizant
2765 4180 3031 4224 terrarum
3054 4171 3280 4225 orbem!

322 4280 409 4336 ια’.
444 4280 631 4334 Εἰπὼν
655 4283 682 4334 6
706 4281 831 4343 Υἱὸς
855 4279 949 4332 καὶ
973 4278 1104 4341 Θεὸς
1152 4276 1282 4348 περὶ
1313 4276 1407 4329 τοῦ
1443 4274 1597 4343 ἁγίου
1644 4275 1814 4328 Πνεύ-
1848 4289 1886 4345 υ

1870 4291 1893 4344 )
1992 4274 2110 4327 lla.
2142 4271 2277 4323 Cum
2338 4267 2508 4322 Filius
2560 4266 2651 4319 Dei
2685 4254 2753 4318 et'
2787 4264 2929 4318 Deus
2962 4264 3029 4318 de
3056 4274 3246 4318 sancto
3281 4263 3480 4333 Spiriti

255 4397 439 4449 ματος,
462 4381 545 4432 ὅτι
577 4380 735 4446 παρὰ
769 4376 876 4429 τοῦ
919 4374 1150 4441 Πατρός
1182 4371 1570 4441 ἐκπορεύεται,
1596 4372 1689 4423 καὶ
1719 4372 1818 4439 οὐχ

252 4471 412 4537 hirae,
445 4470 583 4524 ἀλλὰ
638 4471 731 4523 καὶ⁵
769 4468 850 4530 δἰς
880 4467 1020 4520 κατὰ
1047 4467 1145 4535 τὴν
1166 4465 1335 4534 αὐτὴν
1373 4462 1694 4517 ἀκολουθίαν
1721 4461 1816 4514 τοῦ

250 4564 429 4632 λόγου,
460 4564 579 4626 πῶς
594 4564 693 4615 οὐκ
722 4559 893 4625 εἶπεν,
925 4560 1008 4613 ὅτι
1039 4558 1147 4613 Καὶ
1168 4557 1302 4625 παρ’
1322 4556 1506 4625 ἐμοῦ;
1536 4557 1645 4609 Καὶ
1663 4548 1815 4608 οὗτοι

254 4656 348 4725 μὲν
378 4653 787 4723 ἀποκρίνονται,
815 4653 895 4704 ὅτι
916 4651 988 4711 ὡς
1021 4648 1170 4721 [120]
1183 4649 1464 4719 ἄνθρωπος
1482 4646 1819 4700 ἑταπεινολό-

253 4762 413 4814 γησεν
438 4745 553 4814 (95)
575 4758 588 4772 ⁸
620 4745 783 4813 ἡμεῖς
811 4742 867 4794 δὲ
895 4743 1110 4810 ταχέως
1141 4737 1490 4800 ἁπαντῶντες
1521 4735 1817 4805 ἐλέγχομεν

252 4840 441 4900 αὐτοὺς
472 4833 956 4904 ψευδολογοῦντας·
982 4832 1044 4884 τὸ
1071 4831 1182 4901 (96)
1216 4832 1325 4901 γὰρ
1356 4831 1549 4893 εἰπεῖν,
1576 4830 1685 4881 Ὃν
1705 4825 1819 4895 ἐγὼ

253 4929 459 4999 πέμψω
488 4925 651 4995 ὑμῖν,
681 4926 781 4995 οὐχ
812 4924 887 4986 ὠς
926 4922 1209 4993 ἄνθρωπος
1244 4924 1487 4993 εἴρηκεν,
1516 4919 1653 4973 ἀλλὰ
1688 4918 1819 4988 p.51-

318 5089 362 5119 “
382 5086 542 5141 Joan.
581 5102 671 5152 xv,
703 5083 792 5139 26.

1914 4362 2109 4419 dixerit
2162 4360 2308 4432 quod
2347 4377 2379 4413 a
2426 4360 2591 4412 Patre
2636 4357 2902 4427 procedit,
2940 4372 3117 4426 neque
3153 4358 3322 4411 semel
3361 4367 3480 4410 tan-

1916 4465 2050 4519 tum,
2083 4454 2175 4508 sed
2196 4461 2252 4507 et
2276 4451 2358 4505 bis
2378 4449 2678 4505 secundum
2700 4447 2950 4502 eamdem
2976 4446 3243 4501 sermonis
3266 4447 3479 4508 seriem,

1914 4546 2187 4619 quomodo
2224 4560 2334 4599 non
2388 4543 2527 4597 dixit
2560 4561 2570 4592 :
2618 4541 2860 4596 Procedit
2908 4540 3071 4594 etiam
3100 4556 3133 4592 a
3180 4540 3300 4593 me?
3335 4537 3399 4594 Et
3427 4540 3481 4593 hi

1914 4641 2133 4711 quidem
2164 4635 2491 4706 respondent
2541 4634 2715 4704 ipsum
2752 4647 2851 4703 pro
2873 4632 3212 4687 humanitate
3246 4645 3345 4684 sua
3384 4632 3485 4685 hu-

1916 4732 2118 4788 militer
2143 4744 2263 4784 esse
2290 4729 2571 4791 locutum;
2616 4740 2715 4779 nos
2753 4738 2882 4778 vero
2916 4723 3097 4777 statim
3132 4731 3484 4776 occurrentes

1916 4822 2181 4879 mendacii
2204 4835 2298 4875 eos
2315 4817 2706 4874 convincimus.
2736 4813 2909 4869 Verba
2938 4813 3083 4868 enim
3105 4813 3196 4867 illa
3221 4830 3372 4883 quem
3393 4830 3485 4883 ego

1918 4918 2123 4969 mittam
2150 4913 2290 4968 vobis
2315 4926 2423 4965 non
2456 4918 2515 4964 ut
2546 4910 2708 4963 homo
2734 4907 2891 4974 dixit,
2909 4907 3003 4962 sed
3028 4905 3208 4977 potius
3240 4915 3298 4960 ut
3320 4905 3479 4960 Deus.

1340 5217 1573 5273 VARUE
1607 5210 1986 5270 LECTIONES
2023 5208 2111 5263 ΕΤ
2152 5203 2377 5261 NOTAE.

324 5368 435 5443 (88)
470 5362 638 5443 Yind.
670 5360 806 5443 phil.
979 5357 1148 5443 :‘1ﬁg,
1187 5354 1313 5409 fort.
1352 5353 1449 5423 τὴν
1474 5353 1571 5422 τῆς
1600 5352 1693 5405 ὑπ.

322 5425 431 5505 (89)
471 5434 605 5490 Cod.
637 5425 728 5505 cit.
759 5432 819 5505 τὸ
852 5431 948 5505 ιιν.
982 5428 1041 5479 τὸ
1072 5425 1247 5505 ἆγιον.

474 5489 564 5560 Sic
585 5502 729 5573 apud
758 5501 1013 5572 Eutltym.
1039 5505 1094 5552 et
1122 5489 1182 5551 in
1214 5494 1465 5559 cod.cit.;
1491 5492 1614 5548 cod.
1648 5489 1813 5545 tlteol.

260 5578 323 5633 60
352 5595 365 5629 :
394 5580 550 5646 ἡμῖν.
1026 5640 1035 5650 1

324 5647 431 5714 (9t)
466 5648 531 5698 ὲκ
566 5645 719 5714 deest
742 5641 943 5714 inco_d.
975 5640 1146 5714 V_ind._
1171 5639 1263 5714 ρι’.
1299 5638 1377 5691 ιιι.
1404 5636 1503 5714 ρο.

330 5702 439 5797 ipsi
478 5715 615 5771 Cod.
670 5711 829 5767 Vind.
861 5712 951 5766 Gr.
977 5712 1071 5780 plt.
1120 5712 1264 5764 9.48:
1318 5707 1529 5779 πρῶτα,
1561 5702 1817 5772 Eutltym.

267 5804 483 5857 πρωτοι.

330 5860 438 5929 (93)
476 5857 611 5915 Cod.
636 5855 730 5913 Gr.
774 5853 907 5925 phil.
935 5852 1026 5906 cit.
1068 5852 1256 5905 νοεῖτε.

1984 5340 2284 5427 ,παρὰ
2309 5356 2361 5391 τ.
2408 5332 2701 5402 Εεὺαγγελ.
2760 5331 2914 5386 deest
2946 5330 3002 5384 in
3030 5331 3151 5383 cod.
3186 5325 3341 5382 Vind.
3381 5329 3475 5384 Gr.

1951 5412 2049 5469 hil.
2072 5412 2197 5467 268.

1912 5433 2234 5553 Ρῃὶίδὲῗξέά
2273 5477 2496 5553 minime
2525 5473 2719 5553 dic-unt
2754 5470 2929 5553 ιταιίῃί
2984 5468 3263 5553 Christum
3300 5468 3479 5522 humi-

1916 5542 2041 5609 liter
2066 5542 2121 5607 et
2148 5566 2245 5621 pro
2273 5564 2370 5602 sua
2402 5545 2737 5621 humanitate
2779 5542 2864 5621 hic
2886 5542 3147 5621 locutum,
3172 5554 3357 5619 verum
3385 5554 3482 5608 pro

1918 5609 2309 5681 consuetudine
2352 5618 2430 5671 uti
2477 5622 2671 5669 caetera
2720 5614 2789 5665 ita
2822 5611 3057 5679 Spiritus
3077 5609 3479 5681 processionem

1919 5679 1985 5750 ad
2018 5696 2231 5747 Patrem
2263 5705 2362 5744 ceu
2397 5686 2463 5740 ad
2485 5687 2715 5753 primam
2752 5697 2971 5737 causam
2996 5680 3266 5734 retulisse.
3300 5679 3480 5732 Inanis

1920 5754 2748 5833 ρταοεείιιιεπξβπνευιηεηὲεδιίρε
2816 5823 2881 5833 ..
3056 5820 3069 5833 .
3126 5819 3159 5833 _.
3253 5819 3264 5833 .
3355 5817 3379 5829 -

1987 5819 2095 5907 (οδ)
2135 5819 2224 5887 Sic
2251 5819 2501 5900 Euthym.
2532 5826 2662 5891 edit.
2688 5823 2923 5879 Vindob.
2972 5820 3095 5876 cod.
3124 5819 3412 5893 theol.1qi.
