4234 6432
745 413 850 473 399

1859 408 2114 467 ΡΙΙΟΤΙΙ
2147 403 2643 466 ΡΑΤΒῘΑΠΟΗᾸΞ
2685 405 2792 464 Cl’.

3857 399 3960 459 400

740 520 914 573 llomo
944 517 1088 571 enim
1135 531 1243 570 non
1299 515 1464 568 mittit
1493 515 1694 579 Deum,
1732 513 1999 582 siquidem
2033 514 2172 565 Deus
2214 521 2297 564 est
2322 511 2412 571 Α)

2287 513 2372 571 LA
2396 511 2484 561 λον
2508 510 2581 571 ὡς
2614 509 2744 570 Θιός
2765 527 2777 539 ·
2813 507 3098 576 ἄνθρωπος
3127 508 3236 576 γὰρ
3275 508 3336 559 οὐ
3388 507 3596 576 πέμπει
3638 507 3789 572 Θεὸν,
3851 512 3959 575 cfp:

741 608 975 678 Spiritus
1028 615 1261 661 sanctus.
1294 603 1380 657 Bis
1411 603 1571 671 igitur
1600 603 1735 656 dixit
1783 620 1814 654 a
1849 601 2007 654 Patre
2044 601 2096 653 in
2133 601 2296 668 hujus
2390 601 2413 651 ε

2292 633 2296 649 .
2390 600 2519 662 Θεὸς
2547 600 2608 650 τὸ
2644 597 2866 667 Πνεῦμα
2900 599 2960 650 τὸ
2988 597 3164 665 ἅγιον.
3191 599 3284 661 Δὶς
3306 597 3399 651 οὖν
3423 599 3485 650 τὸ
3513 600 3672 666 παρὰ
3701 599 3806 653 τοῦ
3847 604 3964 652 lI-r-

739 700 1004 753 sermonis
1041 697 1504 751 confirmationem
1535 705 1589 748 et
1627 703 1686 746 ut
1729 695 1794 746 ad
1836 693 2111 746 silentium
2155 692 2298 745 redi-

738 799 887 859 geret
925 805 1017 843 eos
1067 788 1156 858 qui
1186 788 1380 842 dicturi
1425 795 1599 848 erant,
1634 785 1806 854 ipsum
1836 801 1898 838 ex
1927 783 2063 838 Filio
2084 799 2298 852 quoque

740 882 1050 950 procedere.
1088 882 1252 948 quue
1283 895 1346 934 ex
1382 879 1631 932 acumine
1650 876 2035 946 sapientissimi
2068 877 2300 945 impera-

743 971 873 1024 toris
906 972 1102 1043 [ΔιειῙί
1144 967 1430 1038 Comneni]
1464 969 1695 1037 prodiit;
1756 968 1855 1019 hac
1879 967 2024 1019 enim
2057 964 2301 1034 proposi-

744 1060 886 1114 tione
906 1077 1034 1115 usus
1049 1072 1130 1115 est
1158 1077 1280 1115 cum
1298 1069 1484 1114 contra
1511 1057 1962 1112 Mediolanensem
1984 1058 2298 1128 episcopum

741 1150 1057 1220 disputaret.

2393 692 2527 756 τρὸς
2556 689 2776 759 εἴρηκεν
2811 690 2890 750 εἰς
2943 688 3234 758 βεὸαίωσιν
3262 689 3356 741 τοῦ
3383 689 3626 742 τοιούτου
3681 691 3840 757 λόγου
3871 693 3965 742 καὶ

2395 783 2529 849 πρὸς
2564 779 2924 848 ἐπιστόμησιν
2951 778 3060 832 τῶν
3088 779 3388 848 μελλόντων
3407 778 3586 846 λέγειν
3617 779 3701 832 ὅτι
3734 781 3827 838 καὶ
3851 781 3964 848 (0'2)

2395 875 2458 925 ἐκ
2495 871 2590 925 τοῦ
2619 871 2746 923 Υιοῦ
2783 869 3176 941 ἐκπορεύεται·
3203 871 3363 924 τοῦτο
3395 869 3456 923 τὸ
3481 871 3673 941 λῆμμα
3724 872 3820 940 τῆς
3864 875 3966 940 ἁγ-

2397 965 2600 1034 χινοξας
2628 964 2742 1015 ἐστὶ
2800 963 2894 1016 τοῦ
2944 964 3314 1016 συνετωτάτου
3357 963 3617 1033 βασιλέως
3653 963 3785 1032 (98)·
3837 965 3961 1016 τού-

2395 1075 2472 1127 τῳ
2502 1056 2613 1125 (99)
2667 1055 2775 1124 γὰρ
2824 1056 3094 1125 ἐχρήσατό
3126 1072 3255 1108 ποτε
3287 1055 3428 1109 κατὰ
3474 1054 3569 1109 τοῦ
3617 1055 3962 1111 Μεδιολὰνων

2401 1145 2700 1198 ἐπισκόπου
2721 1144 2797 1212 (1)
2825 1143 3222 1214 διαλεγόμενος.

1820 1305 2054 1361 VARle
2093 1303 2485 1364 LECTIONES
2515 1303 2603 1359 ΕΤ
2646 1302 2877 1362 NOTAE.

813 1465 928 1532 (97)
971 1466 1062 1518 καί
1096 1467 1248 1520 deest
1271 1466 1411 1533 apud
1450 1465 1700 1531 Eutliym.

813 1531 920 1605 (98)
973 1537 1203 1599 Ἀλεξίου
1233 1531 1379 1588 addit
1409 1537 1527 1605 c_od.
1563 1534 1728 1588 tlicol.
1768 1531 1926 1586 Vind.
1961 1535 2045 1586 40.

810 1603 922 1675 (99)
959 1608 1208 1676 Eutltym.
1241 1606 1328 1659 ed.
1360 1603 1536 1657 τοῦτο.

2483 1462 2562 1531 (l)
2602 1461 2796 1517 Petrus
2843 1461 3253 1519 Mediolanensis
3314 1481 3433 1519 esse
3468 1463 3710 1526 videtur,
3759 1462 3828 1518 de
3859 1479 3966 1532 quo

2415 1531 2611 1585 Baron.
2648 1533 2715 1585 ad
2742 1548 2832 1584 an.
2867 1532 3020 1590 1116.
3050 1535 3210 1588 Allat.
3248 1533 3325 1587 De
3352 1551 3580 1588 comem.
3619 1534 3648 1585 Ι.
3684 1547 3740 1594 tt,
3771 1548 3820 1586 c.
3877 1531 3962 1598 10,

2413 1617 2468 1654 n.
2498 1601 2532 1653 2
2570 1612 2625 1655 et
2653 1602 2718 1655 (ἱ.
2751 1600 2815 1656 0.
2851 1600 2891 1655 Ι.
2927 1603 3029 1657 379
3056 1613 3110 1656 et
3147 1603 3200 1656 in
3239 1604 3487 1673 Append.
3519 1604 3587 1657 ad
3618 1605 3894 1657 lectorem.

1265 1964 1549 2039 121-123]
1595 1965 1672 2024 IN
1723 1963 2020 2023 LIBRUM
2065 1962 2169 2021 DE
2213 1961 2569 2022 SPIRITUS
2615 1959 2900 2023 SANCTI
2945 1962 3465 2023 MYSTAGOGIA

853 2159 1996 2256 ANIMADVERSIONES
2068 2158 2760 2250 HISTORlC/E
2839 2161 2986 2250 ET
3064 2162 3868 2257 THEOLOGICE

1329 2400 1408 2443 ΔΙ)
1438 2402 1656 2446 OPERIS
1689 2400 2235 2446 ILLUSTRATIONEM
2271 2397 2902 2452 REFUTATIONEMQ'JE
2933 2401 3388 2447 PBRTINBNTES.

746 2680 786 2734 l.
817 2711 885 2722 -
922 2676 1094 2731 Photii
1125 2676 1256 2729 liber
1301 2675 1580 2728 universim
1620 2676 1930 2744 expenditur
1965 2685 2014 2730 et
2061 2676 2300 2729 illustra-
2339 2686 2376 2739 Β
2409 2677 2621 2746 pondus
2654 2677 2842 2746 paucis
2877 2677 3170 2738 declarare,
3232 2675 3352 2746 ejus
3397 2688 3797 2748 argumentum,
3833 2681 3969 2735 scri-

1467 2756 1574 2798 tur.

815 2863 863 2913 l.
895 2861 1040 2915 Inter
1070 2858 1398 2928 dogmiticas
1428 2858 1846 2926 disceptationes
1879 2868 1990 2911 tum
2031 2865 2302 2911 vetustate

744 2968 804 3006 ac
858 2951 1228 3011 diuturnitate,
1267 2960 1378 3003 tum
1437 2952 1513 3002 rei
1563 2950 1824 3020 gravitate
1885 2965 1948 3003 ac
1985 2949 2304 3003 difficultate

744 3045 982 3097 omnium
1017 3052 1316 3112 temporum
1347 3042 1707 3094 nobilissimas
1737 3043 1823 3094 vix
1851 3043 1938 3094 ulli
1974 3041 2194 3095 inferior
2222 3050 2306 3094 est

744 3136 1112 3192 controversia
1139 3136 1202 3189 de
1233 3133 1456 3202 Spiritus
1481 3136 1649 3187 sancti
1679 3136 2020 3202 processionc,
2053 3149 2171 3200 qua
2197 3148 2304 3185 non

743 3231 884 3296 apud
911 3229 1190 3296 theologos
1219 3235 1427 3279 tantum
1452 3227 1668 3296 agitata,
1698 3241 1881 3279 verum
1913 3236 1967 3279 et
1989 3225 2305 3294 populorum

746 3319 1184 3372 contentionibus
1234 3318 1430 3369 mirum
1471 3318 1524 3369 in
1557 3317 1775 3369 modum
1818 3327 2030 3380 vexata,
2066 3315 2306 3384 profanis

746 3424 958 3477 quoque
983 3409 1120 3461 odiis
1160 3415 1212 3460 et
1245 3407 1475 3475 politicis
1510 3409 1702 3460 studiis
1747 3407 1974 3461 solerter
2027 3408 2153 3460 olim
2207 3421 2309 3459 nu-

749 3499 870 3550 trita
897 3512 958 3549 ac
980 3505 1266 3565 pr0pagata
1295 3496 1360 3548 ad
1388 3496 1706 3549 hodiernum
1731 3513 1901 3564 usque
1926 3496 2065 3549 diem
2091 3496 2306 3550 Gracos

747 3603 807 3640 ac
841 3587 1054 3640 Latinos
1084 3586 1290 3649 dividit,
1323 3586 1435 3639 sive
1480 3586 1659 3654 potius
1688 3587 1964 3639 orientalis
1997 3586 2250 3640 Ecclesia
2279 3601 2308 3639 a

747 3681 1005 3733 catholica
1049 3679 1254 3732 unitate
1308 3677 1662 3746 separationis
1698 3693 1806 3730 non
1857 3693 2022 3731 causa
2064 3677 2306 3746 quidem,

748 3789 876 3824 ansa
914 3782 1090 3824 tamen
1124 3771 1388 3838 przecipua
1428 3784 1491 3821 ac
1535 3778 1846 3837 pra-textus,
1897 3769 2006 3822 imo
2036 3784 2164 3821 vero
2201 3769 2308 3821 ful-

749 3876 898 3913 crum
927 3858 1315 3912 validissimum
1344 3857 1759 3928 prasidiumque
1773 3859 2011 3913 exsistit.
2048 3858 2305 3924 Quamvis

748 3960 928 4004 autem
952 3965 1034 4011 ea,
1068 3965 1187 4017 qua
1219 3950 1359 4002 circa
1409 3948 1641 4017 Spiritus
1690 3949 1861 4003 sancti
1910 3952 2308 4019 processionem

2411 2769 2611 2837 ptionis
2640 2768 2893 2831 indolem,
2941 2767 3199 2836 temporis
3226 2769 3481 2835 adjuncta
3524 2779 3827 2839 cateraque
3851 2787 3969 2839 qua

2412 2859 2515 2914 huc
2542 2869 2790 2928 spectant
2826 2859 3061 2912 breviter
3092 2858 3361 2926 prosequi,
3395 2857 3544 2926 plura
3599 2859 3778 2913 denuo
3813 2875 3971 2914 aecu-

2410 2949 2576 3003 ratius
2605 2949 2991 3018 perpendenda
3025 2948 3175 3001 alteri
3227 2948 3462 3001 uberiori
3498 2949 3565 3001 de
3595 2949 3787 3002 Photio
3815 2950 3968 3003 lucu-

2411 3041 2640 3096 brationi
2693 3050 3052 3095 reservantes.
3083 3037 3265 3106 Neque
3312 3054 3438 3092 vero
3479 3040 3636 3093 nobis
3674 3041 3968 3095 universim

2412 3132 2772 3186 celeberrima
2820 3131 2960 3184 illius
3012 3130 3392 3184 controversia
3448 3131 3730 3184 historiam
3781 3132 3962 3185 adum-

2413 3221 2589 3286 brare,
2618 3236 2793 3290 neque
2824 3221 2942 3290 ejus
2980 3220 3245 3290 dogmatis
3281 3220 3583 3273 uberiorem
3635 3221 3971 3290 explanatio-

2413 3329 2534 3366 nem
2565 3313 2771 3366 tradere
2802 3328 2957 3366 mens
2987 3321 3088 3374 est,
3115 3326 3302 3365 verum
3332 3327 3394 3365 ea
3424 3312 3686 3366 duntaxat
3731 3313 3969 3368 historia

2413 3421 2477 3459 ac
2507 3405 2786 3475 theologia
2812 3405 3052 3459 delibare
3072 3405 3419 3468 documenta,
3447 3420 3566 3473 qua
3606 3406 3807 3458 arctius
3847 3422 3969 3460 cum

2415 3495 2516 3547 hac
2563 3494 2737 3547 Photii
2778 3494 3041 3563 polemica
3076 3494 3455 3546 dissertatione
3509 3495 3787 3550 coharent
3823 3508 3879 3550 et
3907 3497 3972 3550 ad

2415 3584 2590 3652 aptius
2628 3583 2694 3637 de
2717 3584 2803 3636 illa
2831 3583 3183 3652 judicandum
3211 3581 3458 3636 conferre
3476 3583 3603 3651 quid
3626 3599 3688 3636 ac
3715 3583 3973 3652 prodesse

2415 3675 2808 3743 quodammodo
2860 3675 3206 3729 videbuntur.
3253 3673 3437 3743 Neque
3475 3675 3530 3728 in
3581 3675 3686 3737 his,
3719 3691 3840 3744 qua
3895 3676 3970 3729 liti

2414 3767 2591 3819 adhuc
2617 3774 2842 3835 possunt
2865 3780 2985 3819 esse
3013 3765 3262 3828 obnoxia,
3287 3766 3613 3818 sententiam
3646 3766 3811 3820 veluti
3840 3767 3972 3819 deli-

2415 3857 2636 3912 nitivam
2662 3857 3094 3927 pronuntiamus.
3114 3858 3206 3912 sed
3224 3859 3403 3926 potius
3424 3857 3666 3928 quadam
3687 3875 3974 3930 suggerere

2416 3952 2662 4003 volumus
2701 3957 2814 4002 tum
2849 3950 3099 4011 aliorum,
3123 3951 3320 4018 quibus
3344 3949 3609 4016 ejusmodi
3637 3951 3813 4004 studia
3846 3954 3975 4004 arri-

749 4041 978 4110 litesque
1006 4042 1071 4094 de
1093 4057 1154 4094 ea
1185 4042 1401 4094 obortas
1429 4043 1537 4110 jam
1569 4041 1784 4110 plurimi
1819 4043 2165 4112 disputarunt
2193 4059 2310 4096 eru-
2340 4035 2381 4091 C
2416 4040 2566 4099 dent.
2593 4048 2704 4091 tum
2735 4038 2966 4107 denique
2989 4040 3194 4108 exiguis
3222 4040 3422 4092 nostris
3451 4038 3595 4093 curis
3616 4048 3672 4093 et
3702 4039 3964 4110 indagini-

749 4132 844 4184 tliti
880 4131 1361 4197 (l‘),sullicienter
1419 4132 1639 4185 omnino
1689 4133 2003 4200 quastionis
2054 4134 2307 4195 indolem,

750 4223 1032 4291 originem,
1103 4237 1556 4290 progressumque
1611 4221 1939 4291 patefaciant
2015 4239 2309 4293 eorumque

752 4313 943 4366 studiis
975 4312 1250 4366 historicis
1272 4327 1334 4365 ac
1364 4313 1680 4381 degmaticis
1710 4328 1921 4368 summa
1954 4314 2069 4367 laus
2096 4315 2166 4367 sit
2205 4315 2302 4367 tri-

753 4403 962 4455 buenda
1021 4420 1033 4455 :
1086 4402 1172 4454 vix
1229 4403 1510 4472 quisquam
1558 4413 1737 4458 tamen
1797 4407 2092 4475 negaverit,
2141 4409 2306 4461 multa

752 4493 926 4545 adhuc
956 4492 1008 4543 in
1053 4493 1151 4544 hac
1181 4493 1400 4544 materia
1445 4491 1592 4563 [194]
1636 4494 2082 4564 ltistoriographis
2112 4511 2303 4564 super-

751 4599 868 4636 esse
909 4581 1243 4644 illustranda,
1283 4583 1538 4636 nonnulla
1567 4599 1778 4652 quoque
1807 4597 1943 4638 nova
1966 4585 2311 4653 inquisitione

753 4673 1012 4741 novisque
1068 4672 1261 4726 studiis
1320 4673 1579 4743 indigere,
1641 4676 1936 4742 prasertim
1983 4692 2106 4730 cum
2158 4678 2310 4745 plura

751 4763 948 4831 scripta
972 4762 1037 4815 ad
1057 4778 1174 4816 eam
1197 4763 1521 4829 pertinentia
1543 4766 1780 4818 nondum
1805 4766 2070 4834 publicam
2089 4783 2313 4836 aspexe-

754 4858 858 4909 rint
888 4857 1060 4908 lucem
1094 4867 1148 4908 et
1187 4856 1427 4922 quadam
1468 4856 1608 4910 illius
1655 4859 1888 4910 historia
1927 4868 2107 4925 partes
2137 4860 2312 4912 adhuc

753 4946 979 5014 caligine
1008 4956 1063 4997 et
1090 4944 1417 4997 obscuritate
1440 4945 1783 4998 detineantur
1818 4947 2102 5015 hiatusque
2129 4963 2192 5000 ac
2230 4949 2312 5000 la-

753 5051 920 5088 cunas
950 5037 1070 5102 plus
1123 5035 1287 5087 semel
1335 5035 1643 5089 ostendant.
1682 5037 1795 5101 Qua
1831 5038 1882 5089 in
1919 5053 1974 5092 re
2027 5037 2202 5091 Photii
2239 5039 2312 5092 De

752 5125 976 5194 Spiritus
1000 5126 1169 5177 sancti
1210 5127 1533 5194 mystagogia
1572 5127 1706 5178 liber
1751 5110 1958 5181 fructus
1986 5129 2140 5182 affert
2169 5129 2308 5182 haud

753 5217 1202 5280 contemnendos;
1235 5232 1456 5283 eosque,
1479 5220 1566 5284 qui
1589 5218 1731 5270 illius
1753 5218 2016 5285 dogmatis
2033 5219 2309 5272 historiam

753 5307 956 5362 iteratis
985 5308 1129 5360 curis
1158 5309 1432 5361 tractaturi
1459 5318 1638 5372 erunt,
1668 5310 1880 5379 egregie
1925 5325 2055 5363 sane
2081 5311 2307 5379 juvabit.

753 5400 961 5452 Interea
991 5413 1088 5450 nos
1114 5409 1355 5451 nostrum
1389 5415 1508 5453 CSSC
1539 5417 1845 5463 censemus,
1878 5411 2165 5467 antequam
2216 5419 2313 5472 per

761 5497 939 5559 partes
961 5489 1162 5541 editum
1195 5505 1340 5542 nunc
1375 5489 1549 5543 Photii
1594 5491 1788 5544 librum
1844 5491 2156 5562 theologica
2186 5494 2310 5546 crisi

755 5581 1116 5648 subjiciamus,
1149 5582 1388 5650 ejusdem
1433 5583 1486 5635 in
1523 5599 1578 5636 re
1609 5584 1906 5653 theologica
1963 5585 2195 5653 pretium
2237 5602 2300 5639 ac

829 5729 1069 5799 (1“)Pra
1099 5730 1309 5784 cateris
1329 5731 1637 5785 nominandi
1666 5731 1915 5784 suntLeo
1934 5730 2176 5791 Allatius,
2207 5729 2309 5784 Pe-

758 5803 950 5864 tavius,
1017 5799 1216 5856 Natalis
1247 5801 1571 5868 Alexander,
1620 5801 1972 5870 Maimbourg,
2006 5801 2079 5857 Le
2106 5801 2304 5866 Quien,

2410 4132 2512 4186 bus
2529 4132 2708 4185 denuo
2730 4132 2969 4186 rimanda
2993 4141 3047 4184 et
3085 4131 3494 4200 perscrutanda.

2480 4221 2533 4273 2.
2558 4220 2808 4274 Doctrina
2839 4222 2905 4274 de
2941 4221 3176 4289 Spiritus
3207 4220 3378 4273 sancti
3411 4237 3474 4273 ea:
3503 4221 3612 4274 solo
3641 4220 3800 4274 Patre
3843 4238 3970 4290 pro-

2414 4312 2679 4376 οιςςίοηε,
2706 4327 2826 4380 qua
2866 4312 3062 4365 saculo
3097 4311 3346 4365 Ecclesia
3384 4321 3600 4380 quarto,
3631 4328 3753 4366 cum
3791 4329 3970 4382 pugna

2415 4417 2537 4456 cum
2566 4402 2961 4456 Macedonianis
2989 4403 3242 4467 ferveret,
3263 4404 3505 4457 nondum
3545 4403 3720 4457 fuerat
3762 4405 3968 4466 audita,

2416 4494 2570 4562 cujus
2596 4494 2766 4563 prima
2795 4495 2959 4548 veluti
2994 4496 3198 4549 semina
3229 4511 3292 4550 ac
3312 4497 3533 4567 vestigia
3569 4497 3622 4549 in
3649 4495 3968 4550 Nestoriana

2419 4585 2653 4653 primum
2711 4587 3095 4649 controversia,
3137 4588 3332 4642 deinde
3372 4588 3424 4641 in
3477 4589 3973 4643 concertationibus

2412 4690 2535 4729 cum
2570 4675 2935 4730 Monothelitis
2955 4687 3009 4731 et
3059 4679 3430 4732 leonomacnis
3459 4679 3963 4747 deprehenduntur,

2413 4764 2661 4819 Photium
2694 4768 2911 4821 demum
2963 4770 3296 4837 pracipuum
3347 4779 3755 4838 propagatorem
3809 4781 3966 4824 nacta

2412 4869 2512 4922 est,
2556 4859 2710 4927 cujus
2745 4859 3008 4912 industria
3043 4875 3149 4912 non
3195 4861 3450 4915 suscitata
3497 4870 3734 4923 tantum,
3779 4877 3967 4914 verum

2413 4950 2573 5001 etiam
2619 4948 2975 5016 undequaque
3043 4950 3277 5018 expolita
3328 4965 3390 5003 ac
3432 4951 3596 5004 veluti
3642 4951 3695 5003 in
3737 4963 3968 5022 systetna

2413 5036 2558 5107 [l25]
2600 5041 2813 5091 redacta
2845 5038 2964 5091 fuit.
3000 5038 3095 5092 Hic
3124 5041 3266 5091 enim
3296 5049 3398 5102 est,
3429 5040 3504 5093 ait
3534 5040 3681 5110 Hugo
3710 5040 3969 5095 Etheria-

2412 5143 2516 5180 nus
2544 5128 2657 5196 (lib.
2679 5144 2715 5180 ιι
2751 5129 3130 5184 contraGrac.
3148 5129 3455 5183 c.16.Bibl.
3479 5131 3590 5184 PP.
3614 5132 3967 5200 Lugd.XXll,

2413 5233 2465 5286 p.
2493 5217 2648 5284 l250)
2676 5237 2694 5268 ι
2723 5219 2816 5286 qui
2841 5218 3362 5288 postTheodoritum
3390 5221 3442 5272 in
3469 5235 3717 5289 aquorea
3744 5231 3955 5290 puteun

2413 5307 2624 5361 fodiens
2652 5323 2836 5371 arena,
2863 5325 2970 5362 non
3001 5311 3226 5375 semina,
3259 5310 3354 5364 sed
3385 5310 3610 5364 Circena
3649 5326 3855 5364 venena
3884 5327 3970 5365 se-

2413 5399 2664 5468 peliendo
2707 5399 2808 5452 diri
2844 5399 2999 5453 valde
3055 5401 3325 5471 languoris
3371 5401 3495 5454 fidei
3547 5401 3967 5456 christianorum

2415 5506 2575 5544 causa
2611 5490 2783 5543 factus
2813 5500 2914 5544 est.
2949 5489 3197 5545 l’rofecto
3233 5493 3378 5545 hunc
3411 5507 3532 5545 cum
3585 5493 3698 5547 suis
3739 5495 3968 5562 compli-

2414 5581 2569 5634 cibus
2621 5581 2863 5648 deplorat
2903 5580 3066 5634 Isaias
3127 5581 3402 5635 dicendo:
3449 5582 3535 5637 Va:
3568 5584 3657 5653 qui
3709 5585 3966 5652 sapientes

2416 5728 2628 5802 walch,
2660 5727 2838 5802 Jager,
2886 5727 3084 5802 quibus
3133 5727 3440 5802 addendum
3497 5728 3745 5802 Pitzippit
3776 5744 3918 5801 opus

2417 5799 2650 5868 L‘bglise
2671 5798 2943 5862 orientale,
2967 5797 3134 5852 Rome
3166 5798 3324 5853 1855.
