4234 6432
230 423 323 489 401
913 418 1012 481 DE
1053 418 1112 479 S.
1154 417 1347 479 SPIR.
1390 409 1887 475 MYSTAGOGIA.
1917 434 1986 445 —
2014 402 2749 468 ANIMADVERSIONES.

3344 402 3450 465 402

231 547 348 591 sunt
384 535 525 604 apud
574 542 872 600 semetipsos
923 538 973 584 et
1033 531 1089 584 in
1132 528 1296 583 oculis
1351 526 1460 580 suis
1509 528 1788 592 prudentes
1818 528 1861 582 Α

1822 528 1861 582 Α
1892 541 2019 596 Post
2061 536 2236 592 Photii
2272 538 2501 607 primam
2546 534 2920 603 expulsionem
2964 532 3130 603 (anno
3167 533 3290 604 867)
3342 550 3449 589 non

230 628 362 691 (lsa.
392 644 445 690 v,
480 625 597 693 21).
627 624 722 678 llic
754 623 876 687 fuit,
915 632 973 676 ut
1004 621 1129 675 Joh.
1155 619 1344 673 Beccus
1370 620 1440 685 (s.
1472 614 1700 682 Veccus)
1738 614 1791 666 in

228 730 363 773 orat.
390 718 459 771 de
486 734 579 770 un.
613 715 758 769 Eccl.
795 718 865 784 (c.
898 714 986 777 35,
1016 713 1181 768 στανδ.
1220 712 1421 765 orthod.
1474 710 1635 762 Allat.
1665 716 1705 759 t.
1751 707 1790 769 Ι,

233 828 285 879 p.
343 810 467 878 154)
524 809 717 877 inquit,
759 809 815 860 Ὀ
854 806 1069 877 πρῶτος
1107 804 1333 874 εὑρετὴς
1373 801 1468 853 καὶ
1516 800 1792 869 γεννήτωρ

230 903 334 953 τῶν
358 902 495 954 κατὰ
515 901 611 969 τῆς
636 899 947 970 Ῥωμαῖκῆς
983 897 1303 965 Ἐκκλησίας
1322 894 1531 961 ψευδῶς
1561 895 1791 960 ἐφευρη-

233 996 408 1059 μένων
440 993 775 1063 προτάσεων.
812 991 1087 1057 Quantum
1116 988 1170 1042 in
1200 989 1301 1042 hac
1329 986 1571 1041 doctrina
1622 984 1791 1037 stabi-

230 1085 407 1138 lienda
432 1084 777 1149 laboraverit,
797 1092 993 1153 praeter
1016 1080 1498 1151 Amphilochianas
1530 1077 1791 1146 quasdam

232 1180 562 1245 quaestiones
601 1176 668 1230 ad
700 1176 840 1229 hanc
867 1190 979 1229 rem
1006 1174 1358 1243 pertinentes,
1412 1180 1608 1240 prater
1637 1184 1794 1238 argu-

234 1278 414 1321 menta
450 1269 502 1322 in
535 1268 762 1337 epistola
786 1266 1057 1336 encyclica
1100 1276 1378 1331 contenta,
1410 1272 1607 1334 praeter
1630 1262 1794 1316 breve

232 1360 555 1429 opusculum
608 1370 795 1413 contra
848 1358 1034 1412 Romae
1088 1358 1287 1412 veteris
1341 1355 1601 1419 asseclas,
1649 1351 1793 1422 quod

233 1449 419 1503 saltem
454 1449 631 1504 dubiis
654 1448 773 1517 ejus
804 1448 1202 1503 accensendum
1229 1457 1314 1501 est
1351 1445 1601 1513 operibus
1651 1442 1794 1510 (vide

235 1537 449 1594 Prazfat.
498 1541 786 1608 nostram),
818 1538 1122 1593 luculenter
1165 1537 1463 1591 ostendunt
1520 1544 1632 1588 tum
1665 1550 1794 1603 pro-

235 1630 353 1683 lixae
408 1627 603 1680 littera:
642 1626 709 1680 ad
764 1625 1167 1694 Aquileiensem
1218 1624 1678 1693 archiepiscopum
1717 1621 1792 1691 (Ξ)

235 1720 392 1782 datae,
424 1732 559 1786 quas
579 1716 773 1770 librum
799 1716 977 1783 potius
1002 1730 1124 1770 esse
1155 1714 1298 1769 haud
1344 1714 1616 1767 immerito
1647 1712 1797 1767 dixe-

234 1812 327 1874 ris,
363 1820 415 1864 et
448 1809 539 1879 qui
572 1808 780 1862 exteris
804 1806 1059 1862 omnibus
1082 1816 1320 1877 praestat,
1352 1806 1488 1859 liber
1539 1803 1613 1857 De
1633 1802 1796 1871 Spiri-

236 1913 316 1956 tus
345 1903 517 1956 sancti
550 1900 901 1969 mystagogia.

300 1994 353 2047 3.
397 1993 604 2045 Invicta
652 1990 858 2045 Nicolai
910 1988 929 2043 l
991 1987 1295 2044 constantia
1341 1986 1417 2055 (3)
1470 2000 1500 2039 a
1551 1984 1795 2040 Romana

234 2085 358 2139 sede
381 2085 629 2154 repulsus
672 2094 727 2138 et
765 2083 1109 2139 anathemate
1136 2079 1417 2151 perculsus
1450 2076 1534 2148 (C.
1567 2092 1618 2130 a.
1656 2076 1793 2146 866)

236 2176 381 2229 misit
411 2174 636 2228 Photius
668 2174 995 2244 encyclicam
1026 2188 1178 2226 suam
1209 2170 1450 2225 Orientis
1481 2167 1755 2240 episcopis
1779 2206 1795 2230 ,

234 2281 351 2333 qua:
378 2273 575 2335 praeter
609 2264 709 2317 alia
744 2264 970 2317 minoris
1010 2262 1267 2316 momenti
1302 2260 1509 2315 Latinis
1543 2258 1794 2331 gravissi-

236 2360 336 2415 mis
380 2360 559 2415 verbis
596 2360 762 2414 veluti
805 2358 1171 2427 turpissimam
1204 2355 1436 2411 haeresin
1487 2356 1791 2411 doctrinam

236 2452 375 2504 illam
410 2452 804 2520 exprobrabat,
832 2466 934 2519 qua
974 2450 1232 2518 Spiritum
1265 2457 1509 2502 sanctum
1541 2464 1606 2502 ex
1640 2448 1796 2501 Patre

236 2540 381 2614 [ηδ]
404 2544 641 2610 Filioque
665 2544 957 2613 procedere
986 2540 1393 2611 proﬁtebantur,
1411 2554 1637 2609 eamque
1662 2556 1796 2608 qua-

234 2634 531 2687 tuordecim
546 2634 761 2689 circiter
774 2632 1102 2702 argumentis
1119 2632 1315 2685 acriter
1332 2631 1795 2701 impugnavit.Sed

237 2726 347 2779 haac
374 2724 551 2778 Pbotii
585 2734 900 2795 argumenta
932 2734 1047 2779 tum
1089 2721 1525 2777 Occidentalibus
1573 2722 1795 2778 minime

235 2815 536 2870 innotuisse
570 2817 821 2870 videntur
862 2817 971 2887 (4);
1008 2814 1225 2869 nonnisi
1264 2816 1319 2866 in
1352 2830 1534 2884 genere
1571 2829 1795 2868 accusa-

236 2907 442 2961 tionum
471 2908 647 2977 capita
676 2908 944 2962 habebant
969 2918 1250 2977 perspecta
1269 2950 1283 2972 ,
1329 2906 1506 2976 qualia
1537 2922 1567 2959 a
1598 2906 1795 2976 Bulga-

237 3014 415 3053 rorum
446 2999 692 3070 principe
727 2999 976 3054 Nicolans
1006 2999 1246 3067 pontifex
1274 2998 1450 3053 fuerat
1488 3014 1550 3053 ea
1582 2999 1792 3053 doctus.

236 3088 372 3142 Sane
414 3090 738 3143 liatramnus
780 3088 1121 3143 Corbeiensis
1172 3090 1469 3142 monachus
1502 3098 1556 3141 et
1592 3088 1795 3143 A‘lneas

236 3180 459 3235 antistes
486 3179 803 3235 Parisiensis
830 3222 843 3244 ,
886 3181 978 3249 qui
1016 3190 1143 3235 tunc
1184 3190 1371 3236 contra
1405 3180 1620 3235 Graecos
1658 3182 1794 3236 scri-

240 3286 412 3339 psere,
440 3271 572 3326 illud
597 3287 763 3325 unum
794 3281 1078 3335 noverant,
1107 3288 1228 3341 qua:
1254 3272 1309 3324 in
1332 3270 1553 3326 Latinos
1571 3272 1797 3326 erimina

238 3362 403 3415 Graeci
430 3362 847 3431 congessissent,
876 3363 1223 3431 probationes
1248 3364 1799 3432 ratiocinationesque

241 3450 412 3505 Photii
446 3451 667 3520 penitus
698 3450 1053 3517 ignorabant,
1103 3467 1238 3521 quas
1265 3466 1443 3520 neque
1475 3452 1612 3505 alius
1653 3452 1799 3520 quis-

240 3558 396 3611 quam
431 3540 781 3605 Latinorum,
831 3557 1006 3611 neque.
1040 3542 1153 3611 ipse
1182 3541 1429 3595 Nicolaus
1458 3541 1671 3596 videtur
1702 3557 1798 3595 no-

242 3636 380 3689 visse
412 3636 516 3705 (5).
544 3649 610 3688 ex
632 3634 786 3702 cujus
811 3634 1054 3702 epistolis
1084 3633 1157 3688 illi
1189 3649 1316 3687 suas
1351 3634 1569 3687 notitias
1601 3634 1798 3687 hause-

243 3737 377 3781 rant.
430 3726 760 3779 Ratrauinus
793 3726 933 3779 inter
970 3725 1071 3778 alia
1118 3725 1307 3779 scribit
1350 3724 1465 3789 (lib.
1513 3740 1570 3777 ιιι
1605 3723 1800 3778 Contra

242 3818 551 3874 Grecorum
589 3820 854 3888 opposita,
885 3833 936 3872 c.
966 3817 1030 3883 6;
1056 3815 1246 3881 MIGNE,
1277 3827 1317 3869 t.
1350 3814 1534 3877 CXXI,
1554 3832 1606 3885 p.
1632 3816 1757 3882 303)
1784 3834 1798 3870 :

249 3931 265 3962 ι
298 3912 431 3965 Cum
464 3912 611 3965 enim
648 3924 843 3977 negare
876 3909 1062 3961 volunt
1099 3906 1325 3975 (Graeci)
1361 3904 1621 3975 Spiritum
1676 3922 1801 3959 san-

243 4012 385 4058 ctum
411 4003 480 4057 de
516 4000 649 4054 Filio
684 4000 978 4070 procedere
1003 4042 1016 4063 ,
1050 4000 1184 4051 unde
1206 3996 1341 4067 quod
1362 3998 1539 4049 dicunt
1562 4013 1800 4065 compro-

242 4097 383 4162 bent,
436 4095 641 4148 nullam
682 4094 762 4147 vel
802 4094 1258 4146 ratiocinationem
1305 4091 1384 4144 vel
1432 4093 1801 4144 auctoritatem

243 4190 554 4251 ostendunt;
583 4186 725 4240 unde
749 4186 927 4255 potius
959 4184 1191 4239 levitatis
1224 4199 1345 4237 esse
1369 4192 1545 4237 tumor
1566 4183 1799 4247 videtur,

242 4296 397 4348 quam
432 4278 736 4348 prudentiae
766 4276 1017 4348 gravitas.
1058 4294 1075 4326 ι
1108 4275 1225 4329 Νοη
1255 4274 1430 4344 potuit
1454 4288 1584 4328 sane
1618 4274 1688 4327 ita
1722 4274 1800 4327 lo-

244 4372 359 4442 qui,
408 4373 502 4441 qui
555 4370 733 4425 Photii
783 4369 1107 4438 encyclicam
1166 4367 1335 4436 ipsam
1384 4367 1605 4435 legerat.
1664 4366 1803 4419 Hinc

242 4470 483 4530 apertum
516 4471 630 4521 est,
665 4474 762 4513 cur
787 4466 1036 4512 accurata
1058 4455 1445 4510 Photianorum
1474 4455 1805 4525 syllogismo-

243 4566 357 4605 rum
400 4550 702 4605 confutatio
729 4550 797 4604 ab
826 4550 909 4603 his
951 4547 1263 4602 auctoribus
1306 4546 1495 4603 conlici
1525 4546 1668 4600 haud
1704 4560 1801 4615 po;
1835 4546 1876 4599 D

248 4643 433 4705 tuerit;
483 4642 604 4695 illos
630 4642 683 4694 in
715 4640 961 4694 Latinum
990 4652 1294 4692 sermonem
1332 4637 1619 4691 translatos
1640 4636 1803 4690 fuisse

244 4731 445 4783 nullum
477 4738 563 4783 est
586 4729 891 4799 vestigium.
916 4727 1152 4780 Rursum
1178 4725 1230 4778 in
1260 4725 1479 4778 Oriente
1501 4724 1801 4789 Ratramni,

245 4817 425 4872 Encas
457 4818 795 4885 aliorumque
834 4816 953 4870 libri
985 4817 1068 4869 vix
1099 4815 1297 4886 cogniti
1328 4814 1497 4869 fuisse
1531 4814 1803 4868 videntur.

311 4996 385 5064 (2)
415 4996 467 5051 ls
503 4995 817 5065 Walpertus
847 4993 1015 5049 fuisse
1045 4995 1279 5054 videtur,
1321 4994 1385 5065 ad

244 5061 460 5121 Joannis
506 5061 645 5119 Vlll'
678 5066 865 5134 (Mansi
911 5064 1047 5127 Xlll,
1086 5067 1173 5126 43,
1210 5066 1299 5134 44)
1353 5061 1568 5134 directa
1623 5061 1805 5134 fugitet

244 5138 326 5189 cui
365 5136 571 5206 pariter
597 5130 1019 5206 inscriptumest
1056 5130 1403 5206 Ιτι-ειειιιιζεερ,Δ
1428 5133 1688 5206 Stephani
1738 5130 1801 5195 V,

246 5222 292 5258 a.
324 5201 416 5260 891
477 5206 701 5275 (Μιςιιε,
725 5201 1030 5275 ιξϐΧΧΙΧ,
1061 5220 1095 5273 p
1134 5201 1293 5275 A8057).
1341 5201 1495 5275 Vide;
1519 5220 1582 5255 De
1609 5201 1804 5256 Runsts

244 5275 466 5329 Monum.
488 5272 650 5330 'Eccl.
680 5275 857 5342 Aquit.
894 5272 1083 5327 Venet.
1124 5273 1284 5336 1740,
1313 5290 1367 5342 p.
1400 5272 1523 5326 448.

313 5347 387 5415 (3)
419 5345 633 5400 Saeulo
666 5341 849 5413 elapso
880 5344 1155 5415 Nicolaum
1176 5388 1191 5410 ,
1233 5354 1293 5397 ut
1320 5341 1458 5397 alios
1488 5341 1800 5415 pontifices,

247 5429 348 5467 non
371 5413 554 5469 'solum
586 5415 868 5470 acatboliei
902 5414 1190 5483 scriptores
1211 5454 1223 5473 ,
1257 5429 1441 5483 verum
1476 5424 1531 5466 et
1560 5413 1803 5483 nonnulli

249 5485 380 5539 male
413 5484 660 5554 dispositi
690 5484 969 5554 catholici,
999 5484 1136 5537 inter
1164 5498 1301 5554 quos
1336 5482 1632 5554 Fontanius
1662 5482 1803 5554 (Dis-

249 5564 365 5607 sert.
418 5551 688 5607 (ie—Phot.
734 5554 784 5606 in
834 5552 965 5608 Nov.
1017 5551 1371 5607 erudﬁdetic.
1421 5552 1526 5607 vol.
1592 5551 1683 5620 l),
1748 5552 1801 5605 in

250 5625 430 5691 agendi
483 5625 693 5678 ratione
738 5633 923 5677 contra
954 5622 1220 5703 .l’hotium
1272 5624 1470 5690 injuste
1505 5623 1805 5702 vituperare

252 5694 587 5747 adamabant.
634 5692 811 5747 Lonae
838 5703 1035 5747 rectius
1083 5694 1181 5747 hac
1214 5693 1265 5745 in
1308 5708 1365 5746 re
1406 5693 1662 5747 iudicant
1702 5708 1803 5745 sa:-

472 5708 587 5747 ant.
634 5708 811 5748 LOHRC
838 5708 1035 5747 I'CCUUS
1083 5708 1181 5748 nae
1214 5709 1265 5745 ιη
1308 5708 1365 5746 re
1406 5708 1662 5748 ιιιαιοεινιι
1702 5708 1803 5745 διη-

253 5710 587 5747 aaamaoant.
634 5710 811 5762 Longe
838 5710 1035 5747 rectius
1083 5710 1181 5748 nae
1214 5710 1265 5745 In
1308 5710 1365 5746 re
1400 5710 1662 5760 judicavu.
1702 5710 1800 5745 sa:-

253 5762 365 5815 culo
391 5774 580 5818 nostro
615 5762 860 5815 Neander
892 5764 945 5816 in
996 5763 1133 5817 Hist.
1182 5762 1304 5816 sccl.
1353 5763 1431 5831 (t.
1474 5760 1561 5827 IV,
1593 5778 1646 5832 p.
1678 5762 1800 5825 607,

255 5844 481 5890 βικεεη.
517 5849 575 5887 ιι.
607 5834 641 5887 3
669 5842 723 5887 et
755 5833 927 5903 alias).

1417 5008 1576 5063 quem
1605 5007 1693 5063 ep.
1736 4993 1803 5046 48

1892 630 2127 699 amplius
2172 628 2533 683 necessarium
2561 668 2576 690 ,
2632 625 2739 678 imo
2788 624 3102 694 imprudens
3146 626 3447 692 videbatur,

1892 723 2107 777 Graecos
2128 720 2424 773 universim
2451 718 2517 772 de
2537 717 2653 786 ejus
2683 716 2956 769 erroribus
2985 716 3291 786 objurgare,
3317 734 3451 785 quos

1894 813 2157 884 lgnatium
2203 810 2387 864 fovere
2436 808 2582 861 nulla
2617 816 2733 859 erat
2765 805 3028 874 suspicio;
3074 822 3247 874 neque
3296 807 3450 876 legati

1892 906 1955 960 ad
1981 904 2269 959 concilium
2300 910 2547 955 octavum
2577 900 2725 953 missi
2756 898 2886 968 quid
2916 899 3181 966 ejusmodi
3212 899 3263 951 in
3302 916 3453 952 man—

1893 996 2032 1051 datis
2064 996 2321 1049 habuere.
2355 991 2699 1046 Postmodum
2729 1006 2859 1045 vero
2890 1006 3015 1043 cum
3043 989 3255 1059 lgnatio
3304 1007 3451 1043 mor-

1894 1098 1988 1144 tuo
2046 1087 2272 1142 Photius
2323 1086 2514 1140 iterum
2576 1082 3225 1152 Constantinopolitanam
3272 1082 3452 1135 sedem

1894 1190 2219 1250 occuparet,
2253 1195 2377 1248 pax,
2406 1178 2528 1231 licet
2556 1191 2662 1228 non
2696 1174 2972 1237 duratura,
3002 1172 3152 1245 [l27]
3191 1173 3291 1226 fuit
3326 1174 3455 1226 inita

1892 1283 1946 1326 et
1978 1273 2030 1326 in
2064 1270 2267 1341 synodo
2320 1270 2419 1322 sub
2457 1267 2665 1321 Joanne
2713 1265 2824 1320 Vlll
2857 1281 2908 1318 a.
2940 1265 3042 1319 879
3079 1264 3345 1318 celebrata
3390 1265 3457 1317 de

1896 1363 1979 1417 his
2030 1370 2315 1417 tractatum
2350 1359 2516 1413 fuisse
2562 1359 2711 1412 nullo
2757 1356 2982 1426 vestigio
3010 1355 3454 1424 deprehenditur.

1891 1453 2007 1507 Non
2044 1453 2264 1523 ignoro,
2306 1451 2447 1504 haud
2482 1450 2753 1512 defuisse,
2806 1448 2896 1516 qui
2944 1448 3257 1500 Latinorum
3304 1446 3455 1498 addi-

1892 1546 2092 1599 tionem
2116 1544 2189 1597 ibi
2220 1541 2532 1597 solemnitcr
2559 1539 2882 1608 prohibitam
2912 1537 3080 1591 fuisse
3104 1536 3456 1602 allirmarint;

1892 1650 2176 1697 verum,re
2204 1634 2509 1689 accuratius
2528 1638 2829 1701 perspecta,
2858 1630 2911 1683 id
2935 1630 3147 1683 defendi
3166 1644 3272 1681 non
3298 1644 3459 1696 posse

1894 1724 2097 1794 liquido
2132 1731 2379 1784 constat,
2428 1730 2487 1775 ut
2542 1720 2693 1773 multi
2735 1718 2835 1771 viri
2875 1718 3016 1771 docti
3072 1718 3181 1785 jam
3230 1718 3459 1771 demon-

1895 1824 2156 1868 strarunt.
2197 1812 2422 1878 Photius
2470 1811 2583 1879 ipse
2617 1810 2669 1863 in
2704 1809 2845 1862 libro
2870 1817 3060 1861 nostro
3094 1808 3233 1877 (cap.
3271 1807 3362 1874 89)
3393 1823 3458 1859 ex

1898 1907 1998 1961 hac
2023 1906 2243 1976 synodo,
2280 1904 2435 1969 cujus
2485 1904 2601 1971 ipse
2642 1901 2809 1954 veluti
2848 1900 3025 1953 anima
3061 1910 3115 1953 et
3152 1900 3458 1953 moderator

1897 1998 2195 2056 exstiterat,
2222 1995 2431 2048 nullum
2474 1993 2617 2047 aliud
2654 2009 2751 2062 pro
2777 2007 2937 2045 causa
2975 2006 3070 2043 sua
3100 1991 3271 2060 potuit
3298 2006 3458 2059 argu-

1897 2096 2139 2141 mentum
2179 2085 2462 2156 colligere,
2507 2084 2607 2137 nisi
2657 2084 2799 2153 quod
2854 2082 3080 2136 Joannis
3110 2096 3263 2151 papa:
3301 2082 3459 2151 legati

1899 2180 2197 2251 symbolum
2232 2178 2408 2248 prisco
2438 2192 2587 2230 more
2636 2175 2937 2245 receperint
2961 2213 2974 2237 ,
3008 2174 3353 2227 recitaverint
3379 2174 3458 2226 ei-

1896 2288 2002 2345 que
2033 2269 2482 2339 subscripserint;
2535 2268 2790 2337 nulloque
2830 2276 3089 2336 praeterea
3124 2277 3271 2319 certo
3299 2281 3462 2335 argu-

1898 2376 2080 2419 mento
2124 2371 2373 2423 constat,
2426 2360 2594 2429 ipsam
2648 2370 2775 2413 tunc
2824 2359 3116 2413 Romanam
3166 2356 3459 2411 Ecclesiam

1897 2456 2199 2527 symbolum
2231 2457 2545 2509 solemnlter
2572 2466 2703 2508 cum
2731 2451 2821 2505 illo
2844 2450 3210 2506 additamento
3230 2448 3460 2503 recitare

1896 2549 2263 2611 consuevisse,
2303 2548 2458 2615 cujus
2489 2555 2667 2600 tamen
2704 2544 3055 2598 additamenti
3089 2558 3305 2596 sensum
3349 2550 3458 2595 tota

1897 2650 2076 2696 mente
2111 2640 2554 2710 amplectebatur.
2592 2638 2723 2702 Quae
2751 2637 2979 2690 Photius
3007 2636 3063 2704 (Ι.
3094 2634 3168 2703 c.)
3201 2634 3267 2688 de
3294 2632 3459 2687 Joan-

1896 2748 1965 2787 ne
2008 2732 2126 2787 Vlll
2176 2731 2398 2795 scribit,
2428 2747 2491 2785 ea
2536 2731 2589 2784 in
2643 2729 2866 2783 historia
2913 2742 3099 2782 eorum
3156 2734 3457 2795 temporum

1897 2826 2040 2880 haud
2072 2824 2249 2894 exigui
2282 2822 2541 2877 momenti
2573 2831 2735 2885 sunt;
2769 2836 2870 2875 nos
2903 2818 3116 2873 interim
3150 2815 3274 2871 Joh.
3304 2816 3459 2870 Becvi

1896 2916 2061 2970 verba
2091 2914 2440 2977 adducemus,
2467 2928 2585 2981 qure
2616 2911 2899 2964 recitatum
2926 2906 3075 2960 hunc
3101 2914 3305 2959 textum
3332 2904 3461 2956 sub-

1897 3017 2217 3075 sequuntur.
2253 3023 2271 3056 ι
2311 3004 2435 3059 Haec
2468 3019 2591 3059 cum
2631 3001 2909 3056 inveniant
2935 2998 3189 3052 Photium
3216 2996 3469 3050 scriben-

1901 3109 2005 3152 tem
2055 3099 2109 3151 hi
2155 3098 2477 3167 quibuscum
2532 3095 2689 3149 nobis
2742 3108 2918 3148 sermo
2971 3100 3089 3153 est,
3144 3089 3460 3158 opinantur,

1822 3196 1867 3258 ο
1899 3189 2073 3257 ipsum
2103 3187 2414 3241 inimicitias
2432 3202 2555 3241 cum
2584 3200 2715 3255 pace
2738 3192 3122 3243 commutasse,
3146 3180 3286 3249 quod
3310 3193 3464 3247 papae

1896 3280 2122 3335 Joannis
2150 3280 2224 3349 pii
2260 3279 2438 3333 locum
2480 3286 2727 3331 tenentes
2768 3276 2969 3343 absque
3009 3272 3299 3335 additione,
3320 3269 3465 3338 quod

1898 3371 2041 3442 apud
2074 3386 2172 3426 nos
2206 3370 2401 3440 legitur
2441 3367 2744 3438 symbolum
2786 3362 3205 3433 subscripserint
3239 3373 3291 3413 et
3316 3362 3469 3414 ohsi-

1898 3463 2181 3532 gnaverint
2215 3460 2311 3529 (6).
2361 3457 2475 3513 Hoc
2522 3473 2651 3512 vero
2693 3471 2855 3509 nemo
2883 3471 2947 3509 ex
2987 3454 3072 3516 iis,
3104 3454 3193 3522 qui
3222 3452 3287 3505 ad
3326 3453 3465 3505 bene

1899 3552 2309 3621 conjectandum
2355 3550 2533 3605 idonei
2583 3557 2752 3613 sunt,
2790 3547 2946 3601 facile
2979 3546 3079 3599 sibi
3130 3544 3465 3599 credendum

1899 3643 2274 3715 proposuerit,
2308 3657 2431 3697 cum
2470 3655 2631 3711 neque
2661 3638 2957 3709 dogmatica
3010 3636 3120 3689 ulla
3159 3637 3377 3705 qua’stio
3410 3636 3465 3687 in

1899 3752 1960 3789 ea
1995 3736 2223 3803 synodo,
2268 3748 2387 3802 qua:
2421 3747 2517 3801 pro
2544 3746 2675 3800 pace
2703 3730 2991 3784 sancienda
3023 3738 3207 3781 coacta
3249 3726 3462 3789 fuerat,

1899 3828 2194 3896 reperiatur
2221 3835 2397 3889 mota;
2428 3824 2519 3878 sed
2546 3839 2686 3877 vene
2712 3838 2888 3876 causae.
2914 3820 3043 3874 illud
3070 3829 3185 3874 erat
3222 3819 3466 3873 occulta-

1902 3919 1996 3980 tio,
2028 3917 2326 3972 secundum
2353 3930 2649 3985 quamcum
2676 3915 2929 3967 universa
2956 3913 3196 3965 Romana
3221 3909 3465 3963 Ecclesia

1900 4013 2199 4065 simultates
2249 4025 2311 4063 ac
2362 4006 2657 4061 inimicitia:
2714 4004 2908 4057 Photio
2963 4012 3165 4056 exorta:
3227 4001 3463 4054 fuerant.

1899 4098 2035 4155 Cum
2071 4099 2212 4153 enim
2248 4105 2545 4160 vereretur,
2590 4108 2661 4147 ne
2690 4092 2932 4146 omnium
2986 4089 3466 4159 reprehensionem

1902 4192 2222 4253 incurreret,
2258 4186 2426 4256 quod,
2466 4202 2588 4241 eum
2625 4183 3046 4255 papaNicolaus
3072 4196 3195 4235 eum
3226 4196 3335 4234 non
3372 4180 3467 4233 ad-

1903 4284 2161 4347 mitteret,
2202 4278 2356 4352 [128]
2402 4278 2695 4332 Romanam
2745 4274 3045 4329 Ecclesium
3074 4272 3384 4327 universam
3409 4272 3465 4326 in

1903 4374 2246 4429 Divinitatem
2300 4370 2590 4439 injuriam,
2640 4367 2859 4436 impiam
2908 4376 2963 4420 et
3012 4366 3189 4435 legum
3235 4365 3465 4418 maxime

1903 4462 2391 4536 pravarieatricem
2422 4469 2791 4529 nuncuparet;
2825 4466 2879 4512 et
2907 4472 3028 4511 cum
3064 4471 3201 4526 papa
3229 4455 3465 4510 Joannes

1905 4560 2022 4627 ejus
2050 4559 2102 4612 in
2137 4556 2547 4628 patriarchalem
2591 4557 2840 4609 thronum
2873 4550 3202 4607 restitutioni
3232 4564 3466 4603 consen-

1904 4665 2023 4703 sum
2051 4650 2387 4718 prazbuisset,
2411 4647 2657 4700 eamdem
2681 4654 2922 4700 sanctam
2953 4652 3007 4698 et
3054 4641 3270 4712 pietatis
3296 4640 3464 4709 inagi—

1904 4749 2070 4793 stram
2100 4739 2441 4810 pradicaret;
2482 4752 2577 4807 pro
2607 4752 2738 4807 pace
2768 4750 2889 4789 cum
2910 4727 3120 4787 Joanne
3153 4732 3285 4785 inita
3310 4728 3465 4799 quasi

1904 4830 2201 4900 apologiam
2259 4837 2552 4882 contexens
2583 4865 2599 4891 ,
2662 4842 2758 4897 per
2805 4840 2932 4879 suos
2989 4823 3169 4877 locum
3214 4829 3465 4875 tenentes

1974 5003 2051 5072 (4)
2082 5002 2251 5056 Aliter
2274 5000 2577 5073 Walchium
2603 5000 3094 5073 (Hist.Acontroej.jde
3112 5010 3252 5073 τινος.
3276 4992 3461 5061 Spirit.

1903 5066 2072 5128 sanet.
2115 5073 2270 5138 lenae,
2316 5072 2472 5136 1751,
2519 5088 2569 5127 c.
2611 5066 2723 5141 ’ᾗῇ
2754 5069 2807 5135 6,
2840 5086 2894 5139 p.
2926 5070 3028 5136 35)
3060 5066 3316 5122 statuisse
3361 5078 3458 5133 ap.

1943 5152 2077 5196 aret.

1905 5159 2164 5281 paigi'cr.
2198 5211 2471 5266 Hincmar.
2517 5211 2674 5267 Rem.
2727 5209 3012 5281 epist.75l,
3046 5217 3086 5263 t.
3122 5206 3199 5269 ιι,
3229 5210 3459 5281 p.809,

1904 5279 1993 5335 ed.
2040 5282 2219 5335 Baluz.
2250 5281 2420 5336 Nicol.
2457 5282 2499 5347 Ι,
2530 5298 2617 5351 ep.
2648 5281 2717 5351 70
2755 5279 2823 5337 ad
2856 5279 3126 5334 Hincmar.
3155 5279 3241 5334 ed.
3268 5280 3457 5345 MIGNB,

1904 5352 2061 5422 epist.
2096 5352 2215 5422 152,
2248 5361 2285 5405 t.
2317 5352 2502 5416 CXIX,
2540 5350 2678 5405 “5‘2
2698 5367 2813 5422 seq.

1974 5421 2051 5486 (6)
2094 5421 2213 5475 Lib.
2245 5437 2324 5483 ιιι,
2353 5423 2418 5475 ad
2442 5422 2649 5476 Theod.
2672 5437 2723 5477 c.
2753 5418 2791 5475 ἱ
2817 5419 2932 5489 (Gr.
2960 5420 3091 5473 orth.
3118 5418 3179 5481 Il,
3206 5435 3259 5489 p.
3292 5418 3415 5486 139)
3444 5439 3457 5473 :

1906 5492 2123 5561 Oiovrat
2150 5490 2247 5561 τῆς
2282 5490 2479 5561 ἔχθρας
2527 5492 2627 5561 τὴν
2670 5493 2894 5561 εἰρήνην
2939 5490 3100 5561 αὑτὸγ
3143 5489 3455 5561 ἀπαλλάξα-

1909 5560 2048 5621 σΘαι,
2081 5560 2141 5613 τὸ
2175 5558 2262 5613 διὰ
2304 5558 2429 5623 eos;
2460 5561 2552 5614 τοῦ
2582 5558 2744 5614 item
2778 5558 3032 5613 Ἰωάννου
3069 5558 3337 5620 Θεοσεόεἰς
3368 5574 3459 5609 το·-

1906 5631 2217 5700 ποτηρητὰς
2253 5630 2311 5701 τὸ
2342 5632 2462 5701 δίχα
2490 5632 2588 5701 τῆς
2618 5631 2933 5701 προσθήκης
2958 5629 3469 5701 ἀναγινωσκόμενοι.

1904 5702 2032 5769 παρ’
2055 5699 2194 5769 ἡμῖν
2227 5699 2333 5770 τῆς
2367 5699 2599 5765 πίστεώς
2631 5699 2893 5770 αύμὸολον
2925 5699 3233 5769 ὑπογράψαι
3274 5714 3334 5751 τι
3368 5699 3465 5752 καλ

1906 5769 2428 5839 ἐπισφραγίσασθαι.
