4234 6432
801 377 908 442 403

1929 383 2187 442 ΡΙῐΟΤΙΙ
2228 384 2723 444 PATRIARCH/E
2755 389 2860 445 Cl’.

3915 378 4020 444 ιοι

798 489 1058 540 Joannem
1103 485 1372 554 accepisse
1417 486 1748 555 symbolum,
1781 497 1836 540 et
1869 495 2048 541 mente
2077 499 2130 542 et
2169 489 2349 556 lingua
2378 493 2428 548 Α
2452 492 2852 558 Aquileiensem
2919 491 3223 560 prmsulem,
3270 501 3327 545 ut
3372 491 3437 546 de
3481 492 3742 560 opusculo
3779 492 4011 546 breviori

799 589 850 631 et
890 577 1058 631 sacris
1088 577 1567 630 illustrissimorum
1606 587 1659 631 et
1691 578 2128 631 admirandorum
2173 579 2348 631 homi-

799 684 927 722 num
959 669 1209 721 manibns
1237 668 1621 738 subscripsisse
1651 669 2071 736 obsignasscque
2101 670 2347 722 inculcat.

799 759 909 813 Hoc
935 768 1115 814 autem
1149 758 1235 812 isti
1266 759 1337 812 ita
1367 758 1662 827 perfeccre,
1689 759 1812 827 quia
1841 768 1895 812 ct
1919 760 2008 827 qui
2042 770 2167 813 ante
2192 759 2352 812 Joan-

796 866 920 903 nem
968 867 1159 919 papam
1204 850 1500 904 Romanam
1533 851 1714 903 sedem
1747 859 2039 913 ornarunt,
2096 850 2198 903 hoc
2227 865 2350 903 san-

794 952 938 995 ctum
956 944 1223 1010 etpietate
1238 941 1451 1010 plenum
1471 941 2191 1010 profitebantursymbolum,
2210 940 2349 1008 quod

794 1033 957 1087 etiam
989 1033 1081 1102 qui
1117 1041 1235 1101 post
1260 1047 1382 1085 eum
1413 1032 1478 1084 ad
1509 1031 1625 1086 hzec
1663 1046 1834 1098 usque
1866 1043 2104 1099 tempora
2134 1046 2351 1083 succes-

795 1141 912 1179 sere
931 1167 945 1188 ,
969 1135 1024 1179 et
1049 1134 1228 1178 mente
1254 1125 1651 1193 amplectuntur
1675 1133 1728 1177 et
1755 1124 1933 1191 lingua
1964 1121 2348 1190 deprzedicant.

795 1217 860 1270 Et
887 1217 1087 1269 dictum
1120 1231 1298 1268 meum
1338 1213 1729 1269 demonSIrabit
1760 1213 2171 1282 Evangeliorum
2206 1213 2351 1265 nulla

795 1310 928 1362 faeta
959 1308 1311 1361 commutatio
1333 1346 1348 1368 ,
1393 1316 1447 1358 et
1480 1306 1661 1359 omnia
1703 1305 1920 1357 Patrum
1958 1305 2153 1371 scripta
2178 1344 2193 1367 ,
2233 1318 2353 1372 qum

795 1398 1052 1468 Spiritum
1081 1398 1299 1450 tradunt
1321 1413 1387 1449 ex
1413 1395 1567 1449 Patre
1593 1396 1876 1464 procedere
1901 1404 1952 1447 et
1973 1395 2174 1461 absque
2205 1393 2352 1446 addi-

793 1491 938 1543 tione
970 1489 1110 1558 apud
1133 1504 1225 1543 eos
1256 1488 1505 1557 leguntur
1546 1498 1706 1554 atque
1734 1487 2028 1554 probantur
2063 1485 2162 1552 (7).
2199 1502 2216 1534 ι
2253 1484 2350 1536 De-

794 1597 938 1635 inum
973 1581 1235 1649 ejusmodi
1273 1580 1446 1632 fucata
1479 1594 1610 1648 pace
1637 1591 1792 1646 rupta
1841 1594 1948 1630 non
1996 1577 2171 1645 potuit
2198 1574 2349 1646 [l29]

793 1674 1014 1726 l’hotius
1044 1673 1144 1726 sibi
1179 1682 1498 1740 temperare,
1524 1670 1814 1738 quominus
1843 1668 2022 1721 denuo
2052 1668 2192 1720 hanc
2218 1683 2350 1720 oon-

795 1765 1108 1818 troversiam
1132 1765 1494 1826 resuscitaret;
1518 1761 1626 1814 imo
1643 1777 1793 1812 suam
1815 1760 2122 1824 opinionem
2147 1758 2349 1810 tenaci-

797 1856 1030 1910 terfovet
1052 1864 1105 1908 et
1131 1856 1252 1908 licet
1285 1853 1550 1905 Romanos
1569 1852 1850 1920 pontifices
1871 1850 2089 1906 Nicolao
2119 1858 2347 1916 excepto

794 1963 1017 2016 carpere
1031 1963 1136 1999 non
1164 1946 1408 2006 auderet,
1431 1958 1616 1996 verum
1643 1943 1820 2010 potius
1839 1942 1904 1995 ab
1925 1941 2007 1993 eis
2039 1955 2148 1992 sna:
2172 1954 2348 1992 causa:

793 2036 1150 2105 patrocinium
1180 2042 1410 2103 peteret,
1455 2031 1853 2092 Occidentales,
1880 2046 2016 2099 quos
2043 2039 2225 2099 posset
2248 2071 2260 2090 ,
2295 2030 2346 2082 in

792 2143 908 2180 cam
960 2127 1171 2180 trahere
1211 2124 1434 2179 studuit.
1481 2122 1741 2176 Consulto
1783 2131 1980 2183 tamen,
2017 2121 2096 2173 uti
2123 2119 2350 2173 Hadria-

795 2235 922 2274 unm
953 2217 1026 2280 II,
1071 2219 1140 2271 ita
1174 2227 1226 2270 et
1267 2217 1527 2270 Marinum
1576 2214 1883 2282 pontificem
1923 2229 2030 2266 non
2068 2214 2345 2275 nominat,

791 2324 1070 2363 censuram
1094 2308 1160 2361 ab
1180 2319 1402 2375 utroque
1427 2305 1526 2360 sibi
1561 2304 1814 2359 iutlictam
1847 2313 2008 2365 tacet,
2043 2320 2198 2360 suum
2225 2319 2346 2358 eum

795 2400 1032 2452 llomana
1077 2399 1312 2452 Ecclesia
1348 2398 1515 2467 jactat
1557 2413 1902 2451 consensum.
1959 2395 2156 2450 Verum
2194 2413 2349 2452 resu-

793 2493 980 2546 scitata
1015 2508 1044 2544 a
1080 2491 1268 2544 l’hotio
1302 2489 1527 2555 quzestio
1553 2499 1663 2542 tum
1688 2489 1826 2556 apud
1857 2487 2076 2542 Latinos
2110 2488 2198 2540 vix
2224 2503 2348 2542 eum

793 2584 846 2638 in
877 2583 1093 2636 modum
1127 2582 1392 2642 innotuit,
1421 2581 1507 2649 qui
1533 2580 1596 2633 ad
1623 2579 1942 2632 artiﬁciosas
1967 2579 2084 2646 ejus
2114 2578 2350 2634 rationes

796 2674 1103 2726 refutandas
1131 2689 1222 2726 eos
1252 2680 1600 2741 provocaret;
1633 2685 1693 2723 ac
1728 2671 1852 2723 licet
1885 2670 1996 2738 jam
2028 2680 2140 2722 tum
2173 2670 2349 2724 Vene-

795 2763 924 2818 tiani
948 2781 1066 2820 cum
1102 2764 1404 2834 Byzantinis
1437 2763 1699 2832 frequenti
1733 2762 2064 2815 commercio
2092 2762 2350 2815 conveni-

795 2865 915 2912 rent
943 2857 1038 2925 (8),
1066 2865 1244 2909 tamen
1274 2867 1394 2925 post
1418 2856 1677 2910 Joannem
1706 2853 1818 2907 VIII
1868 2869 2038 2922 usque
2061 2854 2126 2908 ad
2157 2854 2351 2910 Leonis

795 2948 1064 3014 Sapientis
1101 2949 1382 3017 imperium
1413 2965 1477 3001 ex
1525 2948 1665 3001 tristi
1702 2957 2005 3015 temporum
2039 2946 2352 3001 conditione

795 3039 1144 3091 Orientalium
1177 3037 1710 3108 Occidentaliumque
1739 3040 2157 3094 communicatio
2181 3040 2351 3110 magis

796 3131 1071 3200 magisque
1102 3132 1406 3201 languebat,
1433 3133 1566 3185 adeo
1595 3143 1653 3185 ut
1682 3142 1876 3201 pnetcr
1900 3149 2015 3196 eos,
2046 3149 2183 3202 quos
2216 3134 2350 3188 Pho-

797 3226 902 3280 tius
946 3225 999 3277 in
1037 3241 1186 3278 suam
1218 3239 1423 3294 partem
1461 3227 1763 3288 alliciebat,
1797 3226 2079 3296 episc0pos
2103 3227 2180 3294 (9)
2208 3226 2351 3282 baud

797 3318 948 3370 multi
979 3318 1096 3385 ejus
1121 3319 1400 3372 conamina
1426 3319 1640 3373 novisse
1673 3319 1976 3372 videantur.
2016 3318 2350 3387 Deploranda

799 3425 928 3462 sane
975 3409 1420 3465 documentorum
1470 3410 1692 3478 penuria
1720 3451 1732 3472 ,
1767 3425 1887 3476 qua:
1942 3409 2126 3462 ultima
2181 3408 2359 3462 Photii

802 3513 1041 3569 tempora
1070 3501 1253 3554 densis
1289 3501 1449 3553 veluti
1485 3501 1720 3554 tenebris
1747 3501 1996 3554 offundit.

870 3593 921 3645 ι.
964 3591 1068 3645 Sed
1109 3592 1235 3658 quid
1271 3591 1443 3644 Latini
1478 3592 1817 3660 potissimum
1847 3591 1912 3644 ad
1959 3590 2358 3646 defendendum

799 3681 990 3748 dogma
1023 3679 1089 3732 de
1114 3679 1460 3747 processione
1493 3679 1725 3748 Spiritus
1751 3680 1919 3734 sancti
1960 3695 2022 3732 ex
2058 3679 2193 3733 Filio
2230 3695 2360 3748 pro-

801 3777 1095 3837 ponerent,
1139 3769 1189 3822 id
1230 3769 1533 3824 nullatenus
1566 3770 1654 3822 diu
1700 3770 1873 3837 potuit
1906 3769 2156 3824 Pbotium
2194 3771 2361 3824 latere

802 3869 856 3912 ct
897 3859 1270 3927 quadantenus
1338 3875 1457 3927 qua:
1507 3857 1784 3912 Ratramni
1835 3861 2169 3929 aliorumque
2233 3860 2357 3914 libri

803 3951 1174 4010 continebant,
1207 3949 1251 4004 si
1279 3966 1387 4005 non
1411 3951 1648 4012 aliunde,
1681 3967 1809 4005 sane
1843 3967 1907 4005 ex
1937 3951 2198 4020 epistolis,
2225 3968 2359 4021 quas

803 4041 967 4094 etiam
1011 4056 1077 4094 ex
1125 4041 1558 4095 Occidentalibus
1589 4041 1740 4112 [130]
1765 4044 2008 4110 partibus
2051 4043 2363 4113 frequentes

805 4132 1122 4200 accipiebat,
1159 4134 1323 4199 probe
1353 4133 1521 4187 novit.
1551 4131 1799 4188 Fortasse
1826 4142 1881 4186 et
1903 4145 2086 4202 postea
2110 4150 2214 4190 una
2236 4151 2360 4188 cum

805 4223 894 4280 his
937 4222 1182 4291 epistolis
1229 4223 1349 4276 libri
1409 4224 1484 4276 illi
1535 4221 1728 4277 Pbotio
1776 4225 1926 4278 missi
1961 4233 2110 4278 sunt.
2137 4226 2274 4283 Ilinc
2304 4226 2360 4280 in

807 4312 1199 4382 posterioribus
1237 4313 1305 4367 dc
1339 4314 1441 4368 hac
1474 4313 1769 4384 qnzestione
1811 4314 2050 4383 scriptis,
2087 4315 2141 4369 in
2173 4331 2258 4385 ep.
2296 4315 2362 4370 ad

882 4483 956 4551 ('7)
988 4481 1105 4534 Lib.
1129 4500 1208 4546 ιιι,
1234 4482 1297 4534 ad
1325 4483 1530 4536 TIieod.
1556 4498 1605 4537 c.
1627 4482 1676 4543 4,
1704 4499 1756 4550 p.
1789 4483 2032 4536 159.1“)
2067 4503 2078 4537 :
2111 4484 2182 4534 Τὸ
2202 4485 2245 4536 δ’
2266 4485 2367 4537 οὐκ

810 4553 876 4605 ἄν
912 4570 992 4611 τις
1021 4554 1128 4603 τῶν
1173 4553 1471 4614 εὑουόόλως
1501 4553 1806 4605 ἐπιϐάλλειν
1832 4553 2045 4604 εἰδότων
2081 4554 2257 4622 ῥᾴδιον
2293 4556 2371 4615 εἰς

812 4623 994 4693 πίστιν
1015 4624 1294 4690 ἡγήσαιτο,
1315 4624 1435 4674 ἐπεὶ
1455 4623 1587 4690 μηδὲ
1608 4623 1936 4693 δογματικός
1954 4639 2032 4693 τις
2057 4623 2208 4688 λόγος
2231 4626 2286 4674 ἐν
2307 4628 2370 4693 τῇ

812 4692 949 4771 ἱερὸς
977 4693 1197 4771 Flete“?
1225 4693 1495 4771 γειομένη
1512 4693 1636 4770 τότε
1662 4692 2195 4771 σιγάξῳξὺρίσηεῖαι
2217 4692 2372 4771 wit

813 4709 949 4758 προς
978 4709 1197 4809 εειςηνην
1225 4709 1495 4771 γενομενη
1512 4709 1636 4770 τοτε
1662 4709 2195 4774 συνοοῳνευτρισκεται
2217 4711 2372 4760 κινη-

813 4761 1048 4850 2εῖξοέέ,
1065 4760 1384 4850 Esaia
1406 4779 1678 4850 Samius
1694 4761 1922 4850 naias
1940 4779 2007 4850 Et",
2029 4761 2372 4850 αίξίειελκοξεϊ

813 4831 927 4898 ἠνὴ
950 4829 1090 4881 κατὰ
1107 4832 1282 4896 πάσης
1300 4833 1393 4900 τῆς
1409 4830 1715 4899 Ῥωμαϊκῆς
1733 4829 2053 4897 Ἐκκλησίας
2070 4831 2279 4900 ἀνήφθη
2297 4831 2372 4901 τῷ

814 4899 1000 4967 φωτίῳ
1026 4899 1329 4970 δυσμένεια.
1361 4901 1462 4951 Τὸν
1486 4902 1592 4970 γὰρ
1613 4900 1670 4961 ἐξ
1700 4901 1949 4970 ἁττᾴντῳν
1970 4901 2133 4967 ψόγον
2159 4901 2370 4968 ὐτορώ-

817 4965 982 5039 μενοέ
1002 4970 1085 5029 Φ..
1111 4967 1195 5035 ἐφ’
1214 4965 1292 5030 οἷς
1319 4970 1412 5022 τοῦ
1442 4969 1537 5038 μὲν
1563 4965 1721 5022 ῖπάπα
1755 4965 2018 5039 Νικολάου
2048 4965 2120 5038 μὴ
2157 4965 2375 5039 προσιε-

817 5037 978 5109 μένου
995 5039 1176 5109 eam.
1199 5041 1377 5091 πᾶσαν
1393 5037 1488 5109 τὴν
1517 5039 1682 5109 Ῥωμν.
1715 5038 2035 5106 Ἐκκλησίαν
2052 5037 2184 5107 πρὸς
2199 5037 2258 5109 το
2273 5042 2372 5092 Θε-

815 5104 895 5157 Iov
919 5104 1324 5174 ἐξυδρίζουσαν.
1357 5104 1456 5160 καῖ
1480 5108 1798 5169 ἀσεϐοῦσαν,
1837 5104 1926 5159 καὶ
1953 5104 2370 5176 παρα-νομοῦσαν

815 5176 885 5227 τὰ
905 5177 1104 5244 ἔσχατα
1127 5178 1408 5242 ἀπεκάλει,
1431 5179 1524 5231 τοῦ
1544 5179 1598 5229 δὲ
1621 5179 1774 5230 πὰπα
1805 5177 2047 5232 Ἰωάννου
2073 5180 2168 5244 τὴν
2189 5181 2266 5240 εἲς
2281 5180 2371 5231 τὸν

819 5248 1212 5314 πατριαρχικὸν
1251 5247 1435 5314 θρόνον
1481 5248 1796 5316 καθίδρυσιν
1844 5249 2029 5300 τούτου
2079 5250 2372 5316 ἐπευδοκή-

820 5331 1027 5386 σαντος,
1067 5316 1226 5386 ἁγίαν
1255 5320 1455 5386 ταύτην
1477 5319 1566 5369 καὶ
1597 5318 1872 5378 εὐσεϐείας
1904 5318 2221 5371 διδάσκαλον
2275 5319 2369 5370 ἀν-

816 5385 1131 5456 εκήρυττεν,
1152 5385 1335 5455 ὥσπερ
1358 5392 1477 5440 τινὰ
1503 5389 1792 5452 ἀπολογίαν
1823 5387 1961 5454 ὑπὲρ
1991 5388 2085 5453 τῆς
2123 5389 2255 5456 πρὸς
2280 5389 2368 5438 τὸν

819 5453 1008 5526 ξπάτιαν
1050 5453 1318 5524 Ἰωάννην
1345 5458 1561 5526 εἰρήνης
1604 5453 1960 5523 προϐάλλεται
2020 5457 2082 5507 τὸ
2125 5453 2210 5508 διὰ
2262 5459 2368 5508 τῶν

820 5524 1029 5594 ἐκείνου
1057 5524 1435 5594 τοποτηρητῶν
1464 5527 1522 5578 τὸ
1551 5529 1646 5594 τῆς
1686 5527 1918 5587 πίστεως
1943 5527 2147 5577 ἐκεῖνον
2174 5527 2366 5578 ἁποδέ·

824 5591 1014 5666 ξασθαι
1051 5591 1325 5666 σύμϐολον
1353 5596 1445 5648 καὶ
1485 5591 1678 5666 γνώμῃ
1716 5597 1806 5647 καὶ
1845 5596 2067 5666 γλώσσῃ,
2091 5612 2143 5647 κ.
2182 5596 2367 5666 χερσὶν

824 5665 991 5735 ἱεραῖς
1023 5662 1129 5735 τῷν
1167 5665 1418 5718 τοιούτων
1451 5662 1924 5735 περιφανεστάτων
1963 5662 2367 5735 κζθαυμασζων

822 5731 1028 5803 ᾲνὸρών
1057 5731 1364 5803 ὑπογράψαι
1391 5731 1539 5803 αὐτὸς
1559 5731 1611 5786 κθ.
1643 5731 2168 5803 ἐπισφραγίσασθαι,
2198 5734 2366 5789 Τοῦτο

823 5801 873 5856 δὲ
913 5803 1053 5855 οὓτω
1087 5799 1447 5870 πεποιήκασιν
1484 5799 1624 5859 οὗτοι
1652 5805 1738 5858 διὰ
1776 5799 1834 5856 τδ
1861 5804 1951 5855 καὶ
1988 5807 2105 5865 τοὺ,
2142 5805 2244 5870 πρὸ
2272 5805 2364 5856 τοῦ

2452 583 2594 648 apud
2653 581 2996 651 Eutliymium
3051 591 3349 644 taceamus,
3407 583 3576 636 multo
3607 599 3735 636 vero
3761 584 3927 652 magis
3967 584 4018 635 in

2455 681 2685 724 tractatu
2741 672 2809 724 de
2844 671 3078 741 Spiritus
3121 674 3291 726 sancti
3347 673 3674 742 mystagogia
3709 673 3774 726 ad
3807 689 3869 725 ca
3900 689 4020 740 qua:

2453 763 2660 830 potiora
2727 763 2830 816 sibi
2892 763 3214 817 videbantur
3245 764 3465 832 respicit
3499 764 3815 816 Latinorum
3851 777 4011 831 argu-

2453 860 2632 903 menta
2661 862 2716 904 ct
2745 851 2857 904 suis
2907 852 3462 907 demonstrationibus
3487 869 3674 907 eorum
3734 853 4016 905 refutatio-

2452 957 2574 994 nem
2630 942 2984 998 intermiscet.
3031 944 3294 999 Przeclare
3324 955 3548 1000 noverat
3600 945 3818 999 Latinos
3860 944 4018 998 inniti

2453 1032 2745 1086 Bibliorum
2801 1035 3145 1099 testimoniis,
3202 1051 3264 1090 ac
3330 1035 3670 1105 potissimum
3713 1033 3872 1089 Joan.
3907 1051 4017 1096 xvi,

2455 1123 2840 1186 l3-l5;GaIat.
2869 1139 2940 1187 IV,
2965 1124 3028 1187 6;
3063 1124 3215 1177 Rom.
3241 1140 3358 1188 vui,
3389 1125 3443 1188 9,
3477 1135 3531 1178 et
3551 1141 3770 1179 suorum
3797 1123 4014 1178 Patrum

2451 1214 2780 1279 auctoritati,
2814 1215 3045 1268 maxime
3077 1217 3366 1280 Ambrosii,
3386 1217 3852 1288 Augustiniatque
3880 1217 4012 1272 Hie-

2455 1305 2682 1374 ronymi.
2718 1306 2871 1370 Quod
2900 1305 2944 1358 si
3007 1305 3285 1360 Ratramni
3335 1307 3590 1362 Ainezeve
3619 1308 3818 1378 scripta
3847 1309 3931 1361 vel
3955 1324 4020 1362 ex

2453 1403 2564 1448 toto
2601 1395 2685 1449 vel
2737 1411 2803 1449 ex
2854 1405 3004 1465 parte
3040 1397 3267 1465 legerat,
3316 1398 3407 1452 ubi
3453 1399 3768 1453 Grtecorum
3802 1414 4019 1467 quoquc

2455 1485 2740 1538 Doctorum
2766 1495 2944 1538 textus
2973 1483 3290 1555 allegantur,
3311 1486 3408 1540 bos
3435 1487 3625 1540 callide
3649 1486 4020 1540 dissimulasse

2451 1572 2711 1626 dicendus
2745 1581 2846 1624 est.
2871 1573 2976 1626 Sed
3008 1573 3060 1625 in
3087 1573 3190 1626 line
3214 1573 3381 1627 nostri
3405 1573 3585 1643 operis
3610 1574 3749 1642 (cap.
3777 1574 3867 1642 96)
3898 1573 4018 1643 pol-

2451 1662 2665 1723 licetur,
2714 1679 2734 1712 ‹
2773 1661 2818 1714 si
2850 1671 3131 1714 convertat
3172 1661 3429 1715 Dominus
3477 1661 3739 1716 librorum
3788 1672 3842 1716 et
3872 1677 4018 1715 ama-

2451 1755 2736 1808 nuensiunt
2778 1769 2999 1807 suorum
3037 1753 3430 1821 captivitatem,
3474 1772 3492 1805 ι
3529 1753 3604 1807 illi
3628 1754 3715 1807 cui
3748 1753 3852 1809 hoc
3879 1770 4017 1824 opus

2383 1830 2806 1918 Bnuncupavit,
2870 1849 3031 1903 etiam
3083 1847 3226 1902 dicta
3284 1857 3447 1917 atque
3507 1849 3826 1911 sententias,
3883 1864 4018 1916 quas

2459 1959 2476 1991 ι
2517 1941 2663 2004 novi,
2697 1959 2717 1991 ι
2745 1955 2881 2009 quos
2919 1949 3094 2003 vocat,
3135 1957 3154 1989 ι
3185 1938 3662 1992 Pneumatomachi
3694 1939 3746 1992 in
3779 1939 4016 1992 medium

2456 2033 2756 2102 proferunt,
2790 2051 2808 2084 ι
2851 2047 3029 2085 causa:
3073 2046 3184 2085 suae
3211 2030 3712 2099 patrociniuminde
3744 2039 4014 2098 petentes,

2454 2138 2562 2176 una
2592 2138 2715 2176 cum
2747 2121 3066 2190 opportunis
3090 2121 3511 2175 refutationibus
3536 2121 3762 2189 adjectis
3792 2121 4014 2174 Patrum

2455 2212 2778 2270 testimoniis
2802 2225 2920 2266 sese
2947 2210 3410 2264 transmissurum.
3438 2209 3490 2263 Id
3519 2226 3642 2264 eum
3675 2210 4016 2279 postmodum

2453 2305 2769 2375 przestitisse
2822 2303 2969 2358 nullo
3018 2303 3256 2356 historia:
3305 2305 3633 2356 documento
3685 2302 4010 2364 edocemur;

2453 2411 2647 2450 verum
2677 2393 2809 2448 illud
2846 2408 2977 2448 sane
3009 2403 3158 2446 recte
3183 2393 3505 2462 colligimus,
3554 2392 3806 2445 Photitnn
3856 2392 4018 2444 multo

2455 2487 2631 2555 plura,
2693 2500 2857 2555 quam
2914 2485 2970 2538 in
3023 2485 3126 2538 hoc
3162 2489 3392 2538 tractatu
3420 2483 3668 2552 protulit,
3704 2483 4014 2536 Latinorum

2455 2585 2772 2646 argumenta
2817 2574 3135 2647 cognovisse
3164 2583 3220 2628 et
3244 2588 3308 2627 ex
3333 2573 3654 2626 auctoritate
3686 2574 3851 2642 petita
3881 2589 4015 2644 prte-

2454 2670 2610 2724 sidia.

2525 2757 2577 2811 5.
2644 2756 2750 2810 Sed
2807 2772 3052 2828 quaenam
3115 2765 3198 2812 est
3240 2755 3329 2810 illa
3386 2754 3604 2825 βιϐλίων
3656 2755 3747 2807 καὶ
3778 2755 4017 2823 ὑπογρα-

2456 2850 2599 2918 φέων
2652 2850 3015 2920 αἰχμαλωσία,
3046 2864 3206 2919 quam
3275 2848 3361 2903 hic
3404 2847 3630 2902 Photius
3691 2861 4020 2901 commemo-

2457 2946 2579 2998 rat?
2618 2943 2696 2999 Ne
2724 2947 2789 3000 ad
2814 2945 2962 3015 prius
2995 2945 3172 3000 Photii
3204 2945 3450 2998 exsilium
3483 2944 3584 2998 hoc
3612 2943 3927 3006 referamus,
3968 2941 4020 2994 in

2456 3053 2563 3107 quo
2619 3037 2931 3106 frequenter
2983 3038 3050 3091 de
3122 3037 3382 3090 librorum
3468 3035 3675 3105 jactura
3733 3032 4020 3102 conqueri-

2458 3137 2563 3192 tur,
2626 3137 2810 3182 vetare
2861 3127 3075 3180 videtur
3129 3141 3250 3196 cap.
3299 3125 3387 3192 89,
3434 3125 3576 3179 unde
3637 3133 3784 3194 patet
3830 3124 4020 3177 librum

2455 3220 2820 3288 conscriptum
2873 3219 3041 3272 fuisse
3079 3217 3326 3287 pluribus
3361 3227 3482 3286 post
3508 3216 3688 3270 Photii
3721 3215 4018 3268 restitutio-

2457 3327 2580 3365 nem
2609 3312 2764 3365 annis
2787 3311 3008 3380 elapsis,
3036 3323 3139 3364 nec
3165 3318 3288 3363 ante
3308 3324 3398 3362 an.
3419 3308 3540 3373 885,
3567 3324 3688 3362 cum
3717 3308 3938 3362 Adriani
3958 3306 4023 3361 IlI

2462 3399 2665 3452 mentio
2718 3399 2826 3452 flat.
2888 3399 2943 3452 Si
2990 3415 3128 3468 opus
3175 3399 3335 3468 paulo
3394 3406 3520 3467 post
3577 3399 3811 3468 priorem
3845 3398 4020 3452 Photii

2460 3489 2830 3557 expulsioncm
2862 3499 3135 3543 exaratum
3162 3489 3371 3554 fuisset,
3399 3489 3555 3558 plana
3590 3491 3701 3544 fere
3731 3501 4022 3559 apertaque

2465 3581 2804 3634 exstitissent
2835 3595 2899 3633 ea
2926 3594 3046 3647 qua:
3073 3579 3140 3632 de
3164 3578 3426 3633 librorum
3455 3579 3888 3647 scriptaruinqne
3929 3596 4023 3646 pe-

2469 3673 2622 3726 nuria
2655 3672 2874 3736 scribit;
2909 3670 3058 3738 [151]
3086 3669 3311 3725 Joannis
3337 3685 3462 3724 vero
3490 3669 3594 3723 VIII
3627 3681 3679 3725 ct
3709 3673 3930 3724 Adriani
3957 3672 4021 3725 Ill

2463 3763 2666 3815 mentio
2700 3778 2813 3815 rem
2869 3761 3217 3817 interturbat.
3270 3760 3549 3825 Quomodo
3603 3762 3748 3814 enim
3801 3761 4024 3816 Pbotius

2461 3857 2562 3908 sub
2583 3852 2791 3907 Joanne
2831 3852 2943 3906 VIII
2975 3852 3288 3907 solemnitcr
3317 3852 3430 3907 sedi
3475 3852 3790 3916 restitutus,
3838 3852 4017 3907 Basilii

2466 3943 2806 4012 impera'oris
2847 3943 3060 4012 gavisus
3112 3944 3314 4013 gratia,
3358 3944 3762 4014 potentissimus
3810 3943 3925 3998 fere
3969 3945 4022 3997 in

2461 4035 2750 4099 omnibus,
2785 4034 3041 4088 librorum
3076 4036 3591 4104 amanuensiumque
3642 4035 3879 4103 inopiam
3924 4051 4021 4104 pa-

2464 4127 2735 4181 tiebatur?
2765 4127 2954 4180 Posset
2972 4135 3026 4181 et
3053 4127 3120 4182 de
3147 4129 3316 4182 altero
3350 4128 3540 4182 exsilio
3578 4129 3678 4182 sub
3710 4126 3888 4181 Leone
3919 4125 4018 4180 Sa-

2464 4219 2645 4290 pienti;
2675 4218 2858 4272 haberi
2909 4219 3181 4288 suspicio;
3213 4219 3265 4273 id
3297 4229 3606 4288 temporum
3655 4219 3846 4272 rationi
3891 4233 4024 4274 con-

2463 4316 2701 4377 generet,
2720 4323 2840 4361 cum
2861 4307 3109 4362 exsilium
3133 4307 3276 4362 istud
3293 4308 3494 4362 incidat
3511 4309 3562 4361 in
3588 4324 3679 4362 an.
3694 4307 4021 4363 886.Verum

2404 4513 2446 4570 υ
2473 4482 2629 4535 πάπα
2669 4482 2913 4570 Ίῳᾴννου
2939 4482 3030 4570 τον
3054 4482 3497 4570 ἐκκλησιαστιὶιξν
3523 4483 3621 4568 τῆς
3657 4483 3876 4570 Ῥωμτγς

2473 4571 2561 4604 νον
2588 4551 2923 4620 κοσμοῦντας
2955 4552 3016 4605 τὸ
3043 4551 3248 4605 τοιοῦτο
3282 4552 3544 4621 σύμϐολον
3577 4554 3727 4619 ᾶγιον
3756 4557 3847 4605 καὶ
3876 4551 4024 4604 εὐσεο

2473 4624 2624 4682 Eata;
2656 4623 2859 4686 πλῆρες
2899 4623 3197 4686 ὁμολογεῖν,
3228 4623 3364 4686 ὅπερ
3401 4619 3492 4675 οὖν
3524 4624 3617 4675 καὶ
3645 4627 3692 4675 οἱ
3727 4621 3786 4686 ἐξ
3817 4623 4025 4674 ἐκείνου

2477 4625 2624 4682 Eata;
2656 4625 2859 4690 πλῆρες
2899 4625 3197 4691 ὁμολογεῖν,
3228 4625 3364 4692 ὅπερ
3401 4625 3492 4675 οὖν
3524 4625 3617 4675 καὶ
3645 4627 3692 4675 οἱ
3727 4625 3786 4686 ἐξ
3817 4625 4025 4674 ἐκείνου

2477 4694 2636 4760 μέχρι
2679 4694 2771 4744 τοῦ
2821 4691 2914 4742 νῦν
2959 4692 3052 4744 καὶ
3093 4692 3284 4760 γνώμῃ
3336 4692 3620 4761 στέργουσι
3665 4694 3759 4745 καὶ
3805 4691 4025 4760 γλώσσῃ

2473 4761 2924 4829 ἀνακηρύττουσι.
2958 4763 3066 4814 Καὶ
3101 4761 3370 4824 ἀπόδειξίς
3399 4779 3486 4829 μοι
3515 4762 3606 4814 τοῦ
3638 4762 3796 4828 λόγου
3828 4761 3889 4813 τὸ
3919 4761 4026 4812 τῶν

2474 4831 2817 4897 Εὑαγγελίων
2843 4831 3259 4898 ἁμεταποίητον,
3286 4847 3339 4882 κ.
3377 4833 3523 4900 πᾶσα
3549 4834 3733 4900 γραφὴ
3761 4829 4021 4900 πατρική,

2473 4901 2506 4969 ἡ
2535 4901 2594 4950 τὸ
2626 4900 2843 4967 Πνεῦμα
2871 4900 3102 4965 λέγουσα
3131 4903 3194 4952 ἐκ
3226 4899 3436 4966 Πατρὸς
3467 4899 3887 4968 ἐκπορεύεσθαι,
3908 4900 4028 4969 δίχα

2474 4968 2789 5038 προσθήκης
2845 4969 2974 5038 παρ’
3023 4971 3203 5032 αὐτοῖς
3255 4971 3347 5022 καὶ
3397 4970 3875 5039 ἀναγινωσκομένη
3935 4968 4026 5021 καὶ

2470 5039 2728 5105 ὁμολογου
2738 5040 2890 5106 μένη.

2541 5110 2617 5176 (8)
2651 5110 2702 5161 Id
2734 5118 2878 5176 patet
2900 5123 2970 5178 ex
2999 5106 3156 5178 Joan.
3183 5107 3297 5161 Vlll
3338 5108 3600 5176 epistolis,
3627 5117 3688 5162 ut
3739 5108 3903 5178 epist.
3938 5110 4022 5172 I7,

2470 5179 2539 5233 ΞΟ
2578 5181 2642 5231 ad
2676 5178 2870 5232 Ursum
2899 5177 3086 5231 Venet.
3120 5177 3308 5232 ducem
3339 5179 3584 5246 aliisque.

2541 5248 2616 5315 (9)
2669 5247 2871 5302 Beccus
2914 5249 3055 5315 apud
3104 5247 3262 5300 Allat.
3310 5250 3371 5302 de.
3411 5248 3730 5317 Purgatorio
3777 5247 4023 5315 Append.

2474 5335 2522 5387 p.
2557 5319 2662 5372 625
2686 5319 2772 5371 ed.
2803 5319 2955 5370 Rom.
2995 5318 3133 5371 1655
3161 5317 3344 5379 refert,
3376 5327 3428 5371 et
3453 5318 3520 5387 ad
3554 5318 3686 5371 alios
3713 5317 3874 5371 Italos
3911 5317 4023 5384 epi-

2470 5385 2666 5452 SCopos
2711 5389 2811 5441 bac
2855 5389 2921 5440 de
2956 5402 3119 5440 causa
3144 5387 3418 5453 scripsisse
3447 5385 3720 5448 Photium,
3754 5402 3816 5439 ac
3848 5387 4024 5438 nomi-

2469 5462 2636 5510 nutim
2664 5459 2729 5511 ad
2771 5458 3029 5510 Marinum
3056 5456 3438 5517 Castellanum,
3469 5454 3831 5510 Gaudericunt
3879 5455 4018 5508 νε)ιί-

2471 5537 2704 5584 ternutn.
2737 5539 2789 5580 et
2809 5526 3124 5580 Zachariam
3152 5525 3515 5595 Anagninum,
3538 5527 3630 5593 qui
3661 5527 3712 5578 in
3744 5527 3862 5593 ejus
3891 5535 4022 5577 tem-

2469 5599 2616 5664 poris
2648 5598 3011 5651 monumentis
3039 5595 3319 5662 aliquoties
3355 5604 3667 5658 occurrunt,
3695 5611 3758 5648 ac
3794 5608 4018 5662 praeser-

2469 5668 2648 5789 tim8
2673 5669 2901 5723 concilio
2932 5666 3174 5721 Romano
3218 5681 3268 5719 a.
3307 5666 3408 5719 879
3438 5674 3493 5718 et
3527 5681 3682 5719 conc.
3721 5665 4017 5718 Ilavennat.

2469 5752 2514 5789 a.
2659 5778 2670 5789 .

2467 5752 2514 5790 a.
2549 5738 2670 5792 878.
