4234 6432
279 388 388 455 ωδ

975 388 1075 453 DE
1110 389 1178 453 S.
1217 390 1413 453 SPIR.
1446 388 1945 453 MYSTAGOGIA.
1974 412 2044 427 -
2070 386 2808 452 ANIMADVERSIONES.

3385 378 3498 447 £06

278 502 418 559 liber
444 508 630 559 noster
662 508 865 574 prater
891 499 1036 559 hanc
1076 501 1428 559 scribentium
1473 502 1842 573 librarumque
1870 506 1918 562 Α
1944 499 2267 558 innotuisse.
2296 500 2432 557 Cum
2461 512 2592 555 vero
2620 498 2891 555 Adrianus
2916 507 3104 551 mense
3129 491 3269 552 Ilan
3303 506 3355 550 a.
3388 491 3496 549 885

280 594 658 666 αἰχμαλωσίαν
678 595 929 666 nuspiam
958 595 1199 651 ostendit
1220 604 1498 652 auctorem
1532 595 1723 652 exsilio
1756 604 1839 650 at-

278 698 388 753 que
421 699 655 739 maerore
684 684 935 739 affectum
961 725 976 748 ,
1008 685 1118 739 imo
1143 683 1199 738 in
1221 684 1340 755 ipso
1366 685 1589 741 exordio
1617 683 1760 756 (cap.
1786 684 1840 755 1)

281 790 545 847 prospera
585 785 826 845 tempora
869 776 973 831 sibi
1017 792 1050 831 a
1094 776 1444 834 Providentia
1472 792 1729 833 concessa
1762 777 1843 830 vi-

279 865 445 923 detur
486 867 783 923 insinuare.
836 869 1027 925 Dicere
1070 871 1193 940 quis
1232 879 1417 941 posset
1446 870 1694 925 Photium
1740 869 1841 924 ista

283 957 566 1027 scripsisse
612 958 697 1014 vel
740 960 1023 1031 scriptioni
1069 960 1231 1017 ﬂnem
1266 963 1587 1033 imposuisse
1625 979 1655 1017 a
1704 962 1842 1017 Leo-

282 1062 355 1102 ne
399 1046 461 1101 Vl
498 1049 663 1120 gradu
710 1059 950 1117 motum,
994 1053 1236 1107 nondum
1286 1061 1467 1109 tamen
1507 1054 1839 1124 iudicatum,

284 1138 513 1211 ideoque
559 1142 615 1196 in
657 1144 989 1199 monasterio
1028 1146 1145 1200 otio
1187 1144 1492 1206 fruentem,
1524 1160 1621 1216 spe
1660 1155 1842 1200 tamen

283 1230 533 1286 vincendi
577 1232 1010 1289 adversariorum
1056 1244 1283 1291 conatus
1332 1237 1510 1292 adhuc
1554 1237 1841 1307 repletum.

283 1316 471 1388 Neque
506 1319 610 1375 hoc
636 1320 892 1388 oﬂiceret,
926 1322 1070 1392 quod
1100 1324 1154 1378 in
1184 1325 1306 1379 cod.
1332 1324 1580 1380 Column.
1618 1325 1845 1381 Photius

284 1417 457 1462 semet
480 1408 839 1477 patriarcham
854 1411 1089 1480 appellat
1106 1412 1162 1466 in
1191 1412 1584 1482 inscriptione;
1609 1427 1669 1467 se
1696 1414 1842 1467 enim

283 1512 521 1569 semper,
555 1501 721 1556 etiam
756 1502 812 1556 in
849 1502 1019 1572 priori
1064 1505 1259 1561 exsilio
1279 1544 1297 1571 ,
1326 1505 1625 1577 legitimum
1651 1505 1845 1561 habuit

285 1588 651 1658 patriarcham
692 1601 749 1647 et
796 1592 864 1648 de
900 1593 1023 1663 jure
1070 1610 1225 1650 nova:
1274 1595 1458 1651 Roma
1506 1595 1840 1666 episcopum.

285 1678 426 1744 Quid
455 1680 636 1749 itaque
661 1681 989 1737 dicendum?
1024 1683 1097 1739 At
1124 1699 1213 1739 res
1237 1684 1372 1739 tanti
1402 1699 1513 1739 non
1544 1699 1663 1740 esse
1692 1683 1843 1739 vide-

286 1777 390 1826 tur.
421 1771 481 1826 ln
514 1771 679 1842 priori
702 1773 892 1828 exsilio
920 1774 1252 1844 amplissima
1280 1775 1540 1831 librorum
1570 1773 1839 1837 collectio,

284 1877 447 1931 quam
494 1863 596 1918 sibi
644 1863 870 1919 Photius
896 1872 1338 1935 comparaverat,
1386 1865 1598 1935 direpta
1634 1865 1844 1919 discer-
1873 1844 1916 1900 Β

286 1963 488 2024 ptaque
538 1953 676 2020 fuit;
741 1954 862 2010 libri
933 1955 1162 2011 fortasse
1217 1955 1469 2011 restituto
1521 1955 1845 2026 patriarchae

286 2045 482 2100 redditi
546 2060 825 2122 nunquam
884 2045 1066 2113 fuere;
1134 2061 1499 2102 amanuenses
1570 2061 1700 2101 vero
1789 2056 1845 2102 et

287 2134 674 2205 tachygraphi,
730 2151 868 2205 quos
934 2144 1095 2191 antea
1145 2137 1201 2191 in
1247 2147 1503 2207 promptu
1548 2137 1844 2201 habuerat,

284 2225 565 2281 nescimus
594 2241 702 2296 quo
724 2242 852 2283 casu
876 2236 1073 2297 praesto
1114 2242 1225 2282 non
1267 2227 1502 2298 amplius
1546 2237 1722 2291 erant,
1774 2227 1846 2282 ob

285 2317 649 2386 suspicionem
681 2317 908 2373 fortasse
955 2318 1230 2389 politicam
1258 2320 1491 2375 detenti.
1513 2316 1711 2374 Verum
1743 2319 1848 2373 hoc

283 2408 534 2465 fortassis
564 2425 675 2465 non
721 2411 937 2480 penitus
983 2412 1242 2468 omnibus
1282 2410 1567 2467 satisfacit.
1610 2410 1751 2477 Quid
1804 2410 1849 2465 si

285 2500 500 2555 dicatur
531 2499 784 2556 Photium
818 2501 1181 2559 Providentiae
1220 2518 1348 2575 erga
1378 2518 1437 2562 se
1460 2502 1847 2574 benignitatem

291 2591 347 2645 in
372 2592 476 2647 hoc
503 2594 830 2662 reposuisse,
851 2594 1018 2664 quod,
1048 2595 1247 2650 amotis
1267 2596 1436 2661 curis,
1466 2594 1633 2649 libere
1655 2593 1849 2649 studiis

289 2684 403 2738 suis
440 2699 633 2740 vacare
673 2695 885 2756 posset,
926 2686 1011 2742 vel
1040 2702 1179 2757 Opus
1218 2687 1372 2758 prius
1414 2702 1447 2742 a
1478 2702 1538 2742 se
1575 2686 1847 2757 inceptum

290 2789 435 2830 anno
451 2775 553 2831 886
570 2776 726 2831 initio
741 2777 915 2833 exsilii
940 2779 1254 2848 posterioris
1269 2778 1585 2842 absolvisse,
1611 2777 1663 2831 in
1688 2793 1849 2847 quem

289 2881 494 2921 annum
522 2866 777 2937 pleraque
808 2868 1177 2938 quadrarent?
1208 2868 1407 2924 Verum
1440 2879 1562 2925 utut
1586 2871 1695 2936 sit,
1739 2886 1853 2926 ma-

291 2958 385 3011 lim
419 2973 520 3030 ego
558 2960 828 3028 integrum
865 2960 1063 3015 librum
1102 2970 1328 3031 putare,
1368 2977 1529 3033 quam
1575 2963 1643 3018 ad
1682 2963 1852 3034 hypo-

291 3048 476 3104 theses
500 3049 812 3120 confugere,
838 3050 1024 3121 quales
1054 3051 1108 3105 in
1140 3052 1408 3108 similibus
1430 3054 1595 3109 rebus
1617 3054 1851 3126 confingi

291 3137 613 3207 plerumque
638 3138 849 3203 solent,
885 3139 1266 3210 interpolatum
1310 3156 1431 3197 esse
1468 3157 1607 3213 opus
1643 3152 1699 3199 et
1747 3144 1852 3199 alia

292 3229 564 3299 posterius
594 3230 771 3284 addita
813 3230 880 3284 iis
913 3245 1033 3300 qua:
1079 3231 1135 3285 in
1173 3231 1336 3300 priori
1395 3232 1631 3289 editione
1680 3234 1851 3291 habe-

292 3320 511 3373 bantur.
539 3319 791 3375 Attamen
830 3335 939 3375 non
969 3336 1105 3392 nego
1129 3332 1185 3377 et
1235 3322 1364 3378 illud
1396 3323 1671 3394 probabile
1695 3340 1851 3393 esse,

297 3407 550 3463 l’liotium
585 3408 761 3479 ipsum
794 3425 930 3480 Opus
966 3426 1078 3465 non
1122 3425 1231 3465 uno
1261 3412 1561 3481 eodemque
1610 3420 1854 3483 tempore

292 3497 640 3551 continenter
695 3500 1017 3570 scripsisse,
1065 3499 1161 3556 sed
1205 3501 1259 3555 in
1305 3501 1425 3557 aliis
1469 3517 1651 3557 rerum
1700 3502 1851 3576 [152]

292 3586 567 3655 adiunctis
597 3588 699 3641 alia
729 3588 1017 3644 addidisse.
1052 3589 1134 3644 En
1167 3605 1361 3645 rursus
1391 3590 1624 3646 fontium
1667 3592 1850 3663 inopia

292 3686 445 3731 certo
480 3691 595 3731 rem
624 3677 833 3732 definiri
875 3695 983 3734 non
1014 3680 1167 3735 sinit.
1205 3681 1387 3737 Donec
1430 3681 1667 3738 firmiora
1696 3698 1854 3755 repe-

293 3768 526 3833 riantur,
554 3768 682 3838 quid
716 3769 819 3823 sibi
846 3770 1182 3839 probabilius
1206 3771 1441 3838 videtur,
1469 3773 1631 3844 eligat
1662 3774 1853 3831 lector.

293 3858 501 3913 Eodem
525 3867 767 3927 tempore
791 3859 875 3913 vel
905 3860 1087 3929 potius
1111 3861 1273 3930 paulo
1297 3871 1423 3916 ante
1455 3863 1654 3933 scripta
1684 3865 1853 3922 fuisse

292 3946 511 4000 videtur
551 3945 775 4015 epistola
809 3945 878 4000 ad
904 3946 1305 4016 Aquileiensem
1349 3947 1852 4018 archiepisc0pum,

293 4038 352 4091 in
382 4051 487 4106 qua
518 4035 744 4092 Joannis
770 4034 912 4100 Vill,
933 4036 1043 4106 jam
1073 4036 1338 4101 defuncti,
1368 4051 1478 4091 non
1510 4053 1640 4093 vero
1666 4039 1855 4093 Adria-

293 4127 354 4184 ni
372 4125 444 4183 Ill
460 4126 519 4182 ιιι
534 4127 738 4183 mentio
762 4125 918 4199 (Vide
937 4135 1052 4182 not.
1082 4126 1151 4181 85
1175 4129 1240 4182 ad
1271 4142 1391 4197 cap.
1421 4126 1530 4199 89).
1553 4127 1856 4201 Utrumque

294 4232 427 4289 ergo
456 4232 591 4288 opus
632 4217 699 4273 ad
726 4217 915 4272 ultima
964 4228 1207 4288 tempora
1246 4218 1644 4289 patriarchatus
1672 4219 1854 4278 Photii

296 4317 528 4379 spectat.
566 4307 622 4365 ld
651 4310 987 4379 exploratum
1021 4316 1136 4376 est;
1167 4308 1376 4381 reliqua
1416 4326 1546 4367 vero
1578 4314 1855 4383 conjectu-

295 4400 376 4454 ris
408 4410 659 4469 campum
684 4400 952 4469 aperiunt.

1943 593 2228 649 defunctus
2254 595 2321 648 sit
2346 594 2507 662 idque
2534 591 2761 647 Photius
2788 587 3135 661 probabiliter
3155 585 3372 641 nonnisi
3398 584 3495 639 ali-

1941 694 2073 754 quot
2110 684 2309 753 elapsis
2352 683 2629 738 mensibus
2660 679 2944 743 didicerit,
2971 677 3130 733 facile
3172 676 3242 731 ad
3291 688 3495 730 annum

1940 775 2042 832 886
2091 776 2426 841 deducimur,
2468 790 2576 845 quo
2618 773 2816 829 Basilio
2862 770 3151 825 Macedone
3195 767 3496 823 decedente

1939 883 2004 924 ac
2033 866 2214 923 Leone
2228 867 2346 937 ejus
2368 867 2475 921 iilio
2504 865 2715 936 imperii
2736 864 2975 919 habenas
2998 871 3331 923 assumente,
3357 857 3496 912 Pho-

1940 960 2001 1014 tii
2040 974 2129 1013 res
2175 973 2363 1012 rursus
2400 958 2626 1011 turbata:
2657 964 2802 1010 sunt.
2837 952 3108 1008 Praeterea
3150 942 3373 1005 Adriani
3425 947 3495 1003 lll

1941 1049 2248 1119 synodicam
2279 1064 2390 1102 non
2418 1055 2479 1100 ut
2511 1061 2686 1115 nuper
2710 1060 2773 1099 ac
2812 1044 2975 1113 paulo
2998 1051 3124 1097 ante
3149 1040 3249 1094 sibi
3276 1040 3494 1093 missam

1941 1140 2133 1210 allegat
2162 1140 2385 1194 Photius
2410 1154 2425 1203 ;
2454 1138 2523 1192 ab
2558 1152 2619 1190 ea
2659 1137 2820 1189 missa
2849 1135 2915 1189 ad
2957 1144 3189 1202 tempus,
3219 1145 3326 1199 quo
3351 1128 3498 1182 Pho-

1941 1231 2051 1287 tius
2078 1230 2182 1285 ista
2224 1230 2469 1299 scripsit,
2514 1225 2851 1280 intervallum
2900 1222 3154 1291 temporis
3191 1218 3334 1274 haud
3363 1218 3498 1273 adeo

1941 1323 2107 1378 breve
2153 1320 2495 1391 cogitandum
2542 1318 2775 1373 videtur.
2837 1314 3002 1385 Igitur
3036 1313 3122 1367 vel
3153 1310 3381 1367 Photius
3431 1323 3500 1363 eo

1942 1422 2248 1479 momento,
2282 1427 2389 1482 quo
2425 1411 2513 1465 illa
2554 1408 2749 1463 litteris
2778 1404 3113 1477 consignavit
3134 1443 3150 1467 ,
3176 1403 3287 1474 jam
3330 1416 3363 1457 e
3403 1414 3499 1456 ca-

1942 1505 2136 1562 thedra
2165 1505 2411 1560 turbatus
2443 1511 2564 1560 erat
2588 1501 2676 1557 vel
2705 1501 2895 1556 saltem
2944 1496 3207 1567 ejusmodi
3233 1502 3497 1551 catastro-

1943 1599 2051 1669 phe
2078 1612 2188 1651 non
2211 1596 2304 1651 diu
2330 1604 2450 1666 post
2469 1594 2757 1649 subsecuta
2778 1599 2880 1647 est.
2912 1588 2968 1645 Si
2998 1588 3150 1659 prius
3173 1586 3497 1646 admittitur,

1943 1688 2197 1744 facillime
2240 1686 2540 1756 explicatur
2580 1680 2929 1754 αἱχμαλωσίσ.
2977 1678 3197 1749 βιϐλίων
3235 1676 3328 1729 καὶ
3364 1674 3499 1726 ὑπο-

1943 1780 2216 1850 γράφεων,
2249 1776 2319 1832 de
2344 1791 2449 1847 qua
2470 1774 2708 1844 loquitur
2735 1781 2790 1827 et
2817 1771 2991 1826 solum
3024 1766 3307 1823 diﬂicultas
3336 1772 3419 1819 est
3444 1763 3499 1817 in

1949 1872 2018 1926 iis
2062 1886 2183 1941 qua:
2207 1884 2273 1925 ex
2300 1884 2421 1938 cap.
2458 1867 2485 1921 1
2520 1865 2863 1935 colliguntur.
2898 1860 3023 1915 Haec
3061 1872 3189 1915 vero
3230 1855 3365 1911 solvi
3399 1868 3502 1923 po-

1949 1970 2054 2017 test
2098 1960 2183 2015 vel
2225 1974 2290 2014 ex
2346 1959 2413 2013 iis
2451 1972 2573 2027 qua
2640 1955 2837 2011 ibidem
2884 1948 3061 2023 [155]
3117 1957 3174 2004 et
3224 1948 3281 2002 in
3340 1945 3501 2002 Praef.

1945 2060 2225 2115 notantur,
2255 2049 2339 2104 vel
2368 2064 2435 2103 ex
2463 2048 2620 2103 allata
2661 2060 2823 2115 supra
2869 2044 3155 2099 verborum
3185 2041 3291 2095 huc
3331 2038 3505 2109 perti-

1946 2142 2191 2197 nentium
2223 2140 2599 2211 explicatione.
2622 2139 2734 2194 lmo
2761 2147 2871 2193 tota
2900 2136 3174 2193 evanescit
3195 2133 3500 2197 diﬂicultas,

1949 2234 1993 2289 si
2024 2233 2253 2290 incisum
2282 2233 2411 2287 illud
2432 2232 2532 2300 τῆς
2559 2230 2708 2294 θείας
2732 2229 2984 2301 προνοίας
3012 2227 3140 2296 εὐμ.
3167 2226 3221 2296 ή.
3252 2227 3335 2296 ὁρ.
3368 2238 3499 2288 non,

1950 2324 2026 2381 uti
2056 2325 2225 2395 prima
2255 2324 2432 2379 fronte
2460 2322 2763 2385 videbatur,
2788 2320 2854 2375 ad
2883 2318 3243 2375 conditionem
3270 2325 3501 2371 statum-

1950 2429 2055 2486 que
2081 2414 2318 2469 auctoris
2347 2412 2597 2477 refertur,
2630 2410 2780 2480 quasi
2809 2410 2951 2465 dicat
2970 2448 2984 2471 ,
3018 2423 3078 2464 se
3108 2407 3227 2464 ideo
3258 2404 3504 2477 petitioni

1951 2507 2287 2573 satisfacere,
2351 2506 2475 2576 quia
2537 2504 2768 2575 benigne
2819 2499 3158 2572 providentia
3203 2498 3304 2554 sibi
3357 2511 3506 2553 nunc

1951 2597 2276 2670 prospiciat,
2318 2596 2414 2651 sed
2458 2610 2524 2650 eo
2556 2594 2795 2663 legitimo
2826 2606 2987 2647 sensu
3023 2589 3347 2658 exponitur:
3395 2586 3509 2640 Deo

1950 2687 2171 2759 propitio
2211 2702 2320 2741 non
2368 2683 2586 2756 indigna
2636 2692 2730 2738 tuo
2769 2682 2823 2736 in
2872 2680 3038 2735 Deum
3083 2691 3268 2732 amore
3305 2685 3507 2745 tuoque

1950 2778 2219 2833 desiderio
2253 2774 2416 2845 hujus
2444 2774 2523 2829 rei
2551 2774 2644 2828 fiet
2670 2771 2980 2833 exsecutio;
3007 2768 3158 2823 sive:
3191 2766 3284 2821 Dei
3326 2765 3506 2837 provi-

1952 2868 2132 2923 dentia
2160 2873 2435 2920 annuente
2468 2879 2581 2918 rem
2624 2875 2979 2931 exsequemur
3005 2867 3060 2913 et
3101 2858 3170 2913 ad
3215 2856 3514 2915 terminum

1951 2958 2341 3028 perducemus,
2393 2955 2521 3011 vel:
2571 2955 2616 3009 si
2656 2953 2889 3023 benigne
2938 2964 3040 3005 nos
3085 2948 3302 3019 respicit
3341 2947 3511 3007 Deus.

1952 3049 2070 3104 Non
2097 3048 2402 3115 causaliter,
2434 3047 2527 3103 sed
2556 3042 2973 3100 conditionatiter
3003 3041 3269 3115 genitivus
3294 3038 3510 3096 absolu-

1955 3152 2042 3199 tus
2063 3142 2428 3213 accipiendus,
2450 3148 2505 3197 et
2530 3139 2662 3195 nihil
2685 3147 2767 3193 est
2784 3138 2926 3209 quod
2949 3151 3049 3192 nos
3070 3142 3224 3207 cogat
3244 3132 3507 3189 reddere:

1950 3236 2073 3301 quia
2090 3234 2172 3289 vel
2189 3249 2324 3288 cum.
2348 3231 2501 3299 Quod
2521 3232 2565 3287 si
2590 3246 2717 3287 vero
2738 3240 2865 3285 ante
2887 3228 3241 3299 posteriorem
3261 3241 3292 3282 e
3309 3226 3514 3279 throno

1950 3324 2322 3394 depulsionem
2372 3323 2532 3379 tinem
2582 3323 2720 3377 libro
2753 3322 3049 3392 imposuit,
3092 3319 3348 3389 adjuncta
3382 3316 3510 3371 talia

1951 3414 2108 3469 facile
2134 3413 2358 3486 cogitari
2390 3422 2653 3484 possunt,
2687 3413 2743 3467 in
2771 3411 2963 3483 quibus
2986 3410 3270 3481 deplorare
3298 3417 3512 3478 poterat

1951 3504 2302 3561 scribentium
2335 3504 2701 3573 librorumque
2729 3502 2995 3557 defectum
3022 3539 3039 3565 ,
3073 3508 3133 3555 ut
3157 3499 3212 3554 in
3262 3498 3512 3569 superius

1952 3592 2111 3648 dictis
2164 3592 2322 3646 allata
2363 3599 2510 3645 sunt.
2569 3590 2687 3644 Jam
2741 3588 2936 3645 Basilio
2984 3596 3281 3659 aegrotante
3334 3585 3512 3656 potuit

1955 3681 2181 3737 Photius
2226 3681 2504 3736 adversam
2550 3678 2820 3735 fortunam
2868 3677 3146 3747 experiri;
3198 3690 3510 3747 quanquam

1951 3787 2061 3827 non
2090 3787 2225 3842 opus
2258 3780 2341 3826 est
2367 3770 2435 3825 ad
2465 3770 2583 3829 hac
2610 3783 2909 3833 recurrere,
2937 3768 3127 3823 saltem
3160 3768 3226 3822 iis
3249 3767 3343 3837 qui
3375 3766 3511 3821 sim-

1953 3864 2157 3935 pliciori
2179 3862 2522 3933 explicationi
2548 3876 2709 3931 supra
2736 3860 2875 3916 datas
2907 3859 3188 3915 adhaerent
3219 3858 3351 3929 (l0).

2025 3955 2077 4008 7.
2114 3951 2219 4009 Sed
2247 3951 2469 4023 quinam
2494 3961 2650 4005 erant
2682 3949 2755 4003 illi
2784 3949 2967 4018 plures
2998 3946 3324 4016 majorisque
3353 3944 3511 4002 molis

1952 4044 2110 4112 libri,
2149 4044 2348 4115 quibus
2383 4041 2815 4096 adversariorum
2856 4038 3050 4099 fastum
3082 4048 3136 4093 et
3163 4038 3271 4097 alta
3313 4052 3509 4108 super-

1953 4136 2075 4195 cilia
2123 4134 2264 4193 ﬂecti
2316 4148 2380 4188 ac
2425 4132 2670 4188 funditus
2713 4129 2984 4204 proﬂigari
3023 4130 3280 4204 gloriatur
3322 4136 3512 4184 auctor

1958 4231 2101 4301 (cap.
2133 4226 2224 4294 t)?
2268 4224 2507 4281 Erantne
2548 4230 2675 4278 ante
2704 4222 2956 4277 Photium
2996 4222 3274 4277 uberiores
3304 4220 3403 4275 hac
3444 4219 3512 4275 de

1956 4336 2016 4377 re
2042 4327 2323 4383 tractatus,
2350 4314 2445 4387 qui
2474 4314 2649 4371 iusius
2674 4312 2989 4369 Latinorum
3013 4311 3335 4368 sententiam
3366 4310 3513 4365 refu-

1956 4419 2073 4467 tare
2117 4404 2491 4465 conabantur?
2522 4403 2663 4460 Num
2695 4413 2822 4461 ante
2848 4403 2999 4460 illum
3032 4403 3109 4458 ita
3134 4402 3512 4473 disputationis

369 4490 433 4591 ϐ..
459 4487 532 4545 Ut
562 4498 740 4545 tamen
770 4488 947 4561 quead
976 4490 1305 4562 propositam
1329 4492 1683 4561 quaestionem
1726 4509 1853 4549 sen-
1878 4526 1933 4586 Β
1958 4503 2041 4574 ign

1839 4525 1853 4536 -
1878 4526 1933 4586 Β
1958 4503 2104 4574 ignis.
2128 4506 2439 4565 exarserat,
2480 4506 2540 4553 ut
2566 4496 2799 4569 Spiritus
2837 4494 3009 4551 sancti
3039 4509 3103 4550 ex
3132 4494 3266 4549 Filio
3292 4508 3511 4565 prowe-

296 4585 525 4634 tentiam
556 4596 731 4635 meam
772 4597 1069 4652 proponam
1095 4626 1111 4652 ,
1142 4587 1505 4644 verosimilius
1536 4589 1668 4643 mihi
1716 4605 1855 4660 opus
1881 4585 1908 4586 ί
1958 4594 2126 4652 sionis
2168 4600 2464 4651 assertores
2516 4590 2625 4660 jam
2680 4588 2898 4643 abunde
2945 4586 3251 4642 confutatos
3294 4585 3514 4642 credere

295 4681 545 4725 nostrum
570 4672 710 4725 circa
740 4688 940 4726 annum
971 4674 1073 4729 886
1094 4677 1451 4746 compositum
1481 4694 1601 4733 csse
1625 4678 1853 4735 videtur.

298 4760 360 4815 Si
391 4777 498 4817 non
525 4760 780 4825 fallimur.
800 4764 929 4818 dum
954 4764 1129 4819 Photii
1160 4766 1322 4821 verba
1355 4768 1495 4837 (cap.
1519 4767 1643 4840 89):
1676 4786 1696 4821 ι
1721 4767 1854 4824 Cum

297 4853 465 4924 igitur
488 4855 660 4909 sancti
683 4870 746 4909 ac
768 4855 913 4910 beati
945 4857 999 4910 hi
1031 4858 1315 4927 pontilices
1337 4859 1431 4925 ita,
1455 4860 1583 4914 dum
1617 4860 1671 4913 in
1699 4861 1858 4915 terris

295 4945 565 5016 degebant
585 4986 601 5010 ,
627 4947 900 5002 senserint
930 4958 985 5003 et
1018 4949 1086 5002 ab
1114 4950 1200 5004 his
1227 4948 1384 5005 ﬂuxis
1417 4960 1471 5005 et
1494 4952 1858 5021 corruptibili-

296 5036 400 5099 bus
448 5035 608 5091 rebus
650 5038 717 5091 ad
748 5037 1215 5109 incorruptibilem
1241 5041 1403 5096 vitam
1431 5040 1486 5095 in
1512 5041 1613 5097 hac
1640 5041 1858 5097 confes-

295 5130 453 5185 sione
483 5130 815 5195 transierint,
842 5149 860 5182 ι
897 5146 1005 5185 non
1048 5132 1222 5189 solum
1257 5133 1326 5186 ad
1375 5131 1620 5202 priores,
1668 5147 1857 5188 verum

295 5227 463 5279 etiam
496 5225 563 5280 ad
591 5225 831 5295 proxime
870 5226 1208 5280 nominatum
1230 5224 1537 5295 pontiﬁcem
1563 5240 1859 5294 eorumque

296 5326 634 5386 postremum
708 5316 1023 5379 referimus,
1086 5326 1216 5373 tunc
1273 5325 1389 5371 tuto
1458 5314 1631 5386 colligi
1683 5325 1859 5386 potest

295 5406 596 5461 Adrianum
647 5405 754 5474 lli,
787 5408 923 5464 dum
969 5408 1084 5463 haec
1124 5408 1394 5462 scribebat
1436 5405 1698 5472 Photius,
1746 5408 1857 5477 jam

296 5500 444 5554 diem
479 5514 793 5570 supremum
821 5501 1021 5555 obiisse
1060 5499 1283 5569 ejusque
1320 5508 1547 5553 mortem
1592 5498 1717 5553 huic
1747 5499 1855 5568 jam

1958 4685 2229 4758 potuerit“!
2258 4686 2338 4738 An
2369 4697 2499 4738 vero
2526 4681 2751 4737 fortasse
2778 4680 2995 4734 Patrum
3036 4677 3342 4733 Grecorum
3362 4719 3378 4744 ,
3409 4676 3513 4731 Da-

1960 4777 2194 4833 masceni
2234 4792 2286 4830 v.
2333 4791 2447 4845 gr.,
2473 4788 2636 4843 opera
2672 4772 2969 4835 intellexit,
3008 4785 3128 4841 qua
3170 4778 3348 4823 tamen
3381 4784 3511 4823 nus-

1963 4866 2102 4935 piam
2153 4863 2220 4919 de
2271 4863 2372 4917 hac
2409 4863 2775 4917 controversia
2819 4859 3010 4931 agendi
3055 4873 3277 4928 scopum
3328 4859 3511 4913 consi-

1964 4956 2201 5025 liumque
2253 4951 2637 5013 manifestam?
2689 4949 2827 5005 Num
2880 4950 2995 5017 ipse
3052 4949 3187 5005 alios
3235 4948 3513 5004 uberiores

1957 5047 2121 5102 libros
2159 5047 2227 5102 de
2275 5046 2378 5101 bac
2408 5058 2468 5099 re
2506 5044 2771 5110 ediderat,
2809 5056 3040 5111 quorum
3082 5050 3260 5096 tamen
3301 5040 3512 5097 nullum

1956 5135 2236 5206 hucusque
2262 5134 2523 5189 habemus
2548 5134 2652 5188 hoc
2676 5140 2865 5187 nostro
2884 5145 3049 5200 opere
3071 5128 3512 5199 locupletiorem?

1954 5225 2229 5280 Posterius
2278 5239 2387 5278 non
2441 5221 2591 5296 [154]
2655 5221 2812 5278 facile
2864 5220 3279 5277 admittendum.
3331 5220 3511 5292 Longe

1956 5315 2087 5370 mihi
2107 5313 2415 5369 credibilius
2447 5313 2721 5377 Photium,
2754 5312 2845 5383 qui
2880 5313 3240 5368 ostentatione
3280 5311 3510 5381 quadam

1965 5408 2078 5463 fere
2116 5407 2311 5476 ubique
2352 5404 2658 5462 Grateorum
2697 5404 2914 5460 Patrum
2961 5404 3281 5476 theologiam
3308 5403 3508 5474 jactat,

1962 5499 2055 5569 qui
2093 5513 2213 5568 cap.
2244 5496 2312 5553 96
2358 5499 2427 5553 ad
2470 5497 2784 5553 earumdem
2825 5496 2964 5551 dicta
2994 5511 3023 5550 a
3059 5510 3120 5552 se
3161 5495 3243 5550 vel
3288 5496 3512 5550 collecta

373 5730 488 5807 (l0)_
520 5730 634 5785 lluc
665 5748 838 5803 usque
881 5734 1143 5803 ejusmodi
1171 5734 1495 5804 quaestiones
1533 5737 1834 5792 accuratius
1872 5741 2198 5805 pertractare
2226 5751 2329 5790 non
2365 5733 2673 5807 potuimus;
2706 5746 2982 5805 speramus
3036 5728 3159 5787 alibi
3229 5741 3329 5784 nos
3392 5739 3506 5782 me—

300 5802 434 5856 liora
459 5803 696 5857 daturos.
