4242 6438
722 390 828 454 407

1855 387 2114 450 ΡΗΟΤῙῙ
2148 387 2649 449 ΡΑΤΗΙΑΗΟΗΕ
2689 389 2797 450 CP.

3849 381 3955 446 408

721 502 806 558 vel
836 499 1133 570 colligenda
1171 508 1446 569 provocat,
1482 499 1675 554 horum
1721 507 2010 560 tractatus,
2037 497 2138 551 etsi
2175 512 2284 550 non
2319 506 2361 558 Α
2392 496 2654 550 rationem
2705 496 2880 559 affert,
2917 496 3060 564 quod
3103 495 3239 551 liber
3269 495 3405 550 nihil
3435 495 3551 551 fere
3579 495 3856 550 contineat
3889 497 3957 549 de

719 610 783 646 ex
833 592 1096 660 professo,
1128 601 1188 644 ut
1220 590 1322 644 dici
1349 591 1506 656 solet,
1549 591 1650 643 hac
1677 595 1746 644 de
1781 591 2002 643 materia
2045 599 2284 658 agentes,

720 682 904 750 specie
931 680 1193 734 duntaxat
1219 688 1274 733 et
1305 679 1524 734 silentio
1549 681 1728 748 potius
1747 695 1908 748 quam
1934 680 2140 748 apertis
2168 696 2290 732 ver-

722 775 802 828 bis
831 772 935 828 sibi
967 774 1362 842 quodammodo
1397 775 1638 829 faventes
1681 776 2007 842 resnexisse.
2035 776 2174 830 Sane
2219 775 2288 828 de

721 865 873 920 libris
900 867 1193 920 multorum
1220 882 1473 919 versuum
1517 867 1757 936 (στίχων)
1798 867 2055 935 loquitur,
2089 867 2288 935 quibus

719 958 920 1010 inserta
963 966 1120 1011 erant
1164 967 1500 1026 argumenta,
1539 974 1659 1026 quae
1686 959 1751 1012 ad
1796 957 2017 1012 Latinos
2058 959 2284 1012 convin-

721 1046 924 1100 cendos
963 1045 1155 1100 idonea
1207 1047 1516 1114 reputabat;
1556 1062 1619 1101 ea
1671 1063 1791 1116 quae
1834 1049 1885 1100 in
1932 1047 2015 1100 his
2043 1047 2287 1116 dispersa

721 1144 906 1197 erant.
958 1137 1209 1205 colligere
1260 1146 1313 1190 et
1359 1138 1640 1206 synoptice
1687 1137 1944 1191 exhibere
2002 1139 2287 1192 consilium

721 1235 975 1295 ceperat;
1009 1227 1234 1296 proinde
1265 1227 1316 1280 hi
1360 1228 1477 1281 libri
1510 1243 1617 1280 non
1652 1228 1703 1280 in
1735 1244 1840 1280 una
1872 1228 1959 1281 illa
1988 1229 2286 1296 quastione

724 1319 1094 1371 versabantur.
1125 1319 1202 1372 Ad
1238 1319 1335 1370 hos
1361 1333 1487 1370 vero
1519 1327 1774 1386 provocat
1799 1317 2023 1371 Photius
2051 1319 2116 1370 ad
2146 1319 2287 1371 anti-

724 1409 985 1477 quitatem
1026 1411 1510 1476 auctoritatemque
1537 1410 1650 1462 suis
1676 1410 1834 1462 dictis
1856 1409 2248 1462 conciliandam
2269 1449 2284 1470 ,

725 1501 970 1567 quamvis
993 1500 1104 1553 fere
1127 1501 1306 1554 omnia
1351 1517 1470 1570 quae
1493 1502 1719 1568 profert,
1744 1499 1943 1568 proprii
1972 1500 2056 1554 sui
2086 1500 2286 1570 ingenii

725 1591 868 1644 fctus
901 1591 1184 1644 exsistant.

794 1682 846 1734 8.
881 1681 1018 1734 Tum
1074 1682 1240 1750 ipsius
1270 1682 1388 1734 libri
1417 1683 1576 1735 verba
1609 1690 1722 1736 tum
1760 1684 1882 1737 cod.
1915 1683 2166 1738 Column.
2204 1687 2287 1738 in-

724 1774 947 1842 scriptio
969 1774 1196 1826 suadent
1247 1773 1439 1826 librum
1468 1785 1712 1827 nostrum
1735 1791 1840 1827 non
1860 1791 2015 1829 secus
2030 1792 2092 1830 ac
2115 1777 2283 1839 illum,

2392 603 2477 651 eo,
2506 588 2648 656 quod
2674 589 2857 642 missio
2882 586 3117 655 Spiritus
3141 588 3313 643 sancti
3339 603 3439 657 per
3477 585 3669 640 Filium
3700 587 3770 640 sit
3819 587 3960 639 ratio

2391 691 2489 730 cur
2535 678 2650 731 Filii
2702 679 2915 732 dicatur
2966 678 3220 747 Spiritus,
3277 677 3419 747 quod
3468 686 3647 731 tamen
3699 678 3753 730 in
3800 678 3961 730 titulo

2393 770 2554 824 trium
2587 770 2835 824 codicum
2859 786 3172 839 expressum
3203 779 3305 824 est.
3332 769 3436 823 Sed
3475 780 3653 839 potest
3686 769 3738 822 in
3769 769 3961 838 primis

2390 861 2494 915 dici
2529 861 2742 914 titulum
2801 877 2908 915 non
2947 871 3142 924 totum,
3176 862 3254 915 uti
3284 868 3482 924 exstat,
3508 861 3576 915 ab
3612 861 3730 930 ipso
3765 859 3962 914 Photio

2391 953 2558 1006 fuisse
2595 954 2942 1021 praepositum
2967 969 2981 1018 ;
3011 953 3206 1008 deinde
3233 963 3414 1022 potest
3445 961 3501 1007 et
3531 953 3659 1006 illud
3683 951 3960 1014 allirmari,

2390 1047 2491 1101 etsi
2523 1046 2734 1099 titulum
2766 1047 2881 1115 ipse
2928 1046 3203 1116 posuerit,
3255 1056 3434 1100 tamen
3479 1045 3749 1100 dictorum
3803 1043 3959 1113 copia

2389 1142 2670 1210 abreptum
2695 1141 2854 1208 hujus
2879 1140 2980 1203 rei,
3006 1153 3167 1208 quam
3195 1137 3538 1196 moliebatur.
3565 1135 3959 1205 expositionem

2389 1233 2635 1288 omisisse
2661 1234 2916 1303 pluraque
2947 1233 3174 1286 fortasse
3197 1232 3251 1283 in
3283 1238 3463 1283 mente
3494 1228 3770 1290 habuisse,
3796 1241 3960 1295 quam

2393 1340 2449 1377 re
2481 1325 2591 1393 ipsa
2625 1325 2953 1389 tractaverit,
3002 1324 3302 1393 prasertim
3331 1322 3373 1375 si
3415 1319 3713 1373 intervallis
3745 1329 3959 1386 tempo-

2391 1433 2508 1470 rum
2544 1426 2714 1470 totum
2753 1432 2889 1486 opus
2923 1415 3170 1486 perfecit.
3202 1413 3259 1466 Si
3290 1413 3432 1482 apud
3474 1411 3752 1482 Hugonem
3795 1409 3961 1463 Ethe-

2391 1509 2600 1563 rianum
2632 1511 2688 1577 (1.
2724 1526 2782 1572 ll,
2824 1525 2871 1565 c.
2910 1509 2999 1573 20,
3032 1525 3087 1579 p.
3125 1507 3283 1575 1255)
3309 1507 3535 1577 legitur:
3566 1526 3582 1557 ι
3614 1505 3732 1559 Non
3761 1505 3960 1559 dicitur

2393 1597 2626 1667 Spiritus
2676 1600 2793 1654 Filii
2826 1609 2884 1654 ut
2913 1598 3376 1654 consubstantiale
3405 1607 3459 1652 et
3491 1600 3577 1664 qui
3617 1598 3844 1649 mittitur
3871 1611 3961 1662 per

2390 1692 2582 1756 ipsum,
2621 1701 2676 1742 ut
2707 1690 2881 1743 Photii
2920 1691 3156 1744 declarat
3196 1689 3496 1756 descriptio,
3551 1706 3570 1739 ι
3615 1687 3829 1740 videtur
3872 1685 3960 1739 hic

2391 1780 2660 1847 inscriptio
2708 1779 3091 1848 intelligenda,
3137 1795 3299 1848 quam
3349 1790 3403 1831 et
3449 1775 3601 1846 Hugo
3643 1791 3753 1845 pra:
3787 1775 3960 1828 oculis

723 1867 816 1934 qui
857 1866 922 1918 ad
977 1865 1376 1934 Aquileiensem
1423 1867 1707 1934 przesulem
1747 1867 1947 1922 missus
1995 1868 2129 1929 fuit,
2171 1871 2286 1938 epi-
2318 1837 2364 1894 Β
2396 1837 2665 1934 habuerit,
2706 1869 2797 1939 qui
2829 1837 3090 1939 praeterea
3123 1837 3260 1922 nihil
3299 1885 3366 1923 ex
3396 1867 3497 1921 hoc
3530 1837 3695 1936 opere
3743 1866 3958 1934 allegat,

725 1958 876 2012 stola:
909 1957 1133 2010 formam
1166 1973 1274 2024 pra:
1311 1973 1369 2012 se
1404 1959 1610 2021 tulisse,
1638 1975 1757 2028 quze
1779 1960 1846 2014 ad
1868 1961 2046 2014 varios
2082 1962 2288 2016 directa

724 2050 958 2103 videtur.
998 2048 1132 2114 Quis
1162 2048 1303 2102 Beda
1333 2050 1622 2119 cpiscopus
1653 2051 1849 2114 fuerit,
1890 2052 1976 2104 cui
2017 2051 2138 2107 cod.
2184 2051 2289 2106 Co-

725 2139 921 2203 lumn.,
950 2141 1072 2208 quis
1103 2139 1396 2202 Eusebius,
1432 2142 1517 2194 cui
1547 2140 1749 2195 Beccus
1779 2141 1974 2194 librum
2005 2157 2289 2211 nuncupa-

724 2241 837 2285 tum
873 2232 1036 2292 dicit,
1069 2231 1398 2299 ignoramus.
1429 2233 1581 2297 Quod
1611 2233 1678 2286 ad
1720 2233 2011 2286 dictionem
2059 2244 2288 2304 spectat,

723 2325 885 2378 modo
931 2340 994 2378 ea
1041 2325 1447 2377 dialecticorum
1496 2326 1668 2378 instar
1701 2326 1917 2379 concisa
1957 2334 2068 2390 est,
2130 2327 2291 2381 modo

723 2416 1010 2471 rhetoricis
1041 2426 1231 2472 ornata
1263 2416 1506 2477 floribus.
1538 2418 1810 2472 interdum
1833 2418 2073 2489 elegans,
2108 2419 2291 2473 rudior

723 2511 879 2573 alias,
909 2510 1157 2564 affectata
1186 2526 1348 2580 saepe,
1378 2513 1472 2566 sed
1503 2514 1817 2582 plerumque
1840 2514 2127 2583 perspicua
2153 2515 2288 2583 (11),

722 2620 1004 2673 nunquam
1032 2605 1144 2658 fere
1176 2604 1323 2676 [155]
1357 2607 1572 2674 penitus
1598 2608 1707 2661 sale
1731 2608 2006 2661 destituta.
2044 2606 2294 2662 Ostendit

725 2705 1024 2761 auctorem,
1056 2696 1148 2764 qui
1201 2697 1368 2749 multa
1404 2697 1634 2767 legerat,
1680 2713 1746 2750 ex
1782 2699 1965 2751 multis
2018 2699 2292 2752 variorum

727 2798 1028 2857 temporum
1061 2789 1373 2843 auctoribus
1401 2791 1594 2858 stylnm
1626 2791 1726 2842 subi
1763 2789 2038 2843 formarat.
2081 2791 2294 2844 Acriter

725 2882 950 2935 omnino
987 2882 1210 2935 Latinos
1250 2883 1563 2936 insectatur.
1599 2885 1828 2936 Accusat
1860 2899 1953 2936 eos
1993 2893 2106 2936 tum
2139 2885 2293 2954 igno-

731 2972 941 3034 rantiaa,
967 2973 1188 3032 erroris,
1215 2973 1477 3033 stultitiae,
1502 2974 1744 3034 insania,
1792 2974 2044 3032 vesanias,
2069 2974 2290 3038 furoris,

727 3071 841 3117 tum
876 3066 1216 3126 temeritatis,
1258 3066 1516 3130 audaciae,
1564 3066 1930 3134 impudentire,
1974 3075 2086 3119 tum
2120 3068 2291 3120 hrere-

2387 1961 2529 2030 quod
2556 1963 2622 2015 ad
2651 1963 2790 2015 hanc
2817 1962 3171 2028 quaestionem
3199 1960 3488 2015 referatur.
3524 1956 3960 2026 Theopliylactus

2391 2054 2526 2122 (not.
2564 2052 2633 2107 '52
2653 2054 2719 2107 ad
2739 2069 2855 2124 cap.
2875 2053 2962 2124 60)
2979 2053 3177 2122 aliique
3197 2051 3522 2120 posteriores
3544 2048 3715 2103 Graeci
3751 2058 3958 2101 utram-

2388 2161 2494 2216 que
2519 2145 2818 2206 rationem,
2866 2143 3489 2200 consubstantialitatem
3524 2157 3586 2195 ac
3617 2140 3959 2202 missionem,

2388 2239 2565 2293 solent
2590 2238 2950 2309 conjungere,
2985 2246 3041 2292 et
3075 2236 3394 2307 propositio,
3439 2251 3541 2305 qua
3568 2235 3801 2305 Spiritus
3835 2231 3958 2286 Filii

2393 2330 2626 2401 Spiritus
2653 2329 2804 2402 [1'56]
2833 2331 2939 2385 dici
2964 2332 3033 2385 ob
3059 2331 3373 2385 missionem
3398 2329 3712 2392 affirmatur,
3736 2325 3960 2380 minime

2389 2439 2420 2474 a
2466 2433 2646 2477 mente
2673 2423 2851 2477 Photii
2893 2423 3169 2486 abhorret,
3204 2422 3294 2491 qui
3336 2423 3475 2490 (cap.
3509 2420 3598 2488 91)
3635 2417 3961 2488 multiplices

2393 2517 2556 2586 hujus
2607 2515 2738 2569 dicti
2803 2514 3041 2568 rationes
3105 2513 3369 2584 assignari
3424 2527 3584 2583 posse
3643 2511 3840 2572 tradit,
3900 2524 3964 2563 ac

2396 2615 2465 2680 (c.
2495 2609 2586 2677 85)
2625 2608 2862 2662 breviter
2887 2615 2943 2662 et
2973 2606 3105 2661 illud
3137 2606 3329 2675 tangit,
3351 2605 3496 2676 quod
3527 2605 3695 2659 Filius
3716 2606 3965 2657 mittatur

2390 2716 2420 2754 a
2447 2699 2654 2770 Spiritu
2684 2709 2894 2754 sancto.

2465 2792 2552 2846 10.
2601 2791 2676 2845 De
2709 2791 2940 2860 Spiritus
2971 2791 3145 2843 sancti
3179 2789 3505 2860 mystagogia
3545 2788 3742 2842 librum
3772 2787 3966 2843 inscri-

2393 2891 2547 2953 ptum
2595 2884 2765 2936 voluit
2806 2882 3053 2937 Photius.
3083 2882 3415 2936 Vocabulum
3456 2882 3560 2935 hoc
3598 2881 3834 2934 maxime
3864 2881 3962 2950 ipsi

2395 2976 2658 3030 familiare
2697 2975 2833 3046 (12),
2881 2991 2988 3028 non
3029 2991 3186 3029 secus
3230 2990 3294 3029 ac
3345 2976 3724 3044 μυσταγωγεῐν
3767 2974 3880 3043 (15)
3910 2982 3966 3026 et

2400 3067 2755 3135 μυσταγωγός
2784 3107 2798 3130 ,
2843 3067 3038 3120 Paulus
3067 3083 3120 3119 ν.
3163 3083 3241 3136 gr.
3291 3065 3567 3135 apostolus
3614 3064 3828 3134 μύστης
3875 3063 3967 3115 καὶ

728 3172 869 3218 seos,
913 3156 1275 3226 polytheismi,
1312 3157 1638 3225 impietatis;
1680 3158 1946 3210 horrenda
1976 3159 2055 3212 eis
2102 3169 2287 3212 contra
2317 3165 2356 3221 c
2397 3157 2754 3224 μυσταγωγός
2809 3156 2908 3224 ipsi
2963 3156 3159 3210 dicitur
3192 3155 3323 3224 (1.1).
3393 3155 3488 3208 Est
3531 3154 3750 3224 proprie
3793 3169 3966 3222 μυστ-

728 3249 888 3304 fidem
929 3249 1176 3319 impingit
1196 3237 1468 3312 crimina;
1498 3249 1705 3302 artibus
1733 3249 2180 3303 omnibusutitur
2224 3251 2289 3304 ad

729 3357 824 3396 eos
872 3341 1284 3395 confundendos
1323 3350 1377 3394 et
1423 3341 1766 3394 refellendos.
1805 3341 1934 3394 Mira
1966 3351 2049 3396 est
2094 3341 2292 3411 ingenii

730 3433 1048 3495 fecunditas,
1079 3449 1198 3503 quae
1229 3431 1387 3486 toties
1408 3433 1550 3486 dicta
1578 3433 1696 3486 aliis
1721 3442 1774 3486 et
1797 3434 1915 3486 aliis
1943 3435 2118 3488 modis
2147 3435 2297 3488 nmit

729 3526 940 3588 denuo,
993 3525 1144 3595 quasi
1179 3540 1365 3578 revera
1396 3540 1530 3577 nova
1562 3526 1687 3587 sint,
1736 3524 2070 3593 producere;
2112 3525 2294 3593 iniqua

732 3618 843 3672 fere
881 3633 1094 3687 semper
1119 3628 1202 3671 est
1227 3633 1348 3670 cum
1389 3615 1710 3670 adversariis
1737 3617 1926 3686 agendi
1965 3616 2122 3679 ratio,
2157 3633 2294 3686 quo-

732 3725 851 3764 rum
899 3710 1198 3763 doctrinam
1249 3707 1521 3777 perversis
1557 3722 1667 3759 non
1698 3707 1870 3759 solum
1908 3709 2256 3763 consectariis
2279 3749 2294 3772 ,

733 3801 822 3854 sed
854 3805 1016 3854 etiam
1050 3799 1586 3869 interpretationibus
1624 3797 1920 3853 fcedissimo
1947 3800 2046 3853 sub
2075 3809 2295 3868 aspectu

732 3890 1016 3944 ostendere
1045 3889 1168 3941 totis
1199 3889 1402 3940 viribus
1431 3887 1666 3941 anhelat.

799 3981 852 4035 9.
892 3981 1083 4050 Operis
1111 3979 1390 4033 authentia
1422 3980 1493 4032 ita
1520 3978 1800 4031 manifesta
1832 3987 1931 4042 est,
1967 3989 2026 4032 ut
2052 3980 2119 4033 sit
2159 3989 2296 4033 tem-

734 4088 832 4140 pus
885 4085 1226 4134 consumere,
1276 4069 1413 4123 velle
1462 4069 1580 4135 ejus
1623 4078 1938 4139 argumenta
1981 4085 2294 4140 congerere.

732 4165 886 4230 Quod
931 4166 995 4218 ad
1045 4164 1162 4231 ejus
1218 4161 1578 4232 integritatem
1638 4171 1865 4229 spectat,
1919 4177 2096 4231 neque
2136 4179 2198 4216 ea
2241 4163 2297 4216 in

733 4255 957 4309 dubium
998 4253 1176 4307 vocari
1205 4261 1403 4322 potest.
1447 4251 1503 4306 ld
1534 4262 1711 4306 tamen
1748 4251 1977 4308 fortasse
2015 4254 2297 4308 dubitandi

803 4431 914 4496 (1i)
939 4429 1054 4483 Non
1083 4439 1260 4483 tamen
1294 4429 1430 4483 male
1466 4428 1518 4482 in
1554 4443 1750 4498 genere
1781 4429 1846 4482 A.
1874 4427 2091 4486 Scottus
2124 4431 2295 4496 (Prae-

734 4504 828 4556 fat.
886 4504 939 4554 in
993 4500 1313 4568 Amphiloch.
1345 4516 1437 4568 qu.
1486 4500 1573 4562 18,
1616 4499 1857 4566 Neapoli.
1915 4500 2084 4561 1814,
2117 4517 2172 4569 p.
2221 4507 2288 4568 v)
2322 4507 2370 4566 ο

735 4572 987 4626 monebat
1021 4590 1032 4624 :
1085 4590 1101 4620 ι
1143 4570 1487 4634 Compertum
1516 4577 1664 4632 est...
1692 4579 1952 4636 quantum
1984 4572 2144 4625 medii
2190 4573 2290 4626 aevi

734 4643 1044 4710 scriptores,
1069 4656 1128 4692 ac
1158 4640 1378 4710 Pltotius
1401 4641 1746 4710 ipsc,auctor
1766 4639 1961 4708 alioqui
1990 4641 2290 4695 disertissi-

736 4709 874 4772 mus,
916 4726 945 4763 a
995 4711 1167 4778 prisca
1213 4709 1477 4762 Atticismi
1511 4709 1773 4776 elegantia
1825 4710 2182 4773 desciverint,
2236 4720 2291 4764 et

733 4789 931 4849 quanta
987 4780 1221 4848 denique
1271 4779 1697 4849 obscuritateex
1746 4780 1933 4832 eodem
1983 4781 2292 4848 scriptionis

736 4848 867 4904 vitio
904 4865 1180 4903 sermones
1227 4849 1524 4917 praesertim
1567 4848 1872 4901 didascalici
1912 4849 2288 4904 obvolvantur.

737 4920 910 4974 Verba
948 4921 1090 4973 enim
1146 4919 1413 4982 teclmica,
1453 4927 1508 4971 et
1541 4918 1757 4985 quidem
1800 4919 2140 4976 scholastica.
2173 4935 2292 4987 qua:

739 4999 867 5044 tunc
920 4989 1359 5058 pererebuerant,
1414 4987 1935 5058 argumentationum
1996 4989 2290 5042 cavillatio-

737 5056 974 5128 numque
1029 5059 1384 5121 subtilitates,
1427 5057 1625 5125 quibus
1666 5056 1863 5126 ingenii
1913 5073 2140 5112 acumen
2176 5075 2293 5112 sese

731 5131 1002 5199 jactabat,
1050 5145 1113 5182 ac
1161 5129 1503 5199 periodorunt
1573 5128 1966 5195 μεγαλοκώλων
2024 5129 2290 5197 implicata

738 5197 1034 5268 prolixitas,
1076 5199 1132 5252 in
1163 5197 1277 5268 qua
1309 5197 1612 5268 prajcipuus
1646 5199 1906 5252 orationis
1933 5199 2127 5268 cultus
2159 5216 2293 5252 con-

736 5267 1083 5329 stituebatur,
1117 5279 1243 5323 sunt
1270 5267 1512 5336 quaedam
1545 5268 1707 5319 veluti
1747 5267 2150 5336 impedimenta,
2176 5285 2294 5337 qua:

737 5339 920 5393 lectori
961 5339 1027 5392 ad
1059 5353 1274 5392 sensum
1317 5347 1461 5391 recte
1493 5338 1783 5390 tenendum
1830 5339 2119 5392 identidem
2151 5340 2292 5408 obji-

734 5411 970 5466 ciuntur.
1015 5427 1034 5459 ι

805 5479 917 5550 (12)
939 5479 1022 5550 Cf.
1053 5479 1104 5532 in
1135 5494 1224 5548 0p.
1251 5489 1437 5533 nostro
1462 5494 1578 5550 cap.
1608 5481 1660 5541 5,
1690 5479 1779 5543 20,
1809 5478 1901 5542 23,
1923 5479 2012 5532 24.

805 5549 915 5617 (13)
951 5549 1081 5618 Cap.
1113 5551 1167 5612 2,
1199 5551 1288 5611 25,
1315 5551 1402 5609 28,
1435 5549 1521 5614 90,
1550 5559 1599 5602 et
1631 5566 1792 5616 saepe.

804 5620 918 5690 (14)
963 5617 1434 5690 Co’ntraiManit-It.
1481 5635 1538 5690 Il,
1571 5619 1660 5680 11.
1696 5618 1958 5681 (Galland.
1995 5617 2132 5670 Bibl.
2180 5618 2286 5671 PP.

733 5688 872 5751 XIII,
903 5705 954 5757 p.
983 5688 1128 5752 632.)
1161 5689 1246 5743 Cl'.
1279 5704 1363 5756 ep.
1401 5689 1526 5750 205,
1556 5706 1610 5758 p.
1641 5689 1766 5752 502;
1796 5703 1882 5756 0p.
1923 5699 2088 5741 nostr.
2117 5705 2163 5740 c.
2202 5692 2286 5742 48.

807 5759 916 5829 (15)
973 5759 1170 5813 Suidas
1217 5759 1320 5811 sub
1371 5759 1425 5811 ἢ.
1481 5775 1531 5811 v.
1585 5761 1978 5823 Μυσταγωγεί’
2020 5759 2290 5829 μυστήρια

734 5828 999 5882 ἔπιτελείσ
1039 5829 1115 5891 ὡς
1157 5830 1428 5900 μυστήρια
1461 5832 1581 5896 ἄγει
1633 5829 1664 5898 ἢ
1699 5829 2020 5881 ἐκδιδάσκει.
2054 5828 2284 5898 Hesych.

2393 3248 2627 3315 αγωγῶν
2673 3247 2764 3317 qui
2797 3247 2849 3301 in
2892 3249 3144 3318 mysteria
3170 3248 3339 3312 ducit,
3371 3247 3462 3316 qui
3497 3247 3606 3300 ritu
3643 3245 3966 3316 mysterioso

2395 3339 2592 3401 initiat,
2631 3348 2933 3401 consecrat,
2964 3337 3054 3407 qui
3085 3339 3334 3408 mysteria
3369 3337 3598 3408 perficit,
3641 3338 3729 3406 qui
3764 3344 3966 3408 myste-

2395 3427 2473 3480 ria
2497 3427 2738 3482 traditae
2764 3429 2922 3482 docet
2941 3426 3084 3496 (15);
3110 3427 3238 3481 hinc
3277 3427 3532 3481 sacerdos
3552 3441 3769 3496 quoque
3809 3442 3968 3494 μυστο

2395 3519 2608 3585 αγωγός
2635 3528 2981 3587 nuncupatur
3013 3518 3155 3588 (16);
3189 3518 3544 3587 μυσταγωγια
3576 3527 3660 3573 est
3698 3518 3964 3580 initiatio,

2397 3609 2685 3673 immissio,
2733 3609 2973 3662 inductio
3004 3608 3057 3662 in
3103 3611 3396 3680 mysteria,
3450 3623 3600 3664 sacra
3657 3608 3964 3671 institutio,

2400 3700 2541 3754 sacri
2577 3701 2873 3769 cujuslibet
2904 3701 3040 3755 ritus
3069 3701 3332 3771 perfectio
3363 3701 3493 3771 (17).
3527 3699 3695 3754 Porro
3727 3713 3852 3753 cum
3910 3698 3964 3752 in

2396 3793 2766 3846 ecclesiastico
2796 3793 3046 3861 loquendi
3079 3808 3180 3846 usu
3212 3801 3319 3846 tam
3355 3801 3693 3846 sacramenta
3717 3791 3968 3859 sacrique

2397 3883 2532 3936 ritus
2574 3899 2734 3952 quam
2783 3883 3031 3953 dogmata
3085 3884 3402 3939 sublimiora
3451 3883 3784 3952 rationisque
3820 3883 3968 3938 vires

2399 3975 2712 4030 excedentia
2739 3975 3088 4031 nominentur
3118 3977 3414 4047 μυστήρια,
3441 3977 3800 4045 μυσταγωγία
3829 3990 3968 4045 quo-

2398 4083 2502 4139 que
2534 4067 2694 4121 modo
2727 4068 2794 4122 ad
2828 4075 3164 4122 sacramenta
3195 4066 3448 4122 Ecclesia:
3473 4066 3612 4134 (18),
3643 4081 3706 4121 ac
3737 4081 3967 4136 preser-

2398 4163 2493 4216 tim
2543 4165 2611 4216 ad
2662 4161 2990 4230 baptismum
3025 4160 3137 4230 (19)
3183 4166 3239 4214 et
3274 4158 3671 4213 Eucliaristiam
3705 4159 3839 4226 (20).
3882 4172 3967 4211 re-

2399 4253 2590 4310 fertur.
2627 4269 2689 4307 ac
2713 4267 2854 4322 smpe
2883 4252 2937 4306 in
2969 4251 3257 4322 posteriori
3288 4251 3604 4320 acceptione
3639 4247 3789 4322 [137]
3824 4248 3966 4304 idem

2399 4440 2503 4510 sub
2534 4439 2594 4510 li.
2626 4457 2680 4510 v.
2717 4440 3012 4510 μυστήριον
3045 4437 3189 4504 ἄγει.
3215 4437 3298 4510 Cf.
3325 4437 3542 4510 Suicer.
3572 4436 3736 4510 Thes.
3770 4437 3844 4492 ib.

2465 4509 2576 4577 (16)
2624 4505 2819 4563 Suidas
2861 4505 3336 4578 ε”Μυσταγωγόςο
3403 4505 3617 4578 ἱερεύςο
3659 4506 3895 4578 Hesych.
3949 4526 3964 4562 :

2400 4575 2769 4647 Μυσταγωγός
2787 4596 2801 4610 ο
2834 4578 3012 4648 ἱερεὺς
3037 4579 3066 4628 ὁ
3086 4580 3209 4648 τσὺς
3234 4576 3439 4648 μύστας
3462 4575 3638 4644 ἄγων.
3667 4575 3810 4633 Sunt
3836 4592 3967 4633 vero

2401 4595 2769 4647 Μυσταγωγος
2787 4596 2801 4610 ο
2835 4595 2880 4630 ιε
2920 4595 3012 4639 ευς
3037 4595 3066 4628 ο
3086 4595 3209 4640 τους
3234 4595 3248 4648 ε

2401 4649 2597 4718 μύσται
2612 4677 2699 4719 ῌ-έ
2732 4595 3004 4719 μυσξὲρια
3027 4647 3248 4719 ςῑδότες.

2466 4719 2577 4786 (17)
2606 4716 2812 4772 Suiccr.
2842 4716 3004 4770 Thes.
3038 4716 3094 4769 h.
3129 4735 3183 4771 v.

2471 4784 2580 4856 (18)
2613 4787 2726 4842 l‘luc
2766 4795 3011 4856 spectant
3038 4788 3200 4840 verba
3231 4785 3357 4840 Eus.
3406 4784 3546 4840 Cas.
3583 4785 3726 4839 Hist.
3763 4787 3887 4840 eccl.
3923 4785 3965 4851 l,

2396 4858 2452 4920 2,
2482 4855 2545 4924 'p.
2579 4857 2649 4909 24
2691 4855 2804 4913 ed.’
2831 4856 2988 4910 Hein.
3019 4856 3176 4911 1829.
3227 4858 3314 4910 Ait
3359 4857 3502 4910 enim
3546 4855 3715 4910 Deum
3763 4856 3968 4910 Iudaeis

2399 4943 2494 4995 per
2534 4927 2748 4995 Moysen
2790 4927 3004 4981 dedisse
3039 4926 3235 4994 figuras
3270 4942 3333 4979 ac
3371 4926 3642 4995 symbola,
3675 4925 3879 4994 ἑτέρων
3908 4942 3968 4978 τε

2398 4997 2603 5060 νοητῶν
2653 4995 3021 5068 Θεῳρημάτων
3067 4995 3409 5068 εἰσαγωγὰς,
3467 4996 3581 5048 ἀλλ’
3637 4996 3736 5047 οὐκ
3794 4996 3967 5060 αὑτὰς

2399 5068 2643 5136 ἐναργεῖς
2673 5065 2773 5128 τάξ
2805 5065 3214 5136 μυσταγωκέας.

2471 5133 2580 5205 (19)
2609 5133 2816 5204 Cyrill.,
2839 5136 3056 5204 Chrys,
3076 5133 3402 5188 Theodoret.
3423 5135 3563 5203 apud
3578 5135 3706 5189 Klee
3734 5134 3786 5187 in
3823 5135 3964 5190 Hist.

2399 5207 2631 5274 dogmat.
2666 5206 2730 5270 Il,
2767 5223 2818 5274 p.
2849 5206 2947 5258 137
2973 5224 2986 5268 ;
3024 5205 3179 5258 l’hot.
3209 5206 3436 5272 Amphil.
3464 5221 3520 5274 q.
3548 5206 3647 5272 45;
3671 5206 3796 5258 Mai.
3818 5208 3968 5259 Nova

2400 5275 2608 5330 Collect.
2647 5276 2690 5340 l,
2728 5293 2785 5338 Il,
2823 5292 2878 5342 p.
2909 5276 2996 5328 99.

2471 5345 2581 5412 (20)
2613 5345 2804 5414 Chrys.
2833 5346 2886 5396 in
2919 5343 3069 5397 Rom.
3105 5359 3212 5407 xvi,
3244 5346 3313 5408 3;
3348 5344 3506 5414 Greg.
3539 5344 3695 5414 Nyss.
3717 5343 3774 5396 in
3805 5343 3966 5398 Cant.

2401 5414 2528 5500 lilee
2557 5415 2592 5468 Ι.
2624 5413 2772 5504 c‘.,'p.
2799 5415 2935 5504 1701;
2957 5414 3114 5484 Greg.
3145 5415 3273 5468 Naz.
3312 5413 3563 5504 orat."17,
3588 5431 3657 5504 ‘p.’
3813 5433 3825 5467 :
3855 5415 3967 5504 ἹΖὴν

2403 5486 2551 5554 ἱερὰν
2579 5488 2671 5537 καὶ
2704 5489 2815 5538 ἀνω
2846 5484 3115 5553 φέρουσαν
3150 5485 3554 5605 μυσταγωγίαν.
3587 5484 3670 5536 Cf.
3715 5485 3967 5536 Neander

2399 5554 2460 5606 K.
2494 5554 2556 5607 (ἰ.
2584 5553 2645 5616 ll,
2679 5571 2732 5623 p.
2764 5553 2886 5618 973,
2917 5555 3004 5607 ed.
3039 5554 3124 5606 Ill.
3184 5555 3294 5607 lmc
3332 5555 3748 5624 Chrysostomus
3786 5554 3964 5622 quoad

2400 5633 2686 5691 utrumque
2731 5634 3129 5677 sacramentum
3175 5625 3358 5677 fideles
3392 5639 3535 5692 sa:pe
3576 5633 3732 5676 vocat
3776 5641 3965 5692 μεμυ-

2399 5696 2872 5762 σταγωγημένους.
2920 5694 3054 5748 Vide
3081 5702 3136 5748 et
3175 5695 3482 5750 Casaubon.
3517 5695 3746 5749 exercit.
3773 5695 3861 5761 10',
3912 5696 3963 5746 in

2399 5765 2535 5816 Ann.
2569 5762 2799 5816 Baronii.

2446 5781 2535 5816 ιιη.
2569 5780 2799 5818 ῢζΙΓΟΠΙι.
