4242 6438
281 418 385 482 409

960 423 1058 485 DE
1096 423 1157 485 S.
1199 425 1390 486 SPIR.
1429 424 1925 485 MYSTAGOGIA.
1962 448 2031 459 -
2068 424 2800 485 ANIMADVERSIONES.

3386 418 3493 482 410

283 548 343 587 ac
374 530 679 602 λειτουργία
720 532 984 602 significat
1012 535 1145 603 (21),
1176 534 1336 588 modo
1381 534 1445 587 ad
1480 534 1836 604 theologicam
1868 540 1912 593 Α
1942 534 2286 586 constitutam
2322 534 2575 594 inveniri,
2614 549 2773 601 quam
2806 530 3005 585 sarculo
3046 545 3141 583 xm
3186 530 3272 583 illa
3302 530 3495 599 adepta

283 622 672 677 tnstitutionem
736 638 1052 693 sacramque
1110 626 1412 678 doctrinam
1476 626 1836 679 deuotandam

280 715 598 779 adhibetur;
648 725 806 783 atque
834 716 968 769 adeo
998 726 1110 770 tum
1143 718 1455 786 ἱερουργίαν
1494 727 1605 770 tum
1638 717 1838 785 ἱερολο-

279 806 399 872 γίαν
438 806 837 875 complectitur.
884 806 1217 875 Frequenter
1268 808 1491 860 Photius
1546 824 1833 874 μυσταγω-

281 895 401 962 γΙαν
450 895 582 949 dicit
638 894 1035 949 institutionem
1087 896 1478 965 dogmaticam,
1534 895 1835 948 doctrinam

278 986 534 1040 divinitus
568 986 850 1050 traditam;
880 986 959 1040 sic
981 986 1233 1054 Θεόσοφον
1260 986 1645 1056 μυσταγωγίαν
1677 994 1837 1039 vocat

288 1076 407 1130 fidei
446 1076 840 1145 expositionem
890 1091 954 1131 ex
984 1077 1441 1131 meumcnicorum
1481 1077 1833 1131 conciliorum

282 1165 689 1221 deﬁnitionibus
710 1167 1050 1235 desumptam
1074 1167 1219 1236 (22);
1251 1166 1330 1219 sic
1357 1166 1521 1219 verba
1548 1182 1835 1234 μυσταγωο

276 1258 411 1322 γεῖν,
448 1256 737 1323 θεολογεϊν,
795 1258 1089 1327 ἱερολογεῖν
1122 1256 1288 1310 veluti
1339 1271 1633 1326 synonyma
1674 1270 1833 1309 usur-

278 1357 365 1414 pat
396 1346 531 1415 (25).
565 1346 628 1399 Et
656 1347 760 1400 hoc
788 1357 948 1415 pacto
975 1347 1028 1399 in
1063 1362 1227 1415 opere
1254 1358 1437 1401 nostro
1462 1363 1649 1401 vocem
1680 1348 1835 1401 intel-

277 1437 424 1507 figit;
458 1438 668 1492 tradere
699 1438 813 1491 vult
844 1438 1143 1492 doctrinam
1176 1454 1382 1491 sacram
1408 1454 1470 1491 ac
1508 1439 1743 1492 divinam
1766 1440 1833 1493 de

277 1524 478 1593 Spiritu
515 1536 719 1588 sancto,
768 1542 891 1581 vera
927 1528 1176 1596 dogmata
1223 1529 1363 1582 circa
1397 1529 1610 1581 tertiam
1650 1528 1833 1581 Trini-

278 1625 400 1669 tatis
454 1632 761 1685 personam.
834 1616 1201 1687 Equipollere
1265 1617 1649 1686 μυσταγωγίαν
1708 1635 1831 1672 cum

273 1705 519 1774 Θεολογίᾳ
568 1722 630 1760 ac
665 1708 954 1777 ἱερολογίᾳ,
989 1717 1042 1761 et
1076 1710 1454 1777 μυσταγωγεῖν
1498 1724 1623 1762 cum
1656 1727 1832 1759 osam-

272 1799 384 1860 γεῖν
416 1812 479 1850 ac
520 1797 807 1867 ἱερολογεῖν
846 1799 1186 1867 promiscuus
1234 1798 1423 1851 harum
1467 1814 1660 1853 vocum
1702 1815 1830 1855 usus

269 1887 396 1940 satis
429 1888 741 1942 manifestat
770 1891 903 1958 (24).

338 1979 424 2031 11.
476 1979 672 2044 Quanti
727 1980 983 2034 momenti
1036 1980 1212 2035 Photii
1276 1981 1415 2034 liber
1473 1979 1545 2033 De
1599 1980 1826 2050 Spiritus

268 2070 435 2123 sancti
485 2072 810 2139 mystagogia
864 2071 952 2133 sit,
985 2071 1035 2124 id
1088 2071 1141 2123 in
1195 2071 1383 2141 primis
1417 2080 1584 2139 patet,
1619 2072 1661 2124 si
1702 2088 1825 2125 eum

266 2175 386 2213 cum
440 2161 800 2229 posteriorum
858 2169 1161 2229 temporum
1228 2162 1471 2229 ejusdem
1526 2160 1824 2231 argumenti

266 2252 521 2318 operibus
549 2250 858 2305 Graecorum
885 2250 1233 2305 conferamus
1253 2290 1266 2313 ,
1297 2251 1441 2321 quod
1475 2252 1552 2304 vel
1592 2267 1657 2305 ex
1683 2252 1825 2305 notis

268 2343 387 2396 ideo
424 2343 576 2412 operi
634 2357 665 2396 a
723 2342 879 2396 nobis
927 2342 1188 2412 appositis
1233 2341 1518 2397 constabit.
1565 2341 1719 2395 Patet
1769 2341 1821 2395 id

266 2450 491 2499 rursus,
547 2434 590 2488 si
639 2450 735 2489 eos
778 2435 1221 2497 consideramus,
1267 2435 1358 2503 qui
1407 2450 1505 2504 pro
1546 2434 1823 2489 catholicae

264 2524 515 2579 Ecclesia
546 2524 795 2595 dogmate
810 2535 996 2579 contra
1019 2524 1235 2579 Gmcos
1247 2524 1510 2579 calamum
1536 2526 1819 2591 strinxere,

263 2616 411 2689 [l38|
465 2618 666 2687 quique
708 2634 817 2671 non
870 2634 1061 2687 parum
1111 2634 1233 2672 cum
1284 2617 1463 2672 Photii
1504 2619 1821 2689 syllogismis

262 2709 632 2762 decertarunt.
664 2709 745 2763 Ad
785 2707 1099 2762 Latinorum
1131 2724 1323 2762 manus
1358 2725 1451 2777 per
1498 2710 1598 2763 tria
1628 2711 1820 2764 sacula

262 2801 344 2853 vix
388 2801 490 2853 hoc
520 2815 660 2868 opus
705 2800 968 2868 pervenit.
1026 2799 1234 2853 Saeculo
1274 2800 1493 2853 demum
1543 2816 1639 2864 xu,
1670 2799 1822 2870 llugo

262 2892 613 2959 Etherianus,
691 2894 782 2962 qui
835 2893 978 2963 apud
1028 2894 1328 2947 Manuelem
1378 2891 1397 2944 1
1441 2895 1818 2962 imperatorem

261 2984 514 3051 singulari
564 2984 845 3038 fruebatur
900 2985 1091 3055 gratia,
1128 2985 1259 3038 illud
1294 3000 1405 3053 prae
1443 2985 1693 3038 manibus
1724 2986 1819 3037 ha—

261 3074 374 3127 buit
409 3090 472 3128 ac
508 3074 561 3127 in
586 3075 697 3128 suis
722 3075 877 3129 libris
898 3076 963 3129 ad
996 3075 1352 3129 Alexandrum
1379 3075 1447 3130 III
1472 3076 1653 3129 missis
1678 3090 1819 3129 non-

260 3161 402 3213 nulla
445 3161 563 3229 ejus
592 3161 764 3229 capita
798 3160 1091 3215 confutavit
1112 3161 1245 3231 (25).
1299 3160 1393 3215 Est
1438 3170 1617 3215 autem
1644 3162 1816 3232 Htth,

261 3260 315 3303 ut
353 3251 570 3320 opinor,
624 3251 982 3305 nobilissimis
1032 3252 1294 3321 theologis
1348 3254 1814 3319 annumerandus,

258 3341 347 3409 qui
388 3342 441 3394 in
474 3355 540 3395 eo
568 3355 698 3395 sane
728 3356 835 3395 non
862 3342 1234 3411 imprudenter
1263 3342 1391 3412 egit,
1423 3344 1567 3411 quod
1603 3342 1819 3398 Greco-

260 3445 376 3482 rum
431 3430 652 3483 Patrum
711 3429 942 3484 lectione
1002 3431 1240 3484 nutritus
1294 3432 1545 3499 loquendi
1612 3447 1817 3485 morem

257 3533 443 3573 eorum
489 3519 729 3574 studiose
777 3530 995 3575 secutus
1036 3522 1383 3590 imitatusque
1421 3534 1504 3574 est
1533 3522 1678 3589 (26),
1710 3538 1817 3589 quo

257 3614 573 3679 faciliorem,
607 3624 868 3681 quantum
911 3626 1126 3683 posset,
1158 3616 1225 3669 ad
1260 3615 1617 3669 desideratam
1659 3616 1815 3668 unio-

255 3718 374 3756 nem
419 3712 691 3757 sterneret
720 3704 889 3769 viam;
924 3720 1027 3773 qua
1080 3705 1130 3757 in
1182 3720 1259 3768 re,
1317 3704 1442 3758 licet
1486 3720 1627 3773 saepe
1681 3706 1815 3762 dura

256 3794 569 3847 Latinorum
602 3794 917 3865 theologicis
946 3796 1167 3850 auribus
1204 3795 1321 3865 ejus
1351 3795 1514 3851 dictio
1546 3799 1810 3863 videatur,

254 3885 558 3941 laudandus
584 3886 763 3956 potius
783 3932 797 3952 ,
826 3902 987 3957 quam
1016 3888 1315 3956 culpandus
1342 3896 1443 3941 est.
1474 3889 1738 3941 Caeterum
1768 3891 1812 3942 si

253 3993 356 4031 non
383 3987 583 4032 cuncta
611 3988 861 4032 accurate
891 3977 1259 4047 pertractavit,
1291 3979 1608 4032 meminisse
1646 3994 1811 4046 opor-

250 4077 344 4132 tet,
373 4069 577 4123 szculo
610 4084 683 4122 xu
722 4084 829 4122 non
856 4084 972 4123 earn
1012 4069 1293 4139 theologia:
1327 4068 1610 4138 ἀκρίϐειαν
1639 4069 1808 4140 [159],

317 4245 428 4313 (21)
473 4245 657 4299 Germ.
694 4245 813 4298 Rer.
854 4245 1031 4299 eccles.
1071 4246 1348 4313 contempt.
1381 4245 1624 4299 Galland.
1667 4245 1806 4310 XIII,

248 4329 300 4382 p.
340 4315 478 4379 209;
521 4315 685 4378 Bona,
717 4315 839 4367 Rer.
871 4314 977 4368 Lit.
1030 4316 1065 4367 1.
1102 4331 1177 4379 tt;
1220 4314 1496 4384 Raynaud,
1537 4314 1806 4384 Onomast.

248 4385 475 4441 Euchar.
512 4384 562 4437 J.
605 4384 780 4437 Dartis
820 4386 884 4438 ad
923 4386 1048 4438 dist.
1081 4384 1133 4449 2,
1159 4385 1233 4437 De
1266 4383 1489 4437 censecr.
1530 4383 1809 4455 Selvaggio

248 4454 419 4506 Instit.
450 4455 618 4515 antiq.
656 4452 782 4507 Chr.
813 4454 849 4507 l.
893 4470 953 4515 ιι,
984 4471 1035 4515 p.
1071 4471 1107 4515 ι,
1144 4470 1193 4507 c.
1235 4452 1286 4512 6,
1318 4453 1343 4515 §
1374 4454 1424 4515 5,
1461 4470 1513 4507 n.
1550 4454 1633 4507 15.

248 4454 419 4506 Instit.
450 4455 618 4521 antiq.
656 4452 782 4507 Chr.
813 4454 849 4507 l.
893 4470 953 4516 ιι,
984 4471 1035 4522 p.
1071 4471 1107 4515 ι,
1144 4470 1193 4507 c.
1235 4452 1286 4512 6,
1318 4453 1343 4522 §

317 4524 428 4591 (22)
455 4522 615 4593 Phot.
654 4525 811 4589 epist.
862 4525 911 4583 1,
956 4525 1021 4577 ad
1054 4523 1210 4577 Mich.
1248 4523 1397 4591 Bulg.
1431 4540 1485 4575 ιι.
1536 4524 1625 4576 21.
1671 4524 1805 4593 (Αη-
1840 4538 1882 4591 ο

249 4594 378 4662 tiqu.
414 4595 538 4663 lect.
566 4592 732 4663 Canis
769 4594 855 4646 ed.
889 4593 1123 4663 Basnage
1151 4593 1214 4655 ll,
1247 4609 1306 4654 ιι,
1339 4609 1390 4661 p.
1423 4593 1569 4663 597.)

316 4662 429 4731 (23)
479 4660 641 4735 Vide_
660 4678 747 4735 op.
801 4670 968 4715 n0str.
1002 4660 1200 4727 C(53);
1242 4660 1475 4731 Amp/iit.
1528 4663 1619 4729 28,
1666 4667 1809 4735 apud

251 4732 494 4785 Scottum
528 4747 583 4799 p.
616 4731 685 4784 26
714 4742 770 4785 et
796 4747 911 4798 seq.

318 4802 427 4870 (24)
465 4800 637 4872 Quam
682 4816 799 4872 cap.
836 4801 905 4872 20
954 4809 1169 4872 vocarat
1206 4801 1476 4872 προτέραν
1524 4821 1808 4872 μυσταγω-

246 4871 403 4936 γίαν,
461 4870 669 4923 scilicet
706 4871 1004 4923 doctrinam
1041 4886 1070 4923 a
1118 4871 1330 4923 Christo
1382 4870 1537 4926 Joan.
1582 4892 1669 4938 xv,
1714 4870 1805 4939 26,

248 4940 608 5013 enuntiatam,
658 4940 903 5013 eamdem
941 4956 1057 5013 cap.
1088 4941 1174 5013 _257
1201 4941 1330 5013 dicit
1361 4945 1644 5013 προτέραν
1688 4943 1806 4996 θεο-

247 5008 453 5083 ὶργὶαν.
484 5008 618 5076 Cap.
667 5008 730 5060 67
779 5009 902 5083 ait“:
939 5009 1329 5083 _Admirabiletn
1360 5011 1502 5065 i|!am
1545 5008 1807 5083 iuystago—

247 5078 421 5145 giam,
482 5093 580 5145 per
640 5093 799 5146 quam
860 5078 1119 5145 Spiritum
1188 5096 1251 5149 ex
1305 5080 1459 5133 Patre
1515 5078 1807 5149 procedere

250 5149 551 5217 theologica
572 5150 776 5199 ratione
800 5149 1150 5215 pnetlicamus
1174 5148 1591 5217 (Θεολογοῦμεν),
1616 5154 1805 5206 adver-

247 5218 414 5340 sagios
436 5226 747 5285 pervertere
773 5218 1003 5287 propriis
1027 5220 1137 5272 suis
1166 5219 1433 5288 figmentis
1461 5230 1515 5273 et
1541 5222 1807 5275 inventio-

247 5302 296 5338 ιιι
341 5304 422 5340 us.

246 5302 422 5341 )llDllS.

316 5357 427 5425 (25)
456 5356 613 5421 Quod
644 5354 711 5407 ad
742 5356 1042 5409 versionem
1069 5356 1355 5409 verborum
1388 5358 1558 5412 Photii
1592 5362 1803 5424 attinet,

249 5425 434 5497 i_l_urius
483 5426 692 5494 judicat
732 5425 978 5497 Petavius
1021 5425 1117 5491 (De
1163 5425 1301 5478 Trin.
1334 5444 1429 5491 vn,
1458 5445 1512 5497 ρ.
1545 5429 1597 5484 2.
1633 5448 1685 5482 ιι.
1727 5434 1803 5497 4),

250 5491 527 5563 liugonem
574 5511 636 5547 ea
677 5510 781 5546 non
826 5496 1021 5563 integre
1056 5498 1409 5549 transtulisse.
1455 5496 1650 5551 Verum
1702 5491 1804 5554 Pe?

248 5570 482 5636 taviuse
525 5564 700 5617 Photii
734 5565 984 5636 operibus
1013 5566 1332 5636 encyclicam
1367 5575 1570 5620 tantum
1602 5570 1803 5636 episto-

248 5634 347 5685 lam
392 5635 481 5688 hic
532 5649 643 5702 prae
676 5635 844 5687 oculis
881 5634 1129 5687 habuiSse
1161 5635 1390 5699 videtur,
1418 5653 1516 5690 nec
1559 5634 1801 5692 nostrqu

248 5716 381 5777 opus
412 5704 670 5777 inspexit,
706 5718 735 5754 e
767 5718 874 5777 quo
905 5703 1015 5756 fere
1047 5704 1223 5756 omnia
1254 5705 1427 5758 l’hotii
1463 5708 1627 5761 verba
1683 5726 1803 5777 qua:

247 5772 430 5836 atl‘ert,
471 5774 565 5825 ille
599 5772 916 5840 desumpsit.

314 5843 425 5915 (26)
459 5844 553 5899 Sic
599 5858 771 5895 causa:
800 5843 1049 5909 nomine,
1089 5859 1239 5913 atque
1269 5860 1330 5899 ac
1372 5846 1537 5901 Grazci
1583 5849 1801 5905 vocibus

1939 638 2052 689 est;
2084 627 2392 679 meminisse
2443 634 2674 693 oportet,
2706 638 2828 677 eum
2880 624 3109 691 ingenue
3136 622 3291 674 fateri
3324 630 3381 675 et
3410 622 3494 674 vi-

1938 717 2078 770 riurn
2108 732 2325 769 suarum
2377 716 2612 783 inopiam
2640 720 2695 767 et
2732 714 2976 766 sublimis
3007 712 3282 776 materiae,
3330 728 3493 780 quam

1937 807 2218 865 tractabat,
2252 804 2637 857 difficultatem.
2691 802 2745 855 In
2783 803 2991 870 prazfat.
3042 802 3108 855 ad
3164 803 3258 877 lib.
3303 816 3361 855 ιιι
3421 803 3493 854 De

1935 896 2210 948 [teretibus
2251 911 2383 964 quas
2432 895 2599 948 (ἔτωεὶ
2645 896 2699 945 in
2738 894 2949 946 Latinos
2991 892 3265 946 devolvunt
3328 890 3489 959 (Bibl.

1934 984 2043 1041 PP.
2070 1003 2211 1039 max.
2238 985 2407 1055 Lugd.
2444 985 2607 1049 XXII,
2632 1001 2686 1053 p.
2715 984 2850 1036 1257
2895 999 2923 1036 c
2950 982 2994 1052 ),
3029 1001 3048 1033 ι
3084 982 3159 1035 De
3190 983 3289 1036 hac
3318 991 3491 1035 mate-

1934 1078 2033 1141 ria,
2067 1078 2259 1147 inquit.
2298 1078 2459 1131 edere
2488 1076 2689 1143 aliquid
2743 1075 3081 1129 formidabile
3117 1085 3232 1140 est;
3265 1090 3391 1127 nam
3438 1075 3490 1127 in

1934 1168 2018 1221 his
2055 1184 2161 1221 non
2208 1170 2379 1221 solum
2413 1168 2623 1220 infirma
2670 1166 2894 1219 facultas
2941 1166 3168 1219 rationis
3206 1165 3486 1218 orationis-

1932 1274 2057 1327 que,
2086 1274 2271 1311 verum
2296 1258 2621 1311 validissima
2652 1257 2737 1309 vix
2761 1272 2818 1310 se
2854 1272 2884 1309 a
2914 1256 3195 1309 mendacio
3226 1262 3490 1322 temperat

1932 1357 1986 1400 et
2024 1348 2090 1399 ab
2134 1347 2449 1400 inconsultis
2493 1346 2786 1399 erroribus.
2834 1365 2851 1395 ι
2887 1344 3023 1399 Ilinc
3053 1361 3150 1398 nos
3190 1346 3329 1398 inter
3356 1359 3447 1396 eos
3470 1382 3488 1409 ,

1931 1454 2065 1507 quos
2101 1438 2447 1507 sequentibus
2474 1438 2664 1489 harum
2694 1437 3221 1490 animadversionum
3250 1435 3490 1489 articulis

1932 1541 2115 1583 contra
2142 1530 2395 1581 Photium
2419 1528 2755 1596 disputantes
2777 1529 3110 1591 inducemus,
3140 1528 3281 1580 haud
3304 1528 3490 1579 infimo

1931 1620 2188 1673 subsellio
2215 1620 2563 1673 Etherianum
2597 1619 2967 1672 collocandum
2996 1634 3116 1671 esse
3147 1619 3246 1670 rati
3278 1634 3483 1671 sumus.

1930 1727 2115 1778 neque
2145 1710 2390 1770 minoris,
2416 1708 2470 1760 in
2499 1708 2681 1760 multis
2710 1709 2871 1761 etiam
2905 1708 3123 1775 majoris
3152 1707 3488 1760 auctoritatis

1932 1812 2015 1856 est
2058 1801 2214 1854 Joan.
2236 1802 2459 1863 Beccus,
2480 1801 2678 1853 virtute
2696 1816 2757 1853 ac
2774 1800 3018 1853 doctrina
3042 1816 3191 1868 aeque
3218 1800 3485 1853 nobilissi-

1857 1866 1903 1924 B
1932 1909 2051 1947 mus
2108 1886 2516 1963 Byzantinorum
2560 1891 2887 1959 patriarcha,
2941 1890 3030 1959 qui
3062 1906 3158 1959 pro
3224 1906 3350 1943 vero
3383 1890 3485 1941 do-

1926 1994 2123 2054 gmate,
2156 1984 2317 2039 semel
2351 1999 2413 2036 ac
2449 1983 2581 2036 illud
2605 1983 2873 2051 cognovit,
2906 1992 3123 2035 strenue
3168 1982 3481 2042 decertavit,

1925 2077 2013 2145 qui
2044 2086 2096 2129 el
2126 2076 2379 2144 operibus
2409 2087 2463 2128 et
2490 2075 2767 2143 discipulis
2808 2075 2923 2128 suis
2958 2073 3265 2127 Graecorum
3312 2076 3485 2127 natio-

1926 2184 2044 2221 nem
2065 2168 2196 2221 mire
2218 2168 2520 2220 illustravit.
2548 2167 2672 2219 Illud
2701 2176 2879 2219 tamen
2904 2166 3228 2227 notandum,
3253 2164 3483 2217 Beccum

1920 2258 1977 2310 in
2005 2266 2140 2311 orat.
2181 2257 2248 2310 de
2285 2273 2375 2310 un.
2416 2256 2561 2311 Eccl.
2591 2256 2781 2325 (δι-ωε.
2814 2257 2949 2310 orth.
2995 2256 3037 2319 I,
3097 2272 3148 2323 p.
3194 2254 3478 2319 154-180),

1922 2346 2049 2399 dum
2082 2345 2255 2399 Photii
2304 2356 2618 2415 argumenta
2650 2346 2893 2414 quaedam
2942 2344 3146 2413 profert
3191 2358 3257 2396 ac
3299 2344 3478 2407 solvit,

1923 2454 2026 2491 non
2058 2448 2303 2492 nostrum
2333 2454 2470 2507 opus
2503 2439 2753 2507 allegare.
2780 2437 2872 2490 sed
2900 2436 3218 2504 opusculum
3249 2436 3479 2490 alterum

1921 2531 1987 2584 ab
2021 2530 2308 2600 Euthymio
2347 2531 2655 2600 vulgatum;
2685 2530 2821 2582 libro
2858 2543 2988 2581 vero
3020 2544 3101 2589 ιιι,
3130 2528 3194 2580 ad
3226 2527 3480 2580 Theodo-

1922 2636 2041 2672 rum
2095 2620 2337 2687 Sugdatze
2375 2622 2689 2688 episcopum
2725 2620 2877 2687 (ibid.
2911 2618 2977 2680 ll,
3010 2632 3063 2685 p.
3096 2618 3197 2671 133
3226 2619 3367 2685 seq.)
3409 2634 3476 2671 ex

1921 2712 2011 2765 illo
2039 2712 2321 2765 manifeste
2352 2712 2614 2765 hausisse.
2638 2711 2761 2771 Alii,
2788 2711 2880 2780 qui
2906 2710 3049 2763 hunc.
3078 2710 3248 2763 Photii
3282 2710 3477 2763 librum

1921 2802 2269 2857 refellendum
2330 2803 2433 2856 sibi
2489 2803 2853 2870 sumpserint,
2888 2803 3003 2855 noti
3038 2802 3143 2853 huc
3174 2816 3343 2868 usque
3368 2817 3477 2853 non

1920 2903 2080 2956 sunt;
2111 2895 2206 2948 sed
2249 2895 2428 2962 quoad
2475 2909 2587 2946 rem
2619 2896 2739 2961 ejus
2784 2904 3119 2963 argumenta,
3165 2908 3286 2960 qua:
3330 2894 3477 2945 inse-

1920 2984 2201 3051 queutium
2268 2984 2587 3037 saeculorqu
2654 2982 3014 3035 schismaticis
3070 2982 3233 3034 veluti
3303 2981 3476 3034 facem

1920 3074 2296 3141 prazferebant,
2323 3075 2544 3142 plurimi
2580 3073 2818 3141 theologi
2851 3071 3080 3125 feliciter
3120 3083 3473 3124 enervarunt.

1920 3165 2028 3218 Nos
2054 3165 2180 3218 dum
2228 3166 2404 3218 varios
2448 3174 2700 3218 auctores
2752 3164 2805 3216 in
2843 3162 3077 3215 medium
3126 3162 3472 3230 proferimus,

1920 3256 2047 3309 licet
2103 3256 2286 3309 selecti
2340 3257 2374 3309 ii
2427 3257 2556 3316 sint,
2605 3271 2945 3324 nequaquam
2975 3254 3299 3321 singulorum
3332 3254 3473 3306 dicta

1917 3359 2097 3404 nostra
2130 3350 2308 3404 facere
2338 3351 2690 3412 intendimus.
2727 3364 2915 3403 verum
2959 3347 3137 3416 potius
3170 3362 3276 3400 uno
3309 3346 3471 3400 veluti

1916 3453 2211 3511 conspectu
2260 3457 2322 3495 ea
2372 3441 2651 3502 exhibere.
2705 3457 2825 3509 qua:
2871 3454 2901 3492 a
2956 3438 3213 3501 diversis,
3259 3438 3474 3491 diverso

1917 3542 2177 3602 tempore,
2228 3548 2291 3586 ac
2344 3549 2439 3601 pro
2472 3532 2617 3588 varia
2650 3531 2849 3603 ingenii
2897 3530 3356 3599 institutionisque
3390 3530 3472 3583 in—

1915 3630 2055 3693 dole,
2084 3640 2268 3685 contra
2286 3630 2520 3698 argutias
2542 3629 2656 3680 illas
2677 3628 2833 3679 modo
2856 3626 3081 3679 feliciori
3105 3637 3295 3685 marte,
3312 3624 3472 3676 modo

1915 3737 2020 3773 non
2052 3722 2182 3773 salis
2224 3720 2388 3785 felici,
2430 3732 2537 3771 non
2574 3726 2755 3771 tamen
2801 3716 2917 3770 sine
2947 3716 3055 3768 ullo
3094 3714 3468 3773 fundamento,

1914 3813 2339 3882 proferebantur.

1983 3904 2069 3956 12.
2101 3905 2171 3955 At
2202 3906 2481 3956 enimvero
2524 3900 2687 3967 hujus
2718 3899 2898 3967 operis
2943 3898 3176 3965 pretium
3205 3895 3470 3963 theologi-

1907 4009 2033 4046 cum
2088 4001 2149 4045 et-
2185 3990 2402 4045 aliunde
2453 3999 2619 4059 patet.
2669 3988 2821 4054 Quod
2868 3989 2935 4041 ad
2984 4003 3174 4057 pugna:
3218 3986 3360 4039 illius
3400 3986 3468 4038 de

1913 4084 2144 4151 Spiritus
2190 4085 2360 4137 sancti
2384 4081 2532 4154 [MO]
2564 4082 2907 4151 processione
2940 4079 3083 4133 varia
3122 4078 3289 4131 stadia
3338 4093 3468 4146 pro-

1907 4265 2082 4326 αῑτίας
2111 4271 2166 4317 et
2190 4264 2361 4332 ἀρχῆς
2398 4263 2703 4331 promiscue
2737 4267 3009 4332 utuntur,_
3028 4257 3227 4332 passim
3271 4257 3466 4332 princi-

1908 4336 2051 4401 pium
2087 4328 2368 4402 significat,
2394 4328 2533 4399 quod
2564 4331 2833 4402 poster_ius
2864 4329 3183 4402 vocabulum
3212 4328 3468 4402 gravis_s_i.-

1909 4397 2009 4457 iuis
2045 4397 2191 4457 ducti
2223 4397 2517 4471 rationi—bus
2545 4397 2699 4471 (_vide
2726 4399 2919 4471 Thom.
2951 4397 3098 4471 Stult.
3119 4411 3192 4471 _p.
3227 4412 3265 4457 ι,
3285 4412 3345 4471 _q.
3372 4397 3460 4455 '55,

1909 4488 1959 4523 τι.
1992 4474 2015 4526 1
2048 4474 2112 4526 ad
2145 4474 2167 4525 1
2201 4482 2255 4524 et
2284 4470 2481 4539 Opusc.
2512 4464 2694 4523 contra
2725 4469 2895 4523 Graec.
2945 4468 3009 4539 ad
3041 4465 3243 4539 Urban.
3285 4464 3368 4522 IV,
3409 4480 3457 4517 (τ.

1913 4542 2000 4604 '7),
2040 4534 2391 4611 praetulerunt
2426 4540 2619 4611 Latini.
2658 4540 2770 4591 Alia
2804 4537 3046 4605 exempla
3087 4534 3461 4611 inframsuppe:

1911 4604 2243 4665 ditabuntur.
2293 4610 2593 4664 Universim
2628 4624 2755 4661 vero
2799 4621 2934 4670 opus
2986 4604 3154 4657 nostri
3202 4604 3459 4670 Theologi

1909 4683 2081 4749 quoad
2115 4681 2383 4749 majorem
2418 4688 2621 4747 partem
2660 4678 2789 4749 adeo
2824 4675 3130 4749 Graecorum
3169 4673 3459 4726 dictionem

1911 4744 2134 4807 redolet.
2169 4744 2227 4801 ut
2262 4748 2391 4801 illud
2419 4744 2607 4815 potius
2637 4762 2665 4799 e
2686 4745 2872 4815 Graeco
2902 4745 2961 4815 in
2985 4744 3231 4796 Latinum
3255 4758 3461 4815 sermn-

1908 4835 2031 4872 nem
2062 4819 2375 4872 translatum
2402 4813 2630 4877 diceres,
2660 4830 2819 4883 quam
2854 4814 3040 4866 Latine
3072 4813 3456 4883 conscriptum,

1906 4890 2009 4942 nisi
2056 4889 2269 4941 aliunde
2298 4894 2587 4946 constaret,
2631 4880 2906 4953 Hugonem
2936 4883 3122 4935 Latine
3146 4880 3455 4953 scripsisse.

1908 4958 2125 5011 Exstitit
2174 4965 2310 5010 teste
2355 4956 2546 5010 Allatio
2580 4954 2678 5019 (De
2711 4951 2885 5006 eccles.
2919 4951 3272 5009 consensione,
3311 4951 3344 5001 Ι.
3396 4966 3457 5010 ιι,

1907 5042 1955 5079 c.
1986 5030 2037 5085 2.
2084 5044 2136 5094 p.
2188 5027 2328 5094 654)
2371 5025 2548 5079 ϐτωρει
2578 5025 2737 5094 hujus
2768 5022 2947 5094 operis
2994 5022 3197 5094 versio,
3246 5034 3365 5087 qua:
3412 5022 3454 5072 si

1909 5090 2175 5165 publicata
2236 5090 2392 5158 foret,
2446 5090 2672 5165 facilius
2700 5093 2768 5145 de
2804 5090 2923 5165 hac
2963 5106 3019 5143 re
3071 5090 3455 5165 judicaremus.

1908 5158 2033 5219 Mihi
2084 5182 2189 5219 non
2227 5165 2536 5219 incredibile
2589 5163 2798 5216 videtur
2831 5158 3110 5229 Hugonem
3145 5158 3461 5211 Constanti-

1907 5236 2084 5302 nopoli
2134 5236 2315 5289 Graece
2356 5234 2739 5305 quaedamipro
2786 5232 3108 5298 imperatore
3152 5229 3453 5305 scripsisse,

1908 5306 2022 5359 hare
2056 5321 2183 5357 vero
2224 5306 2410 5357 Latino
2456 5303 2669 5370 eloquio
2718 5317 2905 5353 rursus
2954 5307 3281 5370 pertractata
3304 5306 3357 5370 et
3403 5303 3453 5348 in

1907 5384 2015 5427 tres
2038 5373 2200 5429 libros
2222 5381 2469 5440 congesta
2490 5367 2673 5424 amicis
2694 5368 3127 5440 Occidentalibus
3150 5367 3452 5440 tradidisse.

1906 5444 2248 5497 Praef-itiones
2294 5438 2548 5495 librorum
2594 5441 2834 5507 ejusdem
2884 5438 3076 5506 legenti
3111 5438 3160 5488 id
3193 5452 3297 5507 non
3337 5438 3454 5507 sine

1903 5513 2247 5566 fundamento
2278 5512 2478 5563 dictum
2516 5506 2809 5578 apparebit.
2842 5510 3061 5560 liemum
3098 5506 3229 5559 mihi
3276 5506 3454 5578 ethoc

1902 5598 2213 5651 persuasum
2237 5591 2340 5640 est,
2379 5581 2468 5649 qui
2504 5575 2737 5651 Hugonis
2769 5578 3223 5651 philosophemala
3254 5585 3307 5651 et
3337 5575 3454 5627 dia-

1904 5645 2120 5705 lecticas
2141 5645 2409 5703 exe-ursus
2430 5645 2646 5703 uberius
2676 5655 2944 5700 scrutatus
2976 5646 3155 5709 fuerit,
3193 5645 3315 5697 inde
3344 5658 3451 5695 non

1900 5722 2118 5790 exiguos
2148 5720 2354 5773 fructus
2387 5736 2481 5787 pro
2514 5719 2736 5771 historia
2765 5716 3119 5786 philosophia:
3159 5714 3323 5769 medii
3350 5711 3451 5767 aevi

1901 5802 2023 5845 ante
2054 5791 2313 5845 Thomam
2352 5806 2471 5844 eum
2506 5790 2872 5843 collecturum.
