4242 6438
272 388 381 456 413

961 405 1057 464 DE
1097 409 1156 467 S.
1212 409 1410 471 SPIR.
1452 413 1947 474 MYSTAGOGIA.
1978 444 2043 452 —
2082 418 2813 485 ANIMADVERSIONES.

3408 428 3511 488 414

276 502 648 557 decertarunt.
685 506 961 574 Attamen,
984 523 1042 565 ut
1069 530 1244 583 pugna
1270 517 1470 572 Graecis
1493 529 1664 573 evoto
1686 523 1842 575 ccde—
1872 547 1913 594 Α
1944 524 2096 578 duxit
2135 526 2378 589 Photius,
2430 530 2527 583 sed
2562 540 2615 583 et
2651 532 2905 586 methodo
2953 534 3183 602 quadam
3243 547 3296 591 ct
3331 541 3511 591 studio

270 601 375 655 ret,
411 603 556 648 certa
589 598 832 665 quasdam
866 603 1120 672 principia
1148 618 1308 662 erant
1348 612 1750 675 constituenda,
1787 625 1843 667 et

268 684 470 752 quibus
505 688 747 745 doetrina
783 690 987 748 Latinis
1015 701 1285 754 contraria
1317 702 1671 768 stabiliretur,
1701 722 1839 774 quo-

266 792 501 846 rumque
534 796 637 849 ope
662 786 1041 840 auctoritatum
1088 791 1227 845 dicta
1260 809 1427 862 scopo
1456 798 1838 850 accommoda-

265 878 481 923 rentur.
514 869 579 925 Et
611 872 700 928 hic
729 874 829 929 'uit
855 878 1028 932 Photii
1062 882 1231 946 labor,
1267 886 1359 953 qui
1394 902 1491 954 pro
1518 888 1599 940 sui
1635 888 1834 956 ingenii

264 956 526 1014 facultate
577 977 638 1017 ea
696 966 903 1033 primus
961 972 1140 1038 posuit
1190 972 1538 1029 fundamenta
1581 987 1635 1031 et
1665 977 1835 1031 facem

265 1052 505 1117 prmtulit
534 1057 744 1112 cunctis
774 1060 1017 1128 ejusdem
1050 1065 1333 1119 sententia:
1364 1068 1643 1135 patronis;
1676 1070 1836 1123 uber-

262 1144 466 1198 rimum
518 1148 632 1217 ipse
688 1150 891 1207 fontem
938 1158 1171 1224 aperuit,
1222 1173 1287 1212 ex
1336 1175 1443 1227 quo
1486 1177 1582 1229 per
1639 1162 1834 1215 saecula

264 1234 609 1305 insequentia
648 1241 899 1312 pleraque
944 1261 1039 1298 sua
1072 1246 1324 1313 hausere,
1369 1250 1679 1319 quicunque
1712 1250 1835 1320 Spi-

262 1327 406 1381 ritus
440 1332 609 1384 sancti
643 1348 706 1387 ex
736 1335 870 1389 Filio
904 1339 1306 1405 proccssionem
1354 1342 1759 1413 impugnarunt.

338 1424 424 1478 15.
461 1424 707 1482 Rationes
738 1430 1034 1501 theologiam
1077 1434 1544 1491 schismaticorum
1596 1453 1659 1492 ex
1692 1454 1831 1491 non-

262 1517 432 1570 nullis
465 1518 748 1589 principiis
777 1525 1009 1579 maxima
1044 1541 1110 1579 ex
1138 1537 1289 1596 parte
1310 1528 1548 1596 pendent
1578 1544 1609 1583 a
1634 1528 1829 1584 Photio

254 1608 371 1677 jam
403 1610 673 1665 stabilitis.
716 1613 842 1669 Haec
881 1617 1176 1682 axiomata,
1227 1619 1613 1673 struendorum
1641 1622 1830 1673 sonhi-

258 1709 501 1754 smatum
535 1700 907 1768 fundamenta,
937 1707 1029 1776 qui
1066 1707 1205 1761 bene
1248 1711 1604 1778 perspexerit,
1657 1710 1829 1764 artili-

258 1793 468 1846 ciosam
510 1794 723 1850 illorum
772 1797 1195 1867 disputationem
1246 1817 1311 1854 ex
1368 1802 1576 1873 integro
1630 1802 1829 1872 poterit

1941 620 2205 671 acerrimo
2257 636 2378 673 cum
2440 633 2728 691 systcmate
2767 625 2984 680 Patrum
3043 632 3345 700 tlteologico
3380 651 3499 687 eam

1940 718 2285 774 connectere,
2316 712 2497 765 sedem
2530 715 2578 767 ei
2636 727 2949 784 perpetuam
2999 719 3160 788 ﬁgere
3203 724 3254 775 in
3291 723 3507 777 Graeco—

1940 814 2057 851 rum
2094 799 2416 868 dogmaticis
2470 802 2921 870 institutionibus,
2971 824 3199 877 eamque
3235 815 3506 881 undequa-

1937 906 2042 958 que
2072 893 2285 945 munire
2344 908 2629 961 aggressus
2674 906 2778 949 est.
2810 899 2921 950 Nos
2959 899 3083 952 hinc
3126 903 3294 955 tribus
3328 905 3504 956 contio

1938 988 2131 1031 uenter
2185 981 2427 1035 articulis
2475 990 2585 1033 tum
2617 997 2932 1053 argumenta
2968 1004 3033 1043 ex
3078 993 3395 1045 auctoritate
3436 994 3502 1045 ab

1937 1077 2161 1136 utraque
2185 1081 2331 1138 parte
2356 1073 2580 1140 prolata,
2610 1092 2730 1142 quae
2762 1077 2815 1129 in
2850 1078 3021 1133 Photii
3053 1082 3191 1135 libro
3225 1084 3503 1148 attingun—

1936 1169 2043 1223 tur,
2073 1162 2266 1216 deinde
2303 1164 2417 1218 hmc
2453 1166 2568 1234 ipsa
2599 1168 2860 1221 Photiana
2906 1172 3192 1241 principia,
3229 1185 3502 1242 postremo

1935 1252 2142 1319 potiora
2172 1255 2414 1321 ejusdem
2456 1258 2787 1325 sophismata
2822 1262 3288 1329 perlustrahimus,
3310 1267 3498 1318 catho-

1936 1342 2158 1395 licorum
2189 1344 2562 1415 theologorum
2599 1350 2825 1403 selectas
2856 1352 3149 1404 sententias
3179 1356 3489 1422 responsio-

1935 1447 2140 1502 nesque
2169 1436 2547 1507 adjungcntcs.

1935 1541 2181 1628 [1451".
2215 1575 2283 1587 ——-
2312 1552 2629 1628 Argumenta
2665 1568 2727 1603 ex
2772 1555 3086 1628 auctoritate
3117 1557 3363 1628 utrinque
3411 1575 3494 1625 pe-

2037 1625 2156 1675 tita,
2188 1633 2302 1684 qua:
2340 1625 2543 1684 potiora
2571 1631 2709 1683 sunt,
2746 1626 2975 1676 cramini
3007 1626 3377 1693 subjiciuntur.

1999 1706 2051 1759 1.
2084 1706 2237 1769 Quod
2290 1708 2358 1761 ad
2409 1720 2723 1779 argumenta
2786 1724 2990 1783 spectat
3046 1731 3108 1769 cx
3172 1719 3495 1773 auctoritate

1930 1796 2121 1863 petita,
2153 1806 2308 1867 urget
2351 1798 2404 1850 in
2435 1800 2623 1867 primis
2675 1801 2901 1856 Photius
2931 1818 2978 1857 ς.
3012 1805 3064 1866 2,
3094 1807 3255 1859 verba
3294 1808 3492 1860 Lhristi

255 1882 581 1953 dijudicare.
616 1886 840 1941 Photius
858 1898 1061 1953 autem,
1081 1901 1139 1944 ut
1168 1891 1280 1945 fere
1314 1891 1513 1961 ubique
1540 1892 1594 1945 in
1631 1892 1824 1946 talibus
1854 1888 1900 1947 B
1926 1923 1930 1936 ‹

1814 1888 1900 1947 ιΒ
1926 1885 2081 1941 Joan.
2136 1905 2223 1949 xv,
2258 1890 2376 1941 26':
2417 1890 2480 1941 Ὀ
2534 1892 2686 1959 παρὰ
2735 1893 2825 1943 τοῦ
2869 1895 3076 1961 Πατρὸς
3113 1897 3489 1966 ἐκπορεύεται,

259 1993 367 2032 usu
398 1979 571 2043 venit,
606 1981 799 2035 miscet
828 1984 964 2035 veris
1013 1984 1173 2053 falsa,
1206 1984 1438 2053 receptis
1470 1994 1524 2038 et
1552 1986 1827 2039 concessis

254 2069 539 2138 principiis
569 2087 845 2141 nunquam
894 2075 1227 2129 admittenda
1263 2092 1435 2145 eaque
1459 2077 1650 2131 callide
1697 2078 1827 2147 legi-

254 2176 337 2214 ca:
368 2164 769 2219 consecutionis
798 2165 886 2219 ﬁlo
920 2165 1061 2219 inter
1092 2182 1149 2220 se
1182 2168 1480 2223 connectit.
1517 2167 1670 2233 Quod
1700 2170 1825 2222 atti-

254 2258 355 2305 net
383 2252 452 2307 ad
496 2254 758 2324 principia
814 2256 1111 2327 theologica
1163 2258 1231 2312 ab
1264 2258 1519 2312 omnibus
1568 2258 1823 2321 admissa,

255 2342 345 2397 his
368 2345 709 2413 potissimum
733 2348 903 2401 utitur
931 2347 1153 2403 Photius
1188 2350 1262 2404 :l.
1299 2349 1538 2404 Trinitas
1586 2356 1670 2404 est
1705 2366 1824 2403 om-

255 2437 392 2491 nino
476 2439 995 2505 consubstantialis;
1076 2450 1185 2495 tres
1267 2456 1517 2510 persona:
1576 2441 1823 2495 eamdem

253 2526 465 2584 habent
492 2532 715 2585 omnino
745 2540 997 2585 naturam
1029 2542 1189 2601 atque
1220 2534 1538 2603 potentiam.
1574 2533 1639 2588 ll.
1670 2533 1826 2586 Pater

253 2630 341 2675 est
374 2622 545 2689 prima
585 2637 767 2686 causa,
812 2624 1045 2693 primum
1075 2626 1423 2695 principium,
1455 2642 1519 2680 ex
1553 2643 1659 2695 quo
1708 2637 1822 2679 tum

258 2710 433 2767 Filius
456 2724 569 2767 tum
601 2714 838 2784 Spiritus
871 2726 1113 2780 sanctus,
1144 2718 1245 2771 etsi
1277 2734 1386 2771 non
1415 2718 1604 2772 eodem
1641 2719 1822 2783 modo,

258 2823 421 2861 suum
452 2822 571 2862 esse
601 2807 947 2878 divinamque
996 2811 1199 2863 habent
1235 2811 1547 2865 essentiam.
1584 2811 1668 2864 lll.
1722 2813 1821 2864 Es—

254 2898 434 2951 seutia
462 2900 910 2961 communicatur,
954 2903 1048 2955 sed
1096 2902 1408 2969 personales
1462 2904 1824 2971 proprietates

256 2997 389 3040 sunt
413 2989 637 3043 omnino
669 2989 1228 3055 incommunicabilcs,
1282 2991 1389 3052 vel,
1433 3002 1491 3047 ut
1534 2991 1823 3061 Gregorius

252 3078 632 3135 Nazianzenus
686 3081 942 3151 loquitur,
995 3082 1057 3134 τὸ
1110 3084 1241 3135 εδιον
1300 3083 1532 3136 ἑκάστου
1586 3082 1815 3135 ἀκοινώ-

252 3170 749 3240 νητον.((;ΐ.]οιιη.
790 3172 981 3227 Theol.
1049 3188 1184 3227 sess.
1229 3172 1295 3227 18
1333 3172 1548 3227 concilii
1596 3171 1821 3226 Floren-

256 3228 377 3324 tini,
410 3228 573 3316 Hard.
599 3261 757 3318 Conc.
789 3272 917 3317 tom.
954 3262 1041 3327 IX,
1073 3264 1293 3333 βᾶθι.)
1326 3264 1413 3318 ιν.
1452 3263 1728 3317 Servanda
1760 3264 1815 3315 in
1852 3228 1894 3287 ϐ

256 3355 515 3408 omnibus
547 3354 833 3409 estdivina
855 3356 1191 3419 monarchia,
1221 3372 1327 3424 qua
1371 3355 1629 3415 Trinitas,
1662 3369 1821 3423 quam

258 3448 557 3501 Christiani
590 3453 839 3509 adorant,
869 3465 895 3501 a
929 3450 1235 3519 polyarchia
1268 3450 1611 3501 ethnicorum
1641 3463 1821 3501 secer-

254 3540 423 3592 nitur.
466 3538 599 3592 Cum
632 3538 715 3592 his
744 3540 845 3592 alia
878 3540 1033 3593 ell‘ata
1061 3550 1483 3604 connectuntur,
1530 3556 1649 3607 quae
1681 3539 1820 3607 apud

255 3629 537 3700 theologos
564 3639 619 3684 et
652 3631 790 3696 apud
822 3630 1004 3683 Patres
1047 3646 1153 3682 non
1196 3630 1372 3682 minus
1402 3640 1511 3682 rata
1541 3641 1597 3682 et
1632 3630 1820 3697 explo-

256 3730 369 3773 rata
399 3729 547 3773 sunt.
585 3721 689 3775 Sed
712 3723 925 3789 propria
973 3721 1147 3773 Pltolii
1188 3722 1453 3774 axiomata
1499 3721 1603 3786 iam
1649 3720 1819 3788 inspi-

254 3813 485 3867 ciamus.
513 3812 635 3867 Hazc
664 3814 868 3882 potiora
898 3823 1025 3866 sunt
1055 3832 1066 3866 :
1093 3813 1133 3866 1.
1171 3812 1307 3867 Filio
1331 3828 1545 3881 quoque
1580 3812 1819 3867 tribuere

256 3903 493 3971 Spiritus
546 3905 716 3957 sancti
786 3904 1133 3972 spirationem
1184 3913 1268 3957 est
1324 3905 1423 3955 duo
1465 3904 1519 3956 in
1554 3902 1820 3957 Trinitatc

260 3994 405 4067 [144]
438 4005 677 4050 statuere
710 3997 991 4064 principia,
1049 4010 1217 4063 eaque
1269 3994 1409 4047 inter
1468 4010 1525 4048 se
1585 3994 1816 4048 diversa.

258 4082 325 4139 11.
357 4084 661 4139 Prodi'icere
716 4086 975 4154 Spiritum
1032 4094 1273 4139 sanctum
1317 4086 1429 4138 sive
1488 4085 1692 4152 spirare
1736 4094 1820 4137 cst

258 4176 582 4246 hypostatica
638 4176 814 4229 Patris
848 4177 1159 4243 proprietas.
1221 4176 1309 4227 111.
1367 4176 1525 4227 Pater
1556 4175 1818 4244 quidquid

257 4280 321 4319 ex
348 4282 406 4320 se
446 4274 506 4319 ut
550 4282 615 4320 ex
675 4281 836 4321 causa
886 4268 1156 4336 producit,
1190 4269 1395 4319 ratione
1424 4284 1681 4335 personet,
1715 4284 1817 4319 non

258 4368 440 4414 autem
499 4358 701 4411 ratione
734 4368 955 4419 naturis,
1010 4357 1283 4427 producit.
1318 4356 1405 4410 IV.
1457 4357 1731 4426 Quidquid
1758 4358 1808 4409 in

258 4458 442 4502 sancta
484 4448 744 4503 Trinitatc
776 4448 1095 4518 concipitur,
1129 4460 1220 4502 aut
1253 4450 1411 4501 trium
1465 4464 1816 4517 personarum

1928 1980 2078 2048 quasi
2099 1980 2221 2033 inde
2244 1978 2408 2033 Filius
2427 1996 2455 2033 a
2480 1982 2710 2050 Spiritus
2723 1985 2893 2036 sancti
2908 1986 3199 2053 Spiratione
3218 1989 3386 2041 activa
3406 2004 3495 2042 ex-

1930 2070 2239 2123 cluderetur
2270 2088 2439 2139 eaque
2463 2074 2553 2124 uni
2578 2072 2720 2126 Patri
2742 2076 3101 2129 vindicaretur
3150 2079 3335 2131 Merito
3368 2097 3489 2133 cum

1927 2160 2087 2215 Petro
2108 2164 2499 2217 Mediolanensi
2523 2165 2627 2233 (De
2644 2183 2781 2233 proc.
2806 2167 2987 2236 Spirit.
3007 2180 3171 2221 sanct.
3196 2186 3243 2224 c.
3265 2171 3487 2234 6,Gra'c,

1928 2253 2129 2305 art/md.
2163 2254 2344 2310 Roma“:
2380 2255 2534 2320 165⁸2,
2591 2265 2630 2311 t.
2679 2256 2718 2319 1,
2744 2274 2796 2326 p.
2820 2260 2944 2322 584,
2976 2260 3099 2329 585)
3128 2262 3232 2315 Leo
3266 2264 3491 2318 Allatius

1929 2345 1998 2415 (c.
2039 2345 2277 2416 Hotting.
2322 2364 2373 2416 p.
2412 2349 2537 2402 296.
2570 2348 2652 2403 Cf.
2727 2351 2940 2405 Encltir.
2994 2354 3065 2405 De
3108 2371 3250 2417 proc.
3298 2354 3487 2422 Spirit.

1925 2447 2092 2489 sanct.
2132 2436 2313 2492 Romae
2373 2439 2533 2504 1658,
2573 2456 2693 2509 cap.
2724 2448 2794 2508 γ’,
2823 2458 2873 2511 p.
2904 2444 2995 2511 ις’)
3053 2464 3069 2495 ι
3132 2446 3486 2499 criminantur

1930 2528 2255 2581 schismatici
2318 2528 2539 2583 Latinos
2568 2532 2711 2599 quod
2745 2533 2919 2586 verbis
2950 2534 3145 2587 Christi
3178 2535 3377 2587 addant
3426 2554 3490 2589 ea:

1927 2618 2081 2680 Filio,
2122 2636 2223 2675 nec
2261 2624 2589 2677 erubescunt
2627 2624 2725 2692 ipsi
2758 2626 2955 2679 addere
2990 2643 3052 2679 ex
3080 2628 3209 2680 solo.
3253 2628 3487 2696 Utraque

1926 2709 2128 2763 additio
2184 2721 2299 2777 est;
2331 2714 2374 2765 si
2431 2723 2511 2767 est
2553 2715 2840 2783 culpanda,
2874 2732 3039 2785 quare
3083 2735 3189 2771 non
3240 2721 3292 2773 in
3346 2732 3487 2773 utro-

1925 2804 2073 2872 que?
2125 2825 2141 2853 ι
2196 2806 2454 2858 Catholici
2502 2807 2736 2876 theologi
2799 2809 3129 2876 respondent
3173 2812 3487 2879 propositio-

1925 2911 2049 2948 nem
2089 2896 2249 2949 Joan.
2277 2914 2365 2959 xv,
2395 2897 2463 2950 26
2489 2912 2799 2968 expressam
2838 2915 2959 2952 esse
2986 2900 3359 2962 afﬁrmantem,
3385 2919 3486 2955 non

1925 2988 2297 3053 excludentem,
2328 3004 2389 3043 ac
2424 2998 2681 3057 prazterea
2711 2991 2968 3060 implicite
3001 2992 3193 3045 Filium
3230 2994 3317 3047 hic
3340 3011 3487 3047 com-

1925 3080 2231 3145 memorari,
2258 3088 2367 3132 tum
2392 3096 2455 3134 ex
2484 3082 2661 3135 verbis
2691 3098 2812 3135 cum
2857 3083 2939 3136 his
2986 3086 3171 3139 intime
3200 3090 3481 3149 connexis,

1927 3177 2039 3223 tum
2097 3186 2165 3225 ex
2217 3172 2381 3225 certis
2459 3173 2776 3242 theologicis
2832 3176 3157 3245 principiis;
3208 3195 3307 3232 nec
3369 3180 3487 3234 sine

1926 3278 2105 3327 causa,
2171 3264 2278 3317 imo
2328 3280 2425 3333 pro
2478 3281 2627 3320 more
2682 3264 3083 3334 Scriptor-arum
3135 3271 3483 3337 peculiariter

1926 3351 2069 3405 Patri
2100 3354 2666 3422 tribuispirationem;
2708 3371 2882 3424 neque
2920 3357 3137 3411 demum
3167 3361 3478 3413 obfuturum

1925 3444 2091 3499 fuisse
2126 3446 2347 3509 Latinis,
2384 3448 2427 3499 si
2455 3448 2654 3502 dictum
2684 3462 2826 3504 esset
2856 3470 2867 3505 :
2898 3452 2999 3515 Qui
3061 3465 3123 3505 ex
3174 3452 3280 3503 solo
3326 3452 3480 3504 Patre

1923 3540 2185 3607 procedit.
2217 3540 2428 3593 Etenim
2498 3543 2809 3611 regulariter
2840 3584 2855 3607 ,
2919 3554 2976 3596 ut
3018 3544 3088 3595 ait
3138 3545 3193 3595 S.
3244 3543 3481 3597 Thomas

1926 3628 2162 3698 (Summa
2187 3631 2337 3683 tlteol.
2374 3648 2427 3699 p.
2465 3632 2514 3694 1,
2568 3648 2619 3700 q.
2664 3633 2752 3697 56,
2785 3650 2833 3686 a.
2864 3635 2899 3687 2
2937 3634 3001 3687 ad
3041 3636 3115 3700 1),
3159 3653 3175 3683 i
3210 3635 3370 3687 etiam
3430 3636 3481 3686 in

1922 3735 2071 3773 sacra
2129 3722 2400 3790 Scriptura
2452 3724 2744 3776 tenendum
2803 3735 2903 3787 est,
2954 3727 3095 3793 quod
3138 3727 3186 3777 id
3239 3728 3379 3793 quod
3416 3727 3482 3779 dc

1922 3810 2077 3866 Patre
2105 3813 2323 3879 dicitur,
2361 3825 2572 3883 oportet
2599 3817 2663 3869 de
2697 3816 2829 3869 Filio
2872 3818 3113 3885 intelligi,
3146 3819 3348 3869 etiamsi
3404 3819 3485 3869 di-

1922 3902 2021 3953 ctio
2044 3902 2302 3953 rxclusiva
2326 3903 2577 3965 addatur,
2610 3904 2713 3955 nisi
2746 3904 2917 3956 solum
2960 3906 3009 3957 in
3048 3906 3150 3957 illis
3196 3906 3247 3957 in
3277 3906 3475 3971 (ιυὶὺιιπ

1923 3991 2080 4045 Pater
2103 3999 2158 4043 et
2180 3991 2346 4045 Filius
2378 3994 2675 4047 secundum
2731 3997 3005 4063 oppOsitas
3032 3996 3317 4048 relationes
3368 3997 3477 4049 dis-

1922 4082 2253 4151 tinguuntur.
2282 4085 2414 4135 Cum
2458 4084 2600 4136 enim
2659 4084 2915 4139 Dominus
2974 4086 3163 4140 Matth.
3200 4103 3274 4147 XI,
3305 4086 3433 4138 dicit
3465 4106 3477 4137 :

1918 4173 2083 4226 Nemo
2114 4176 2251 4228 novit
2286 4176 2477 4228 Filium
2504 4177 2601 4227 nisi
2634 4174 2817 4239 Pater,
2848 4194 2955 4231 non
2995 4179 3316 4238 excluditur,
3349 4180 3478 4245 quin

1920 4265 2085 4318 Filius
2114 4281 2170 4318 se
2203 4266 2378 4334 ipsum
2418 4276 2724 4336 cognoscat.
2760 4268 2851 4321 Sic
2887 4268 3065 4337 igitur,
3099 4285 3219 4321 cum
3257 4270 3474 4332 dicitur,

1918 4358 2058 4425 quod
2111 4355 2345 4425 Spiritus
2391 4369 2608 4411 sanctus
2649 4374 2676 4411 a
2733 4357 2889 4410 Patre
2948 4360 3219 4425 procedit,
3268 4360 3475 4411 etiamsi

1919 4448 2203 4501 adderetur
2253 4450 2394 4517 quod
2426 4465 2454 4502 a
2504 4451 2618 4502 solo
2653 4448 2807 4501 Patre
2852 4450 3115 4517 procedit,
3144 4466 3252 4501 non
3294 4452 3476 4502 exclu-

260 4555 527 4592 commune
559 4550 640 4595 est
666 4550 756 4594 aut
809 4556 1054 4609 personae
1080 4542 1233 4595 unius
1249 4543 1539 4610 proprium.
1574 4539 1637 4594 V.
1675 4539 1819 4593 Nihil
1850 4555 1895 4611 υ
1920 4541 2137 4593 deretur
2184 4540 2307 4593 inde
2360 4540 2545 4604 Filius,
2579 4542 2703 4609 quia
2748 4550 3009 4609 quantum
3051 4541 3118 4595 ad
3167 4542 3270 4594 hoc
3335 4543 3478 4609 quod

259 4627 599 4684 iuTrinitate
642 4642 816 4699 potest
864 4647 983 4685 esse
1022 4632 1221 4684 duabus
1258 4634 1491 4699 personis
1524 4647 1815 4683 commune.

260 4718 347 4773 Vl.
376 4723 646 4791 Quidquid
676 4725 741 4776 de
782 4723 1044 4777 Trinitatc
1067 4724 1287 4786 dicitur,
1315 4732 1406 4774 aut
1448 4722 1689 4774 naturale
1738 4732 1811 4774 est

261 4823 351 4865 aut
372 4815 754 4883 hypostaticum
790 4816 875 4882 (eo
922 4814 1127 4868 scilicet
1177 4830 1338 4867 sensu
1400 4813 1815 4883 hypostaticum,

260 4920 361 4972 quo
392 4905 554 4958 unius
595 4920 838 4973 persona:
872 4906 1369 4959 characteristicum
1402 4915 1456 4958 et
1496 4904 1814 4974 proprium).

264 4992 373 5047 Vll.
407 4994 496 5049 Uti
530 4994 713 5058 Filius,
748 4995 825 5049 sic
854 5005 905 5048 ct
929 4996 1162 5063 Spiritus
1198 5006 1417 5048 sanctus
1450 5006 1533 5048 est
1562 5012 1625 5049 ex
1659 4996 1816 5048 Patre

259 5083 554 5136 immediate
578 5094 625 5136 et
655 5085 907 5150 proxime,
939 5085 1087 5135 nullo
1124 5086 1301 5137 medio
1334 5085 1653 5139 exsistcnte.
1688 5084 1812 5138 Haec

262 5191 382 5229 vero
416 5177 685 5231 axiomala
719 5176 827 5229 fere
862 5177 1039 5229 omnia
1061 5176 1169 5244 jam
1193 5178 1417 5230 adduxit
1446 5178 1817 5232 Joan.Bcccus

263 5275 367 5318 tum
404 5269 456 5320 in
493 5270 700 5321 Cantat.
731 5269 1013 5321 Animadv.
1047 5269 1157 5337 (Cr.
1180 5270 1312 5321 ortli.
1342 5269 1403 5329 II,
1431 5287 1484 5338 p.
1521 5272 1664 5337 191),
1705 5281 1815 5323 tum

264 5368 393 5410 orat.
424 5361 481 5419 2,
532 5361 597 5413 de
632 5362 967 5426 depositione
1014 5362 1232 5429 injusta,
1275 5381 1324 5415 c.
1352 5364 1419 5416 24
1450 5363 1603 5424 (Ibid.
1641 5379 1693 5431 p.
1729 5364 1815 5420 75)

264 5456 512 5519 tanquam
545 5468 574 5504 a
601 5451 793 5506 Photio
822 5456 1026 5506 invecta
1062 5464 1115 5507 et
1143 5466 1491 5524 propugnata.
1549 5455 1655 5509 Sed
1702 5456 1817 5510 hac

263 5536 314 5589 in
359 5539 489 5595 libro
530 5553 705 5595 nostro
747 5544 951 5595 disertis
1005 5545 1169 5597 verbis
1205 5547 1567 5613 reperiuntur,
1606 5547 1659 5599 in
1711 5563 1817 5615 quo

264 5631 592 5696 potissimum
616 5634 972 5703 theologicum
994 5636 1112 5702 ejus
1131 5638 1359 5705 pretium
1379 5638 1815 5691 constituendum

264 5734 374 5777 esse
424 5741 733 5779 censemus.
778 5726 891 5779 Non
934 5728 1105 5780 solum
1149 5728 1448 5782 doctrinam
1490 5730 1553 5783 de
1586 5731 1818 5799 Spiritus

268 5814 424 5868 sancti
452 5831 511 5870 ex
540 5814 655 5870 solo
682 5814 835 5869 Patrc
864 5815 1208 5885 processione
1241 5819 1381 5889 apud
1407 5818 1619 5875 Graecos
1647 5820 1816 5874 intro-

1919 4641 2141 4684 estesse
2164 4631 2313 4701 [146]
2338 4633 2660 4700 principium
2695 4631 2928 4701 Spiritus
2951 4634 3143 4696 sancti,
3172 4649 3281 4686 non
3314 4651 3479 4702 oppo-

1919 4732 2119 4776 nuntur
2147 4722 2305 4776 Pater
2339 4731 2391 4776 et
2417 4723 2602 4785 Filius,
2637 4724 2730 4776 sed
2762 4726 2935 4777 solum
2988 4736 3246 4793 quantum
3280 4728 3342 4777 ad
3381 4727 3481 4778 hoc

1918 4814 2059 4880 quod
2084 4814 2167 4865 hic
2187 4822 2266 4865 est
2304 4812 2459 4865 Pater
2483 4824 2537 4866 et
2568 4815 2653 4867 ille
2679 4813 2864 4867 Filius.
2907 4834 2925 4867 ι
2963 4816 3213 4868 Solcmnc
3238 4826 3321 4868 est
3349 4817 3477 4869 illud

1919 4903 2197 4971 Augustini
2238 4908 2415 4973 (tract.
2441 4904 2526 4967 99,
2558 4906 2609 4956 in
2637 4905 2816 4972 Joan.)
2844 4922 2855 4956 :
2890 4924 2905 4955 ‹
2936 4906 2987 4956 Si
3013 4922 3139 4975 ergo
3161 4906 3225 4958 de
3247 4906 3399 4957 Patre
3430 4917 3480 4959 et

1917 4993 1982 5045 de
2010 4992 2147 5046 Filio
2171 4996 2411 5061 procedit
2448 4998 2679 5064 Spiritus
2714 5007 2950 5060 sanctus,
2983 5013 3079 5049 cur
3111 4998 3273 5049 Filius
3304 4998 3472 5050 dixit:

1920 5085 1993 5137 De
2028 5083 2182 5137 Patre
2207 5087 2487 5152 procedit?
2520 5089 2646 5147 (Zur.
2685 5098 2865 5155 putas,
2890 5090 2991 5141 nisi
3026 5090 3479 5154 quemadmodum

1918 5179 1984 5230 ad
2016 5192 2139 5229 eum
2172 5180 2310 5229 solet
2347 5178 2549 5231 referre
2583 5189 2635 5231 ct
2666 5180 2807 5247 quod
2848 5182 3011 5248 ipsius
3040 5191 3141 5243 est,
3179 5181 3245 5233 de
3291 5196 3398 5248 quo
3428 5191 3482 5234 et

1919 5271 2031 5338 ipse
2057 5270 2169 5322 est?
2208 5268 2359 5325 Unde
2410 5272 2534 5324 illud
2588 5282 2668 5325 est
2723 5276 2864 5340 quod
2914 5274 2986 5324 ait
3025 5292 3035 5323 :
3074 5273 3185 5324 Mea
3239 5274 3478 5324 doctrina

1922 5378 2021 5412 non
2044 5372 2267 5423 estmea,
2292 5364 2380 5415 sed
2410 5365 2521 5431 ejus
2552 5365 2638 5431 qui
2690 5365 2828 5414 misit
2859 5381 2954 5415 me.
2998 5363 3051 5416 Si
3086 5365 3241 5433 igitur
3276 5365 3475 5416 intelli-

1918 5455 2057 5522 gitur
2115 5456 2201 5508 itic
2246 5456 2363 5523 cjus
2408 5458 2649 5510 doctrina
2682 5497 2694 5520 ,
2752 5473 2908 5523 quam
2966 5468 3143 5508 tamen
3198 5458 3333 5509 dixit
3378 5473 3478 5507 non

1917 5562 2092 5610 suam,
2124 5545 2215 5599 sed
2253 5545 2465 5599 Patris:
2493 5556 2696 5614 quanto
2744 5546 2910 5614 magis
2948 5546 3055 5598 illic
3102 5546 3477 5614 intelligendus

1918 5646 2001 5691 est
2038 5646 2091 5690 et
2120 5637 2185 5691 de
2234 5638 2348 5706 ipso
2392 5638 2685 5706 procedere
2718 5638 2953 5705 Spiritus
2986 5644 3219 5698 sanctus,
3268 5638 3354 5688 ubi
3397 5638 3473 5688 sic

1917 5730 1992 5780 ait
2022 5746 2033 5779 :
2066 5728 2141 5780 De
2186 5728 2341 5781 Patre
2366 5730 2613 5798 procedit,
2646 5738 2705 5781 ut
2742 5744 2849 5781 non
2879 5729 3114 5781 diceret:
3142 5727 3215 5779 De
3254 5743 3331 5779 me
3371 5743 3473 5778 non

1918 5821 2187 5887 procedit?
2218 5840 2234 5873 ι
2269 5820 2499 5876 Uberius
2532 5822 3061 5892 idcntargumrntum
3085 5818 3337 5874 evolvunt
3372 5818 3470 5871 Pe-
