4242 6438
237 451 342 514 m
941 445 1035 504 DE
1076 445 1136 502 s.
1172 443 1368 502 sem.
1411 397 1901 499 MYSTAGOGIA.
1940 464 2004 474 —
2040 434 2779 496 ANIMADVERSIONES.
3356 431 3459 496 us

244 558 550 613 ostenditur
597 556 755 608 verba
782 552 892 615 illa,
922 552 978 600 ὃν
1019 549 1129 615 ἐγὼ
1161 550 1358 617 πέμψω
1400 547 1549 615 παρὰ
1576 546 1671 597 τοῦ
1696 546 1805 596 Πα-
1835 551 1877 605 Α
1910 563 1919 615 ι

1788 575 1805 584 -
1835 551 1877 605 Α
1910 546 2309 615 prOgrcssiones
2373 545 2706 612 contingunt,
2760 540 3104 596 insaniunt...
3153 540 3463 595 Indicantnr

242 652 385 719 τρὸς,
411 651 471 701 τὸ
500 648 720 716 Πνεῦμα
749 645 845 711 τῆς
888 641 1142 708 ἀληθείας
1192 642 1323 709 (41),
1351 637 1680 692 sufﬁcienter
1705 637 1798 689 dc—
1904 652 1917 688 l

1782 665 1798 674 -
1904 635 2066 688 rebus
2104 633 2440 703 temporariis
2469 633 2818 701 sempiterna.
2844 631 3086 700 Namque
3115 631 3336 685 mittens
3404 632 3457 684 in

242 741 469 798 clarare,
496 753 603 789 non
651 735 841 787 abesse
882 729 1076 782 Filium
1120 744 1149 781 a
1201 728 1434 796 Spiritus
1462 726 1636 781 sancti
1684 726 1799 793 spi-
1904 725 2033 778 illud
2074 726 2215 794 quod
2274 725 2523 789 mittitur,
2552 724 2861 794 dignitatem
2908 723 3197 792 quamdam
3236 737 3460 791 prorsus

242 829 473 881 ratione.
528 826 633 881 Sed
660 842 771 895 prae
810 825 1020 879 caeteris
1048 823 1344 876 notandum
1386 829 1489 880 est.
1527 819 1803 888 tlteologo-
1901 816 2141 879 obtinet;
2177 825 2230 868 at
2253 816 2304 868 in
2328 825 2511 869 sancta
2532 814 2795 869 Trinitate
2824 830 2932 867 non
2964 823 3046 867 est
3077 815 3156 867 fas
3187 814 3342 867 nobis
3369 814 3452 866 in-

243 937 360 973 rum
404 920 534 972 illud
568 926 968 987 argumentum.
1002 930 1111 983 quo
1165 928 1232 967 ex
1266 911 1522 965 missione
1570 909 1803 979 Spiritus
1904 904 2142 975 telligerc
2188 905 2345 958 unius
2386 920 2631 974 persona:
2683 906 2736 958 in
2772 904 2928 956 aliam
2977 904 3314 972 dignitatem.
3356 903 3460 955 nisi

240 1028 337 1081 per
363 1010 584 1072 Filium,
615 1008 759 1061 illius
791 1007 857 1059 ab
880 1005 1070 1059 eodem
1097 1003 1371 1073 processio
1399 1002 1800 1070 comprobatur.
1903 1012 2020 1049 eam
2052 1006 2259 1049 tantum
2302 1013 2421 1065 qua:
2461 999 2631 1049 oritur
2668 1014 2729 1048 ex
2782 995 3008 1064 origine.
3037 996 3162 1048 Ideo
3207 1011 3380 1064 neque
3429 1011 3461 1047 a

309 1104 365 1157 '5.
404 1101 523 1155 .Iam
555 1099 723 1169 ipsius
756 1096 932 1152 Photii
960 1111 1076 1150 αξνο
1100 1095 1427 1147 Ratramnus
1456 1091 1804 1147 Corbeiensis
1905 1086 2040 1141 Filio
2068 1087 2301 1149 Patrem,
2337 1102 2512 1154 neque
2552 1104 2580 1138 a
2619 1087 2819 1155 Spiritu
2864 1085 3053 1139 Filium
3087 1085 3209 1153 (nisi
3265 1102 3458 1138 secun-

240 1195 296 1259 (l.
328 1209 366 1256 ι,
393 1207 443 1248 c.
478 1192 528 1256 1,
558 1207 612 1260 p.
645 1188 770 1253 229,
810 1188 896 1241 ed.
930 1186 1121 1257 MIGNE)
1153 1188 1225 1240 ita
1256 1186 1517 1256 arguebat
1549 1202 1562 1237 :
1604 1202 1621 1235 ι
1648 1184 1804 1251 Legi-
1905 1179 2031 1232 dmn
2054 1179 2466 1243 humanitatem)
2498 1180 2632 1231 mitti
2650 1178 3056 1232 traduntdivina
3086 1178 3307 1246 Eloquia
3328 1177 3459 1246 (42).

243 1286 350 1337 tis:
381 1283 474 1352 qui
523 1297 552 1334 a
585 1280 742 1335 Patre
773 1279 1113 1349 procedit,et
1140 1278 1326 1332 audire
1353 1293 1461 1330 non
1498 1277 1662 1330 vultis
1720 1276 1804 1329 di-
1905 1269 2109 1323 Revera
2155 1268 2299 1340 [151]
2356 1285 2479 1324 cum
2530 1270 2812 1323 missiones
2866 1270 2917 1321 in
2962 1268 3158 1321 divinis
3208 1283 3312 1319 non
3355 1266 3464 1319 sint

242 1383 457 1426 centem
501 1370 696 1425 Filium
726 1389 739 1425 :
767 1370 930 1434 Quem
981 1386 1073 1440 ego
1118 1370 1324 1422 mittam
1358 1368 1496 1421 vobis
1550 1385 1579 1420 a
1626 1366 1803 1420 Patre.
1905 1362 2200 1416 secundum
2254 1364 2557 1431 imperium,
2582 1376 2759 1430 neque
2810 1360 3107 1414 secundum
3154 1358 3462 1421 consilium,

244 1465 415 1518 Dicite
461 1464 915 1532 quemadmodum
955 1462 1201 1515 mittatur
1233 1477 1262 1514 a
1292 1461 1462 1526 Filio;
1498 1462 1603 1515 hoc
1646 1474 1801 1512 nam-
1907 1453 2001 1507 sed
2062 1454 2356 1507 secundum
2425 1454 2686 1522 originem
2764 1452 3127 1522 intelligenda:
3162 1492 3176 1515 ,
3232 1450 3461 1520 tbeol0gi

244 1569 347 1621 que
375 1553 553 1607 dicere
591 1553 784 1605 Filium
828 1566 938 1604 non
993 1551 1220 1621 negatis,
1245 1550 1288 1604 si
1339 1558 1520 1603 tamen
1568 1548 1808 1618 Evange-
1906 1544 2104 1597 exinde
2149 1546 2408 1611 colligunt
2453 1546 2685 1597 divinam
2734 1560 3039 1613 personam,
3071 1560 3189 1611 quae
3234 1543 3469 1595 mittitur

247 1645 374 1697 lium
398 1644 571 1714 legitis
599 1655 691 1698 aut
717 1644 1011 1711 Evangelio
1034 1644 1079 1697 si
1116 1643 1355 1698 creditis.
1390 1643 1493 1694 Aut
1524 1656 1650 1703 ergo
1680 1641 1808 1693 mis-
1908 1635 1974 1688 ab
1991 1634 2110 1697 alia,
2148 1636 2214 1688 ab
2236 1651 2294 1688 ea
2317 1645 2460 1689 certe
2488 1636 2686 1688 habere
2715 1635 2996 1703 originem,
3030 1643 3083 1687 et
3110 1650 3231 1687 cum
3266 1650 3293 1687 a
3326 1635 3463 1687 Filio

246 1736 451 1787 sionem
502 1736 645 1787 hanc
691 1732 1022 1787 conﬁtemini
1081 1732 1477 1801 processionem,
1519 1740 1632 1792 aut,
1664 1729 1806 1799 quod
1912 1738 2131 1779 sanctus
2159 1727 2391 1795 Spiritus
2430 1726 2584 1779 nobis
2613 1726 2996 1779 connnnnican
3044 1741 3104 1779 ac
3135 1724 3275 1777 mitti
3318 1725 3462 1778 dica-

244 1837 325 1879 cst
366 1825 614 1893 impium,
642 1824 960 1893 obsequium,
993 1833 1048 1877 et
1094 1824 1267 1886 eritis,
1298 1822 1441 1892 quod
1494 1822 1655 1885 absit,
1684 1836 1805 1874 cum
1837 1887 1875 1893 _
1913 1824 1999 1868 tur
2054 1816 2227 1884 (Ῑοαη-
2264 1834 2353 1879 XV.
2387 1816 2490 1880 26;
2531 1831 2638 1876 XVI,
2672 1817 2734 1877 7;
2770 1831 2860 1879 XX.
2889 1815 3004 1883 Ἡ).
3042 1816 3164 1869 inde
3190 1816 3468 1869 ἀθάυευηι

244 1917 391 1980 Ario,
422 1887 512 1986 qui
550 1887 814 1969 minorem
851 1887 1097 1985 dogmate
1118 1887 1371 1984 perverso
1394 1913 1650 1982 Spiritum
1682 1927 1807 1964 san-
1836 1887 1882 1944 B
1913 1906 2074 1974 hujus
2120 1907 2187 1960 ab
2234 1906 2332 1960 illo'
2368 1908 2785 1976 processionem.
2819 1906 2956 1959 Hinc
3002 1907 3330 1974 Augustinus
3367 1907 3468 1976 (De

244 2016 386 2060 ctum
414 2006 688 2061 asserebat
710 2004 914 2060 Filio...
946 2005 1114 2076 Igitur
1136 2020 1258 2058 cum
1289 2004 1431 2058 dicat
1454 2004 1640 2067 Filius,
1676 2001 1807 2055 mis-
1914 1996 2054 2050 Trin.
2075 2014 2145 2059 tv,
2167 1997 2281 2068 20),
2314 2014 2471 2067 quem
2497 2000 2657 2053 etiam
2680 2000 2899 2053 adducit
2926 1998 3124 2052 Aineas
3151 2000 3469 2052 Parisiensis

245 2111 430 2149 surum
462 2111 521 2149 se
553 2111 674 2149 csse
703 2096 963 2164 Spiritum
1004 2095 1243 2149 veritatis
1280 2095 1368 2165 qui
1411 2091 1562 2165 (150]
1596 2108 1624 2146 a
1654 2091 1810 2145 Patre
1915 2091 1983 2160 (c.
2010 2090 2182 2146 Graec.
2210 2106 2260 2145 c.
2297 2092 2400 2156 40;
2435 2091 2631 2154 MIUNE,
2681 2091 2884 2144 Patrol.
2914 2101 2951 2143 t.
2994 2090 3176 2155 CXXI,
3212 2108 3265 2159 ι).
3305 2091 3463 2159 708);

246 2188 507 2258 procedit,
538 2187 781 2257 profecto
821 2188 1017 2241 fatetur
1046 2189 1187 2257 quod
1214 2204 1243 2241 a
1273 2202 1331 2242 se
1359 2189 1503 2242 dicat
1526 2202 1647 2241 eum
1686 2202 1809 2256 pro—
1919 2201 1936 2233 ι
1972 2182 2148 2248 Pater,
2184 2184 2377 2253 inquit,
2399 2199 2519 2237 cum
2552 2199 2615 2236 ex
2648 2193 2888 2251 tempore
2919 2200 2947 2236 a
2979 2199 3245 2252 quoquam
3268 2199 3467 2252 cogno-

244 2282 456 2344 cedere,
504 2282 633 2335 dum
674 2280 957 2334 contirmat
999 2297 1123 2335 eum
1172 2296 1230 2335 se
1271 2281 1507 2335 mittere.
1540 2279 1810 2335 Fortassis
1912 2276 2099 2338 scitur,
2126 2292 2227 2327 non
2250 2276 2442 2327 dicitur
2471 2275 2674 2328 missus.
2699 2274 2813 2327 Non
2839 2276 2981 2328 enim
3013 2275 3173 2328 habet
3194 2276 3383 2343 dequo
3401 2274 3471 2327 sit

245 2372 597 2440 quaestionem
631 2372 775 2435 facit,
801 2370 943 2440 quod
980 2386 1087 2424 non
1111 2371 1429 2440 simpliciter
1456 2370 1653 2424 dixerit
1691 2369 1809 2422 Sal-
1912 2374 2003 2419 aut
2053 2381 2115 2419 ex
2152 2380 2258 2435 quo
2298 2367 2586 2435 procedat;
2624 2385 2641 2417 ι
2697 2375 2753 2419 et
2808 2364 2955 2435 Hugo
3021 2366 3471 2435 Rothomagensis

245 2472 400 2517 vator
430 2481 444 2518 :
480 2463 646 2528 Quem
676 2480 767 2533 ego
816 2466 1023 2515 mittam
1062 2464 1241 2528 vobis,
1288 2463 1382 2517 sed
1427 2462 1693 2516 addiderit
1725 2479 1739 2514 :
1769 2460 1811 2512 Α
1914 2455 2126 2524 (Contra
2172 2458 2350 2510 haeret.
2393 2456 2431 2509 l.
2481 2472 2518 2521 ι,
2550 2472 2598 2509 c.
2664 2456 2699 2508 2
2757 2454 2893 2509 Bibl.
2947 2455 3054 2509 PP.
3102 2473 3244 2509 mas.
3296 2454 3468 2526 Lugd.

247 2554 420 2608 Patre.
455 2554 567 2608 Hoc
596 2554 780 2607 Ariani
805 2570 1023 2608 movere
1045 2555 1223 2622 primi,
1256 2555 1478 2624 gradum
1507 2553 1687 2607 facere
1716 2568 1813 2607 νο-
1915 2555 1957 2600 t.
1994 2546 2159 2612 XXII,
2185 2564 2240 2617 p.
2274 2548 2430 2607 1541)
2458 2566 2470 2601 :
2510 2566 2527 2599 ι
2566 2547 2769 2601 Patera
2801 2548 2949 2601 nullo
2972 2558 3085 2616 est;
3121 2549 3198 2602 sic
3220 2564 3318 2602 nec
3336 2548 3469 2601 mis-

250 2649 422 2700 lentes
459 2647 511 2698 in
536 2646 850 2700 Divinitate.
885 2644 992 2699 Sed
1033 2646 1305 2716 Evangelii
1337 2646 1533 2700 veritas
1582 2646 1813 2699 consub-
1914 2655 2007 2693 sus
2035 2651 2149 2704 est;
2171 2640 2294 2709 quia
2326 2655 2454 2694 vero
2485 2656 2548 2693 ex
2581 2639 2735 2693 Patre
2757 2650 2839 2694 est
2863 2639 3029 2695 Filius
3055 2651 3109 2694 et
3139 2658 3203 2694 ex
3238 2652 3471 2710 utroque

248 2736 556 2789 stantialem
607 2736 774 2789 totius
850 2735 1134 2791 Trinitatis
1214 2738 1451 2792 ostendit
1530 2738 1812 2792 unitatem.
1917 2730 2170 2800 Spiritus,
2200 2734 2333 2785 bene
2358 2742 2582 2801 uterque
2605 2733 2741 2786 mitti
2771 2734 2962 2802 potuit,
2991 2750 3018 2785 a
3054 2748 3162 2801 quo
3190 2733 3421 2786 exsistit.
3453 2753 3469 2780 ι

249 2827 501 2880 Procedit
546 2826 783 2896 Spiritus
826 2838 1046 2881 sanctus
1086 2843 1116 2881 a
1157 2827 1334 2893 Patre,
1378 2829 1499 2897 quia
1560 2830 1625 2883 de
1672 2830 1816 2882 illius
1919 2823 2189 2894 Sagaciter
2216 2841 2429 2894 quoque
2468 2826 2570 2879 hoc
2599 2836 2918 2895 argumento
2939 2828 3106 2881 utitur
3137 2826 3286 2896 IIugo
3314 2826 3476 2880 Ethe-

250 2918 554 2971 substantia
616 2928 816 2971 manat.
859 2917 1016 2971 Mittit
1052 2934 1267 2988 quoque
1333 2920 1501 2973 Filius
1551 2920 1815 2988 Spiritum
1918 2916 2101 2970 rianus
2126 2918 2181 2985 (l.
2209 2933 2279 2979 c.,
2306 2918 2341 2969 l.
2370 2934 2405 2981 I,
2433 2934 2482 2972 c.
2513 2918 2712 2981 10,14,
2742 2918 2979 2988 p.1204,
3015 2919 3172 2987 1208)

248 3008 493 3061 veritatis
523 3023 551 3060 a
594 3009 775 3071 Patre,
799 3010 926 3077 quia
994 3007 1226 3077 Spiritus
1256 3019 1476 3063 sanctus
1529 3020 1586 3063 ut
1628 3025 1657 3062 a
1683 3010 1818 3063 Filio
1986 3010 2039 3064 4.
2078 3009 2182 3063 Sed
2216 3011 2549 3064 reticendum
2586 3011 2673 3064 hic
2702 3028 2809 3063 non
2830 3021 2932 3075 est,
2965 3011 3091 3080 quid
3116 3011 3178 3064 ad
3207 3026 3475 3065 enervan-

250 3100 524 3168 proccdat.
558 3099 673 3167 ipse
700 3108 859 3153 natus
877 3108 960 3153 est
982 3117 1047 3154 ex
1065 3098 1245 3163 Patre,
1272 3111 1327 3154 et
1349 3101 1486 3155 sicut
1509 3101 1719 3169 accepit
1750 3101 1817 3154 de
1918 3099 2045 3153 dum
2090 3099 2190 3153 hoc
2214 3108 2587 3168 argumentum
2612 3100 2738 3153 alibi
2768 3101 2991 3153 Photius
3053 3110 3271 3154 statuat.
3330 3102 3476 3155 Con-

250 3189 409 3244 Patre
452 3191 619 3243 Filius
659 3192 932 3245 nascendo
976 3193 1351 3257 substantiam,
1384 3193 1463 3246 sic
1505 3194 1687 3246 itidem
1725 3208 1816 3247 ac—
1842 3235 1885 3295 Ο

1800 3223 1816 3234 .
1842 3235 1885 3295 C
1925 3189 2093 3242 tendit
2126 3190 2270 3241 enim
2298 3188 2651 3256 (Amphiloch.
2676 3206 2730 3257 q.
2768 3190 2890 3251 188,
2928 3190 3015 3243 ed.
3042 3190 3139 3242 Mai
3189 3188 3319 3243 Vett.
3358 3191 3475 3244 Ser.

251 3282 396 3351 cepit
430 3297 459 3334 a
508 3280 689 3344 Patre,
723 3290 781 3335 ut
822 3280 1080 3350 Spiritum
1112 3283 1347 3336 veritatis
1406 3284 1646 3337 mitteret
1677 3298 1706 3336 a
1759 3298 1817 3338 se
1845 3280 1885 3295 ν
1921 3280 2288 3334 nova'CoIlect.
2312 3280 2351 3345 Ι,
2385 3298 2444 3343 ιι,
2472 3298 2524 3350 ρ.
2562 3282 2707 3349 180),
2731 3282 3025 3351 quamlibet
3071 3282 3231 3335 trium
3283 3298 3471 3351 perso-

252 3373 615 3441 procedendo.
675 3374 924 3441 Alioquin
984 3389 1104 3427 cum
1159 3374 1289 3428 dicit
1331 3391 1344 3427 :
1404 3373 1505 3438 Qui
1568 3394 1597 3427 κ
1658 3373 1817 3427 Patre
1920 3388 2110 3426 narum
2141 3372 2208 3426 ab
2238 3373 2337 3425 alia
2367 3373 2523 3436 mitti,
2560 3372 2666 3425 imo
2701 3373 2875 3440 ipsum
2930 3372 3139 3425 Patrem
3170 3389 3198 3425 a
3232 3372 3364 3426 Filio
3416 3382 3474 3425 et

253 3464 519 3533 procedit,
550 3480 658 3516 non
678 3473 884 3533 negata
906 3479 962 3517 se
998 3464 1311 3532 procedere,
1354 3465 1607 3531 quoniam
1639 3466 1816 3517 missio
1922 3464 2125 3533 Spiritu
2156 3475 2343 3518 sancto
2381 3464 2599 3517 missurn
2623 3464 2727 3518 dici
2778 3463 2924 3518 Isaia:
2965 3482 3150 3528 XLVIII,
3179 3466 3265 3527 16,
3296 3466 3479 3518 verbis

255 3552 384 3605 Filii
406 3553 667 3621 processio
689 3563 761 3606 est
780 3553 1006 3621 Spiritus
1028 3556 1230 3616 sancti;
1263 3562 1322 3606 ut
1345 3554 1522 3607 mittat
1555 3555 1815 3623 Spiritum
1921 3556 2023 3608 illis
2050 3573 2061 3606 :
2096 3555 2160 3608 Et
2187 3571 2322 3607 nunc
2351 3555 2603 3608 Dominus
2634 3554 2813 3624 (Deus)
2849 3558 2988 3608 misit
3040 3574 3120 3609 me
3154 3566 3200 3609 et
3250 3555 3479 3625 Spiritus

252 3647 500 3699 veritatis
558 3661 663 3697 non
716 3656 969 3714 tanquam
1025 3646 1292 3698 minorem
1320 3684 1334 3707 ,
1402 3646 1637 3714 jubendo
1696 3648 1810 3716 ipse
1922 3645 2226 3712 ejus.Quod
2251 3660 2464 3697 rursum
2492 3646 2540 3696 in
2565 3646 2666 3697 alia
2700 3645 2997 3712 quaestione
3023 3645 3478 3715 tangit(GaIIand.

262 3737 433 3803 major
485 3735 813 3799 exsistendo,
846 3737 938 3789 sed
977 3736 1246 3789 missionis
1274 3738 1436 3790 verbo
1464 3748 1816 3803 monstratur,
1922 3734 2056 3789 Bibl.
2090 3735 2202 3788 PP.
2227 3734 2366 3793 XIII,
2394 3736 2516 3796 742,
2544 3736 2668 3801 745)
2718 3735 2783 3788 de
2813 3735 2970 3788 Joan.
3002 3752 3109 3799 xw,
3153 3737 3235 3795 10,
3292 3752 3476 3806 agetIS.

253 3826 375 3893 quia
409 3825 551 3878 sicut
596 3825 839 3891 procedit
895 3824 1127 3894 Spiritus
1181 3826 1423 3879 veritatis
1476 3843 1503 3879 a
1535 3828 1714 3893 Patre,
1743 3830 1821 3883 sic
1922 3826 2012 3879 ubi
2047 3826 2487 3896 Chrysostomum
2526 3824 2671 3897 [152]
2706 3826 2912 3879 inducit
2934 3842 2997 3879 ex
3045 3827 3219 3880 allatis
3244 3828 3478 3896 prophe-

256 3916 419 3970 ctiam
455 3916 701 3984 procedit
730 3932 757 3968 a
784 3914 938 3968 Filio.
980 3936 998 3967 ι
1034 3946 1101 3955 -
1131 3917 1379 3970 Consona
1424 3919 1586 3972 tradit
1617 3919 1819 3974 Beccus
1923 3929 1931 3971 ι

1803 3936 1819 3974 5
1923 3929 1988 3971 ta:
2046 3920 2221 3972 verbis
2252 3920 2705 3973 concludentem:
2756 3919 2840 3979 Ὠς
2874 3920 2914 3970 εὸ
2967 3921 3154 3988 Πατὴρ
3204 3921 3288 3988 εἴη
3342 3921 3478 3971 ἀποο

258 4008 333 4074 (in
364 4006 633 4060 Cantateri
688 4007 967 4058 Animadv.
1024 4022 1072 4059 c.
1114 4006 1163 4058 4.
1195 4006 1258 4061 G.
1310 4006 1371 4061 0.
1410 4008 1471 4071 II,
1501 4009 1624 4072 297,
1650 4010 1815 4077 298);
1922 4028 1933 4060 ‹

1803 4026 1815 4062 :
1922 4010 2271 4079 στελλόμενος
2304 4010 2451 4079 παρά
2481 4028 2539 4062 τε
2587 4029 2680 4062 του
2715 4011 3029 4079 Πνεύματος
3060 4012 3151 4063 καὶ
3178 4011 3270 4062 τοῦ
3324 4010 3477 4066 Υἱοῦ.

262 4119 277 4147 ι
316 4098 473 4163 Quod
510 4098 653 4150 enim
684 4096 798 4165 (Sp.
848 4099 1047 4165 sanet.)
1071 4114 1099 4149 a
1138 4096 1293 4150 Patre
1321 4107 1375 4150 et
1406 4099 1539 4151 Filio
1566 4100 1817 4163 mittitur,
1922 4099 2162 4167 Respicit
2194 4111 2339 4153 certe
2363 4102 2426 4153 ad
2461 4100 2735 4154 homiliam
2774 4103 2840 4154 de
2858 4100 3061 4169 Spiritu
3086 4112 3291 4164 sancto,
3323 4102 3478 4170 cujus

257 4203 377 4239 cum
400 4203 429 4238 a
454 4195 651 4239 neutro
673 4188 742 4238 ad
778 4188 984 4238 modum
1018 4188 1149 4239 servi
1183 4187 1565 4257 (διακονικῶς),
1600 4206 1821 4258 prorsus
1922 4207 1932 4259 ι

1796 4207 1821 4245 s
1922 4203 2128 4259 partem
2160 4191 2214 4243 in
2268 4192 2604 4255 Bibliotheca,
2642 4194 2760 4246 cod.
2796 4194 2922 4256 277,
2961 4210 3013 4261 p.
3058 4192 3179 4254 812,
3232 4194 3320 4247 ed.
3358 4203 3469 4246 vet.

258 4277 580 4329 naturaliter
621 4277 784 4331 veluti
808 4293 872 4330 ex
915 4279 1151 4331 eSSentia
1202 4280 1482 4348 utriusque.
1532 4283 1759 4335 exsistit.
1798 4303 1813 4334 ι
1924 4283 2262 4336 recitaverat.
2307 4282 2412 4335 Sed
2453 4286 2504 4335 in
2538 4284 2723 4351 primis
2753 4281 2901 4337 ISaiae
2950 4285 3277 4353 verba,quze
3330 4299 3472 4352 saepe

260 4368 608 4437 EtGeorgius
638 4368 1031 4436 Trapezuntius
1056 4368 1153 4438 (De
1185 4388 1289 4422 una
1333 4373 1470 4424 catlt.
1503 4371 1648 4429 Eccl.
1680 4390 1727 4427 c.
1766 4378 1818 4438 5,
1922 4387 2044 4424 cum
2076 4373 2193 4425 aliis
2216 4387 2263 4425 c.
2292 4389 2401 4436 LXI,
2436 4375 2484 4433 1,
2516 4374 2917 4442 coniunguntur
2953 4376 3041 4439 (de
3073 4378 3269 4444 quibus
3324 4378 3481 4430 aliter

258 4458 317 4510 G.
351 4457 413 4513 0.
447 4458 489 4520 I,
514 4458 637 4523 540,
661 4459 783 4527 541)
814 4477 828 4511 :
867 4479 884 4510 ‹
923 4459 1047 4513 Inde
1073 4462 1318 4529 procedit
1345 4462 1579 4530 Spiritus
1604 4478 1822 4520 sanctus
1924 4464 2113 4517 statuit
2139 4464 2380 4523 Photius.
2416 4465 2628 4517 utinfra
2665 4466 2847 4519 videre
2893 4470 3020 4533 est),
3072 4482 3186 4521 rem
3215 4484 3320 4520 non
3357 4485 3481 4534 pro-

259 4551 401 4604 unde
432 4558 490 4603 et
522 4551 790 4617 mittitur;
833 4567 898 4604 ex
926 4550 1080 4605 Patre
1125 4553 1282 4624 igitur
1302 4563 1356 4606 et
1392 4553 1523 4607 Filio
1555 4558 1816 4623 procedit.
1847 4560 1898 4619 D
1928 4556 2077 4607 bant.
2112 4554 2180 4609 Ut
2212 4556 2276 4608 de
2308 4556 2702 4609 recentioribus
2741 4566 3029 4620 taceamus,
3061 4557 3152 4625 qui
3196 4574 3256 4610 ea
3308 4559 3478 4610 ascri-

258 4642 388 4695 Nam
428 4642 521 4711 qui
560 4643 910 4711 temporarias
948 4643 1002 4695 in
1046 4644 1154 4697 Deo
1204 4654 1257 4697 et
1305 4645 1503 4699 divinis
1566 4651 1816 4713 personis
1923 4646 2060 4699 bunt
2086 4646 2185 4714 ipsi
2212 4648 2491 4715 propheta:
2525 4648 2656 4717 (45),
2684 4663 2710 4699 a
2740 4646 2986 4701 Patribus
3010 4650 3368 4702 communiter
3392 4650 3481 4701 tri-

309 4753 441 4843 .(4I1‘)
469 4750 1099 4843 (Eegig‘ixusq'll‘rapczunt.
1119 4751 1210 4843 0De
1233 4768 1335 4830 una
1361 4753 1497 4843 calt/3.
1534 4753 1677 4843 licet.
1777 4757 1817 4835 ⁹ἵ)
1919 4760 1984 4828 λη

1802 4757 1817 4807 5
1919 4760 2244 4843 ληροῦσιν..“.
2282 4762 2540 4843 animum:
2582 4763 2636 4815 δὲ
2667 4764 2941 4843 ageam
2971 4764 3077 4843 τῶν
3109 4767 3373 4843 χρονιξιῷιν
3409 4768 3477 4819 τὰ

377 4822 442 4875 0.
483 4820 1084 4903 I‘,'54_t))_.illud"urget,
1119 4820 1375 4889 Spiritum
1423 4822 1510 4877 hic
1548 4823 1818 4903 dici-“Spi—
1919 4848 1935 4903 ς

1802 4854 1818 4864 -
1919 4820 2148 4903 ᾳῖὠνιαῇ
2179 4832 2237 4882 τὸ
2263 4820 2370 4899 γάῤ
2400 4832 2613 4898 πέμπον
2644 4820 2775 4901 rvpi);
2797 4820 2854 4884 τὸ
2892 4820 3238 4903 πεμπόμενον
3266 4835 3477 4901 ἀξίωμα

260 4892 421 4973 ritum
502 4889 753 4973 Veritatis
789 4931 801 4949 ,
858 4889 1333 4973 Veritatemnvero
1408 4906 1533 4973 esse
1623 4889 1815 4973 Piliam
1920 4902 1935 4950 ἔ

1800 4911 1815 4946 t
1920 4900 2030 4968 ἔχει
2056 4889 2284 4973 ’ττρντῳς¹
2308 4889 2583 4973 ὁξτλοιονολῦν
2606 4919 2618 4929 ·
2652 4889 2707 4953 ὲν
2741 4903 2795 4953 δὲ
2833 4905 2897 4971 τῇ
2929 4889 3057 4973 ἀξίᾳ
3082 4889 3187 4955 ’καὶ
3236 4889 3474 4973 προσκύ-

258 4961 435 5026 (Joan.
463 4975 578 5041 xiv,
612 4961 686 5021 6).
719 4962 934 5037 jamque
958 4961 1028 5041 aid
1068 4978 1107 5039 ⁸ει
1149 4959 1344 5041 C_yrillo
1397 4962 1546 5041 Ales.
1592 4964 1657 5041 ad
1706 4979 1817 5041 rem
1919 4988 1933 5022 π

1799 4980 1817 5015 ι
2094 4959 2279 5041 Τρινάδι
2305 4970 2453 5020 οὐδὲν
2475 4971 2689 5039 ἀξίωμα
2708 4959 3051 5041 0306171051»,-
3082 4974 3219 5041 πρὸς
3244 4959 3474 5025 ὐ’πόστα-

259 5040 609 5107 praesentenr
637 5030 845 5107 egregie
894 5029 1077 5081 referri
1107 5070 1119 5091 ,
1152 5032 1295 5107 ‘dum
1345 5032 1568 5107 scribit:
1600 5032 1818 5107 ῌνεῇμα
1922 5056 1934 5090 ‹

1799 5050 1818 5083 ι
1922 5029 2005 5090 σιν
2028 5029 2240 5107 δεμίτὸν
2261 5042 2415 5101 νοεῖν,
2437 5042 2481 5090 εξ
2510 5029 2583 5107 (in
2606 5029 2762 5107 ptde
2791 5042 2850 5093 τὸ
2876 5043 2932 5105 ἐξ
2951 5036 3009 5093 οὗ
3033 5029 3047 5069 ί
3076 5029 3161 5094 διὲι
3176 5029 3332 5094 τοῦτο
3355 5043 3474 5095 οὔτε

264 5101 371 5180 χεὶρ
419 5100 675 5180 ἀληβείας
709 5099 1049 5180 ὠνόμασταιξ
1081 5099 1174 5180 κα)
1200 5101 1312 5178 ἕεζτῑ
1354 5100 1648 5180 X35616;
1922 5099 2192 5177 rapiam";
2228 5109 2353 5160 Υἱοῦ
2406 5099 2522 5159 τ>›ν’
2558 5099 2796 5180 Πᾶτέρα,
2831 5099 2951 5163 οὔτε
3001 5113 3146 5180 παρὰ
3179 5112 3270 5163 τοῦ
3301 5114 3473 5164 Ilvati-

259 5168 396 5249 θεξα,
450 5172 547 5249 xa'}
594 5172 875 5249 «ppxajtaf
922 5168 1295 5249 mp’haﬁrqﬁ.
1337 5169 1585 5249 καθάπερ
1627 5168 1820 5249 ἀμέλὲξ
1925 5168 2097 5249 ματος,
2152 5181 2240 5229 τὸν
2293 5180 2436 5235 Υἱὸν,
2490 5182 2535 5230 εἰ
2574 5180 2646 5248 μὴ
2695 5168 2836 5233 δὶατὰ
2876 5183 2935 5233 τὸ
2974 5168 3331 5249 ἀνθρώπινον,
3373 5186 3475 5234 ἀπ-

259 5241 349 5318 Ξιλαὶ
399 5238 556 5306 παρὰ
601 5238 693 5318 tot?
726 5238 875 5318 ’βεοῦ
922 5239 1017 5290 καὶ
1071 5239 1301 5318 ῌατρρς.
1340 5238 1817 5318 ’(Cyirilli__ep_.ma_d
1922 5238 1934 5298 ἐ

1798 5241 1817 5294 1
1922 5238 2171 5300 ἐστάλθαι
2203 5250 2330 5299 ποτὲ
2357 5238 2596 5314 λέγουσιν
2636 5238 2691 5300 ξιξ
2722 5252 2948 5318 Γραφαί.
2982 5238 3241 5304 Ρτίέοιενρ
3271 5238 3335 5303 de
3391 5253 3472 5305 bis

258 5310 470 5388 Sesto-5.
497 5384 505 5388 Α
530 5309 672 5375 apud
724 5306 975 5388 P‘eccum,
1000 5306 1198 5388 “epigr.
1224 5310 1245 5361 1
1274 5309 1395 5388 agn.
1426 5306 1497 5362 ’0.
1528 5306 1816 5388 _II,.'_525).
1920 5333 1933 5370 (

1803 5352 1816 5364 .
1920 5333 2132 5388 quoque
2186 5306 2437 5385 disputat
2474 5319 2664 5388 Georg.
2706 5306 2933 5373 Metoch.
2989 5321 3180 5375 Contra
3244 5321 3469 5374 Manuel.

257 5378 337 5458 9f.
407 5377 1117 5458 ﬂaturam-“Comei-_l._I.
1178 5378 1419 5458 p-__2§9.
1447 5379 1589 5458 Λθιὶε,
1624 5377 1815 5458 δρψ.
1921 5377 2151 5440 Cretens.
2181 5404 2229 5442 ο.
2260 5377 2311 5441 9.
2347 5388 2429 5453 (G.
2460 5389 2518 5441 0.
2554 5377 2749 5445 tt.“990
2778 5396 2915 5458 seq.)
2967 5391 3217 5443 Missione
3261 5391 3476 5458 ἀξίωμα

255 5445 833 5530 Eonstant.mMelitert.
870 5455 1005 5530 orat.
1041 5450 1092 5508 1,
1134 5445 1293 5530 c.,
1439 5447 1502 5501 0.
1552 5448 1621 5530 II,
1655 5449 1818 5530 666),;
1922 5459 2186 5530 mittentis
2205 5445 2410 5530 ostendi
2433 5459 2744 5530 docetinter
2765 5445 3073 5530 alio-sGreg.
3095 5459 3222 5515 Naz.
3250 5445 3473 5514 or'at.'57

256 5515 808 5595 biantteluthysob.
868 5516 944 5569 De
1005 5533 1148 5584 proc.
1204 5516 1389 5582 Spirit.
1452 5520 1621 5570 sancti
1689 5535 1737 5572 c.
1789 5521 1822 5573 5
1921 5542 1931 5595 ι

877 5516 944 5569 De
1005 5533 1148 5584 proc.
1204 5516 1389 5582 Spirit.
1452 5520 1621 5570 sancti
1689 5535 1737 5572 c.
1789 5521 1822 5573 5
1921 5542 1974 5595 p.
2009 5528 2129 5584 596,
2164 5528 2283 5585 608,
2317 5529 2401 5579 ed.
2438 5527 2552 5579 Bill.

278 5586 439 5667 'b.-..P.-
471 5586 665 5667 1936)-
915 5655 925 5667 .
1006 5656 1049 5667 ..
1162 5658 1173 5667 .
1612 5659 1624 5667 .
1707 5657 1751 5667 _-
1923 5586 1936 5595 ’

1923 5586 1936 5595 ’
1993 5598 2104 5663 (45)
2134 5598 2359 5667 Cornel.
2396 5614 2423 5649 a
2468 5598 2663 5665 Lapide
2704 5599 2758 5651 in
2816 5599 2869 5652 h.
2930 5599 2964 5651 l.
3004 5618 3014 5652 :
3056 5618 3072 5649 ι
3114 5598 3251 5651 Sunt
3313 5601 3474 5653 verba

322 5657 432 5737 (£2)
471 5655 940 5737 Πέμπεταιλεαρὰ
972 5656 1216 5737 ’Πᾳτρὸς
1262 5657 1370 5737 καὶ.
1402 5657 1532 5737 Υῐοῦ
1568 5673 1581 5686 ·
1609 5657 1818 5737 ἐκεῖθεν
1920 5683 1990 5719 no

1797 5677 1818 5737 γ
1920 5655 2189 5735 ιιοίιϐξντιι
2228 5669 2317 5719 sed
2349 5666 2514 5737 Isaia},
2541 5655 2628 5734 qui
2684 5671 2877 5722 missus
2912 5678 2997 5721 est
3056 5680 3305 5736 tanquam
3347 5686 3472 5737 pro-

252 5725 715 5807 ξξὲξεπορεύεται,
748 5727 868 5807 ὅθεν
902 5726 993 5777 καὶ
1019 5728 1327 5795 πέμπεται·
1356 5730 1417 5779 ἐκ
1467 5728 1819 5807 Πατρὸςῆκαὶ
1922 5754 1927 5805 1

1769 5732 1819 5807 α)
1922 5725 2171 5805 ριιοιο’ρι
2200 5752 2370 5804 βπεροο
2409 5753 2435 5789 a
2464 5725 2573 5807 Deo
2600 5748 2654 5790 et
2695 5739 2898 5807 Spiritu
2932 5739 3020 5792 Dei
3046 5741 3108 5793 ad
3136 5725 3248 5794 hinc
3288 5725 3444 5795 va'tici

254 5794 382 5879 Υἱοῦ
440 5797 1005 5879 ῥραΑὲμπορεύεταιν·
1047 5798 1095 5847 οἱ
1130 5799 1518 5879 γὰρ’χρονικὰς
1545 5794 1635 5848 tiri.
1660 5798 1817 5879 ,θεοῦ
1923 5794 1929 5858 i

1545 5794 1635 5848 ὲέτὶ
1660 5798 1817 5879 ,θεοῦ
1923 5794 2227 5861 nandum.)
2264 5807 2347 5860 (ΞΓ.
2380 5806 2582 5861 Knobel
2617 5808 2669 5862 in
2704 5794 2756 5862 lt'.
2786 5808 2819 5866 I.
2846 5809 2971 5873 Isa.,
3012 5826 3066 5879 p.
3097 5810 3215 5865 356.

254 5865 344 5917 καὶ
394 5865 511 5918 τῶν
567 5865 725 5918 θείων
775 5866 1122 5919 ὑποστάσεων
1160 5865 1482 5929 πλάττοντες
1540 5869 1813 5937 προόδους,
