4242 6438
808 364 910 429 419

1917 358 2176 419 ΡΙΙΟΤῘΙ
2215 357 2707 417 ΡᾹἸἮΙΛΒΩΗΑΞ
2745 357 2850 417 CP.

3916 349 4061 412 42ον

805 481 1043 534 buuntur
1065 472 1220 538 Filio,
1251 481 1304 526 et
1332 470 1550 540 quidem
1582 477 1824 538 spectato
1842 480 1899 522 ut
1931 470 2194 522 esthomo
2218 469 2360 537 (41),
2392 482 2436 530 Α
2463 468 2769 531 dicendum,
2804 465 2945 536 quod
2975 463 3160 518 missio
3176 477 3284 516 non
3312 462 3487 516 solum
3513 461 3767 532 importat
3795 476 4019 532 proces-

807 585 906 622 nec
927 565 1148 618 dissidet
1180 563 1412 616 homilia:
1458 561 1599 613 illius
1635 569 1844 621 auctor,
1872 568 1929 611 ut
1967 559 2214 612 Petavius
2267 559 2364 626 (De

809 660 948 712 Trin.
995 657 1032 708 l.
1065 673 1185 716 VIII,
1241 670 1289 708 c.
1313 654 1365 717 1,
1402 651 1538 721 ςιι)
1570 651 1826 711 ostendit,
1880 651 2004 704 licet
2054 651 2363 719 loquentem

807 763 1091 818 personam
1145 745 1453 800 Creatorem
1508 744 1630 798 οωΙί
1681 753 1736 796 et
1789 753 1943 796 terra:
1991 743 2362 812 appellaverit.

809 839 947 891 llinc
982 848 1035 891 et
1065 835 1392 905 posteriores
1415 834 1722 887 schismatis
1748 835 1960 902 patroni
1995 851 2100 886 non
2133 850 2196 887 ex
2244 851 2366 903 per—

811 945 945 982 sona
969 929 1164 992 Patris,
1196 928 1288 981 sed
1312 943 1375 980 ex
1401 925 1518 978 Filii
1561 941 1789 993 persona
1820 927 1979 978 verba
2029 926 2112 978 illa
2164 927 2366 994 prolata

812 1022 1027 1079 volunt;
1060 1020 1152 1071 sed
1192 1034 1298 1071 non
1325 1027 1573 1084 tanquam
1604 1016 1860 1078 hominis,
1901 1033 2086 1069 verum
2114 1025 2367 1084 tanquam

811 1112 900 1162 llci
937 1111 1068 1177 (45).
1097 1109 1198 1162 Sed
1225 1126 1328 1160 non
1354 1125 1489 1176 opus
1531 1117 1614 1161 est
1662 1109 1748 1160 his
1796 1109 2000 1160 diutius
2054 1108 2364 1172 immorari;

807 1200 1061 1252 dabimus
1096 1199 1154 1250 D.
1223 1198 1444 1250 Thomae
1473 1198 1890 1266 disputationem
1928 1199 2000 1249 rei
2039 1198 2367 1252 illustrandae

813 1291 1112 1343 universim
1144 1300 1519 1356 opportunam.
1566 1289 1848 1356 Postquam
1892 1289 2159 1356 (Summa,
2226 1291 2274 1348 1,
2311 1305 2364 1356 q.

811 1384 900 1440 45,
923 1397 972 1433 a.
1000 1381 1051 1441 8)
1077 1378 1224 1450 [155]
1246 1380 1347 1432 tria
1373 1379 1594 1448 protulit
1621 1387 1955 1449 argumenta,
1997 1394 2114 1447 qua:
2148 1380 2368 1446 probare

813 1473 1085 1535 videnlur,
1118 1471 1352 1524 divinam
1391 1485 1674 1537 personam
1708 1471 1846 1522 mitti
1897 1485 2004 1521 non
2038 1484 2198 1538 posse
2261 1469 2363 1521 nisi

811 1561 878 1612 ab
903 1575 962 1612 ea
993 1576 1022 1611 a
1055 1576 1158 1626 qua
1201 1557 1528 1611 aaterualiter
1563 1557 1824 1625 procedit,
1857 1558 2046 1623 hisque
2090 1557 2362 1624 opposuit,

812 1651 954 1717 quod
995 1650 1139 1702 Isaiae
1163 1665 1338 1710 xcvm,
1383 1647 1446 1699 16
1468 1686 1482 1709 ,
1523 1646 1694 1699 Filius
1725 1647 1932 1700 dicatur
1957 1650 2155 1700 missus
2185 1663 2214 1700 a
2243 1646 2370 1716 Spi-

816 1744 919 1795 ritu
960 1751 1166 1803 sancto,
1198 1742 1311 1793 haec
1343 1739 1542 1791 docet:
1602 1757 1617 1788 ι
1682 1738 2000 1805 llespondeo
2048 1737 2363 1800 dicendum,

2462 561 2670 613 sionem
2710 576 2741 612 a
2787 557 3070 628 principio,
3130 556 3224 609 sed
3274 553 3600 608 determinat
3655 554 4022 622 processionis

2463 652 2760 705 terminum
2786 649 3157 718 temporalem.
3182 646 3340 702 Unde
3383 646 3568 699 missio
3585 647 3756 699 solum
3778 655 3858 699 est
3883 655 4022 698 tem-

2463 744 2680 811 poralis,
2707 742 2791 797 vel
2828 741 3015 795 missio
3055 738 3280 794 includit
3314 739 3716 808 processionem
3765 746 4022 790 aeternam

2464 843 2518 888 et
2543 835 2743 903 aliquid
2773 833 2944 895 addit,
2999 830 3120 884 scil.
3159 828 3508 897 temporalem
3546 826 3821 880 effectum.
3861 824 4024 877 Habi-

2466 927 2595 979 tudo
2631 926 2775 978 enim
2803 924 3000 977 divinae
3020 935 3266 990 persona
3289 919 3354 972 ad
3373 933 3530 972 suum
3562 916 3886 986 principium
3912 931 4022 968 non

2466 1027 2548 1070 cst
2576 1015 2677 1068 nisi
2705 1016 2773 1069 ab
2805 1025 3026 1068 aeterno.
3059 1011 3213 1066 Unde
3259 1012 3464 1079 gemina
3508 1009 3709 1062 dicitur
3745 1009 4024 1075 processio,

2465 1117 2664 1159 mterna
2698 1106 2814 1157 scil.
2841 1103 2990 1174 1154]
3027 1112 3082 1156 et
3120 1101 3452 1169 temporalis,
3489 1114 3594 1152 non
3633 1107 3856 1167 propter
3897 1097 4021 1157 hoc,

2467 1197 2606 1266 quod
2645 1197 2900 1248 habitudo
2931 1196 2996 1249 ad
3047 1193 3370 1262 principium
3417 1191 3752 1260 geminetur;
3803 1187 3900 1241 sed
3930 1202 4024 1257 ge-

2469 1289 2690 1342 minatio
2724 1297 2806 1340 est
2833 1303 2896 1339 ex
2931 1297 3081 1355 parte
3110 1284 3326 1338 termini
3371 1281 3682 1350 temporalis
3720 1290 3776 1334 et
3820 1279 4024 1349 princi-

2465 1379 2538 1447 pii
2568 1378 2774 1432 aeterni.
2815 1396 2832 1427 ι
2897 1376 3172 1444 Duplicetn
3219 1373 3456 1428 secernit
3515 1370 3752 1424 Thomas
3800 1370 3854 1423 in
3886 1370 4021 1424 mis-

2469 1467 2623 1519 sione
2651 1465 3057 1518 habitudinem:
3093 1464 3137 1530 Ι)
3187 1461 3557 1515 habitudinem
3594 1459 3744 1512 missi
3777 1460 3847 1510 ad
3896 1459 4019 1510 mit-

2471 1562 2684 1616 tentem;
2715 1551 2778 1617 ll)
2803 1553 2871 1603 ad
2897 1553 3192 1614 terminum,
3218 1552 3286 1603 ad
3329 1566 3477 1619 quem
3504 1549 3746 1601 mittitur.
3786 1547 3943 1615 (lbid.
3973 1563 4020 1601 a.

2470 1640 2545 1706 1.)
2582 1639 2818 1705 Quilibet
2861 1655 3023 1708 porro
3068 1640 3268 1692 missus
3318 1636 3686 1690 habitudinem
3742 1635 3904 1688 habet
3961 1638 4026 1688 ad

2469 1745 2593 1784 eum
2619 1747 2790 1800 aquo,
2819 1741 2872 1784 et
2904 1728 3274 1783 habitudinem
3299 1727 3366 1780 ad
3403 1741 3528 1780 eum
3562 1726 3633 1779 ad
3667 1742 3814 1795 quem
3855 1726 4027 1780 mitti-

814 1830 957 1898 quod
992 1829 1132 1883 circa
1155 1798 1277 1879 'hoc
1302 1825 1651 1879 inveniuntur
1677 1798 1838 1891 aliqui
1895 1821 2253 1875 diversimode
2286 1798 2368 1873 lo-
2401 1798 2442 1854 Β
2473 1829 2578 1872 tur.
2607 1798 2760 1873 Prior
2800 1820 2983 1890 σχέσις
3015 1828 3192 1888 potest
3217 1833 3341 1872 esse
3375 1816 3567 1885 triplex
3596 1834 3609 1870 :
3646 1835 3664 1868 ι
3699 1817 3783 1871 vel
3830 1832 4028 1871 secun-

815 1922 925 1974 cuti
960 1935 1100 1974 esse.
1119 1918 1422 1974 Secundum
1456 1915 1717 1984 quosdam
1762 1914 1906 1966 enim
1933 1927 2160 1980 persona
2193 1911 2369 1964 divina

817 2025 927 2064 non
957 2010 1206 2069 mittitur,
1231 2008 1335 2061 nisi
1369 2007 1538 2072 abeo,
1569 2020 1597 2057 a
1631 2019 1740 2072 quo
1796 2012 1878 2056 est
1906 2002 2268 2066 :etcrnaliter;
2318 2009 2372 2054 et

819 2102 1115 2156 secundum
1161 2100 1286 2162 hoc,
1317 2114 1439 2152 cum
1476 2097 1671 2150 dicitur
1735 2093 1904 2148 Filius
1964 2094 2054 2147 Dei
2095 2094 2290 2147 missus
2341 2108 2372 2147 a

822 2192 1024 2260 Spiritu
1047 2199 1256 2252 sancto,
1289 2188 1628 2241 referendum
1649 2196 1731 2240 est
1753 2188 1855 2239 hoc
1879 2184 1943 2238 ad
1963 2185 2251 2238 humanam
2272 2199 2372 2236 na—

823 2294 1017 2344 turam,
1041 2280 1339 2333 secundum
1364 2293 1522 2346 quam
1557 2280 1755 2331 missus
1783 2284 1866 2330 est
1885 2276 1948 2329 ad
1972 2274 2371 2344 prtcdicandum

821 2390 850 2426 a
880 2372 1082 2442 Spiritu
1111 2380 1318 2424 sancto.
1344 2368 1671 2440 Augustinus
1702 2377 1881 2422 autem
1906 2367 2036 2421 dicit
2078 2366 2175 2436 (De
2225 2366 2369 2419 Trin.

827 2481 883 2526 ιι,
917 2464 992 2533 5),
1034 2462 1176 2531 quod
1220 2459 1386 2513 Filius
1425 2460 1653 2513 mittitur
1710 2468 1767 2512 et
1801 2474 1830 2511 a
1870 2473 1928 2511 se
1982 2465 2037 2510 et
2085 2473 2114 2509 a
2168 2456 2373 2524 Spiritu

825 2560 1036 2613 sancto,
1071 2559 1126 2604 et
1156 2548 1388 2618 Spiritus
1414 2558 1632 2602 sanctus
1659 2549 1820 2601 etiam
1878 2546 2109 2600 mittilur
2154 2556 2208 2600 et
2258 2561 2286 2598 a
2319 2560 2378 2599 se

821 2652 876 2694 et
907 2657 936 2694 a
963 2642 1119 2704 Filio,
1158 2650 1212 2694 ut
1236 2640 1312 2694 sic
1338 2641 1473 2692 mitti
1500 2641 1552 2692 in
1578 2639 1778 2693 divinis
1802 2653 1909 2691 non
1941 2636 2227 2690 conveniat
2254 2637 2376 2690 eui-

823 2732 953 2786 libet
978 2747 1242 2800 personae,
1269 2730 1364 2784 sed
1387 2729 1557 2784 solum
1577 2745 1822 2798 persona:
1848 2729 1915 2782 ab
1941 2727 2046 2781 alio
2071 2727 2375 2792 exsistenti,

825 2825 1029 2876 mittere
1047 2833 1230 2876 autem
1262 2822 1549 2875 conveniat
1564 2820 2059 2888 euilibetpersonze.
2082 2820 2380 2888 Utrumque

824 2929 1004 2971 autem
1041 2916 1201 2968 habet
1224 2915 1403 2983 aliquo
1425 2914 1587 2968 modo
1615 2913 1921 2978 veritatem,
1969 2916 2093 2983 quia
2138 2931 2260 2966 cum
2294 2914 2380 2968 di-

823 3007 966 3060 citur
984 3006 1157 3072 aliqua
1192 3019 1422 3072 persona
1454 3003 1617 3068 mitti,
1653 3003 1967 3074 designatur
1998 3014 2053 3058 et
2096 3003 2208 3072 ipsa
2256 3020 2381 3073 per-

2470 1911 2596 1962 dum
2632 1911 2938 1978 imperium,
2972 1910 3108 1963 sicut
3145 1908 3402 1962 dominus
3433 1907 3596 1961 mittit
3646 1922 3906 1972 servum;
3947 1909 4026 1959 vel

2471 2002 2770 2056 secundum
2801 2000 3094 2065 consilium,
3117 2009 3168 2054 ut
3204 2000 3247 2053 si
3279 1999 3617 2055 consiliarius
3637 1998 3852 2052 mittere
3878 1998 4028 2052 dica-

2472 2102 2561 2145 tur
2591 2108 2769 2162 regem
2785 2092 2852 2145 ad
2876 2091 3255 2146 debellandum
3279 2107 3293 2155 ;
3318 2092 3402 2145 vel
3432 2089 3731 2144 secundum
3754 2090 4029 2159 originem,

2472 2192 2533 2237 ut
2559 2183 2606 2236 si
2630 2184 2860 2246 dicatur,
2889 2183 3031 2250 quod
3063 2181 3162 2235 llos
3201 2183 3479 2236 emittatur
3499 2181 3568 2235 ab
3591 2181 3807 2236 arbore.
3843 2199 3862 2233 ι
3911 2183 4030 2234 Jam

2473 2290 2600 2328 vero
2642 2275 2694 2328 in
2730 2274 2927 2329 divinis
2952 2289 3128 2343 neque
3164 2273 3462 2328 secundum
3503 2273 3817 2342 imperium,
3848 2288 4028 2342 neque

2475 2366 2772 2422 secundum
2816 2367 3101 2420 consilium
3142 2365 3329 2420 missio
3367 2365 3547 2420 locum
3581 2365 3779 2420 habere
3821 2375 4032 2434 potest;

2477 2459 2796 2527 relinquitur
2819 2459 2991 2513 solum
3010 2458 3197 2512 missio
3223 2457 3527 2511 secundum
3568 2457 3832 2528 originem
3879 2455 4034 2511 Unde

2476 2550 2601 2604 licet
2621 2560 2860 2617 spectato
2886 2550 3113 2604 termino
3138 2551 3206 2604 ad
3238 2566 3389 2620 quem
3438 2559 3490 2604 et
3536 2549 3732 2604 ellectu
3763 2549 4036 2603 missionis

2478 2646 2589 2691 tota
2616 2637 2854 2692 Trinitas
2906 2639 3117 2692 dicatur
3169 2640 3420 2692 mittere:
3453 2646 3634 2691 tamen
3667 2638 3853 2692 relatio
3893 2639 4036 2690 missi

2479 2729 2547 2781 ad
2573 2729 2859 2782 mittentem
2890 2729 2958 2782 ab
2972 2729 3179 2799 origine
3211 2729 3500 2800 dependet,
3539 2738 3596 2784 et
3630 2745 3694 2785 ea
3730 2731 3914 2785 omnia
3943 2746 4028 2783 ar-

2481 2827 2736 2889 gumenta
2784 2820 3006 2875 immota
3051 2821 3371 2890 persistunt,
3423 2821 3619 2890 quibus
3665 2838 3730 2876 ex
3778 2823 4037 2876 missione

2483 2912 2769 2981 processio
2823 2913 3060 2982 Spiritus
3089 2915 3260 2969 sancti
3287 2931 3318 2968 a
3357 2913 3493 2968 Filio
3525 2915 3896 2969 conﬁrmatur.

2555 3005 2608 3059 5.
2639 3005 2714 3060 Eo
2734 3005 2818 3060 vel
2852 3007 3039 3074 magis,
3068 3007 3212 3076 quod
3250 3019 3304 3062 et
3347 3007 3514 3064 Graeci
3563 3008 3751 3065 Patres
3802 3024 3869 3062 ex
3913 3009 4040 3065 mis-

826 3113 957 3152 sona
988 3098 1054 3150 ab
1073 3096 1178 3148 alio
1205 3095 1493 3158 exsistens,
1519 3104 1574 3148 et
1613 3093 1840 3148 effectus
1867 3094 2099 3148 visibilis
2127 3102 2218 3146 aut
2242 3094 2380 3146 invi-
2411 3127 2452 3184 Ο
2486 3097 2640 3152 sione
2692 3115 2797 3167 qua
2827 3098 2992 3152 Filius
3025 3100 3191 3153 mittit
3213 3099 3494 3168 Spiritum,
3519 3101 3667 3154 hunc
3698 3116 3762 3154 ex
3793 3100 3885 3155 illo
3912 3116 4037 3155 esse

827 3189 1019 3251 sibilis,
1053 3187 1351 3242 secundum
1375 3201 1534 3254 quem
1569 3187 1756 3240 missio
1775 3186 1972 3241 divinae
2021 3204 2266 3257 persona:
2305 3196 2387 3240 at-

829 3279 1090 3334 tenditur.
1110 3278 1167 3331 Si
1193 3277 1356 3348 igitur
1389 3278 1597 3331 mittens
1635 3277 1947 3346 designetur
1984 3288 2043 3332 ut
2068 3281 2386 3349 principium

827 3385 1062 3441 persona:
1109 3384 1222 3436 qua:
1257 3369 1506 3432 mittitur,
1564 3369 1642 3421 sic
1714 3383 1826 3422 non
1869 3369 2123 3438 quaelibet
2156 3384 2386 3438 persona

834 3461 1018 3522 mittit,
1045 3461 1138 3514 sed
1160 3459 1332 3513 solum
1365 3459 1452 3512 illa
1507 3458 1593 3513 cui
1629 3459 1884 3514 convenit
1911 3474 2032 3514 esse
2059 3460 2384 3528 principium

828 3554 1057 3621 alicujus
1078 3567 1341 3621 personae.
1379 3550 1442 3604 Et
1477 3550 1556 3607 sic
1589 3550 1822 3604 mittitur
1877 3549 2046 3603 Filius
2103 3558 2310 3603 tantum
2356 3565 2388 3604 a

830 3643 1012 3703 Patre,
1036 3642 1269 3710 Spiritus
1297 3652 1517 3695 sanctus
1542 3649 1722 3695 autem
1756 3656 1787 3695 a
1832 3640 1990 3696 Patre
2021 3650 2075 3696 et
2123 3641 2280 3697 Filio.
2328 3644 2386 3697 Si

829 3748 958 3787 vero
987 3747 1215 3802 persona
1268 3731 1492 3785 mittens
1537 3731 1865 3802 intelligatur
1911 3747 2030 3786 esse
2071 3733 2386 3800 principium

830 3826 1035 3892 eﬂ'ectus
1084 3824 1382 3877 secundum
1406 3837 1565 3890 quem
1583 3821 2102 3886 attenditurmissio,
2149 3822 2227 3876 sic
2278 3832 2386 3876 tota

831 3914 1058 3967 Trinitas
1088 3913 1563 3982 mittitpersonam
1609 3911 1853 3967 missam.
1889 3930 1908 3964 ι
1959 3912 2093 3966 Cum
2132 3914 2216 3967 his
2254 3929 2388 3967 con-

831 4003 1093 4058 nectenda
1119 4012 1266 4064 sunt,
1303 4017 1423 4072 quae
1457 4001 1694 4056 Thomas
1721 4002 1780 4072 (l.
1810 4016 1885 4068 e.,
1917 4017 1967 4056 a.
2006 4002 2064 4071 2)
2101 4003 2390 4072 respondet

831 4095 898 4148 ad
933 4095 1060 4148 illud
1109 4103 1520 4164 argumentum:
1568 4110 1588 4143 ε
1628 4091 1812 4147 Missio
1841 4095 2242 4163 processionem
2285 4095 2387 4148 im-

833 4194 1039 4255 portat;
1093 4186 1185 4239 sed
1234 4187 1507 4255 processio
1554 4185 1856 4240 divinarum
1907 4201 2263 4255 personarum
2307 4194 2391 4241 est

830 4286 1061 4340 aeterna;
1092 4291 1216 4347 ergo
1247 4285 1302 4330 et
1328 4275 1532 4331 missio.
1571 4295 1591 4328 ι
1627 4276 1718 4330 Ait
1751 4277 1895 4331 enim
1934 4294 1946 4330 :
1985 4296 2004 4330 ι
2038 4277 2120 4332 Ad
2165 4279 2388 4333 tertium

903 4441 1175 4515 (“)_Vide
1199 4441 1358 4515 Basil.
1385 4441 1422 4515 l.
1456 4457 1538 4515 ut.
1569 4439 1986 4515 Q._Eunom.,_ad
2034 4457 2232 4515 qu_em_
2254 4457 2383 4515 pro-
2408 4453 2461 4512 1)
2488 4447 2720 4515 ascriplo
2775 4445 3113 4499 Andronicus
3165 4446 3499 4511 Camaterus,
3544 4461 3594 4501 e.
3630 4446 3686 4499 11

833 4510 990 4568 voeat
1012 4513 1214 4566 Beccus
1262 4510 1346 4574 (G.
1375 4510 1438 4565 0.
1479 4510 1542 4570 ll.
1585 4510 1743 4576 658);
1801 4510 2066 4566 Ambros.
2093 4511 2167 4564 De
2195 4510 2381 4579 Spirit.

834 4593 1001 4637 sanct.
1041 4583 1076 4635 l.
1109 4596 1185 4639 Ill,
1218 4597 1268 4633 c.
1311 4581 1373 4645 l;
1413 4580 1782 4650 Athan.orat.
1820 4582 1844 4633 1
1893 4595 1943 4634 ο.
1970 4581 2183 4650 _Arian.,
2224 4582 2384 4650 cujus

837 4652 1095 4734 doetripm
1113 4650 1372 4734 innititur
1396 4648 1599 4734 99035;.
1615 4649 1920 4734 Metochita,
1953 4648 2386 4734 Qontrlaﬂnnuel

836 4722 974 4774 Cret.
1012 4720 1083 4788 (ο.
1112 4720 1177 4780 5;
1209 4718 1269 4770 G.
1301 4718 1361 4772 0.
1395 4716 1434 4771 ll
1458 4758 1479 4788 ,ξ
1500 4716 1763 4788 966-970)
1793 4719 2084 4772 ostendens
2111 4720 2384 4774 Christum

838 4801 898 4844 ut
942 4786 1105 4842 Deum
1146 4787 1369 4840 minime
1401 4803 1428 4840 a
1464 4786 1665 4855 Spiritu
1698 4787 1922 4842 missum
1949 4788 2077 4841 diei.
2131 4789 2383 4842 Omnium

836 4861 956 4914 loco
986 4857 1235 4911 audiatur
1265 4857 1568 4918 Anselmus,
1605 4855 1676 4908 De
1703 4873 1926 4924 process.
1959 4857 2142 4924 Spirit.
2214 4869 2382 4912 sanct.

843 4948 862 4980 ι
903 4929 956 4982 Si
981 4937 1160 4981 autem
1184 4926 1390 4989 dicunt,
1412 4927 1533 4994 quia
1553 4925 1788 4994 Spiritus
1805 4934 2020 4980 sanctus
2040 4927 2200 4980 mittit
2221 4929 2383 4980 etiam

834 4997 1051 5058 Filium,
1093 4995 1390 5049 sicutidem
1440 4996 1553 5064 ipse
1578 4996 1708 5050 dicit
1756 5012 1851 5064 per
1893 4997 2207 5064 prophetam
2252 5014 2266 5050 :
2319 4997 2384 5049 Et

837 5084 973 5120 nunc
1031 5066 1299 5129 Dominus,
1338 5072 1516 5128 etc...,
1573 5068 1674 5118 hoc
1737 5065 2032 5119 secundum
2090 5066 2381 5124 hominem.

834 5152 994 5206 quem
1047 5135 1280 5206 gerebat,
1328 5133 1730 5203 intelligendum
1773 5145 1899 5206 est,“
1926 5135 2049 5206 quia
2083 5134 2280 5206 Patris
2332 5144 2387 5189 et

835 5203 1068 5274 Spiritus
1089 5204 1258 5257 sancti
1308 5219 1413 5257 una
1446 5205 1722 5274 voluntate
1771 5213 1826 5257 et
1850 5203 2202 5274 dispositione
2229 5221 2384 5258 mun-

837 5272 964 5327 dum
1012 5274 1383 5342 redempturus
1409 5272 1612 5327 mundo
1649 5273 1929 5343 _apparuit.
1970 5293 1987 5322 ο
2025 5273 2080 5326 In
2137 5273 2220 5327 his
2266 5290 2386 5343 qua:

837 5345 988 5413 "tth
1016 5341 1334 5396 Etherianus
1370 5343 1427 5405 (l.
1457 5359 1494 5401 ι.
1529 5359 1577 5397 e.
1608 5341 1772 5413 l8,p.
1797 5343 1887 5396 12.
1921 5343 1984 5396 15
2008 5344 2080 5408 e.)
2106 5343 2207 5396 hac
2228 5341 2298 5397 de
2328 5359 2385 5398 re

839 5412 1020 5474 habet,
1074 5413 1232 5466 lectio
1287 5421 1536 5481 corrupta
1588 5412 1831 5475 videtur;
1880 5426 2054 5480 neque
2091 5421 2269 5467 tamen
2318 5430 2384 5468 ex

836 5499 932 5535 sua
966 5483 1230 5534 sententia
1262 5482 1377 5549 ipse
1412 5482 1667 5549 loquitur,
1700 5490 1759 5534 ut
1790 5481 2018 5534 incisum
2063 5482 2193 5535 illud
2234 5493 2386 5552 pate—

834 5552 962 5606 facit
988 5569 1000 5603 :
1041 5569 1058 5600 ‹
1088 5560 1145 5604 ιιι
1173 5553 1388 5618 quidam
1410 5558 1708 5605 autumant.
1735 5569 1758 5618 ρ

908 5623 1017 5690 (45)
1049 5620 1121 5674 ha
1173 5621 1310 5674 inter
1367 5621 1500 5673 alios
1560 5621 1920 5688 Theophanes
1987 5621 2382 5690 Procopowicz,

838 5689 1010 5744 Tract.
1055 5691 1117 5744 de
1145 5707 1286 5758 proc.
1320 5691 1506 5758 Spirit.
1557 5691 1746 5752 sancti,
1801 5689 1989 5743 Gotha:
2017 5691 2175 5751 1772,
2223 5707 2272 5745 c.
2329 5693 2383 5757 6,

833 5759 887 5830 ἐξ
912 5762 1029 5830 155,
1061 5761 1180 5831 154,
1206 5776 1260 5830 p.
1288 5762 1384 5815 167
1415 5776 1528 5831 seq.
1565 5758 1760 5816 Eodem
1809 5767 1953 5815 textu
2001 5762 2386 5831 Chrysostomo

2487 3188 2727 3243 inferunt
2760 3190 2892 3258 (46),
2921 3199 2977 3244 et
3007 3189 3192 3243 missio
3222 3190 3338 3244 hac
3392 3199 3452 3244 ιιι
3507 3190 3726 3260 propria
3762 3199 3820 3245 et
3851 3206 4039 3260 perso—

2485 3279 2622 3333 nalis
2655 3295 2775 3333 cum
2792 3280 3074 3334 effectibus
3107 3280 3356 3349 personis
3398 3280 3658 3335 duntaxat
3709 3282 4037 3336 convenien-

2486 3372 2631 3425 tibus
2656 3371 2853 3440 ubique
2885 3371 2997 3426 fere
3039 3370 3387 3435 describitur,
3418 3386 3542 3426 cum
3590 3381 3791 3427 aeterna
3823 3388 4040 3442 proces-

2484 3460 2638 3515 sione
2658 3461 3018 3515 communiter
3054 3461 3418 3530 coniungitur,
3450 3460 3585 3515 adeo
3605 3461 3949 3516 utethincin
3980 3477 4040 3514 ea

2485 3567 2709 3622 prorsus
2762 3551 2986 3606 fundata
3014 3562 3287 3622 appareat.
3335 3571 3352 3604 ι
3382 3551 3438 3607 Si
3486 3553 3673 3617 Filius,
3711 3571 3731 3605 ι
3769 3552 3846 3607 ait
3887 3553 4041 3625 Hugo

2484 3645 2812 3700 Etherianus
2846 3644 2963 3714 (lib.
2985 3661 3066 3708 ιιι,
3101 3660 3151 3698 c.
3211 3646 3297 3710 15,
3322 3661 3377 3715 p.
3445 3643 3624 3714 1249),
3662 3663 3681 3697 ι
3724 3647 3947 3699 mittens
3989 3656 4040 3698 et

2484 3737 2703 3800 missus,
2741 3751 2900 3791 causa
2938 3745 2994 3791 et
3034 3751 3100 3790 ex
3133 3752 3293 3791 causa
3341 3744 3443 3803 est,
3495 3736 3634 3791 nihil
3699 3736 4038 3806 inopinabile

2486 3835 2764 3895 sequatur,
2797 3826 2942 3896 quod
2993 3826 3251 3896 Spiritum
3300 3827 3488 3880 emittit
3526 3827 3660 3880 sicut
3691 3827 3871 3879 mittit.
3906 3827 4038 3880 Nam

2486 3914 2528 3968 si
2554 3915 2715 3968 homo
2744 3915 3039 3969 secundum
3063 3925 3311 3970 naturam
3335 3927 3390 3970 et
3417 3930 3480 3968 ex
3507 3915 3724 3983 propria
3761 3915 4040 3968 voluntate

2487 4006 2864 4075 corpulentum
2903 4022 3061 4061 suum
3110 4007 3356 4076 spiritum
3407 4007 3638 4075 respirat
3673 4013 3729 4059 et
3777 3997 4038 4073 inspirat:

2487 4098 2656 4150 multo
2699 4097 2868 4166 magis
2899 4097 2992 4151 Dei
3048 4097 3217 4152 Filius
3275 4095 3534 4166 Spiritum
3570 4112 3728 4150 suum
3781 4097 3952 4151 mittit
3989 4106 4042 4150 et

2489 4185 2640 4258 [155]
2673 4187 2868 4241 emittit
2899 4187 3174 4257 azqualiter
3219 4185 3387 4253 Patri,
3442 4187 3680 4256 perfecte
3725 4201 3790 4241 ac
3850 4187 4040 4242 eodem

2488 4277 2651 4332 modo
2683 4277 2857 4348 ipsum
2880 4278 3246 4348 complectens
3275 4279 3480 4348 absque
3498 4277 3859 4333 diminutione
3904 4277 4040 4348 (47).

2489 4447 2720 4515 ascriplo
2775 4445 3113 4499 Andronicus
3165 4446 3499 4528 Camaterus,
3544 4461 3594 4501 e.
3630 4446 3686 4499 11
3744 4445 3831 4514 (G.
3867 4445 3934 4502 0.
3975 4447 4038 4510 ll,

2489 4518 2612 4578 516,
2637 4517 2879 4586 517);et
2926 4515 3134 4586 Marcus
3185 4515 3451 4585 Ephesms
3489 4515 3710 4586 (Syllog.
3747 4532 3868 4584 cap.
3931 4518 4036 4582 10;

2489 4587 2610 4640 cod.
2638 4585 2781 4639 Mon.
2807 4585 2896 4647 27,
2936 4585 2975 4639 1³.
3005 4584 3130 4647 200,
3156 4584 3281 4647 201)
3313 4601 3412 4647 pro
3443 4584 3507 4638 re
3524 4584 3620 4639 sua
3653 4584 3897 4639 utuntur.

2561 4655 2672 4723 (46)
2698 4655 2772 4708 ld.
2805 4670 2868 4707 ex
2890 4656 3076 4723 Chrys.
3099 4655 3244 4708 hom.
3264 4654 3331 4708 59
3358 4656 3412 4708 in
3436 4654 3592 4709 Joan.
3626 4656 3866 4723 ostendit
3911 4654 4036 4708 Bes-

2490 4726 2793 4794 sariattep.
2818 4726 2883 4777 ad
2903 4722 3052 4777 Alex.
3087 4724 3305 4778 Lascar.
3331 4739 3379 4778 c.
3407 4724 3458 4777 7.
3494 4723 3659 4794 (Hard
3743 4722 3904 4778 Conc.
3946 4725 4036 4786 ΙΧ,

2490 4810 2544 4863 p.
2566 4793 2756 4861 1066);
2784 4793 2922 4863 idem
2937 4795 3191 4863 iostendit
3228 4794 3427 4848 Athan.
3463 4793 3640 4847 textus
3677 4808 3726 4846 ο.
3761 4795 3948 4847 Arian.
3999 4796 4036 4854 Ι,

2491 4861 2546 4919 it.
2567 4864 2618 4924 5,
2641 4878 2799 4932 quem
2816 4861 2900 4917 Jo.
2935 4862 3169 4916 Plusiad.
3201 4879 3298 4932 pro
3323 4877 3477 4916 conc.
3505 4863 3648 4916 Flor.
3677 4864 3831 4932 Apol.
3868 4864 3951 4932 (ϐ.
3971 4863 4035 4917 0.

2493 4932 2529 4994 I,
2562 4931 2684 4996 628,
2723 4931 2844 4999 629)
2876 4933 3070 4999 aliique
3094 4931 3248 4987 multi
3278 4933 3553 4996 exhibent,
3576 4933 3644 4986 de
3680 4931 3787 5001 quo
3808 4931 3950 4986 infra
3972 4937 4038 4986 ad

2489 5016 2607 5070 cap.
2643 5001 2907 5070 41Ρ1ιοιίἰ
2930 5010 3137 5070 agetur.

2564 5068 2676 5140 (47)
2706 5069 2829 5125 Haec
2853 5068 3181 5140 comparatio
3217 5079 3273 5124 et
3316 5068 3564 5140 Patribus
3606 5070 3886 5126 tamiuaris
3933 5083 4034 5125 est.

2491 5139 2796 5195 Ex'Grazeis
2819 5139 3067 5209 audiatur
3110 5139 3338 5209 Cyrillus
3375 5139 3566 5209 Expos.
3607 5142 3661 5194 in
3705 5141 3862 5194 Joan.
3925 5157 4037 5202 xw,

2491 5209 2578 5270 16,
2613 5225 2772 5280 quem
2805 5210 2983 5280 citant
2999 5208 3197 5280 Beccus
3224 5211 3404 5280 (orat..
3434 5208 3501 5264 de
3533 5227 3627 5265 un.
3653 5226 3701 5264 c.
3734 5211 3826 5280 28,
3864 5213 4033 5280 epigr.

2492 5280 2514 5350 1
2548 5289 2617 5350 et
2635 5282 2689 5342 4,
2720 5277 2872 5350 G._0.
2896 5278 2938 5341 Ι,
2969 5277 3068 5330 140
3083 5278 3187 5350 ;7ll,
3208 5279 3345 5350 529,
3366 5280 3491 5350 550,
3526 5280 3673 5345 560).
3716 5279 3876 5350 Greg.
3899 5277 4034 5348 _Cpl.

2491 5348 2579 5418 (ad
2607 5348 2735 5418 imp.
2760 5347 3054 5418 Trapech.
3085 5349 3181 5411 2t);
3205 5348 3280 5402 ib.
3313 5348 3352 5414 Ι,
3382 5349 3504 5413 466,
3541 5350 3664 5414 467)
3687 5360 3742 5403 et
3795 5347 4037 5404 Andreas

2490 5416 2835 5488 Rhod—sess.
2882 5417 2938 5488 67
2971 5417 3113 5470 Flor.
3147 5418 3333 5488 (Hard.
3365 5420 3404 5472 l.
3433 5435 3480 5473 c.
3507 5435 3560 5488 p.
3607 5417 3692 5471 72.
3725 5419 3816 5488 75)
3853 5439 3866 5472 :
3915 5420 4037 5470 Τῶν

2490 5435 2664 5471 ιιιιοα.
2702 5435 2835 5471 sess.
2882 5435 2914 5470 ο
2972 5435 3113 5470 l‘lOl‘.
3147 5435 3333 5486 (nam.
3367 5435 3404 5472 I.
3433 5435 3480 5473 c.
3552 5462 3560 5470 .
3608 5435 3692 5471 η.
3734 5435 3816 5488 ιο)
3853 5439 3866 5472 :
3916 5435 4036 5470 ιων

2489 5487 2582 5538 τοῦ
2614 5486 2747 5538 Θεοῦ
2779 5488 2871 5540 καὶ
2895 5487 3109 5556 Πατρδς
3133 5487 3371 5554 φυσικῶν
3400 5435 3616 5555 ἁγαὲὦν
3668 5491 3921 5552 κοινωνὸς
3947 5490 4036 5540 οὑ-

2493 5556 2694 5627 σιωδῷς
2717 5557 2972 5627 ὑπάρχων
2992 5557 3019 5607 ὁ
3047 5558 3189 5619 Υἱὸς,
3223 5559 3334 5627 ἔχει
3367 5558 3427 5610 τὸ
3466 5558 3691 5626 Πνεῦμα
3743 5561 3885 5611 κατὰ
3910 5557 4035 5610 τοῦ-

2489 5642 2579 5696 1on
2608 5626 2696 5678 τὸν
2726 5626 2942 5694 τρόπον,
2971 5627 3091 5678 καθ’
3141 5626 3305 5696 ὅνπερ
3333 5630 3501 5680 νοοῖτο
3553 5629 3645 5680 καὶ
3694 5629 3723 5678 ὁ
3776 5630 4031 5696 Πατήρ...

2492 5694 2678 5768 ὥσπερ
2716 5697 2870 5768 ἡμῶν
2899 5697 3122 5768 ἕκαστος
3141 5697 3200 5768 το
3233 5694 3360 5750 ἴδιον
3382 5700 3443 5768 ἐν
3465 5698 3640 5766 ἐαυτῷ
3661 5697 3883 5768 Πνεῦμα
3908 5694 4034 5749 ουν-

2491 5765 2605 5835 έχει
2669 5765 2759 5819 καὶ
2788 5768 2851 5820 ἐκ
2875 5765 2983 5822 τῶν
3018 5766 3313 5822 ὲνδοτὰτων
3359 5765 3678 5838 σπλάγχνων
3712 5765 3878 5834 sig—rb
3931 5768 4034 5833 ἔξω
