4242 6438
797 370 900 435 427

1925 365 2187 426 PHOTII
2227 363 2730 426 PATRIARCHIE
2768 365 2874 426 ΟΡ.

3934 362 4043 429 428

795 476 912 533 Filii
943 473 1222 545 operatio;
1265 469 1356 526 sed
1387 469 1531 524 nulla
1579 467 1694 522 Filii
1732 471 1976 539 Operatio
2005 487 2034 526 a
2063 473 2219 527 Patre
2246 473 2361 527 dis-
2390 477 2435 531 Α
2463 474 2615 536 lium,
2648 489 2677 526 a
2709 473 2866 527 Patre
2897 472 3177 544 procedit,
3213 480 3268 527 et
3295 471 3546 539 dilectio,
3582 487 3686 542 qua
3719 473 3884 529 Filius
3914 474 4043 529 dili-

788 570 974 638 juncta
1004 573 1061 619 et
1080 562 1254 617 aliena
1275 569 1388 624 est;
1415 559 1642 628 proinde
1668 568 1723 612 et
1749 559 1891 613 Patri
1921 559 2062 613 hanc
2087 559 2359 630 προϐολὴν

793 656 1091 712 convenire
1110 652 1330 708 fatearis
1346 659 1579 722 oportet.
1611 652 1676 704 Et
1698 651 1786 705 hic
1810 651 2034 720 prwcise
2055 651 2160 704 illis
2183 651 2362 706 verbis

791 747 992 804 Christi
1021 747 1212 809 utitur,
1241 761 1307 800 ex
1342 744 1538 814 quibus
1569 751 1623 796 et
1663 743 1914 797 catholici
1947 751 2179 812 arguunt
2205 741 2362 796 theo-

790 839 894 910 logi
932 857 945 892 :
978 838 1167 892 Omnia
1201 854 1316 890 mea
1357 846 1448 890 tua
1494 844 1651 900 sunt,
1681 844 1789 888 etc.
1822 833 2000 899 Quare
2047 848 2170 887 cum
2206 833 2362 887 lucu-

791 929 1090 984 lentissime
1134 929 1323 982 Patres
1356 928 1457 996 ipsi
1485 925 1660 980 Graeci
1710 925 1913 979 Latinis
1949 924 2316 994 sull'ragentur
2345 940 2356 974 :

789 1022 932 1092 quod
973 1021 1199 1075 Photins
1239 1020 1434 1073 afferre
1487 1019 1788 1088 potuisset,
1823 1017 1907 1069 vix
1965 1017 2126 1069 ullius
2171 1015 2361 1068 fuisset

791 1111 1072 1166 momenti.
1107 1111 1324 1164 Poterat
1349 1109 1578 1162 fortasse
1608 1109 1674 1162 ad
1719 1107 2068 1161 Theodorum
2115 1105 2362 1174 Mopsue—

794 1212 1007 1256 stenum
1057 1214 1391 1270 provocare,
1427 1215 1586 1268 quem
1634 1209 1812 1252 tamen
1868 1198 1922 1250 in
1973 1213 2030 1250 re
2061 1196 2360 1266 dogmatica

792 1290 948 1344 nihili
989 1289 1101 1344 fere
1129 1289 1278 1354 fecit,
1306 1289 1390 1342 vel
1417 1290 1482 1342 ad
1508 1288 1928 1352 Theodoretum,
1953 1302 2114 1356 quem
2151 1303 2169 1336 ι
2201 1285 2360 1354 hujus

794 1383 1094 1452 negationis
1131 1381 1465 1436 inventorem
1499 1391 1554 1434 et
1596 1394 1899 1448 praeconem
1955 1397 1972 1430 ι
2026 1386 2180 1431 vocat
2211 1375 2362 1447 llugo

796 1475 1126 1528 Etheriauus
1158 1472 1236 1544 [Ι.
1284 1489 1334 1536 ι,
1380 1488 1432 1526 c.
1463 1471 1518 1533 2.
1562 1487 1616 1542 p.
1653 1472 1792 1525 1200
1836 1469 2008 1542 (62)],
2053 1471 2135 1524 vel
2182 1469 2362 1537 specie

795 1571 984 1624 saltem
1032 1569 1097 1622 ad
1129 1568 1394 1622 Joannem
1427 1567 1843 1628 Damascenum,
1876 1568 1967 1634 qui
2000 1575 2204 1628 tamen,
2239 1565 2363 1617 licet

795 1669 813 1732 (
843 1662 914 1716 De
952 1662 1010 1715 F.
1047 1660 1108 1715 0.
1137 1657 1177 1722 l,
1209 1660 1261 1722 8,
1297 1676 1351 1728 p.
1385 1659 1506 1728 Nl)
1533 1658 1899 1720 allirinaverit,
1927 1659 1989 1709 ὲκ
2020 1657 2111 1709 τοῦ
2143 1653 2271 1706 Υἱοῦ
2303 1654 2362 1707 τὸ

797 1752 1021 1822 Πνεῦμα
1059 1753 1132 1822 μὴ
1173 1750 1432 1817 λέγεσθαι
1472 1759 1658 1819 aperte
1686 1748 1947 1819 Spiritum
1979 1749 2067 1801 διὰ
2099 1747 2192 1800 τοῦ
2230 1745 2360 1799 Υἱοῦ

2467 566 2544 636 git
2579 565 2826 628 Patrem,
2863 579 2894 618 a
2935 563 3069 619 Filio
3114 563 3471 618 nihilominus
3502 564 3768 634 procedit.
3808 566 3903 621 Est
3942 581 4040 617 au-

2467 665 2576 709 tem
2628 654 2745 709 haec
2791 654 3012 709 dilectio
3058 652 3291 721 Spiritus
3331 664 3575 709 sanctus.
3627 655 3883 710 Procedit
3912 671 4041 726 ergo

2465 742 2702 813 Spiritus
2726 758 2758 796 a
2786 743 2944 798 Patre
2970 752 3026 798 et
3053 741 3211 798 Filio.
3246 761 3265 795 ι
3289 742 3682 800 Concludimus
3709 761 3832 800 cum
3853 745 4042 815 Hagn-

2464 834 2550 888 nis
2591 832 2864 888 Etheriani
2905 834 3106 897 verbis,
3131 834 3224 902 qui
3257 833 3427 903 (Ι.·ιι,
3461 849 3513 889 c.
3541 833 3630 900 17,
3663 850 3718 904 p.
3751 834 3930 902 1232)
3969 839 4038 888 ita

2463 922 2660 978 Photio
2684 924 2977 993 respondet
3006 943 3018 979 :
3050 943 3068 976 ι
3108 923 3250 978 Dixit
3275 924 3571 978 Dominus:
3604 923 3854 993 Spiritus,
3885 927 3976 996 qui
4007 945 4036 979 a

2466 1013 2628 1067 Patre
2649 1016 2881 1084 procedit
2900 1033 2918 1078 ;
2936 1014 3394 1070 confirmaverunt
3421 1015 3525 1070 hoc
3549 1026 3602 1071 et
3628 1027 3828 1071 sancta:
3848 1021 4036 1088 synodi

2467 1102 2886 1175 Latinorumque
2919 1120 3082 1159 omne
3112 1104 3400 1176 collegium
3431 1121 3540 1160 non
3566 1108 3741 1161 solum
3772 1123 3883 1162 non
3917 1109 4036 1162 inli-

2466 1196 2665 1250 ciatum
2687 1205 2790 1258 est,
2823 1196 2916 1251 sed
2943 1211 3066 1250 cum
3091 1196 3239 1251 omni
3271 1195 3546 1268 diligentia
3573 1207 3628 1252 et
3648 1214 3711 1252 ex
3737 1208 3850 1253 toto
3876 1201 4037 1254 corde

2467 1289 2658 1343 credit.
2685 1299 2742 1342 et
2764 1289 2895 1343 dicit
2923 1288 3324 1358 confiteturque
3344 1329 3359 1354 ,
3385 1301 3440 1344 et
3466 1304 3532 1344 ex
3559 1289 3694 1344 Filio
3722 1293 4035 1361 procedere.

2467 1379 2601 1434 Nam
2660 1380 2784 1435 licet
2827 1381 2973 1435 solus
3010 1381 3321 1436 nominetur
3367 1381 3556 1448 Pater,
3616 1381 4038 1448 subintelligitur

2468 1475 2692 1527 omnino
2730 1483 2785 1527 et
2811 1472 2998 1536 Filius,
3033 1489 3098 1528 eo
3138 1473 3281 1543 quod
3313 1473 3515 1543 absque
3550 1474 3727 1527 medio
3772 1473 3840 1527 de
3885 1472 4039 1526 Patre

2468 1581 2576 1618 non
2621 1566 2895 1634 procedat,
2938 1576 2993 1619 et
3042 1581 3166 1620 cum
3207 1581 3475 1634 nusquam
3521 1565 3680 1619 Pater
3712 1565 3913 1618 dixisse
3953 1581 4038 1618 rc-

2470 1658 2708 1726 perialur
2735 1678 2747 1710 ;
2779 1655 2887 1726 Ego
2916 1657 3054 1710 solus
3090 1658 3270 1709 emitto
3313 1655 3606 1724 Spiritum;
3634 1654 3780 1727 [166]
3813 1655 3906 1709 sed
3944 1671 4037 1709 ne-

2469 1761 2574 1814 que
2606 1745 2993 1814 prophetarum
3039 1745 3323 1813 quisquam
3373 1759 3470 1798 seu
3503 1744 3730 1797 aliorum
3768 1742 3984 1798 Patrum
4022 1759 4034 1794 :

793 1841 1155 1912 προέρχεσθαι
1175 1841 1378 1904 docuit,
1402 1849 1457 1893 et
1481 1855 1510 1892 a
1538 1839 1744 1892 Latinis
1768 1838 1948 1892 verbis
1975 1838 2154 1907 potius
2199 1852 2360 1906 quam
2393 1829 2435 1885 Β
2464 1835 2615 1891 Solus
2640 1835 2799 1890 Pater
2823 1838 3011 1890 emittit
3041 1835 3328 1904 Spiritum,
3363 1835 3651 1902 aliquando
3684 1835 3929 1905 protulit.
3971 1835 4039 1888 At

793 1950 854 1988 re
899 1935 1014 2002 ipsa
1048 1934 1316 1987 dissidere
1359 1933 1481 2001 jure
1519 1932 1725 2000 optimo
1773 1942 2027 1985 censetur
2061 1930 2193 1999 (65).
2231 1929 2363 1996 Quae

794 2026 946 2098 [lti5]
997 2042 1121 2079 cum
1170 2026 1240 2078 ita
1285 2025 1414 2089 sint,
1451 2039 1559 2077 non
1604 2032 1806 2077 temere
1855 2021 2183 2077 Ratrainnus
2211 2023 2281 2091 (I.
2321 2038 2361 2087 ι,

793 2133 842 2172 c.
873 2118 929 2180 8,
959 2132 992 2185 p
1047 2115 1153 2169 212
1181 2130 1294 2183 seq.
1330 2113 1416 2167 ed.
1437 2113 1530 2167 cit.
1559 2112 1599 2182 ).
1630 2111 1845 2166 Graecos
1889 2112 1971 2166 sui
2005 2111 2264 2180 temporis
2291 2111 2362 2167 ita

794 2205 1044 2276 objurgat
1077 2221 1088 2256 :
1132 2222 1149 2254 ι
1185 2202 1413 2257 Cessent
1442 2200 1602 2272 igitur
1637 2202 2055 2270 reprehensores
2085 2200 2168 2254 vel
2199 2199 2364 2254 malc-

793 2298 898 2350 voli
929 2297 1011 2350 vel
1034 2295 1266 2364 imperiti
1291 2293 1493 2347 Christi
1520 2293 1818 2346 Ecclesiam
1849 2293 2196 2364 redarguere,
2221 2292 2364 2361 quod

796 2390 1056 2460 Spiritum
1086 2397 1332 2441 sanctum
1366 2384 1657 2439 confitetur
1690 2400 1720 2438 a
1750 2383 1906 2438 Patre
1955 2394 2009 2438 et
2052 2383 2188 2437 Filio
2237 2399 2365 2452 pro-

797 2482 1009 2535 cedere.
1046 2480 1158 2533 lloc
1197 2477 1484 2547 Evangelia
1516 2477 1734 2539 docent,
1775 2475 1880 2530 hoc
1921 2476 2164 2544 Apostoli
2199 2475 2364 2546 proli-

797 2582 1018 2632 tentur,
1053 2572 1155 2624 hoc
1205 2569 1487 2638 propheta:
1534 2583 1639 2621 non
1690 2575 1936 2621 tacent...
1991 2565 2212 2628 Videte,
2258 2584 2366 2638 quo

799 2663 983 2719 tendat
1018 2673 1194 2715 vestra
1233 2703 1244 2715 .
1283 2700 1296 2713 .
1325 2698 1339 2713 .
1375 2658 1682 2730 professio,
1723 2674 1828 2727 qua
1866 2658 2048 2712 dicitis
2102 2658 2364 2728 Spiritum

798 2763 1046 2809 sanctum
1075 2768 1106 2805 a
1137 2750 1291 2804 Patre
1319 2749 1633 2820 procedere,
1661 2764 1771 2802 non
1800 2759 1980 2802 autem
2011 2764 2040 2801 a
2072 2748 2225 2803 Filio.
2255 2747 2367 2803 lloc

798 2861 899 2899 nec
925 2845 978 2898 in
1009 2842 1232 2896 Litteris
1258 2839 1454 2895 divinis
1488 2853 1589 2893 nec
1613 2839 1665 2892 in
1695 2838 2011 2894 doctoribus
2038 2838 2367 2892 ecclesiasti-

799 2937 878 2990 ris
905 2934 1196 3003 aliquando
1223 2932 1449 3002 legistis.
1481 2930 1625 2983 Dixit
1658 2929 1875 2999 quidem
1917 2937 2101 2983 sancta
2131 2929 2367 3000 synodus

797 3029 1064 3098 Cplitana.
1103 3067 1116 3080 .
1157 3063 1172 3078 .
1210 3023 1402 3078 Filium
1439 3022 1958 3076 consubstantialem
1998 3037 2121 3077 esse
2157 3021 2362 3088 Patris,

802 3117 1061 3186 Spiritum
1109 3129 1326 3185 quoque
1364 3123 1612 3167 sanctum
1661 3111 2046 3183 procedentem
2093 3128 2121 3166 a
2169 3111 2362 3177 Patre;
2391 3152 2435 3213 ϐ

801 3208 1043 3276 nunquid
1078 3205 1295 3276 negavit
1324 3219 1447 3257 eum
1487 3219 1517 3257 a
1551 3203 1688 3258 Filio
1735 3203 2067 3272 procedere?
2099 3201 2194 3256 Vel
2231 3219 2365 3257 con-

800 3315 1034 3368 sequens
1065 3310 1167 3365 est,
1198 3309 1256 3352 ut
1295 3300 1337 3352 si
1370 3296 1615 3368 procedit
1643 3312 1672 3350 a
1703 3295 1882 3361 Patre,
1921 3311 2026 3350 non
2057 3298 2310 3365 procedat
2336 3312 2367 3349 a

799 3393 974 3448 Filio?
1007 3395 1194 3446 Potius
1227 3406 1355 3462 ergo
1379 3389 1676 3459 agnoscite,
1701 3389 1747 3444 si
1777 3388 1893 3443 Filii
1923 3390 2086 3444 vultis
2117 3404 2240 3444 esse
2266 3390 2369 3444 Ec-

801 3484 981 3537 clesia:
1025 3493 1079 3537 et
1127 3483 1346 3536 Patrum
1389 3481 1540 3549 sequi
1575 3480 1900 3540 doctrinam,
1949 3479 2095 3548 quod
2141 3479 2370 3533 dicendo

802 3587 1050 3630 sanctum
1075 3576 1364 3630 concilium
1391 3574 1506 3645 Cpli
1528 3575 1811 3629 collectum
1836 3574 2097 3644 Spiritum
2121 3582 2366 3627 sanctum

803 3666 1187 3736 procedentem
1209 3681 1237 3718 a
1264 3664 1442 3730 Patre,
1468 3666 1610 3734 quod
1634 3679 1758 3718 eum
1784 3673 1838 3717 ct
1855 3679 1882 3716 a
1915 3663 2049 3717 Filio
2078 3664 2369 3732 procedere

803 3774 909 3811 non
934 3757 1185 3829 negavit;
1217 3757 1310 3812 scd
1337 3765 1444 3810 tota
1473 3755 1730 3818 Trinitas,
1760 3772 1883 3809 cum
1914 3756 1985 3810 sit
2011 3757 2369 3812 consubstan-

804 3852 946 3905 tialis
977 3859 1031 3904 et
1061 3849 1227 3903 Filius
1248 3859 1407 3903 natus
1439 3864 1468 3901 a
1499 3848 1679 3913 Patre,
1711 3847 1947 3916 Spiritus
2003 3862 2216 3916 quoque
2244 3864 2368 3901 san-

802 3953 923 3996 ctus
955 3942 1282 3995 sitcharitas
1317 3940 1600 4008 utriusque
1625 3978 1639 4002 ,
1681 3954 1788 3992 non
1828 3939 1998 4008 possit
2028 3941 2118 4009 qui
2141 3956 2368 4010 snegare

805 4035 1067 4104 Spiritum
1097 4045 1342 4087 sanctum
1372 4048 1402 4086 a
1428 4031 1560 4086 Filio
1587 4032 1879 4101 procedere
1908 4073 1920 4096 ,
1957 4032 2058 4085 nisi
2089 4033 2368 4101 negaverit

803 4128 995 4180 Filium
1048 4126 1399 4188 cliaritatem,
1452 4140 1558 4193 qua
1613 4123 1786 4194 diligit
1839 4123 2090 4189 Patrem,
2142 4125 2362 4180 habere.

803 4218 956 4284 Quod
985 4219 1110 4285 quia
1145 4231 1424 4279 vesanum,
1459 4215 1751 4269 tenendum
1786 4216 2009 4269 omnino
2053 4224 2106 4268 et
2138 4215 2365 4269 ﬁdeliter

802 4308 1187 4376 profitendum,
1215 4308 1338 4376 quia
1365 4308 1520 4360 Pater
1559 4307 1731 4376 diligit
1761 4305 1955 4359 Filium
1991 4315 2046 4360 et
2082 4307 2246 4359 Filius
2279 4307 2365 4359 di-

801 4400 916 4470 ligit
954 4401 1188 4461 Patrem,
1223 4409 1276 4452 et
1309 4401 1424 4453 haec
1463 4397 1701 4463 dilectio,
1733 4414 1838 4468 qua
1874 4399 2032 4452 Pater
2061 4398 2232 4452 diliait
2273 4397 2364 4451 Fi-

803 4595 878 4648 De
909 4612 1012 4646 una
1052 4593 1193 4646 Eccl.
1236 4609 1283 4647 c.
1330 4594 1393 4654 9;
1445 4593 1518 4646 De
1556 4610 1698 4662 proc.
1732 4592 1822 4662 Sp.
1857 4592 1913 4647 S.
1950 4609 1998 4647 c.
2042 4593 2076 4646 4
2105 4592 2187 4660 (G.
2217 4592 2278 4647 0.
2315 4593 2356 4657 Ι,

799 4665 892 4726 71,
942 4665 1092 4732 282);
1143 4664 1300 4732 Grcg.
1342 4664 1459 4732 Cpl.
1498 4668 1562 4715 ad
1609 4665 1739 4730 imp.
1774 4663 1998 4731 'l‘rapez.
2048 4679 2096 4716 c.
2152 4665 2214 4716 18
2258 4665 2356 4730 (ib.

801 4751 855 4804 ιι.
897 4733 1338 4804 460);7aliosque.
1374 4732 2060 4804 Similiaydicit‘Cyrinus,
2103 4733 2140 4788 Ι.
2175 4747 2247 4795 Vl,
2293 4734 2358 4787 ad

801 4800 982 4857 llerm.
1028 4803 1272 4868 (Beccus,
1301 4803 1468 4871 epigr.
1500 4804 1548 4866 l,
1582 4801 1644 4857 G.
1675 4801 1717 4855 0
1768 4800 1827 4864 ll,
1854 4803 1999 4870 510).

872 4873 982 4941 (62)
1026 4872 1280 4941 Nonnulli
1339 4886 1465 4924 vero
1512 4872 1705 4924 eruditi
1753 4887 1861 4924 nou
1928 4875 2044 4926 sine
2107 4871 2361 4939 gravibus

801 4940 1107 4996 rationibus
1161 4940 1562 4995 Theodoretum
1621 4941 1896 4995 vindicant
1960 4942 2026 4995 ab
2095 4943 2358 5010 ejusmodi

801 5025 1004 5066 CI'I'OI'O.

869 5082 984 5150 (63)
1025 5079 1157 5133 Illud
1181 5082 1243 5150 ὲκ
1268 5077 1362 5132 τοῦ
1393 5076 1522 5150 Υιφῦ
1559 5079 1748 5147 rejecit
1772 5076 1878 5134 non
1910 5081 2014 5135 alio
2046 5095 2229 5144 sensu,
2255 5081 2357 5134 nisi

799 5149 885 5213 ὡς
904 5153 967 5202 ὲκ
993 5151 1091 5221 τῆς
1121 5149 1342 5221 «pom;
1369 5149 1568 5211 αἰτίας,
1601 5151 1663 5201 ὲκ
1701 5151 1797 5218 τῆς
1840 5151 2012 5220 ἀρχῆς
2042 5167 2360 5220 προκαταριι

800 5221 1014 5290 κτικῆς,
1047 5217 1122 5273 ⁷ιιι
1166 5217 1396 5290 Graecus
1433 5227 1641 5290 auctor
1693 5217 1836 5290 apud
1881 5217 2110 5290 Niceplr.
2167 5217 2359 5284 Illeui.,

799 5286 1034 5348 oratfl.
1072 5305 1126 5357 p.
1164 5288 1194 5339 7
1238 5288 1491 5342 advertit.
1534 5286 1686 5356 llugo
1731 5286 1920 5342 Ether.
1965 5286 2131 5352 1.ίιιι,
2178 5305 2226 5343 c.
2268 5291 2357 5352 21,

800 5376 856 5428 p.
882 5359 1017 5412 1259
1043 5375 1056 5411 :
1087 5377 1105 5409 ι
1142 5358 1300 5412 Solus
1327 5358 1713 5428 vero,inquit,
1742 5359 2100 5412 Damascenus
2124 5358 2362 5412 Joannes

802 5426 1065 5484 dissidere
1097 5444 1126 5480 a
1155 5445 1348 5497 magno
1370 5426 1568 5497 Cyrillo
1595 5428 1820 5496 aliisque
1844 5428 2091 5482 Patribus
2123 5431 2358 5492 videtur,

805 5501 847 5552 si
883 5509 1062 5553 tamen
1091 5500 1160 5550 ita
1189 5494 1375 5551 scribit
1405 5494 1425 5549 ί
1458 5494 1712 5565 Spiritum
1735 5494 1813 5550 ‘ex
1854 5498 2012 5551 Patre
2061 5501 2280 5551 dicimus
2314 5509 2359 5551 et

804 5571 1065 5636 Spiritum
1089 5568 1268 5621 Patris
1299 5568 1649 5636 nominamus.
1701 5570 1782 5620 Ex
1840 5567 1976 5620 Pilio
2017 5580 2190 5621 autem
2237 5567 2358 5634 Spi-

798 5635 959 5691 ritum
982 5655 1083 5690 nou
1105 5639 1344 5697 dicimus,
1367 5635 1623 5703 Spiritum
1653 5654 1770 5689 vero
1809 5637 1930 5690 Filii
1964 5641 2310 5690 nominamus.
2335 5657 2354 5689 ι

806 5708 1185 5761 Verumtamen
1229 5717 1276 5759 et
1329 5706 1601 5772 Scriptura
1637 5707 1712 5759 sic
1751 5723 1804 5758 se
1837 5708 2053 5760 habente
2089 5724 2194 5760 non
2249 5710 2358 5760 dis-

794 5779 982 5834 cordat
1008 5779 1094 5832 hic
1118 5787 1336 5831 sanctus
1366 5791 1396 5828 a
1443 5776 1630 5829 Latina
1675 5777 1933 5841 veritate;
1975 5778 2076 5831 hoc
2121 5778 2187 5832 ad
2227 5793 2358 5831 con-

2389 4487 2441 4545 D

2466 1942 2601 1981 vero
2623 1941 2802 1996 neque
2827 1935 3019 1981 contra
3048 1925 3266 1981 decreta
3299 1925 3398 1980 SS.
3427 1925 3671 1992 Patrum,
3699 1927 3790 1996 qui
3816 1926 4035 1990 Nicaea,

2464 2016 2965 2086 Constantinopoli,
3010 2015 3355 2072 Chalcedone
3406 2016 3490 2070 vel
3532 2015 3762 2070 ubilibet
3794 2016 4034 2071 locorum

2465 2122 2565 2176 pro
2588 2106 2847 2160 ﬁrmanda
2871 2105 2976 2160 ﬁde
2997 2115 3395 2160 convenerunt.
3427 2105 3572 2159 Idem
3615 2105 3785 2169 enim,
3814 2107 3905 2160 sed
3933 2108 4038 2159 uli-

2467 2208 2545 2252 ter
2585 2197 2716 2253 dicit
2760 2197 3093 2267 explananda
3123 2207 3171 2251 et
3203 2198 3596 2266 interpretando
3617 2237 3632 2259 ,
3661 2198 3804 2267 quod
3835 2199 3922 2268 pie
3953 2199 4036 2252 in-

2468 2290 2630 2358 telligi
2656 2299 2903 2359 oporteat
2939 2287 3200 2359 Spiritum
3243 2303 3307 2343 ex
3347 2289 3504 2343 Patre
3537 2289 3829 2359 procedere
3856 2332 3870 2353 ,
3909 2291 4039 2345 sub-

2467 2382 2742 2436 intellecto
2771 2381 2887 2435 scil.
2909 2381 3068 2444 Filio,
3097 2390 3209 2434 tum
3227 2380 3352 2449 quia
3374 2379 3716 2435 verissimum
3737 2388 3821 2435 est
3865 2378 4038 2450 Spiri-

2466 2484 2582 2528 tum
2632 2491 2695 2530 ex
2740 2474 2878 2528 Filio
2928 2475 3244 2544 procedere,
3297 2487 3410 2531 tum
3462 2478 3586 2546 quia
3625 2479 3780 2531 multi
3829 2494 3859 2532 a
3901 2477 4037 2532 Filio

2468 2565 2642 2636 ipsum
2673 2567 3003 2621 dividebant.
3038 2568 3329 2623 Enimvero
3367 2569 3509 2623 sicut
3553 2569 3870 2639 intelligitur
3917 2570 3954 2624 Γ
3964 2570 4037 2624 iiii

2467 2673 2588 2712 esse
2620 2657 2889 2727 Spiritus,
2931 2674 3051 2714 cum
3094 2659 3294 2714 dicitur
3330 2676 3449 2716 esse
3491 2661 3685 2726 Patris,
3733 2663 3805 2717 ita
3852 2663 4039 2717 conci-

2466 2751 2700 2820 piendos
2731 2761 2816 2806 est
2857 2767 2919 2806 ex
2951 2752 3084 2805 Filio
3114 2754 3429 2822 procedere,
3464 2769 3586 2808 cum
3627 2753 3770 2809 Deus
3812 2769 3841 2808 a
3884 2754 4040 2810 Patre

2468 2843 2733 2912 procedit.
2764 2883 2780 2895 .
2818 2881 2832 2897 .
2864 2843 3061 2898 Verum
3091 2845 3268 2899 bonus
3299 2844 3488 2900 Pastor
3511 2847 3623 2901 suis
3647 2847 3797 2901 falsis
3823 2849 4041 2917 opinio-

2467 2933 2628 2988 nibus
2658 2933 3012 2988 consistentia
3043 2943 3099 2988 et
3125 2934 3265 2988 bene
3301 2935 3556 2988 habentia
3587 2935 3826 2989 dimovet
3853 2946 3907 2990 et
3937 2935 4040 2989 La-

2471 3026 2704 3081 tinorum
2721 3025 2778 3080 S.
2803 3026 3094 3081 Ecelesiam
3121 3027 3324 3096 absque
3347 3027 3554 3097 synodo
3578 3041 3677 3096 pro
3697 3028 3810 3082 suis
3835 3027 3990 3080 viribi
4016 3042 4041 3081 s

2468 3118 2812 3180 condemnat,
2855 3127 3151 3187 contraque
3175 3117 3276 3171 SS.
3305 3118 3540 3188 synodos
3569 3127 3866 3187 contraque
3906 3133 4040 3188 apo-

2467 3211 2668 3263 stolicze
2693 3209 2993 3263 sanctitatis
3022 3210 3167 3263 viros
3195 3210 3476 3272 mentitur,
3513 3211 3640 3265 dum
3669 3225 3762 3264 eos
3795 3210 4041 3264 sanxisse

2468 3302 2695 3356 allirmat
2717 3341 2730 3364 ,
2759 3301 3020 3369 Spiritum
3055 3316 3084 3354 a
3120 3299 3297 3366 Patre,
3334 3301 3427 3354 sed
3463 3315 3571 3354 non
3607 3316 3636 3354 a
3671 3300 3805 3354 Filio
3844 3316 4038 3370 proce-

2469 3394 2616 3450 dere.
2653 3432 2712 3447 ..
2765 3393 2866 3447 llic
2916 3392 3250 3447 conviciator
3299 3392 3584 3447 edocuisse
3639 3393 3758 3447 illos
3806 3393 4039 3461 asserit,

2469 3484 2611 3554 quod
2642 3483 2878 3537 indicare
2899 3483 3196 3537 orationem
3229 3484 3544 3547 arbitratur,
3570 3485 3687 3538 scil.
3709 3484 3798 3553 qui
3823 3501 3853 3538 a
3883 3485 4040 3540 Patre

2467 3576 2577 3628 solo
2607 3575 2867 3645 procedit.
2903 3616 2915 3629 .
2952 3615 2966 3630 .
3000 3575 3118 3628 Non
3152 3575 3292 3629 idem
3321 3575 3627 3645 significant
3655 3577 3736 3629 Ine
3765 3577 3887 3630 duae
3917 3591 4042 3630 ora-

2469 3670 2642 3723 tiones
2673 3686 2686 3721 :
2717 3667 2818 3732 Qui
2856 3685 2887 3720 a
2924 3667 3082 3721 Patre
3125 3669 3379 3734 procedit,
3416 3677 3468 3722 et
3499 3685 3512 3720 :
3540 3666 3639 3732 Qui
3665 3686 3697 3720 a
3735 3667 3900 3723 Patre
3931 3672 4039 3723 solo

2465 3759 2720 3828 procedit.
2750 3774 2924 3827 nequc
2951 3757 3092 3827 apud
3122 3758 3367 3822 Gnaeos,
3403 3773 3582 3826 neque
3611 3758 3751 3828 apud
3797 3757 4037 3826 Latinos,

2469 3864 2645 3918 neque
2692 3865 2858 3917 penes
2891 3859 3156 3913 oratores,
3204 3863 3381 3918 neque
3428 3863 3598 3917 penes
3649 3848 4038 3919 philosophos;

2468 3941 2710 4011 profecto
2731 3941 2912 3995 rimari
2936 3941 3152 4009 quidem
3170 3951 3384 4009 oportet
3407 3955 3516 3994 non
3535 3939 3705 3994 solum
3720 3941 4036 4006 dictionem,

2469 4050 2653 4088 verum
2693 4034 2945 4087 dictionis
2977 4032 3352 4086 intentionem.
3379 4031 3520 4085 Sane
3550 4048 3668 4098 quae
3698 4032 3862 4086 dubia
3890 4045 4035 4098 sunt,

2468 4120 2736 4175 interdum
2769 4136 2865 4190 per
2895 4121 2995 4173 alia
3026 4119 3442 4173 manifestantur
3467 4129 3522 4174 et
3550 4135 3614 4174 ex
3646 4120 3730 4174 his
3759 4137 3882 4191 qua:
3912 4125 4034 4177 alibi

2471 4213 2668 4280 Scripta
2700 4222 2843 4266 sunt.
2871 4212 3107 4266 Notltum
3138 4212 3307 4280 (edit.
3334 4215 3546 4281 notum)
3575 4213 3793 4282 quidem
3827 4216 4038 4272 videtur

2469 4302 2674 4357 Latinis
2705 4304 2794 4372 qui
2819 4321 2850 4354 a
2894 4303 3060 4356 Patre
3082 4304 3212 4365 sola,
3242 4303 3470 4357 nothum
3502 4320 3630 4358 vero
3657 4305 3860 4360 Gracis
3888 4311 3977 4377 qui
4007 4327 4035 4360 η

2467 4391 2628 4445 Patre
2653 4402 2701 4445 et
2741 4390 2902 4457 Filio,
2954 4409 3019 4446 eo
3047 4395 3188 4463 quod
3213 4404 3462 4448 neutrum
3498 4396 3551 4448 in
3579 4395 3883 4468 Evangeliis
3905 4400 4036 4454 scri-

2461 4601 2805 4654 snetudincm
2848 4601 3157 4670 Girmcorum
3206 4601 3547 4670 referendo,
3588 4617 3708 4670 qua!
3764 4617 3871 4655 non
3915 4619 4034 4657 esse

2467 4672 2725 4740 Spiritum
2766 4687 2828 4724 ev
2863 4669 2995 4724 Filio
3024 4673 3328 4730 confitetur.
3349 4683 3486 4725 etc.»
3514 4669 3747 4724 Thomas
3771 4672 4033 4738 Aquinas.

2490 4757 2540 4809 p.
2578 4743 2628 4801 1,
2667 4757 2720 4808 q.
2755 4742 2843 4798 56,
2894 4757 2942 4794 a.
2982 4742 3016 4794 2
3061 4745 3124 4793 ad
3154 4743 3206 4804 3)
3254 4744 3642 4796 liatnascenunt
3696 4740 4033 4794 Nestorianis

2485 4825 2563 4863 iac
2592 4810 2644 4861 in
2675 4826 2729 4880 re
2761 4812 3064 4875 acccnsnit;
3098 4813 3190 4864 sed
3215 4812 3394 4864 statim
3421 4813 3617 4880 adjecit
3642 4829 3655 4864 :
3681 4831 3698 4862 ι
3719 4811 3981 4876 Quamvis
4005 4828 4031 4865 a

2462 4879 2782 4946 quibusdam
2814 4881 3043 4944 dicatur,
3087 4883 3227 4949 quod
3263 4879 3528 4938 Ilamasc..
3576 4882 3714 4935 sicut
3745 4895 3854 4934 non
3894 4898 4028 4936 cou-

2463 4951 2645 5002 litetur
2686 4950 2945 5016 Spiritum
2971 4961 3216 5003 sanctum
3245 4965 3364 5003 esse
3393 4965 3420 5001 a
3447 4949 3602 5011 Filio,
3623 4951 3693 5004 ita
3720 4951 3886 5003 etiam
3920 4967 4025 5002 non

2463 5029 2710 5086 negatex
2743 5019 2791 5070 vi
2824 5019 3112 5072 verborum
3160 5019 3394 5071 illorum.
3430 5039 3446 5068 ι
3497 5020 3601 5073 Sed
3645 5035 3703 5073 re
3748 5020 3861 5086 ipsa
3904 5035 4028 5074 eum

2463 5103 2585 5140 eum
2613 5088 2731 5142 aliis
2758 5087 3005 5141 Patribus
3037 5089 3237 5141 sentire
3265 5091 3560 5158 ostendunt
3591 5089 3815 5158 Niceph.
3852 5089 4025 5144 Blem.

2463 5158 2523 5216 (Ι.
2553 5173 2600 5209 c.
2628 5173 2677 5210 c.
2718 5159 2808 5218 25.
2847 5173 2900 5226 p.
2941 5158 3010 5211 29
3035 5159 3206 5226 seq.);
3241 5158 3443 5211 Bel-cus
3476 5157 3560 5227 (ϐ.
3597 5159 3658 5214 0.
3695 5157 3757 5218 ll,
3799 5159 3868 5210 66
3912 5176 4025 5227 seq.

2464 5227 2610 5294 124);
2663 5227 3006 5296 Consrtantin.
3055 5227 3295 5281 Meliten.
3344 5237 3480 5280 orat.
3537 5229 3558 5279 1
3606 5228 3700 5293 (ib.
3749 5228 3856 5281 075
3909 5244 4023 5296 seq.

2463 5296 2757 5368 6956975);
2787 5295 2979 5368 Georg.
3008 5297 3340 5368 i'l‘rapezunt.
3371 5297 3458 5366 (ad
3497 5297 3546 5351 J.
3588 5300 3811 5351 Cubocl.
3840 5313 3889 5350 c.
3923 5295 4022 5358 13’;

2464 5367 2536 5436 ili.
2577 5366 2617 5418 l.
2661 5367 2765 5420 491
2798 5366 2958 5434 δείι.)ξ
3006 5367 3220 5420 Μιιιιυοι
3269 5368 3505 5421 Calecas.
3547 5369 3605 5435 (I.
3647 5383 3729 5431 ιιι,
3771 5383 3823 5436 p.
3879 5369 4022 5431 43H;

2462 5435 2655 5504 Georg.
2683 5437 3067 5505 Protosyncell.
3103 5438 3253 5506 Apol.
3285 5455 3329 5489 c.
3367 5437 3524 5491 Marc.
3557 5438 3688 5506 Eph.
3717 5437 3902 5502 (Hard.
3933 5437 4022 5492 IX.

2462 5506 2609 5570 630);
2641 5505 2919 5559 Dessarion
2950 5509 3055 5575 (ep.
3084 5505 3155 5560 ad
3179 5509 3327 5561 Alex.
3355 5507 3507 5560 Lase.
3536 5523 3585 5562 c.
3619 5508 3680 5566 9;
3715 5508 3789 5560 ib.
3817 5506 4026 5575 p.107i

2463 5584 2626 5643 seq.l;
2651 5575 2774 5645 Leo
2807 5577 3032 5630 Allatius
3056 5579 3152 5643 (De
3181 5594 3410 5630 muscus.
3449 5575 3515 5640 ll,
3546 5578 3601 5640 2,
3637 5575 3796 5641 6-11,
3835 5593 3888 5645 p.
3927 5577 4026 5628 £12

2462 5661 2575 5719 seq:
2594 5644 2826 5719 ﬁuphir.
2862 5646 3117 5719 (3.}.26.
3143 5648 3257 5717 27);
3284 5647 3493 5701 \Valch.
3528 5652 3640 5719 (op.
3666 5649 3761 5702 cit.
3791 5644 3950 5715 εὶς
3971 5647 4026 5710 2,

2462 5729 2516 5784 p.
2545 5714 2633 5785 21)
2659 5717 2856 5786 aliique
2886 5717 3123 5786 plurimi.
