4242 6438
244 392 352 456 429

939 390 1035 451 DE
1077 390 1137 452 S.
1179 390 1374 449 SPIR.
1417 384 1918 448 MYSTAGOGIA.
1945 409 2013 421 —
2038 380 2762 446 ANIMADVERSIONES

3401 377 3504 440 430

241 515 397 575 ptum
422 503 753 571 reperiatur;
782 516 967 556 verum
984 503 1062 557 sic
1088 503 1333 572 opposita
1350 509 1499 567 sunt,
1524 510 1583 555 ut
1599 502 1830 554 alterum
1861 502 1906 559 Α
1935 497 2178 566 respicit,
2208 496 2354 566 quod
2383 496 2627 550 futurum
2662 501 2798 553 erat,
2830 491 2976 560 quod
3004 491 3284 561 discipulis
3322 493 3508 546 mitte-

242 593 463 663 quidem
500 594 732 647 duorum
765 593 835 646 sit
876 608 1063 647 verum
1096 608 1163 645 ex
1204 592 1565 657 necessitate,
1600 591 1831 643 alterum

244 701 378 740 vero
405 701 551 750 non;
585 686 678 738 sed
711 700 777 738 ex
812 683 948 737 Filio
981 685 1202 753 quidem
1238 684 1535 754 procedere
1579 681 1830 750 Scriptu-

244 778 321 833 ris
346 788 611 833 consonat
634 785 691 831 et
718 777 1048 842 concordat,
1083 787 1138 831 et
1176 791 1355 846 neque
1382 774 1714 830 contrarium
1746 775 1831 826 vel

246 883 560 939 repugnans
602 868 902 930 invenitur,
929 882 1238 938 quanquam
1279 882 1313 920 a
1357 865 1577 935 synodis
1606 879 1832 932 expres—

248 977 367 1015 sum
402 976 510 1013 non
545 962 633 1014 sit.
669 960 882 1013 Etenim
916 960 1146 1029 quisque
1193 958 1562 1012 Romanorum
1603 956 1826 1024 pontiﬁ-

249 1064 399 1111 cum,
436 1048 531 1117 qui
570 1048 803 1117 synodos
836 1048 1315 1102 sanctiﬁcaverunt
1366 1053 1423 1099 et
1471 1045 1833 1098 continuave-

250 1145 415 1197 runt,
456 1150 670 1203 semper
704 1136 808 1189 hoc
840 1136 979 1189 dixit
1021 1150 1084 1188 ac
1123 1134 1573 1205 dogmatizavit...
1616 1133 1696 1185 Ea:
1723 1130 1832 1183 solo

250 1236 433 1279 autem
468 1225 739 1279 dicentem
776 1224 943 1277 multa
984 1232 1282 1292 sequuntur
1318 1217 1829 1275 inconvenientia...

255 1318 405 1391 [l67]
453 1316 509 1370 Si
555 1332 621 1371 ex
672 1318 789 1370 solo
833 1315 990 1369 Patre
1022 1314 1268 1384 procedit
1297 1313 1556 1382 Spiritus,
1594 1326 1702 1364 non
1749 1318 1833 1365 est

255 1412 368 1479 ipse
401 1412 573 1479 imago
604 1408 750 1473 Filii,
786 1407 923 1477 (64),
954 1408 1047 1460 sed
1084 1407 1277 1467 Patris,
1318 1414 1377 1457 ut
1411 1405 1529 1457 sine
1560 1402 1739 1456 medio
1767 1416 1830 1455 ex

256 1502 375 1569 ipso
408 1515 737 1563 coruscans;
772 1514 880 1553 non
915 1508 997 1552 est
1029 1510 1212 1551 autem
1260 1498 1392 1559 hoc,
1431 1510 1555 1548 cum
1593 1494 1833 1563 Spiritus

257 1592 434 1660 imago
464 1591 532 1644 sit
560 1590 677 1643 Filii
706 1598 765 1643 et
790 1605 853 1642 ex
881 1590 998 1658 ipso
1028 1589 1263 1656 proxime
1288 1586 1571 1655 refulgent.
1603 1584 1833 1652 Propin-

257 1682 415 1749 quior
465 1682 566 1733 erit
610 1680 750 1734 Patri
790 1695 952 1748 quam
1002 1679 1137 1732 Filio
1167 1687 1225 1732 et
1258 1677 1429 1747 magis
1460 1675 1637 1729 Patris
1670 1690 1830 1745 quam

261 1772 400 1825 Filii.
438 1772 682 1839 Amplius
712 1772 757 1824 si
787 1788 853 1825 ex
886 1770 1044 1823 Patre
1071 1771 1186 1825 solo
1216 1770 1482 1839 procedit,
1513 1769 1579 1822 ad
1611 1783 1832 1822 mensu-

1934 600 2103 653 retur,
2124 604 2235 643 non
2257 589 2323 642 ad
2350 588 2480 643 illud
2499 629 2515 653 ,
2542 584 2686 656 quod
2712 600 2741 638 a
2765 584 2925 638 Patre
2954 581 3201 652 Filioque
3230 585 3506 652 procedit;

1934 686 2051 738 sine
2083 692 2329 752 tempore
2361 697 2596 750 namque
2626 679 2869 750 procedit
2892 693 2922 731 a
2951 677 3112 731 Patre
3132 719 3145 740 ,
3177 678 3420 747 procedit
3452 687 3510 729 et

1932 794 1961 830 a
1993 778 2150 831 Filio.
2194 794 2213 827 ι
2248 775 2505 845 Sequitur
2537 792 2549 827 :
2581 794 2599 824 ι
2635 774 2848 835 Omnia,
2874 787 3190 840 quwcunque
3220 770 3370 822 habet
3400 769 3508 822 Pa-

1938 882 2031 934 ter,
2064 888 2179 925 mea
2206 880 2365 933 sunt;
2410 878 2684 938 propterea
2730 868 2861 931 dixi,
2894 866 3019 935 quia
3050 866 3111 917 dc
3142 881 3253 917 meo
3283 864 3508 930 accipiet

1931 976 1977 1015 et
2019 964 2356 1017 annuntiabit
2398 963 2561 1015 vobis.
2614 960 2669 1013 Si
2718 960 2922 1023 onmia,
2973 972 3311 1027 quzecunque
3346 956 3511 1009 habet

1934 1054 2115 1118 Pater,
2149 1054 2314 1108 habet
2362 1063 2418 1108 et
2458 1053 2643 1116 Filius,
2692 1050 2938 1120 profecto
2983 1051 3125 1104 sicut
3153 1060 3235 1103 est
3276 1048 3510 1117 Spiritus

1932 1160 2155 1200 sanctus
2176 1146 2348 1199 Patris
2371 1145 2630 1213 Spiritus,
2660 1152 2814 1196 estet
2838 1141 2954 1194 Filii
2980 1141 3247 1209 Spiritus;
3269 1140 3509 1207 alioquin

1933 1236 1980 1289 si
2027 1235 2201 1288 Patris
2240 1244 2325 1287 est
2369 1242 2601 1295 tantum,
2637 1247 2745 1284 non
2778 1231 2942 1284 etiam
2978 1228 3120 1292 Filii,
3154 1244 3259 1281 non
3303 1232 3509 1291 omnia,

1932 1340 2270 1393 quacunque
2301 1324 2464 1377 habet
2495 1322 2671 1386 Pater,
2702 1330 2834 1373 sunt
2865 1318 3003 1372 Filii.
3038 1337 3057 1368 ο
3109 1318 3369 1371 Similiter
3418 1334 3511 1385 pc:-

1940 1416 2233 1470 steriorum
2268 1425 2573 1482 temporum
2614 1410 2878 1464 Catholici
2917 1410 3215 1477 disputant.
3249 1408 3512 1477 Georgius

1935 1506 2328 1575 Trapezuntius
2360 1504 2472 1573 (De
2507 1522 2611 1555 una
2642 1503 2699 1556 S.
2737 1501 2880 1553 Eccl.
2928 1502 2993 1555 Ο.
3031 1501 3099 1554 G.
3143 1501 3181 1564 1,
3216 1500 3318 1553 542
3349 1515 3440 1566 seq
3474 1512 3510 1560 ι.

1938 1617 1956 1649 ι
1993 1599 2125 1652 Cum
2156 1597 2343 1657 Filius,
2372 1596 2565 1664 inquit,
2592 1608 2754 1648 verus
2776 1592 2951 1647 Patris
2981 1591 3145 1645 Filius
3173 1591 3263 1655 sit,
3286 1606 3511 1644 necesse

1932 1699 2015 1742 est
2047 1690 2223 1757 ipsum
2256 1688 2452 1741 Filium
2494 1694 2869 1740 remanentem
2919 1685 3097 1737 omnia
3136 1684 3311 1737 Patris
3340 1686 3512 1752 possi-

1939 1781 2088 1833 dere.
2123 1779 2380 1832 Producit
2413 1794 2542 1832 vero
2577 1779 2734 1831 Pater
2760 1776 3043 1845 Spiritum,
3074 1776 3325 1844 producit
3356 1778 3515 1844 igitur

261 1880 374 1915 ram
401 1864 492 1915 dat
513 1861 671 1916 Pater
689 1860 824 1915 Filio
848 1861 1129 1930 Spiritum,
1151 1877 1276 1915 cum
1302 1861 1471 1915 solam
1496 1860 1832 1923 missionem,
1868 1836 1910 1891 Β
1945 1877 2001 1921 et
2032 1868 2222 1933 Filius,
2253 1877 2311 1921 ut
2344 1852 2485 1920 idem
2519 1866 2715 1919 asserit
2743 1884 2754 1917 :
2785 1864 3114 1933 Quwcuiiqiie
3145 1864 3295 1917 habet
3328 1863 3511 1923 Pater,

260 1965 311 2007 ct
344 1970 455 2007 non
497 1955 848 2008 emissionem
892 1954 941 2006 ei
977 1954 1196 2006 tribuat.
1227 1952 1286 2006 In
1318 1968 1427 2020 quo
1461 1951 1582 2005 scil.
1618 1967 1726 2005 non
1756 1952 1836 2005 vi-

260 2048 423 2099 detur
452 2046 692 2099 remetiri
726 2055 1007 2115 paternam
1038 2044 1439 2111 excellentiam,
1479 2059 1581 2098 nec
1607 2059 1668 2097 ex
1702 2045 1842 2099 inte-

261 2156 356 2207 gro
392 2136 657 2205 Spiritum
680 2138 882 2190 habere
911 2151 1034 2190 cum
1059 2136 1331 2200 onmibus,
1358 2150 1476 2204 qua:
1498 2134 1639 2189 circa
1664 2134 1838 2203 ipsum

262 2229 714 2289 considerantur,
742 2228 883 2282 sicut
919 2227 1081 2281 habet
1115 2226 1291 2281 Pater.
1325 2229 1414 2281 Ait
1440 2230 1585 2283 enim
1612 2244 1841 2299 magnus

265 2321 496 2390 Gyrillus
526 2338 538 2371 :
578 2337 595 2369 ι
634 2316 749 2372 Non
773 2320 838 2373 ad
866 2334 1176 2373 mensuram
1211 2319 1303 2373 dat
1324 2320 1589 2388 Spiritum
1648 2314 1838 2385 Filius,

265 2414 414 2481 juxta
445 2411 671 2466 Joannis
700 2428 917 2477 vocem;
952 2414 1044 2467 sed
1077 2413 1192 2481 ipse
1218 2415 1504 2467 emittite:
1530 2428 1609 2476 se,
1641 2430 1841 2483 quem-

268 2506 560 2559 admodum
596 2506 780 2575 utique
803 2515 857 2560 et
885 2506 1066 2561 Pater.
1090 2506 1353 2571 Quocirca
1386 2507 1697 2576 quicunque
1718 2522 1842 2561 ora-

274 2599 474 2651 tionem
511 2616 524 2651 :
574 2596 673 2661 Qui
712 2616 742 2649 a
785 2597 944 2651 Patre
974 2600 1206 2667 procedit
1241 2598 1589 2653 transformat
1628 2599 1685 2652 in
1722 2614 1842 2652 eam

270 2706 391 2759 qua:
419 2690 553 2744 dicit
586 2707 618 2742 a
662 2690 821 2745 Putre
857 2690 999 2755 solo,
1047 2690 1340 2746 Salvatoris
1374 2707 1594 2756 vocem,
1636 2692 1726 2760 qui
1762 2700 1846 2745 est

276 2784 531 2851 perennis
564 2784 684 2837 fons
716 2784 982 2847 veritatis,
1017 2784 1275 2838 inﬁrmat.
1314 2803 1331 2834 ι

344 2872 397 2926 8.
432 2876 498 2927 At
529 2875 701 2927 multo
730 2876 949 2929 uberius
972 2876 1196 2930 Photius
1227 2876 1291 2929 de
1321 2876 1388 2929 iis
1419 2876 1531 2945 agit
1559 2876 1847 2929 documen-

278 2967 367 3027 tis,
399 2982 520 3034 qua:
552 2965 725 3019 Latini
764 2983 860 3035 pro
893 2969 1161 3022 sententia
1199 2984 1294 3022 sua
1341 2968 1538 3022 afferre
1577 2968 1841 3031 solebant,

278 3070 439 3128 atque
466 3059 729 3129 imprimis
754 3074 877 3126 cap.
901 3058 1073 3113 20-50
1093 3059 1307 3129 longam
1336 3061 1501 3114 habet
1524 3060 1848 3129 disputatio-

1947 1975 2061 2011 mea
2085 1968 2241 2022 sunt;
2270 1966 2546 2026 propterea
2577 1957 2689 2007 dixi
2736 1954 2877 2007 vobis
2925 1971 2941 2006 :
2974 1955 3098 2021 quia
3132 1955 3192 2005 de
3223 1970 3334 2005 meo
3379 1955 3517 2005 acci-

1946 2054 2117 2120 piet...
2148 2050 2374 2116 Accipiet
2409 2048 2593 2101 futuro
2623 2056 2865 2115 tempore
2896 2046 3059 2109 dixit,
3092 2062 3199 2098 non
3234 2045 3377 2113 quod
3421 2061 3515 2098 ae-

1948 2153 2205 2210 cepturus
2243 2148 2422 2204 esset;
2478 2139 2617 2192 nihil
2667 2139 2812 2193 enim
2867 2155 3052 2190 novum
3103 2148 3198 2190 aut
3252 2138 3516 2203 adjectum

1948 2232 2098 2303 [169]
2142 2242 2233 2284 aut
2279 2232 2657 2297 temporarium
2700 2231 2754 2283 in
2788 2230 2928 2295 Deo;
2970 2231 3063 2283 sed
3109 2246 3229 2298 quae
3276 2230 3516 2282 nondum

1949 2332 2170 2393 peracta
2203 2334 2319 2376 erat
2362 2337 2525 2392 super
2570 2324 2877 2391 Apostolos,
2907 2330 3059 2375 notat
3105 2322 3516 2390 operationem,

1950 2432 2140 2470 verum
2172 2417 2531 2486 peragendam
2564 2416 2694 2487 (66).
2734 2416 2975 2485 Namque
2996 2418 3370 2486 Operationum
3403 2434 3519 2470 ma-

1952 2507 2346 2572 nifestationes,
2372 2523 2495 2562 eum
2525 2509 2632 2562 sint
2660 2509 2837 2576 quoad
2864 2524 2963 2562 nos
2988 2510 3161 2579 (πρὸς
3186 2508 3353 2579 ἡμᾶς)
3384 2518 3521 2562 tem-

1954 2600 2200 2667 pararim,
2243 2600 2298 2652 in
2351 2610 2595 2666 tempore
2640 2614 2853 2667 quoque
2898 2600 3034 2652 liunt
3081 2609 3134 2652 et
3180 2609 3517 2669 comparent.

1950 2688 2088 2743 Cum
2132 2687 2293 2759 igitur
2323 2689 2517 2742 similis
2557 2689 2793 2759 Spiritus
2826 2691 3073 2759 operatio
3109 2692 3381 2759 Apostolis
3407 2707 3514 2745 ma-

1950 2780 2253 2835 nifestanda
2288 2791 2434 2845 erat,
2466 2782 2587 2835 ideo
2619 2792 2969 2851 accepturum
3019 2782 3363 2837 Paraclctum
3397 2800 3427 2837 a
3464 2800 3523 2839 se

1952 2872 2103 2925 dicit.
2131 2872 2208 2925 Ad
2238 2874 2353 2925 hmo
2381 2874 2493 2925 ﬁeri
2522 2889 2630 2925 non
2664 2883 2860 2941 potest,
2891 2890 3015 2928 cum
3050 2876 3299 2929 homines
3325 2877 3518 2937 simus,

1954 2973 2014 3017 ut
2040 2965 2196 3018 aliter
2224 2964 2586 3032 intelligamus
2613 2975 2666 3019 et
2689 2965 2973 3034 loquamur
2999 2966 3081 3020 vel
3111 2968 3484 3036 concipiamus
3504 3009 3518 3031 ,

1954 3056 2057 3109 nisi
2087 3056 2141 3109 in
2177 3063 2415 3124 tempore
2444 3065 2496 3108 et
2523 3056 2821 3110 secundum
2860 3066 3105 3126 tempus:
3140 3056 3370 3126 ideoque
3402 3075 3523 3126 qua:

279 3167 427 3215 nem,
457 3166 560 3219 qua
585 3158 962 3220 argumentqu
995 3164 1062 3203 ex
1084 3149 1243 3204 Joan.
1274 3167 1383 3213 xw,
1420 3150 1591 3204 13-15
1615 3151 1845 3219 petitum
1879 3189 1919 3245 Ο
1957 3148 2043 3201 hic
2088 3156 2390 3216 temporum
2432 3148 2727 3201 intervallis
2768 3151 3147 3217 exprimuntur
3173 3189 3187 3213 ,
3221 3149 3274 3202 in
3321 3149 3524 3205 Divinis

277 3258 543 3297 enervare
580 3242 898 3295 connititur.
938 3240 1051 3295 11οο
1087 3250 1236 3294 textu
1285 3241 1503 3295 Patrum
1535 3242 1845 3295 occidenta-

280 3334 409 3386 lium
443 3331 552 3401 (65)
591 3331 813 3399 vestigia
846 3346 1098 3399 premens
1128 3331 1379 3384 utebatur
1419 3329 1566 3401 [1681
1597 3330 1848 3384 llatram-

280 3439 383 3477 nus
429 3426 540 3491 (0p.
587 3422 678 3475 cit.
714 3423 753 3485 l,
784 3422 836 3479 ὅ,
869 3437 921 3491 p.
953 3421 1057 3475 29.9
1104 3424 1260 3491 seq.)
1306 3423 1599 3490 inquiens:
1648 3442 1665 3473 ι
1706 3424 1846 3487 Quid

280 3518 422 3568 enim
468 3515 694 3582 accipiet
732 3513 967 3583 Spiritus
1010 3522 1230 3567 sanctus
1267 3529 1297 3566 a
1330 3513 1481 3577 Filio,
1520 3529 1641 3567 cum
1686 3515 1847 3568 unius

277 3608 389 3659 sint
438 3605 751 3659 substantia:
808 3606 1074 3672 uniusque
1118 3606 1418 3673 potentia?
1462 3606 1726 3659 Nimirum
1777 3607 1849 3659 De

281 3714 393 3749 meo
417 3698 635 3764 accipiet
660 3696 813 3759 dixit,
849 3696 899 3749 id
924 3705 1006 3747 est
1036 3712 1047 3745 :
1082 3710 1111 3747 a
1143 3711 1229 3748 me
1262 3696 1523 3763 procedit,
1552 3698 1676 3766 quia
1709 3698 1849 3751 sicut

280 3795 409 3841 sunt
437 3786 597 3840 unius
625 3785 941 3839 substantia:
965 3784 1124 3838 Pater
1143 3794 1196 3838 et
1221 3784 1409 3848 Filius,
1437 3786 1515 3839 sic
1540 3796 1595 3839 et
1620 3788 1686 3841 de
1709 3796 1849 3842 utro-

278 3897 387 3949 que
437 3880 781 3950 procedendo
833 3878 1067 3947 Spiritus
1110 3890 1331 3933 sanctus
1376 3881 1584 3949 accepit
1615 3884 1849 3936 consub-

279 3972 651 4028 stantialitatis
678 3972 1067 4026 exsistentiam.
1099 3972 1211 4025 Nec
1238 3974 1399 4027 debet
1429 3990 1665 4040 movere,
1702 3976 1845 4044 quod

279 4066 501 4131 accipiet
544 4062 708 4116 futuri
754 4060 1016 4131 temporis
1053 4061 1222 4128 dixit;
1270 4063 1372 4116 hoc
1418 4065 1561 4118 enim
1608 4067 1673 4118 ad
1719 4066 1846 4120 illud

355 4198 464 4266 (64)
509 4196 677 4251 Graeci
700 4195 910 4256 Patres,
949 4204 1003 4247 ut
1026 4194 1133 4262 jam
1160 4196 1449 4266 Gregorius
1476 4197 1761 4252 Thaumat.
1793 4200 1845 4253 in

282 4265 533 4324 Conless.
550 4267 939 4335 (NysseniOpp.
962 4281 1040 4327 ιιι,
1060 4266 1202 4333 546),
1222 4265 1381 4319 nm.
1405 4268 1437 4319 l.
1459 4285 1508 4329 v,
1529 4285 1575 4320 e.
1594 4267 1844 4335 Eunom.,

286 4343 416 4393 Naz.
448 4349 582 4391 orat.
609 4342 662 4393 ‘2.
690 4338 751 4388 de
783 4336 937 4395 Filio,
970 4337 1168 4406 Athan.
1202 4352 1285 4404 ep.
1319 4338 1403 4389 ad.
1438 4339 1625 4404 Serap.
1651 4340 1848 4406 aliique

289 4409 551 4475 Spiritum
599 4408 784 4460 dicunt
846 4406 1029 4475 εἰκόνα
1084 4405 1175 4457 τοῦ
1237 4406 1395 4463 Υἱοῦ.
1453 4408 1590 4459 sicut
1650 4405 1844 4461 Filiam

286 4474 470 4531 εἰκόνα
506 4477 600 4530 τοῦ
627 4477 855 4543 Πατρός.
886 4474 937 4526 Id
976 4476 1315 4529 Schismatici
1350 4478 1415 4529 de
1454 4479 1593 4529 nuda
1618 4480 1848 4529 cotisuh-

287 4549 639 4603 stantialitate
666 4538 946 4615 exponunt
976 4545 1064 4612 (cf.
1115 4546 1290 4615 ipsum
1334 4546 1583 4599 Pliotium
1620 4548 1847 4615 Amp/tit.
1889 4538 1928 4594 Ι)

288 4630 477 4687 quﬂ’st.
528 4618 666 4687 255,
709 4616 794 4667 ed.
839 4614 959 4666 Mai.
1020 4615 1145 4667 Vett.
1191 4614 1316 4687 _Scr.
1376 4633 1505 4669 nova
1550 4616 1681 4670 Coll.
1720 4614 1847 4679 ’IX,

289 4684 339 4756 p.
372 4690 516 4755 115).
554 4686 751 4739 Verum
793 4693 999 4756 certum
1044 4695 1148 4746 est,
1189 4684 1242 4737 id
1287 4702 1450 4753 penes
1494 4687 1679 4739 Patres
1734 4690 1850 4751 plus

288 4755 491 4825 aliquid
527 4758 707 4810 dicere
736 4762 788 4805 et
823 4755 1074 4807 idoneum
1118 4769 1235 4808 esse
1287 4758 1352 4809 ad
1402 4758 1633 4824 Spiritus
1660 4774 1689 4810 e
1720 4757 1851 4809 Filio

291 4828 717 4896 processionem_
754 4825 1196 4896 continuandam.
1253 4825 1334 4879 Cf.
1383 4826 1607 4894 Nieeph.
1680 4827 1846 4879 Βιρηι.

289 4892 429 4950 orat.
449 4900 501 4956 2,
534 4914 579 4948 c.
604 4898 631 4947 7
658 4894 740 4961 (ϐ.
766 4892 834 4966 0.
857 4894 895 4952 l,
914 4910 973 4966 _p.
1003 4895 1069 4946 47
1092 4895 1251 4966 seq),
1284 4892 1739 4966 BeecumiEpigr.
1762 4897 1848 4956 111;

290 4969 350 5021 G.
384 4971 446 5019 0.
481 4967 543 5028 ll,
574 4966 674 5019 547
706 4964 865 5031 seq.).
904 4964 1097 5032 Georg.
1148 4964 1381 5019 Metueh.
1419 4983 1462 5018 c.
1512 4964 1684 5022 Μαιιξ
1710 4969 1848 5019 Cret.

294 5039 389 5099 (ib.
426 5037 528 5089 986
557 5038 716 5101 seq.);
764 5035 970 5101 llugon.
1007 5033 1171 5085 Ethcr
1224 5035 1280 5103 (Ι.
1308 5052 1366 5099 ιι,
1406 5053 1453 5089 e.
1489 5036 1539 5096 7,
1569 5052 1620 5103 p.
1670 5038 1847 5099 1222i};

290 5107 525 5185 Manuel.
567 5107 747 5185 Galee.
886 5117 1031 5185 inp.
1065 5103 1185 5185 466‘,
1220 5104 1379 5185 .406);
1418 5107 1579 5185 fallat.
1636 5108 1849 5185 larua/ur.

289 5194 411 5245 cap.
444 5176 513 5246 η’,
544 5192 596 5242 p.
640 5174 738 5246 λζῖ.
781 5172 925 5226 Vind.
960 5169 1084 5246 Syri.
1130 5172 1261 5239 Eph.
1406 5177 1508 5229 466
1547 5178 1720 5243 seq.);
1756 5178 1850 5229 sed

290 5242 397 5301 utra
436 5242 559 5299 cum
595 5246 677 5299 his
701 5245 962 5298 Thmuam
997 5242 1265 5310 (Summas,
1298 5242 1351 5312 p.
1388 5246 1435 5309 1,
1465 5262 1518 5314 q.
1559 5242 1650 5305 53,
1688 5264 1735 5299 a.
1781 5248 1847 5309 εὶς

290 5318 494 5386 Opusc.
550 5333 605 5378 ι,
667 5333 710 5367 c.
763 5316 931 5369 (ἔπινε.
997 5327 1046 5364 e.
1101 5314 1202 5379 10,
1268 5318 1396 5384 52);
1449 5333 1511 5371 ac
1573 5316 1850 5369 l’etarium

292 5390 376 5455 (de
406 5386 549 5439 Trin.
582 5403 677 5447 vit,
706 5401 755 5437 c.
778 5387 853 5455 7).

362 5458 475 5523 (65)
501 5456 729 5510 Tertull.
761 5454 821 5508 (ἰ.
856 5458 1017 5512 Prax.
1058 5476 1107 5513 c.
1137 5461 1206 5513 20
1236 5474 1248 5510 :
1281 5474 1297 5504 ι
1333 5456 1599 5509 (ἶιιξιυιυιιι
1642 5456 1707 5509 de
1731 5472 1850 5510 meo

293 5528 482 5598 sumit,
524 5528 880 5598 inquit,_sicut
908 5531 1107 5598 ἐρεερε
1135 5530 1245 5598 (illo
1275 5528 1418 5598 quod
1454 5534 1555 5592 est)
1593 5525 1845 5598 Patris.)

292 5596 531 5667 Ambros.
584 5595 658 5650 De
706 5596 799 5667 Sp.
850 5595 1335 5667 S.n,‘l2'(apud
1378 5598 1653 5649 llatramn.
1704 5612 1761 5658 ιι,
1796 5596 1848 5659 4,

294 5680 349 5736 p.
373 5666 498 5732 255)
524 5685 536 5719 :
563 5686 580 5716 ι
611 5668 682 5720 De
708 5666 842 5721 Filio
868 5668 1103 5737 Spiritus
1127 5666 1345 5721 sanctus
1369 5666 1610 5735 aecepit;
1646 5667 1854 5735 accepit

295 5744 477 5805 autem
531 5753 623 5803 per
667 5738 929 5792 unitatem
973 5739 1326 5795 substantia:.
1378 5737 1516 5789 sicut
1568 5739 1774 5805 accepit
1821 5752 1850 5789 a

297 5804 455 5861 Patre
485 5807 665 5863 Filius.
704 5826 721 5859 ι
752 5807 911 5863 Joan.
943 5825 1049 5876 XVI,
1080 5809 1163 5865 14.
1192 5839 1257 5849 -
1289 5806 1453 5861 llilar.
1479 5809 1539 5861 de
1566 5804 1711 5860 Trin.
1734 5823 1847 5870 vm,

1952 3240 2278 3293 aeternaliter
2310 3240 2704 3309 intelliguntur.
2742 3238 2921 3305 Quare
2963 3241 3106 3310 quod
3154 3257 3301 3296 nunc
3330 3257 3522 3311 accep-

1957 3341 2109 3385 turus
2139 3347 2167 3385 a
2199 3332 2332 3384 Filio
2370 3333 2679 3385 Paraclctus
2704 3333 2965 3386 asseritur
2989 3373 3002 3394 ,
3028 3334 3235 3402 accepit
3272 3334 3339 3388 ab
3365 3351 3429 3387 eo
3454 3336 3521 3387 ab

1957 3422 2072 3490 ipsa
2110 3424 2436 3476 asternitate.
2475 3423 2605 3487 Quae
2652 3438 2782 3475 vero
2815 3424 2881 3475 ab
2915 3422 3027 3491 ipsa
3072 3424 3373 3477 aeternitate
3414 3424 3523 3476 bco

1957 3515 2143 3569 insunt
2178 3524 2232 3568 et
2261 3531 2379 3584 quae
2412 3516 2480 3567 ab
2518 3525 2721 3569 aeterno
2766 3515 3041 3583 possidet,
3069 3523 3161 3567 aut
3192 3523 3397 3570 natura:
3430 3529 3523 3570 aut

1957 3604 2338 3675 hypostasibus
2380 3606 2895 3668 accommodantur;
2947 3606 3192 3673 accipere
3244 3622 3368 3659 vero
3423 3609 3519 3675 hy-

1956 3695 2192 3764 postasin
2220 3696 2287 3748 ab
2321 3695 2593 3764 hypostasi
2636 3710 2743 3747 non
2784 3696 3070 3763 adaptatur
3106 3706 3344 3759 naturas;
3390 3713 3520 3766 ergo

1957 3787 2247 3857 hypostasi.
2284 3787 2436 3851 Quod
2474 3788 2545 3839 nil
2569 3788 2712 3840 aliud
2739 3798 2821 3840 est
2840 3829 2853 3851 ,
2876 3804 3038 3856 quam
3070 3788 3268 3842 habere
3294 3790 3352 3841 τὸ
3381 3787 3478 3842 εἶν.
3504 3812 3518 3843 ι

1956 3896 2241 3949 personam
2286 3880 2638 3947 accipientem
2684 3881 2751 3931 ab
2780 3895 2862 3941 ea,
2906 3895 2933 3931 a
2968 3896 3071 3947 qua
3117 3881 3331 3949 accipit.
3365 3884 3516 3945 Quod

1956 3985 2084 4023 vero
2114 3971 2181 4023 ab
2226 3970 2406 4038 aliqua
2455 3970 2651 4037 accipit
2696 3985 2838 4030 esse,
2881 3985 2944 4023 ex
2991 3986 3056 4024 eo
3112 3972 3271 4024 etiam
3323 3973 3514 4032 habet.

1954 4062 2215 4132 quidquid
2265 4061 2504 4130 possidet
2554 4061 2687 4129 (67).
2731 4079 2748 4109 ι
2801 4060 2937 4114 lline
2984 4063 3258 4115 enascitur
3305 4065 3517 4118 celebre

1953 4201 2065 4254 20:
2106 4220 2124 4247 σ
2167 4200 2202 4251 Α
2246 4198 2378 4249 Filio
2412 4197 2571 4263 igitur
2614 4195 2835 4261 accipit,
2880 4195 2970 4260 qui
3015 4204 3067 4246 et
3098 4196 3163 4247 ab
3195 4211 3260 4247 eo
3289 4197 3518 4249 mittitur

1955 4281 2009 4325 et
2038 4286 2067 4323 a
2107 4268 2263 4320 Patre
2296 4267 2554 4335 proci-dit,
2588 4274 2642 4317 et
2698 4266 2971 4335 interrogo
3008 4275 3182 4318 utrum
3236 4267 3284 4318 id
3343 4283 3516 4333 Ipsum

1956 4342 2043 4402 sit,
2066 4355 2093 4391 a
2125 4340 2257 4391 Filio
2283 4334 2545 4403 accipere.
2564 4335 2705 4401 quod
2727 4350 2755 4385 a
2777 4334 2930 4386 Patre
2956 4338 3263 4401 procedere.
3290 4336 3442 4400 Quod
3471 4339 3514 4388 si

1956 4411 2090 4462 nihil
2142 4408 2371 4461 dill'erre
2434 4406 2681 4457 credi-tur
2740 4404 2879 4456 inter
2927 4404 3171 4473 accipere
3217 4421 3246 4457 a
3298 4408 3431 4458 Filio
3464 4417 3516 4459 et

1955 4480 2247 4547 procedere
2286 4493 2312 4528 a
2366 4476 2738 4547 l’atre.eerte
2796 4475 2844 4547 id
2902 4473 3075 4541 ipsum
3131 4485 3291 4547 atque
3349 4493 3514 4529 lllllllll

1956 4544 2075 4603 csse
2111 4548 2450 4601 existimatur
2474 4562 2502 4597 a
2533 4545 2667 4597 Filio
2702 4544 2970 4611 accipere,
3003 4544 3143 4611 quod
3175 4548 3241 4597 sit
3268 4547 3515 4613 accipere

1954 4634 1981 4671 a
2018 4620 2192 4671 Patre.
2228 4618 2343 4682 Ipse
2392 4615 2536 4667 enim
2580 4613 2835 4665 Dominus
2875 4614 2985 4665 ait;
3023 4614 3283 4676 Quoniam
3311 4618 3372 4666 de
3405 4634 3515 4667 meo

1956 4689 2203 4755 accipiet,
2228 4696 2331 4738 etc.
2362 4684 2472 4736 lloc
2519 4684 2659 4751 quod
2704 4683 3100 4755 accipic_l_,__sive
3134 4686 3375 4751 potestas
3409 4697 3512 4747 est,

1954 4751 2288 4812 siverit-tus,
2320 4756 2432 4806 sive
2460 4755 2703 4806 doctrina
2728 4761 2847 4821 cst,
2897 4751 3060 4803 Filius
3090 4767 3118 4803 a
3160 4769 3215 4805 se
3246 4755 3515 4821 accipien-

1954 4828 2080 4879 dum
2105 4827 2260 4878 dixit.
2303 4843 2319 4872 ι
2360 4823 2444 4876 Cf.
2481 4824 2645 4875 Leon.
2693 4820 2761 4873 M.
2793 4835 2959 4873 serm.
3002 4822 3054 4879 2,
3098 4824 3161 4873 de
3205 4820 3412 4878 Pentec.
3461 4834 3517 4878 et

1954 4900 2179 4964 August.
2212 4896 2353 4962 apud
2387 4895 2759 4964 llatramnuin,
2798 4907 2881 4952 ιιι,
2916 4890 3051 4964 2,_p.
3084 4894 3208 4964 2η.

2025 4955 2135 5035 (Ῑὶϋ)
2156 4955 2410 5035 Anti/stat
2433 4963 2605 5035 casm
2626 4955 3110 5035 pékifovtoseiirsv,
3136 4962 3233 5030 οὐχ
3253 4963 3332 5035 ὄζει
3359 4962 3516 5031 ἐμελ-

1952 5031 2042 5089 λεν
2072 5034 2335 5103 λήψεσυαι
2361 5051 2373 5061 ·
2399 5031 2551 5103 οὐρὲν
2578 5031 2685 5098 γὰρ
2706 5031 2823 5103 νέον
2853 5032 2883 5098 ἢ
2921 5031 3241 5081 ἐπείσακτον
3272 5034 3302 5100 ἢ
3336 5050 3515 5100 χρονι-

1953 5110 2046 5159 κὸν
2080 5099 2168 5157 sit;
2202 5102 2336 5155 Θεοῦ
2361 5120 2373 5131 ·
2425 5100 2560 5151 ἀλλὰ
2601 5099 2885 5168 τὴννοῧπω
2938 5104 3223 5165 γεγονυῖαν
3284 5099 3380 5155 ἐπὶ
3404 5107 3517 5164 τοῖς

1952 5175 2267 5234 ἀποστόλοις
2299 5172 2598 5239 ἐνέργειαν,
2634 5169 2926 5239 μέλλουσαν
2949 5170 3026 5219 δέ.

2023 5246 2134 5313 (67)
2168 5245 2265 5295 Διὰ
2286 5238 2441 5313 τοῦἐο
2486 5241 2552 5313 “id
2581 5238 2841 5313 χρονικῶς
2889 5238 3156 5313 λεγόμενα
3183 5241 3357 5313 ταῦτα
3386 5243 3519 5292 αξω.

1953 5310 2080 5377 vitae
2106 5310 2307 5367 νοεῖται
2340 5312 2429 5363 ἐπὶ
2454 5311 2562 5361 τῶν
2598 5310 2752 5360 θείων
2772 5324 2783 5335 ‘
2811 5310 2910 5380 καὶ
2952 5311 3084 5377 ὅπερ
3114 5312 3220 5379 ἄρα
3250 5312 3515 5380 λήψεσθαι

1953 5386 2047 5438 νῦν
2071 5388 2134 5436 ἐκ
2158 5385 2250 5435 τοῦ
2298 5380 2421 5433 1⁸ἱοῦ
2454 5382 2670 5443 λέγεται
2721 5380 2748 5429 ὁ
2779 5379 3151 5449 Παιρὰκὶητος,
3201 5379 3431 5442 αἰωνίως
3457 5382 3516 5445 ἐξ

1953 5454 2118 5507 αὐτοῦ
2151 5454 2444 5521 λαμὸἀυειο
2498 5453 2561 5502 τὰ
2587 5451 2640 5500 δὲ
2681 5450 2885 5521 Ααὶώνγια
2940 5452 3203 5521 προσ-ὄντι
3255 5450 3513 5521 caesa,

1953 5527 2132 5579 πάντα
2153 5524 2208 5575 δὲ
2226 5519 2379 5591 diu}.
2403 5522 2633 5581 αἰωνίως
2676 5519 2785 5591 ὅσα.
2806 5520 2945 5591 ἔχει,
2975 5521 3005 5588 ἢ
3034 5523 3098 5590 τῇ
3138 5519 3294 5585 φύσει
3320 5520 3367 5591 (ἢ
3398 5524 3517 5583 ταῖς

1954 5594 2313 5647 ὑποστάσεσιν
2349 5589 2629 5661 ἆρμόξειξ
2657 5592 2736 5661 τὸᾼ
2768 5589 2823 5640 δὲ
2866 5589 3167 5661 λαμϐάνειν
3226 5590 3518 5643 ὑπόστασιν

1953 5667 2083 5735 παρ’
2111 5659 2543 5735 ὑποστάσεωςλοὺ
2575 5659 3119 5735 ξῇ-φύσει-ἁρμοζειη
3136 5662 3197 5729 τῇ
3222 5662 3519 5735 μὺτςοστάσεὲι.

1955 5730 2085 5800 ἆρὰ.
2117 5734 2287 5786 Τοῦτο
2311 5732 2367 5783 δὲ
2397 5731 2544 5782 οὐδὲν
2579 5730 2709 5781 ἄλλο
2741 5732 2911 5788 ἐστὶν,
2958 5733 3005 5800 si
3066 5730 3139 5799 μὴ
3190 5732 3246 5781 τὸ
3294 5731 3434 5798 ἔχειν
3460 5732 3524 5800 τὸ

1956 5796 2096 5861 εἶναι
2130 5804 2190 5858 τὸ
2218 5802 2490 5872 λαμϐάνον
2522 5800 2810 5870 πρόσωπον
2842 5800 2901 5863 ἐξ
2950 5796 3010 5854 οὒ
3040 5796 3351 5868 ἲξαεᾷϐἀνειί
3377 5802 3435 5852 τὸ
3462 5799 3521 5852 δὲ
