4242 6438
805 350 902 418 431

1938 367 2197 428 PIIOTII
2237 370 2734 434 PATRIARCIIE
2774 378 2879 436 (ΣΡ.

3928 385 4035 447 432

811 469 938 522 illud
986 470 1204 522 Joannis
1247 470 1483 540 Theologi
1547 489 1923 544 argumentum
1973 489 1989 549 (
2023 483 2178 538 Cone.
2217 484 2361 538 Flor.
2403 497 2440 549 Α
2473 489 2572 542 nisi
2605 493 2921 560 accipiendo
2972 496 3285 550 essentiam.
3337 515 3353 546 ι
3392 498 3526 554 llinc
3581 501 3797 568 quando
3839 503 4042 558 dicitur

805 575 940 614 sess.
971 577 1122 620 ,xvrtt
1147 562 1308 615 llard.
1345 562 1431 626 llt',
1469 566 1566 619 193
1607 585 1722 636 seq.
1756 573 1772 638 )
1808 589 1820 622 :
1865 591 1882 622 ι
1919 573 1959 625 Α
1988 590 2097 642 quo
2134 576 2366 644 Spiritus

802 660 1021 704 sanctus
1049 653 1248 721 accipit
1283 669 1403 709 esse
1435 657 1488 710 in
1516 659 1736 724 divmis,
1774 662 1842 714 ab
1880 678 1946 716 eo
1977 666 2141 718 etiam
2173 683 2362 736 proce-

801 743 910 806 dit;
938 743 1136 796 dicitur
1166 755 1347 799 autem
1374 746 1608 815 Spiritus
1633 763 1854 804 sanctus
1895 757 2143 823 accipere
2170 773 2291 811 esse
2335 775 2364 812 ιι

803 827 966 890 Filio;
1003 846 1129 898 ergo
1172 841 1227 886 et
1255 848 1285 884 a
1323 833 1458 887 Filio
1504 839 1745 903 procedit
1776 840 1912 908 (68).
1958 861 1977 892 ι
2022 862 2039 893 ι
2077 844 2228 908 Quod
2267 862 2364 898 au-

803 931 907 973 tem
958 920 1106 994 [I70]
1157 925 1374 992 accipit,
1426 946 1443 976 ι
1492 928 1566 980 ait
1616 928 1896 985 Bessarion
1931 935 2056 1002 (ep.
2099 935 2164 987 ad
2212 935 2362 988 Alex.

803 1013 952 1066 Lasc.
977 1028 1024 1066 c.
1059 1014 1109 1077 7,
1153 1015 1227 1068 ib.
1263 1017 1416 1077 1067,
1449 1019 1632 1086 1068).
1665 1040 1681 1073 ι
1713 1033 1796 1076 est
1819 1025 1936 1092 ejus
1962 1026 2198 1079 essentia
2225 1045 2238 1091 ;
2263 1044 2364 1081 nec

800 1107 944 1157 enim
993 1117 1075 1159 est
1125 1108 1269 1160 aliud
1320 1109 1431 1176 ipse
1510 1111 1656 1164 aliud
1711 1115 1828 1182 ejus
1874 1117 2182 1170 essentia...
2240 1134 2361 1172 cum

799 1212 1009 1251 summe
1039 1199 1265 1266 simplex
1299 1201 1401 1262 sit,
1430 1204 1716 1256 essentiam
1753 1222 1903 1258 suam
1939 1217 1994 1260 et
2023 1224 2143 1262 esse
2171 1211 2365 1279 accipit

796 1304 858 1339 ex
903 1287 1052 1341 Filio.
1087 1308 1104 1338 ι
1138 1288 1270 1343 llinc
1297 1291 1546 1344 catholici
1579 1293 1812 1364 theologi
1838 1310 1904 1350 ex
1936 1297 2025 1350 illo
2053 1307 2200 1352 textu
2231 1301 2364 1352 mul-

798 1379 997 1446 tiplicia
1037 1380 1330 1432 desumunt
1359 1393 1699 1449 argumenta.

865 1469 916 1521 9.
958 1468 1073 1520 .Iam
1110 1483 1236 1521 vero
1283 1467 1505 1523 Photius
1553 1487 1661 1536 prae
1687 1475 1898 1526 creteris
1929 1478 1982 1528 in
2017 1489 2084 1527 eo
2126 1477 2361 1541 insistit,

796 1557 936 1623 quod
977 1557 1224 1610 Christus
1261 1574 1367 1611 non
1409 1560 1606 1614 dixerit
1639 1563 1696 1626 ἐξ
1731 1564 1862 1632 ἐμοῦ
1886 1605 1898 1628 ,
1928 1568 2068 1633 quod
2112 1569 2212 1622 hoc
2244 1585 2363 1638 per-

798 1664 977 1715 peram
1008 1648 1317 1701 Latinorum
1364 1651 1583 1704 inducat
1615 1653 2008 1721 interpretatio,
2042 1659 2184 1724 quod
2235 1659 2361 1712 illud

795 1739 859 1789 ἐκ
894 1738 986 1788 τοῦ
1018 1739 1153 1806 ἐμοῦ
1206 1757 1491 1807 personam
1528 1742 1706 1808 potius
1752 1744 1922 1797 Patris
1972 1747 2181 1808 innuat,
2228 1751 2364 1804 adeo

798 1836 855 1880 ιιι
886 1844 1102 1880 sensum
1156 1831 1386 1882 habeat:
1421 1833 1485 1881 ὲκ
1519 1833 1610 1883 τοῦ
1642 1833 1775 1900 ἐμοῦ
1828 1836 2068 1903 Πατρός.
2104 1839 2227 1906 (Cf.
2272 1858 2365 1909 po-
2398 1844 2442 1900 B

1406 1833 1485 1934 ff
1519 1833 1617 1934 33‘
1642 1833 1780 1934 ἀίξοῆ
1813 1836 2068 1934 -ῐῖαξεξόφ
2104 1840 2121 1906 (
2142 1839 2227 1893 Cf-
2272 1858 2365 1934 ρο·
2398 1844 2442 1900 Β
2471 1831 2615 1914 obita
2646 1862 2793 1934 [172]
2828 1867 2859 1933 ἢ
2897 1869 3067 1931 πόλις.

796 1919 1065 1970 tissintunt
1097 1933 1255 1987 capp.
1287 1919 1376 1981 Ἡ,
1406 1921 1493 1984 29,
1524 1922 1645 1990 50).
1679 1923 1782 1975 Sed
1813 1923 1871 1993 1)
1908 1925 2043 1979 falso
2078 1932 2353 1998 supponit,

796 2007 1013 2060 Latinos
1061 2008 1284 2075 astringi
1339 2009 1402 2059 ad
1438 2009 1595 2062 verba
1649 2009 1850 2063 Christi
1897 2014 2149 2067 mutanda
2203 2016 2255 2068 in
2300 2018 2358 2080 ἐξ

792 2095 957 2162 ἐμοῦ,
989 2111 1110 2149 cum
1152 2114 1339 2150 omnes
1372 2109 1583 2152 vertant
1614 2115 1720 2152 non
1771 2102 1833 2153 de
1867 2120 1962 2162 me,
1990 2105 2082 2158 sed
2125 2109 2188 2158 de
2223 2125 2352 2171 meo,

793 2188 841 2238 id
879 2199 982 2247 est,
1031 2188 1095 2240 de
1128 2204 1211 2248 eo,
1236 2190 1374 2256 quod
1410 2189 1582 2242 habeo
1605 2206 1632 2242 a
1662 2191 1820 2245 Patre
1857 2205 2164 2265 acceptum,
2196 2198 2263 2252 de
2291 2215 2355 2253 eo

789 2282 932 2348 quod
981 2297 1158 2334 meum
1211 2293 1314 2334 est.
1365 2281 1475 2336 lino
1507 2283 1741 2336 fatentur
1789 2284 1962 2339 Latini
2012 2287 2124 2342 fere
2167 2306 2356 2348 omnes

790 2371 1099 2423 immediate
1144 2372 1210 2424 de
1259 2372 1482 2426 scientia
1513 2388 1574 2426 ac
1603 2374 1847 2428 doctrina
1874 2392 2179 2432 sermonem
2213 2397 2352 2446 esse,

787 2479 889 2519 nec
935 2473 1235 2532 repugnant
1285 2465 1669 2533 Chrysostomo
1722 2468 1905 2536 (hom.
1944 2469 2009 2522 78
2067 2471 2120 2524 in
2157 2472 2352 2543 Joan.)

791 2554 1162 2622 interpretanti
1197 2554 1372 2624 :IIap‘
1421 2555 1579 2625 ἐμοῦ,
1613 2559 1858 2610 τσυτέστι
1900 2561 2050 2630 παρὰ
2088 2564 2185 2633 τῆς
2215 2564 2355 2636 ἐμῆς

796 2645 1049 2712 γνώσεως
1083 2645 1215 2714 (69).
1250 2646 1355 2700 Sed
1397 2647 1520 2700 inde
1557 2649 1678 2716 jure
1713 2665 1813 2702 suo
1841 2652 2099 2720 colligunt
2138 2669 2354 2722 proces-

795 2741 1002 2791 sionem
1049 2755 1110 2790 cx
1147 2738 1298 2792 Filio.
1346 2740 1607 2794 Observa:
1638 2741 1928 2811 Gregorius
1962 2743 2080 2812 Cpl.
2120 2746 2172 2798 in
2203 2748 2351 2816 Apol.

787 2840 966 2882 contra
1017 2828 1252 2881 Marcum
1309 2830 1501 2898 Epltes.
1543 2833 1653 2901 (Ἱο)
1705 2834 1949 2887 adductis
1990 2836 2351 2906 Chrysostomi

787 2921 966 2972 verbis
1001 2937 1010 2971 :
1047 2938 1064 2968 ε
1099 2918 1213 2972 Non
1264 2931 1347 2974 est
1379 2922 1600 2975 scicntia
1635 2924 1753 2976 Filii
1802 2925 1968 2991 aliud,
2009 2927 2154 2980 aliud
2187 2926 2353 2982 Filius

786 3012 920 3078 ipse.
956 3010 1010 3063 Si
1036 3012 1178 3064 enim
1209 3012 1322 3080 ipse
1348 3022 1493 3066 esset
1520 3013 1685 3075 aliud,
1713 3026 1767 3068 et
1790 3015 1932 3068 aliud
1958 3029 2152 3084 przeter
2176 3017 2351 3086 ipsum

785 3101 1006 3154 scientia
1048 3118 1168 3170 quae
1204 3103 1258 3154 in
1311 3119 1374 3157 eo
1423 3115 1535 3166 est,
1590 3109 1925 3174 compositus
1973 3108 2109 3161 foret
2156 3118 2211 3163 et
2241 3125 2348 3163 non

785 3193 1028 3260 simplex.
1071 3211 1086 3243 ι
1141 3192 1428 3257 Praeterea,
1469 3205 1527 3248 ut
1561 3195 1634 3249 ait
1669 3196 1928 3266 Georgius
1956 3197 2348 3267 Trapezuntius
2378 3186 2421 3242 (ἶ
2455 3186 2588 3288 ἐροῦ
2618 3186 2751 3277 (tua;

785 3283 858 3346 (1.
901 3298 949 3334 c.
989 3299 1041 3350 p.
1079 3283 1236 3351 5H),
1291 3285 1336 3338 si
1381 3285 1503 3352 quis
1551 3284 1898 3341 aﬂirmaverit
1943 3289 2188 3357 accipere
2229 3293 2346 3360 qui-

783 3373 903 3426 dem
946 3371 1279 3427 Paracletutn
1323 3391 1352 3427 a
1397 3375 1530 3429 Filio
1568 3392 1905 3446 qtnecunque
1942 3377 2153 3435 Sanctis
2194 3397 2347 3436 reve-

784 3467 987 3517 laturus
1026 3475 1171 3527 erat,
1217 3482 1322 3519 non
1358 3482 1484 3521 vero
1535 3470 1708 3536 ipsum
1773 3487 1909 3534 esse,
1964 3471 2125 3542 impia
2189 3475 2345 3542 plane

781 3557 1010 3610 etlutiet.
1074 3576 1091 3609 ι
1131 3558 1361 3611 Habebit
1398 3559 1541 3613 enim
1590 3560 1738 3631 1171]
1772 3564 1972 3631 aliquid
2020 3567 2340 3634 acquisitum

781 3647 1104 3713 (ἑπὶκτητόν
1159 3649 1251 3715 τι)
1293 3647 1602 3702 Paracletus
1655 3662 1706 3703 ct
1757 3653 1833 3704 sic
1874 3669 1981 3706 non
2030 3656 2134 3709 erit
2182 3671 2342 3711 verus

780 3739 936 3792 Deus.
984 3741 1329 3808 Quaecunque
1374 3742 1516 3795 enim
1579 3743 1718 3796 Deus
1771 3747 2039 3812 possidet,
2105 3749 2170 3799 ab
2226 3749 2338 3816 ipsa

776 3833 1076 3884 :eternitate
1101 3835 1357 3899 possidet.
1389 3853 1405 3884 ι
1432 3835 1536 3899 Nil,
1558 3837 1710 3889 aiunt
1736 3837 1918 3891 Patres
1939 3840 2080 3909 (7|),
2102 3840 2339 3909 Spiritus

776 3933 994 3976 sanctus
1017 3924 1177 3976 habet
1204 3924 1557 3981 adventitium
1577 3968 1591 3991 ,
1617 3929 1689 3982 nil
1724 3933 2067 3998 postmoJum
2096 3935 2335 4003 acquisi-

778 4027 915 4077 tum,
959 4017 1052 4069 sed
1100 4019 1277 4071 omnia
1321 4019 1482 4073 habet
1511 4021 1577 4074 ab
1627 4032 1847 4076 aeterno.
1901 4024 2053 4079 Unde
2097 4027 2334 4082 Joannes

775 4106 1099 4175 Thcologus,
1129 4124 1264 4162 sess.
1296 4127 1408 4174 χλι,
1449 4128 1585 4166 conc
1626 4115 1767 4168 Flor.
1816 4117 2010 4183 (llard.
2053 4119 2087 4173 Ι.
2118 4135 2164 4172 c.
2197 4121 2324 4181 2.36,

771 4197 873 4252 257
893 4201 944 4266 )z
975 4218 991 4249 ι
1031 4199 1201 4253 Omne
1237 4203 1377 4270 quod
1420 4203 1648 4272 Spiritus
1671 4218 1899 4261 sanctus
1921 4211 2130 4278 accepit
2157 4221 2212 4264 et
2237 4228 2328 4264 ac-

773 4290 904 4358 eipit
934 4299 987 4343 et
1012 4291 1266 4360 accipiet,
1296 4294 1347 4346 id
1377 4297 1701 4350 aeternaliter
1744 4299 1934 4362 habet;
1984 4311 2036 4353 et
2066 4303 2206 4370 quod
2244 4303 2328 4355 Fi-

772 4381 874 4433 lius
908 4382 1058 4435 audit
1095 4398 1124 4434 a
1149 4381 1325 4447 Patre,
1358 4384 1498 4438 idem
1532 4400 1615 4441 est
1637 4389 1776 4456 quod
1810 4391 2064 4455 scientia;
2101 4393 2326 4446 scientia

770 4486 897 4522 vero
925 4473 975 4522 in
1007 4472 1202 4524 divinis
1245 4474 1385 4527 idem
1416 4484 1498 4528 est
1541 4479 1681 4544 quod
1715 4494 1834 4530 esse
1865 4479 1992 4548 (Ἱὲ).
2036 4499 2051 4529 i
2086 4480 2326 4535 Breviter

772 4561 995 4615 Allatitts
1024 4564 1040 4630 (
1065 4564 1257 4615 Contra
1289 4563 1525 4636 IIotting.
1560 4582 1608 4621 c.
1646 4568 1728 4628 18,
1762 4584 1811 4636 p.
1836 4570 1972 4640 9.95)
2000 4588 2011 4621 :
2049 4589 2065 4620 α
2102 4571 2176 4626 Ne
2204 4575 2326 4642 Spi-

769 4649 904 4702 ritus
931 4660 1152 4705 sanctus
1183 4653 1534 4708 fratcrcatura
1613 4672 1718 4709 non
1756 4659 1983 4727 accipiet
2027 4662 2327 4724 scientiant,

767 4800 824 4850 τὸ
853 4797 990 4879 εἷγαι
1014 4800 1285 4870 λαμϐάνον
1325 4804 1386 4855 ἐκ
1407 4821 1548 4865 τινος
1579 4804 1637 4868 ἐξ
1668 4809 1873 4860 ἐκείνου
1905 4811 2013 4879 ἔχει
2045 4815 2137 4864 καὶ
2167 4818 2325 4869 πάνθ’

763 4886 860 4918 osa
893 4886 1021 4920 εγει.

835 4887 1401 5013 ῗρὲξειξζοροξὶῑίοηρηι
1431 4943 1725 5013 majorem:
1760 4947 1875 5013 Ἀφ’
1925 4944 1986 5002 οὗ
2024 4951 2083 5003 τὸ
2107 4953 2325 5013 Πνεῦμα

763 5008 821 5058 τὸ
851 5008 1003 5073 ἆγιον
1028 5004 1302 5092 ξέμὸἁνεὲ
1316 5012 1376 5092 re
1402 5004 1562 5092 sive},
1587 5017 1694 5092 ἀ.πρ
1711 5004 1901 5068 τούτόυ
1928 5025 2017 5070 καὶ
2035 5004 2324 5092 ἐκπορεῦε-

759 5091 868 5140 ται,
900 5076 1246 5153 nec_Marcus
1264 5079 1530 5153 Ephesius
1557 5085 1769 5149 penitus
1798 5090 1981 5153 reiecit
2010 5108 2022 5150 ;
2059 5076 2319 5147 minorem

761 5161 888 5217 vero
909 5147 976 5198 ab
1009 5146 1125 5213 ipso
1148 5146 1392 5216 negatam
1429 5146 1719 5206 luculentis
1750 5146 1965 5210 Patrum
1995 5146 2319 5217 testimoniis

757 5215 992 5266 Joannes
1017 5215 1402 5285 comprobavit.

825 5284 936 5356 (69)
973 5285 1054 5337 Cf.
1095 5284 1349 5351 l’errone,
1387 5289 1628 5347 Pra'lert.
1687 5295 1836 5348 t/ieol.
1896 5296 2072 5351 Tract.
2121 5302 2183 5353 de
2213 5301 2310 5356 SS.

759 5352 898 5433 Iri-ir.
940 5369 1062 5421 cap.
1092 5358 1153 5415 5,
1199 5360 1524 5433 pro_p.1,_ad
1585 5367 1696 5433 ob].
1751 5366 1799 5425 1,
1835 5367 1887 5429 5,
1935 5369 2020 5420 ubi
2057 5352 2314 5428 etiam—de

758 5421 1038 5499 Mahl‘onatt
1064 5421 1336 5499 sententia
1366 5429 1559 5499 agitur.

967 5494 1433 5576 (get-lihMonactﬂfl
1459 5503 1634 5576 12152
1654 5521 1702 5557 a.
1732 5504 1843 5556 Οὐκ
1871 5506 2019 5559 ἔστιν
2051 5511 2081 5576 ἡ
2111 5510 2312 5576 γνῶσις

754 5563 844 5640 εοῡ
887 5563 1017 5646 rios
1048 5566 1179 5646 ᾅλλη
1203 5572 1292 5646 κοει
1321 5569 1476 5646 ἄλλος
1503 5575 1529 5624 ό
1555 5574 1749 5635 Υἱὸς...
1795 5576 1842 5625 ει
1873 5579 1978 5644 γὰρ
2016 5563 2177 5641 add;
2213 5563 2311 5646 μξῦ

755 5629 937 5706 ἕτερόν
968 5633 1017 5684 τί
1048 5629 1216 5719 solatii,
1251 5639 1409 5705 ἑτέρα
1435 5629 1491 5692 δέ
1519 5659 1600 5703 τις
1639 5629 1768 5712 τξαρ’
1800 5629 1960 5719 αρέὺῦ
2000 5651 2029 5717 ἡ
2077 5650 2133 5700 ἐν
2159 5629 2310 5719 Β.δῴ

753 5714 783 5764 γ
800 5703 978 5780 αρσις,
1002 5704 1252 5780 σύιίοςσςός
1280 5703 1413 5780 sset,
1449 5715 1541 5763 καὶ
1573 5713 1667 5780 οὐχ
1692 5703 1912 5772 ἅττλοῦ

821 5771 927 5837 (it)
965 5772 1118 5826 Basil.
1157 5775 1229 5828 De
1271 5778 1454 5843 Spirit.
1478 5771 1675 5848 sancto,
1713 5785 1851 5851 apud
1877 5771 2099 5854 Niceph.
2134 5788 2298 5843 Blem.

2356 4526 2406 4583 D

2470 581 2728 644 Spiritum
2789 585 3002 637 nonnisi
3037 601 3098 638 ea
3143 587 3310 655 loqui,
3339 603 3460 656 qua:
3501 593 3724 656 audivit,
3761 594 3904 648 sicut
3952 595 4040 647 Fi-

2469 673 2570 724 lius
2601 675 2818 728 nonnisi
2862 692 2892 729 a
2923 676 3079 731 Patre
3121 679 3304 733 audita
3339 681 3594 749 loquitur,
3631 684 3817 739 eadem
3850 702 4041 740 esseu-

2468 769 2609 822 tialis
2635 771 2862 824 scientia
2896 773 3232 843 intelligitur.
3271 794 3290 826 ι
3335 776 3507 840 Idem,
3535 777 3609 830 ait
3643 777 3895 834 Petavius
3926 782 3942 846 (
3969 781 4042 833 De

2468 859 2608 914 Trin.
2642 861 2751 922 VII.
2791 865 2843 923 5,
2881 864 2945 931 ι)
2991 867 3056 918 ad
3111 876 3315 920 textum
3363 867 3519 921 Joan.
3574 885 3682 930 xvi,
3717 872 3802 933 15,
3840 872 3894 924 in
3930 871 4040 924 Deo

2466 951 2652 1004 audire
2681 956 2824 1020 quod
2857 955 3041 1008 videre.
3068 957 3150 1008 vel
3178 957 3350 1022 scire;
3389 957 3529 1010 idem
3560 959 3698 1014 seire
3726 962 3868 1027 quod
3891 975 4033 1018 esse.

2477 1049 2535 1092 ttt
2569 1050 2624 1094 et
2660 1042 2996 1111 Augustinus
3027 1055 3182 1099 tract.
3221 1047 3276 1100 in
3332 1046 3490 1101 Joan.
3553 1066 3704 1115 xvm,
3768 1051 3854 1112 19,
3915 1053 4034 1119 plu-

2467 1133 2615 1187 ribus
2645 1135 2878 1189 disserit.
2920 1157 2938 1189 ι
2973 1139 3050 1206 ll)
3099 1139 3171 1191 Ex
3220 1140 3445 1193 arbitrio
3483 1141 3710 1195 conficta
3753 1151 3807 1194 tt
3861 1144 4035 1196 nulla-

2467 1235 2622 1279 tenus
2647 1227 2976 1283 admittenda
3004 1243 3086 1284 est
3117 1232 3200 1284 illa
3232 1234 3604 1300 interpretatio
3636 1253 3646 1286 :
3684 1237 3746 1288 ὲκ
3775 1237 3868 1287 τοῦ
3901 1237 4034 1303 ἐμοῦ

2469 1318 2715 1386 Πατρός.
2759 1338 2777 1369 ς
2817 1318 2870 1372 Si
2910 1331 3055 1375 esset
3090 1325 3202 1377 haec
3242 1340 3363 1378 vera
3399 1325 3745 1394 intelligentia
3772 1368 3784 1389 ,
3822 1329 3895 1381 ait
3926 1329 4043 1380 Ma-'

2466 1409 2591 1460 nuel
2622 1409 2841 1464 Calccas
2897 1410 3027 1481 (lib.
3066 1430 3102 1474 ι,
3145 1413 3203 1468 C.
3255 1414 3420 1469 (ἶπες.
3464 1433 3516 1484 p.
3562 1417 3685 1480 597,
3739 1421 3825 1471 ed.
3880 1421 4032 1484 cit.),

2469 1512 2812 1566 nequaquam
2849 1501 2963 1555 sine
3016 1504 3382 1558 additamento
3411 1507 3701 1561 diceretur.
3749 1508 4032 1576 Nunquam

2464 1588 2608 1641 enim
2634 1594 2933 1657 possessiva
2959 1597 3279 1662 pronomina
3327 1599 3609 1652 masculini
3657 1601 3737 1652 vel
3785 1601 4029 1655 feminini

2473 1679 2689 1746 generis
2735 1682 2852 1735 sine
2895 1685 3196 1754 adjectione
3231 1687 3428 1742 Graeca:
3473 1691 3666 1760 lingnze
3705 1695 4030 1760 proprietate

2467 1772 2835 1838 proferuntur.
2856 1776 3090 1831 Dicimus
3106 1781 3248 1833 enint
3274 1799 3285 1834 :
3307 1782 3362 1832 Ὀ
3381 1783 3510 1849 ἐμὸς
3532 1785 3710 1853 πατὴρ
3736 1787 3828 1836 καὶ
3860 1788 3892 1854 ἡ
3927 1788 4029 1853 ἐμὴ

3095 1870 3168 1923 Ita
3204 1873 3405 1940 quippe
3442 1872 3640 1928 Grtecze.
3664 1878 3857 1946 linguae
3895 1895 4026 1932 con-

2457 1956 2690 2008 suetudo
2723 1960 2962 2025 proferre
2991 1964 3294 2016 consuevit.
3323 1966 3466 2018 Alias
3495 1968 3637 2020 enim
3667 1971 3855 2024 vitiosa
3883 1986 4025 2027 esset

2457 2049 2847 2112 pronuntiatio.
2907 2049 3040 2104 Cum
3097 2068 3224 2106 vero
3277 2056 3395 2109 sine
3439 2058 3739 2125 adiectione
3803 2062 4021 2121 dicitur,

2457 2145 2695 2187 neutrum
2729 2152 2848 2190 esse
2873 2149 2925 2192 et
2955 2157 3060 2193 rem
3094 2143 3394 2210 signiﬁcare
3422 2145 3755 2216 intelligitur,
3785 2152 4018 2218 exempli

2457 2240 2618 2278 causa
2651 2245 2664 2280 :
2699 2228 2764 2279 Εἴ
2804 2247 2855 2281 τι
2905 2233 3000 2283 καὶ
3041 2234 3242 2302 τούμόν
3285 2237 3402 2288 ἐστι
3462 2241 3608 2305 παρά
3671 2258 3771 2303 σοι,
3821 2243 3861 2296 si
3894 2244 4020 2311 quid

2455 2317 2635 2370 meum
2669 2329 2752 2372 est
2792 2323 2932 2390 apud
2967 2333 3049 2387 te,
3082 2327 3224 2394 quod
3267 2343 3363 2396 per
3405 2344 3464 2383 se
3512 2347 3622 2384 rem
3660 2333 3877 2404 intelligi
3910 2336 4017 2388 dat.

2456 2407 2655 2464 Eodem
2696 2424 2852 2479 pacto
2889 2417 3171 2471 Bessarion
3213 2420 3291 2488 (Ι.
3331 2424 3419 2487 c.)
3456 2441 3468 2475 :
3514 2442 3532 2473 ‹
3569 2424 3621 2476 Si
3656 2441 3778 2478 cum
3823 2427 4022 2480 dicitur

2454 2516 2517 2552 ea:
2545 2518 2679 2564 meo,
2728 2506 3239 2578 subintelligendum
3269 2525 3410 2566 esset
3440 2529 3504 2567 ex
3554 2515 3739 2581 Patre,
3774 2519 3874 2572 hoc
3911 2537 4021 2572 meo

2454 2598 2599 2642 esset
2629 2606 2922 2659 pronomen
2972 2599 3187 2666 generis
3229 2604 3550 2668 masculini;
3606 2607 3784 2661 nullus
3837 2622 4019 2662 autem

2455 2681 2538 2734 vel
2569 2681 2621 2735 in
2660 2684 2844 2738 Graeca
2885 2688 2966 2740 vel
2998 2689 3048 2741 in
3091 2690 3276 2745 Latina
3308 2694 3486 2763 lingua
3527 2699 3747 2752 edoctus
3782 2715 3874 2754 aut
3905 2718 4014 2754 ma-

2454 2772 2645 2824 sculini
2669 2785 2760 2827 aut
2799 2777 3278 2850 femininigeneris
3315 2801 3613 2854 pronomen
3648 2790 3883 2857 profert,
3916 2793 4018 2845 nisi

2453 2877 2576 2916 cum
2604 2865 2878 2921 additione
2915 2888 2926 2921 :
2963 2888 3105 2925 meus
3135 2874 3322 2941 frater,
3357 2894 3499 2930 naeus
3529 2882 3758 2942 amicus,
3789 2893 3879 2934 aut
3903 2901 4018 2934 mm

2455 2952 2633 3006 ciuitas
2663 2957 2745 3008 vel
2779 2959 2995 3025 domus,
3045 2963 3254 3018 dicens.
3290 2966 3437 3021 Meus
3469 2970 3670 3022 etenim
3705 2972 4021 3042 simpliciter

2453 3043 2656 3112 absque
2686 3047 2961 3103 additione
3007 3069 3114 3106 non
3146 3057 3314 3123 magis
3361 3069 3566 3126 patrem
3618 3077 3776 3129 quam
3809 3065 4018 3118 hostem

2453 3133 2736 3201 signiﬁcat.
2777 3156 2795 3186 ι
2833 3138 2920 3206 lll)
2955 3140 3062 3196 Nec
3091 3143 3222 3197 illud
3246 3161 3430 3199 verum
3463 3151 3688 3217 proinde
3715 3162 3816 3214 est,
3839 3155 3901 3204 ἐκ
3924 3155 4018 3206 τοῦ

2801 3242 3058 3295 personas
3109 3233 3405 3296 insinuare,
3461 3253 3688 3304 quarum
3737 3243 3904 3296 altera
3951 3247 4020 3298 sit

2455 3314 2757 3380 possidens,
2801 3319 2969 3374 altera
3010 3322 3124 3391 ipsa
3173 3329 3439 3392 possessio
3466 3328 3546 3397 (c.
3575 3332 3702 3401 2'2).
3739 3333 3854 3388 Non
3901 3339 4018 3389 sine.

2453 3404 2699 3458 acumine
2743 3407 2896 3478 llugo
2941 3411 3265 3469 Etherianus
3299 3417 3370 3484 (Ι.
3406 3435 3464 3480 ιι,
3504 3435 3553 3474 c.
3607 3422 3690 3481 19.
3743 3439 3794 3492 p.
3847 3426 4016 3492 1254)

2452 3496 2579 3549 hinc
2609 3496 2858 3554 Photium
2891 3504 3084 3558 refellit
3131 3508 3316 3561 dicens
3350 3529 3363 3563 :
3405 3531 3422 3561 ε
3460 3513 3607 3566 Idem
3658 3516 3902 3568 Salvator
3930 3519 4013 3571 di-

2450 3587 2522 3640 cit
2550 3604 2564 3640 :
2595 3588 2710 3641 Non
2737 3607 2947 3658 possunt
2976 3612 3067 3663 ego
3093 3615 3125 3649 a
3161 3616 3239 3651 me
3272 3602 3383 3665 ipso
3413 3604 3585 3672 facere
3610 3607 3920 3673 quidquam.
3947 3648 3960 3660 .
3999 3652 4008 3663 .

2453 3679 2576 3746 quia
2607 3697 2705 3732 non
2737 3699 2914 3748 qua'ro
2945 3688 3269 3742 voluntatem
3303 3709 3494 3749 meam.
3531 3695 3592 3748 Et
3628 3713 3836 3750 rursum
3874 3718 3884 3751 :
3913 3701 4012 3752 De-

2446 3770 2620 3821 scmdi
2675 3773 2735 3824 de
2784 3775 2929 3837 coelo,
2963 3793 3063 3829 non
3097 3789 3148 3830 nt
3199 3782 3392 3848 faciam
3442 3785 3761 3839 voluntatem
3808 3806 4011 3851 meam;

2445 3867 2498 3909 et
2529 3858 2654 3912 item
2685 3875 2696 3910 :
2724 3865 2842 3915 Mea
2888 3867 3124 3920 doctrina
3174 3888 3272 3922 non
3303 3884 3375 3924 est
3413 3891 3545 3927 mea.
3581 3878 3646 3928 At
3681 3893 3807 3930 vero
3841 3880 3883 3932 si
3925 3895 4009 3933 se-

2444 3951 2681 4004 cundum
2731 3956 3057 4021 positionem
3109 3959 3285 4015 Photii
3318 3962 3643 4021 Patriarcha:
3678 3986 3850 4022 meum
3889 3989 4009 4040 pro-

2443 4056 2640 4095 nomen
2682 4046 2877 4113 ubique
2920 4049 3052 4104 duas
3097 4067 3355 4120 personas
3407 4057 3714 4126 significat,
3757 4065 4008 4119 voluntas

2442 4131 2558 4184 Filii
2607 4134 2705 4186 alia
2740 4138 2806 4190 sit
2845 4154 2871 4189 a
2901 4137 3031 4193 Filio
3063 4157 3314 4210 persona.
3353 4189 3364 4201 .
3400 4196 3414 4211 ,
3445 4147 3622 4213 Quare
3651 4168 3758 4207 non
3791 4167 3874 4208 est
3911 4173 4005 4209 ne—

2439 4225 2755 4288 cessarium,
2784 4245 2952 4282 meum
2984 4247 3282 4300 pronomen
3308 4237 3506 4307 ubique
3541 4241 3676 4296 duas
3704 4245 4004 4314 significare

2439 4330 2716 4382 personas,
2741 4335 2862 4372 eum
2885 4331 2939 4374 et
2963 4323 3187 4392 ﬁgurate
3212 4327 3279 4380 de
3305 4331 3490 4384 eadem
3515 4348 3746 4401 persona
3769 4338 3998 4401 dicatur.

2439 4413 2494 4456 ut
2528 4405 2742 4461 Persius
2772 4409 2984 4480 (Satyr.
3021 4414 3081 4475 V,
3119 4414 3220 4484 88)
3250 4417 3378 4472 dicit
3406 4439 3423 4472 :

2585 4535 2820 4591 Vindicta
2847 4553 3118 4610 postquam
3144 4561 3298 4601 meus
3323 4565 3354 4601 a
3387 4561 3607 4617 praetore
3645 4560 3833 4610 recessi

2433 4684 2488 4727 et
2525 4675 2851 4745 Euripides:
2885 4699 2898 4730 ι
2938 4679 3048 4751 Ego
3082 4693 3260 4737 autem
3297 4703 3439 4739 meus
3469 4705 3610 4744 sutn.
3649 4711 3665 4741 ι
3704 4693 3997 4751 Attendcre

2428 4837 2481 4911 e't
2517 4828 2968 4911 [iecerimhepign
3020 4837 3119 4911 _15.-
3165 4836 3362 4911 (6.,0.
3398 4839 3436 4904 l,
3470 4843 3567 4902 15;
3607 4843 3666 4906 ll,
3698 4844 3864 4911 650):
3927 4849 3998 4900 Τδ

2429 4898 2649 4980 grvesng
2681 4898 2987 4980 oosgv‘éiov
3004 4898 3476 4980 ἐστζνὶπίκτητὸν
3521 4898 3730 4980 tit-.123),
3768 4898 3884 4967 ἀλλ’
3911 4920 3996 4969 dt-

2424 4967 2533 5056 5th;
2567 4969 2743 5056 πξντια
2762 4970 2874 5056 ἔχει
3004 4974 3221 5054 Πνερμα
3235 4967 3510 5056 ρεοῦῌκαὶ
3541 4983 3596 5046 ἐξ
3622 4967 3784 5034 αὗτὸῦ
3817 5002 3995 5056 πεφηο

2425 5036 2545 5117 νός·ζ
2566 5037 2886 5117 Qf._hAtltan.
2917 5036 3215 5117 (ib._epigr.
3233 5047 3300 5117 8.7
3321 5061 3370 5113 ι».
3390 5049 3532 5117 585).

2499 5106 2606 5174 (72)
2648 5105 2867 5191 ﬁrmas
2887 5105 3332 5191 nivﬁrﬁséﬁiaﬁ
3366 5121 3454 5191 χςιὶ
3478 5105 3737 5187 Χειμὸάνει
3771 5124 3866 5174 aut
3899 5125 3991 5191 λή-

2419 5174 2603 5262 ψεὲαει
2636 5178 2817 5262 ἀῖδέως
2844 5174 3184 5262 ἕκξι·,έπξι’δὴ
3213 5188 3244 5253 ἡ
3275 5174 3818 5262 ἀκρόασις’τοῦ)’ίοῧ
3844 5175 3989 5262 παέά

2419 5243 2512 5330 ξος)
2563 5247 2772 5330 [ξηρῆς
2829 5243 3022 5330 “causa
3072 5243 3184 5305 ἐστί
3218 5243 3309 5306 {tat
3345 5243 3565 5330 ᾖνὼσιξ.
3597 5261 3688 5330 καὶ
3723 5265 3753 5330 ἡ
3788 5245 3989 5328 nscit;

2417 5315 2641 5392 ὲτξὶ-τῶν
2665 5316 2822 5367 (te:me
2849 5320 3041 5392 ταύτόν
3068 5324 3180 5374 ἐστι
3215 5325 3290 5392 τῷ
3323 5315 3477 5380 εἶναι.
3511 5315 3593 5382 Cf.
3627 5315 3835 5383 Bessar.
3869 5334 3901 5384 l.
3936 5315 3984 5387 (τί

2423 5401 2439 5431 ε
2472 5383 2714 5472 Ιάριιιιρδῑ
2743 5389 3010 5472 sapientia
3059 5406 3110 5444 et
3159 5383 3277 5472 ejus
3299 5411 3438 5472 esse,
3473 5409 3525 5472 et
3563 5416 3593 5451 a
3639 5416 3746 5467 quo
3793 5383 3986 5472 accipit

2415 5467 2554 5513 esse,
2574 5455 2641 5506 ab
2671 5455 2860 5535 eodem
2887 5460 3046 5511 etiam
3068 5455 3621 5541 accipitsapieintiain,
3657 5455 3708 5522 et
3728 5488 3849 5523 cum
3881 5455 3982 5541 spi-

2413 5533 2582 5603 ratur,
2609 5533 2663 5576 et
2698 5525 2891 5604 accipit
2909 5545 3042 5609 esse
3061 5542 3111 5583 et
3147 5525 3652 5609 subsistereietiat’u
3672 5543 3868 5609 accipit
3897 5525 3981 5594 sa-

2414 5593 2670 5678 pientiam
2692 5633 2706 5646 .
2729 5632 2742 5678 τ
2765 5635 2785 5674 ,ι
2822 5597 2874 5648 Si
2909 5597 3136 5678 Spiritus
3159 5593 3413 5678 accipite
3444 5593 3602 5672 Filio,
3650 5593 3982 5678 ergo'l'ilius

2409 5663 2500 5750 fiat
2530 5664 2616 5725 ei;
2649 5665 2741 5750 sed
2776 5663 3100 5750 ipstmtdure
3129 5673 3178 5724 in
3212 5663 3409 5729 divinis
3436 5663 3682 5745 personis
3715 5663 3976 5750 significat

2409 5730 2546 5784 idem
2578 5734 2716 5800 quod
2745 5730 3042 5801 produt-ere.
3087 5758 3104 5788 ι
