4242 6438
234 394 349 458 433

918 401 1012 461 DE
1059 402 1119 460 S.
1164 400 1358 459 SPIR.
1400 393 1904 460 MYSTAGOGIA.
1931 422 1996 432 —
2026 400 2771 463 ANIMADVERSIONES.

3387 405 3489 468 434

232 510 522 567 debuisset
554 512 717 567 homo
746 513 865 575 ille,
898 515 1044 582 quod
1074 515 1230 568 aliter
1255 516 1397 584 apud
1430 513 1821 568 Grammaticos
1850 516 1894 571 Α
1924 527 2086 567 causa
2143 514 2278 567 nihil
2336 515 2403 569 de
2454 515 2572 567 Filii
2619 515 2879 584 dignitate
2940 516 3211 577 ext-ludit,
3272 517 3373 569 nisi
3434 522 3489 572 in

233 604 508 671 accipitur
533 620 784 674 persona,
825 616 881 661 et
922 608 1080 660 aliter
1109 608 1252 674 apud
1278 607 1576 677 Theologos.
1602 608 1816 660 Etenim

235 695 292 747 in
342 694 702 751 Grammatica
741 700 983 767 quaelibet
1014 683 1095 753 res
1129 718 1351 769 persona
1385 702 1680 769 nuncupari
1724 718 1820 769 po-

235 795 359 846 test,
419 787 534 840 sive
582 804 680 857 per
721 804 780 843 se
836 790 1131 855 subsistat,
1182 792 1297 845 sive
1347 808 1441 861 per
1475 791 1654 857 aliud,
1706 793 1819 846 sive

235 878 544 931 substantia
576 881 642 933 sit
672 920 686 942 ,
730 881 845 936 sive
876 882 1149 937 accidens.
1183 882 1360 948 Quare
1394 885 1691 938 secundum
1718 884 1821 936 hu-

229 968 480 1035 jusmodi
507 970 869 1041 disciplinam,
902 991 1023 1029 cum
1074 975 1241 1029 Filius
1270 977 1400 1031 dicit
1430 993 1443 1029 :
1478 992 1593 1029 mea
1624 978 1820 1030 volun-

238 1069 323 1112 tas
347 1104 361 1123 ,
396 1080 567 1115 meum
597 1065 883 1132 judicium,
915 1084 1030 1119 mea
1076 1067 1321 1122 doctrina
1356 1109 1368 1120 .
1405 1109 1416 1121 .
1456 1107 1469 1119 .
1497 1068 1600 1121 alia
1631 1076 1685 1147 ςι
1715 1068 1818 1120 alia

236 1151 568 1223 intelligitur
600 1157 669 1207 ad
715 1158 1110 1211 similitudinem
1162 1161 1536 1228 possessionum
1591 1171 1819 1228 pers0na

240 1240 364 1305 (sc.
404 1244 811 1310 grammatice).
869 1246 926 1298 ln
964 1248 1228 1319 theologia
1274 1263 1403 1302 vero
1464 1249 1643 1303 tacitis
1690 1264 1818 1318 pro-

238 1332 570 1397 prietatibus
608 1336 675 1388 ah
719 1336 971 1390 omnibus
1006 1354 1126 1406 qure
1174 1340 1470 1394 secundum
1500 1338 1647 1410 [175]
1691 1340 1819 1392 sub-

238 1428 501 1479 stantiam
560 1427 834 1491 dicuntur,
888 1434 998 1483 tres
1038 1438 1247 1484 tantum
1294 1431 1635 1484 insinuantur
1698 1431 1819 1499 (ed.

238 1517 679 1585 imminuantur)
737 1534 1014 1588 personae,
1075 1537 1303 1589 quarum
1355 1522 1501 1576 nulla
1570 1538 1823 1591 expresse

237 1609 469 1677 intelligi
504 1609 730 1671 videtur,
763 1611 854 1664 ubi
880 1610 1126 1666 Salvator
1155 1614 1286 1666 dicit
1322 1630 1334 1665 :
1368 1613 1444 1666 De
1470 1630 1582 1666 meo
1604 1616 1821 1683 accipiet

238 1709 288 1751 et
319 1700 661 1752 annuntiabit
692 1701 852 1753 vobis.
897 1721 913 1752 ι
949 1701 1215 1757 Przeterea
1249 1702 1356 1773 IV)
1386 1706 1703 1759 adversatur
1735 1705 1821 1757 illa

238 1790 510 1857 expositio
556 1788 756 1844 Christi
798 1792 968 1861 ipsius
1009 1794 1398 1861 explanationi,
1438 1811 1543 1864 qua
1577 1812 1628 1847 v.
1665 1795 1733 1847 15
1759 1811 1821 1848 ex

1921 614 2189 674 quantum
2220 608 2424 661 dictum
2459 616 2544 661 est
2575 625 2588 661 :
2617 606 2805 661 Omnia
2837 624 2953 675 quae
2988 609 3139 661 liabet
3167 609 3346 671 Pater,
3374 628 3488 664 mea

1920 710 2038 750 sunt
2061 715 2079 751 :
2113 699 2257 766 quod
2294 701 2454 751 etiam
2486 701 2597 752 sine
2618 716 2677 751 eo
2704 703 2839 768 quod
2871 702 3102 765 sequitur
3128 701 3295 753 solum
3320 719 3410 768 per
3437 720 3491 755 se

1920 793 2091 858 ipsum
2111 792 2215 843 dici
2243 802 2467 859 poterat.
2500 810 2519 843 ι
2553 790 2699 845 Sane
2730 791 2910 845 inanis
2938 792 3077 846 foret
3112 808 3173 847 ea
3215 797 3486 863 repetitio,

1923 882 2101 936 inanis
2141 898 2203 936 ea
2249 884 2525 952 probatio,
2578 884 2619 938 si
2672 893 2881 937 tantum
2931 886 3101 937 voluit
3150 886 3376 940 dicere:
3412 889 3485 941 De

1925 992 2047 1029 meo
2078 975 2237 1030 Patre
2261 986 2438 1029 sumet
2459 1018 2472 1039 ,
2504 992 2613 1029 non
2646 978 2713 1031 de
2745 992 2851 1031 me.
2880 977 3067 1031 Potius
3091 980 3380 1033 dicendum
3410 982 3489 1033 vi-

1924 1071 2103 1135 detur,
2161 1072 2288 1124 dum
2334 1070 2586 1124 Christus
2616 1086 2674 1123 se
2715 1072 2877 1124 veluti
2932 1074 3167 1126 medium
3200 1074 3488 1127 terminum

1924 1164 2076 1231 ponit
2125 1163 2267 1217 inter
2303 1165 2515 1217 Patrem
2572 1172 2627 1216 et
2678 1163 2975 1231 Spiritum,
3029 1164 3158 1217 dum
3204 1181 3300 1232 per
3335 1180 3490 1217 suam

1922 1269 2046 1307 cum
2070 1254 2225 1308 Patre
2250 1256 2686 1308 communionem
2711 1255 2852 1323 quod
2869 1255 3060 1308 asserit
3083 1256 3345 1319 vindicat,
3362 1258 3489 1309 dum

1924 1362 2043 1413 que
2076 1348 2310 1416 accipiet
2338 1348 2573 1416 Spiritus
2604 1363 2701 1401 sua
2729 1348 2881 1416 prius
2912 1356 3067 1401 vocat
3104 1364 3164 1401 ac
3188 1348 3388 1402 deinde
3422 1350 3485 1401 ad

1926 1439 2136 1493 Patrem
2172 1440 2356 1501 refert,
2389 1456 2447 1493 se
2476 1442 2653 1507 ipsum
2683 1441 2987 1507 proximum
3022 1440 3264 1493 datorem
3301 1456 3491 1493 eorum

1926 1529 2261 1599 designasse.
2309 1530 2563 1592 Accedit,
2592 1531 2734 1597 quod
2770 1531 3091 1584 universalis
3120 1531 3321 1585 Christi
3365 1548 3492 1600 pro-

1926 1619 2126 1688 positio
2172 1620 2348 1669 πάντα
2388 1619 2487 1669 ὅσα
2530 1635 2582 1668 κ.
2620 1635 2668 1670 τ.
2729 1618 2777 1671 λ.
2813 1634 2918 1671 ιιοιι
2956 1621 3221 1686 permittit
3257 1619 3494 1689 Spiritus

1927 1709 2195 1778 προϐολὴν
2235 1724 2263 1762 a
2319 1708 2452 1761 Filio
2482 1724 2759 1763 removere
2787 1710 2920 1778 ('75).
2991 1730 3008 1761 ι
3043 1710 3198 1775 Quod
3246 1712 3288 1764 si
3350 1713 3493 1765 acci—

1930 1801 2155 1869 piendo,
2207 1802 2281 1852 ait
2316 1799 2467 1867 llugo
2515 1798 2941 1869 Etherianus(l.
2992 1802 3114 1869 c.),
3150 1802 3217 1854 de
3264 1802 3326 1854 iis
3374 1819 3495 1870 qua:

239 1894 307 1932 eo
343 1881 536 1947 probat
568 1881 627 1933 τὸ
661 1883 725 1934 ἐκ
751 1883 845 1935 τοῦ
878 1883 1012 1953 ἐμοῦ
1032 1883 1259 1953 λήψεται
1290 1897 1417 1939 ante
1449 1863 1476 1939 a
1510 1902 1567 1940 se
1590 1887 1824 1940 atlirma-
1859 1863 1896 1916 Β

1819 1917 1824 1927 -
1859 1863 1896 1916 Β
1929 1863 2054 1946 sunt
2082 1890 2254 1944 Patris
2288 1900 2340 1944 et
2371 1871 2533 1942 habet
2564 1891 2737 1951 Pater,
2776 1892 2968 1957 accipit
3004 1892 3069 1945 de
3102 1892 3258 1944 Patre
3279 1935 3291 1955 ,
3324 1902 3379 1945 ct
3408 1908 3494 1945 ac-

242 1980 382 2029 tum,
434 1971 557 2039 quia
597 1974 776 2026 omnia
819 1990 939 2043 qua:
976 1976 1137 2029 habet
1182 1977 1341 2029 Pater
1371 1993 1466 2029 sua
1500 1987 1648 2032 sunt.
1704 1978 1827 2035 Hac

244 2061 441 2115 ultima
487 2064 648 2117 verba
699 2065 850 2133 justa
925 2082 1115 2121 omnes
1169 2069 1421 2123 essentire
1473 2070 1733 2124 unitatem
1772 2071 1824 2123 in

243 2153 407 2208 Patre
460 2166 515 2209 ct
560 2154 692 2209 Filio
726 2158 989 2226 probant;
1027 2160 1153 2214 hinc
1205 2162 1333 2218 illud
1380 2162 1522 2230 quod
1575 2165 1827 2231 accipere

243 2247 449 2300 dicitur
483 2246 741 2317 Spiritus,
774 2251 1059 2305 manifeste
1108 2263 1255 2321 patet
1282 2270 1401 2308 esse
1427 2255 1598 2323 ipsam
1630 2254 1828 2307 divini-

244 2346 442 2402 tatem,
482 2354 590 2392 non
638 2341 784 2395 aliud
819 2342 1134 2412 quidquam.
1173 2344 1404 2409 Deinde,
1446 2356 1506 2399 ut
1542 2344 1827 2399 Bessarion

246 2430 319 2487 (Ι.
352 2430 445 2498 e.)
476 2431 571 2494 ait,
604 2447 668 2486 ex
700 2431 857 2486 Joan.
892 2451 1002 2495 xvr,
1035 2436 1122 2500 15,
1158 2437 1261 2490 hoc
1302 2438 1637 2491 construitur
1666 2454 1827 2508 argu-

247 2532 496 2577 mentum
529 2542 541 2578 :
580 2543 598 2575 ι
636 2525 871 2592 Spiritus
901 2527 1095 2594 accipit
1124 2543 1188 2580 ex
1218 2526 1284 2581 iis
1306 2544 1426 2597 quze
1463 2527 1636 2583 Patris
1666 2539 1827 2595 sunt;

249 2614 345 2667 sed
379 2617 563 2668 omnia
611 2616 785 2671 Patris
819 2628 945 2672 sunt
990 2614 1145 2686 mea;
1180 2620 1338 2689 igitur
1371 2621 1607 2688 Spiritus
1638 2621 1833 2689 accipit

248 2722 312 2757 ex
351 2708 490 2759 meis
522 2708 603 2760 vel
643 2725 706 2761 ex
752 2726 891 2762 meo.
937 2709 1002 2763 Et
1051 2728 1165 2762 cum
1206 2712 1313 2777 ipse
1356 2720 1403 2762 et
1457 2727 1553 2762 sua
1593 2726 1753 2762 unum
1785 2719 1832 2762 et

252 2798 389 2849 idem
423 2800 525 2850 sint
548 2809 754 2865 propter
783 2817 1045 2852 summam
1076 2801 1499 2867 simplicitatem,
1530 2802 1833 2870 accipiendo

249 2892 312 2941 de
348 2892 478 2954 suis,
511 2892 727 2959 accipiet
770 2908 833 2945 ea:
870 2910 947 2945 eo.
994 2912 1011 2944 ι
1048 2892 1225 2945 Semel
1258 2893 1575 2953 constituto,
1608 2894 1673 2947 de
1720 2893 1833 2962 ipsa

251 2982 433 3035 divina
469 2985 704 3036 essentia
748 3000 868 3039 esse
919 3000 1249 3048 sermonem,
1296 3001 1404 3039 non
1456 2987 1689 3055 amplius
1740 3001 1836 3040 ne-

251 3073 361 3140 gari
400 3083 597 3140 potest,
630 3074 898 3142 Spiritum
932 3076 1071 3129 hanc
1102 3077 1343 3144 accipere
1366 3093 1394 3129 a
1425 3075 1579 3129 Filio.
1614 3077 1670 3130 Si
1709 3092 1836 3131 vero

1926 1984 2177 2054 cipiendo
2207 1984 2273 2037 de
2300 1983 2364 2035 iis
2391 1997 2509 2049 qua:
2549 1991 2677 2034 sunt
2699 1982 2815 2034 Filii
2844 1993 2896 2035 et
2924 1983 3085 2035 habet
3116 1982 3313 2045 Filius,
3350 1983 3495 2035 acci-

1926 2076 2005 2145 pit
2026 2076 2092 2129 de
2115 2073 2269 2127 Filio.
2302 2072 2644 2125 Manifestum
2671 2081 2753 2125 est
2783 2072 2945 2140 igitur
2990 2072 3132 2141 quod
3156 2088 3262 2125 non
3294 2072 3359 2125 de
3380 2073 3496 2125 solo

1928 2166 2083 2219 Patre
2107 2165 2304 2233 accipit
2326 2164 2581 2233 Spiritus,
2607 2174 2667 2216 ut
2688 2164 2911 2216 Photius
2929 2166 3142 2217 asserit.
3166 2204 3179 2216 .
3207 2204 3219 2215 .
3242 2164 3297 2217 Si
3326 2165 3493 2218 emis-

1930 2274 2019 2312 sor
2043 2256 2277 2326 Spiritus
2301 2272 2410 2309 non
2435 2256 2486 2307 in
2513 2270 2579 2309 eo
2604 2256 2745 2323 quod
2773 2265 2992 2325 general
3019 2256 3319 2309 secundum
3347 2264 3498 2308 natu-

1929 2366 2041 2405 ram
2065 2358 2147 2403 est
2178 2349 2358 2411 Pater,
2385 2346 2553 2400 Filius
2584 2362 2717 2400 vero
2746 2347 3003 2409 minime,
3034 2348 3307 2414 quomodo
3336 2362 3500 2401 verax

1931 2444 2032 2496 erit
2056 2443 2303 2496 Salvator
2332 2454 2582 2494 asserens
2616 2456 2631 2492 :
2664 2439 2787 2493 Ideo
2812 2440 2925 2492 dixi
2955 2440 3113 2502 vobis,
3147 2440 3268 2507 quia
3302 2446 3365 2491 (te
3386 2456 3498 2491 meo

1932 2535 2173 2601 accipiet,
2199 2534 2323 2601 quia
2351 2533 2524 2583 omnia
2553 2532 2834 2599 qum/iubet
2862 2529 3046 2592 Pater,
3072 2547 3186 2583 mea
3210 2532 3369 2583 sunt?
3394 2530 3501 2583 Aut

1933 2624 2077 2677 enim
2124 2622 2345 2675 habebit
2396 2621 2694 2673 secundum
2740 2628 3009 2682 naturam,
3047 2628 3105 2672 ut
3142 2618 3211 2671 sit
3248 2619 3496 2675 emissor.

1933 2715 2077 2782 quod
2124 2713 2295 2766 Patris
2341 2728 2449 2765 non
2490 2720 2548 2763 ut
2578 2711 2838 2781 genitoris
2868 2722 2981 2772 est,
3016 2721 3109 2764 aut
3140 2710 3182 2763 si
3218 2726 3324 2762 non
3362 2710 3497 2773 hoc,

1935 2802 2107 2856 Patris
2153 2802 2371 2869 quidem
2406 2809 2565 2861 sunt,
2596 2815 2717 2866 qu:e
2744 2800 3016 2853 exsistunt
3051 2800 3190 2864 Filii,
3231 2816 3347 2865 qua:
3382 2816 3500 2852 vero

1934 2904 2052 2948 sunt
2082 2894 2275 2953 Patris,
2302 2908 2402 2943 non
2434 2893 2691 2959 pertinent
2715 2893 2783 2942 ad
2802 2892 3009 2943 Filium.
3042 2893 3219 2956 Quare
3248 2892 3291 2945 si
3320 2892 3500 2943 omnia

1936 3005 2055 3055 quze
2102 2996 2229 3041 sunt
2280 2984 2429 3055 [1⁵15]
2483 2982 2657 3035 Patris
2690 2982 2835 3051 (non
2891 2992 2948 3033 ut
3002 2983 3299 3049 genitoris)
3336 2982 3502 3034 habet

1939 3080 2136 3141 Filius,
2166 3078 2415 3131 emittere
2448 3085 2627 3129 autem
2666 3076 2925 3144 Spiritum
2968 3075 3138 3127 Patris
3168 3090 3273 3127 non
3304 3084 3365 3128 ut
3407 3090 3499 3138 ge-

255 3162 495 3229 Spiritus
539 3178 566 3215 a
603 3162 736 3216 Filio
766 3165 982 3233 accipit,
1025 3165 1191 3218 Filius
1228 3166 1275 3219 ei
1318 3166 1406 3218 dat
1442 3165 1555 3219 sive
1593 3180 1838 3219 commu-
1865 3195 1907 3251 C
1941 3171 2134 3224 nitoris
2163 3180 2264 3233 est,
2299 3172 2396 3225 hoc
2426 3170 2614 3224 abesse
2643 3184 2747 3220 non
2777 3176 2947 3235 potest
2973 3181 3000 3219 a
3036 3166 3190 3221 Filio.
3226 3187 3244 3217 ι
3286 3166 3397 3219 Hoc
3420 3175 3501 3220 est

252 3252 401 3302 nicat
444 3252 774 3315 essentiam;
812 3254 939 3306 dare
979 3269 1108 3307 vero
1155 3254 1207 3306 in
1240 3253 1436 3307 divinis
1465 3254 1607 3307 idem
1659 3263 1743 3307 est
1772 3270 1833 3309 ac

252 3342 589 3411 producere,
617 3351 673 3395 ut
702 3344 839 3396 idem
875 3343 1157 3397 Bessarion
1194 3345 1335 3413 (ib.)
1370 3344 1736 3412 Chrysostomi
1778 3345 1830 3398 in

253 3434 413 3487 Joan.
473 3452 543 3499 v,
599 3436 669 3488 9.2
715 3435 970 3505 suffragio
1022 3436 1326 3489 conﬁrmat.
1400 3436 1623 3489 Etiamsi
1675 3436 1835 3506 igitur

254 3526 433 3591 quoad
485 3526 647 3579 verba
698 3543 805 3579 non
853 3537 935 3580 est.
975 3527 1157 3580 idem:
1191 3527 1448 3596 Spiritum
1507 3528 1753 3595 accipere
1804 3544 1833 3581 a

260 3616 392 3671 Filio
426 3631 483 3671 et
515 3619 806 3686 procedere
836 3635 865 3672 a
894 3619 1029 3672 Filio
1070 3620 1259 3685 (Phot.
1307 3636 1354 3673 c.
1394 3620 1455 3672 2|
1483 3622 1520 3689 ),
1554 3637 1611 3674 re
1655 3631 1831 3675 tamen

260 3717 374 3782 ipsa
406 3715 549 3767 idem
590 3726 705 3777 est,
755 3716 879 3783 quia
923 3718 1156 3784 accipere
1188 3717 1239 3769 in
1286 3716 1491 3786 Spiritu
1527 3728 1581 3771 et
1608 3719 1736 3771 dare
1780 3718 1830 3771 in

264 3806 394 3858 Filio
424 3815 554 3860 sunt
586 3808 904 3861 rorrelativa
935 3817 990 3861 et
1017 3808 1250 3877 Spiritus
1281 3819 1338 3862 ut
1371 3808 1511 3863 Deus
1540 3810 1618 3862 nil
1644 3820 1835 3879 praeter

260 3897 601 3951 divinitatem
667 3898 913 3967 accipere
956 3901 1022 3953 ab
1073 3916 1137 3953 eo
1193 3909 1388 3969 potest.
1438 3900 1730 3971 Conjungit
1778 3916 1836 3953 se

261 3987 513 4041 Christus
538 4004 659 4040 cum
680 3987 855 4050 Patre,
881 3989 947 4043 ad
978 4004 1128 4043 suam
1160 4006 1280 4043 cum
1312 3990 1467 4045 Patre
1492 3991 1831 4045 communio-

263 4094 386 4131 nem
432 4081 699 4143 recurrit,
732 4096 794 4134 ex
826 4097 933 4149 quo
986 4092 1179 4136 cuncta
1231 4084 1421 4147 habet;
1474 4099 1575 4137 nec
1623 4092 1839 4151 separat

262 4185 354 4223 saa
387 4172 457 4223 ab
490 4171 555 4223 iis
583 4187 703 4239 quae
736 4182 863 4225 sunt
894 4172 1103 4236 Patris,
1136 4173 1243 4225 imo
1282 4174 1467 4226 eadem
1507 4189 1625 4226 esse
1653 4182 1837 4226 osten-

262 4260 359 4313 dit.
386 4262 637 4314 Absurde
668 4279 880 4316 rursum
912 4264 1136 4318 Photius
1173 4264 1241 4329 (ε.
1276 4264 1363 4330 25)
1395 4265 1548 4331 quasi
1576 4264 1683 4317 duo
1711 4279 1841 4316 con-

266 4354 437 4419 traria,
467 4356 687 4410 exhibet
724 4372 736 4408 ε
782 4358 1075 4425 procedere
1108 4372 1138 4409 a
1170 4356 1329 4409 Patre
1370 4367 1422 4409 et
1466 4357 1761 4424 procedere
1809 4373 1839 4409 a

268 4444 433 4507 Filio;
478 4447 629 4516 prius
677 4449 919 4517 poterius
961 4464 1067 4501 non
1120 4448 1388 4511 excludit,
1440 4448 1532 4501 sed
1581 4448 1839 4515 includit;

1937 3265 2101 3326 illud,
2142 3265 2209 3317 de
2240 3280 2347 3331 quo
2390 3279 2552 3331 supra
2582 3260 2644 3329 (§
2670 3261 2741 3327 2)
2795 3260 3032 3329 egimus,
3070 3268 3447 3329 argumentum
3486 3279 3496 3312 :

1936 3360 2069 3424 Quae
2094 3358 2255 3411 habet
2287 3357 2339 3408 in
2371 3356 2568 3407 divinis
2610 3354 2768 3406 Pater
2803 3362 3024 3420 excepta
3059 3354 3383 3421 paternitate
3421 3356 3505 3420 (et

1938 3445 2387 3510 innascibilitate)
2431 3444 2738 3497 communia
2782 3452 2910 3495 sunt
2957 3443 3131 3495 eidem
3162 3458 3284 3495 cum
3334 3442 3500 3505 Filio;

1936 3551 2065 3605 ergo
2108 3535 2191 3588 vis
2219 3533 2467 3599 spiratrix
2487 3573 2499 3594 ,
2533 3548 2653 3599 quze
2681 3543 2766 3587 est
2795 3549 2823 3586 a
2856 3534 3183 3601 paternilate
3213 3534 3299 3593 (et
3329 3547 3356 3584 a
3404 3548 3505 3584 ra-

1938 3629 2085 3680 tione
2130 3626 2353 3694 ingeniti
2376 3627 2391 3691 )
2418 3624 2671 3677 distincta
2692 3665 2704 3686 ,
2738 3633 2822 3677 est
2857 3624 2993 3676 Filio
3018 3639 3141 3675 cum
3172 3621 3329 3675 Patre
3355 3638 3504 3674 com-

1938 3719 2138 3773 munis.
2182 3718 2242 3771 ln
2272 3717 2645 3784 divinisjuxta
2687 3715 3001 3769 Ansclmum
3040 3714 3150 3781 (De
3192 3716 3317 3778 inc.,
3349 3732 3398 3767 c.
3437 3715 3500 3777 ὃς

1936 3812 2012 3865 De
2043 3827 2186 3880 proc.
2223 3808 2408 3875 Spirit.
2459 3816 2625 3860 sanet.
2664 3822 2711 3860 c.
2748 3806 2852 3875 2),
2898 3808 3078 3859 omnia
3129 3818 3257 3859 sunt
3301 3822 3501 3865 unum,

1938 3906 2027 3957 ubi
2081 3920 2189 3956 non
2230 3903 2416 3955 obviat
2455 3899 2730 3953 relationis
2762 3899 3051 3967 Oppositio.
3087 3898 3171 3952 Cf.
3208 3899 3391 3951 Pctav.
3434 3898 3505 3949 De

1940 3994 2077 4047 Trin.
2112 4009 2210 4054 VII,
2242 3993 2296 4055 9,
2332 3992 2415 4044 il.

2012 4084 2096 4137 10.
2141 4083 2367 4136 Demum
2397 4082 2470 4150 ν)
2500 4082 2818 4135 adversatur
2849 4081 3023 4134 Photii
3069 4080 3334 4146 expositio
3377 4080 3506 4148 ipsis

1938 4177 2140 4231 Grazcis
2174 4174 2455 4237 Patribus,
2486 4190 2713 4243 quorum
2760 4174 3022 4227 doctrina:
3058 4188 3115 4224 se
3158 4172 3504 4225 tenacissime

1944 4265 2271 4317 iulizesurum
2290 4279 2503 4331 semper
2526 4270 2875 4331 protestatur.
2912 4261 2967 4314 Id
2995 4262 3125 4315 satis
3154 4272 3347 4330 praeter
3374 4262 3508 4315 alios

1945 4356 2158 4409 llanuel
2200 4356 2424 4409 Calecas
2448 4363 2501 4407 et
2532 4354 2818 4407 Bessarion
2845 4370 2947 4407 nec
2975 4354 3155 4407 minus
3201 4354 3507 4407 luculenter

1944 4450 2149 4502 Beccus
2185 4448 2260 4511 (Ι.
2296 4462 2376 4507 ιιι,
2427 4446 2495 4499 ad
2541 4444 2816 4499 Theodor.
2852 4461 2907 4497 ιι.
2947 4444 3047 4506 10;
3080 4443 3142 4498 G.
3181 4447 3245 4496 0.
3275 4443 3339 4507 ll,
3384 4446 3506 4507 tu,

270 4553 370 4603 nec
408 4540 677 4608 posterior
704 4540 1034 4611 mystagogia
1057 4540 1290 4609 priorem
1324 4540 1720 4593 institutionem
1746 4540 1840 4595 tol-
1871 4535 1913 4591 D
1946 4542 2046 4595 145
2094 4548 2177 4594 et.
2208 4540 2262 4593 in
2318 4538 2645 4607 Epigraph.)
2697 4547 2856 4605 atque
2919 4537 3150 4589 Allatius
3201 4535 3505 4605 (ΕηεΙιίιὶά.

270 4632 354 4692 lit,
390 4634 501 4685 imo
548 4648 672 4685 vero
731 4632 1017 4686 conﬁrmat
1060 4630 1287 4684 :Omnia
1322 4647 1442 4699 quae
1487 4640 1614 4683 sunt
1661 4632 1833 4685 Patris

269 4738 381 4774 mea
412 4732 559 4776 sunt.
590 4722 758 4776 Recte
790 4721 999 4774 Manuel
1029 4720 1250 4775 Calecas
1285 4723 1355 4789 (l.
1389 4722 1478 4787 c.)
1563 4741 1579 4771 r
1613 4721 1668 4775 Si
1696 4724 1836 4774 enim

269 4808 501 4876 Spiritus
530 4825 559 4863 a
590 4809 724 4863 Filio
753 4811 981 4879 accipit,
1014 4810 1188 4863 Patris
1214 4819 1393 4862 autem
1422 4810 1599 4862 omnia
1627 4818 1682 4863 et
1704 4808 1837 4862 Filio

268 4901 579 4954 communia
632 4910 794 4963 sunt,
848 4902 1196 4953 manifestum
1245 4909 1299 4953 et
1336 4916 1403 4953 ex
1451 4900 1533 4953 his
1580 4902 1838 4953 insinuari

274 4990 463 5045 Filium
496 5008 663 5045 unum
693 5008 817 5047 cum
847 4992 1005 5045 Patre
1036 4992 1200 5045 Deum
1230 4991 1379 5063 [174]
1399 5008 1515 5045 esse
1538 5034 1551 5056 ,
1581 4992 1836 5061 Spiritum

272 5093 449 5137 autem
506 5100 688 5137 verum
758 5083 926 5138 Deum
977 5101 1042 5138 ex
1093 5084 1268 5138 Patris
1323 5095 1376 5137 et
1431 5083 1545 5136 Filii
1603 5086 1836 5139 essentia

274 5174 595 5227 denuntiari.
636 5174 803 5228 Porro
836 5176 1016 5229 dicere
1055 5191 1068 5226 :
1098 5174 1286 5229 Omnia
1321 5190 1431 5243 quas
1471 5175 1622 5227 habet
1655 5174 1833 5239 Pater,

274 5280 381 5317 mea
406 5275 564 5327 sunt;
586 5266 698 5318 ideo
736 5266 848 5333 (διὰ
880 5264 1068 5332 τοῦτο)
1108 5266 1217 5316 dixi
1245 5266 1394 5317 vobis
1418 5282 1435 5316 :
1467 5266 1588 5334 quia
1625 5268 1688 5317 de
1727 5284 1837 5317 meo

275 5356 510 5423 accipiet,
536 5365 667 5420 etc.;
704 5365 797 5409 aut
831 5355 964 5408 nihil
1001 5354 1267 5425 signiﬁcat
1296 5365 1389 5407 ant
1423 5372 1528 5408 non
1574 5357 1837 5426 signiﬁcat

276 5451 610 5518 propositum
668 5451 799 5515 tibi;
845 5450 1044 5519 quippe
1092 5459 1343 5518 suscepta
1396 5451 1460 5502 ad
1517 5460 1837 5503 structuram

342 5627 453 5696 (73)
482 5625 730 5681 Proiecto
758 5628 919 5681 verba
946 5646 959 5681 :
991 5627 1177 5682 Omnia
1208 5644 1323 5696 qua:
1357 5627 1506 5679 habet
1533 5627 1711 5685 Pater,
1732 5637 1833 5680 etc.

282 5696 329 5767 1)
360 5698 687 5749 universalia
722 5708 875 5761 sunt;
905 5714 1030 5767 ergo
1058 5713 1166 5749 non
1214 5706 1443 5766 possunt
1488 5700 1737 5765 restringi
1784 5708 1837 5750 et

283 5766 492 5819 limitari
523 5767 624 5819 nisi
658 5767 709 5817 in
753 5768 837 5822 iis.
876 5766 996 5834 qua:
1044 5778 1230 5819 natura
1271 5784 1448 5819 rerum
1492 5784 1587 5834 per
1637 5782 1693 5819 se
1748 5783 1839 5817 (ιχ-

281 5836 443 5890 cludit
472 5854 485 5903 ;
517 5838 573 5905 2)
607 5837 672 5890 ad
714 5836 881 5905 ipsum
917 5838 1231 5892 relationem
1266 5838 1329 5889 ad
1361 5838 1615 5905 Spiritum
1649 5854 1674 5889 tt
1707 5836 1837 5889 Falio

1948 4646 1996 4685 c.
2035 4644 2131 4683 κε’.
2164 4646 2217 4699 p.
2267 4628 2391 4698 ρξς⁸
2424 4644 2537 4695 seq.
2569 4636 2622 4679 et
2658 4626 2848 4678 Vindic.
2896 4643 3010 4693 syn.
3055 4626 3241 4693 Epltes.
3274 4644 3327 4694 p.
3369 4628 3505 4693 294)

1948 4725 2413 4777 demonstrarunt.
2448 4719 2623 4773 Unum
2670 4719 2971 4770 alterunne
3027 4718 3217 4769 horum
3290 4716 3506 4769 Patrum

1948 4814 2253 4866 audiamus.
2280 4811 2539 4865 Athanas.
2564 4810 2629 4861 ad
2664 4808 2851 4875 Scrap.
2886 4811 2996 4860 ait:
3042 4808 3097 4859 '0
3126 4809 3219 4875 μὲν
3250 4807 3375 4869 Υἱός
3406 4825 3511 4876 φη-

1950 4920 2059 4955 σιν·
2094 4902 2129 4955 ἃ
2153 4903 2358 4971 ἤκουσα
2396 4898 2545 4968 παρὰ
2570 4896 2663 4949 τοῦ
2687 4898 2918 4964 ΙΙατρὸς,
2952 4896 3123 4947 ταῦτα
3152 4896 3294 4947 λαλῶ
3316 4897 3393 4956 εἰς
3422 4898 3511 4946 τὶν

1950 4997 2147 5062 κόσμον
2168 5008 2181 5023 ⁸
2220 4993 2281 5043 τὸ
2312 4993 2365 5043 δὲ
2390 4990 2611 5058 Πνεῦμα
2635 4990 2698 5041 ἐκ
2726 4989 2819 5040 τοῦ
2847 4988 2976 5039 Υἰοῦ
3008 4988 3293 5055 λαμϐάνεις
3325 4989 3387 5038 ὲκ
3418 4987 3510 5038 τοῦ

1949 5084 2078 5155 ἐμοῦ
2103 5086 2211 5154 γὰρ
2246 5084 2474 5153 λήψεται
2519 5098 2576 5134 κ.
2607 5098 2656 5133 τ.
2693 5080 2741 5132 λ.
2781 5079 2909 5131 Item
2941 5088 3081 5131 orat.
3115 5078 3167 5141 5,
3205 5094 3255 5131 c.
3286 5078 3506 5131 Adrian.

1953 5179 2187 5245 (Calene
2213 5185 2294 5228 est
2328 5182 2467 5225 orat.
2504 5173 2571 5238 '5)
2601 5190 2612 5224 :
2647 5172 2718 5221 Τὸ
2763 5168 2986 5238 Πνεῦμα
3028 5170 3174 5239 παρὰ
3213 5168 3305 5219 τοῦ
3338 5169 3510 5234 Λόγου

1950 5270 2233 5336 λαμὸανει.
2263 5305 2275 5319 .
2306 5305 2319 5317 .
2357 5264 2517 5326 αὐτὸς
2545 5263 2650 5331 γὰρ
2683 5264 2709 5313 ὁ
2736 5262 2861 5322 Υἱὸς
2887 5261 2947 5313 τὸ
2973 5260 3193 5329 Πνεῦμα
3218 5262 3397 5313 δίδωσι
3422 5261 3511 5310 καὶ

1948 5364 2045 5412 ὅσα
2076 5358 2187 5427 ἔχει
2215 5358 2274 5408 τὸ
2304 5356 2527 5424 Πνεῦμα
2552 5354 2721 5405 ταῦτα
2746 5352 2895 5422 παρὰ
2920 5351 3011 5403 τοῦ
3040 5354 3211 5419 Λόγου
3237 5353 3366 5421 ἔχει.
3401 5352 3511 5406 Hoc

1952 5450 2264 5505 testimonio
2310 5448 2648 5508 Nicephorus
2700 5445 3028 5509 Blenimida,
3091 5459 3227 5501 orat.
3274 5446 3329 5509 2,
3369 5462 3417 5499 c.
3456 5448 3508 5497 t5.

1949 5628 2309 5681 extenduntur
2341 5627 2455 5695 ipso
2478 5636 2525 5679 et
2555 5626 2619 5679 ad
2661 5626 2709 5680 id
2743 5625 3091 5687 adhihentur,
3142 5632 3199 5676 ut
3254 5622 3510 5692 Spiritum

1950 5715 2131 5751 serum
2186 5698 2374 5749 intime
2416 5697 2667 5767 conjungi
2715 5707 2766 5751 ct
2812 5698 2878 5750 de
2910 5711 2992 5759 eo,
3037 5696 3178 5762 quod
3208 5695 3378 5763 ipsius
3412 5706 3512 5758 cst,

1950 5770 2191 5835 accipere
2232 5768 2502 5821 ostendat.
