4242 6438
211 430 322 498 437

926 435 1022 494 DE
1063 438 1123 495 δ.
1165 436 1361 495 sem.
1400 430 1900 493 MYSTAGOGIA.
1931 453 1995 465 —
2019 403 2757 489 ANIMADVERSIONES.

3361 415 3467 479 438

217 552 293 602 sit
325 591 341 612 ,
368 549 512 618 quod
558 568 577 598 t
613 548 777 602 etiam
804 556 1032 603 ventura
1061 548 1408 603 annuntiab'rt
1435 548 1611 602 vobis.
1639 548 1717 600 Ac
1748 546 1795 600 si
1826 551 1870 607 Α
1901 544 2019 599 Filii
2042 544 2123 598 sui
2147 546 2202 598 in
2227 543 2389 598 corda
2413 548 2623 596 nostra.
2647 539 2787 592 Num
2810 535 2948 589 alius
2965 544 3049 589 est
3069 534 3308 604 Spiritus
3343 533 3464 587 Filii

215 640 462 695 diceret:
498 639 721 709 Signum
749 639 851 693 hoc
898 639 1004 693 erit
1046 639 1221 703 vobis,
1256 655 1321 692 ex
1343 655 1458 691 mea
1496 637 1795 691 substantia

215 746 341 784 esse
389 730 653 799 Spiritum
684 737 739 782 et
777 739 1013 783 mentem
1040 743 1161 782 esse
1208 729 1361 796 quasi
1408 742 1583 781 meam
1609 767 1623 789 ,
1654 725 1799 794 quod

216 822 309 876 ille
356 820 537 873 futura
594 820 731 874 sicut
770 836 868 889 ego
914 818 1231 888 pradicabit
1261 818 1397 886 (8|).
1451 817 1543 871 Sic
1600 831 1797 869 rursus

217 910 375 983 U79]
430 911 497 964 ad
551 908 706 963 Joan.
761 926 872 972 ινι,
910 910 977 963 14
1031 909 1301 971 observat,
1339 924 1437 977 per
1476 908 1600 971 hoc,
1654 907 1797 975 quod

219 1003 463 1071 Spiritus
488 1000 721 1069 accipiat
754 1014 783 1053 a
826 1000 979 1059 Filio,
1027 1000 1164 1052 nihil
1222 999 1448 1051 omnino
1481 998 1529 1051 ei
1561 996 1794 1057 detrahi,

219 1104 275 1148 et
314 1093 500 1146 omnia
524 1107 647 1145 eum
673 1091 875 1145 habere
918 1090 1157 1160 perfecte
1194 1090 1332 1160 (82).
1380 1089 1647 1144 Caeterum
1679 1104 1799 1157 qua:

218 1184 459 1253 Cyrillus
498 1182 681 1245 habet,
711 1198 773 1236 ea
815 1182 882 1237 ad
931 1182 1309 1235 illustrandum
1375 1189 1691 1235 contextum
1744 1187 1800 1233 et

220 1290 452 1343 scopum
512 1274 802 1328 verborum
854 1273 1058 1328 Christi
1127 1272 1416 1341 insigniter
1476 1270 1795 1335 conferunt;

220 1382 347 1434 qua
377 1375 562 1420 autem
602 1366 840 1434 disputat
888 1365 1135 1427 Photius,
1163 1363 1262 1418 etsi
1295 1379 1487 1432 magna
1545 1378 1609 1415 ex
1647 1373 1799 1430 parte

225 1471 356 1508 vera
391 1465 542 1519 sunt,
569 1462 749 1507 tamen
782 1454 953 1523 ipsius
986 1469 1095 1507 non
1128 1460 1357 1521 prosunt
1386 1452 1616 1506 intento.
1640 1450 1799 1505 Chri-

223 1557 342 1601 stus
370 1547 681 1601 consolatur
704 1545 1022 1615 discipulos,
1057 1560 1165 1599 non
1192 1545 1430 1599 alienum
1471 1558 1534 1597 ac
1560 1542 1791 1612 pcregri-

224 1654 357 1692 num
406 1654 465 1693 se
502 1638 898 1692 consolatorem
930 1636 1221 1691 missurum
1260 1644 1510 1699 testatur,
1564 1634 1801 1688 ostendit

224 1744 383 1781 suam
412 1738 523 1783 tum
547 1743 671 1781 cum
704 1728 861 1780 Patre
887 1733 1003 1779 tum
1051 1741 1176 1780 cum
1211 1725 1491 1779 Paracleto
1516 1724 1799 1793 aequalita-

225 1829 360 1881 tem,
386 1820 472 1873 sui
489 1828 543 1873 et
564 1818 705 1871 illius
723 1833 847 1872 cum
868 1817 1024 1871 Patre
1038 1817 1307 1885 ὁμοφυταν
1328 1837 1341 1881 ;
1362 1832 1549 1870 verum
1572 1831 1679 1869 non
1696 1815 1799 1869 hoc

224 1912 494 1963 duntaxat
522 1911 641 1979 ejus
672 1910 835 1963 verba
869 1908 969 1963 sibi
1003 1908 1211 1963 volunt.
1245 1907 1413 1961 Multo
1439 1905 1711 1961 etlicacius
1736 1921 1800 1959 ea

226 2003 444 2071 probat,
481 2002 525 2055 si
577 2002 738 2055 simul
782 2001 1041 2062 ostendit,
1094 2017 1126 2052 a
1159 2017 1233 2065 se,
1277 2015 1440 2067 quem
1499 1998 1801 2052 noscebant

226 2092 596 2160 amabautque
633 2092 769 2145 adeo
822 2090 1090 2159 discipuli,
1146 2089 1407 2159 Spiritum
1466 2105 1562 2143 sua
1617 2088 1801 2142 omnia

227 2183 453 2248 habere,
490 2194 546 2237 et
598 2183 643 2236 si
692 2192 915 2236 auctore
955 2181 1151 2236 Photio
1183 2181 1255 2252 (ο.
1317 2180 1386 2235 26
1413 2221 1426 2241 .
1467 2181 1556 2241 27)
1609 2196 1800 2235 cavcre

227 2276 362 2337 vult,
398 2291 468 2329 ne
499 2275 572 2328 illi
632 2274 891 2343 majorem
945 2289 1004 2329 se
1053 2274 1167 2343 ipso
1220 2282 1474 2342 putarent
1512 2273 1797 2342 Spiritum,

226 2370 402 2423 multo
442 2366 672 2421 validius
701 2366 753 2421 id
778 2365 961 2427 eﬂicit,
996 2366 1039 2420 si
1071 2382 1101 2420 a
1138 2382 1197 2421 se
1219 2367 1469 2422 eumdem
1504 2382 1623 2421 esse
1668 2382 1799 2422 con-

232 2460 435 2520 ﬁrmat,
464 2471 525 2510 se
549 2456 696 2508 velut
726 2454 846 2524 ejus
875 2455 1205 2524 principium
1233 2464 1604 2524 reprzesentat,
1639 2472 1800 2525 quem

230 2555 490 2623 superius
524 2568 553 2607 a
587 2552 743 2607 Patre
771 2552 1066 2622 procedere
1100 2551 1325 2606 dixerat.
1357 2549 1489 2615 lmo,
1540 2561 1600 2606 ut
1625 2550 1800 2606 Photii

231 2646 416 2701 verbis
454 2655 690 2710 utamur,
724 2646 961 2714 priorem
991 2644 1378 2714 mystagogiam
1438 2659 1626 2698 revera
1652 2644 1801 2698 evol-

230 2742 306 2794 vit
347 2741 573 2793 uberius
616 2749 823 2793 etcum
859 2738 960 2792 hac
1006 2737 1389 2807 explanatione
1431 2736 1712 2808 conjungit
1742 2752 1805 2792 ac

233 2830 453 2898 copulat
481 2844 579 2898 per
603 2828 689 2881 illa
721 2830 917 2881 verba:
952 2826 1139 2883 Omnia
1164 2844 1278 2898 qua:
1295 2828 1446 2882 habet
1470 2827 1650 2892 Pater,
1686 2845 1804 2881 mea

232 2929 373 2973 sunt.
414 2918 689 2984 Quorsum
714 2932 845 2971 vero
866 2917 951 2971 illa
975 2918 1338 2980 ratiocinatio,
1379 2919 1423 2973 si
1451 2918 1585 2971 nihil
1618 2934 1647 2971 a
1671 2918 1806 2972 Filio

237 3011 437 3079 accipit
466 3008 742 3078 Spiritus?
762 3008 867 3063 Sed
896 3008 987 3077 qui
1018 3009 1256 3079 singulas
1275 3008 1453 3062 Photii
1477 3009 1808 3063 assertiones

237 3102 494 3171 prosequi
525 3102 708 3165 vellet,
742 3102 1058 3171 ampliorem
1086 3102 1263 3156 adhuc
1285 3102 1662 3171 probationum
1696 3116 1808 3153 ma-

1899 655 2061 710 quam
2081 639 2316 708 Spiritus
2335 637 2548 691 Patris?
2567 634 2720 700 Quod
2742 634 2787 687 si
2806 632 2946 685 idem
2965 640 3049 685 est
3072 631 3307 699 Spiritus
3347 645 3469 683 am-

1900 733 2113 795 borum,
2137 729 2378 799 profecto
2416 726 2659 796 procedit
2681 725 2748 777 ab
2778 732 3046 791 utroque;
3077 738 3184 775 non
3213 722 3355 774 enim
3387 722 3467 774 sic

1899 826 2099 881 dicitur
2135 823 2369 891 Spiritus
2397 820 2539 884 Filii,
2591 830 2844 886 tanquam
2872 817 2940 868 sit
2972 816 3148 868 minor
3169 813 3333 877 Filio;
3366 813 3466 865 hoc

1897 916 1988 984 qui
2013 914 2177 970 sentit
2201 912 2281 965 vel
2307 911 2439 964 dicit
2468 924 2573 961 non
2594 917 2676 960 est
2700 904 3021 958 catholicus.
3055 904 3169 966 Qua
3189 902 3254 955 de
3276 917 3333 955 re
3359 916 3465 953 non

1898 1016 2001 1067 cst,
2036 1021 2205 1075 quare
2235 1005 2444 1057 dicatur
2466 1000 2698 1068 Spiritus
2731 996 2873 1061 Filii,
2895 996 2997 1048 nisi
3020 995 3142 1062 quia
3165 993 3409 1062 procedit
3438 1007 3466 1043 a

1902 1097 2060 1162 Filio,
2095 1097 2239 1150 sicut
2275 1094 2473 1147 dicitur
2502 1090 2742 1159 Spiritus
2765 1087 2960 1150 Patris,
2992 1086 3119 1155 quia
3156 1084 3400 1153 procedit
3437 1098 3466 1135 a

1902 1190 2081 1245 Patre.
2116 1208 2134 1240 ι
2180 1188 2339 1241 Addit
2368 1185 2565 1239 deinde
2609 1183 2937 1235 ltatramnus
2977 1178 3112 1231 alios
3139 1185 3338 1239 textus,
3377 1174 3467 1227 ubi

1905 1280 2139 1349 Spiritus
2161 1278 2358 1332 dicitur
2403 1274 2643 1343 Spiritus
2673 1272 2826 1332 Jesu,
2866 1269 3102 1338 Spiritus
3140 1265 3369 1327 Christi,
3406 1280 3470 1319 ac

1904 1372 2244 1443 potissimum
2308 1368 2465 1421 Rom.
2508 1382 2625 1429 vin,
2680 1364 2735 1429 9,
2787 1361 3139 1422 concludens,
3206 1356 3469 1427 Spiritum

1900 1462 2105 1517 Christi
2133 1475 2255 1515 esse
2300 1458 2555 1513 eumdem
2596 1455 2685 1523 qui
2738 1464 2792 1507 et
2842 1452 3044 1506 dicitur
3102 1450 3334 1518 Spiritus
3375 1447 3468 1500 Dci

1902 1555 1973 1624 (c.
2006 1552 2058 1616 6,
2086 1568 2139 1621 p.
2182 1550 2309 1618 2'56)
2354 1560 2514 1617 atque
2540 1560 2861 1614 comparans
2904 1542 3054 1595 Rom.
3092 1555 3209 1597 vut.
3251 1539 3318 1592 15
3348 1554 3469 1591 cum

1902 1645 2079 1702 Galat.
2123 1660 2195 1707 tv,
2230 1642 2262 1695 6
2291 1650 2480 1694 notat:
2516 1659 2533 1691 ‹
2599 1638 2812 1701 Videte,
2848 1635 2991 1705 quod
3034 1632 3285 1687 eumdem
3329 1631 3474 1684 dicat

1903 1733 2161 1803 Spiritum
2196 1729 2501 1799 adoptionis
2540 1728 2795 1787 ﬁliorum,
2830 1739 2989 1794 quem
3030 1722 3321 1776 conﬁtetur
3347 1720 3469 1788 Spi-

1903 1824 2067 1879 ritum
2095 1822 2361 1890 Filii,quo
2392 1835 2491 1874 nos
2510 1820 2702 1873 doceat
2723 1815 3033 1885 Apostolus,
3063 1812 3315 1865 eumdem
3344 1825 3468 1866 esse

1834 1880 1873 1935 Β
1904 1916 2171 1987 Spiritum
2210 1880 2409 1975 Patris,
2458 1926 2618 1981 quem
2660 1880 2793 1963 dicit
2844 1906 3108 1977 Spiritum
3139 1903 3466 1972 ad0ptionis,

1901 2017 1957 2062 et
1984 2008 2233 2061 eumdem
2261 2020 2382 2059 esse
2407 2003 2669 2072 Spiritum
2693 2000 2831 2063 Filii,
2857 2014 3016 2067 quem
3050 1996 3196 2050 misit
3235 1996 3378 2047 Deus
3417 1994 3469 2046 in

1910 2098 2073 2152 corda
2112 2104 2333 2158 nostra;
2391 2102 2446 2146 ct
2470 2092 2523 2144 in
2561 2090 2770 2154 eodem,
2816 2088 2907 2157 qui
2957 2096 3063 2141 tam
3115 2083 3288 2137 Patris
3313 2097 3472 2151 quam

1903 2187 2023 2242 Filii
2052 2194 2386 2241 monstratur
2423 2183 2678 2251 Spiritus,
2713 2182 3012 2235 clamamus
3045 2196 3055 2229 :
3084 2177 3249 2239 Abba,
3279 2174 3464 2227 Pater.

1902 2280 2055 2347 Quod
2085 2292 2418 2349 nequaquam
2450 2276 2626 2329 facere
2667 2286 2971 2343 possemus,
3013 2269 3056 2323 si
3112 2284 3221 2322 non
3280 2281 3472 2336 quem-

1902 2373 2189 2429 admodum
2232 2369 2475 2440 procedit
2513 2383 2541 2421 a
2583 2367 2741 2420 Patre
2789 2363 3024 2434 Spiritus
3075 2369 3330 2422 sanctus,
3395 2358 3474 2410 sic

1902 2467 2063 2521 etiam
2111 2463 2370 2534 procedat
2398 2469 2451 2515 et
2482 2477 2510 2513 a
2540 2458 2695 2512 Filio.
2732 2478 2748 2508 ι
2790 2456 2926 2511 Hinc
2964 2470 3180 2509 rursum
3209 2452 3476 2506 exclamat

1905 2559 1977 2629 (c.
2029 2560 2079 2620 7,
2114 2573 2169 2625 p.
2202 2553 2329 2623 238)
2362 2573 2373 2607 :
2414 2572 2429 2603 ι
2468 2553 2523 2606 Si
2570 2551 2805 2621 Spiritus
2850 2564 2959 2602 tton
2990 2545 3140 2619 [l8l]
3176 2544 3412 2616 procedit
3446 2560 3475 2596 a

1904 2650 2144 2711 Christo,
2205 2647 2474 2716 quomodo
2523 2645 2756 2713 Spiritus
2794 2642 2997 2696 dicitur
3054 2655 3173 2693 esse
3220 2637 3478 2692 Christi?

1907 2740 2159 2795 Procedit
2189 2739 2353 2809 igitur
2381 2754 2410 2791 a
2461 2735 2702 2798 Christo,
2740 2735 2867 2803 quia
2894 2748 3003 2785 non
3029 2746 3093 2784 ex
3131 2729 3473 2798 subjectione,

1907 2849 2008 2887 nec
2024 2850 2088 2886 ea:
2114 2830 2429 2901 particulari
2445 2830 2669 2883 sectione
2681 2827 2880 2881 dicitur
2902 2825 3021 2894 ejus
3041 2838 3183 2884 esse,
3212 2821 3306 2876 sed
3334 2820 3479 2889 quod

1907 2924 2026 2992 ejus
2060 2924 2126 2977 de
2148 2922 2449 2977 substantia
2480 2918 2908 2975 substantialiter
2932 2916 3199 2986 procedit.
3241 2932 3259 2965 ι
3294 2913 3480 2981 Neque

1909 3015 2063 3068 aliter
2108 3012 2370 3082 Georgius
2411 3009 2812 3079 Trapezuntius
2863 3007 2930 3061 ad
2974 3006 3226 3059 Cretens.
3262 3003 3339 3056 De
3374 3020 3480 3056 una

1912 3104 1970 3159 S.
2020 3104 2158 3158 Eccl.
2190 3120 2241 3158 c.
2280 3104 2334 3166 3,
2367 3102 2399 3154 4
2426 3101 2508 3171 (G.
2535 3100 2598 3156 0.
2629 3099 2670 3166 Ι,
2720 3098 2815 3153 541
2861 3098 3001 3167 seq.)
3031 3114 3043 3149 :
3084 3118 3099 3146 ε
3138 3097 3211 3149 Ex
3241 3095 3398 3148 Patre
3427 3106 3482 3148 et

240 3196 434 3248 teriam
466 3195 633 3249 dubio
662 3194 852 3264 procul
896 3194 1157 3248 inveniet.
1204 3191 1313 3248 Nos
1371 3194 1437 3248 ad
1472 3194 1575 3247 alia
1606 3208 1808 3263 prope-
1835 3213 1879 3271 ο
1913 3199 2047 3253 Filio
2079 3198 2241 3251 habet
2277 3196 2536 3265 Spiritus,
2580 3194 2727 3263 quod
2758 3193 2848 3258 sit,
2900 3191 3202 3246 secundum
3236 3189 3479 3243 divinum

238 3300 443 3339 ramus.

307 3377 395 3429 11.
438 3376 557 3430 Νοη
590 3377 769 3431 minus
801 3377 1009 3447 prolixa
1030 3386 1111 3431 est
1137 3376 1430 3445 disputatio
1457 3375 1509 3445 (α
1539 3391 1658 3443 cap.
1689 3374 1804 3443 48),

240 3484 343 3538 qua
379 3467 536 3540 [180]
561 3469 703 3523 aliud
750 3469 1152 3538 Scripturarum
1206 3468 1575 3521 testimonium
1607 3466 1811 3519 Latinis

241 3562 451 3629 eripere
483 3570 708 3615 conatur
745 3560 989 3623 Photius,
1019 3560 1268 3614 videlicet
1297 3558 1479 3615 Galat.
1514 3574 1589 3624 tv,
1634 3558 1686 3623 6,
1717 3558 1810 3613 ubi

246 3653 485 3721 Spiritus
540 3661 762 3706 sanctus
811 3658 1034 3707 vocatur
1079 3649 1307 3715 Spiritus
1358 3649 1508 3703 Filii.
1556 3649 1813 3715 Quamvis

243 3744 405 3796 verba
440 3759 535 3810 per
562 3758 615 3795 se
645 3757 751 3795 non
804 3742 1039 3810 probent
1082 3740 1316 3809 Spiritus
1354 3756 1385 3794 a
1419 3739 1556 3793 Filio
1590 3754 1810 3808 proces-

246 3834 478 3895 sionem,
504 3846 684 3888 tamen
743 3832 999 3902 spectatis
1050 3841 1163 3885 tum
1199 3832 1323 3887 aliis
1359 3841 1469 3887 tum
1503 3831 1813 3886 traditionis

246 3926 557 3979 christiana:
619 3925 884 3994 praesidiis
931 3925 1058 3978 huic
1101 3925 1247 3977 dicto
1290 3924 1519 3993 aliisque
1549 3922 1813 3976 similibus

248 4016 353 4070 vim
382 4018 564 4071 inesse
605 4017 671 4071 ad
703 4032 822 4072 eam
866 4016 1258 4076 ostendendam
1292 4032 1507 4071 summo
1545 4030 1814 4069 consensu

248 4108 481 4178 theologi
513 4123 837 4177 persuasum
869 4107 1110 4161 habuere
1138 4123 1352 4175 semper
1376 4122 1438 4160 ac
1459 4107 1622 4160 variis
1644 4107 1816 4160 modis

250 4210 568 4271 argumenta
603 4200 800 4254 exinde
826 4200 1202 4258 eﬂ’ormarunt.
1235 4198 1430 4252 Photio
1454 4214 1672 4254 cetevus
1710 4198 1817 4251 lla-

252 4304 495 4347 tiamnus
523 4294 593 4346 ita
626 4293 693 4346 de
712 4294 813 4347 hoc
838 4300 985 4346 textu
1005 4292 1224 4345 disserit
1255 4291 1316 4359 (l.
1342 4308 1383 4356 t,
1410 4307 1461 4345 c.
1498 4291 1552 4345 4.
1576 4291 1773 4360 p.232)
1798 4306 1812 4343 :

257 4402 273 4433 ε
315 4382 433 4443 Non
451 4384 528 4437 ait
553 4384 786 4438 Paulus:
819 4383 963 4437 Misit
990 4384 1138 4437 Deus
1163 4382 1425 4453 Spiritum
1448 4399 1623 4435 suum.
1658 4381 1813 4446 Quod

251 4477 290 4528 si
328 4477 555 4536 diceret.
588 4491 695 4529 non
717 4476 935 4545 penitus
964 4475 1276 4528 excluderet
1309 4473 1526 4535 Filium,
1561 4475 1814 4542 quoniam

1913 3290 2285 3360 Evangelium.
2324 3287 2437 3342 Nec
2468 3302 2577 3341 non
2602 3296 2659 3340 et
2694 3284 2890 3339 Paulus
2940 3283 3076 3337 dicit
3106 3299 3119 3335 :
3164 3281 3303 3336 Misit
3342 3280 3480 3334 Deus

1915 3383 2175 3451 Spiritum
2206 3379 2457 3434 Filiisui.
2493 3378 2679 3447 Itaque
2720 3377 2761 3429 si
2792 3376 2974 3429 Patris
3014 3384 3062 3429 et
3093 3374 3217 3429 Filii
3251 3372 3481 3443 Spiritus

1912 3475 2167 3544 est,quod
2203 3489 2346 3543 sarpe
2378 3472 2577 3541 smpius
2598 3472 2818 3542 legitur.
2851 3469 3196 3522 manifestum
3217 3477 3298 3522 est
3356 3484 3480 3521 eum

1913 3569 1982 3621 ab
2022 3577 2251 3636 utroque
2283 3566 2476 3635 sptrari
2521 3565 2602 3618 vel
2631 3562 2941 3633 procedere.
2981 3581 2998 3613 ›
3026 3562 3118 3614 His
3149 3560 3484 3614 concordant

1914 3659 2069 3713 tnulti
2102 3660 2190 3711 alii
2231 3656 2487 3727 Theologi
2535 3654 2628 3722 (cf.
2661 3655 2853 3709 Walcb
2893 3671 2983 3724 op.
3032 3655 3125 3708 cit.
3177 3672 3225 3709 c.
3268 3655 3348 3717 10,
3377 3652 3481 3723 §5,

1913 3766 1969 3819 p.
2002 3750 2123 3812 168,
2154 3748 2302 3815 169),
2328 3747 2421 3816 qui
2463 3748 2535 3799 ita
2558 3744 2867 3799 ratiocinari
2906 3745 3083 3799 solent
3130 3762 3142 3797 :
3185 3743 3286 3808 Qui
3319 3744 3372 3796 in
3399 3744 3481 3796 di-

1915 3842 2059 3895 vinis
2104 3840 2303 3894 dicitur
2349 3855 2468 3893 esse
2518 3837 2763 3901 alterius,
2801 3837 2869 3889 ab
2920 3836 3012 3889 illo
3047 3836 3325 3905 procedit;
3358 3835 3482 3903 quia

1915 3950 2040 3988 cum
2091 3948 2200 3986 una
2262 3947 2491 4000 persona
2544 3931 2615 3983 sit
2668 3930 2821 3982 alteri
2851 3928 3095 3996 aequalis,
3129 3944 3233 3979 non
3284 3926 3484 3979 dicitur

1916 4024 2137 4078 alterius
2159 4038 2278 4077 esse
2306 4023 2516 4075 ratione
2542 4020 2897 4090 subjectionis
2936 4028 3027 4072 aut
3058 4019 3358 4083 servitutis,
3390 4020 3483 4071 scil

1916 4116 2126 4170 ratione
2153 4114 2414 4184 originis;
2472 4114 2701 4183 proinde
2736 4115 2779 4166 si
2819 4113 3051 4181 Spiritus
3100 4120 3318 4166 sanctus
3348 4112 3484 4165 dici-

1922 4219 2007 4264 tur
2033 4208 2266 4279 Spiritus
2295 4208 2435 4271 Filii,
2462 4208 2571 4276 jam
2597 4222 2625 4261 a
2652 4207 2787 4260 Filio
2808 4206 3053 4274 procedit
3101 4206 3191 4275 (cf.
3252 4207 3482 4257 lie-metr.

1918 4300 2125 4370 Cydon.
2187 4298 2260 4351 De
2310 4313 2453 4366 proc.
2516 4295 2705 4365 Spirit.
2754 4304 2921 4349 sanct.
2957 4310 3005 4349 c.
3056 4295 3169 4363 10).
3227 4294 3488 4347 Praeclare

1920 4389 2133 4443 Manuel
2163 4388 2384 4443 Calecas
2411 4397 2600 4443 contra
2628 4385 2847 4440 Graecos
2876 4386 2946 4439 ita
2970 4386 3208 4455 disputat
3240 4404 3253 4439 :
3300 4404 3317 4435 ι
3352 4385 3487 4439 Cum

1922 4494 2090 4532 unum
2122 4478 2348 4532 alterius
2394 4477 2499 4531 dici
2529 4476 2611 4529 vel
2664 4476 2829 4544 hujus
2866 4476 3139 4544 proprium
3189 4475 3241 4527 in
3269 4474 3485 4538 divinis,

256 4566 391 4619 licus
441 4574 527 4619 est
564 4564 728 4618 etiam
777 4563 963 4627 Filius,
1010 4562 1467 4632 quemadmodum
1518 4561 1676 4615 Pater
1732 4570 1815 4615 est
1848 4548 1931 4623 Di

1810 4599 1815 4612 ι
1848 4548 1891 4602 Ῑ)
1922 4570 2119 4638 rejecta
2150 4569 2373 4622 materia
2405 4577 2461 4621 et
2496 4569 2562 4622 iis
2592 4584 2711 4635 qua:
2735 4565 3017 4619 materiam
3060 4577 3485 4634 consequuntur,

256 4655 392 4710 Ilctts
442 4666 496 4711 et
537 4666 763 4726 uterque
791 4671 899 4710 non
930 4656 1037 4710 duo
1060 4655 1175 4717 Dei,
1208 4655 1302 4709 sed
1334 4671 1474 4709 unus
1506 4664 1589 4708 est
1640 4656 1812 4716 Deus;

254 4750 390 4815 quod
426 4749 569 4802 enim
614 4764 842 4818 persona
883 4757 1123 4819 separat,
1161 4747 1465 4802 substantia
1513 4747 1815 4817 conjungit.

256 4836 449 4893 Volcns
474 4848 657 4893 autem
694 4840 909 4895 auferre
962 4856 1178 4895 omnem
1227 4841 1603 4909 qumstionem,
1634 4854 1820 4908 perso-

256 4944 374 4983 nam
406 4930 524 4985 Filii
569 4932 881 5002 specialiter
919 4932 1054 4987 dixit
1090 4933 1304 4987 misisse
1358 4930 1526 4987 Deum
1559 4931 1818 5001 Spiritum

326 5087 435 5157 (81)
461 5088 570 5139 Καὶ
597 5088 757 5139 οἱονεὶ
780 5087 903 5148 νοῦς
930 5088 1073 5139 ἐστιν
1098 5086 1248 5155 ἐμὸς,
1277 5084 1497 5154 λαλήσει
1530 5086 1584 5137 δὲ
1607 5085 1822 5157 πάντως

256 5155 343 5227 τὰ)
377 5155 433 5209 ὲν
486 5157 610 5227 ἔμοι
638 5174 651 5187 ’
702 5158 797 5208 καὶ
838 5157 994 5227 τοῦτο
1040 5159 1202 5225 φησὶν
1241 5157 1537 5227 ὁᾼΣῳτὴρ,
1592 5157 1687 5224 οὐχ
1737 5156 1820 5227 ἵνα

257 5226 465 5306 vnit-pen
497 5224 828 5306 ὖποξδργικὶίν
878 5226 939 5278 τὸ
984 5224 1311 5306 Πνεῦμαῃτὸ
1354 5224 1507 5306 ξγιιον
1546 5228 1684 5306 κατα
1727 5224 1824 5292 τὴν

258 5295 411 5347 τινῶν
445 5297 707 5365 ἀμαθίαν,
744 5296 1154 5366 πληροφορῆσαι
1202 5296 1272 5366 δὲᾼ
1313 5295 1510 5363 μᾶλλον
1565 5295 1823 5366 ἐθελήσας

260 5366 392 5436 τοὺς.
429 5364 696 5436 μαθητὰς,
746 5364 955 5434 ὼςοὺχ
994 5364 1207 5435 ’ἕτερον
1254 5364 1312 5416 ὃν
1366 5367 1494 5434 παρ’
1548 5364 1710 5436 αὐτὸν
1764 5364 1825 5414 τὸ

265 5434 479 5505 Πνεῦμα
518 5434 683 5489 αὑτοῦ
728 5437 868 5489 κατά
902 5453 962 5501 γε
1001 5436 1091 5487 τὸν
1120 5434 1177 5487 ὲν
1206 5435 1586 5504 ὁμοουσιότητι
1630 5435 1822 5505 Λόγον,

260 5503 425 5575 δαῦτά
462 5505 526 5575 δὴ
568 5507 784 5567 πάντως
821 5505 1069 5575 λαλήσεο
1095 5506 1188 5558 καὶ
1234 5503 1519 5574 ἐνεργήσει
1569 5504 1663 5575 καὶ
1701 5504 1824 5575 βουτ

262 5570 526 5645 λῄσενταιι.⁷
550 5578 647 5627 Διά
692 5577 799 5645 γάρ
844 5570 953 5627 τοι-
980 5574 1139 5627 τοῦτο
1183 5570 1579 5645 προσέἐσηκεν,
1614 5570 1709 5645 fiat
1732 5573 1826 5625 καὶ

264 5643 326 5694 τὰ
376 5644 648 5715 ἐρχόμενα
701 5642 992 5715 ἀναγγελεῖ
1047 5647 1175 5713 ὑμῖν
1273 5644 1554 5712 μονονουχὶ
1580 5714 1588 5715 7
1615 5642 1787 5715 λέγων
1807 5682 1821 5706 ,

268 5713 479 5795 optatior;
517 5713 680 5795 τοῦ-ἕο
715 5714 890 5795 ἔσται.
934 5717 1013 5766 ὅτι
1060 5715 1125 5783 δὴ
1173 5714 1389 5795 adyta);
1436 5716 1497 5764 ὲκ
1544 5714 1639 5781 τῆς
1686 5714 1827 5791 ἐμῆς

267 5780 555 5870 ﬂagito
595 5782 825 5870 ’Πϊεῦμᾲ
853 5786 1009 5870 ἔστι,
1060 5779 1153 5835 καὶ
1191 5779 1316 5870 Λοξον
1354 5785 1494 5866 ἐμός⁹
1525 5779 1638 5870 to?
1680 5782 1823 5843 νοῦς,

267 5848 324 5902 τὸ
360 5851 505 5923 ἐρεῖν
547 5855 711 5909 αὑτὸν
752 5848 821 5907 ea
851 5854 1081 5925 ἐσόμενα
1116 5854 1365 5925 καθάπερ
1392 5848 1526 5921 ἐγώ.
1579 5852 1827 5922 Sequun-

1922 4678 2101 4732 neque
2152 4670 2407 4729 tanquam
2469 4660 2797 4724 membrum,
2842 4672 3018 4726 neque
3074 4666 3133 4710 ut
3190 4657 3487 4726 possessio,

1918 4768 2096 4823 neque
2120 4754 2325 4807 ratione
2341 4752 2568 4821 alicujus
2592 4750 2927 4804 excellentiae
2954 4749 3036 4803 vel
3061 4748 3281 4803 alterius
3304 4748 3489 4816 cujus-

1920 4845 2064 4915 piam
2139 4842 2413 4895 allinitatis
2490 4840 2595 4895 dici
2658 4848 2845 4907 queat,
2894 4839 2989 4893 sed
3053 4840 3260 4892 ratione
3315 4840 3487 4892 solum

1923 4935 2169 5006 principii
2208 4945 2262 4990 et
2288 4936 2406 5005 ejus
2442 4933 2587 5002 quod
2618 4940 2703 4986 est
2754 4947 2785 4985 a
2836 4932 3126 5001 principio,
3156 4931 3211 4984 in
3244 4946 3351 5000 quo
3382 4946 3490 4983 uno

1927 5104 2011 5146 tur
2044 5092 2207 5145 verba
2244 5091 2413 5159 posita
2446 5099 2593 5153 nota,
2626 5090 2713 5144 85.

1998 5162 2108 5230 (82)
2147 5156 2301 5215 Dec—c.
2332 5161 2501 5229 epigr.
2537 5160 2588 5217 5,
2623 5161 2656 5212 l.
2691 5176 2739 5213 c.
2774 5176 2827 5227 p.
2863 5158 3007 5212 574:
3049 5156 3490 5230 ‘Axaquydpq'rov

1923 5227 2016 5284 οὖν
2056 5227 2162 5300 ἄρα
2188 5227 2467 5291 παντελῶς
2494 5234 2587 5281 καὶ
2618 5230 2881 5300 λοιδορίας
2924 5230 3139 5293 ἁπάσης
3174 5227 3284 5289 ἔξω
3312 5228 3490 5300 κξίσε-

1924 5319 2013 5353 ται
2037 5296 2309 5353 τδλαὸεἰν
2353 5300 2607 5366 λέγεσθαί
2633 5316 2683 5349 τι
2725 5298 2877 5366 παρὰ
2932 5298 3025 5350 τοῦ
3064 5296 3399 5366 Μονογενοῦς
3431 5296 3489 5366 τὸ

1929 5373 2152 5440 Πνεῦμα
2204 5364 2640 5437 αὑτοῦίπροῐὺν
2681 5364 2899 5440 γᾴρδϋ
2950 5364 3489 5440 αὑτοῦμφυσιῇὦςρῲς

1929 5433 2251 5493 ἵδιονάὑτοῦ
2285 5441 2421 5509 μετὰ
2469 5433 2701 5509 τέᾴντων
2724 5433 2797 5489 ὧν
2836 5437 2948 5504 ἔχει
2996 5436 3239 5509 τελείως,
3276 5434 3490 5509 impige-

1925 5530 2037 5563 νειν
2062 5502 2379 5577 λέγεταίτὰ
2400 5507 2584 5563 αὑτοῦ.
2607 5506 2687 5560 Cf.
2720 5502 2995 5574 sequ.ap.
3019 5505 3247 5558 Beccutu
3282 5520 3334 5572 p.
3364 5502 3486 5577 5³16Ῐ

1926 5581 2109 5650 Cyrilli
2137 5572 2301 5633 verba
2360 5578 2609 5650 inAJoan.
2646 5592 2740 5650 xx,
2765 5572 2999 5650 272,4una
3035 5590 3157 5650 cum
3186 5572 3487 5650 ‘A_nast‘asii

1929 5642 2075 5705 textu
2113 5650 2167 5701 itt
2190 5650 2285 5701 lib.
2322 5648 2454 5717 Περὶ¹
2484 5648 2591 5717 τῷν
2622 5646 2741 5717 καθ’
2768 5648 2914 5717 ήμᾷς
2934 5643 3345 5717 πῆς-ἀληθείας.
3366 5642 3491 5717 δογτ

1932 5721 2121 5789 μάτων
2186 5710 2434 5789 adducit
2461 5786 2470 5789 Α
2500 5710 2821 5789 (ἔνθεοι-ξειέ
2849 5710 3274 5789 Cpl._'Apoi._Ac.
3329 5710 3489 5764 Marci

1933 5782 2130 5861 ἰεῖριιοε.
2169 5788 2417 5845 Coufcss.
2460 5786 2512 5842 in
2543 5782 2664 5841 cod.
2700 5782 2909 5841 Monac.
2944 5784 3033 5847 ‘27,
3062 5784 3098 5839 t'.
3132 5782 3253 5837 119.
