4242 6438
779 404 883 467 439

1929 404 2181 462 ΙἮΟΤΠ
2229 405 2733 464 PA'l‘lllAllClL‘E
2771 405 2878 462 CP.

3916 395 4024 463 440

781 518 1010 569 alterum
1039 515 1104 566 ab
1141 514 1312 566 altero
1354 514 1586 566 discerni
1635 513 2170 580 comprehendimus,
2221 529 2343 582 per-
2374 523 2416 574 Α
2450 531 2634 567 vocem
2669 511 2954 565 immittis?
2984 509 3064 579 (C.
3099 510 3214 576 δῦ.)
3252 509 3390 562 Dixit
3425 529 3435 562 :
3471 509 3725 578 Spiritum
3758 510 3882 563 Filii
3914 516 4020 565 sui.

783 607 1028 672 spicuum
1057 615 1160 659 est.
1195 619 1316 656 cmn
1360 605 1590 656 dicimus
1638 603 1900 670 Spiritum
1943 613 2189 655 sanctum
2217 620 2339 672 pro-

785 699 960 763 priutn
984 712 1104 750 esse
1132 697 1270 758 Filii,
1301 696 1351 749 id
1377 697 1489 749 sola
1512 696 1597 748 illa
1617 695 1866 763 principii
1891 695 2098 747 ratione
2121 696 2343 764 intelligi

783 803 939 855 posse
975 788 1107 855 (85).
1159 807 1176 837 ι
1215 786 1362 857 ι18Ξ]
1393 787 1614 855 Egregie
1658 800 1872 852 quoque
1902 785 2121 838 disserit
2153 785 2344 838 Bessa-

787 883 901 935 rion
928 881 1094 948 (Orat.
1134 882 1307 948 dognt.
1339 898 1387 931 c.
1437 878 1499 942 6;
1541 876 1704 930 llard.
1738 877 1827 938 IX,
1857 877 1982 943 540)
2012 896 2023 928 :
2062 897 2078 926 ι
2115 876 2344 945 Spiritus

786 988 1001 1040 quoque
1027 973 1301 1023 relativum
1331 986 1516 1021 nomen
1552 979 1636 1022 est
1662 977 1716 1021 et
1755 969 1822 1020 ad
1857 970 2149 1036 spirantem
2177 967 2344 1020 refer-

784 1076 898 1126 tur;
923 1075 978 1116 et
1004 1064 1160 1130 cujus
1190 1063 1388 1115 dicitur
1411 1061 1664 1128 Spiritus,
1697 1059 1876 1112 abillo
1901 1060 2060 1112 etiam
2087 1058 2340 1126 spiratur.

779 1157 933 1218 Quod
997 1155 1140 1206 cnim
1194 1153 1491 1222 personalia
1537 1151 1756 1203 nomina
1807 1150 2084 1202 Trinitatis
2121 1146 2343 1203 relative

780 1250 910 1311 sint,
949 1247 1128 1298 nullus
1162 1246 1391 1314 ignorat.
1430 1243 1713 1296 Personale
1750 1259 1879 1295 vero
1919 1258 2117 1295 nomen
2169 1241 2344 1310 Spiri-

784 1350 870 1390 tus
897 1352 1039 1397 esse,
1071 1336 1214 1404 quod
1251 1333 1484 1404 Spiritus
1510 1342 1730 1387 sanctus
1760 1331 1991 1392 dicatur,
2027 1346 2188 1384 nemo
2220 1332 2343 1384 inli-

780 1432 953 1482 ciatur
999 1426 1454 1496 quemadmodum
1492 1423 1664 1477 Patris
1705 1422 1868 1475 Pater
1895 1432 1948 1475 et
1996 1418 2114 1474 Filii
2150 1420 2342 1486 Filius,

782 1534 835 1574 et
879 1521 1188 1574 necessario
1240 1519 1547 1582 relativum,
1606 1515 2061 1586 quemadmodum
2104 1524 2158 1568 et
2218 1511 2340 1578 illa;

780 1613 1044 1680 siquidem
1091 1613 1326 1664 essentia
1370 1626 1477 1663 non
1509 1619 1655 1669 sunt,
1705 1624 1805 1661 nec
1833 1607 1976 1659 aliud
2009 1618 2091 1660 est
2117 1606 2168 1658 in
2203 1605 2343 1659 divi-

781 1705 868 1756 nis
905 1713 1098 1771 prteter
1133 1704 1421 1756 essentiam
1447 1711 1502 1756 et
1524 1702 1836 1754 relationes.
1878 1697 2341 1764 Quemadmodum

779 1796 962 1863 igitur,
996 1794 1163 1847 Filius
1195 1810 1316 1848 cum
1371 1793 1441 1846 sit
1485 1808 1685 1845 nomen
1717 1791 2022 1854 relativum,
2058 1799 2112 1843 et
2139 1789 2341 1842 refera-

779 1898 866 1938 tur
898 1887 962 1938 ad
1005 1887 1238 1948 Patrem,
1302 1900 1551 1939 veremur
1590 1883 1782 1935 Filium
1834 1880 2071 1950 Spiritus
2126 1880 2336 1940 dicere,
2373 1865 2413 1918 Β

780 1993 848 2030 ne
892 1977 1128 2045 Spiritus
1173 1986 1321 2045 pater
1357 1976 1475 2043 ejus
1515 1984 1814 2043 putaretur,
1875 1973 1944 2026 ita
1995 1982 2049 2025 et
2083 1971 2337 2040 Spiritus,

777 2084 900 2121 cum
931 2069 999 2121 sit
1036 2085 1231 2122 nomen
1260 2068 1539 2119 relativum
1575 2076 1628 2120 et
1670 2065 1978 2118 necessario
2017 2063 2082 2116 ad
2131 2063 2340 2131 spiran-

777 2172 887 2213 t--m
922 2163 1206 2224 referatur,
1249 2161 1316 2212 ab
1358 2175 1423 2212 eo
1452 2159 1610 2213 etiam
1649 2160 1902 2226 spiratur,
1961 2156 2115 2226 cujus
2145 2157 2341 2208 dicitur

779 2258 1014 2327 Spiritus
1041 2270 1160 2308 esse
1185 2252 1317 2321 (84).
1359 2270 1376 2301 ι
1414 2250 1659 2317 Denique
1691 2249 1873 2301 Patres
1916 2264 2020 2300 non
2061 2247 2232 2300 solum
2263 2248 2340 2299 la-

777 2351 872 2402 tini
916 2351 1020 2416 (cf.
1055 2365 1102 2399 ν.
1139 2362 1220 2414 gr.
1254 2344 1387 2412 Aug.
1416 2342 1491 2394 De
1527 2341 1669 2393 Trin.
1708 2357 1780 2403 Iv,
1810 2340 1922 2409 2H),
1962 2355 2146 2392 verum
2179 2340 2339 2393 etiam

776 2440 947 2493 tlrteci
976 2440 1104 2491 ἴδιον
1133 2434 1355 2503 Πνεῦμα
1387 2431 1482 2485 τοῦ
1533 2432 1663 2484 Υἱοῦ
1693 2449 1754 2486 ea
1782 2432 1987 2484 ratione
2039 2433 2244 2493 dicunt,
2285 2442 2343 2485 ut

779 2533 905 2586 inde
932 2529 1164 2598 Spiritus
1197 2543 1224 2580 a
1249 2524 1386 2578 Filio
1412 2524 1564 2592 origo
1588 2523 1742 2591 plane
1764 2521 2162 2582 manifestetur,
2194 2522 2338 2591 quod

777 2641 886 2693 pro-2.
918 2622 1132 2676 caeteris
1157 2618 1408 2672 Petavius
1446 2617 1544 2682 (De
1583 2614 1723 2667 Trin.
1761 2629 1853 2676 vn,
1904 2629 1952 2666 c.
1986 2615 2038 2677 4,
2075 2611 2157 2681 §8
2199 2614 2337 2683 seq.)

777 2713 1034 2768 ostendit.

854 2807 932 2858 l2.
969 2803 1072 2857 Sed
1102 2816 1317 2854 onmem
1350 2808 1529 2852 movet
1571 2797 1792 2850 Photius
1839 2795 2098 2863 lapidem,
2131 2805 2190 2848 ut
2221 2795 2308 2847 ina
2329 2822 2341 2835 -

777 2915 900 2950 nem
933 2905 1092 2963 atque
1118 2891 1403 2946 absurdam
1433 2893 1591 2944 talem
1625 2889 1831 2943 Paulini
1861 2888 2005 2941 citati
2039 2887 2342 2956 intelligente

779 2990 906 3040 tiam
925 2984 1193 3039 ostendat.
1221 2983 1274 3034 In
1304 2981 1489 3050 primis
1513 2981 1702 3033 eodem
1725 2979 1975 3041 artilicio,
2001 2979 2141 3046 quod
2168 2993 2216 3031 c.
2273 2977 2342 3031 20

782 3097 895 3147 seq.
926 3079 1070 3130 circa
1106 3075 1267 3128 verba
1299 3072 1497 3126 Christi
1522 3071 1678 3123 Joan.
1733 3087 1842 3131 xvr,
1885 3070 1968 3130 l5,
1999 3069 2340 3128 adhibuerat,

783 3167 1189 3222 conclusionem
1223 3180 1252 3217 e
1289 3164 1468 3218 Colat.
1503 3179 1575 3225 tv,
1619 3161 1650 3213 6
1691 3161 1972 3214 deductam
2019 3159 2341 3212 contrariam
2369 3199 2412 3255 ς

781 3259 1043 3314 doctrina:
1060 3256 1263 3310 Christi
1292 3254 1514 3324 ellingit,
1556 3251 2003 3318 adversariosque
2033 3248 2180 3320 {183]
2201 3248 2342 3302 Pau-

781 3352 889 3403 lum
924 3364 1046 3403 eum
1069 3347 1354 3401 Servatore
1386 3344 1722 3398 committere
1746 3353 1800 3395 et
1830 3340 2023 3409 injuria
2054 3350 2344 3408 utrumque

780 3438 994 3492 allicere
1025 3437 1339 3506 pronuntiat
1392 3433 1465 3503 (e.
1505 3433 1616 3500 48).
1655 3428 1860 3486 Deinde
1907 3450 1924 3480 ι
1977 3429 2230 3495 Ubinam,
2259 3429 2344 3481 iu-

780 3529 898 3597 quit
929 3537 997 3591 (c.
1035 3529 1148 3595 49),
1173 3527 1372 3578 Paulus
1389 3524 1559 3577 edixit
1592 3523 1854 3590 Spiritmn
1885 3536 1950 3574 ex
1989 3519 2124 3573 Filio
2154 3535 2342 3588 proce-

781 3620 942 3672 dere?
976 3617 1098 3671 Essc
1141 3617 1356 3685 quidem
1408 3611 1536 3667 Filii
1592 3615 1787 3682 (neque
1835 3616 1980 3667 enim
2024 3613 2231 3666 alienus
2278 3613 2345 3666 ab

781 3713 917 3778 ipso,
949 3709 1090 3778 quod
1125 3709 1282 3769 absit)
1315 3718 1368 3761 et
1399 3706 1488 3761 ille
1513 3707 1646 3760 dixit
1681 3717 1734 3759 et
1780 3705 2016 3768 Ecclesia
2045 3706 2158 3768 Dei,
2181 3705 2343 3757 simul

781 3801 1070 3856 ronﬁtetur
1103 3799 1493 3868 intelligitque;
1550 3797 1842 3866 procedere
1875 3805 2056 3848 autem
2101 3805 2168 3849 ex
2212 3793 2344 3848 Filio

780 3908 957 3961 neque
994 3907 1059 3944 ex
1105 3892 1222 3959 ejus
1269 3890 1423 3943 labiis
1465 3887 1664 3943 divinis
1711 3889 1870 3942 rebus
1907 3889 2123 3956 repletis
2151 3887 2347 3955 prodiit

781 3999 1039 4053 unquam.
1084 3997 1259 4051 neque
1292 3982 1500 4049 piorum
1534 3980 1802 4048 quispiam
1854 3980 2055 4047 scripto
2099 3979 2342 4048 protulit,

781 4079 890 4129 imo
917 4091 985 4129 ne
1016 4075 1236 4127 auribus
1251 4074 1469 4142 quidem
1507 4073 1648 4125 hanc
1677 4071 2066 4139 blasphemiam
2095 4073 2344 4140 excipere

781 4168 1055 4222 toleraret.
1087 4173 1156 4233 (e.
1194 4165 1307 4231 49).
1341 4184 1357 4214 ι
1419 4163 1546 4217 Inde
1608 4164 1795 4233 exigit,
1852 4172 1910 4216 ut
1959 4159 2093 4215 nihil
2136 4162 2345 4216 dicatur

782 4269 978 4329 praeter
1012 4258 1064 4312 id
1102 4258 1245 4326 quod
1269 4257 1403 4311 dixit
1429 4256 1740 4325 Apostolus,
1779 4264 1836 4308 ut
1867 4256 1985 4323 ejus
2011 4255 2170 4308 verba
2218 4255 2347 4308 reti-

781 4361 1016 4404 neantur
1048 4365 1148 4403 nec
1182 4350 1274 4402 tali
1317 4347 1652 4417 expositione
1680 4349 2054 4401 immutentur.
2084 4346 2202 4412 Quo
2240 4347 2340 4400 ista

781 4451 1030 4510 spectant
1064 4460 1076 4494 ε
1112 4459 1129 4491 ι
1164 4439 1342 4506 Quare
1400 4438 1561 4509 igitur
1599 4455 1705 4491 non
1733 4447 1789 4491 et
1817 4448 1870 4491 tu
1919 4439 2033 4490 haec
2058 4438 2212 4499 dicis,
2248 4437 2340 4491 sed

2452 607 2616 659 Recte
2646 604 2868 658 omnino
2910 619 2971 656 ac
3003 619 3100 672 pro
3132 602 3394 671 sapientia
3437 602 3537 672 ipsi
3577 603 3834 656 divinitus
3867 604 4018 657 data.

2450 699 2530 751 Tu
2579 713 2708 750 vero
2755 695 2882 763 quid
2935 710 3120 748 vocem
3156 695 3465 756 adulteras,
3514 703 3569 748 et
3622 710 3741 762 quae
3795 696 4017 762 quidem

2449 790 2603 848 dixit,
2637 803 2744 840 nou
2779 787 2935 849 dicis,
2980 801 3100 853 qua:
3148 794 3329 838 autem
3362 801 3429 838 ne
3471 785 3732 854 cogitavit
3772 787 4017 853 quidem,

2449 880 2604 950 quasi
2664 880 2732 932 ab
2799 879 2889 932 illo
2923 879 3063 932 dicta
3116 877 3411 946 praedicare
3462 891 3569 928 non
3616 875 3937 930 erubescis?
3992 893 4012 926 ο

2451 972 2533 1040 (C.
2577 970 2690 1030 5t.)
2718 969 2823 1022 Sed
2863 968 3000 1031 hrec,
3030 968 3107 1020 uti
3141 977 3336 1021 cmtera
3379 966 3667 1035 ejusmodi,
3716 982 3854 1019 vana
3887 974 4018 1019 sunt

2447 1062 2800 1126 declamatio;
2864 1060 2993 1113 illud
3036 1074 3202 1111 unum
3246 1060 3535 1127 quaeritur,
3590 1073 3828 1127 quonam
3857 1067 4018 1126 pacto

2448 1170 2512 1207 ex
2540 1152 2689 1208 Pauli
2734 1152 2913 1206 verbis
2957 1151 3130 1204 Latini
3163 1165 3315 1203 suam
3344 1149 3648 1202 doctrinam
3704 1149 4016 1213 stabiliant;

2448 1254 2611 1311 atque
2638 1243 2855 1311 planum
2881 1251 2964 1294 est
3009 1257 3113 1294 non
3167 1241 3358 1294 deesse
3422 1240 3488 1292 iis
3548 1251 3866 1310 argumenta
3898 1241 4020 1308 qui-

2448 1330 2550 1390 bus
2587 1349 2740 1388 suam
2793 1332 3201 1386 conclusionem
3263 1330 3609 1384 conﬁrment.
3667 1329 3777 1383 lloc
3836 1331 4018 1398 potius

2448 1425 2738 1480 videndum
2764 1433 2866 1483 est,
2899 1421 3031 1489 quid
3070 1421 3261 1474 Photio
3291 1431 3516 1474 auctore
3549 1420 3696 1473 Pauli
3718 1419 3934 1488 phrasis
3960 1420 4020 1471 τὸ

2454 1515 2679 1585 Πνεῦμα
2711 1513 2805 1565 τοῦ
2840 1513 2970 1565 Υῑοῡ
3019 1513 3120 1566 sibi
3159 1512 3308 1565 velit.
3357 1511 3403 1564 Is
3457 1511 3634 1578 itaque
3670 1512 4016 1579 potissimum

2447 1606 2513 1658 ad
2543 1607 2741 1658 nudam
2772 1601 3366 1656 consubstantialitatem
3401 1602 3563 1653 verba
3593 1600 3675 1651 illa
3707 1602 4016 1668 detorquet;

2449 1695 2502 1749 id
2553 1695 2659 1750 illis
2709 1695 3005 1747 indicatum
3059 1701 3269 1754 censet,
3320 1691 3464 1760 quod
3511 1690 3749 1757 Spiritus
3801 1707 3910 1744 non
3951 1692 4020 1744 sit

2448 1788 2699 1841 alienusa
2718 1783 2852 1838 Filio
2867 1787 2937 1851 (c.
2962 1784 3048 1850 49)
3065 1783 3207 1852 quod
3223 1781 3468 1850 ejusdem
3483 1792 3691 1834 natura:
3713 1797 3834 1834 cum
3857 1781 4013 1845 Filio,

2442 1879 2680 1947 ejusdem
2696 1876 2965 1937 essentia,
2981 1874 3222 1942 ejusdem
3241 1872 3442 1941 gloriae,
3459 1872 3699 1940 ejusdem
3718 1873 3946 1926 honoris
3966 1875 4020 1926 ιιι

2443 1967 2823 2023 dominationis
2838 1964 3158 2030 exsistat(c.
3185 1962 3294 2030 5i).
3331 1961 3462 2026 tQui
3492 1960 3656 2030 igitur
3684 1961 3818 2015 dicit
3838 1961 4017 2029 Spiri-

2444 2072 2552 2114 tum
2592 2058 2735 2123 Filii,
2769 2069 2975 2111 natura:
2994 2055 3209 2124 quidem
3225 2056 3344 2108 sine
3365 2053 3468 2106 ulla
3491 2052 3800 2106 diﬂerentia
3821 2054 4018 2107 edocet

2443 2153 2728 2209 unitatem,
2764 2147 3086 2217 principium
3124 2159 3253 2198 vero
3277 2144 3643 2212 processionis
3671 2143 3821 2196 nullo
3852 2145 4016 2196 modo

2441 2241 2600 2295 simul
2625 2240 2862 2302 indicat;
2907 2236 3169 2289 unitatem
3215 2234 3515 2288 secundum
3573 2234 3866 2288 essentiam
3912 2251 4014 2286 no-

2442 2335 2537 2398 vit,
2570 2347 2693 2387 eum
2735 2330 2823 2398 qui
2875 2327 3100 2396 aequalis
3149 2336 3358 2380 natura:
3393 2325 3709 2394 hypostasin
3757 2327 4014 2394 producit

2441 2426 2587 2480 nulla
2623 2439 2842 2493 prorsus
2880 2423 3089 2475 ratione
3126 2419 3286 2473 simul
3317 2419 3573 2487 przedicat
3599 2435 3774 2487 neque
3807 2422 4014 2488 princi-

2439 2524 2586 2592 pium
2623 2522 2862 2574 insinuat
2922 2537 2939 2568 ι
2971 2517 3152 2583 (lliid.)
3187 2516 3390 2570 Deinde
3420 2517 3579 2571 docet
3618 2520 3686 2587 (e.
3739 2519 3829 2584 55)
3881 2535 4014 2572 con-

2441 2611 2853 2667 substantialem
2902 2605 3051 2681 [184]
3082 2623 3200 2662 esse
3253 2607 3515 2675 Spiritum
3577 2609 3744 2672 Patri,
3779 2610 3908 2674 quia
3948 2626 4011 2663 ex

2441 2706 2560 2772 ipso
2589 2705 2829 2773 procedit
2856 2720 2869 2764 ;
2895 2701 3420 2756 consubstantialem
3456 2699 3614 2767 Filio,
3640 2702 3918 2770 «nonquia
3951 2717 4014 2755 ex

2441 2795 2559 2863 ipso
2577 2794 2816 2862 procedit
2847 2799 3053 2862 (apage.
3086 2807 3208 2845 cum
3273 2806 3449 2860 neque
3505 2791 3593 2843 ille
3639 2791 3763 2846 huic
3796 2803 4016 2859 pr0plcr

2443 2887 2893 2956 generationem),
2928 2885 3020 2938 sed
3040 2885 3164 2952 quia
3199 2901 3262 2938 ex
3298 2899 3404 2937 unc
3444 2894 3496 2937 et
3523 2882 3834 2936 indivisibili
3863 2886 4016 2951 prin-

2442 2978 2584 3045 cipio
2634 2977 2699 3029 ab
2734 2987 2940 3029 aeterno
2975 2975 3167 3044 :equali
3200 2975 3396 3029 ordine
3441 2977 3657 3043 utrique
3706 2976 4016 3044 pregressio

2443 3079 2546 3123 est.
2585 3089 2602 3120 ι

2519 3161 2603 3212 15.
2638 3157 2836 3212 Verum
2867 3157 3369 3212 acnomiuationem
3415 3155 3638 3225 Πνεῦμα
3669 3156 3758 3208 τοῦ
3793 3155 3925 3208 Υῐοῦ
3953 3173 4014 3211 ac

2447 3250 2651 3305 similes
2690 3252 2740 3302 in
2795 3250 2980 3302 biblico
3016 3257 3087 3309 et
3134 3247 3406 3316 patristico
3461 3258 3712 3300 sermone
3758 3248 3822 3299 ad
3853 3263 4015 3300 unam

2446 3343 3065 3398 consubstantialitatem
3096 3340 3442 3394 referendam
3492 3357 3614 3395 esse
3666 3342 3825 3394 inane
3859 3355 4016 3409 pror-

2445 3450 2540 3489 sus
2567 3445 2621 3486 et
2653 3435 2843 3486 l‘alsunt
2897 3441 2978 3484 est
3037 3430 3169 3483 Nam
3209 3430 3246 3495 Ι)
3307 3430 3466 3482 latius
3497 3437 3642 3499 patet
3677 3428 3878 3482 dictio:
3929 3429 4016 3482 hic

2447 3537 2530 3581 est
2560 3528 2722 3584 illius,
2762 3540 2922 3593 quam
2946 3522 3243 3591 propositio
3275 3539 3289 3575 :
3330 3522 3420 3575 hic
3437 3530 3522 3574 est
3553 3522 3625 3574 illi
3651 3521 4014 3575 consubstan-

2449 3620 2609 3675 tialis.
2653 3619 2804 3683 Quod
2854 3619 2904 3669 in
2974 3617 3158 3684 primis
3188 3615 3279 3684 qui
3333 3616 3660 3684 peculiarem
3724 3623 4010 3666 tiactatum

2446 3723 2632 3768 contra
2681 3721 2984 3765 asserentes
3036 3708 3297 3780 Spiritum
3343 3708 3436 3761 τοῦ
3492 3708 3621 3760 Υἱοῦ
3664 3707 3769 3761 dici
3825 3707 3912 3760 διὰ
3953 3707 4012 3757 τὸ

2444 3806 2728 3874 ὀμοούσιον
2755 3805 2784 3874 ἢ
2817 3804 2904 3854 διὰ
2935 3803 2992 3854 τὸ
3023 3801 3375 3871 χορηγεῖσθαι
3402 3802 3490 3854 ὑπ’
3515 3800 3674 3853 αὖτοῦ
3701 3803 3809 3862 τοῖς
3840 3799 4011 3863 ἀξίαις

2446 3895 2788 3960 conscripsit.
2815 3891 3062 3960 Georgius
3085 3891 3427 3960 Pachymeres
3453 3902 3605 3962 urget
3632 3892 3713 3957 ((5.
3738 3889 3797 3946 Ο.
3829 3890 3865 3951 l,
3887 3893 4009 3960 593)

2446 3983 2672 4037 dicens:
2713 4003 2728 4032 ι
2768 3983 3006 4047 Quilibet
3057 3983 3313 4036 fatebitur
3346 3984 3460 4036 τόδε
3495 3984 3646 4035 τοῦδέ
3679 4001 3822 4045 τινος
3866 3982 4004 4036 εἶναι

2445 4075 2809 4128 universalius
2865 4075 3143 4143 praedicari
3207 4076 3488 4142 (ἐπιπλὲον
3535 4071 3698 4141 εἶναι)
3738 4092 3904 4144 quam
3954 4078 4013 4126 τὸ

2445 4165 2750 4234 ὁμοούσιον.
2792 4167 2990 4218 Domus
3044 4167 3245 4219 etenim
3300 4167 3416 4220 haec
3467 4165 3710 4220 Socratis
3760 4177 3812 4220 et
3860 4167 4015 4221 sedes

2445 4255 2728 4321 Platonis;
2766 4257 2860 4310 sed
2909 4272 3016 4309 non
3049 4258 3531 4310 consubstantialis
3560 4267 3665 4319 est,
3705 4273 3881 4326 neque
3918 4260 4014 4309 do-

2446 4363 2589 4411 mus,
2615 4364 2789 4417 neque
2823 4348 2981 4401 sedes
3011 4348 3349 4416 philosophis
3386 4348 3507 4400 illis.
3553 4368 3570 4398 )
3612 4347 3820 4401 Revera
3849 4350 4016 4400 nomi-

2447 4439 2661 4492 nativus
2712 4437 2948 4507 Spiritus
2973 4454 3094 4491 cum
3133 4438 3373 4507 genitivo
3405 4437 3524 4492 Filii
3554 4439 3759 4491 nemini
3816 4439 4014 4507 ingerit

780 4545 945 4600 prave
992 4532 1145 4600 agis,
1201 4530 1381 4582 omnia
1445 4528 1713 4596 susdeque
1784 4529 1944 4582 vertis
2000 4539 2054 4581 et
2119 4531 2343 4582 verbum
2375 4535 2420 4589 ἰ)
2451 4531 3032 4585 consubstantialitatis
3064 4530 3258 4582 ideam.
3297 4530 3495 4582 Verum
3525 4528 3588 4596 ll)
3629 4530 3759 4581 nihil
3793 4531 4015 4596 prodest

781 4619 1046 4686 praeconis
1084 4619 1350 4688 pervertis
1372 4627 1446 4680 et,
1479 4618 1620 4685 quod
1657 4618 1873 4686 gravius
1895 4628 1994 4677 est,
2031 4619 2168 4671 hanc
2200 4628 2343 4672 tuam

784 4709 1188 4778 perversionetn
1224 4715 1383 4775 atque
1418 4705 1810 4775 blasphemiam
1832 4705 1884 4757 in
1910 4705 2078 4774 ipsam
2107 4705 2345 4758 doctoris

854 4905 964 4973 (83)
1006 4902 1252 4973 Graecum
1299 4900 1562 4973 Manuelis
1609 4908 1814 4973 teritum
1851 4896 2079 4973 dat_Leo
2111 4899 2343 4973 _Allatius

790 4967 992 5025 Viitdic.
1026 4989 1139 5040 syn.
1177 4971 1309 5038 Eph.
1349 4987 1398 5039 p.
1438 4972 1536 5021 124
1565 4988 1575 5021 :
1603 4970 1784 5040 i‘Emt
1814 4970 1920 5040 γὰρ
1953 4970 2008 5018 ἐν
2049 4971 2154 5029 τοῖς
2184 4967 2346 5040 eum;

778 5045 894 5096 τάδε
926 5041 1100 5101 τοῦδε,
1134 5041 1230 5108 τῆς
1263 5041 1395 5107 ὕλης
1431 5042 1523 5090 καὶ
1557 5039 1751 5108 τῶνέν
1787 5039 1931 5108 αὐτῇ
1951 5039 2345 5108 παρεπομένων

781 5107 1204 5180 ἀπεληλαμένῳν
1223 5109 1333 5162 οὗθ’
1347 5109 1421 5171 ὡς
1441 5107 1738 5180 μὲλος,φῦθ⁹
1755 5107 1828 5169 ὡς
1848 5107 2051 5180 κτῆμα,
2068 5107 2184 5180 eos;
2207 5107 2345 5160 κατὰ

780 5202 804 5231 τ
818 5200 901 5234 ινα
923 5177 1196 5249 ὕπεροχὴν
1213 5182 1305 5231 καὶ
1324 5179 1580 5246 τοιαύτην
1595 5179 1761 5249 ἄλλην
1783 5177 2088 5249 οἰγζειότητα
2107 5177 2342 5249 λέγεται,

782 5251 925 5302 κατὰ
945 5251 998 5302 δὲ
1021 5241 1180 5318 μόνον
1193 5251 1364 5300 αἴτιον
1382 5241 1747 5307 mairum,
1772 5249 1826 5297 ὲν
1848 5241 1891 5312 ᾧ
1916 5241 2060 5315 μόνῳ
2085 5248 2144 5297 τὸ
2162 5248 2345 5314 ἕτερον

780 5320 873 5372 τοῦ
903 5321 1086 5388 ἐτέρου
1109 5319 1482 5388 διακρίνεσθαι
1506 5318 1996 5388 καταλαμῆὰνομεν
2025 5319 2162 5388 ψωο
2181 5318 2342 5386 Greg.

782 5392 936 5466 ﬁyss.
957 5385 1172 5466 asserit.
1198 5385 1325 5466 Vide
1351 5387 1484 5466 inira
1509 5397 1618 5466 art.’
1640 5404 1710 5448 tv,
1738 5385 1837 5466 ἓῖ,
1864 5395 1989 5466 nota
2016 5386 2072 5466 1.-
2088 5387 2341 5466 Φ-ανερὸν,

782 5454 862 5511 ait
896 5460 1079 5512 καὶτὸ
1117 5458 1376 5523 λέγεσθαι
1409 5457 1537 5508 ἴδιον
1573 5454 1708 5507 εἶναι
1730 5455 1824 5506 τοῦ
1864 5456 1990 5506 Υξοῦ
2025 5457 2086 5506 τὸ
2121 5454 2343 5524 Πνεῦμα

784 5530 924 5581 κατὰ
982 5528 1168 5579 τοῦτον
1204 5528 1359 5595 μόνον
1398 5525 1489 5578 τὸν
1542 5527 1637 5594 τῆς
1687 5526 1865 5588 αἰτίας
1914 5526 2068 5592 λόγον
2120 5526 2341 5578 δύναται

787 5597 1320 5664 καταλαμϐάνεσθαι.

855 5669 966 5734 (Si)
1005 5669 1112 5718 Καὶ
1142 5667 1201 5717 τὸ
1234 5664 1455 5732 Πνεῦμα
1500 5665 1827 5734 ἀναφορικὸν
1866 5668 2010 5717 ἐστιν
2052 5667 2218 5733 ovs-pa
2248 5667 2340 5734 καξ.

791 5739 923 5802 πρὸς
951 5732 1061 5788 ’τὸν
1109 5738 1336 5788 πνέοντα
1379 5732 1688 5787 ἁποδίδοταί
1719 5736 1774 5797 ἐξ
1821 5735 2085 5803 ἀνάγκης,
2140 5732 2228 5787 καὶ
2278 5732 2337 5786 οὗ

794 5805 1007 5873 λέγεται
1041 5805 1251 5876 πνεῦμα
1275 5805 1332 5871 ἐξ
1361 5806 1565 5858 ἐκείνου
1601 5807 1813 5867 πάντως
1845 5808 1933 5858 καὶ
1960 5809 2184 5859 πνεῖται.
2216 5809 2333 5856 "0::

2452 4623 2491 4674 si
2525 4623 2592 4675 de
2627 4622 2689 4673 iis
2717 4621 2885 4674 solum
2944 4631 3133 4690 agatur
3183 4634 3302 4690 qua:
3345 4620 3812 4673 consubstantialia
3865 4621 4005 4672 nori-

2451 4731 2584 4768 mus.
2626 4733 2642 4763 ι
2681 4713 2834 4778 Quod
2866 4714 2930 4777 si,
2969 4733 2984 4764 ι
3039 4713 3109 4765 ita
3163 4715 3337 4782 pergit
3375 4711 3632 4781 przefatus
3661 4721 3874 4774 auctor,
3907 4729 3922 4760 ι
3961 4712 4012 4761 in

2449 4908 2557 4976 γὰρ
2588 4906 2895 4973 ἀναφῡρικὰ
2925 4910 2992 4956 τὰ
3028 4904 3364 4976 ὑποστατικὰ
3426 4906 3665 4976 ὀνόματα
3692 4905 3799 4976 τῆς
3842 4905 4011 4975 Τριά-

2448 4975 2557 5042 60;,
2583 4977 2756 5037 οὐδεὶς
2789 4977 3028 5043 ἀντερεῖ·
3067 4975 3432 5026 ὑποστατικδν
3456 4975 3592 5026 δὲτὸ
3623 4975 3715 5025 τοῦ
3754 4977 4013 5043 “vei-ria.-

2449 5063 2538 5108 τος
2570 5048 2740 5114 ὄνομα
2768 5045 2826 5095 τὸ
2870 5045 3092 5112 Πνεῦμα
3124 5045 3184 5094 τὸ
3227 5045 3380 5109 ἆγιον
3424 5045 3664 5114 λέγεται,
3695 5043 3885 5114 ὥσπερ
3917 5048 4010 5096 καὶ

2448 5115 2540 5168 τοῦ
2571 5113 2784 5182 Πατρὸς
2822 5117 2848 5166 ὁ
2882 5116 3064 5184 Πατὴρ
3088 5115 3179 5184 καὶ
3210 5115 3236 5165 ὁ
3270 5114 3392 5173 Υἱὸς
3421 5113 3512 5165 τοῦ
3553 5113 3676 5165 Υξοῦ
3709 5129 3722 5142 ·
3762 5113 3862 5166 καῖ
3891 5118 4012 5165 dva-

2450 5187 2674 5255 φορικὸν
2711 5186 2768 5248 ἐξ
2800 5183 3076 5255 ἀνάγκης.
3098 5183 3285 5252 ὥσπερ
3309 5184 3588 5255 καὶταῦτα
3615 5199 3627 5211 ·
3667 5184 3823 5251 εἴπερ
3852 5186 4006 5236 οὐσία

2452 5254 2550 5324 μὲν
2578 5257 2674 5306 οὐκ
2703 5257 2868 5311 ἐστιν.
2907 5255 3032 5307 ἄλλο
3064 5254 3118 5306 δὲ
3151 5256 3300 5322 παρὰ
3329 5254 3425 5313 τὰς
3458 5255 3735 5324 ἀναφορρς
3779 5257 3873 5304 καὶ
3911 5259 4007 5320 τὴν

2447 5319 2635 5376 ὸὺσίαν
2660 5327 2716 5376 ἐν
2743 5329 2855 5386 rei;
2886 5324 3048 5385 θείοις
3083 5325 3181 5376 οὐκ
3204 5319 3368 5374 tactv.
3405 5324 3614 5386 Ὥσπερ
3640 5319 3734 5373 ὀῦν
3767 5325 3859 5373 τὸν
3885 5319 4008 5374 Υξδν

2447 5395 2534 5447 διὰ
2560 5396 2620 5446 τὸ
2651 5395 2975 5465 ἀναφορικὸν
3007 5394 3176 5462 ὗνυμα
3198 5389 3338 5465 εἶναι
3363 5393 3458 5465 καὶ
3490 5391 3834 5465 ἁπορξδοσοας
3872 5394 4007 5461 πρὸς

2447 5460 2955 5534 Πατέρα,δεδίαμεν
2981 5460 3220 5534 muros
3251 5463 3568 5534 Πνεύματοέ
3596 5460 3795 5534 λέγειν,
3819 5463 3905 5514 ἶνα
3923 5460 4006 5529 μὴ

2448 5531 2629 5603 πατὴξδ
2658 5535 2822 5586 αὑτοῦ
2857 5531 3109 5603 νομισθῇς
3155 5533 3297 5583 οὕτω
3323 5534 3413 5583 καὶ
3435 5534 3494 5603 Ῡδ
3529 5531 3769 5598 Πνεῦμα·
3806 5536 4007 5603 an“-

2450 5597 2609 5673 9:be
2628 5604 2795 5672 ὄνομα
2826 5603 2904 5663 ὃν,
2921 5597 2932 5602 ⁷
2958 5597 3297 5663 καὶ”πάντυ)ς
3329 5597 3740 5673 ἀποδιδόμενόνᾷ
3761 5597 4007 5673 πρὸς-τὸν

2443 5667 2696 5774 ξπλνέοντα,
2724 5667 2788 5739 ’ἐξ
2836 5675 3044 5726 ἐκείνου
3095 5673 3184 5725 καὶ
3232 5673 3467 5735 πνεῖται,
3511 5669 3572 5727 οὗ
3603 5670 3832 5742 Πνεῦμα
3869 5667 4005 5722 εἶναι

2444 5759 2681 5810 ιεγεται.
