4242 6438
211 412 296 474 Ml

901 412 996 470 DE
1037 413 1097 471 S.
1141 412 1338 470 SPIR.
1379 409 1880 473 MYSTAGOGIA.
1908 430 1974 446 -“·
2011 409 2753 469 ANIMADVERSIONES.

3333 413 3436 474 442

213 519 726 575 consubstantialibus
749 519 908 571 etiam
935 519 1056 570 solis
1086 527 1384 586 quaaratur,
1423 518 1646 571 minime
1685 517 1766 570 in-
1799 523 1841 577 Α
1870 518 2065 585 quibus
2087 527 2454 572 commentum
2487 518 2612 570 illttd
2637 518 2959 572 destruitnr.
2986 538 3003 568 ι
3036 521 3136 584 Qui
3160 534 3432 587 asserunt,

213 613 503 674 veniemus,
536 611 592 663 in
623 609 1178 663 consubstantialibus
1204 609 1458 662 omnibus
1496 609 1646 676 sequi
1669 608 1771 661 hoc

213 708 428 775 hujusce
474 719 619 766 esse,
663 699 758 756 sed
804 711 859 755 et
890 702 945 754 in
989 702 1074 754 his
1121 702 1283 753 etiam
1320 701 1568 769 plurimis
1599 700 1773 753 modis

215 799 433 855 deﬁcere
458 793 812 863 comperitur.
840 789 1333 846 Consubstautialis
1353 791 1552 859 quippe
1580 789 1774 844 Petrus

216 901 290 945 est
313 888 480 943 Paulo
514 894 568 941 et
599 887 759 940 Petro
786 883 1015 949 Paulus;
1045 883 1141 937 sed
1169 898 1348 952 neque
1374 883 1571 936 Paulus
1603 883 1772 946 Petri,

216 997 383 1049 neque
413 980 606 1036 Petrus
629 976 801 1031 Pauli.
841 977 970 1030 Ideo
1025 976 1199 1029 multo
1246 976 1428 1029 minus
1471 977 1680 1044 patebit
1720 975 1778 1025 τὸ

216 1071 491 1142 ὁμοούσιον
524 1084 686 1138 quam
713 1069 772 1119 τὸ
818 1067 936 1120 τόδε
969 1066 1122 1119 τοῦδέ
1181 1083 1327 1128 τινος
1367 1061 1508 1117 εἶναι
1565 1065 1661 1117 καὶ
1691 1063 1777 1114 λέ-

217 1165 418 1233 γεσθαι.
475 1159 629 1215 Tunc
680 1161 826 1214 enini
885 1159 1109 1212 omnino
1149 1159 1332 1212 minus
1382 1156 1778 1211 diﬂ‘underetur

219 1253 694 1318 consubstantiale,
728 1267 890 1320 quam
923 1252 1025 1304 hoc
1057 1251 1289 1319 alicujus
1320 1265 1442 1304 esse
1475 1259 1530 1303 et
1573 1247 1700 1311 dici,
1733 1248 1776 1300 si

225 1347 317 1402 hoc
342 1347 562 1416 quidem
605 1345 682 1398 illi
717 1359 784 1398 ex
835 1343 1003 1396 altera
1060 1351 1214 1410 parte
1264 1357 1372 1394 non
1427 1339 1779 1408 responderet

224 1438 357 1506 (οὐκ
385 1433 768 1507 ἀντέστρεφε).
800 1433 1161 1505 responderet.
1188 1449 1318 1487 vero
1352 1447 1416 1485 ac
1459 1440 1780 1499 congrueret

223 1530 342 1584 huic
372 1527 873 1591 consubstantiale;
902 1543 1026 1581 cum
1061 1542 1191 1580 vero
1252 1528 1432 1578 minus
1459 1525 1528 1577 sit
1573 1533 1629 1575 et
1672 1537 1777 1574 non

225 1637 399 1685 omne,
427 1620 571 1689 quod
599 1627 685 1673 est
723 1618 886 1672 alicui
929 1616 1415 1680 consubstantiale,
1443 1615 1604 1682 hujus
1635 1613 1782 1666 dica-

227 1724 326 1776 tur,
360 1711 609 1782 ampliori
636 1725 891 1763 mensura
919 1707 1368 1762 eonsubstantiali
1391 1705 1571 1770 inerit,
1603 1705 1782 1757 minus

223 1819 359 1867 csse,
395 1818 558 1872 quam
593 1801 688 1865 illi,
721 1800 866 1870 quod
900 1800 1126 1868 hujusce
1150 1808 1251 1851 est.
1281 1815 1302 1848 ο
1340 1796 1596 1850 Similiter
1628 1795 1782 1865 Hugo

227 1895 549 1950 Etherianus
607 1895 664 1962 (l.
704 1908 766 1958 Il,
811 1908 862 1946 c.
911 1892 1000 1954 ΞΟ,
1038 1906 1092 1959 p.
1151 1889 1356 1956 1225):
1401 1887 1535 1942 Cum
1591 1902 1784 1941 omnes

226 1988 465 2041 homines
523 1986 664 2038 inter
720 2000 778 2038 se
823 1984 932 2037 sint
993 1979 1528 2043 consubstantiales,
1602 1989 1784 2031 tamen

234 2100 250 2129 ί
294 2080 474 2134 nullus
501 2079 663 2131 homo
693 2074 842 2147 [l85]
880 2077 930 2128 in
983 2090 1049 2128 eo
1083 2073 1227 2142 quod
1259 2074 1420 2126 homo
1471 2071 1577 2136 (vel
1627 2071 1784 2122 alteri

226 2167 721 2230 consubstantialis)
753 2165 981 2218 alterius
1014 2179 1132 2217 esse
1161 2163 1377 2217 dicitur.
1421 2180 1439 2211 ι
1487 2161 1665 2229 Pergit
1696 2158 1784 2226 Ill)

228 2261 587 2329 Pachymeres
616 2258 694 2326 (p.
718 2257 842 2326 594)
873 2275 884 2309 :
918 2275 936 2306 ε
974 2252 1086 2308 Hoc
1114 2269 1373 2308 concesso
1406 2251 1786 2318 inquirendum

226 2365 322 2415 est,
355 2362 538 2406 utrum
596 2350 769 2420 magis
811 2364 868 2403 se
934 2348 1194 2402 extendat
1236 2362 1398 2400 causa
1446 2344 1660 2416 (αἴτιον)
1721 2359 1789 2397 an

226 2446 449 2500 ell‘ectus
478 2444 789 2513 (αἰτιατόν).
818 2443 948 2496 Sine
977 2443 1142 2496 dubio
1171 2455 1355 2495 causa.
1398 2440 1578 2504 Quare
1599 2438 1641 2492 si
1671 2438 1791 2506 quis

227 2546 450 2606 quaerat,
488 2552 585 2590 cur
614 2536 788 2588 lumen
821 2535 962 2587 radii
991 2534 1190 2588 dicitur
1216 2531 1352 2602 (φῶς
1393 2533 1608 2592 ἀκτῖνος
1635 2529 1792 2595 λέγε-

227 2629 357 2694 ται),
407 2631 632 2682 stultum
679 2627 821 2680 foret
866 2628 1197 2694 respondere
1231 2641 1242 2675 :
1279 2623 1404 2691 quia
1435 2622 1794 2676 consubstan-

231 2713 350 2771 tiale
399 2727 517 2782 est;
584 2717 676 2770 sed
734 2718 776 2770 si
838 2717 959 2786 quis
1007 2715 1319 2783 quaesierit:
1372 2713 1654 2778 Quomodo
1680 2712 1796 2765 haec

231 2811 711 2865 consubstantialia
747 2821 894 2870 sunt,
922 2819 1049 2862 tunc
1083 2809 1259 2862 locum
1299 2809 1461 2861 habet
1490 2806 1791 2875 responsio,

230 2903 350 2972 quia
385 2906 488 2955 hoc
525 2903 750 2969 hujusce
775 2901 991 2962 dicitur,
1018 2901 1144 2954 licet
1179 2900 1232 2953 in
1264 2900 1513 2968 pluribus
1563 2899 1796 2952 consub—

232 2992 577 3046 stantialibus
610 2991 660 3045 id
712 3005 874 3044 causa
931 3005 1036 3042 non
1089 2991 1178 3042 sit.
1232 2988 1320 3042 Sic
1355 2997 1409 3042 et
1440 2990 1492 3040 in
1524 2988 1796 3056 proposita

232 3082 532 3150 quaestione
565 3081 835 3150 quispiam
878 3080 1097 3133 audebit
1129 3079 1341 3132 ell‘erre.
1395 3076 1450 3131 Si
1482 3077 1650 3146 magis
1693 3078 1799 3130 late

1874 611 1950 662 ait
2003 607 2263 675 Georgius
2303 608 2697 676 Trapezuntius
2744 609 2832 679 (G.
2885 609 2949 663 0.
2998 605 3037 674 Ι,
3099 612 3219 678 511,
3276 631 3322 666 c.
3358 617 3437 680 4),

1877 701 1994 753 Filii
2049 698 2308 767 Spiritum
2361 699 2467 753 dici
2519 698 2659 750 κατὰ
2715 699 2777 750 τὸ
2820 700 3124 768 ὁμωύσιον,
3185 705 3435 760 delirant.

1873 795 1984 848 Cur
2023 793 2169 846 enim
2219 807 2327 844 non
2382 792 2615 845 dicimus
2650 791 2743 842 τὸν
2794 793 3013 862 Πατέρα
3048 795 3142 847 τοῦ
3181 798 3438 867 Πνεύμα-

1875 903 1963 948 τος
1993 928 2007 951 ,
2057 899 2183 939 cum
2214 885 2458 953 ejusdem
2489 901 2552 939 ac
2582 884 2820 954 Spiritus
2855 897 3060 943 natura:
3086 889 3192 943 sit?
3226 891 3307 944 An
3334 907 3440 944 non

1876 986 2124 1043 apertum
2150 976 2297 1030 ‘inde
2327 987 2598 1042 remanet,
2633 995 2755 1032 eum
2816 980 2904 1048 qui
2951 976 3164 1034 Patrem
3212 981 3445 1051 Spiritus

1877 1069 2032 1131 dicit,
2064 1068 2323 1138 Spiritum
2356 1069 2535 1123 dicere
2583 1071 2777 1124 Filium
2832 1081 2886 1124 et
2933 1071 3351 1141 blasphemare?
3384 1073 3446 1126 Et

1880 1161 2089 1231 pariter
2119 1177 2241 1216 eum
2282 1162 2373 1229 qui
2405 1160 2599 1214 Filium
2627 1163 2862 1231 Spiritus
2901 1162 3053 1224 dicit,
3087 1173 3274 1232 utpote
3327 1165 3447 1231 Spi-

1882 1255 2048 1307 ritum
2105 1254 2159 1305 in
2217 1253 2429 1305 Patrem
2477 1251 2620 1323 [186‘]
2677 1254 3193 1308 transformantent?
3251 1273 3267 1306 t
3308 1256 3449 1307 Sane

1882 1347 2035 1413 juxta
2065 1344 2208 1396 illam
2249 1345 2640 1412 expositionem
2692 1360 2816 1398 cum
2875 1356 2984 1398 tres
3040 1363 3285 1415 persona:
3342 1348 3448 1398 sint

1883 1439 2027 1491 inter
2076 1452 2134 1489 se
2194 1437 2703 1499 cmisubstantiales,
2766 1439 3028 1506 quaelibet
3087 1439 3307 1491 deberet
3347 1440 3449 1492 dici

1883 1529 2130 1583 alterius.
2170 1527 2328 1595 Atqui
2355 1528 2612 1580 abhorret
2642 1527 2709 1580 ab
2746 1528 2846 1580 hoc
2873 1529 3122 1596 loquendi
3154 1543 3266 1582 tuos
3296 1531 3448 1582 theo-

1885 1620 2091 1689 logieus
2113 1626 2168 1672 et
2210 1617 2586 1680 Christianus;
2628 1626 2681 1671 ct
2712 1618 2753 1670 si
2808 1618 2898 1686 qui
2952 1619 3261 1686 paucissimi
3307 1621 3387 1672 vel
3423 1635 3452 1672 e

1882 1712 2248 1766 schismaticis
2297 1712 2469 1775 fuere,
2510 1712 2601 1780 qui
2663 1710 2896 1780 Spiritus
2942 1712 3113 1764 sancti
3178 1715 3451 1781 proprium

1887 1804 2133 1858 dicerent
2157 1804 2350 1857 Filium
2386 1803 2477 1872 (cf.
2513 1802 2704 1857 ConSt.
2736 1804 2980 1857 Meliten.
3014 1817 3151 1857 orat.
3186 1805 3236 1867 l,
3271 1819 3317 1856 e.
3352 1804 3455 1867 '57;

1887 1897 1950 1952 G.
1994 1896 2057 1950 Ο.
2099 1895 2161 1956 ll,
2207 1912 2262 1964 p.
2292 1896 2439 1960 716).
2489 1896 2703 1962 plurimi
2741 1905 2916 1948 tamen
2955 1894 3005 1947 id
3043 1895 3265 1947 omnino
3318 1894 3457 1962 reje-

1887 1995 2102 2050 cerunt,
2131 1989 2274 2040 inter
2297 2002 2432 2056 quos
2465 1987 2680 2040 Marcus
2710 1987 2978 2055 Ephesius
3000 2003 3017 2035 t
3048 1984 3235 2051 Filius,
3265 1987 3457 2053 inquit,

1892 2079 2127 2149 Spiritus
2166 2080 2339 2133 sancti
2377 2095 2551 2148 neque
2588 2090 2671 2132 est
2715 2095 2890 2146 neque
2918 2080 3116 2133 dicitur
3164 2080 3458 2132 secundum

1891 2172 2212 2242 Gregorium
2246 2172 2545 2241 Nyssenum
2583 2173 2716 2240 (83$).
2755 2190 2772 2222 ›
2813 2171 2986 2239 Hujus
3011 2173 3154 2224 cnim
3190 2171 3302 2224 hatc
3339 2182 3463 2224 sont

1890 2263 2096 2316 verba:
2147 2261 2206 2312 ’0
2233 2263 2358 2322 Υἱὸς
2391 2261 2484 2314 τοῦ
2526 2261 2838 2330 Πνεὺματος
2872 2260 2994 2312 οὗτε
3029 2261 3174 2311 ἐστιν
3210 2259 3330 2311 οὗτε
3376 2259 3463 2311 λέ-

1893 2370 2072 2422 γεται,
2109 2353 2226 2406 οὐδὲ
2277 2353 2628 2423 ἀντιστρέφει
2665 2353 2696 2421 ἡ
2732 2352 2955 2421 σχετικὴ
2982 2352 3121 2419 αὕτη
3151 2350 3460 2403 ἀκολουθία.

1895 2446 2000 2500 Sed
2032 2445 2074 2499 si
2104 2446 2204 2500 hoc
2232 2460 2341 2498 non
2367 2445 2722 2509 convertitur,
2759 2445 2811 2497 id
2845 2443 3462 2496 consubstantialitatent

1899 2553 2008 2591 non
2042 2538 2294 2601 denotat;
2328 2536 2370 2589 si
2403 2535 2546 2588 enim
2597 2535 2662 2587 ad
2714 2533 3001 2602 ὁμοούσιον
3058 2532 3194 2586 foret
3225 2531 3464 2586 referen-

1893 2629 2050 2689 dum,
2089 2628 2197 2696 jam
2227 2643 2258 2680 e
2288 2641 2552 2680 converso
2586 2626 2861 2678 diceretur
2910 2623 2983 2676 uti
3040 2623 3271 2692 Spiritus
3323 2620 3463 2681 Filii,

1897 2721 1976 2774 sic
2005 2718 2174 2772 Filius
2200 2717 2454 2787 Spiritus.
2490 2717 2750 2770 Praeterea
2784 2715 3053 2785 genitivus
3088 2714 3178 2765 τοῦ
3209 2712 3337 2765 Υἱοῦ
3386 2713 3466 2764 vel

1900 2814 2104 2866 indicat
2141 2810 2561 2878 possessionem,
2601 2809 2985 2877 proprietatem
3036 2807 3117 2859 vel
3158 2805 3468 2857 relationem

1899 2904 2219 2973 quamdam;
2252 2903 2546 2972 generatim
2570 2902 2618 2952 id
2642 2901 2836 2954 dicitur
2856 2900 3102 2965 alicujus,
3120 2898 3253 2965 quod
3272 2900 3338 2947 ad
3355 2913 3471 2947 eum

1903 3010 2210 3064 quocunque
2235 2995 2385 3045 modo
2417 2992 2659 3060 pertinet.
2717 2991 2818 3045 Sed
2853 3006 2913 3043 ex
2945 2990 3228 3058 principiis
3255 2989 3466 3040 theolo-

1905 3087 2039 3155 gicis
2072 3085 2295 3137 Patrum
2347 3083 2640 3136 relationes
2691 3082 2743 3134 in
2778 3081 2974 3134 divinis
3009 3089 3135 3132 sunt
3189 3079 3474 3131 relationes

234 3184 376 3242 ντιιει
409 3189 533 3228 €550
563 3182 617 3226 ει
648 3173 751 3227 diei
795 3171 1058 3240 δβίτίιιηη
1114 3171 1256 3233 Fimo
1297 3181 1354 3224 υι
1378 3171 1490 3240 iam
1531 3186 1596 3224 εἰ
1641 3171 1798 3223 ἀίει-ξε
1827 3188 1869 3246 c
1904 3179 2168 3248 originis;
2205 3179 2424 3231 nomina
2462 3180 2621 3230 trium
2681 3191 3035 3246 personarum
3092 3175 3202 3242 ipsa
3235 3183 3361 3227 sunt
3389 3189 3473 3226 re-

233 3273 296 3316 de
333 3261 898 3317 eonsubstantialitate
927 3260 1081 3314 fateri
1113 3262 1396 3325 debemus,
1432 3261 1478 3316 si
1511 3262 1633 3329 quis
1658 3277 1803 3329 quae-

235 3355 428 3408 sierit:
473 3354 652 3418 Quare
693 3353 1178 3408 consubstantialis
1219 3351 1456 3422 Spiritus
1517 3351 1656 3407 Filio
1688 3354 1806 3407 est?

235 3447 518 3500 Commode
544 3444 980 3514 respondebitur,
1009 3444 1152 3512 quod
1177 3441 1297 3497 Filii
1336 3442 1572 3512 Spiritus
1606 3444 1806 3497 dicitur

238 3539 473 3606 Spiritus
491 3546 945 3603 sanctus;ncque
983 3537 1128 3588 enim
1185 3535 1449 3589 ascititius
1476 3534 1806 3603 (ἐπίκτητον)

238 3643 317 3683 est
344 3631 441 3693 illi,
472 3640 532 3682 ut
553 3629 708 3682 nobis
728 3638 853 3682 sunt
879 3644 940 3681 ea
961 3643 1081 3696 quae
1103 3627 1464 3696 possidemus,
1487 3627 1579 3680 sed
1605 3639 1810 3680 :rterno

239 3738 298 3775 ac
320 3722 554 3776 naturali
573 3722 731 3774 modo
755 3735 1101 3788 promanans.
1130 3718 1283 3773 Sicut
1305 3719 1346 3773 si
1369 3720 1488 3785 quis
1505 3727 1807 3788 quaereret:

240 3816 416 3878 Quare
475 3811 952 3865 consubstantialis
999 3819 1082 3864 est
1134 3809 1302 3865 Filius
1343 3810 1804 3872 Patri?dicln.'ts,

239 3911 362 3974 quia
411 3907 591 3959 Patris
635 3905 803 3957 Filius
847 3907 919 3957 sit
953 3903 1156 3968 Filius;
1208 3913 1262 3957 et
1315 3912 1397 3957 est
1457 3911 1718 3972 praeterea
1749 3918 1815 3956 ex

242 3998 396 4051 Patre
428 3997 732 4050 secundum
763 3995 1150 4058 substantiam,
1175 3994 1268 4048 sed
1289 4003 1396 4047 non
1423 3993 1496 4045 uti
1523 4004 1811 4046 creaturae.

242 4089 309 4142 At
347 4105 480 4143 vero
515 4088 841 4156 respondere
872 4087 937 4140 ad
975 4086 1352 4154 qmestionem,
1384 4101 1481 4137 cur
1518 4082 1635 4136 Filii
1663 4084 1816 4136 dica-

243 4194 329 4235 tur
374 4182 634 4250 Spiritus,
667 4181 809 4249 quod
840 4179 912 4232 illi
960 4177 1446 4232 consubstantialis
1471 4187 1575 4238 est,
1613 4177 1818 4229 insulsa

244 4282 323 4326 est
363 4272 654 4341 responsio
683 4281 736 4324 et
763 4285 870 4324 non
898 4270 1049 4338 juxta
1081 4269 1391 4322 dialecticas
1430 4267 1595 4336 leges.
1633 4268 1816 4320 Minus

243 4365 389 4419 enim
431 4373 586 4433 patet
633 4361 1096 4415 consulistantiale
1144 4374 1209 4412 eo
1265 4359 1408 4426 quod
1460 4368 1546 4410 est
1595 4357 1818 4424 hujusce

245 4472 384 4509 esse.
422 4457 486 4507 lat
518 4454 791 4522 quomodo
816 4451 958 4521 quod
1003 4451 1182 4504 minus
1213 4465 1330 4504 sese
1381 4449 1642 4510 extendit,
1677 4448 1820 4500 illius

1908 3272 2094 3334 lativa,
2125 3271 2416 3324 denotatur
2447 3271 2627 3338 itaque
2665 3270 2751 3322 hic
2784 3268 3042 3322 habitudo
3072 3267 3295 3336 originis
3331 3264 3466 3333 (86).

1910 3362 2094 3431 Neque
2141 3377 2299 3415 secus
2348 3363 2486 3415 ratio
2535 3362 2684 3414 reddi
2729 3371 2934 3430 posset,
2993 3375 3089 3412 cur
3117 3375 3225 3411 non
3270 3359 3480 3411 dicatttr

1915 3453 2083 3507 Filius
2111 3453 2366 3523 prejiritts
2405 3453 2641 3521 Spiritus
2670 3452 2864 3511 sancti,
2896 3449 3052 3503 Pater
3082 3450 3332 3518 proprius
3356 3447 3480 3517 Spi-

1913 3545 2068 3597 ritus.
2123 3544 2510 3610 Proprietatem
2546 3558 2652 3594 non
2696 3543 2860 3594 habet
2909 3543 3086 3594 divina
3137 3555 3364 3609 persona
3427 3540 3478 3592 in

1914 3636 2094 3698 aliam,
2152 3634 2253 3687 nisi
2295 3633 2606 3686 habitudine
2657 3634 2931 3701 principii.
2996 3633 3322 3685 llecolantur
3365 3647 3482 3699 qua‘

1917 3725 1962 3795 (§
1990 3727 2075 3791 ll)
2108 3742 2173 3777 ex
2213 3723 2533 3777 Bessarione
2561 3723 2904 3776 adduximus.
2931 3721 3140 3786 Quibus
3169 3723 3265 3773 ista
3291 3736 3478 3773 conso-

1915 3814 2277 3882 nantGeorgii
2297 3812 2642 3880 Trapeznntii
2666 3812 2725 3878 (l.
2751 3826 2797 3863 c.
2825 3811 3016 3878 p.55“,
3045 3810 3167 3876 512)
3195 3828 3206 3860 :
3235 3828 3250 3858 t
3280 3809 3482 3872 Quem-

1919 3907 2207 3961 admodum
2256 3905 2413 3956 l’ater
2460 3913 2511 3955 et
2557 3902 2722 3954 Filius
2747 3904 2964 3954 nomina
2997 3910 3123 3953 sunt
3152 3900 3483 3969 hypostatica

1919 3996 2136 4051 modum
2190 3993 2489 4047 exsistendi
2535 3992 2645 4055 (τὸν
2680 3992 2878 4059 τρόπον
2926 3988 3020 4040 τοῦ
3071 3985 3229 4057 εἶναι)
3296 3990 3484 4040 harum

1923 4087 2071 4159 [187]
2111 4087 2472 4155 ltypostaseon
2504 4082 2819 4141 indicantia,
2858 4082 2969 4148 pari
2996 4079 3201 4132 ratione
3232 4088 3285 4130 et
3314 4077 3484 4146 Spiri-

1920 4189 2008 4234 tus
2071 4194 2268 4232 nomen
2325 4175 2716 4244 hypostaticnm
2777 4183 2879 4234 est,
2933 4171 3224 4224 exsistendi
3270 4170 3486 4222 modum

1922 4271 2093 4341 ipsius
2131 4270 2501 4322 manifestans.
2537 4267 2610 4318 Ex
2643 4265 2800 4317 Patre
2832 4279 2958 4332 ergo
2985 4273 3038 4315 et
3066 4262 3199 4315 Filio
3230 4262 3486 4329 spiratur,

1924 4378 2045 4416 cum
2082 4362 2361 4413 amborum
2406 4358 2475 4409 sit
2511 4356 2763 4423 Spiritus.
2809 4373 2825 4404 ι
2876 4352 2979 4422 (Cl.
3009 4353 3190 4405 eumd.
3245 4353 3307 4404 ad
3328 4351 3486 4404 Joan.

1924 4453 2148 4507 Cubocl.
2189 4467 2235 4503 c.
2282 4451 2365 4510 10,
2398 4466 2448 4516 p.
2483 4448 2632 4513 487.)
2671 4447 2910 4508 Accedit,
2946 4445 3086 4513 quod
3119 4441 3266 4512 juxta
3308 4443 3490 4494 Patres

244 4551 386 4616 quod
432 4547 628 4616 uagis.
661 4561 878 4598 causam
905 4559 1024 4597 esse
1067 4542 1387 4596 fatebimur?
1423 4541 1592 4592 Causa
1620 4540 1817 4592 etenim
1850 4548 1902 4606 D
1927 4546 2143 4600 Griecos
2173 4544 2359 4596 eodem
2389 4541 2621 4607 Spiritus
2651 4539 2810 4591 modo
2835 4539 3088 4606 praprins
3109 4546 3190 4587 est
3218 4535 3360 4594 Filii,
3383 4551 3489 4603 quo

245 4647 310 4698 de
333 4644 590 4713 pluribus
628 4641 706 4691 vrl
755 4638 998 4700 paribus,
1037 4637 1080 4688 si
1135 4645 1321 4690 contra
1360 4643 1630 4694 versatur,
1677 4647 1821 4683 nun—

247 4753 406 4806 quam
439 4750 576 4786 vero
608 4735 672 4784 de
704 4729 1069 4800 paucioribus.
1105 4747 1119 4777 ι
1149 4725 1229 4794 (P.
1255 4727 1401 4790 595.)

319 4830 405 4880 Η.
440 4827 548 4880 Alii
578 4841 704 4878 vero
731 4822 985 4890 Theologi
1013 4829 1068 4874 et
1091 4821 1223 4872 alias
1252 4817 1537 4887 proferunt
1569 4816 1824 4877 rationes,

322 5003 434 5069 (85)
482 4994 1270 5069 Marc.__Epltes_._in_(lonfess.
1321 5010 1406 5069 ap.
1436 4994 1658 5069 Gregor.
1708 4993 1827 5069 Lpl_.

254 5062 426 5138 Ap‘uL'
479 5070 609 5122 cod.
645 5062 807 5138 non.
865 5065 931 5117 a7
969 5065 1022 5138 _t.
1086 5064 1184 5138 in
1218 5079 1266 5116 ι..
1329 5082 1340 5115 ε
1386 5064 1542 5138 ἀεὶ,
1576 5062 1703 5138 Tib;
1736 5063 1829 5113 τοῦ

257 5133 394 5196 [1νεῦ
408 5155 586 5211 ματος
611 5134 731 5187 οὔτε
758 5137 903 5187 ἔστιν
936 5133 1058 5186 οὔτε
1086 5134 1303 5200 λέγεται
1337 5135 1476 5184 κατὰ
1497 5133 1584 5183 τὸν
1611 5133 1831 5202 Νύσσης

255 5215 586 5265 Ιόπγὸοιον.

299 5229 586 5282 ρτγοριον.

328 5255 441 5352 (ἐϋ)
484 5280 688 5352 Georg.
725 5276 907 5352 Schol.
941 5275 1005 5328 ad
1035 5289 1152 5341 cap.
1186 5274 1256 5351 l2
1297 5271 1512 5352 Ephesii
1548 5271 1688 5352 (eod.
1739 5272 1831 5351 cit.

257 5355 294 5406 f.
328 5341 438 5406 illi
470 5354 550 5404 a.)
601 5341 799 5399 eiinde
846 5345 1361 5397 demonstrationem
1411 5358 1440 5393 a
1478 5341 1678 5393 Latinis
1727 5343 1832 5408 peti

258 5426 439 5480 docet,
468 5420 565 5486 Μὴ
595 5412 704 5486 δεῖν
728 5415 946 5466 ἐπὶτῶν
974 5414 1132 5486 θείων
1155 5414 1319 5486 ἀξιλην
1343 5411 1671 5486 τινὰήσχέσῆιγ
1697 5412 1833 5476 πλὴν

256 5495 354 5561 τῆς
381 5479 509 5545 κατ’
544 5479 728 5539 ὰίτξαν
755 5487 913 5549 νοεῖν,
957 5485 1155 5536 ὁπόταν
1183 5483 1368 5551 ἕτερον
1397 5481 1582 5549 ἑτέρου
1611 5479 1741 5548 λὲγη
1755 5497 1836 5531 τειι

258 5580 418 5615 εῖναι.

331 5631 446 5700 (87)
487 5624 684 5700 Cyrill.
713 5623 863 5700 Alex.
893 5625 944 5676 in
976 5622 1273 5700 Joan._xvt.
1311 5622 1418 5700 (ap.
1447 5619 1634 5700 (Ἀρχιειέ
1669 5618 1830 5696 ΜεξιίιΖ

262 5687 690 5761 (ἶ.Ὀ.ἸΙ.’ϋ“71)
727 5710 738 5745 :
770 5695 977 5758 ’Ὠσπερ
1002 5694 1108 5760 γάρ
1141 5696 1287 5742 ἐστιν
1320 5687 1450 5761 νξόξον
1501 5689 1718 5761 Πνᾲεῦμα
1750 5687 1838 5738 τοῦ

263 5772 392 5823 Tia»;
413 5759 746 5836 φυσικῶςξγ
768 5763 914 5831 αὐτῷ
937 5764 1180 5836 ὑ-πάρχον
1202 5762 1289 5812 καὶ
1311 5759 1383 5836 6_t‘
1400 5759 1592 5836 ’(lilfof’
1612 5761 1768 5836 προῇ
1783 5774 1837 5812 ν,

261 5825 530 5892 aiam-xui.
568 5832 664 5885 τοῦ
694 5825 920 5900 Πατρὸξ.
968 5825 1234 5900 ιίοέιῖυιιδ.
1281 5830 1344 5882 ad
1391 5825 1598 5882 Orienl.
1657 5827 1835 5880 tAIlat.

1928 4648 2009 4691 est
2054 4636 2302 4705 proprius
2337 4634 2523 4685 Patris.
2573 4632 2675 4682 Sed
2711 4631 2859 4698 juxta
2914 4630 3128 4681 eosdem
3165 4628 3348 4680 Patres
3379 4642 3492 4693 pro-

1929 4730 2078 4800 prius
2112 4735 2194 4782 est
2234 4725 2407 4777 Patris
2443 4733 2499 4776 ttt
2526 4739 2588 4775 ex
2628 4738 2694 4774 eo
2723 4720 3050 4788 procedens;
3094 4719 3243 4785 juxta
3275 4719 3491 4769 eosdem

1929 4821 2089 4889 igitur
2118 4816 2467 4884 estproprius
2516 4813 2631 4866 Filii
2675 4822 2731 4864 ut
2763 4812 2829 4864 ab
2869 4826 2934 4864 eo
2971 4810 3322 4879 progrediens
3354 4808 3489 4876 (87).

1937 4992 2089 5046 Vind.
2121 5005 2169 5042 (ξ.
2214 4989 2311 5045 ‘26.
2349 5003 2399 5055 p.
2439 4986 2555 5038 ll8)
2587 5002 2597 5035 :
2633 4983 2790 5055 ’ῐδιογ
2816 4982 2918 5055 γᾴρ
2954 4981 3011 5032 τὸ
3042 4979 3275 5055 11νεῦμῆ
3297 4979 3409 5055 tofi
3434 4979 3494 5055 τῷ

1937 5064 2089 5126 ἅγιον
2117 5059 2209 5111 τοῦ
2267 5047 2416 5115 Titi-3,
2468 5056 2716 5126 καοξπερ
2749 5047 2958 5126 gite-fidat
2985 5053 3081 5126 irai
3117 5047 3208 5126 τοῦ
3242 5047 3496 5126 Θεοῡλςᾳὶ

1937 5107 2467 5194 ᾖὲιῖῥόξζῖιεὲρέηίδ.
2495 5125 2557 5175 ait
2589 5107 2912 5194 τιιεέοδότςι.
2932 5120 3162 5194 _Aﬂat._l.
3207 5135 3252 5171 c.
3287 5134 3344 5194 ιιΖ
3370 5117 3490 5194 tu),

1939 5188 2070 5258 4‘20).
2095 5195 2234 5250 z'llv
2268 5188 2372 5262 γὰρ
2399 5196 2491 5246 καὶ
2522 5196 2670 5243 ἔστιν
2705 5190 2865 5262 αὐτῷ
2896 5191 2955 5240 τὸ
2980 5189 3220 5262 Πγεῦμᾳ,
3249 5188 3497 5262 καθέπερ

1938 5257 2134 5336 ἀμέλει
2166 5257 2388 5319 xui-1033
2425 5265 2654 5330 Πατρὸς,
2681 5281 2739 5336 μκ.
2767 5260 2926 5336 τῖ’-λ..
2975 5260 3065 5336 ubi
3097 5259 3312 5336 adducit
3345 5257 3494 5336 Rom.

1940 5328 2060 5396 \‘lll.
2099 5339 2152 5400 8,
2203 5339 2254 5388 9.
2304 5336 2507 5387 Deinde.
2547 5328 2755 5399 pergit:
2808 5329 3192 5400 'Exzopeds‘rat
3246 5329 3360 5400 μὲν-Δ
3392 5328 3498 5392 γὰρ

1940 5409 2016 5471 ὼς
2047 5410 2109 5458 ὲκ
2142 5397 2238 5457 λτοῦ
2287 5405 2418 5455 Θεοῦ
2462 5397 2561 5454 καῖ
2612 5400 2817 5467 Harp)“;
2868 5399 2928 5471 to
2979 5397 3198 5465 Πνεῦμα.
3340 5397 3495 5471 ἆγξφῖ

1943 5463 2083 5529 κοίτὰ
2111 5477 2208 5542 τὴν
2242 5475 2333 5525 τοῦ
2380 5473 2637 5542 Σωτῆρος
2661 5463 2841 5542 φῴνὴν
2888 5467 3062 5531 (.loan.
3110 5463 3198 5542 iv,
3227 5467 3340 5542 :26),
3378 5463 3492 5542 an:

1943 5550 2041 5600 οὐκ
2074 5532 2348 5611 ἀλλδτριὸν
2392 5532 2649 5611 sate-{vr}
2675 5532 2840 5589 Υἱοῦ·
2885 5539 3060 5589 πάντα
3091 5536 3334 5611 γὰριέχει
3368 5532 3501 5603 μετὰ

1946 5618 2036 5667 τοῦ
2090 5603 2323 5682 Πατρὶς,
2355 5615 2446 5663 καὶ
2496 5609 2651 5660 τοῦτο
2685 5609 2855 5682 Δαὐτὸς
2896 5607 3131 5667 ἐδίδαξεν
3167 5603 3342 5682 (Αριξςι.
3389 5620 3498 5682 xvi,

1947 5686 2053 5751 15).
2090 5673 2252 5736 ldctn.
2298 5684 2348 5733 in
2380 5683 2527 5751 Joan.
2557 5678 2713 5751 _t,75‘2_
2744 5694 2755 5727 :
2784 5679 2989 5751 ’ξΩΞπερ
3017 5673 3234 5751 γὰριτοηῦ
3272 5673 3501 5751 “aspis;

1945 5724 2086 5806 obitu)
2117 5753 2180 5819 δὴ
2210 5753 2301 5802 καὶ
2332 5752 2420 5801 τοῦ
2455 5724 2726 5798 ]’ἱοῦ’ὲστὶ
2757 5747 2814 5796 τὸ
2846 5724 3154 5819 ῐινεῢμίαςτὸ
3194 5724 3500 5819 ᾰγξρνδξὶ-

1946 5826 2030 5877 sil.
2085 5811 2530 5890 ad'Atuphiloch.
2585 5819 2790 5887 (Const.
2846 5815 3010 5868 Melit.
3057 5813 3120 5868 ϐ.
3164 5813 3223 5864 0.
3267 5811 3328 5874 ιι,
3375 5811 3498 5867 665.
