4242 6438
231 403 329 468 445

945 404 1040 464 DE
1072 405 1132 462 S.
1175 403 1371 462 SPIR.
1409 402 1912 461 MYSTAGOCIA.
1941 425 2010 434 --
2041 396 2774 457 ANIMADVERSIONES.

3372 397 3477 460 456

233 517 416 569 naliter
442 514 554 583 (94)
589 516 916 584 accipiatur;
954 526 1194 569 attamen
1229 532 1324 584 per
1371 531 1428 568 se
1461 533 1566 568 non
1607 517 1675 569 ita
1707 531 1789 566 re-
1824 521 1864 573 Α
1895 513 2099 579 cipium
2120 525 2173 563 et
2207 509 2778 577 principiatum.Sicut
2801 511 2948 562 calor
2967 510 3093 563 solis
3116 510 3312 562 dicitur
3333 513 3480 564 calor

231 601 479 653 lationem
527 601 750 671 originis
791 602 1120 662 manifestat,
1161 603 1300 656 sicut
1349 603 1520 655 Patris
1579 611 1634 656 et
1670 602 1792 656 Filii

232 691 465 744 nomina.
517 710 533 740 ο
575 689 675 744 Per
721 709 774 744 se
831 693 977 746 enim
1009 692 1241 760 Spiritus
1267 709 1442 762 neque
1473 696 1537 746 ad
1581 693 1793 746 Patrem

234 781 481 842 refertur,
513 797 689 850 neque
727 784 794 836 ad
827 782 1020 837 Filium
1065 804 1081 833 ι
1125 784 1432 850 (liessariou
1469 799 1632 852 supra
1667 785 1694 852 §
1728 787 1784 837 ll

232 874 454 927 etJoan.
496 873 801 943 Theologus
853 875 992 927 intra
1025 887 1126 928 art.
1190 891 1304 943 seq.
1356 875 1381 943 §
1443 875 1495 942 l)
1533 894 1549 925 ι
1591 876 1684 928 sed
1729 875 1796 928 ad

232 966 520 1030 spirantem
568 983 586 1013 ι
617 964 818 1031 (ibid.).
851 965 926 1017 Ex
973 964 1102 1017 hinc
1147 966 1257 1030 jam
1291 966 1577 1032 disparitas
1628 975 1793 1034 patet.

235 1055 372 1126 [illi]
453 1055 588 1108 Dum
657 1056 860 1110 dicitur
909 1054 1070 1109 Pater
1107 1055 1261 1119 Filii,
1306 1057 1627 1126 intelligitur
1675 1057 1795 1110 Filii

232 1148 420 1211 Pater;
453 1163 552 1202 nec
589 1157 766 1216 potest
798 1147 966 1201 Filius
1005 1163 1100 1215 pro
1131 1149 1397 1216 principio
1429 1148 1590 1211 sumi,
1641 1148 1798 1201 Pater

233 1258 325 1310 pro
351 1239 680 1310 principiato
703 1258 714 1301 ;
738 1241 830 1292 sed
869 1240 911 1292 si
944 1240 1142 1293 dicitur
1163 1237 1333 1292 Filius
1356 1241 1522 1292 sancti
1546 1238 1794 1306 Spiritus,

234 1333 388 1385 verba
430 1332 673 1385 indicant
706 1331 899 1383 Filium
934 1346 962 1383 a
1012 1328 1219 1398 Spiritu
1263 1333 1526 1399 originem
1571 1331 1794 1394 habere,

236 1424 489 1490 Spiritum
516 1438 636 1476 esse
669 1421 904 1485 Patrem,
944 1422 1086 1490 quod
1117 1422 1437 1475 absurdum.
1489 1421 1646 1475 Pater
1674 1423 1800 1489 Spi-

235 1517 359 1566 ritus
403 1515 510 1568 dici
564 1514 772 1583 nequit,
810 1514 932 1582 quia
968 1523 1099 1568 tunc
1151 1513 1388 1582 Spiritus
1439 1513 1578 1566 foret
1610 1512 1798 1575 Filius,

239 1604 405 1658 Filius
454 1604 682 1672 Spiritus
721 1605 827 1658 dici
869 1620 977 1658 non
1012 1614 1209 1672 potest,
1241 1605 1367 1672 quia
1403 1613 1533 1656 tunc
1560 1603 1798 1672 Spiritus

235 1698 364 1751 foret
397 1699 570 1750 Pater.
605 1697 762 1749 Aliud
783 1706 856 1748 est
889 1714 994 1748 esse
1025 1697 1250 1763 alicujus
1280 1696 1620 1761 simpliciter,
1653 1695 1800 1747 aliud

236 1804 352 1841 esse
395 1787 610 1840 Patrem
639 1787 719 1839 vel
763 1788 955 1840 Filium
992 1789 1263 1856 alicujus;
1289 1803 1450 1855 porro
1491 1787 1647 1840 Pater
1688 1803 1795 1839 non

233 1880 423 1931 dicitur
477 1877 590 1929 Filii
643 1892 762 1930 esse
821 1879 1071 1946 preprius
1125 1879 1471 1947 simpliciter,
1522 1878 1616 1931 sed
1671 1878 1795 1930 Filii

233 1968 416 2029 Pater;
451 1969 502 2021 id
546 1968 988 2037 subintelligitur,
1015 1969 1157 2038 quod
1192 1971 1309 2037 ejus
1342 1970 1415 2021 sit
1453 1969 1632 2021 Pater.
1673 1967 1794 2020 Pari

234 2060 387 2110 modo
422 2059 698 2111 diceretur
742 2057 976 2124 Spiritus
1020 2060 1278 2127 Spirantis
1329 2074 1447 2112 esse
1480 2071 1534 2112 et
1583 2058 1797 2127 spirans

233 2149 461 2215 Spiritus
506 2147 675 2200 sancti
717 2149 946 2214 spirator
995 2163 1088 2201 seu
1121 2148 1416 2218 προϐολεὺς
1454 2149 1796 2216 Πνεύματος.

235 2239 351 2292 lhcc
387 2239 642 2292 vocabula
685 2239 784 2292 sibi
824 2239 889 2292 ad
937 2241 1206 2294 amussim
1248 2239 1578 2308 respondent
1629 2248 1684 2291 et
1730 2239 1795 2292 ad

235 2329 368 2381 idem
397 2328 673 2397 pertinent
697 2345 887 2397 genus,
923 2331 1166 2399 adeoque
1191 2330 1568 2384 confusionem
1590 2339 1794 2383 arcent.

237 2419 395 2472 liccte
433 2437 645 2474 rursum
679 2423 879 2475 dicitur
914 2440 927 2475 :
959 2421 1115 2476 Pater
1160 2432 1214 2475 et
1246 2423 1410 2477 Filius
1447 2431 1570 2476 sunt
1603 2423 1802 2489 προϐο-

235 2512 340 2573 ὶείς
374 2512 715 2582 (προϐοὶεὺς)
766 2513 1102 2583 [Iustitia-tog,
1148 2515 1243 2568 sed
1280 2530 1388 2568 non
1429 2514 1795 2584 simpliciter:

235 2603 391 2657 Pater
415 2615 462 2656 et
486 2605 648 2657 Filius
683 2616 799 2658 sunt
831 2605 1055 2675 Spiritus
1088 2606 1276 2658 sancti.

304 2694 388 2747 l6.
433 2695 617 2762 Neque
647 2711 794 2759 vero,
830 2698 971 2764 quod
1007 2697 1230 2750 subdole
1260 2711 1322 2748 ac
1360 2711 1615 2764 perverse
1656 2697 1802 2751 Lati-

235 2785 318 2838 nis
383 2786 609 2839 ascribit
650 2787 877 2839 Photius
906 2789 976 2853 (c.
1020 2788 1130 2855 59),
1164 2787 1199 2839 ii
1233 2803 1469 2854 unquam
1511 2787 1746 2841 docuere
1785 2806 1797 2842 :

233 2874 378 2939 Quod
407 2877 635 2944 alicujus
683 2895 787 2930 esse
818 2879 1029 2941 dicitur,
1061 2895 1123 2931 ea:
1165 2895 1222 2931 eo
1251 2877 1331 2930 vel
1359 2879 1423 2929 ab
1462 2894 1519 2930 eo
1553 2889 1649 2931 est.
1697 2879 1800 2932 P0-

241 2980 342 3022 test
380 2978 528 3023 certe
564 2969 664 3022 hoc
689 2969 831 3021 illius
851 2969 954 3022 dici
984 2968 1066 3021 vel
1100 2976 1157 3020 ut
1196 2968 1467 3036 possessio
1511 2968 1798 3036 possiden-

237 3062 302 3113 tis
330 3060 416 3114 vel
451 3070 507 3113 ut
538 3076 664 3129 pars
704 3060 867 3113 totius
912 3060 998 3113 \cl
1048 3068 1104 3112 ut
1143 3059 1368 3112 eiicetus
1403 3074 1578 3112 causa:
1615 3059 1698 3112 vel
1744 3069 1803 3112 ut

237 3152 405 3204 forma
432 3168 526 3206 seu
547 3153 780 3220 qualitas
805 3152 1058 3220 subjecti,
1083 3162 1209 3213 etc.,
1233 3167 1559 3219 quocunque
1583 3150 1799 3204 demum
1829 3178 1870 3234 ο

235 3247 458 3297 nomine
509 3245 778 3311 genitivus
810 3259 967 3297 casus
1016 3258 1138 3296 cum
1189 3243 1526 3295 nominativo
1572 3243 1796 3309 subjecti

234 3336 486 3405 conjungi
531 3345 728 3404 potest,
771 3350 872 3403 qua
891 3335 995 3387 late
1019 3341 1164 3403 patet
1193 3332 1411 3402 genitivi
1445 3348 1590 3386 usus.
1623 3331 1797 3385 Latini

234 3440 337 3478 non
382 3426 574 3479 dicunt
605 3425 670 3477 de
702 3439 1044 3492 quocunque,
1075 3422 1218 3490 quod
1252 3421 1451 3475 dicitur
1484 3437 1602 3476 esse
1631 3422 1802 3475 alicu-

230 3516 338 3582 jus,
373 3517 424 3568 id
462 3517 529 3568 ab
559 3517 660 3568 hoc
694 3515 996 3577 exsistere;
1026 3515 1118 3567 sed
1143 3513 1195 3566 id
1227 3513 1495 3566 dicuntde
1534 3514 1799 3581 personis,

234 3623 332 3660 nec
356 3607 424 3661 de
467 3608 717 3675 personis
747 3608 1097 3674 quibuslibet,
1123 3607 1218 3660 sed
1250 3608 1312 3659 tle
1343 3608 1571 3674 personis
1592 3608 1797 3659 divinis.

237 3699 514 3753 (Lreatura:
545 3715 759 3768 quoque
779 3709 904 3752 sunt
936 3699 1110 3752 Patris
1141 3709 1193 3752 et
1219 3699 1374 3762 Filii;
1405 3699 1497 3752 sed
1537 3715 1642 3751 non
1674 3716 1801 3768 pro-

234 3802 417 3860 plerea
455 3806 485 3844 a
525 3791 793 3844 creaturis
837 3792 1140 3859 procedunt
1198 3789 1352 3841 Pater
1399 3801 1447 3842 et
1495 3789 1684 3842 Filius.
1728 3789 1802 3841 Fx

233 3885 496 3951 qualitate
542 3893 704 3950 atque
738 3882 1051 3935 charactere
1105 3880 1333 3948 subjecti
1392 3880 1800 3942 determinatur,

231 3977 507 4045 quomodo
563 3978 628 4026 ad
677 3975 818 4026 aliud
859 3974 1124 4042 pertineat
1167 3974 1239 4036 id,
1278 3975 1418 4042 quod
1455 3975 1573 4039 ejus
1608 3974 1801 4027 dicitur

233 4084 376 4123 esse.
431 4067 754 4134 Quicunque
795 4066 1016 4119 alterius
1052 4065 1270 4127 dicitur,
1304 4065 1369 4117 ad
1409 4080 1531 4118 eum
1570 4066 1802 4133 quodam

231 4161 392 4213 modo
421 4159 687 4228 pertinet;
714 4157 795 4212 vel
814 4170 872 4210 ut
890 4172 1081 4211 servus
1098 4157 1181 4210 vel
1205 4165 1261 4209 ut
1279 4156 1640 4216 necessarius,
1661 4166 1794 4218 etc.,

233 4253 552 4305 relationem
583 4250 650 4304 ad
693 4251 868 4318 ipsum
899 4249 1082 4302 habet.
1128 4249 1294 4300 Porro
1315 4264 1343 4301 a
1375 4249 1574 4301 divinis
1614 4264 1802 4302 omnes

232 4343 265 4395 ii
316 4351 606 4414 respectus
656 4341 999 4402 excludendi,
1060 4343 1150 4410 qui
1199 4341 1412 4394 divinas
1443 4356 1550 4392 non
1611 4341 1805 4394 decent

231 4437 578 4506 hypostases,
606 4447 663 4490 ut
709 4436 944 4490 servitus
974 4435 1058 4487 vel
1089 4433 1483 4497 ministerium;
1519 4449 1580 4486 ea
1622 4434 1802 4502 σχέσις

1899 622 1927 657 a
1945 606 2056 656 sole
2070 613 2342 661 causatus,
2369 601 2507 653 sicut
2528 603 2733 655 fructus
2748 603 2957 656 arboris
2980 603 3188 657 fructus
3204 605 3270 657 ab
3287 606 3478 657 arbore

1899 695 2219 762 productus,
2256 693 2324 744 ita
2353 692 2592 760 Spiritus
2627 690 2742 743 Filii
2772 704 2854 746 est
2881 694 3121 761 Spiritus
3157 712 3253 763 per
3281 696 3472 749 Filium

1898 785 2160 844 emissus,
2217 793 2274 834 ut
2307 785 2690 851 principiatum
2729 785 2976 852 principii
3015 797 3117 837 est.
3165 787 3310 840 Vane
3347 805 3473 856 ergo

1900 876 2229 944 colliguntur
2257 876 2500 942 exempla
2542 876 2800 927 similium
2834 876 3152 937 dictionum,
3185 878 3274 929 tibi
3309 882 3368 929 tle
3390 883 3470 930 di-

1901 969 2035 1019 t'iuis
2061 967 2291 1033 personis
2337 980 2514 1017 sermo
2573 983 2678 1018 non
2737 977 2837 1019 est.
2895 967 3078 1034 (Phot.
3121 983 3168 1019 c.
3213 969 3277 1019 57
3335 972 3474 1037 seq.)

1900 1059 2106 1110 1)ἰ(·ἰιιιι’
2169 1058 2407 1126 Spiritus
2453 1058 2774 1125 sapienti-.12,
2844 1058 3068 1126 spiritus
3145 1058 3472 1123 intellectus,

1900 1151 2127 1218 Spiritus
2180 1149 2448 1211 scienti-.e,
2499 1149 2824 1206 dilectionis.
2884 1149 3190 1216 adoptionis
3220 1151 3473 1213 filiorum,

1900 1240 2295 1310 promissionis,
2353 1239 2494 1300 ﬁdei,
2555 1250 2609 1292 ct
2661 1240 2761 1292 alia
2818 1241 3126 1307 hujusmodi
3183 1241 3327 1310 (9(3);
3381 1243 3472 1293 sed

1900 1335 2182 1402 sapientia.
2209 1333 2535 1392 intellectus,
2567 1333 2791 1384 scientia
2816 1373 2828 1392 ,
2863 1343 2995 1394 etc.,
3026 1350 3131 1384 non
3168 1343 3297 1386 sunt
3342 1348 3471 1401 per-

1901 1442 2048 1478 sona:
2089 1425 2318 1487 divinm;
2376 1438 2561 1475 verum
2595 1425 2733 1474 dona
2778 1435 2831 1476 et
2863 1425 3207 1486 charismata,
3263 1445 3279 1476 ι
3334 1441 3469 1492 quo-

1903 1530 2021 1568 rum
2055 1515 2291 1583 Spiritus
2326 1525 2548 1567 sanctus
2581 1513 2699 1566 fons
2732 1530 2790 1566 ac
2819 1515 3039 1583 largitor
3078 1517 3420 1584 gloriﬁcatur,
3453 1535 3468 1565 ι

1905 1617 1962 1660 ut
2019 1607 2135 1674 ipse
2195 1606 2418 1658 l‘hotius
2478 1608 2548 1670 (c.
2606 1606 2694 1673 58)
2767 1606 2902 1657 bene
2937 1606 3120 1668 novit;
3179 1609 3292 1658 lnL-c
3332 1606 3468 1658 elle-

1904 1706 2040 1758 clus,
2077 1698 2304 1760 fructus,
2362 1696 2702 1756 donationes,
2739 1711 2800 1747 ac
2845 1697 3007 1747 veluti
3046 1695 3314 1764 possessio
3350 1704 3474 1747 sunt

1905 1784 2140 1853 Spiritus
2165 1786 2373 1847 sancti;
2420 1784 2476 1838 in
2528 1785 2610 1837 his
2661 1785 2931 1852 genitivus
2983 1786 3137 1853 longe
3183 1785 3341 1836 aliam
3381 1786 3473 1836 ha-

1900 1879 1991 1929 bet
2021 1875 2490 1943 signiiicatnohcm.
2527 1896 2542 1924 ο
2580 1874 2957 1942 Nequaquam,
2991 1876 3063 1926 ait
3114 1875 3264 1944 llugo
3305 1876 3472 1928 Ethe-

1900 1969 2084 2021 rianus
2115 1969 2170 2034 (l.
2219 1985 2277 2029 ll,
2367 1985 2414 2021 c.
2461 1968 2549 2030 ‘20,
2585 1984 2635 2035 p.
2686 1969 2859 2036 HBG),
2911 1968 3002 2018 ltoc
3039 1969 3188 2020 modo
3234 1970 3311 2034 (ut
3349 1969 3472 2030 Spi—

1900 2060 2035 2113 ritus
2107 2060 2344 2120 consilii,
2401 2059 2780 2122 fortitudinis,
2849 2061 3080 2121 timoris,
3139 2063 3266 2125 etc.)
3349 2061 3472 2112 Filii

1898 2159 2243 2218 nuncupatur
2271 2148 2536 2216 Spiritus;
2571 2148 2687 2201 Filii
2721 2165 2851 2202 sane
2877 2150 3135 2218 Spiritus,
3173 2151 3247 2202 uti
3285 2149 3464 2202 Putris

1899 2255 2046 2308 teque
2095 2256 2158 2290 ac
2205 2241 2557 2306 indifferenter
2605 2249 2879 2293 censetur.
2943 2240 3251 2294 Intellectus
3311 2256 3464 2302 veto,

1900 2333 2191 2401 gratiarum
2229 2342 2283 2383 et
2313 2332 2580 2383 donorum
2620 2331 2816 2384 dicitur
2868 2331 3102 2400 Spiritus
3145 2341 3202 2385 ut
3241 2334 3394 2385 dator
3425 2342 3472 2385 et

1901 2425 2128 2492 eﬂ'ectiva
2151 2423 2363 2475 illorum
2406 2439 2587 2474 causa.
2631 2441 2648 2474 ι
2701 2422 2808 2476 Sed
2859 2426 3029 2476 multo
3078 2425 3299 2478 uberius
3331 2425 3472 2477 idem

1902 2513 2050 2584 [193]
2077 2525 2268 2568 auctor
2305 2515 2407 2583 iam
2445 2523 2567 2567 ante
2591 2515 2660 2582 (c.
2689 2515 2766 2567 15.
2805 2531 2854 2582 p.
2886 2516 3036 2581 l228)
3068 2524 3254 2567 contra
3292 2514 3472 2567 Theo-

1901 2605 2209 2674 phylactum
2238 2607 2484 2659 eamdem
2514 2621 2627 2658 rem
2681 2614 3128 2671 pertractaverat.
3159 2607 3328 2674 Atque
3358 2623 3466 2674 pne

1904 2699 2117 2752 cceteris
2147 2697 2248 2751 hoc
2291 2707 2446 2766 urget
2505 2714 2515 2748 :
2563 2716 2580 2748 ‹
2641 2698 2719 2751 Ad
2755 2699 2944 2750 hoc....
2986 2698 3103 2751 scil.
3154 2699 3298 2751 aliud
3333 2714 3472 2762 esse,

1903 2807 1964 2843 ea:
1992 2791 2190 2858 aliqua,
2226 2800 2278 2841 et
2310 2789 2454 2841 aliud
2488 2789 2736 2856 alicujus,
2764 2789 2948 2842 eadem
2983 2791 3035 2842 in
3079 2791 3322 2858 pluribus
3348 2807 3475 2843 con-

1902 2881 2087 2933 venire
2111 2882 2481 2934 inveniuntur.
2506 2880 2636 2932 Nam
2660 2897 2782 2949 pars
2801 2881 3019 2949 quidem
3049 2883 3210 2934 totius
3229 2892 3383 2936 estet
3411 2899 3474 2935 ex

1905 2981 2036 3032 toto,
2060 2983 2113 3023 et
2146 2971 2353 3024 arboris
2384 2970 2591 3023 fructus
2611 2979 2664 3024 et
2687 2986 2749 3023 ex
2775 2972 2986 3035 arbore,
3010 2982 3064 3024 et
3089 2988 3277 3041 spuma
3308 2974 3473 3026 maris

1905 3073 1956 3116 et
1977 3078 2038 3115 ex
2070 3063 2302 3124 mari;et
2328 3063 2467 3114 sicut
2491 3062 2807 3127 impossibile
2830 3072 2925 3126 est,
2963 3064 3117 3131 fontis
3146 3081 3249 3115 esse
3280 3081 3472 3132 aquam

1903 3165 1950 3205 et
1982 3170 2082 3206 non
2114 3169 2177 3204 ea:
2197 3155 2354 3220 fonte,
2383 3153 2455 3203 sic
2473 3154 2786 3219 impossibile
2808 3163 2883 3206 est
2917 3153 3173 3221 Spiritum
3210 3172 3317 3206 esse
3349 3155 3474 3207 Filii

1904 3253 1950 3295 et
1976 3260 2076 3294 non
2098 3259 2160 3294 ca:
2192 3242 2350 3304 Filio,
2380 3253 2472 3294 aut
2504 3243 2676 3295 Patris
2708 3253 2760 3295 et
2793 3259 2898 3295 non
2945 3259 3007 3297 ex
3046 3243 3224 3304 Patre,
3280 3243 3472 3296 Filiqu

1904 3335 2304 3402 Spiritmnque;
2334 3335 2494 3387 Pater
2515 3352 2631 3387 uero
2664 3353 2764 3387 nou
2789 3338 2841 3387 in
2872 3353 2929 3389 eo
2972 3341 3107 3405 quod
3144 3340 3206 3390 sit
3244 3339 3472 3406 alicujus

1905 3437 1961 3481 ut
1991 3443 2051 3478 ac
2080 3427 2279 3493 aliquo,
2322 3429 2409 3478 sed
2435 3429 2487 3478 iu
2537 3444 2615 3490 eo,
2665 3430 2800 3496 quod
2830 3439 3039 3497 generat
3088 3428 3307 3493 Filium,
3361 3431 3474 3497 ejus

1901 3522 2112 3571 dicitur.
2169 3538 2187 3568 ι
2251 3518 2557 3571 Secundum
2610 3520 2747 3571 hanc
2816 3519 3116 3574 doctrinam
3171 3521 3309 3572 bene
3354 3521 3464 3572 dici

1903 3621 2097 3680 potest,
2136 3611 2378 3678 quaedam
2421 3610 2489 3662 ita
2529 3611 2757 3676 alicujus
2813 3611 2941 3671 dici,
2979 3621 3034 3663 ut
3092 3612 3251 3664 etiam
3299 3628 3360 3665 ex
3405 3627 3469 3664 eo

1903 3701 2031 3760 sint,
2073 3699 2318 3767 quaedam
2355 3713 2480 3751 vero
2518 3714 2626 3751 non
2661 3699 2769 3762 ita;
2810 3716 2928 3767 quaa
2978 3701 3138 3768 priori
3178 3701 3337 3753 modo
3373 3701 3471 3753 ali-

1903 3793 2058 3858 ciijus
2088 3792 2362 3851 dicuntur,
2395 3791 2680 3842 n'iauileste
2716 3791 2839 3842 inde
2896 3791 3154 3858 diguosci,
3183 3792 3321 3859 quod
3372 3793 3471 3844 alia

1906 3884 2059 3945 ratio,
2080 3897 2175 3935 cur
2195 3883 2356 3949 hujus
2377 3882 2644 3945 dicantur,
2672 3881 2847 3933 locum
2869 3883 3091 3934 omnino
3114 3899 3219 3938 non
3251 3885 3468 3944 habeat,

1905 3975 1984 4025 vel
2010 3988 2179 4026 nexus
2201 3972 2476 4026 talisinter
2500 3984 2788 4040 utrumque
2827 3973 3147 4034 interi-edat,
3177 3975 3263 4041 qui
3287 3974 3334 4025 id
3368 3991 3464 4040 per

1909 4081 1965 4119 se
1989 4065 2292 4133 patefacere
2322 4064 2510 4132 possit.
2545 4065 2745 4117 Deinde
2780 4066 2843 4116 ad
2877 4065 3004 4116 illud
3028 4065 3412 4133 Tllt-‘Opll}'lat'l.i
3455 4084 3465 4116 :

1909 4177 1926 4209 σ
1966 4157 2168 4211 Dicitur
2191 4156 2425 4224 Spiritus
2453 4171 2570 4208 esse
2603 4155 2741 4216 Filii,
2774 4157 3072 4208 secundum
3109 4157 3250 4224 quod
3286 4156 3466 4209 unitas

1904 4255 1987 4300 est
2003 4247 2168 4299 Filius
2185 4254 2238 4298 et
2266 4247 2434 4298 virtus
2457 4254 2510 4297 et
2528 4245 2813 4312 sapientia,
2833 4257 3051 4297 sanctus
3072 4261 3199 4297 vero
3234 4244 3472 4312 Spiritus

1904 4346 1958 4390 et
1993 4338 2214 4390 unitatis
2235 4345 2288 4389 et
2318 4335 2647 4389 fortitudinis
2669 4345 2718 4388 et
2749 4335 3030 4404 sapientia:
3075 4336 3306 4402 Spiritus
3331 4336 3472 4403 apud

1907 4428 2094 4482 Isaiam
2122 4427 2463 4490 describitur,
2512 4447 2529 4477 ο
2565 4429 2812 4480 observat
2858 4426 3007 4496 llugo
3059 4426 3333 4489 virtutem,
3387 4443 3472 4479 sa-

231 4528 384 4600 [ιυξι
431 4530 742 4592 statuenda,
792 4543 910 4596 qua:
946 4527 1143 4581 divinis
1196 4529 1487 4581 concordat
1513 4527 1645 4590 (95).
1684 4525 1804 4578 llaec
1832 4514 1883 4572 D
1911 4523 2191 4591 pientiam,
2246 4521 2506 4572 unitatem
2573 4520 2744 4572 tribus
2786 4519 3033 4587 personis
3069 4519 3359 4571 convenire
3419 4529 3469 4571 ct

229 4637 392 4689 porro
409 4631 500 4676 est
519 4621 742 4690 originis
768 4620 1028 4673 habitudo
1057 4618 1102 4688 (ᾗ
1140 4620 1244 4686 IL),
1272 4618 1461 4672 relatio
1490 4617 1630 4669 inter
1652 4616 1802 4684 prin-

301 4781 355 4851 (9
370 4781 414 4834 il
455 4776 718 4851 Videlicet
747 4773 1211 4851 nomendS_piLi-tus
1242 4784 1354 4851 tum
1392 4772 1665 4851 essetitiule
1690 4781 1800 4851 tum

233 4841 511 4917 personule
544 4862 665 4899 esse
716 4845 1036 4917 potest._(2l.
1073 4843 1243 4917 Thom
1259 4885 1282 4917 ._
1310 4842 1458 4917 ,ςυριἶ
1506 4841 1563 4917 _l,
1599 4858 1663 4917 _q.
1703 4844 1800 4917 _I')_U.

233 4909 280 4973 a.
323 4921 341 4972 l
378 4921 432 4971 in
464 4933 616 4984 corp.
651 4909 792 4969 et'ad
838 4915 886 4965 l.
912 4913 1029 4966 Jam
1069 4915 1200 4982 Aug.
1237 4913 1329 4984 Alte
1375 4911 1558 4984 Triuit.
1599 4909 1654 4969 V,
1697 4913 1798 4973 ll;

233 4989 343 5049 XV,
385 4991 450 5042 19
478 4988 528 5040 id
567 4980 823 5053 praeclare
853 4995 1069 5035 enarrat
1101 5002 1112 5034 :
1222 4981 1358 5046 Quia
1413 4980 1646 5053 Spiritus
1678 4997 1802 5053 san:

231 5070 352 5112 ctus
384 5051 678 5111 communis
716 5065 790 5108 est
821 5054 1088 5113 ambobus,
1115 5052 1165 5105 id
1190 5063 1404 5104 vocatur
1444 5052 1646 5116 proprie
1668 5051 1802 5117 quod

233 5131 386 5182 ambo
441 5127 811 5180 communiter.
862 5142 878 5174 ι
930 5121 1012 5175 Cf.
1050 5133 1104 5174 et
1147 5122 1354 5187 llngon.
1394 5120 1575 5171 Ether.
1633 5120 1663 5170 l.
1722 5136 1797 5182 ut,

231 5214 280 5253 e.
314 5200 368 5260 3,
402 5213 458 5266 p.
499 5195 638 5248 1240
677 5210 790 5262 seq.
836 5192 1044 5246 Pariter
1094 5191 1267 5243 Putris
1315 5204 1510 5242 nomen
1553 5190 1803 5266 essentia-

232 5258 610 5336 literqnoqne
661 5258 978 5336 usurpatur,
1017 5277 1128 5336 _non_
1179 5270 1386 5313 tantum
1430 5258 1802 5336 personaliter;

232 5339 323 5391 sed
387 5329 560 5405 priori
595 5329 1130 5405 modo—nonnisijd
1186 5341 1359 5405 extra,
1415 5329 1478 5380 ad
1530 5338 1800 5405 creaturas

233 5399 458 5471 dicitur,
490 5415 547 5457 ut
579 5404 766 5456 Matth.
801 5419 877 5461 Vl,
916 5401 1006 5460 26,
1035 5402 1138 5464 32;
1177 5418 1229 5462 χ,
1263 5399 1352 5471 9.9,
1387 5408 1596 5471 et_t_unc
1629 5399 1802 5449 tribus

233 5467 810 5547 personisrcmivenit.
847 5471 927 5547 De
956 5471 1054 5547 hac
1091 5469 1403 5547 acceptione
1452 5467 1536 5518 hic
1574 5482 1678 5547 non
1721 5475 1802 5547 est

234 5539 438 5601 sermo.
468 5544 528 5597 Si
584 5542 818 5611 Spiritus
863 5541 1100 5611 alicujus
1136 5554 1254 5592 esse
1296 5539 1512 5611 dicitur,
1555 5545 1612 5587 ut
1658 5545 1801 5611 recte

237 5626 387 5670 notat
413 5607 639 5668 Bessarf
668 5615 757 5679 (ep
807 5611 872 5664 ad
908 5611 1059 5664 Alex.
1087 5610 1303 5679 Lascar.
1339 5609 1606 5679 c._6),uon
1639 5607 1800 5658 abso-

235 5686 343 5739 lute
379 5701 479 5738 seu
517 5677 880 5736 essentialiter
912 5680 1163 5740 sumitur,
1197 5678 1289 5731 sed
1332 5677 1569 5730 relative.

304 5757 417 5822 t95)
463 5754 689 5822 Egregie
735 5752 839 5822 Leo
871 5748 937 5822 lli.
985 5765 1149 5822 serui.
1185 5749 1234 5807 1,
1304 5745 1603 5822 deﬂfutrc.
1639 5743 1795 5822 (βεξη-

304 5769 417 5822 on)
463 5769 601 5821 l5ng
643 5769 689 5804 te
735 5769 839 5804 ιιεο
871 5769 937 5801 Μ.
985 5769 1149 5802 serui.
1185 5769 1234 5807 1,
1304 5769 1364 5798 ac
1394 5769 1603 5796 rvutt'c.
1639 5769 1790 5802 ιυιιιι.

237 5841 399 5880 St'l'lll.
446 5825 556 5886 75;
605 5769 804 5874 f’atrol.
847 5819 933 5875 ed.
985 5817 1153 5872 MIGNE
1203 5828 1334 5872 toni.
1369 5815 1499 5878 LIV,
1554 5830 1606 5882 p.
1645 5814 1790 5878 405),

1906 4629 2001 4682 per
2034 4629 2092 4666 se
2117 4626 2237 4665 esse
2272 4610 2489 4663 nomina
2522 4610 2857 4672 essentialia;
2911 4609 2952 4661 si
3007 4610 3348 4660 essentialitcr
3378 4625 3468 4660 su-

1905 4786 2025 4838 cap.
2056 4771 2089 4822 '5
2119 4788 2129 4820 :
2168 4786 2185 4818 ι
2221 4767 2356 4821 Cum
2387 4769 2440 4819 in
2474 4781 2828 4838 personarum
2877 4765 3300 4838 proprietatibus
3328 4765 3467 4816 alius

1907 4835 1986 4892 siti
2014 4842 2186 4901 l’ater,
2225 4838 2363 4890 alius
2411 4839 2481 4888 sit
2523 4836 2712 4895 Filius,
2756 4837 2895 4887 alius
2946 4835 3178 4900 Spiritus
3223 4844 3465 4893 sanctus,

1906 4925 2013 4961 non
2063 4919 2239 4960 tamen
2277 4909 2378 4958 alia
2427 4906 2623 4966 Deitas,
2662 4921 2759 4957 nec
2791 4904 3000 4954 diversa
3044 4913 3235 4955 natura
3271 4913 3368 4954 est.
3408 4904 3461 4954 Si

1905 4979 2120 5046 quidem
2152 4992 2273 5029 cum
2324 4986 2373 5027 et
2404 4977 2473 5046 de
2518 4975 2672 5046 Patre
2697 4974 2788 5046 sit
2843 4973 3020 5046 Filius
3053 4973 3383 5046 unigenitus,
3418 4983 3469 5023 et

1904 5041 2131 5114 Spiritus
2161 5056 2370 5098 sanctus
2392 5045 2565 5096 Patris
2587 5044 2894 5114 Filiique_sit
2930 5041 3312 5114 Spiritustnou
3337 5042 3467 5114 sicut

1906 5111 2222 5185 quiecuuque
2260 5126 2523 5173 creatura,
2560 5129 2675 5181 qua:
2717 5123 2761 5164 et
2793 5111 2967 5163 Patris
3007 5122 3054 5162 et
3093 5112 3226 5185 Filii
3246 5122 3338 5166 est.
3381 5112 3469 5163 sed

1905 5182 2035 5238 sicut
2069 5203 2182 5236 cum
2224 5196 2438 5249 utroque
2475 5185 2640 5234 virens
2673 5193 2717 5233 et
2749 5193 2949 5248 potens,
2977 5191 3022 5232 et
3066 5182 3376 5247 sempiterna
3407 5196 3471 5233 ex

1906 5273 1964 5308 co
2005 5257 2139 5322 quod
2170 5264 2242 5306 est
2273 5254 2428 5305 Pater
2461 5253 2727 5322 Piliusque
2750 5253 3063 5322 διιὺεὶδῑεηδ-ζ
3094 5269 3109 5298 ι

1977 5317 2086 5390 (illi)
2141 5324 2283 5376 Vidit
2340 5333 2497 5375 acute
2554 5317 2804 5374 Pliotius.
2857 5337 2978 5372 cum
3028 5317 3213 5390 Filius
3255 5319 3468 5390 dicatur

1905 5398 2124 5455 veritas,
2157 5394 2346 5454 virtus,
2381 5392 2642 5460 sapientia
2671 5391 3044 5460 expressiones
3080 5389 3298 5460 Πνεῦμα.
3338 5389 3467 5457 ἀλη-

1905 5466 2076 5526 Θεὶας.
2101 5464 2401 5529 δυνάμεως,
2432 5459 2620 5526 copia;
2643 5461 2829 5512 eodem
2861 5459 3018 5510 modo
3041 5459 3261 5525 intelligi
3285 5474 3464 5524 posse,

1904 5550 2011 5601 quo
2045 5532 2266 5600 Πνεῦμα
2311 5531 2472 5593 Υἱοῦ;
2522 5531 2641 5582 ideo
2671 5529 2838 5601 ponit
2892 5530 3024 5579 alias
3057 5529 3365 5601 ‘dictiones.
3409 5537 3466 5579 ut

1904 5597 1997 5672 Sp.
2044 5597 2309 5668 liilei,'Sp.
2341 5600 2732 5672 promissionis,
2781 5598 2874 5672 Sp.
2926 5597 3296 5672 revelationis,
3329 5606 3461 5660 etc.,

1905 5667 1961 5725 in
1988 5673 2185 5741 quibus
2209 5667 2500 5741 adversarii
2534 5669 2650 5721 Filii
2680 5668 2899 5741 nomina
2927 5667 3166 5720 invenire
3192 5675 3466 5741 nequeant

1905 5744 1975 5805 (c.
2007 5735 2125 5797 '58).
2159 5740 2261 5793 Sed
2286 5756 2348 5791 eo
2374 5740 2488 5806 ipso
2511 5741 2616 5805 jam
2639 5739 2940 5804 subjectum
2978 5752 3086 5790 non
3115 5747 3196 5791 est
3236 5735 3466 5805 amplius

1905 5814 2044 5867 idem
2083 5812 2230 5876 illud,
2257 5811 2321 5864 de
2349 5826 2454 5878 quo
2483 5808 2653 5862 Latini
2688 5809 2758 5862 ita
2785 5815 3049 5861 statuunt.
