4242 6438
782 404 887 466 Ut"!

1906 395 2170 456 PHOTII
2211 393 2716 454 PATRIARCILE
2754 394 2863 453 (ΞΡ.

3934 380 4040 444 418

783 522 1026 577 muntur,
1059 511 1193 564 nihil
1229 526 1359 565 sane
1383 510 1470 564 hic
1495 511 1831 578 explicatur;
1864 509 1908 562 si
1940 525 2070 562 vero
2097 524 2354 576 persona—
2383 506 2435 564 Α
2460 521 2583 558 nem
2625 506 2773 558 illum
2814 521 2842 556 a
2882 504 3071 557 Photio
3121 501 3328 556 Latinis
3372 510 3667 570 ascriptum
3730 515 3892 553 nemo
3938 499 4036 551 ad-

786 607 904 660 liter
929 615 982 659 et
1011 613 1171 673 prout
1200 604 1336 656 Filio
1366 604 1803 671 appropriantur,
1823 601 2010 655 eadem
2040 601 2354 655 Latinorum

785 705 1099 763 argumenta
1135 700 1434 747 recurrunt.
1477 691 1740 745 Prteterea
1790 693 2035 759 exempla
2083 692 2231 744 varia
2286 691 2355 743 ab

783 786 1107 839 adversariis
1128 784 1284 836 allata
1325 782 1404 836 sic
1444 781 1694 850 repellit:
1732 801 1749 832 ι
1781 782 2134 836 Deusdicitur
2163 781 2352 851 (Deus)

782 877 1050 929 Abraham
1069 885 1125 927 ut
1140 885 1349 928 creator
1367 891 1421 929 et
1434 874 1696 928 Dominus
1712 876 2004 936 Abraham,
2025 875 2203 928 forsan
2223 886 2356 927 vero

781 977 836 1020 et
862 978 919 1020 ut
947 968 1152 1020 amicus
1178 968 1354 1030 illius;
1390 968 1697 1021 intellectus
1724 978 1903 1021 autem
1929 977 1983 1021 et
2015 966 2355 1021 fortitudinis

781 1068 836 1108 ct
861 1058 1114 1111 similium
1137 1069 1192 1110 ut
1210 1059 1429 1126 eﬂiciens
1453 1074 1614 1110 causa
1641 1058 1861 1111 dicitur.
1887 1057 1994 1111 Sed
2022 1057 2257 1126 Spiritus
2272 1058 2357 1111 di-

779 1151 923 1202 citur
947 1150 1067 1204 Filii
1100 1160 1150 1203 et
1177 1151 1366 1211 Patris,
1398 1159 1536 1203 utex
1561 1151 1666 1204 l)eo
1690 1166 1788 1203 ens
1817 1158 1870 1203 et
1898 1151 2016 1219 ipse
2047 1148 2210 1216 Deus,
2240 1167 2352 1205 non

783 1248 843 1290 ut
875 1238 1227 1291 adventitium
1281 1239 1616 1292 adveniendo
1652 1239 1991 1294 extrinsecus
2031 1240 2157 1306 (hoc
2201 1240 2350 1293 enim

781 1330 901 1398 quis
932 1345 1238 1382 asseverare
1269 1331 1464 1383 audeat
1484 1331 1526 1397 ?)
1564 1330 1660 1383 sed
1688 1340 1743 1384 ut
1783 1330 2061 1399 plenitudo
2087 1329 2226 1398 ejus,
2260 1329 2353 1398 qui

782 1429 926 1473 certe
958 1434 1063 1472 non
1083 1421 1238 1473 aliter
1255 1437 1386 1474 sano
1409 1421 1681 1474 intellectu
1729 1420 2115 1488 comprehendi
2149 1429 2349 1490 potest,

781 1511 1079 1563 secundum
1142 1512 1284 1577 quod
1322 1512 1514 1565 tertius
1545 1512 1740 1564 dicitur
1787 1528 1816 1564 a
1847 1510 2099 1576 Patre...,
2144 1511 2249 1565 nisi
2285 1526 2352 1566 ex

782 1596 915 1651 Filio
947 1601 1141 1651 habere
1182 1601 1540 1653 substantiam
1569 1601 1897 1669 intelligatur
1932 1608 1987 1654 et
2033 1601 2351 1656 considere-

782 1691 897 1747 tur;
920 1684 1004 1736 bic
1025 1687 1210 1753 utique
1233 1687 1467 1754 Spiritus
1488 1689 1635 1753 juxta
1659 1689 1870 1741 Domini
1893 1704 2079 1743 vocem
2108 1690 2350 1744 Veritatis

780 1774 1017 1841 est,quia
1033 1775 1230 1828 dicitur
1253 1777 1482 1844 Spiritus
1508 1777 1750 1831 veritatis
1768 1795 1782 1842 ;
1800 1779 1890 1846 qui
1912 1777 2066 1849 [194]
2088 1780 2346 1848 profecto,

780 1864 834 1916 in
862 1875 1124 1932 quantum
1163 1866 1407 1920 Veritatis
1439 1877 1538 1927 est,
1567 1868 1620 1919 in
1655 1845 1862 1920 tantum
1897 1845 2013 1921 Filii
2043 1845 2273 1931 easistit,
2296 1877 2352 1924 et
2381 1845 2425 1900 Β

778 1971 847 2008 ex
875 1956 992 2024 ipso
1043 1957 1418 2011 exsistentiam
1480 1961 1774 2013 sortitur...
1816 1958 1871 2012 Si
1925 1960 2178 2029 (Spiritus
2225 1977 2354 2015 san-

778 2055 974 2100 ctusex
989 2045 1228 2103 Veritate
1253 2064 1361 2104 non
1391 2049 1556 2104 habet
1577 2067 1718 2112 esse,
1744 2051 2048 2105 adveniens
2072 2061 2125 2105 et
2146 2053 2356 2107 adven-

781 2138 893 2191 titia
917 2150 998 2193 est
1017 2140 1137 2208 ejus
1161 2142 1358 2195 veritas
1380 2158 1393 2203 ;
1414 2158 1536 2194 cmn
1566 2143 1682 2211 ipse
1708 2141 1966 2197 Veritatis
2001 2145 2349 2211 przedicetur,

779 2231 964 2296 ctejus
985 2232 1195 2284 dicatur
1223 2247 1363 2285 esse.
1395 2232 1563 2303 Igitur
1597 2233 1738 2288 sicut
1762 2243 1846 2288 est
1879 2234 2154 2298 Veritatis,
2190 2236 2269 2290 sic
2297 2245 2353 2290 et

778 2340 897 2378 esse
919 2333 972 2377 et
992 2324 1289 2377 subsistere
1308 2325 1469 2378 habet
1495 2341 1558 2379 ea
1588 2325 1844 2390 Veritate,
1868 2337 1924 2381 et
1948 2343 2011 2381 ex
2051 2329 2185 2397 ipsa,
2222 2324 2357 2381 Filio

780 2415 1006 2478 scilicet,
1041 2415 1287 2483 procedit
1313 2417 1610 2470 secundum
1641 2433 1994 2487 personarum
2030 2420 2298 2474 ordinem.
2331 2439 2352 2471 ο

851 2505 935 2558 17.
979 2506 1174 2574 Objicit
1206 2507 1306 2559 sibi
1333 2506 1562 2562 Photius
1594 2510 1741 2577 (cap.
1782 2510 1873 2574 59)
1901 2510 1956 2563 in
1977 2510 2225 2565 adductis
2265 2511 2355 2563 Bi-

779 2599 1009 2652 bliorum
1081 2598 1404 2653 testimoniis
1462 2600 1530 2668 (c.
1591 2601 1702 2668 57).
1741 2611 1796 2655 ut
1847 2602 1955 2655 lim.
2014 2618 2086 2663 κε,
2149 2602 2222 2664 ‘2;
2272 2602 2352 2664 II,

789 2688 922 2741 Tim.
958 2700 995 2750 t,
1028 2686 1092 2751 7;
1135 2688 1315 2742 Galat.
1353 2707 1426 2752 Vl,
1460 2690 1522 2754 1;
1555 2688 1724 2744 Exod.
1751 2709 1900 2755 χχχι,
1930 2692 1985 2757 2,
2015 2692 2070 2757 ’5,
2104 2693 2352 2760 aliisque,

780 2795 888 2832 non
937 2779 1115 2848 ipsum
1164 2780 1430 2848 Spiritum
1470 2792 1718 2837 sanctum
1771 2785 2202 2854 intelligendum.
2257 2785 2353 2839 sed

781 2874 920 2926 dona
953 2883 1008 2927 et
1034 2874 1359 2927 charismata
1392 2876 1460 2929 ab
1487 2892 1553 2928 eo
1575 2879 1948 2944 promanantia
1978 2895 2206 2947 qumque
2243 2879 2357 2947 ipse

782 2965 1042 3031 largitur;
1073 2965 1166 3018 sed
1186 2966 1319 3018 nihil
1338 2967 1439 3019 hoe
1466 2968 1806 3021 adversarios
1824 2970 2016 3037 juvare
2045 2971 2353 3032 contendit,

783 3056 908 3123 quia
941 3057 1239 3110 secundum
1268 3072 1454 3110 eorum
1489 3058 1660 3127 legem
1693 3062 2002 3115 ratiocinari
2034 3062 2106 3116 ita
2155 3063 2356 3116 debea-

2461 597 2831 649 mittiteorum
2873 594 2918 664 (§
2951 594 3035 663 l6)
3076 602 3131 648 et
3179 593 3310 647 hinc
3350 591 3689 646 ratiocinatio
3734 591 3813 642 illi
3857 591 4028 652 unice,

2457 695 2813 755 superstructa
2840 686 3022 748 cadit;
3070 701 3178 738 non
3231 694 3317 738 cst
3366 684 3639 754 genitivus
3684 682 3772 736 hic
3811 697 4031 734 causam

2460 776 2728 839 indicans,
2771 778 2865 830 sed
2921 776 3179 830 ell’ectum
3214 776 3474 837 denotat;
3510 788 3619 826 non
3659 784 3784 827 sunt
3837 773 4036 826 diviute

2465 885 2710 941 personae
2738 871 3021 939 sapientia,
3051 869 3208 929 ﬁdes,
3248 867 3538 929 revelatio,
3576 874 3681 919 etc.
3713 865 3887 934 Atque
3909 865 4036 917 licet

2458 977 2623 1016 sensu
2644 977 2774 1016 vero
2809 971 2863 1016 et
2886 961 3085 1015 biblico
3109 961 3398 1028 πνεύματα
3426 959 3682 1013 dicantur
3707 958 4034 1011 charismata

2464 1063 2520 1108 et
2547 1061 2624 1106 tot
2668 1053 2880 1121 possint
2925 1052 3112 1106 haberi
3158 1048 3447 1118 πνεύματα
3483 1050 3583 1104 hac
3635 1049 4033 1119 signiﬁcatione

2457 1151 2838 1212 sumpta,quot
2857 1141 3184 1196 charismata
3212 1159 3224 1193 :
3245 1150 3426 1194 tamen
3453 1139 3568 1192 haec
3589 1153 3695 1192 non
3710 1137 4032 1192 dividuntur

2456 1237 2510 1289 in
2529 1237 2655 1296 duo,
2675 1244 2810 1288 utex
2837 1233 2973 1287 falso
2988 1233 3266 1303 supposito
3278 1232 3454 1302 arguit
3471 1230 3696 1285 Photius
3714 1231 3786 1299 (c.
3806 1232 3892 1295 59,
3913 1233 4000 1300 60)
4015 1271 4028 1283 .

2457 1327 2563 1382 Sed
2599 1327 2684 1380 bis
2731 1325 3028 1395 puerilibus
3057 1325 3196 1379 ludis
3221 1339 3332 1378 non
3365 1333 3449 1378 est
3477 1323 3896 1377 immorandum.

2531 1419 2612 1472 I8.
2647 1417 2752 1472 Sed
2788 1417 2920 1471 alias
2943 1431 3158 1484 quoque
3199 1415 3436 1469 rationes
3480 1416 3536 1468 in
3567 1424 3818 1484 promptu
3869 1415 4033 1469 habet

2454 1511 2705 1576 Photius,
2747 1525 2917 1579 quare
2947 1509 3184 1579 Spiritus
3218 1508 3337 1562 Filii
3387 1507 3620 1563 dicatur.
3655 1508 3892 1574 Quarum
3927 1525 4032 1562 una

2455 1603 2581 1659 licet
2602 1604 2658 1658 in
2684 1617 2851 1671 opere
2879 1617 2989 1656 non
3027 1601 3202 1655 fusius
3233 1601 3520 1670 explicata,
3557 1610 3736 1654 tamen
3784 1603 3835 1654 in
3877 1602 4034 1656 titulo

2453 1707 2707 1762 expressa
2738 1700 2794 1746 et
2823 1691 3023 1760 sapius
3050 1691 3325 1746 insinuata
3348 1690 3458 1759 (97)
3501 1700 3584 1744 est
3615 1707 3627 1740 :
3661 1691 3804 1757 quod
3847 1691 4033 1750 Spiri-

2457 1791 2541 1838 tus
2573 1801 2606 1836 a
2635 1783 2768 1837 Filio
2789 1784 3032 1835 mittatur
3077 1791 3124 1834 et
3166 1781 3527 1849 suppeditetur
3569 1782 3738 1850 dignis
3771 1781 4029 1848 ﬁdelibus.

2455 1876 2605 1931 lianc
2633 1875 2895 1928 rationem
2949 1872 3136 1927 sedulo
3179 1882 3512 1926 exornarunt
3541 1872 3715 1926 Photii
3773 1888 4035 1941 sequaces

2456 1980 2686 2035 eamque
2760 1965 3013 2019 catholici
3089 1964 3320 2033 theologi
3395 1973 3646 2017 accurate
3703 1963 4032 2017 refutarunt.

2455 2058 2668 2112 Etenim
2723 2054 2764 2123 l)
2817 2056 3030 2111 etiamsi
3073 2056 3140 2111 ad
3193 2057 3508 2111 missionem
3561 2056 3829 2111 referatur
3889 2058 4035 2126 quod

2458 2148 2692 2217 Spiritus
2711 2149 2912 2203 dicitur
2939 2147 3078 2211 Filii,
3097 2148 3273 2202 adhuc
3299 2148 3572 2217 processio
3595 2149 3789 2203 exinde
3821 2150 3924 2203 ded
3945 2149 4032 2203 uci

2455 2249 2654 2309 potest,
2689 2255 2813 2295 cum
2848 2240 3034 2294 missio
3081 2240 3393 2307 temporalis
3433 2247 3650 2294 aeterna:
3688 2240 4029 2308 processioni

2456 2334 2715 2388 innitatur
2750 2332 2824 2400 (ἐξ
2872 2332 2929 2397 3,
2968 2333 3044 2400 4).
3084 2331 3147 2402 Il)
3202 2331 3434 2402 Spiritus
3468 2348 3497 2385 a
3554 2331 3805 2387 Patribus
3834 2333 4033 2388 dicitur

2457 2424 2704 2492 proprius
2733 2424 2848 2476 Filii
2876 2423 3172 2478 secundum
3210 2433 3491 2486 naturam;
3521 2424 3598 2477 sic
3626 2422 3860 2477 Basilius
3896 2425 3932 2478 l.
3992 2440 4030 2486 ι,

2458 2530 2508 2566 c.
2570 2513 2797 2567 Eunom.
2859 2513 3095 2582 explicat
3156 2512 3380 2583 Πνεῦμα
3440 2511 3702 2584 Χριστοῦ,
3755 2514 3832 2577 ὼς
3893 2515 4034 2568 κατὰ

2456 2606 2619 2673 φύσιν
2659 2606 3007 2676 ᾠκειωμένον
3087 2603 3232 2674 αὐτῷ
3305 2605 3554 2677 (Gregor.
3630 2607 3749 2675 Cpl.
3812 2609 4029 2679 Apolog.

2457 2707 2637 2749 contra
2671 2696 2740 2748 M.
2776 2693 2962 2763 Epltes.
3000 2695 3231 2765 Confess.
3259 2694 3381 2750 cod.
3431 2696 3584 2750 Mon.
3631 2697 3698 2750 27
3740 2697 3775 2752 f.
3834 2699 3932 2750 117
3976 2701 4027 2764 b,

2459 2790 2562 2843 hoc
2585 2798 2730 2843 textu
2762 2799 2956 2858 praeter
2979 2789 3112 2842 alios
3133 2789 3327 2855 utitur)
3351 2805 3364 2852 ;
3394 2790 3488 2843 sed
3513 2799 3704 2843 natura
3722 2799 3807 2845 est
3831 2801 4031 2845 aeterna

2457 2882 2578 2935 etsi
2614 2881 2742 2950 quid
2787 2892 2979 2934 natura
3011 2881 3290 2950 proprium
3324 2882 3567 2945 alterius,
3610 2882 3729 2950 ejus
3778 2882 3854 2936 rei
3896 2883 4032 2936 ratio

2459 2973 2647 3041 nequit
2684 2988 2746 3025 ex
2785 2973 3126 3040 temporariis
3158 2972 3367 3041 repeti;
3403 2981 3486 3026 est
3533 2973 3761 3042 proinde
3801 2972 4036 3042 Spiritus

2460 3065 2709 3133 proprius
2736 3063 2856 3118 Filii
2891 3079 2996 3117 non
3040 3064 3219 3133 aliquo
3261 3064 3368 3117 alio
3417 3074 3697 3134 respectu,
3743 3066 3836 3118 sed
3874 3077 4035 3134 prout

784 3164 905 3201 mus
934 3149 1090 3202 :indc
1118 3150 1357 3217 procedit
1381 3148 1636 3218 Spiritus,
1661 3153 1817 3217 cujus
1838 3153 2052 3216 dicitur,
2079 3153 2194 3208 sive
2229 3169 2350 3222 per-
2384 3175 2428 3234 ρ
2463 3166 2547 3208 est
2575 3154 2754 3209 divina
2787 3170 3038 3224 persona,
3060 3165 3114 3208 et
3147 3155 3271 3209 inde
3310 3170 3374 3208 ex
3406 3155 3523 3224 ipso
3554 3164 3654 3209 est.
3684 3153 3794 3224 lll).
3829 3156 4029 3221 Causa,

785 3256 915 3294 sona
951 3240 1186 3310 Spiritus
1226 3242 1339 3294 sive
1364 3241 1635 3296 charisma
1691 3244 2056 3314 intelligatur;
2083 3261 2215 3316 ergo
2245 3262 2356 3301 non

785 3331 1052 3384 charisma
1073 3330 1671 3399 producitsapientiam,
1690 3332 2025 3395 ﬁliationem,
2042 3332 2358 3399 ﬁdem,etc.,

787 3422 880 3475 sed
912 3422 1200 3490 sapientia,
1235 3423 1443 3487 ﬁliatio,
1476 3422 1629 3485 ﬁdes,
1660 3433 1790 3486 etc.,
1828 3425 2135 3492 producunt
2177 3427 2360 3479 chari-

789 3523 980 3566 smata.
1017 3514 1131 3566 lmo
1163 3531 1284 3567 cum
1318 3516 1470 3582 juxta
1498 3515 1837 3568 adversarios
1882 3515 2021 3568 idem
2063 3517 2134 3569 sit
2175 3516 2360 3571 dicere

787 3605 1014 3674 Πνεῦμα
1034 3623 1095 3659 ac
1121 3607 1301 3660 dicere
1321 3608 1611 3668 charisma,
1627 3615 1704 3660 tot
1728 3617 1890 3660 erunt
1913 3607 2046 3676 ipsis
2067 3608 2359 3676 Πνεύματα

786 3706 917 3765 quot
939 3698 1250 3768 χαρίσματα
1274 3699 1622 3767 etquodlihet
1647 3703 1838 3752 borum
1865 3711 2218 3767 pneumatum
2242 3702 2360 3755 sive

786 3789 1174 3842 charismatum
1202 3791 1253 3842 in
1280 3790 1388 3843 duo
1413 3790 1702 3853 dividetur,
1733 3805 1964 3859 quorum
2006 3806 2176 3844 unum
2226 3807 2355 3860 pro-

786 3881 969 3941 ducat,
1002 3882 1228 3935 alterum
1254 3882 1610 3951 producatur,
1658 3898 1825 3935 unum
1877 3883 2068 3945 donet,
2129 3883 2358 3937 alterum

787 3973 1040 4034 donetur,
1069 3973 1200 4025 ﬁdes
1234 3973 1390 4025 ﬁdem
1413 4013 1427 4034 ,
1462 3973 1768 4026 intellectus
1819 3973 2154 4028 intellectum
2193 3983 2248 4028 et
2279 3976 2358 4028 sic

787 4063 1047 4129 deinceps
1082 4062 1268 4114 donet.
1301 4059 1404 4115 Sed
1439 4060 1686 4116 absurdae
1715 4063 1872 4130 plane
1923 4063 2188 4129 ejusmodi
2231 4074 2359 4119 sunt

788 4155 1184 4208 conclusiones.
1217 4153 1276 4206 In
1312 4155 1501 4221 primis
1547 4154 1747 4208 docent
1802 4156 2002 4220 Latini,
2045 4156 2357 4225 πνεύματος

788 4254 976 4292 vocem
1001 4240 1370 4307 multipliciter
1407 4240 1692 4308 usurpari;
1740 4241 2048 4310 signiﬁcare
2076 4243 2354 4297 interdum

788 4332 1086 4397 ἐνέργειαν,
1114 4330 1340 4398 δύναμιν
1367 4331 1508 4384 haud
1538 4347 1632 4400 per
1662 4347 1720 4386 se
1745 4332 2151 4394 subsistentem,
2172 4334 2355 4404 signi-

788 4437 914 4475 care
951 4437 1097 4482 aera,
1135 4434 1380 4481 ventum,
1406 4422 1613 4483 ﬂatum,
1639 4431 1779 4489 etc.;
1809 4440 1933 4478 cum
1964 4440 2092 4478 vero
2119 4441 2240 4479 cum
2265 4441 2355 4478 ar-

789 4515 953 4568 ticulo
969 4524 1218 4582 ponatur,
1237 4516 1555 4584 plerumque
1575 4533 1686 4570 rem
1706 4529 1930 4579 certam,
1952 4519 2277 4588 singularem
2292 4535 2354 4573 ac
2386 4507 2430 4563 Ῑ)

787 4605 1108 4674 regulariter
1135 4605 1521 4658 subsistentem
1573 4618 1792 4670 notare;
1827 4607 1880 4660 in
1919 4607 2126 4670 Bibliis,
2165 4609 2351 4677 utjam

787 4693 1019 4748 advertit
1052 4694 1324 4761 Didymus.
1350 4694 1385 4746 l.
1414 4712 1428 4748 ι
1463 4695 1537 4746 De
1562 4695 1728 4759 Trin.,
1758 4695 1816 4747 τὸ
1849 4696 2073 4766 Πνεῦμα
2107 4713 2353 4751 commu-

789 4785 931 4838 niter
977 4785 1080 4838 dici
1142 4784 1401 4854 Spiritum
1457 4796 1739 4852 sanctum;
1797 4802 1957 4855 posse
2021 4803 2148 4842 vero
2205 4799 2260 4844 et
2293 4791 2354 4842 τὸ

789 4877 1010 4944 Πνεῦμα
1042 4877 1180 4930 dona
1231 4877 1466 4946 Spiritus
1501 4879 1671 4932 sancti
1703 4879 2008 4948 signiﬁcare
2040 4880 2205 4950 ﬁgura
2237 4897 2354 4936 tne-

788 4969 1057 5038 tonymire,
1093 4985 1196 5038 qua
1221 4986 1316 5038 pro
1351 4969 1643 5024 effectibus
1675 4987 1902 5039 persona
1929 4972 2173 5026 eﬁ'ectrix
2197 4975 2352 5042 poni-

789 5073 891 5122 tur,
931 5071 990 5114 ut
1015 5061 1199 5129 Ep/tes.
1240 5079 1310 5126 Iv,
1354 5063 1454 5126 εἴη
1491 5063 1518 5116 ι
1544 5063 1713 5117 Thess.
1739 5064 1918 5126 v.19;
1961 5063 1988 5116 1
2014 5064 2170 5118 Joan.
2200 5082 2273 5130 tv,
2323 5067 2344 5120 1

789 5151 875 5214 (ll.
935 5151 1136 5205 Kilber.
1197 5153 1386 5206 Theol.
1435 5152 1602 5206 Wire.
1667 5153 1838 5207 Tract.
1892 5154 1966 5208 De
1997 5155 2104 5208 Deo
2147 5173 2251 5209 uno
2303 5167 2351 5210 et

788 5246 927 5294 trino
958 5243 1094 5310 disp.
1135 5243 1189 5307 6,
1219 5259 1268 5298 c.
1299 5245 1365 5305 2;
1390 5253 1494 5299 art.
1533 5247 1554 5297 1
1593 5244 1687 5297 ﬁn.
1722 5261 1776 5300 n.
1807 5246 1956 5312 545).
1995 5247 2059 5300 Et
2105 5258 2250 5301 recte
2297 5247 2350 5301 in

785 5335 968 5388 multis
1010 5334 1305 5388 Bibliorum
1350 5337 1483 5389 locis
1517 5353 1614 5404 per
1661 5337 1923 5406 Spiritum
1958 5337 2106 5409 [195]
2154 5339 2322 5392 intclli

783 5439 916 5494 gunt
961 5427 1307 5488 charismata.
1373 5435 1433 5480 ut
1477 5427 1586 5496 jam
1653 5428 1877 5496 pluralis
1929 5429 1997 5480 rit
2061 5430 2351 5499 πνεύματα.

783 5535 835 5570 ν.
865 5534 943 5586 gr.
981 5516 1191 5570 lJoan.
1233 5531 1308 5580 tv,
1364 5519 1408 5583 I,
1462 5519 1716 5572 ostendit.
1789 5520 1894 5573 Sed
1944 5520 2067 5575 inde
2121 5537 2230 5575 non
2262 5536 2350 5576 se-

783 5619 1042 5678 quuntur,
1079 5625 1199 5678 quae
1238 5610 1668 5665 comminiscitur
1711 5609 1975 5678 Photius;
2022 5627 2144 5665 nam
2188 5628 2350 5667 cano-

857 5809 965 5877 197)
1000 5809 1129 5863 Vide
1164 5821 1264 5865 art.
1302 5814 1532 5881 pra-cod.
1562 5816 1586 5882 ς,
1613 5819 1643 5865 9

2462 3248 2540 3299 sic
2572 3247 2923 3300 ratiocinator
2945 3244 3206 3316 Georgius
3240 3246 3615 3316 Pachymeres,
3644 3247 3704 3313 (l.
3739 3263 3791 3301 c.
3847 3248 3913 3303 (ἕ.
3966 3248 4030 3302 0.

2463 3333 2505 3396 l,
2539 3335 2641 3388 590
2671 3339 2829 3402 seq),
2872 3334 3024 3402 prius
3064 3333 3285 3405 intelligi
3334 3335 3497 3390 debet
3551 3352 3717 3405 quam
3764 3337 4031 3403 eﬂ'ectus;

2463 3432 2518 3478 et
2568 3424 2961 3493 sempiternum
3015 3424 3070 3477 in
3115 3425 3366 3494 personis
3421 3425 3628 3479 divinis
3674 3425 3824 3494 prius
3869 3443 4030 3495 quam

2463 3514 2689 3569 eﬂ'ectus
2713 3529 2897 3568 earum
2922 3514 3076 3586 [196]
3107 3517 3199 3585 qui
3236 3525 3363 3569 sunt
3411 3518 3750 3586 temporales.
3795 3519 4032 3588 Spiritus

2462 3617 2682 3660 sanctus
2734 3607 2854 3660 ideo
2895 3607 2946 3660 iu
2983 3617 3224 3676 tempore
3267 3610 3642 3677 suppeditatur
3706 3609 3956 3664 ﬁdelibus
4001 3625 4032 3664 a

2464 3697 2619 3764 Filio,
2645 3703 2769 3769 quia
2793 3707 2874 3752 est
2894 3708 2948 3752 et
2990 3699 3189 3753 dicitur
3218 3699 3454 3768 Spiritus
3482 3701 3632 3764 Filii;
3676 3702 3781 3756 hoc
3812 3713 3896 3756 est
3938 3718 4031 3756 ve-

2461 3789 2556 3842 luti
2591 3803 2772 3850 causa,
2799 3787 2928 3841 illud
2967 3788 3129 3841 veluti
3161 3789 3405 3842 ell'ectus.
3446 3791 3584 3857 Ergo
3615 3791 3755 3858 quod
3793 3790 4032 3860 Spiritus

2460 3881 2671 3933 dicatur
2711 3878 2850 3942 Filii,
2880 3895 2943 3932 ex
2985 3895 3052 3934 eo
3107 3881 3250 3934 ratio
3306 3897 3414 3934 non
3469 3883 3578 3949 peti
3633 3890 3831 3949 potest,
3887 3884 4030 3950 quod

2461 3972 2692 4026 donetur
2729 3987 2758 4024 a
2809 3971 2945 4025 Filio
3001 3973 3202 4040 dignis.
3256 3973 3456 4026 Eodem
3518 3974 3676 4027 modo
3741 3974 4026 4028 Bessarion

2462 4064 2644 4132 (epist.
2670 4064 2734 4117 ad
2767 4064 2919 4117 Alex.
2941 4062 3098 4117 Lasc.
3127 4079 3176 4118 c.
3209 4062 3273 4127 7;
3296 4063 3461 4117 llard.
3482 4062 3573 4124 IX,
3600 4064 3786 4134 1067):
3825 4085 3842 4115 ι
3873 4065 4027 4130 Quod

2461 4156 2504 4208 si
2535 4155 2657 4223 quis
2684 4155 2864 4209 dicat:
2902 4155 3029 4209 Ideo
3051 4155 3250 4209 dicitur
3286 4154 3530 4224 Spiritus
3587 4156 3728 4220 Filii,
3772 4158 3900 4226 quia
3960 4174 4024 4210 ex

2461 4261 2526 4301 eo
2559 4247 2812 4309 mittitur,
2869 4246 2997 4302 falsa
3039 4258 3125 4301 est
3159 4249 3329 4312 ratio;
3395 4265 3425 4303 e
3474 4265 3740 4302 converso
3793 4265 4025 4319 namque

2459 4338 2583 4405 quia
2611 4338 2730 4407 ejus
2768 4348 2872 4398 est,
2930 4338 3165 4393 mittitur
3211 4339 3279 4392 ab
3336 4354 3436 4403 eo;
3495 4340 3674 4408 priora
3705 4340 3849 4393 enim
3903 4349 4027 4393 sunt

2459 4446 2621 4485 causa
2662 4431 3024 4500 posteriorum
3084 4429 3214 4501 (non
3241 4431 3358 4485 vice
3386 4429 3584 4502 versa).
3641 4430 3798 4484 Prius
3843 4441 4024 4485 autem

2459 4531 2562 4585 est,
2585 4525 2727 4590 quod
2750 4521 2988 4590 Spiritus
3020 4521 3088 4575 sit
3121 4520 3356 4590 Spiritus
3389 4520 3544 4585 Filii;
3579 4522 3852 4590 posterius
3875 4537 4020 4582 vero.

2457 4612 2602 4680 quod
2629 4611 2874 4664 mittatur
2901 4611 2969 4664 ab
3007 4626 3094 4664 eo.
3139 4629 3156 4662 ι
3195 4611 3284 4678 1V)
3328 4613 3449 4665 Non
3495 4614 3678 4666 minus
3721 4624 4022 4681 Opportuna

2457 4714 2604 4766 sunt,
2635 4721 2755 4772 qua:
2790 4704 3030 4772 disputat
3064 4704 3218 4771 llugo
3253 4704 3588 4758 Etheriauus
3616 4705 3675 4771 (l.
3723 4721 3785 4766 ιι.
3818 4720 3867 4759 c.
3930 4708 4018 4770 90,

2454 4811 2510 4865 p.
2547 4796 2702 4861 19.35)
2739 4812 2754 4849 :
2796 4815 2813 4847 ί
2845 4795 2960 4848 Non
3015 4795 3216 4848 dicitur
3250 4795 3484 4864 Spiritus
3529 4795 3645 4848 Filii
3691 4806 3745 4849 ut
3789 4799 4022 4850 consub-

2463 4883 2717 4937 stantiale
2737 4893 2792 4936 et
2820 4884 2909 4953 qui
2941 4884 3173 4938 mittitur
3203 4899 3298 4952 per
3321 4886 3520 4953 ipsum,
3545 4894 3605 4938 ut
3634 4884 3809 4939 Photii
3839 4887 4018 4939 decla-

2456 4982 2540 5027 rat
2565 4973 2983 5043 descripto;aut
3016 4976 3161 5028 enim
3194 4976 3519 5029 teternaliter
3549 4985 3630 5029 est
3675 4975 3792 5027 Filii
3819 4992 4021 5044 perque

2455 5066 2631 5133 ipsum
2663 5065 2993 5119 aeternaliter
3038 5065 3291 5126 mittitur,
3345 5076 3438 5120 aut
3497 5068 3654 5135 prius
3693 5066 3812 5119 Filii
3875 5078 4012 5128 erat,

2454 5171 2611 5224 quam
2654 5171 2751 5224 per
2803 5155 2979 5224 ipsum
3039 5157 3366 5210 mitteretur.
3428 5156 3584 5221 Quod
3633 5157 3676 5210 si
3725 5167 4017 5226 antequam

2455 5245 2782 5310 mitteretur,
2808 5244 2925 5298 Filii
2949 5256 3068 5299 erat
3103 5245 3365 5315 Spiritus,
3413 5263 3514 5300 non
3537 5247 3660 5316 quia
3694 5263 3787 5313 per
3842 5249 4015 5317 ipsum

2456 5337 2706 5400 mittitur,
2736 5338 2856 5406 ejus
2889 5339 3124 5391 exsistit.
3160 5341 3226 5392 Et
3247 5355 3435 5392 rursus
3461 5339 3501 5391 si
3529 5354 3626 5407 per
3663 5337 3858 5391 Filium
3893 5339 4016 5406 Spi-

2453 5430 2590 5483 ritus
2625 5430 3229 5492 2ternalitermittitur,
3281 5442 3375 5484 aut
3437 5433 3667 5484 mittitur
3724 5430 3860 5482 Filio
3894 5446 4017 5483 cum

2453 5521 2611 5574 Patre
2639 5522 2887 5575 mittente
2921 5523 3120 5590 ipsum,
3145 5533 3240 5576 aut
3264 5534 3518 5592 tanquam
3551 5539 3647 5591 per
3682 5525 4017 5576 instrumen-

2453 5622 2565 5667 tum
2595 5613 2826 5666 mittitur
2857 5627 2949 5681 per
2974 5610 3190 5677 Filium,
3226 5613 3393 5669 veluti
3429 5629 3526 5682 per
3556 5628 3739 5667 arcum
3784 5612 4016 5664 mittitur
