4242 6438
794 389 896 458 151

1927 390 2192 450 ΡΠΟΤΙΙ
2227 387 2733 451 PATRIARCH/E
2770 391 2880 453 CP.

3955 395 4061 458 452

783 522 814 560 a
847 506 1003 559 Patre
1036 512 1343 572 generatur,
1376 502 1448 556 ita
1495 501 1730 571 Spiritus
1765 511 1989 556 sanctus
2016 503 2087 555 ab
2129 512 2359 571 utroque
2385 507 2437 565 Α
2461 504 2716 558 omnibus
2756 505 3037 574 disciplina
3069 513 3342 560 censetur.
3396 505 3510 559 Lux
3543 520 3758 576 quoque
3787 507 3918 564 solis
3950 525 4055 579 pe-

783 596 1002 660 exit,ab
1025 603 1253 662 utroque
1282 593 1515 646 mittitur
1542 593 1892 657 aeternaIiter,
1922 602 1978 645 ct
2002 592 2070 646 ab
2097 602 2327 661 utroque
2347 633 2364 657 ,

784 700 841 742 ut
874 699 1152 741 ostensum
1180 695 1297 747 est,
1331 687 1548 738 univoce
1589 684 1855 753 procedit.
1895 682 2028 737 Nam
2069 685 2213 754 apud
2257 696 2368 738 tres

783 780 918 833 nihil
947 779 1208 849 praeterit,
1233 778 1372 830 nihil
1394 776 1636 830 futurum
1669 787 1780 842 est;
1802 778 1944 846 apud
1974 787 2084 831 tres
2105 793 2371 846 personas

784 887 894 925 non
916 881 999 924 est
1019 869 1399 923 transmutatio
1419 884 1520 922 nec
1539 869 1931 922 vicissitudinis
1955 870 2367 922 obumbratio...

785 965 1052 1028 Quantum
1073 964 1142 1014 ad
1168 963 1305 1030 ipsos
1340 964 1355 1029 (
1380 961 1594 1014 Patrem
1619 971 1674 1014 et
1719 961 1914 1014 Filium
1946 966 1961 1026 )
1986 973 2217 1028 spectat,
2243 970 2371 1013 ante

786 1059 964 1109 omnia
988 1055 1182 1108 sa-cula
1211 1055 1433 1107 mittunt
1455 1061 1510 1106 et
1536 1053 1740 1106 donant
1761 1052 2040 1122 (Spiritum
2074 1053 2365 1119 sanctum).

787 1147 1186 1201 Exsistentibus
1207 1157 1384 1199 autem
1411 1147 1554 1198 dono
1578 1147 1906 1200 missioneve
1929 1146 2107 1215 dignis
2127 1147 2368 1214 incipere

785 1240 1039 1292 dicuntur
1070 1240 1285 1290 mittere
1311 1238 1392 1289 vel
1431 1238 1671 1299 donare;
1720 1253 2054 1305 nequaquam
2082 1238 2368 1289 secundum

786 1347 860 1391 se,
898 1330 1036 1396 (sed)
1073 1339 1327 1397 quantum
1362 1328 1430 1379 ad
1469 1328 1828 1395 suscipientes.
1867 1326 2029 1396 Igitur
2063 1328 2108 1380 si
2150 1328 2370 1382 mittere

788 1431 1093 1482 attentum,
1142 1429 1198 1472 et
1256 1420 1478 1482 missio;
1543 1434 1805 1487 versaque
1863 1420 2020 1473 vice:
2077 1419 2120 1471 si
2181 1419 2372 1472 missio

787 1521 1022 1566 aeterna.
1059 1519 1112 1562 et
1155 1510 1391 1562 mittere.
1437 1510 1594 1578 Atqui
1643 1510 1830 1563 missio
1867 1521 2071 1562 aeterna
2116 1519 2219 1562 est.
2255 1509 2371 1562 Non

789 1602 936 1653 enim
967 1611 1026 1653 ut
1067 1602 1121 1652 in
1151 1601 1472 1654 lithotomon
1519 1602 1640 1670 (sic)
1674 1603 1810 1653 ratio
1853 1602 2017 1654 turris
2045 1601 2372 1654 fabricanda:

797 1693 1210 1745 fabricationem
1261 1693 1516 1759 przeccdit
1558 1702 1613 1743 et
1655 1693 1723 1744 ab
1763 1708 1826 1745 ea
1864 1692 2141 1755 dividitur,
2196 1693 2268 1745 ita
2319 1693 2372 1744 in

793 1784 924 1837 Filio
953 1793 1006 1836 et
1034 1783 1190 1835 Patre
1220 1782 1371 1852 [200|
1396 1783 1532 1836 ratio
1563 1783 1835 1835 missionis
1865 1784 2104 1851 Spiritus
2137 1782 2360 1835 missio-

790 1890 912 1927 nem
960 1873 1217 1941 praevenit
1259 1875 1413 1926 etab
1447 1873 1561 1941 ipsa
1609 1884 1912 1941 separatur.
1965 1875 2096 1926 Nam
2137 1875 2182 1927 si
2236 1875 2372 1928 ratio

791 1965 1064 2017 missionis
1099 1963 1333 2032 Spiritus
1371 1966 1541 2017 sancti
1574 1965 1641 2016 ab
1671 1974 1876 2017 aeterno
1908 1965 1962 2016 in
1993 1964 2132 2016 Filio
2165 1973 2282 2028 est,
2318 1976 2374 2018 et

793 2055 978 2110 missio
1009 2054 1175 2122 ipsius
1204 2054 1439 2121 Spiritus
1470 2053 1637 2119 cmpit
1673 2068 1793 2105 esse
1834 2053 1885 2105 in
1922 2053 2059 2106 Filio
2095 2054 2160 2106 ab
2192 2053 2374 2122 aliquo

795 2158 1055 2216 tempore,
1084 2152 1234 2216 prius
1264 2157 1313 2199 et
1343 2146 1641 2214 posterius,
1674 2145 1948 2213 adjectum
1980 2155 2034 2198 et
2065 2147 2372 2213 separabile

794 2240 959 2293 habet
990 2239 1155 2291 Filius
1198 2248 1252 2292 et
1285 2239 1647 2291 accidentium
1683 2253 1791 2290 non
1831 2236 2018 2306 eilugit
2055 2237 2374 2306 multiplici-

796 2339 982 2384 tatem.
1020 2329 1208 2382 Nonne
1235 2331 1312 2382 sol
1339 2345 1462 2381 cum
1493 2329 1763 2381 illuminat
1788 2330 2033 2390 domum,
2059 2330 2238 2398 aliqua
2273 2331 2374 2382 ho—

794 2425 882 2479 die
930 2423 1120 2492 incipit
1168 2422 1467 2486 irradiare;
1517 2422 1742 2491 pretiosi
1788 2421 2039 2474 similiter
2087 2422 2376 2490 splendent

790 2517 990 2586 jugiter
1031 2514 1256 2583 lapides,
1290 2515 1461 2567 Stella:
1490 2529 1738 2582 quoque;
1787 2521 2028 2566 attamen
2067 2514 2281 2567 illarum
2315 2514 2372 2567 in

798 2607 1066 2671 tenebris,
1108 2606 1299 2658 harum
1333 2620 1462 2657 vero
1497 2605 1552 2657 in
1593 2605 1712 2657 luce
1745 2603 1969 2657 minime
1998 2606 2256 2672 splendor
2289 2623 2380 2659 ru-

800 2698 948 2762 tilat,
988 2713 1089 2749 non
1118 2713 1182 2749 ex
1216 2697 1588 2762 interceptione
1628 2697 1918 2763 splendoris
1941 2737 1956 2760 ,
1986 2698 2077 2750 sed
2127 2713 2189 2749 ex
2233 2700 2379 2766 aspi-

799 2792 1045 2844 cientium
1079 2789 1499 2843 imbecillitate?
1549 2789 1799 2857 Amplius
1845 2806 1858 2841 :
1913 2789 2098 2842 missio
2145 2789 2382 2857 Spiritus

799 2882 971 2937 sancti
999 2890 1056 2934 et
1083 2881 1320 2950 cognitio
1368 2879 1646 2933 missionis
1693 2880 1852 2933 simul
1885 2888 2012 2932 sunt
2045 2880 2099 2931 in
2137 2879 2293 2933 Patre
2327 2889 2384 2934 et

799 2971 974 3036 Filio;
1015 2981 1269 3024 neutrum
1299 2971 1444 3023 enim
1486 2971 1681 3023 horum
1710 2969 1943 3023 duorum
1977 2982 2191 3040 tempus
2241 2987 2382 3039 pra:-

799 3063 1036 3134 judicat;
1065 3072 1120 3116 at
1147 3078 1277 3117 vero
1308 3063 1533 3131 cognitio
1563 3071 1767 3116 aeterna
1809 3073 1926 3128 est;
1959 3079 2087 3134 ergo
2117 3072 2171 3115 et
2199 3064 2385 3117 missio

805 3155 1038 3224 Spiritus
1068 3154 1241 3208 sancti
1287 3155 1355 3208 ab
1400 3163 1633 3220 utroque
1677 3163 1881 3207 aeterna
1931 3164 2017 3209 est
2058 3166 2114 3209 et
2160 3165 2386 3223 uterque

805 3245 1081 3314 mqualiter
1107 3253 1161 3299 et
1201 3245 1531 3299 :eternaliter
1560 3261 1721 3298 causa
1767 3245 2045 3298 missionis
2075 3245 2386 3314 Spiritus...

809 3333 867 3387 Si
916 3333 1103 3402 utique
1147 3331 1347 3401 (Pater)
1396 3348 1561 3387 causa
1608 3348 1723 3398 est,
1765 3342 1820 3387 et
1869 3331 2037 3386 Filius
2077 3342 2162 3387 est
2214 3335 2392 3402 aliqua

807 3439 970 3478 causa
1011 3423 1244 3492 Spiritus
1274 3423 1444 3476 sancti
1479 3441 1494 3489 ;
1540 3425 1584 3478 si
1629 3432 1822 3476 neuter
1850 3431 1935 3477 est
1973 3439 2134 3476 causa
2162 3475 2171 3485 ,
2205 3423 2394 3477 missio

813 3512 1049 3582 Spiritus
1098 3512 1270 3565 sancti
1316 3528 1418 3565 nec
1452 3529 1668 3567 causam
1707 3512 1871 3565 habet
1900 3528 2002 3565 nec
2026 3512 2352 3581 principium
2374 3552 2390 3578 ,

811 3605 954 3673 quod
1007 3615 1090 3658 est
1144 3605 1315 3657 solius
1364 3604 1540 3657 Patris
1594 3604 1934 3673 privilegium
1994 3604 2049 3657 in
2100 3603 2386 3659 Trinitate.

810 3696 991 3761 Quare
1033 3694 1259 3748 forsitan
1306 3711 1413 3748 non
1461 3696 1531 3749 sit
1573 3696 2002 3759 inconveniens,
2043 3696 2085 3749 si
2116 3698 2393 3764 processio

812 3787 1048 3856 Spiritus
1074 3787 1248 3840 sancti
1281 3787 1611 3841 asternaliter
1636 3789 1702 3840 de
1728 3787 1885 3840 Patre
1914 3803 1978 3842 ac
2009 3786 2141 3840 Filio
2168 3804 2392 3844 manans

813 3892 980 3946 penes
1005 3877 1366 3946 suscipientes
1404 3886 1685 3930 creaturas
1706 3877 1905 3938 missio,
1941 3877 2195 3930 usitatius
2224 3879 2392 3930 dona-

813 3970 886 4021 tio
912 3970 1038 4022 etsi
1080 3969 1208 4037 quid
1241 3967 1387 4020 aliud
1438 3967 1751 4034 hujusmodi
1794 3977 2159 4036 nuncupctur.
2207 3968 2393 4021 subli-

814 4060 1074 4113 mioribus
1103 4059 1320 4127 quidem
1353 4073 1569 4127 semper
1605 4058 1793 4111 divino
1816 4099 1829 4120 ,
1870 4056 2218 4111 inferioribus
2254 4073 2382 4111 vero

813 4166 1030 4218 semper
1075 4158 1259 4204 creato
1304 4149 1625 4203 referendis.
1671 4147 1808 4203 Nam
1857 4149 1999 4203 idem
2039 4149 2390 4218 Evangelium

815 4244 867 4296 in
921 4240 1143 4296 Christo
1201 4242 1484 4306 doctrina,
1529 4240 1584 4293 in
1629 4240 1889 4309 apostolis
1942 4255 2075 4294 vero
2123 4241 2392 4308 nobisque

813 4370 959 4407 nono
991 4354 1162 4406 utitur
1207 4353 1506 4407 adnectens
1541 4351 1871 4406 Theodoreti
1903 4353 2300 4421 Oppositionem
2327 4368 2392 4407 ac

811 4424 1021 4494 Cyrilli
1058 4437 1377 4494 responsum
1422 4437 1529 4475 una
1563 4437 1690 4476 eum
1723 4423 2034 4476 testimonio
2074 4438 2139 4476 ex
2177 4425 2294 4491 ejus
2322 4423 2391 4477 ad

815 4492 1122 4547 Nestorium
1146 4492 1409 4560 epistolis.

886 4563 961 4632 (2)
1010 4561 1402 4632 Theopliylact.
1444 4561 1589 4630 apud
1628 4560 1843 4632 Hugon.
1891 4561 1955 4632 ll.
1991 4563 2076 4626 15,

815 4629 956 4701 apud
990 4632 1219 4701 Beceum
1246 4629 1348 4682 Cr.
1383 4629 1518 4683 ort/i.
1553 4632 1593 4692 l,
1630 4646 1684 4701 p.
1709 4629 1842 4701 220,
1879 4630 1988 4701 221
2019 4647 2034 4696 ;
2075 4629 2248 4685 Nicol.
2285 4632 2396 4701 ble-

819 4699 972 4754 thon.
1005 4700 1202 4769 Syllog.
1236 4701 1289 4751 in
1320 4702 1440 4754 cod.
1479 4699 1728 4754 Μοηζϐϐ
1761 4701 1801 4754 ι.
1832 4700 1893 4754 81
1927 4702 1981 4754 ι).
2024 4717 2142 4769 cap.
2174 4701 2244 4753 55
2277 4719 2290 4753 :
2329 4700 2393 4753 El

815 4773 845 4822 ὁ
874 4771 1036 4828 αὐτὸς
1065 4771 1413 4838 Παράκλητος
1436 4770 1591 4838 ἐδόθη
1615 4770 1735 4820 τότε
1767 4769 1855 4821 διὰ
1880 4771 1974 4838 τῆς
1999 4771 2356 4838 ὲμφυσήσεως
2375 4809 2391 4832 ,

817 4841 954 4894 ἀλλὰ
980 4840 1059 4960 (si;
1085 4841 1142 4890 τὸ
1173 4839 1416 4908 χάρισμα
1444 4841 1549 4923 τῆᾔ
1569 4839 1816 4907 ἀφέσεως
1841 4839 1950 4891 τῶν
1982 4840 2394 4920 ἁμαρτιὼνκὼς

818 4910 1015 4960 αὐτίκα
1063 4908 1333 4960 εδήλωκεν
1359 4911 1599 4960 ὲπειπων
1626 4912 1654 4960 ὁ
1675 4909 1864 4960 Σωτὴρ
1911 4910 2010 4960 "Av
2033 4925 2194 4960 τινων
2219 4911 2393 4960 dum:

818 4908 1015 4962 αὐτίκα
1031 4908 1333 4978 δεδήλωκεν
1359 4908 1601 4978 ἐπειπὼν
1626 4912 1654 4961 ὁ
1675 4909 1864 4978 Σωτὴρ
1911 4910 2010 4960 Ἀν
2033 4925 2194 4978 τινλων
2219 4910 2393 4978 ἀφῆτε

816 4983 915 5041 τὰς
933 4974 1227 5048 ἁμαρτίας.
1263 4978 1509 5044 ἀφίενται
1545 4977 1736 5048 (Joan.
1770 4974 1874 5037 xxv,
1915 4978 2036 5047 23)·
2080 4974 2187 5030 old:
2226 4974 2335 5046 γὰῥ
2364 4979 2393 5030 ὁ

819 5047 979 5116 λόγος
1010 5048 1105 5099 καὶ
1134 5049 1202 5098 τὰ
1251 5049 1567 5118 χαρίσματα
1614 5047 1802 5118 καλεῖν
1832 5048 2117 5118 πνεύματα
2141 5063 2153 5075 ·
2186 5048 2328 5109 τινος
2359 5050 2392 5117 ἡ

819 5119 960 5171 κατὰ
989 5119 1087 5187 τὴν
1121 5117 1224 5184 γῆν
1258 5116 1554 5185 πα’ρουσία;
1594 5117 1628 5186 ἢ
1666 5117 1774 5185 γὰρ
1819 5117 1913 5168 τοῦ
1957 5116 2120 5169 αὐτοῦ
2153 5119 2245 5170 καὶ
2294 5116 2390 5168 ita;

822 5190 1020 5258 pttt'l],_
1041 5189 1074 5255 ἢ
1112 5187 1328 5258 ἑτέρου,
1363 5188 1454 5238 καὶ
1485 5189 1636 5258 ποῖον
1667 5188 1821 5238 τοῦτο
1846 5203 1859 5250 ;

891 5256 1261 5326 (5),Ρι”.ιξειιιι’θ
1291 5257 1449 5325 Greg.
1480 5257 1680 5309 Nazian
1726 5265 1860 5310 orat.
1893 5257 1982 5320 57,
2017 5273 2070 5326 p.
2123 5256 2246 5320 608,
2281 5265 2390 5311 tres

819 5319 989 5382 veluti
1015 5328 1213 5394 gradus
1239 5319 1749 5380 communicationis
1773 5319 2330 5396 Spiritus-distinguit
2373 5344 2385 5380 :

818 5400 1051 5467 primum
1083 5401 1162 5463 (τὸ
1194 5398 1432 5467 Ῑτνεῡμα)
1455 5399 1524 5467 γὲν
1555 5397 1693 5466 ἀρχῇ
1719 5399 1830 5467 ⁸τοι)
1881 5398 2204 5467 εὐαγγελίου
2229 5398 2391 5449 δυνά-

819 5463 937 5536 μεις
972 5463 1273 5536 ἐπιτελοῦν,
1299 5463 1498 5518 deinde
1521 5463 1906 5536 ἐκφοᾰώμενον
1930 5463 2108 5535 (Joan.
2135 5484 2223 5528 xx,
2259 5467 2386 5533 22),

818 5535 1005 5605 postea
1059 5538 1118 5587 ὲν
1171 5535 1733 5608 γλώσσαις-πυρίγαις
1786 5537 2130 5608 φαινόμενον.
2163 5537 2388 5608 λιηεὶειιί

815 5609 1104 5660 verborum
1139 5607 1418 5672 majestate
1453 5605 1562 5658 Leo
1612 5605 1682 5658 Μ.
1714 5621 1965 5659 sermone
2000 5608 2035 5660 2
2066 5607 2133 5660 de
2163 5605 2385 5663 Pentec.

816 5691 865 5728 c.
893 5678 946 5734 ὅ.
980 5677 1032 5728 4.
1070 5681 1085 5742 (
1113 5675 1306 5727 Baller.
1346 5676 1431 5739 76,
1462 5691 1518 5743 p.
1549 5676 1654 5729 405
1683 5691 1796 5744 seq.
1827 5677 1914 5729 ed.
1947 5676 2177 5745 hircus):
2219 5696 2236 5728 ι
2270 5678 2388 5732 Non

815 5745 1168 5816 ambigamus,
1195 5745 1346 5816 quod
1376 5759 1498 5798 cum
1529 5746 1583 5816 in
1611 5745 1696 5816 die
1719 5746 2065 5816 Pentecostes
2093 5749 2388 5816 discipulos

819 5814 1033 5870 Domini
1062 5815 1295 5888 Spiritus
1321 5824 1540 5872 sanctus
1568 5815 1830 5886 implevit,
1869 5833 1971 5872 non
2003 5817 2103 5872 luit
2123 5814 2386 5872 inchoatio

2118 4577 2169 4630 p.
2223 4560 2386 4627 1228;
2414 4533 2468 4593 Β

2472 596 2659 649 rennis
2704 604 2823 661 est;
2866 596 3107 665 quandiu
3149 595 3308 650 nobis
3349 596 3545 658 oritur.
3586 596 3730 650 diem
3763 613 4056 662 vocamus,

2470 688 2634 740 breve
2686 687 3046 740 attribuentes
3090 688 3141 740 ei
3175 687 3437 755 temporis
3471 687 3729 754 spatium.
3773 704 3792 736 ι
3849 686 4060 751 Quibus

2469 778 2738 848 exemplis
2769 779 2918 831 aliud
2949 777 3173 846 c0pulat
3205 778 3342 832 duce
3371 776 3698 847 Hieronymo
3727 792 3792 830 ex
3817 778 4062 832 incarna-

2470 868 2616 922 tione
2659 869 3007 936 desumptum
3036 910 3051 933 ,
3082 885 3203 938 qua
3233 869 3385 923 velut
3413 870 3526 937 jam
3569 868 3638 923 ab
3682 868 3838 924 initio
3876 872 4061 924 saeculi

2473 961 2612 1014 facta
2662 964 3003 1028 perhibetur.
3048 979 3112 1016 ac
3148 962 3346 1016 deinde
3391 963 3470 1031 (ρ.
3523 962 3661 1016 1255
3693 962 3782 1028 C.)
3831 963 4009 1033 pergit
4046 982 4058 1015 :

2478 1071 2496 1102 ι
2525 1051 2681 1117 Quod
2725 1053 2770 1106 si
2813 1054 2994 1107 unitas
3037 1053 3278 1123 mysterii
3329 1052 3621 1108 Dominicae
3665 1053 4062 1108 incarnationis

2475 1145 2529 1196 in
2600 1143 2734 1197 Filio
2792 1144 3120 1212 principium
3173 1145 3434 1213 temporis
3463 1159 3573 1197 non
3631 1143 3841 1207 habuit,
3890 1143 4062 1196 multo

2474 1237 2654 1290 minus
2726 1236 2987 1289 credibile
3049 1244 3128 1289 est
3203 1235 3518 1289 missionem
3591 1234 3825 1304 Spiritus
3891 1234 4061 1288 sancti

2473 1340 2502 1377 a
2545 1326 2704 1378 Patre
2738 1339 2801 1378 ac
2831 1324 2972 1377 Filio
3027 1324 3080 1378 in
3132 1323 3394 1378 alterutro
3420 1339 3608 1378 eorum
3661 1323 3930 1392 incepisse
3962 1323 4063 1374 sub

2475 1428 2737 1484 tempore.
2799 1436 2816 1467 ο
2868 1416 3133 1470 Prii-terea
3188 1416 3331 1468 idem
3396 1425 3586 1470 auctor
3637 1425 3826 1468 contra
3886 1415 4062 1467 Theo-

2475 1510 2784 1577 pliylactum
2829 1508 3068 1575 aliosque
3094 1548 3108 1570 ,
3149 1507 3243 1574 qui
3303 1506 3605 1576 arguebant
3651 1505 3913 1574 Spiritum
3953 1520 4059 1556 non

2476 1610 2558 1653 ter
2591 1599 2676 1652 vel
2705 1599 2904 1667 sapius
2931 1600 3116 1652 datum
3149 1599 3452 1666 discipulis,
3486 1596 3635 1668 (201]
3666 1613 3846 1664 neque
3879 1597 4060 1649 verbis

2475 1690 2636 1742 Joau.
2675 1706 2740 1742 xx
2765 1730 2778 1752 ,
2810 1690 2883 1742 22
2906 1729 2920 1752 ,
2961 1705 3138 1757 neque
3166 1698 3292 1742 ante
3321 1688 3523 1741 Christi
3563 1703 3593 1740 e
3623 1687 3826 1740 mundo
3855 1687 4060 1740 disces-

2477 1798 2636 1843 sum,
2672 1782 2766 1834 sed
2801 1782 3010 1849 priores
3053 1791 3180 1834 ante
3224 1783 3585 1833 Pcntecnsten
3633 1780 3954 1833 donationes
3995 1782 4060 1832 ad

2403 1844 2449 1902 Β
2480 1871 2712 1940 Spiritus
2739 1871 2878 1923 dona
2916 1886 3036 1922 esse
3077 1870 3361 1922 referenda
3388 1908 3402 1931 ,
3440 1884 3504 1922 ac
3551 1868 3711 1921 Joan.
3757 1885 3857 1932 xx,
3889 1869 3959 1920 22
3998 1871 4061 1921 ad

2481 1963 2688 2016 donum
2719 1963 2984 2014 duntaxat
3026 1961 3332 2014 dimittendi
3377 1970 3595 2029 peccata
3629 1960 3726 2026 (2),
3774 1962 3914 2012 inter
3959 1962 4061 2012 alia

2481 2054 2642 2106 docet
2669 2054 2739 2120 (l.
2773 2071 2831 2115 ιι,
2869 2055 2953 2115 15,
2984 2069 3038 2119 p.
3079 2053 3239 2119 1228)
3265 2069 3328 2106 ex
3357 2052 3619 2122 Gregorio
3642 2050 3983 2105 Nazianzeno
4009 2065 4064 2105 et

2481 2143 2747 2214 Gregorio
2776 2145 2816 2197 I.
2862 2144 3141 2208 Romano,
3181 2145 3457 2198 Christum
3500 2160 3606 2196 non
3648 2145 3862 2198 dedisse
3891 2145 4063 2198 solum

2481 2238 2683 2292 donum
2737 2238 3041 2305 quoddam.
3100 2236 3194 2290 sed
3245 2237 3418 2302 ipsum
3473 2234 3734 2301 Spiritum
3796 2246 4062 2289 sanctum.

2483 2331 2636 2396 Quod
2668 2330 2850 2385 denuo
2883 2332 2954 2399 (c.
2986 2328 3072 2391 15,
3116 2343 3170 2396 p.
3215 2328 3373 2395 1229)
3409 2327 3529 2380 aliis
3575 2327 3909 2397 argumentis
3934 2344 4068 2382 con-

2485 2424 2703 2477 ﬁrmare
2745 2424 2927 2478 studet
2956 2461 2972 2485 .
3010 2421 3381 2491 Chrysostomi
3408 2461 3423 2486 ,
3473 2437 3594 2489 qua:
3629 2423 3897 2476 contraria
3947 2439 4067 2477 esse

2484 2515 2653 2568 verba
2699 2515 3045 2578 videbantur,
3103 2514 3400 2582 explanatis
3445 2523 3499 2566 et
3550 2514 3603 2566 in
3654 2515 3833 2569 verbis
3878 2515 4008 2584 ipsis
4050 2533 4066 2569 :

2485 2608 2715 2677 Accipite
2756 2607 3017 2674 Spiritum
3055 2616 3299 2659 sanctum
3353 2607 3634 2659 insistens.
3688 2606 3742 2659 Si
3785 2608 3908 2676 quis
3941 2622 4070 2660 vero

2494 2701 2641 2756 dicat
2696 2699 2915 2756 nonnisi
2975 2699 3177 2752 donum
3233 2698 3543 2752 remittendi
3610 2708 3829 2768 peccata
3877 2700 4064 2753 datum

2488 2793 2691 2856 fuisse,
2741 2811 2758 2842 ι
2798 2792 3079 2850 attendat,
3113 2791 3187 2844 ait
3221 2788 3405 2859 Ilugo,
3453 2790 3496 2843 si
3547 2789 3860 2857 hujusmodi
3899 2790 4071 2843 virtus

2489 2881 2803 2948 separabilis
2837 2881 2928 2934 sit.
2963 2879 3068 2934 Sed
3106 2890 3273 2948 patet,
3300 2880 3443 2948 quod
3475 2896 3585 2933 non
3615 2881 3685 2933 sit
3712 2881 4030 2950 separabilis
4053 2920 4068 2944 ,

2490 2990 2615 3028 cum
2651 2973 2787 3026 nihil
2815 2973 3118 3026 secundum
3148 2971 3405 3024 accidens
3429 2971 3628 3024 divinis
3661 2972 3787 3024 insit
3820 2973 4072 3040 hyposta-

2492 3068 2680 3128 sibus;
2711 3081 2839 3136 ergo
2866 3065 2994 3118 dum
3039 3065 3131 3116 dat
3161 3062 3417 3131 Spiritum
3441 3104 3454 3124 ,
3486 3063 3713 3133 largitur
3743 3073 3938 3127 totum,
3971 3081 4072 3117 non

2498 3168 2725 3228 partem.
2763 3176 2782 3209 ι
2821 3157 3022 3211 Deinde
3065 3156 3224 3210 docet
3267 3155 3546 3210 Christum
3585 3157 3640 3210 in
3703 3156 3788 3211 die
3828 3173 4072 3210 resurre-

2497 3249 2697 3305 ctionis
2733 3249 2948 3304 dedisse
2995 3259 3159 3301 totum
3192 3247 3468 3317 Spiritum,
3502 3251 3593 3302 sed
3649 3265 3748 3302 non
3789 3251 4073 3303 secundum

2495 3357 2699 3394 omnem
2725 3340 3044 3408 operationis
3073 3340 3295 3406 speciem
3321 3380 3334 3402 ,
3367 3339 3421 3392 in
3454 3339 3543 3393 die
3571 3354 3700 3392 vero
3720 3339 4072 3394 l'entccostes

2497 3433 2717 3486 dedisse
2759 3433 3042 3484 secundum
3085 3447 3287 3484 omnem
3331 3431 3384 3482 in
3431 3430 3556 3497 ipsis
3604 3433 3922 3498 operationis
3956 3450 4072 3499 spe-

2496 3525 2665 3586 ciem;
2700 3523 3082 3576 distinctiones
3131 3521 3242 3574 lieri
3290 3522 3356 3575 ad
3392 3537 3747 3591 personarum
3789 3524 4073 3577 discretio-

2496 3629 2618 3668 nem
2648 3623 2701 3666 et
2733 3625 2959 3682 prepter
3000 3615 3381 3682 operationum
3411 3614 3464 3665 in
3499 3614 3630 3682 ipsis
3670 3615 3932 3683 apostolis
3958 3618 4073 3668 cili--

2495 3704 2698 3758 caciam
2729 3705 2829 3772 (ὅ).
2867 3722 2885 3753 ι
2930 3705 3010 3757 Ad
3057 3705 3161 3758 hoc
3197 3735 3264 3745 -——
3314 3703 3463 3774 [202]
3522 3705 3594 3758 ita
3640 3708 4072 3775 prosequitur—

2495 3793 2799 3848 insulllaSse
2835 3793 3085 3848 Christus
3120 3803 3179 3847 ut
3212 3795 3440 3848 emissor
3471 3796 3524 3848 in
3563 3811 3628 3849 eo
3658 3799 3795 3866 quod
3829 3797 3964 3850 Deus
4016 3798 4066 3850 in

2494 3883 2684 3938 faciem
2715 3884 3101 3951 discipulorum
3129 3884 3389 3948 creditur,
3424 3894 3537 3937 tum
3565 3896 3623 3938 ut
3650 3902 3746 3953 per
3775 3891 3879 3940 hoc
3910 3887 4072 3940 intel-

2494 3975 2783 4044 ligeremus
2825 3975 3086 4043 Spiritum
3133 3991 3262 4030 vere
3315 3974 3382 4028 de
3433 3975 3522 4029 illo
3555 3977 3880 4045 procedere.
3917 3990 3976 4032 ut
4007 3980 4073 4032 «fe

2493 4065 2763 4135 profundo
2791 4065 3038 4134 corporis
3063 4066 3184 4134 ejus
3220 4067 3310 4120 ille
3340 4069 3499 4122 ﬂatus
3537 4068 3864 4135 evaporabat
3896 4069 4070 4120 sensi-

2493 4158 2798 4224 biliter(4),
2833 4166 2945 4209 tum
2987 4158 3132 4226 quod
3172 4157 3239 4211 ad
3288 4158 3594 4212 habendum
3635 4169 3689 4212 et
3714 4160 3865 4227 quasi
3904 4160 4073 4226 possi-

2494 4248 2733 4303 dendum
2761 4247 3023 4316 Spiritum
3051 4249 3131 4301 eis
3159 4249 3334 4313 daret,
3360 4250 3504 4318 quod
3532 4251 3584 4303 in
3613 4251 3699 4304 die
3725 4250 4072 4304 Pentecostcs

2494 4359 2745 4421 muneris,
2778 4359 2866 4431 sed
2893 4359 3120 4426 adjectio
3153 4359 3444 4430 largitatis;
3473 4362 3729 4431 quoniam
3757 4372 3811 4414 et
3842 4366 4071 4430 patriar-

2493 4431 2609 4483 chae
2632 4436 2688 4500 et
2717 4429 2993 4496 prOpheta:
3016 4440 3070 4482 et
3100 4433 3410 4484 sacerdotes
3433 4429 3732 4500 omnesque
3755 4429 3950 4492 sancti,
3978 4437 4067 4500 qui

2494 4498 2765 4570 prioribus
2801 4501 2950 4570 luere
2979 4501 3314 4568 temporibus
3337 4542 3351 4562 ,
3386 4498 3797 4570 ejusdem—sunt
3835 4498 4070 4570 Spiritus

2498 4568 2926 4622 sanctiﬁcatione
2951 4570 3204 4637 vegetati,
3237 4581 3290 4624 et
3314 4568 3430 4624 sine
3456 4573 3557 4625 hac
3591 4574 3757 4637 gratia
3782 4568 3926 4624 nulla
3971 4589 4070 4624 uu-

2498 4653 2660 4707 quam
2712 4639 2958 4691 instituta
3006 4649 3379 4704 sacramenta,
3432 4642 3576 4694 nulla
3627 4651 3753 4694 sunt
3799 4643 4068 4695 celebrata

2497 4709 2752 4778 mysteria
2777 4746 2792 4770 ,
2824 4718 2883 4760 ut
2914 4717 3096 4761 eadem
3128 4725 3342 4778 semper
3379 4712 3542 4764 fuerit
3578 4715 3739 4764 virtus
3778 4714 4071 4763 charisma-

2499 4788 2630 4841 tum,
2663 4778 2909 4844 quamvis
2951 4793 3055 4829 non
3099 4781 3277 4831 eadem
3304 4779 3489 4832 l'uerit'
3517 4797 3759 4833 mensura
3787 4783 4066 4833 donorum.

2497 4846 2602 4915 Ipsi
2632 4863 2849 4915 quoque
2899 4848 3038 4900 beati
3070 4850 3312 4917 Apostoli
3371 4860 3491 4902 ante
3521 4852 3814 4917 passionem
3856 4849 4069 4902 Domini

2497 4927 2703 4988 sanctor
2723 4917 2926 4985 Spiritu
2957 4934 3058 4969 non
3088 4919 3358 4983 carebant,
3386 4935 3486 4972 nec
3510 4921 3747 4988 potentia
3777 4919 3940 4986 hujus
3963 4937 4069 4972 νιτ-

2497 4987 2629 5039 tutis
2661 4987 2848 5040 aberat
2883 4988 2951 5039 ab
2995 4988 3250 5055 operibus
3298 4987 3611 5043 Salvato’ris.
3644 5027 3656 5040 .
3689 5028 3704 5042 .
3739 5028 3752 5042 .
3788 5031 3800 5043 .
3837 4992 3943 5044 Sed
3992 4991 4066 5042 illi

2495 5056 2814 5128 perfectioni
2835 5071 3003 5128 ,Aqnas
3046 5067 3160 5110 erat
3187 5058 3469 5128 discipulis
3498 5059 3824 5112 conferenda
3846 5099 3860 5122 ,
3895 5061 4068 5125 major

2494 5126 2664 5194 gratia
2720 5135 2774 5178 et
2822 5125 3185 5180 abundantior
3237 5125 3518 5194 inspiratio
3575 5130 3910 5192 servabatur,
3969 5144 4067 5198 per

2493 5211 2656 5262 quam
2683 5205 2739 5248 et
2764 5211 2883 5264 qua:
2913 5199 3152 5250 nondum
3198 5207 3544 5265 acceperant,
3577 5208 3851 5252 sumerent
3881 5209 3937 5251 ει
3966 5215 4065 5251 ει-

2495 5265 2782 5336 eellentius
2814 5275 3036 5333 possent
3067 5268 3268 5320 habere
3293 5285 3412 5336 qua:
3443 5277 3806 5336 sumpserant.
3839 5287 3856 5317 ι
3895 5268 3980 5322 Cf.
4013 5277 4066 5322 et

2493 5333 2746 5408 I}_e§cum,
2771 5338 2864 5388 ον.
2891 5342 2954 5388 de
2979 5353 3079 5389 una
3111 5337 3252 5390 Eccl.
3277 5333 3327 5391 c'.
3354 5341 3421 5391 68
3447 5337 3534 5406 (G.
3557 5333 3614 5394 0.
3649 5338 3714 5401 ll,
3741 5339 3864 5400 220,
3892 5340 3992 5392 221
4022 5341 4064 5408 )9

2505 5403 2593 5469 Ἐξ
2622 5407 2761 5478 etot)
2801 5408 2906 5475 γὰρ
2954 5407 3031 5475 τῷ
3081 5403 3487 5478 πρωτοπλαστῳ
3537 5411 3614 5470 εἰς
3640 5409 3841 5478 ,ψυχὴν
3884 5403 4064 5472 ζῶσαν

2492 5477 2644 5548 παρα
2664 5475 3252 5548 τοῦίΔῃμιουργοῦντος
3279 5475 3604 5546 ὲνεφυάήθη,
3629 5475 3913 5548 alucitae;
3946 5482 4063 5530 tm-

2490 5543 3052 5618 gpgtaietacmm
3101 5551 3215 5609 τοῖς
3261 5543 3430 5612 ἀξίοις
3473 5543 3918 5616 κατίαπεφοίὲηκε
3972 5549 4064 5616 (τὸ

2493 5615 2641 5684 Πν.)·
2674 5616 2787 5668 ἀλλ’
2822 5615 3003 5685 ὃμωᾴο
3045 5620 3092 5670 εἰ
3122 5621 3216 5670 καὶ
3247 5620 3458 5680 πολλοῖς
3489 5620 3583 5670 καὶ
3611 5615 3870 5680 πολλάκις
3902 5615 4066 5670 κατα·

2493 5686 2862 5759 σιτεςρ-οίειιξιγκῄεν,Δ
2881 5688 3109 5759 οὐδεμία
3137 5688 3244 5739 τῶν
3272 5689 3450 5742 αὑτῶν
3474 5688 3786 5759 παρουσιῶν
3811 5692 4059 5758 περιττή.

2562 5755 2640 5825 (4)
2677 5755 2806 5812 Vide
2842 5755 2868 5826 §
2899 5757 2952 5822 5,
2986 5755 3167 5811 notam
3201 5759 3257 5812 2.
