4242 6438
222 397 322 459 453

925 397 1018 455 DE
1061 397 1119 457 S.
1160 398 1353 458 SPIR.
1386 396 1894 457 MYSTAGOGIA.
1922 421 1991 432 --
2022 395 2742 457 ANIMADVERSIONES

3366 397 3464 463 ιδι

216 511 277 564 ad
308 510 474 563 robur
500 518 557 563 et
597 507 969 577 operationem
1001 509 1481 578 ostensionemque
1507 512 1784 581 signorum
1816 520 1861 571 Α
1891 509 2125 578 Spiritus
2149 509 2317 574 Patri,
2338 510 2464 578 quia
2495 525 2561 563 ex
2594 510 2711 578 ipso
2743 508 3009 579 procedit,
3040 525 3150 564 non
3180 527 3309 567 vero
3341 516 3464 584 quia

214 619 244 658 e
272 602 426 657 caelis
452 601 735 671 discipulis
781 600 986 654 eisdem
1032 601 1247 655 misisse
1281 602 1471 656 fertur.
1523 601 1678 667 Quod
1716 620 1782 657 ex

218 695 315 747 hoc
342 691 548 760 liquido
579 700 807 760 apparet
838 707 853 743 :
903 702 1170 759 praesente
1213 690 1435 746 Christo
1480 707 1605 745 raro
1632 692 1783 762 signa

216 785 482 839 faciebant
512 785 632 851 ejus
660 782 914 851 discipuli
940 800 954 846 ;
994 798 1103 852 quo
1141 783 1196 836 in
1225 785 1423 838 cmlum
1457 784 1693 837 abeunte
1721 799 1785 837 ac

215 877 461 929 mittente
510 875 775 945 Spiritum
828 891 928 943 per
977 891 1173 929 manus
1216 877 1586 945 apostolorum
1629 875 1781 945 signa

216 968 411 1021 ﬁebant
444 967 584 1033 (Act.
630 982 690 1031 ιι,
720 967 851 1035 45);
886 966 1031 1019 unde
1075 966 1128 1019 in
1177 967 1360 1035 specie
1402 966 1540 1036 ignis
1583 967 1784 1021 missus

214 1058 430 1120 dicitur,
459 1068 517 1110 ut
544 1073 639 1111 eos
667 1058 757 1126 qui
788 1058 967 1111 adhuc
988 1058 1141 1127 quasi
1172 1058 1333 1110 limus
1373 1067 1566 1123 erant,
1592 1058 1783 1112 molles

216 1148 546 1202 exsistentes
584 1150 964 1204 corroboraret
997 1160 1159 1219 atque
1197 1150 1582 1207 conﬁrmaret.
1616 1191 1631 1206 .
1660 1192 1674 1205 .
1707 1153 1785 1205 Ex

218 1240 297 1295 his
326 1240 491 1309 igitur
518 1240 867 1295 manifestum
898 1257 1021 1296 esse
1052 1250 1247 1311 potest,
1280 1244 1423 1311 quod
1452 1254 1560 1298 non
1592 1245 1662 1298 sit
1689 1260 1785 1298 ve-

217 1331 410 1384 cordia:
441 1347 617 1400 neque
654 1333 1052 1401 imprudentire,
1088 1332 1132 1386 si
1180 1334 1301 1403 quis
1326 1335 1471 1388 dicat
1509 1335 1784 1390 Christum

218 1421 495 1490 discipulis
542 1432 673 1478 tunc
702 1424 961 1492 Spiritum
1011 1423 1246 1487 dedisse,
1297 1425 1515 1493 quando
1547 1436 1670 1495 post
1698 1443 1787 1481 re-

220 1514 608 1567 surrectionem
639 1514 719 1568 eis
746 1515 923 1569 dixit:
956 1515 1191 1583 Accipite
1228 1516 1491 1584 Spiritum
1521 1527 1784 1582 sanctum,

219 1620 337 1657 cum
386 1605 734 1658 scientissimi
782 1606 1090 1661 Graecorum
1143 1608 1415 1677 iidemque
1461 1610 1785 1664 sanctissimi

220 1695 317 1749 hoc
363 1698 859 1763 comprobaverint,
890 1707 950 1752 ut
979 1710 1259 1754 ostensum
1292 1709 1407 1764 est;
1471 1716 1632 1768 porro
1682 1717 1786 1755 no—

218 1784 308 1836 stri
336 1786 594 1854 temporis
620 1785 871 1839 homines
895 1802 1134 1842 errorem
1171 1790 1273 1842 hoc
1290 1799 1540 1859 reputant
1561 1799 1616 1844 et
1636 1791 1787 1844 insa-

217 1874 383 1938 niam,
431 1891 529 1945 pro
566 1891 634 1929 eo
676 1876 877 1941 solum,
914 1878 1061 1947 quod
1102 1878 1339 1948 Spiritus
1376 1881 1779 1951 proccssionem

219 1980 277 2018 ex
304 1966 442 2020 Filio
469 1969 686 2022 abolere
714 1979 1001 2024 conantur.
1031 1990 1051 2022 ι

282 2059 372 2111 20.
444 2060 699 2115 Eamdem
750 2062 1031 2116 materiam
1077 2078 1267 2117 rursus
1316 2072 1498 2118 versat
1532 2062 1777 2128 Photius,

216 2164 263 2203 c.
294 2150 478 2214 90-95,
528 2151 618 2204 ubi
654 2152 919 2221 imprimis
950 2163 1021 2221 (c.
1057 2154 1147 2221 90)
1183 2155 1359 2209 varias
1388 2171 1454 2210 ex
1487 2155 1780 2227 Scripturis

216 2242 472 2295 formulas
488 2242 708 2312 colligit,
721 2243 917 2311 quibus
929 2242 1079 2315 [205]
1097 2244 1331 2313 Spiritus
1347 2257 1565 2301 sanctus
1585 2248 1780 2302 dicitur

218 2331 451 2401 Spiritus
476 2333 589 2395 Dei,
632 2333 867 2403 Spiritus
915 2335 1126 2390 Domini
1155 2336 1255 2407 (5),
1284 2338 1539 2409 Spiritus,
1582 2340 1673 2410 qui
1714 2357 1778 2395 ex

217 2426 321 2480 Deo
349 2436 453 2485 est.
492 2426 726 2497 Spiritus
757 2426 951 2495 Patris,
986 2429 1221 2499 Spiritus
1257 2433 1569 2487 suscitantis
1596 2432 1780 2488 .lesum

214 2517 509 2582 Christum,
565 2518 799 2589 Spiritus
826 2520 1051 2585 Christi,
1090 2521 1324 2591 Spiritus
1353 2523 1493 2588 Filii,
1530 2534 1638 2579 etc.
1678 2527 1775 2595 (6).

216 2605 379 2662 Porro
398 2610 571 2679 pergit
598 2627 611 2661 :
642 2608 785 2664 Nihil
808 2610 1002 2665 horum
1030 2611 1270 2666 declarat
1287 2628 1381 2681 per
1400 2628 1457 2667 se
1475 2624 1529 2667 et
1554 2615 1601 2667 vi
1630 2614 1777 2687 [204]

214 2699 500 2753 verborum
554 2701 957 2770 proccssionem
1010 2702 1244 2773 Spiritus
1285 2704 1480 2769 sancti,
1521 2708 1782 2774 quemad-

215 2791 433 2843 modum
461 2791 626 2846 dictio
651 2807 904 2861 expressa
934 2812 948 2847 :
982 2792 1213 2863 Spiritus
1242 2811 1274 2848 a
1301 2795 1461 2849 Patre
1481 2804 1780 2864 procedens.

214 2881 352 2936 llinc
380 2883 606 2936 omnino
642 2882 902 2938 differunt
934 2886 1002 2938 ab
1031 2886 1132 2939 ista
1164 2887 1266 2940 illa:
1298 2887 1564 2943 formulm.
1593 2889 1650 2941 Si
1688 2906 1784 2942 au-

216 2981 318 3025 tem
363 2973 542 3041 quoad
571 2989 790 3029 sensum
826 2976 1093 3043 ejusmodi
1137 2977 1465 3032 dictionibus
1508 2981 1783 3047 processio

214 3066 438 3120 indicari
490 3066 721 3130 dicatur,
767 3067 842 3120 nil
872 3067 979 3121 hoc
1009 3069 1349 3124 adversarios
1376 3071 1529 3139 juvat
1564 3073 1637 3137 (c.
1668 3074 1779 3141 9|).

1886 602 2397 665 consubstantialis,
2447 603 2570 657 ideo
2616 602 2917 672 procedens
2966 600 3089 672 (7)],
3137 604 3363 672 proinde
3401 608 3469 659 ad

1885 696 2295 764 proccssionem
2378 694 2567 749 referri
2643 704 2873 764 possunt
2938 704 2996 749 ut
3068 695 3133 749 ad
3196 698 3470 766 principa-

1885 786 2144 839 lissimam
2187 801 2425 839 causam.
2475 785 2581 839 Sed
2629 802 2730 839 nec
2778 787 2943 841 semel
2994 786 3196 840 dicitur
3236 786 3469 856 Spiritus

1886 889 2105 931 sanctus
2136 892 2203 930 ex
2232 876 2363 931 Fiiio
2386 877 2697 945 procedere,
2735 891 2913 944 neque
2946 876 2999 929 in
3035 876 3241 939 Bibliis,
3288 893 3464 944 neque

1885 969 2026 1037 apud
2055 968 2277 1031 Patres;
2306 969 2533 1037 proinde
2560 969 2753 1036 ingens
2784 977 2868 1021 est
2896 967 3220 1035 disparitas;
3252 969 3466 1021 nullum

1885 1060 2042 1114 nobis
2066 1061 2155 1130 jus
2176 1062 2413 1129 suppetit
2436 1058 2801 1129 processionis
2829 1074 2895 1113 ex
2947 1058 3084 1113 Filio
3138 1060 3467 1123 astruendzr,

1885 1167 2063 1219 neque
2107 1150 2159 1204 id
2198 1166 2261 1205 ex
2311 1150 2491 1203 verbis
2534 1149 2676 1202 κατὰ
2715 1149 2877 1220 ῥητὸν
2921 1150 2971 1202 id
3014 1166 3119 1202 non
3156 1149 3467 1203 dicentibus

1886 1242 2007 1295 elici
2058 1251 2256 1311 potest.
2304 1240 2501 1295 Verum
2541 1241 2657 1295 alite
2700 1242 2899 1293 adsunt
2937 1242 3175 1294 rationes
3218 1242 3287 1293 ob
3330 1257 3465 1307 quas

1888 1332 2096 1386 dicatur
2141 1331 2372 1400 Spiritus
2414 1331 2532 1385 Filii
2584 1330 2667 1384 vel
2696 1329 2921 1392 Christi,
2955 1344 3143 1398 easque
3182 1329 3384 1382 variae:
3425 1330 3465 1395 I)

1884 1425 2014 1492 quia
2089 1423 2564 1478 consuhsuintialis
2645 1432 2731 1475 est
2781 1420 2937 1484 Filio,
3009 1421 3073 1488 ll)
3124 1422 3251 1489 quia
3307 1421 3463 1489 ungit

1887 1513 2184 1577 Christum,
2230 1513 2341 1581 lll).
2366 1517 2492 1581 quia
2534 1523 2716 1567 manet
2760 1528 2923 1581 super
2957 1513 3131 1580 ipsum
3160 1520 3214 1564 et
3247 1512 3299 1563 in
3327 1513 3461 1579 ipso.

1889 1605 1967 1657 En
2018 1606 2158 1659 duas
2188 1621 2358 1659 novas
2400 1605 2643 1658 rationes
2678 1605 2847 1668 addit,
2898 1620 3016 1672 quae
3050 1620 3157 1657 non
3199 1605 3265 1655 ad
3296 1604 3463 1671 ipsam

1888 1694 2244 1759 divinitatem,
2290 1695 2383 1747 sed
2414 1694 2478 1747 ad
2508 1693 2897 1747 humanitatem
2952 1693 3155 1746 Christi
3191 1704 3459 1761 Spectant,

1888 1802 2228 1855 quarumque
2296 1786 2654 1855 posteriorem
2708 1786 2819 1852 jam
2880 1801 2999 1852 cap.
3054 1784 3121 1837 85
3180 1785 3464 1838 occasione

1884 1878 2088 1933 Crtecaa
2125 1874 2393 1931 versionis
2422 1877 2765 1946 Dialogomm
2794 1875 3037 1945 Gregorii
3069 1876 3264 1945 Magni,
3308 1877 3463 1944 cujus

1882 1969 2046 2022 verba
2086 1968 2431 2035 allegaverat,
2468 1969 2691 2020 uberius
2719 1968 3025 2021 illustravit.
3061 1966 3196 2021 Hinc
3238 1980 3463 2021 conten-

1881 2061 1960 2114 dit
2014 2064 2082 2125 (ρ.
2112 2061 2202 2114 95.
2235 2059 2347 2127 94).
2394 2060 2537 2111 aliud
2577 2075 2697 2112 esse
2742 2060 3007 2127 Spiritum
3064 2059 3191 2111 Filii
3256 2060 3459 2121 dicere,

1880 2151 2025 2205 aliud
2063 2151 2321 2219 Spiritum
2350 2148 2583 2211 Christi;
2628 2150 2830 2202 Christi
2872 2149 3107 2217 Spiritus
3147 2150 3344 2203 dicitur
3378 2160 3465 2203 ut-

1879 2253 2006 2312 pote
2036 2243 2304 2311 inungens
2334 2240 2633 2305 Christum,
2660 2241 2753 2294 sed
2781 2241 3080 2310 ungebatur
3108 2240 3376 2303 Christus,
3402 2254 3461 2297 ut

1882 2332 2064 2393 homo,
2086 2330 2237 2401 [205]
2261 2347 2369 2383 non
2393 2339 2452 2383 ut
2479 2330 2643 2384 Deus.
2676 2330 2854 2395 Quare
2880 2331 2968 2400 qui
2998 2332 3207 2400 arguit:
3232 2330 3463 2401 Spiritus

1880 2426 2077 2479 dicitur
2104 2423 2325 2488 Christi,
2364 2438 2493 2492 ergo
2519 2438 2581 2476 ex
2612 2421 2826 2476 Christo
2880 2424 3145 2491 procedit,
3189 2423 3233 2477 is
3262 2440 3324 2477 ex
3364 2425 3463 2477 liii-

1882 2518 2145 2571 manitate
2186 2516 2386 2569 Christi
2419 2516 2709 2584 procedere
2763 2516 3043 2583 Spiritum,
3078 2516 3123 2568 is
3149 2515 3459 2570 humanita-

1884 2618 1991 2662 tem
2072 2608 2343 2661 divinitati
2414 2607 2930 2661 consubstantialem
3006 2622 3126 2661 esse
3191 2608 3463 2662 horrendo

1882 2716 2067 2754 errore
2108 2700 2318 2753 asserit.
2362 2699 2497 2752 Cum
2534 2713 2663 2752 vero
2698 2709 2772 2751 tot
2800 2700 3037 2751 rationes
3078 2710 3280 2766 queant
3325 2701 3462 2753 assi-

1883 2794 2056 2862 gnari,
2110 2792 2180 2845 ob
2219 2807 2355 2859 quas
2397 2791 2630 2860 Spiritus
2675 2791 2876 2843 dicitur
2921 2788 3040 2843 Filii
3095 2791 3178 2844 vel
3232 2792 3458 2855 Christi,

1880 2884 1988 2952 jam
2034 2884 2252 2936 eliditur
2295 2892 2673 2952 argumentum
2721 2882 3063 2945 Latinorum,
3117 2899 3226 2950 quo
3267 2884 3459 2937 dictio-

1884 2991 2008 3029 nem
2070 2975 2377 3042 hujusmodi
2439 2973 2655 3026 nonnisi
2696 2974 2762 3026 ad
2811 2974 3212 3042 proccssionem
3266 2975 3461 3028 referri

1884 3082 2047 3136 posse
2081 3075 2349 3120 statuunt.
2394 3066 2508 3119 lino
2543 3082 2671 3118 vero
2697 3082 2820 3119 cum
2861 3083 2952 3132 per
2980 3084 3033 3119 se
3079 3076 3127 3119 ct
3162 3068 3459 3120 immediate

214 3155 425 3212 Etenim
483 3174 607 3212 cum
647 3160 951 3214 sexcenties
1001 3160 1115 3214 fere
1159 3160 1372 3215 dicatur
1418 3162 1653 3231 Spiritus
1712 3180 1779 3217 ex
1811 3175 1853 3230 ο
1885 3172 2063 3226 neque
2126 3172 2284 3210 voces
2337 3155 2559 3224 Πνεῦμα
2618 3155 2777 3217 θεοῦ,
2834 3156 2931 3207 Πν.
2982 3155 3192 3220 [larpr
3244 3173 3461 3223 proces-

212 3248 368 3303 Patre
411 3249 726 3317 procedere,
799 3258 1024 3319 possent
1066 3266 1197 3305 sane
1237 3252 1480 3307 formula:
1505 3270 1521 3307 :
1550 3254 1784 3323 Spiritus

214 3336 325 3401 Dei,
365 3336 605 3408 Spiritus
656 3337 830 3393 Patris
864 3340 930 3393 ad
954 3341 1354 3408 proccssionem
1385 3343 1783 3410 quodammodo

213 3431 402 3485 referri
432 3441 688 3501 tanquam
726 3433 791 3485 ad
817 3433 1043 3501 primam
1070 3442 1127 3486 et
1160 3434 1484 3502 prtecipuam
1531 3435 1784 3490 dictionis

214 3522 506 3586 rationem,
553 3537 730 3590 perse
758 3523 827 3575 ad
871 3524 1487 3578 consubstantialitatem
1534 3525 1781 3580 referun-

220 3620 303 3664 tur
352 3630 366 3665 :
414 3612 512 3666 sed
565 3614 1099 3667 consubstantialitas
1162 3612 1395 3682 Spiritus
1442 3617 1611 3669 sancti
1660 3634 1782 3671 eum

214 3700 369 3757 Patre
443 3704 498 3756 in
556 3707 908 3773 processione
973 3706 1227 3760 fundatur
1288 3705 1783 3779 [consubstantialis

281 3850 355 3917 (5)
393 3848 531 3923 Cum
571 3851 1393 3923 Kupiounomeuappropriari
1434 3856 1605 3910 soleat
1646 3855 1783 3911 Filio

214 3918 416 3992 (Greg.
439 3920 573 3973 Naz.
600 3928 736 3992 orat.
773 3921 861 3984 25,
897 3940 947 3989 p.
982 3918 1109 3983 42οξ
1131 3918 1314 3992 Ξ9ξρ.
1348 3924 1484 3988 490,
1518 3927 1659 3980 unde
1685 3944 1783 3977 κυ-

216 3988 629 4061 ptoitoyigapud
652 3988 997 4061 ATlieolog’os)
1030 3988 1278 4061 Spiritus
1298 3994 1507 4048 Domini
1541 4012 1782 4049 commu-

212 4059 349 4134 niter
404 4058 1336 4134 'libeologishest'ASpiritus‘Filii.
1396 4063 1572 4128 Quare
1629 4066 1782 4134 Hugo

212 4127 396 4180 Ether.
440 4128 476 4180 l.
510 4145 572 4191 ιι,
600 4144 647 4181 c.
682 4127 769 4193 20,
807 4146 859 4197 p.
896 4127 1064 4183 1236:
1105 4151 1122 4181 ι
1158 4132 1203 4184 Is
1240 4133 1381 4186 idem
1404 4127 1541 4188 sicut
1572 4136 1662 4187 Dei
1696 4127 1781 4189 di-

210 4200 349 4271 citur
399 4197 669 4264 Spiritus.
708 4200 783 4271 ita
823 4201 1128 4271 etillomini
1179 4202 1407 4267 Spiritus
1447 4206 1779 4271 nominatur,

209 4268 300 4342 sed
340 4282 450 4342 non
481 4269 833 4342 convertitur.
870 4270 1080 4323 Etenim
1114 4272 1237 4324 licet
1280 4272 1420 4326 Deus
1464 4276 1619 4327 l’ater
1660 4268 1782 4342 SpiL

210 4337 339 4411 ritus
366 4337 775 4411 juxtabomini
824 4350 1367 4411 voceiu__ceiis_eatur,
1426 4343 1655 4411 Spiritus
1700 4337 1782 4397 est

208 4400 379 4475 [geusf
396 4400 629 4473 Spiritus
665 4422 881 4475 quoque
906 4417 960 4460 et
979 4408 1147 4463 Filius
1176 4409 1264 4463 Dei
1289 4400 1583 4465 secundum
1613 4414 1739 4467 illud
1767 4433 1778 4467 :

210 4473 438 4541 Spiritus
472 4484 594 4553 ante
627 4473 815 4553 ferient
856 4488 1096 4553 ιιεειναηι⁸
1110 4478 1363 4553 Christus
1390 4483 1636 4553 Dominus
1672 4485 1778 4553 (tli-

208 4554 412 4618 cuntur
435 4544 605 4618 enim,
642 4555 698 4597 ut
723 4546 927 4618 dictum
960 4558 1043 4602 est
1073 4548 1098 4618 §
1128 4549 1212 4610 15,
1246 4566 1301 4605 ιι.
1334 4552 1387 4615 5,
1412 4550 1569 4605 Pater
1601 4562 1655 4606 et
1679 4544 1779 4607 ‘Fi-

207 4612 308 4691 lius
331 4616 551 4691 spiritus
590 4612 1223 4691 essentialitta-“nomine
1248 4612 1469 4691 accepto
1500 4626 1514 4687 )
1547 4637 1559 4671 :
1603 4638 1779 4691 neque

208 4689 391 4757 tamen
438 4681 616 4757 Pater
673 4699 851 4752 neque
905 4684 1070 4757 Filius
1128 4687 1225 4739 Dei
1268 4681 1508 4757 Spiritus
1549 4681 1775 4757 dicitur;

207 4763 347 4806 sicut
381 4753 548 4822 igitur
594 4769 864 4806 commune
898 4763 981 4808 est
1041 4756 1185 4809 Patri
1230 4770 1283 4811 et
1308 4753 1495 4821 'Filio,
1533 4776 1633 4813 non
1670 4753 1779 4815 esse

207 4824 450 4898 spiritum
497 4822 762 4898 alicujus,
811 4826 890 4879 sic
926 4828 1197 4894 proprium
1242 4838 1325 4882 est
1365 4830 1631 4898 Spiritus,
1672 4850 1779 4886 esse

207 4894 479 4943 amborum
512 4891 786 4958 Spiritum.
830 4913 848 4943 ι

236 5029 245 5039 .
276 4964 351 5030 (6)
393 4962 714 5040 Multae-alim
736 4963 858 5040 addi
880 4974 1106 5040 possunt
1127 4966 1531 5040 liujusigeneris
1552 4986 1775 5037 expres-

208 5032 406 5107 siones,
428 5041 487 5083 ut
506 5032 740 5107 Spiritus
756 5032 883 5107 lese
902 5035 1163 5107 (Act._xv1,
1184 5032 1517 5107 l7)_Spiritus
1536 5032 1644 5093 veri
1655 5043 1776 5095 talis

208 5099 379 5176 ileon.
406 5118 495 5163 xv,
530 5100 619 5165 κϐ)
646 5100 879 5176 Spiritus
901 5099 1012 5176 oris
1038 5099 1390 5161 Domini'le'su
1416 5107 1497 5176 (Il
1520 5109 1691 5162 Thess.
1717 5128 1775 5176 ιι,

207 5173 285 5249 {5).
326 5170 479 5249 Hanc
524 5172 880 5249 posteriorem
922 5174 1211 5249 dictionem
1266 5176 1337 5230 ita
1368 5170 1597 5232 illustrat
1626 5170 1776 5249 Hugo

209 5237 535 5316 l-Jtheriauus
567 5240 674 5316 Ire.
697 5257 737 5316 ε.
757 5258 776 5290 ι
803 5241 953 5316 Sicut
979 5244 1131 5316 inter
1160 5245 1278 5299 illos
1300 5288 1314 5311 ,
1337 5250 1425 5316 qui
1448 5264 1514 5302 ex
1540 5249 1645 5303 Deo
1664 5237 1773 5302 nati

209 5320 351 5372 sunt,
377 5311 558 5388 solum
586 5308 931 5388 DeioVerbuni
960 5313 1025 5365 de
1051 5324 1204 5388 utero
1238 5308 1369 5388 ejus'
1392 5321 1627 5388 genitum
1657 5334 1774 5373 esse

209 5380 590 5456 pronuntiatur
622 5396 638 5429 :
685 5380 943 5456 ita__i_iiter
983 5384 1228 5456 spiritus
1250 5380 1341 5440 Dei
1370 5380 1516 5442 solus
1540 5387 1774 5456 Spiritus

208 5461 426 5519 sanctus
469 5450 667 5519 deﬂere
706 5448 829 5501 Filii
866 5448 1076 5519 prodire
1107 5454 1365 5510 creditur.
1420 5448 1596 5511 Verbo'
1630 5460 1773 5511 enim

210 5517 413 5598 Domini
445 5518 561 5598 cali
602 5518 799 5598 ﬁrmati
833 5517 954 5598 sunt
987 5533 1033 5573 et
1064 5526 1251 5598 spiritu
1281 5528 1387 5578 oris
1426 5529 1539 5596 ejus
1592 5528 1771 5598 (Verbi

208 5588 597 5667 scilicetﬁjnsta
626 5590 963 5667 Apostoluni)
998 5594 1163 5667 omnis
1196 5596 1358 5647 virtus
1394 5588 1572 5650 eorum
1599 5588 1771 5667 ‘iPsal.

209 5671 372 5718 xxxii,
406 5659 485 5724 6).
524 5658 629 5729 lsto
660 5658 861 5729 Spiritu
891 5658 977 5713 ille
1010 5662 1225 5729 iniquus
1265 5658 1630 5719 Antichristus
1665 5669 1772 5721 dis-

209 5730 426 5803 perdetu
439 5744 483 5805 ιη,
508 5727 630 5794 quia
658 5744 679 5805 ι
705 5727 1127 5805 Dominnsdesns
1151 5734 1420 5805 inter/iciet
1441 5753 1557 5788 eum
1588 5739 1772 5805 spiritu

208 5798 305 5848 oris
366 5799 450 5850 sui
527 5807 573 5847 ct
647 5798 873 5850 destruet
950 5798 1303 5859 illustratione
1378 5798 1627 5861 adventui
1689 5808 1770 5860 sui

1884 3253 2092 3304 sionem
2124 3250 2329 3313 dicant,
2359 3249 2411 3301 id
2442 3249 2613 3301 multo
2640 3248 2821 3301 minus
2847 3247 2915 3300 de
2940 3248 3046 3301 illis
3067 3248 3288 3317 Πνεῦμα
3306 3249 3455 3312 Υιιιῦ,

1884 3342 1981 3393 llv.
2028 3340 2263 3410 Χριστοῦ
2293 3340 2516 3409 cogitari
2554 3340 2738 3402 debet,
2788 3340 2878 3392 ubi
2909 3341 3116 3393 nullum
3151 3340 3305 3393 adest
3328 3341 3451 3393 fun-

1883 3433 2195 3486 damentum
2240 3430 2526 3500 ejusmodi,
2579 3431 2669 3483 ubi
2714 3430 2987 3499 praemissa
3033 3430 3178 3482 nulla
3224 3431 3456 3483 habetur

1882 3539 1945 3577 ea
1982 3525 2306 3577 certitudine
2358 3523 2590 3592 fulgens,
2630 3538 2734 3591 qua
2764 3522 3026 3575 divinitus
3047 3523 3280 3576 revelata
3320 3540 3456 3593 gau-

1882 3619 1973 3671 det
2001 3616 2298 3686 pr0positio
2329 3634 2341 3668 :
2376 3614 2610 3684 Spiritus
2642 3630 2705 3667 ex
2733 3613 2890 3666 Patre
2919 3614 3179 3683 procedit,
3213 3615 3302 3667 ubi
3333 3631 3457 3667 ron-

1882 3704 2307 3761 substantialitas
2361 3720 2471 3758 non
2532 3718 2686 3772 aeque
2747 3703 2800 3756 in
2852 3703 3199 3771 processione
3257 3704 3454 3757 funda-

1884 3858 1963 3929 (Il
1986 3859 2159 3911 Thess.
2179 3874 2241 3929 tt.
2255 3856 2331 3925 8),
2354 3865 2412 3909 ut
2433 3855 2631 3908 Paulus
2650 3855 2802 3918 dicit,
2822 3855 2961 3929 quod
2976 3854 3041 3929 de
3060 3854 3239 3929 anima
3256 3853 3451 3910 Christi

1882 3925 2067 3983 nullus
2116 3928 2420 3993 intelligere
2474 3934 2783 3995 przesumat.
2822 3925 2953 3976 Nam
2984 3925 3076 3995 illa
3130 3925 3182 3995 in
3216 3940 3281 3977 eo
3310 3930 3453 3992 quod

1881 4000 2060 4051 anima
2094 4006 2197 4053 est.
2236 4011 2413 4063 neque
2471 3993 2725 4048 interficit
2763 4009 2936 4061 neque
2966 3993 3194 4046 destruit
3227 3995 3451 4061 aliquid.

1882 4067 2168 4136 Reliquum
2202 4068 2362 4135 igitur
2391 4075 2495 4126 est,
2535 4075 2593 4116 ut
2632 4074 2822 4117 sancto
2856 4065 3079 4136 Spiritui
3115 4065 3454 4119 solummodo

1881 4135 2221 4191 attribuatur
2270 4136 2393 4187 hoc.
2427 4137 2539 4198 Qua
2588 4149 2652 4187 ex
2692 4149 2747 4186 re
2786 4135 3131 4185 manifestum
3165 4144 3281 4195 est,
3310 4137 3451 4202 quod

1882 4210 2019 4260 sicut
2074 4206 2240 4257 Filius
2286 4207 2350 4256 de
2392 4205 2549 4256 Patre
2585 4218 2679 4270 per
2725 4204 3060 4256 nativitatem
3086 4203 3326 4263 exsistit.
3381 4206 3450 4259 lla

1883 4278 2114 4344 Spiritus
2149 4290 2212 4327 ex
2252 4276 2408 4327 Patre
2451 4282 2506 4325 et
2538 4273 2672 4326 Filio
2702 4287 2798 4340 per
2834 4272 3450 4344 p_rocessionem._iQuod

1880 4342 2076 4398 iterum
2106 4352 2159 4397 et
2186 4344 2262 4396 sic
2287 4345 2575 4395 monstrari
2609 4351 2784 4410 potest
2812 4383 2822 4394 .
2854 4342 3086 4407 Spiritus
3109 4344 3221 4393 oris
3251 4342 3449 4396 Christi

1880 4429 1946 4467 ex
1975 4415 2190 4467 Christo
2214 4412 2463 4481 procedit
2489 4452 2501 4473 ,
2534 4416 2687 4481 cujus
2721 4411 2795 4463 rei
2820 4412 3030 4477 signum
3056 4420 3138 4463 est
3165 4411 3452 4465 insulllatio

1884 4485 1938 4536 in
1989 4484 2175 4537 faciem
2218 4480 2610 4549 discipulorum
2662 4483 2836 4544 facta;
2891 4482 3009 4533 scil.
3059 4480 3295 4548 Spiritus
3342 4484 3451 4535 oris

1882 4553 2079 4607 Christi
2105 4552 2338 4620 Spiritus
2368 4562 2590 4605 sanctus
2620 4561 2930 4620 eSILUDUID
2960 4550 3101 4602 enim
3132 4551 3288 4603 habet
3321 4550 3447 4620 Spi-

1882 4625 2049 4677 ritum
2080 4619 2632 4684 consubstantialiter,
2669 4630 2725 4672 ut
2755 4619 2843 4672 Dei
2884 4620 3216 4688 Filius,_non
3245 4619 3447 4688 plures.

1882 4693 2067 4760 Itaque
2099 4692 2331 4759 Spiritus
2361 4703 2579 4743 sanctus
2607 4706 2668 4742 ex
2690 4689 2923 4760 Christo
2959 4689 3051 4742 Dei
3086 4686 3219 4760 Filio
3241 4686 3449 4760 fproce~

1880 4758 1991 4815 dit.‘
2018 4783 2034 4811 ι
2086 4758 2265 4814 Netari
2296 4760 2495 4823 debet,
2534 4759 2729 4813 additis
2777 4758 2992 4810 Patrum
3025 4758 3449 4825 expositionibus

1881 4849 1945 4885 ex
1999 4830 2261 4899 ejusmodi
2315 4830 2583 4899 locutione
2637 4844 2744 4881 non
2800 4828 3092 4896 incongrua
3134 4838 3447 4899 argumenta

1882 4898 2072 4954 contici
2103 4899 2212 4964 (Cf.
2258 4900 2504 4951 Anastas.
2542 4898 2671 4968 Syn.
2715 4900 2775 4950 de
2824 4906 2952 4968 rect.
2998 4899 3168 4965 dogm.
3214 4898 3352 4968 hanc
3395 4900 3446 4952 in

1882 4988 1992 5024 rem
2023 4972 2088 5023 ah
2111 4970 2319 5021 Andrea
2352 4968 2524 5021 llhod.
2559 4965 2611 5020 iii
2644 4983 2796 5020 conc.
2821 4965 2963 5019 Flor.
2989 4982 3119 5018 sess.
3145 4982 3251 5030 vn;
3285 4965 3447 5020 llard.

1882 5043 1986 5102 IX,
2042 5039 2207 5094 95-96
2262 5038 2591 5106 allegatum.
2655 5036 3004 5089 Theodorum
3063 5035 3315 5090 Raitlien.
3392 5039 3445 5091 in

1877 5112 2048 5180 epigr.
2083 5110 2131 5171 l,
2185 5124 2215 5161 a
2250 5108 2418 5180 Becuo
2447 5106 2541 5161 Gr.
2574 5106 2640 5180 Ο.Δ
2668 5106 2728 5180 ll,
2757 5107 2895 5171 531,
2934 5106 3258 5180 adductum,
3302 5106 3446 5180 lli-e-

1878 5176 2000 5233 cmi.
2052 5180 2224 5248 ipsum
2265 5179 2315 5248 in
2356 5176 2562 5248 Camat.
2612 5176 2783 5248 Anim.
2823 5191 2871 5229 c.
2930 5176 3013 5235 18,
3170 5176 3247 5235 ll,
3302 5177 3442 5239 5'28;

1879 5246 2083 5319 Georg.
2123 5247 2357 5301 Metoch.
2406 5265 2450 5319 c.
2493 5246 2639 5319 illan.
2688 5246 2827 5319 Cret.
2847 5261 2893 5319 c.
2940 5246 3241 5319 l3r;__ib._p.
3279 5247 3435 5303 1015,

1880 5315 2097 5372 1014ἐι
2134 5319 2269 5371 infra
2303 5326 2407 5370 art.
2427 5318 2478 5378 5,
2512 5316 2537 5384 §
2568 5318 2621 5375 5.
2659 5327 2773 5369 not.
2806 5318 2880 5381 l.)
2904 5315 3102 5368 —Alia
3133 5316 3283 5382 plura
3325 5332 3443 5381 q-ne

1878 5390 1983 5442 huc
2010 5388 2318 5442 referuntur
2348 5404 2415 5440 ex
2448 5387 2649 5449 Bibliis,
2683 5402 2827 5439 sana:
2853 5386 3062 5454 exegesi
3097 5388 3274 5437 minus
3330 5402 3443 5452 prp-

1877 5459 2092 5521 bantur,
2127 5474 2301 5525 neque
2333 5473 2432 5510 nos
2453 5472 2513 5509 ea
2544 5471 2836 5519 curamus;
2864 5471 3051 5507 verum
3097 5455 3236 5506 haud
3272 5470 3437 5523 paui-a

1876 5537 1996 5581 sunt
2036 5529 2105 5581 ita
2147 5528 2363 5580 Patrum
2410 5526 2634 5578 solemni
2670 5542 2768 5577 usu
2819 5534 3029 5590 recepta
3053 5567 3064 5583 .
3098 5534 3154 5576 ut
3186 5540 3441 5592 sperneie

1876 5614 1935 5651 ea
1971 5598 2108 5650 haud
2144 5598 2221 5649 fas
2251 5597 2356 5662 sit,
2381 5612 2550 5665 eaque
2579 5596 2895 5665 plerumque
2924 5607 2977 5649 ct
3005 5595 3195 5648 melius
3220 5596 3440 5647 fundata

1877 5678 2241 5736 reperiuntur.

1948 5732 2023 5803 l7)
2061 5738 2135 5791 Dc
2167 5739 2268 5792 hoc
2296 5737 2465 5791 altero
2494 5737 2735 5791 membro
2768 5734 2905 5788 infra
2938 5743 3037 5787 art.
3074 5734 3128 5803 4,
3161 5733 3220 5805 §§
3243 5732 3439 5801 20,2l,

1876 5818 2087 5877 agetur.
