4242 6438
269 444 372 510 457

976 449 1071 509 DE
1112 451 1174 509 S.
1213 450 1410 510 SPIR.
1452 449 1842 509 MYS’I‘AGOG
1867 451 1963 508 IA.
1993 473 2057 485 ·-
2089 449 2821 511 ANIMADVERSIONES.

3392 448 3494 511 458

263 555 665 625 ἐκπορεύεσθαι
695 556 757 608 ἐκ
787 555 999 625 llr:ch
1027 556 1088 608 τὸ
1126 557 1382 628 Πνεῦμα.
1414 558 1553 611 aliud
1594 558 1659 610 ἐκ
1700 557 1831 611 Θεοῦ
1864 566 1907 618 Λ

1815 557 1907 618 ΒΛ
1939 558 2225 613 exclamat.
2288 575 2307 609 ‹
2375 557 2557 625 Neque
2611 556 2753 609 enim
2808 552 3104 608 sufficit-bat
3156 554 3305 624 ipsis,
3350 558 3490 623 quod

262 649 325 699 τὸ
353 646 574 715 Πνεῦμα
603 647 733 711 dici,
765 658 927 716 atque
951 650 1023 703 ita
1056 650 1368 704 concludit:
1409 669 1426 701 ι
1462 651 1628 703 Multo
1665 650 1831 718 magis

263 738 481 790 veritati
507 753 803 792 consonum
839 749 945 799 est.
972 740 1214 808 ejusdem
1247 755 1370 794 cum
1402 740 1557 794 Patre
1581 740 1830 793 essentize

262 829 447 882 dicere
504 827 800 897 Spiritum,
858 830 982 899 quia
1013 846 1081 884 ex
1114 832 1270 885 Patre
1318 840 1435 892 est,
1482 839 1539 885 et
1584 831 1828 899 ejusdem

260 921 515 975 essentia:
539 937 663 974 cum
688 921 842 985 Filio,
868 922 992 991 quia
1020 941 1114 991 per
1141 925 1356 987 Filium,
1380 941 1539 994 quam
1570 925 1827 994 Spiritmn

264 1012 384 1063 Filii
419 1020 473 1064 et
500 1028 596 1080 per
621 1012 812 1065 Filium
842 1012 1126 1082 Spiritum,
1158 1016 1303 1084 quod
1334 1017 1580 1085 ejusdem
1605 1017 1676 1070 sit
1705 1032 1827 1071 cum

263 1102 400 1155 Filio
434 1103 701 1157 essentize.
733 1103 917 1174 Neque
949 1106 1094 1159 enim
1130 1108 1255 1175 quia
1288 1108 1517 1175 ejusdem
1547 1123 1667 1161 cum
1698 1108 1830 1160 Filio

260 1197 499 1247 essentia:
532 1205 647 1257 est,
690 1196 812 1249 ideo
864 1206 919 1250 et
956 1196 1194 1267 Spiritus
1240 1197 1359 1252 Filii
1400 1209 1453 1253 et
1498 1215 1592 1267 per
1634 1198 1828 1251 Filium

262 1284 462 1336 dicitur
501 1286 990 1355 (quemadmodum
1042 1289 1132 1357 qui
1176 1289 1337 1358 hujus
1390 1290 1468 1343 rei
1512 1302 1829 1359 argumenta

267 1377 569 1430 hauserunt
599 1392 663 1431 ex
707 1378 902 1433 Photio
935 1389 1209 1448 uagantur
1253 1382 1353 1434 hoc
1385 1380 1698 1449 tempore),
1735 1380 1829 1433 sed

262 1465 392 1534 quia
425 1481 488 1519 ex
522 1466 676 1520 Patre
707 1482 802 1536 per
840 1467 1031 1521 Filium
1074 1468 1444 1523 cxsistentiam
1478 1469 1672 1530 habet,
1706 1485 1833 1538 pro?

266 1564 451 1621 ptcrea
509 1565 563 1608 et
617 1554 853 1624 Spiiitus
906 1555 1027 1610 Filii
1072 1566 1129 1612 et
1170 1558 1307 1612 Filio
1358 1559 1832 1613 consubstantialis

262 1647 348 1691 est
381 1639 513 1707 (I5).
563 1660 579 1690 ι
640 1640 919 1695 Postremo
964 1644 1167 1698 Beccus
1199 1645 1303 1698 illis
1342 1661 1463 1713 quae
1497 1646 1721 1699 Photius
1765 1662 1829 1700 ex

261 1729 499 1796 Spiritus
524 1732 692 1785 sancti
721 1748 883 1801 super
910 1734 1183 1788 Christum
1207 1735 1532 1804 baptizatum
1566 1736 1828 1791 descensu

258 1818 500 1881 deducit,
550 1821 728 1889 magni
764 1821 1047 1876 Athanasii
1094 1824 1352 1893 praeclara
1393 1826 1555 1879 verba
1581 1826 1825 1894 opponit,

256 1908 459 1976 quibus
512 1910 749 1964 declarat

255 1998 397 2051 cado
425 2000 569 2054 misit
605 2011 663 2055 ut
710 2000 868 2066 Deus,
894 2013 948 2056 et
981 2004 1093 2071 ipse
1138 2004 1284 2057 illum
1332 2004 1384 2057 in
1418 2014 1565 2059 terra
1593 2007 1828 2075 suscepit

263 2096 319 2143 ul.
352 2091 522 2143 homo.
558 2092 639 2145 Ex
680 2094 792 2162 ipso
835 2093 1018 2162 itaque
1051 2094 1103 2146 in
1147 2096 1317 2162 ipsum
1343 2095 1726 2161 descendebat,
1758 2112 1826 2151 ex

258 2182 542 2238 divinitate
602 2186 772 2255 ipsius
828 2186 880 2238 in
939 2186 1328 2243 humanitatem
1387 2188 1558 2257 ipsius
1616 2190 1751 2258 (16).
1804 2210 1821 2241 ι

255 2274 389 2339 Quae
416 2290 523 2327 non
551 2276 723 2329 solum
754 2275 903 2347 [ξοδ]
932 2279 1000 2332 ad
1031 2289 1350 2348 praesentem
1381 2278 1558 2334 Photii
1586 2281 1827 2349 disputa-

256 2366 462 2422 tionem
504 2369 713 2439 egregie
743 2368 969 2434 faciunt,
999 2386 1186 2425 verum
1216 2379 1270 2426 et
1300 2386 1365 2426 ex
1394 2370 1528 2425 Filio
1560 2371 1824 2441 Spiritum

254 2476 378 2514 esse
421 2460 769 2516 Athanasium
817 2463 1097 2517 censuisse
1133 2464 1481 2532 persuadent.
1530 2462 1620 2517 Sic
1684 2465 1826 2518 idem

250 2552 579 2607 Athanasius
640 2554 777 2609 dicit
833 2555 1109 2609 Christum
1171 2568 1395 2610 unctum
1450 2571 1478 2610 a
1524 2557 1729 2626 Spiritu
1769 2568 1829 2613 ut

256 2646 555 2710 hominem,
608 2646 826 2701 dantem
864 2661 993 2701 vero
1042 2647 1218 2716 ipsum
1254 2647 1503 2702 fidelibus
1541 2659 1599 2703 ut
1626 2649 1825 2716 Deum;

250 2737 612 2805 accipientem
649 2737 908 2807 Spiritum
933 2752 1030 2807 pro
1058 2748 1247 2794 natura
1294 2740 1553 2802 humana,
1579 2755 1826 2795 commu-

255 2831 533 2883 nicautem
564 2845 689 2884 vero
726 2830 975 2883 eumdem
1007 2846 1102 2900 pro
1128 2840 1318 2884 natura
1348 2833 1551 2886 divina.
1593 2833 1697 2888 Sed
1720 2832 1824 2897 his,

256 2922 383 2975 licet
412 2921 561 2990 plura
588 2922 861 2990 supersint
890 2921 1137 2988 dicenda,
1166 2923 1327 2977 finem
1362 2924 1725 2993 imponamus,
1761 2940 1826 2979 ne

254 3012 393 3067 lines
441 3012 773 3066 tractationis
821 3012 982 3069 nimis
1020 3014 1362 3068 excedamus.
1400 3014 1501 3080 Qui
1529 3016 1595 3070 de
1620 3025 1828 3085 postre-

253 3123 344 3160 mo
372 3106 531 3159 dictis
557 3108 705 3173 plura
733 3105 902 3174 cupit,
931 3104 1087 3158 adeat
1109 3104 1226 3158 Nic.
1268 3106 1616 3161 Blemmidam
1647 3107 1729 3179 (G.
1761 3107 1823 3162 0.

807 1929 820 1964 :
871 1931 889 1962 ι
950 1913 1071 1981 Ipse
1114 1913 1407 1983 (Christus)
1450 1915 1710 1984 Spiritum
1760 1918 1826 1971 de
1859 1899 1901 1954 Β

1934 648 2093 701 verba
2122 649 2331 702 Domini
2363 664 2521 716 prava
2547 643 2883 714 expositione
2906 656 3492 714 pervcrterunt,neque

1932 737 2073 804 quod
2092 738 2305 806 pietatis
2331 751 2633 804 praeconem
2659 736 2709 789 in
2732 737 3059 804 impietatem
3084 736 3319 789 violento
3332 735 3491 789 modo

1932 830 2300 893 abduxerunt;
2334 844 2518 881 verum
2541 828 2854 896 imperfecta
2888 842 2983 881 sua
3013 827 3184 879 studia
3222 828 3489 879 arbitran-

1928 930 2039 983 tur,
2085 919 2232 992 [2l0]
2284 921 2386 973 nisi
2434 930 2486 974 el
2510 936 2645 989 quos
2683 922 2866 974 Patres
2904 920 3198 981 celebrant,
3256 935 3487 987 quonam

1932 1023 2090 1082 pacto
2144 1014 2489 1067 contumeliis
2542 1022 2752 1082 petant.
2802 1012 3158 1080 exquisierint
3196 1018 3263 1080 (c.
3311 1012 3418 1079 CG).
3465 1029 3483 1059 ι

1932 1102 2041 1157 llos
2088 1104 2235 1157 enim
2305 1104 2489 1159 Patres
2546 1115 2741 1156 vocant
2811 1104 3030 1156 nomine
3082 1113 3258 1164 tenus,
3314 1103 3486 1169 reipsa

1932 1209 2061 1247 vero
2112 1193 2323 1246 Patrum
2395 1195 2473 1247 eis
2510 1195 2889 1262 praerogativas
2935 1194 3200 1250 adimunt.
3236 1208 3356 1245 cum
3393 1207 3488 1245 eos

1931 1281 2147 1335 Christo
2197 1284 2631 1335 contradicentes
2681 1284 2988 1351 contingant
3040 1282 3276 1351 (c.7167).
3354 1280 3488 1334 l‘linc

1932 1373 2083 1440 quasi
2129 1373 2348 1426 Patrum
2394 1374 2604 1426 illorum
2654 1373 2913 1425 honorem
2953 1374 3323 1425 vindicaturus
3368 1389 3487 1425 oin-

1932 1478 2053 1516 nem
2096 1464 2148 1517 in
2203 1480 2267 1517 eo
2305 1465 2532 1517 collocat
2570 1480 2785 1533 operam
2808 1505 2820 1526 ,
2857 1474 2913 1517 ut
2967 1463 3359 1530 quadamtenus
3396 1482 3490 1517 eos

1932 1564 2171 1618 excuset,
2204 1570 2267 1607 ex
2308 1556 2537 1607 humana
2574 1556 2935 1609 imbecillitate
2960 1565 3016 1609 et
3063 1557 3387 1623 ignorantia,
3422 1572 3487 1608 ex

1932 1644 2069 1698 bona
2128 1645 2230 1698 fide
2278 1661 2398 1699 cum
2452 1646 2665 1698 defectu
2713 1647 3033 1698 necessaria:
3076 1647 3441 1713 correptionis
3470 1688 3483 1709 ,

1932 1745 2092 1804 atque
2146 1751 2209 1789 ex
2258 1752 2323 1789 eo
2383 1738 2525 1805 quod
2581 1753 2688 1789 non
2735 1737 2925 1806 dogma
2969 1738 3051 1789 vel
3085 1737 3254 1805 legem
3285 1738 3487 1790 consti-

1932 1835 2085 1882 tuere
2118 1829 2387 1883 volnerint
2423 1831 2493 1896 (c.
2520 1830 2632 1898 68).
2661 1829 2764 1883 Sed
2814 1840 3263 1898 quantuscunque
3312 1832 3483 1884 honor

1930 1918 2009 1971 eis
2043 1920 2340 1981 tribuatur,
2376 1912 2484 1973 non
2543 1921 2946 1989 obsequendum
3012 1937 3132 1975 esse
3183 1932 3338 1989 urget
3385 1923 3488 1976 illis

1928 2023 2047 2077 qua:
2085 2020 2280 2078 praeter
2320 2010 2518 2064 Christi
2571 2020 2624 2064 et
2677 2013 3044 2080 apostolorum
3092 2012 3485 2066 institutionem

1928 2099 2227 2164 docuerint,
2258 2117 2379 2155 cum
2414 2118 2588 2169 neque
2616 2104 2806 2171 angelo
2832 2103 2897 2156 de
2926 2104 3063 2156 casio
3110 2103 3241 2157 fides
3278 2104 3346 2156 sit
3388 2103 3485 2154 ha-

1929 2190 2103 2245 benda
2137 2202 2330 2261 praeter
2364 2194 2711 2262 Evangelium
2752 2195 2879 2261 quid
2912 2195 3227 2263 praedicanti
3253 2195 3327 2261 (c.
3360 2194 3483 2263 69);

1927 2284 2105 2354 potius
2155 2286 2453 2338 obvelanda
2510 2285 2676 2339 fuisse
2732 2302 2853 2353 quat
2913 2288 2967 2339 in
3015 2302 3199 2339 eorum
3249 2289 3486 2341 dedecus

1928 2384 2153 2445 vergunt
2204 2376 2433 2429 filiorum
2479 2375 2590 2429 Noe
2620 2377 2888 2445 exemplo,
2920 2392 3079 2445 quam
3116 2394 3299 2431 coram
3354 2379 3488 2432 orbe

1930 2473 2190 2518 terrarum
2223 2465 2616 2519 manifestanda
2653 2466 2722 2534 (c.
2751 2466 2860 2535 70).
2898 2466 3166 2521 Prmterea
3211 2483 3334 2521 cum
3380 2477 3486 2521 tam

1928 2555 2145 2624 longum
2195 2564 2408 2625 tempus
2463 2557 2666 2610 interea
2721 2557 3006 2621 efﬂuxerit,
3058 2559 3318 2612 incertam
3368 2574 3488 2614 esse

1929 2648 2186 2701 librorum
2220 2648 2398 2711 fidem,
2440 2647 2529 2715 qui
2567 2648 2794 2701 fortasse
2820 2649 3121 2716 interpolati
3154 2665 3216 2702 ac
3244 2653 3489 2718 corrupti

1928 2737 2130 2792 fuerint
2154 2740 2229 2807 (c.
2263 2740 2385 2808 7|);
2419 2740 2615 2793 deinde
2655 2740 2811 2793 facile
2845 2741 3093 2795 accidere
3142 2743 3403 2810 potuisse,
3429 2754 3490 2795 ut

1931 2830 2172 2883 l'atribus
2195 2831 2299 2885 illis
2324 2846 2445 2884 cum
2472 2831 2763 2901 gentilibus
2780 2842 2978 2886 etcum
3013 2834 3281 2888 haereticis
3298 2836 3487 2887 decer-

1930 2924 2167 2977 tantlbus
2185 2939 2284 2977 vox
2302 2926 2545 2993 quaedam
2566 2925 2747 2977 minus
2763 2935 3015 2979 accurata
3034 2926 3313 2987 exciderit.
3338 2928 3487 2993 ἀγω-

1928 3018 2180 3079 νιστικῶς
2216 3033 2309 3071 seu
2341 3017 2600 3086 polemice
2635 3018 2795 3082 dicta,
2819 3034 2926 3072 non
2961 3035 3091 3072 vero
3123 3020 3487 3086 δογματικῶς.

1928 3107 2095 3160 velut
2122 3108 2424 3160 oeconomia
2465 3109 2695 3176 quadam
2747 3110 2826 3162 usi
2854 3109 3057 3162 fuerint
3111 3109 3180 3167 (c.
3205 3111 3293 3179 72)
3338 3110 3486 3164 Pauli

254 3197 294 3259 l,
341 3181 465 3262 50);
507 3195 740 3250 Beceuin
792 3198 887 3267 (ib.
924 3196 963 3261 I,
994 3195 1157 3265 SOI);
1197 3195 1393 3265 Georg.
1444 3197 1677 3253 Netoch.
1726 3199 1823 3268 (ib.
1854 3224 1895 3280 ρ
1931 3198 2110 3267 (c.73.
2141 3198 2228 3266 74)
2253 3212 2302 3251 et
2328 3197 2579 3267 Basilii(c.
2617 3199 2702 3265 77)
2747 3200 2935 3269 agendi
2970 3199 3232 3252 rationem
3275 3202 3484 3262 seculi;

253 3287 317 3349 ll,
358 3286 463 3341 968
526 3289 686 3357 seq.).
729 3297 783 3342 et
846 3286 1015 3341 Leon.
1076 3288 1236 3341 Allat.
1301 3288 1476 3356 (Vind.
1527 3306 1643 3359 agn.
1688 3290 1822 3359 Eph.

251 3394 303 3432 c.
327 3380 415 3440 75,
438 3396 488 3448 p.
515 3380 617 3433 57-5
636 3379 773 3449 seq.)
802 3395 977 3448 neque
1002 3379 1183 3450 Cyrilli
1207 3380 1550 3434 Alexandrini
1571 3382 1825 3450 praeclara

254 3472 422 3525 verba
449 3472 500 3524 in
526 3472 681 3525 Joan.
709 3472 805 3526 Ev.
834 3471 1230 3541 praetermittat,
1262 3487 1381 3539 qua:
1408 3471 1614 3526 Beccus
1644 3471 1729 3538 (ϐ.
1758 3472 1819 3528 0.

253 3564 319 3627 ll,
378 3563 619 3617 56l-567
685 3574 825 3634 seq.)
882 3579 992 3619 sua:
1057 3564 1444 3619 sententiarum
1517 3564 1819 3619 collectioni

254 3656 447 3709 merito
475 3657 677 3709 inserta
708 3656 875 3710 voluit
900 3656 1036 3726 (l7).

319 3747 412 3800 22.
471 3747 710 3800 Tandem
768 3746 992 3801 Photius
1035 3745 1106 3815 (c.
1159 3746 1227 3800 66
1282 3747 1418 3816 seq.)
1472 3747 1812 3801 adversarios

252 3838 463 3892 inducit
494 3837 785 3901 Ambrosii,
805 3838 1119 3908 Augustini,
1150 3837 1458 3908 Hieronymi
1478 3840 1816 3909 aliorumque

248 3931 540 3982 doctorum
567 3927 998 3983 Occidentalium
1054 3932 1375 3986 auctoritate
1418 3932 1711 3986 innitentes
1757 3949 1820 3986 ac

253 4021 399 4073 hunc
437 4019 493 4072 in
522 4021 741 4075 modum
772 4020 1149 4089 disputantes:
1185 4041 1201 4073 ι
1244 4024 1352 4076 Aut
1382 4023 1464 4076 isti
1512 4023 1693 4077 Patres
1727 4024 1817 4093 pia

251 4113 502 4179 degmata
551 4110 887 4165 tradiderunt
954 4121 1008 4165 et
1060 4120 1186 4166 tunc
1274 4113 1581 4181 quicunque
1635 4113 1819 4168 Patres

246 4217 343 4255 eos
372 4217 499 4256 cum
532 4203 740 4257 honore
792 4213 1123 4272 nuncupant,
1155 4219 1343 4258 eorum
1398 4205 1680 4257 sententia:
1730 4220 1819 4257 as-

250 4296 560 4348 sentiantur
604 4305 854 4365 oportet;
907 4305 999 4350 aut
1045 4297 1331 4365 impiorum
1373 4296 1683 4365 dOgmalum
1733 4296 1818 4349 in-

248 4396 506 4441 ventores
542 4399 1025 4458 propagatoresque
1072 4389 1348 4451 exstitere,
1397 4397 1451 4441 et
1499 4397 1629 4443 tunc
1657 4388 1816 4442 simul

246 4492 371 4531 cum
423 4493 523 4531 sua
578 4479 819 4533 doctrina
862 4479 1008 4533 velut
1046 4478 1196 4547 impii
1253 4479 1589 4547 rejiciantur.
1642 4497 1659 4530 ι
1697 4478 1813 4533 Non

248 4568 411 4622 audet
439 4567 664 4622 Photius
682 4570 1103 4624 Occidentalium
1147 4570 1428 4623 doctorum
1477 4569 1693 4638 penitus
1728 4586 1813 4623 re-
1851 4550 1894 4605 D

248 4674 445 4728 spuere
495 4661 902 4724 auctoritatem;
954 4660 1524 4731 tergiversationibus,
1554 4659 1811 4730 argutiis,

246 4751 654 4820 suspicionibus
680 4760 736 4805 et
759 4751 1168 4820 exceptionibus
1197 4752 1360 4806 variis
1383 4751 1570 4813 utitur,
1598 4750 1812 4813 callide,

246 4846 394 4897 velut
426 4844 470 4896 si
502 4859 623 4911 qua:
653 4844 719 4897 de
751 4843 1046 4898 Bibliorum
1087 4844 1411 4898 testimoniis
1460 4845 1812 4908 disseruerat,

245 4944 391 4988 certa
461 4934 643 4987 omnia
696 4934 893 4999 forent,
918 4944 1081 5004 atque
1130 4934 1462 4998 indubitata,
1520 4934 1815 5004 ignominia

243 5028 585 5081 adversarios
643 5027 823 5097 ipsos,
887 5044 1023 5096 quos
1064 5027 1283 5081 laudant
1341 5025 1549 5092 Patres,
1599 5026 1815 5080 afficere

309 5218 425 5299 διδ)
459 5232 516 5299 n_.
633 5232 687 5296 ρ.
721 5215 972 5299 1.515.396
1004 5215 1111 5299 γιὰρ
1138 5215 1221 5299 εἴτε
1250 5212 1533 5299 discedam];
1560 5210 1693 5299 Υξῷ,
1729 5214 1813 5299 Ct?

242 5282 518 5341 τοῦτο’καὶ
542 5282 763 5357 Πνέῦμα
787 5286 940 5348 Υἱοῠ,
963 5288 1053 5337 καὶ
1074 5282 1161 5357 Sid
1184 5282 1453 5357 τοῦΥἱοῤ,
1474 5282 1558 5357 *ὡς
1580 5285 1637 5357 οἱ.
1666 5285 1815 5357 napi

243 5358 445 5411 Φωτίου
488 5352 745 5418 λαϐόντὲς
785 5357 881 5417 τὰς
914 5355 1166 5424 ἀφορμὰς
1212 5353 1657 5424 ἐρεσχελοῦσιᾉτᾴ
1680 5352 1774 5405 νῦν
1796 5389 1811 5414 ,

243 5427 457 5494 λέγεται
475 5441 489 5453 ⁸
527 5426 639 5478 ἀλλ’
681 5428 760 5479 ὅτι
796 5425 885 5477 διὰ
911 5424 1003 5477 τοῦ
1027 5421 1166 5476 ’Υιοῦ
1191 5421 1288 5493 τὴν
1311 5421 1375 5477 si
1404 5422 1611 5492 Πατρὸς
1636 5421 1814 5494 ῦπαρ-

245 5492 321 5558 gn;
354 5498 491 5566 ἔχει,
525 5495 611 5549 διὰ
645 5496 799 5548 τοῦτο
829 5496 921 5547 καὶ
963 5494 1187 5564 Πνεῦμα
1225 5492 1354 5546 Tia?)
1404 5496 1494 5547 καὶ
1531 5492 1813 5560 ὁμοούσιον

293 5586 425 5705 ιῗῖϐ)
460 5636 661 5689 Athan.
704 5636 780 5688 De
810 5636 1015 5687 incarn.
1057 5651 1075 5687 :
1103 5634 1270 5696 Αὐτὸς
1302 5634 1575 5705 -ίὰρίαὺτὸ
1609 5630 1814 5705 ἄνωθεν

244 5704 489 5775 ἔπεμπεν
517 5706 591 5765 ὡς
613 5705 771 5775 Θεὸς,
792 5707 884 5758 καὶ
917 5705 1232 5775 αὑτὸς-αὐτὸ
1258 5704 1501 5757 κάτωθεν
1530 5704 1817 5775 ὑπᾷδέχεξεο

243 5780 314 5840 ὡς
344 5771 657 5846 ἄνθρωπος.
697 5774 786 5838 Ἐξ
827 5774 991 5846 nato-3
1037 5771 1129 5827 οὖν
1168 5775 1452 5846 εῐςῄαὑτὸγ
1494 5774 1715 5843 κατῄει,
1755 5774 1817 5846 ex

242 5849 336 5916 τῆς
374 5842 633 5913 θεότητος
692 5845 853 5895 αὑτοῦ
913 5846 992 5907 εἰς
1036 5848 1133 5915 τὴν
1187 5842 1812 5915 ἁνθρωπότηταίαὺτοῦ.

478 5940 749 6001 ΡΛΤιιοι.
793 5940 906 6000 Gn.
953 5939 1077 5998 Cll.

1927 3289 2161 3358 denique
2223 3304 2395 3357 neque
2429 3290 2613 3342 deesse
2661 3288 2881 3349 Patres,
2906 3304 3133 3358 quorum
3186 3291 3488 3344 sententias

1928 3380 2166 3433 Ecclesia
2202 3380 2344 3433 haud
2400 3377 2720 3448 susceperit,
2752 3380 2877 3432 licet
2909 3380 3143 3447 alioquin
3190 3381 3367 3449 magni
3394 3396 3488 3434 eos

1924 3470 2087 3524 faciat
2116 3471 2186 3539 (c.
2220 3470 2343 3537 75);
2374 3479 2534 3538 atque
2582 3471 2659 3523 sic
2715 3486 2897 3522 revera
2954 3471 3250 3539 parricidas
3297 3486 3488 3524 manus

1921 3578 2017 3618 eos
2066 3563 2313 3617 Patribus
2375 3563 2617 3632 injicere,
2647 3563 2737 3632 qui
2784 3572 2968 3616 contra
3012 3564 3247 3631 ipsorum
3308 3562 3487 3615 inten-

1924 3657 2124 3710 tionem
2182 3657 2388 3709 iltormn
2431 3655 2870 3723 expressionibus
2912 3655 2981 3707 ad
3061 3654 3483 3722 impugnandam

1924 3747 2122 3802 (Lhristi
2161 3747 2569 3801 saluberrimam
2597 3746 2896 3799 doctrinam
2932 3746 3250 3806 abutantur;
3287 3745 3339 3796 in
3386 3746 3484 3797 hos

1923 3838 2109 3893 Patres
2142 3840 2285 3907 ipsos
2339 3840 2742 3892 insurrectnros
2785 3845 2840 3889 et
2885 3845 3073 3890 contra
3116 3845 3351 3888 mentem
3381 3836 3481 3888 sibi

1922 3930 2153 3983 affictam
2182 3930 2497 3983 solemniter
2534 3938 2924 3997 protestaturos
2978 3929 3045 3995 (c.
3079 3927 3190 3992 76).
3223 3926 3326 3979 Sed
3376 3941 3485 3994 quo

1923 4020 2075 4088 plura
2110 4020 2207 4073 hac
2237 4021 2291 4072 in
2326 4035 2381 4072 re
2410 4019 2653 4086 congerit
2687 4015 2932 4076 Photius,
2974 4032 3039 4069 eo
3088 4016 3358 4069 infelicior
3397 4026 3483 4070 est

1924 4125 2097 4180 pugna
2147 4121 2201 4163 et
2243 4110 2463 4178 quidem
2506 4108 2682 4177 quoad
2717 4121 2905 4160 omnes
2930 4114 3138 4174 partes.
3169 4105 3482 4159 Consultius

1922 4203 2241 4271 Photio,qui
2294 4201 2507 4254 nonnisi
2566 4200 2888 4268 paucissima
2938 4197 3252 4251 Latinorum
3291 4198 3479 4251 docto-

1922 4312 2041 4349 rum
2065 4296 2261 4362 scripta
2287 4303 2533 4353 noverat.
2586 4302 2731 4345 certe
2766 4282 2943 4344 fuerat
2985 4291 3035 4342 in
3091 4290 3230 4343 hanc
3258 4306 3477 4343 arenam

1920 4400 2028 4437 non
2061 4384 2408 4437 descendere.
2437 4383 2645 4435 litenim
2693 4383 2744 4434 in
2786 4382 2970 4450 primis
3000 4396 3108 4433 non
3169 4381 3343 4433 solum
3406 4380 3479 4432 illi

1923 4483 2033 4528 tres
2074 4489 2197 4527 cum
2251 4472 2370 4526 aliis
2418 4473 2605 4541 paucis
2646 4473 2937 4525 tradidere.
2968 4470 3225 4539 Spiritum
3274 4486 3302 4523 a
3346 4470 3481 4525 Filio

1918 4579 2133 4633 quoque
2184 4564 2496 4632 procedere,
2519 4578 2703 4616 verum
2741 4561 2887 4632 [ιλιι]
2917 4560 3089 4614 Latini
3120 4561 3367 4615 doctores
3413 4564 3480 4616 ad

1920 4671 2089 4709 unum
2120 4670 2327 4715 omnes,
2364 4661 2629 4720 quotquot
2663 4652 2835 4704 fusius
2877 4650 2943 4703 de
2982 4649 3161 4703 divina
3213 4650 3481 4705 Trinitate

1918 4754 2178 4818 egerunt;
2212 4754 2268 4798 ut
2323 4743 2712 4797 Tertullianum
2765 4741 3302 4809 praetereamus,jam
3355 4751 3481 4795 ante

1918 4835 2259 4890 Ambrosium
2306 4834 2356 4887 id
2409 4832 2643 4886 docuere
2696 4832 2895 4884 Marius
2938 4829 3251 4883 Victorinus
3281 4839 3336 4884 et
3384 4846 3479 4885 co-

1918 4927 2223 4997 piosissime
2252 4924 2483 4977 llilarius
2515 4923 2863 4977 Pictaviensis
2899 4923 3045 4993 (l8);
3081 4924 3130 4976 id
3154 4939 3275 4976 cum
3301 4924 3479 4994 Augu—

1918 5020 2061 5074 stino
2116 5016 2387 5070 innumeri
2437 5016 2687 5069 doctores
2730 5030 2793 5068 ac
2827 5015 3056 5069 concilia
3112 5014 3379 5082 Hispania:
3427 5025 3483 5068 et

1917 5209 2117 5263 Eodem
2159 5204 2467 5259 testimonio
2506 5219 2719 5258 rursum
2762 5202 2965 5257 Beccus
3005 5204 3178 5256 utitur
3224 5201 3373 5255 Orat.
3418 5204 3482 5255 de

1917 5296 2043 5333 una.
2072 5278 2212 5331 Eccl.
2250 5292 2295 5327 c.
2323 5277 2419 5338 60;
2462 5274 2524 5327 de
2552 5291 2692 5343 proc.
2723 5273 2907 5341 Spirit.
2945 5283 3110 5325 sanet.
3147 5272 3372 5343 Epigr.’
3393 5314 3403 5329 .
3425 5272 3479 5343 in

1913 5350 2121 5404 Camat.
2158 5362 2209 5400 ο.
2239 5346 2308 5398 2-2
2340 5346 2421 5414 (G.
2454 5344 2515 5398 0.
2546 5341 2584 5407 I,
2614 5344 2739 5402 202.
2766 5344 2902 5409 3'29;
2933 5343 3004 5414 n._
3024 5344 3146 5405 527,
3167 5344 3299 5414 ssi,
3328 5341 3479 5411 534),

1917 5427 1970 5473 et
1999 5412 2355 5471 Constantin.
2376 5412 2612 5468 Meliten.
2638 5423 2773 5467 orat.
2812 5416 2867 5474 2,
2906 5428 2952 5465 c.
2983 5412 3014 5465 9
3042 5414 3135 5479 (ib.
3164 5413 3228 5474 ll,
3258 5412 3406 5479 79!).

1990 5488 2099 5556 (I7)
2135 5486 2388 5556 Quaedam
2423 5500 2484 5538 ex
2515 5485 2603 5556 his
2628 5484 2793 5556 |_ia_bes
2825 5498 2982 5556 supra
3015 5481 3040 5550 §
3071 5482 3154 5542 19,
3197 5491 3322 5556 nota
3352 5482 3404 5534 2.

1989 5552 2101 5626 (18)
2129 5557 2262 5609 Vide
2303 5554 2574 5626 llilarLDe
2625 5553 2921 5626 Trinavnl,
2944 5553 3053 5615 2|);
3089 5552 3231 5626 apud
3260 5552 3476 5626 llpgon.

1917 5620 2101 5682 Ether'.
2134 5627 2167 5679 Ι.
2203 5641 2283 5685 ni.
2336 5639 2385 5678 c.
2442 5624 2526 5685 l7,
2568 5638 2621 5691 p.
2668 5623 2805 5676 1255
2843 5638 2958 5690 seq.
2988 5632 3043 5675 et
3082 5620 3223 5690 apud
3282 5620 3477 5672 Maium

1917 5698 2099 5765 Spicil.
2133 5696 2283 5749 Rom.
2349 5694 2502 5755 1841,
2566 5702 2605 5746 t.
2647 5691 2730 5751 Vl.
2770 5692 2927 5765 Praef.
2980 5708 3035 5760 p.
3090 5708 3262 5765 xxxv“;
3319 5701 3480 5765 atque

1919 5760 2136 5822 Patrum
2189 5765 2498 5817 Latinorum
2536 5776 2731 5815 seriem
2762 5762 2904 5832 apud
2956 5766 3184 5816 Aineam
3220 5760 3390 5814 Paris.
3426 5765 3480 5812 et

1922 5839 2102 5893 l’etav.
2134 5836 2208 5890 De
2240 5834 2379 5887 Trin.
2410 5834 2450 5887 l.
2485 5849 2578 5898 vn,
2609 5848 2655 5886 c.
2698 5834 2749 5886 8.

3084 5925 3156 5982 15
