4242 6438
798 373 905 435 459

1928 369 2188 428 ΓΙΙΟΤΗ
2229 369 2728 429 PATRIARCII/E
2763 369 2874 430 Cl‘.

3949 368 4054 430 460

794 484 981 538 Gallia:
1049 480 1409 534 tradiderunt.
1455 478 1637 547 Neque
1699 479 1864 533 semel
1924 492 1977 533 et
2023 481 2220 533 iterum
2269 481 2375 535 illis
2405 484 2449 540 Λ
2480 497 2594 535 rem
2618 483 2753 551 (20).
2789 499 2808 531 ι
2841 479 2984 533 Sane
3006 479 3048 534 si
3073 479 3409 551 Augustinus
3438 479 3487 534 in
3527 477 3820 534 Occidente
3850 480 4048 534 adver-

796 572 1063 642 ejusmoili
1091 586 1189 624 vox
1227 571 1452 632 excidit;
1486 571 1578 622 sed
1607 580 1904 622 constanter
1925 580 1980 623 et
2007 572 2194 639 ubique
2226 572 2365 624 hanc

791 663 952 716 ﬁdem
992 670 1121 714 sunt
1159 659 1385 729 professi
1433 668 1492 711 ut
1540 657 1791 712 Ecclesia:
1838 659 2018 712 ﬁdem.
2051 659 2145 711 Vel
2194 675 2363 712 unutn

789 754 1079 824 Augustini
1123 752 1381 805 eximium
1436 751 1512 804 De
1551 751 1801 804 Trinitate
1840 767 1977 819 opus
2017 752 2145 805 illud
2184 766 2364 804 asser-

794 857 906 900 tum
956 845 1171 899 abunde
1210 843 1426 897 refellit.
1463 844 1571 896 lmo
1626 845 2005 898 nnivcrsalitas
2059 861 2119 896 ac
2165 859 2363 897 conso-

795 938 976 989 nantia
1017 935 1180 1002 huius
1219 935 1525 987 traditionis
1566 933 1618 985 in
1650 931 1948 986 Occidente
2000 949 2208 986 summa
2237 949 2360 986 cum

792 1027 1182 1096 perspicuitate
1212 1025 1468 1092 eil‘ulget;
1504 1024 1744 1078 ridicula:
1778 1023 2004 1093 proinde
2033 1035 2160 1077 sunt
2185 1024 2362 1078 Photii

799 1118 1128 1188 hypotheses
1164 1117 1230 1168 de
1279 1115 1552 1183 corruptis
1597 1130 1783 1168 eorum
1837 1113 2054 1167 Patrum
2096 1115 2266 1178 libris,
2295 1115 2363 1170 de

791 1209 1157 1278 quorumdam
1211 1215 1522 1260 sanctorum
1560 1207 1886 1267 (economia,
1916 1207 2138 1274 alimque
2169 1206 2362 1275 hujttsu

794 1301 958 1354 tnodi.
995 1301 1181 1369 Neque
1206 1314 1384 1352 sermo
1426 1313 1545 1351 esse
1581 1308 1757 1366 potest
1784 1299 1850 1350 de
1881 1298 2040 1350 unius
2075 1298 2364 1350 alteriusve

793 1393 968 1446 Patris
998 1407 1204 1455 errore,
1237 1393 1329 1444 sed
1355 1391 1420 1442 de
1446 1391 1718 1442 communi
1753 1388 2184 1442 Occidentalium
2215 1387 2318 1440 ﬁde
2343 1405 2358 1452 ;

795 1499 896 1535 nec
934 1482 1130 1535 erroris
1169 1482 1342 1549 arguit
1375 1481 1599 1532 l’hotius
1625 1482 1797 1532 solum
1826 1493 2025 1545 paucos
2045 1477 2358 1545 scriptorcs,

795 1590 980 1626 verum
1047 1572 1471 1625 Occidentalium
1539 1569 1832 1622 Ecclesiam
1885 1567 2215 1630 universam,
2254 1583 2362 1620 non

794 1665 978 1718 smenli
1011 1665 1137 1716 noni
1168 1673 1398 1723 tantum,
1430 1663 1522 1714 sed
1559 1671 1703 1713 retro
1741 1659 1984 1712 omnium
2015 1659 2358 1712 saeculorum.

795 1760 869 1812 Ex
895 1758 1023 1826 ipsis
1065 1772 1192 1808 vero
1233 1754 1543 1807 Grzecorum
1587 1753 1864 1821 principiis
1923 1753 2135 1820 egregie
2183 1755 2358 1821 arguit

2472 569 2649 622 sarios
2676 569 2887 631 habuit,
2919 569 3009 635 qui
3045 570 3165 638 ejus
3211 570 3352 622 circa
3384 570 3606 639 gratiam
3646 579 3702 622 et
3742 569 4049 623 libertatem

2474 659 2797 727 theologiam
2854 659 3258 728 impugnarent.
3286 659 3328 712 si
3365 659 3624 711 nonnulla
3657 658 3710 710 in
3751 659 3870 728 ejus
3910 659 4046 712 scri-

2472 749 2578 816 ptis
2610 749 2776 802 variis
2804 748 3204 818 displicuerunt
3233 749 3399 819 :quid
3425 749 3624 802 factum
3658 758 3820 812 esset,
3863 749 3906 801 si
3949 764 4045 801 no-

2473 855 2593 890 vant
2624 841 2691 891 de
2725 838 2963 907 Spiritus
2987 839 3157 893 sancti
3178 841 3528 908 processione
3545 839 3847 892 doctrinam
3893 841 4043 893 inve-

2473 932 2690 984 hentem
2707 929 3083 986 Occidentales
3103 932 3597 1000 deprchendissent
3612 932 3634 983 ?
3650 932 3966 985 Nullatenus
3992 932 4044 985 id

2470 1024 2585 1078 ﬁeri
2615 1039 2803 1093 passus
2825 1034 2970 1078 esset
2989 1025 3275 1085 Occidens.
3309 1039 3483 1092 neque
3506 1024 3700 1078 Oriens
3727 1025 3776 1078 id
3807 1024 4036 1086 tulisset,

2468 1117 2789 1184 quando-vel
2821 1116 3098 1171 levissima
3148 1116 3515 1169 innovationis
3556 1117 3699 1170 circa
3745 1115 3904 1169 ﬁdem
3945 1131 4040 1168 su-

2468 1210 2636 1278 spicio
2665 1223 2886 1278 magnas
2906 1207 3162 1263 excitavit
3179 1209 3383 1262 turbas.
3410 1206 3477 1260 Et
3496 1209 3767 1275 quomodo
3786 1217 3864 1262 tot
3886 1206 4040 1278 [illi]

2471 1299 2729 1353 Doctores
2785 1299 2917 1353 locis
2987 1300 3432 1368 temporibusque
3505 1299 3726 1363 dissiti,
3767 1297 4041 1368 quomodo

2467 1387 2608 1452 itali,
2633 1388 2889 1452 Africani,
2918 1388 3055 1442 Galli
3089 1398 3250 1457 atque
3275 1387 3495 1456 Hispani
3536 1389 3591 1440 in
3641 1389 3886 1442 eamdem
3916 1402 4041 1441 sen-

2470 1479 2693 1532 tentiam
2725 1481 3150 1548 conspirassent,
3185 1479 3289 1533 nisi
3328 1494 3358 1532 a
3397 1478 3703 1534 Christiana
3747 1479 4040 1534 traditione

2470 1571 2536 1623 ad
2565 1585 2658 1623 eos
2685 1571 3058 1639 pervenisset?

2535 1662 2624 1714 23.
2661 1661 2764 1716 Sed
2797 1666 3022 1733 opponit
3043 1664 3271 1718 Photius
3303 1664 3380 1731 (c.
3415 1665 3603 1732 78-89)
3629 1665 3914 1719 recensitis
3939 1664 4040 1718 La-

2467 1750 2596 1805 tinis
2613 1751 2864 1806 Patribus
2883 1755 3155 1808 ltomanos
3187 1755 3493 1824 pontiﬁces,
3520 1768 3654 1810 eteo
3675 1755 3899 1825 quidem
3919 1756 4038 1812 salo

795 1850 1076 1903 Bessarion
1131 1847 1301 1905 (Orat.
1335 1848 1508 1914 dogm.
1535 1860 1583 1896 c.
1625 1846 1680 1906 ‘2,
1705 1846 1758 1907 4,
1803 1844 1900 1905 lt);
1933 1842 2097 1896 Ilard.
2129 1842 2221 1907 IX,
2257 1844 2361 1897 5‘25
2395 1826 2432 1879 Β
2464 1843 2640 1907 titulo,
2670 1844 2817 1912 quod
2856 1843 2908 1896 in
2937 1843 3056 1898 ﬁdei
3089 1845 3430 1914 professione
3473 1846 3734 1915 Spiritum
3783 1857 4036 1901 sanciunt

796 1958 911 2009 seq.
959 1940 1081 2000 33:2,
1113 1939 1215 1990 508
1254 1953 1346 2004 seq
1377 1941 1414 2002 ),
1441 1937 1688 1989 doctores
1739 1945 1850 1986 tum
1901 1931 2206 1987 Orientales
2245 1944 2357 1987 tum

792 2028 1167 2084 Occidentales
1211 2027 1310 2078 sibi
1353 2025 1578 2077 omnino
1611 2023 1905 2077 concordes
1935 2038 2052 2078 esse
2093 2023 2358 2090 putandos

793 2131 847 2174 et
874 2118 1062 2172 Patres
1091 2118 1273 2170 minus
1302 2118 1444 2168 clare
1475 2117 1753 2183 loquentes
1786 2130 1849 2168 ex
1882 2115 1966 2172 iis.
1997 2115 2086 2182 qui
2118 2115 2359 2182 apertius

795 2215 1113 2280 loquuntur,
1150 2209 1528 2278 explicandos;
1561 2223 1656 2260 eos
1691 2207 1780 2260 tibi
1815 2206 2182 2270 consentiunt,
2212 2207 2358 2260 velut

793 2314 959 2356 testes
988 2302 1109 2355 ﬁdei
1142 2302 1192 2354 in
1224 2300 1476 2352 omnibus
1496 2300 1874 2352 admittendos.
1911 2297 2016 2353 Sed
2051 2299 2357 2352 dissensqu

796 2395 1109 2447 Latinorum
1162 2407 1284 2445 cttm
1322 2391 1522 2444 Cl'iEClS
1569 2389 1818 2442 Patribus
1866 2389 1946 2441 vel
2000 2405 2120 2441 cum
2157 2388 2356 2443 Christi

795 2489 965 2558 ipsius
1000 2487 1268 2546 doctrina,
1306 2499 1464 2553 quem
1504 2483 1757 2552 supponit
1787 2481 2030 2543 Photius,
2055 2481 2190 2534 falso
2229 2496 2359 2533 con-

793 2581 940 2650 tingi,
1001 2594 1326 2632 consensum
1381 2575 1810 2630 Iucttletttissime
1882 2574 2118 2642 probari,
2155 2573 2358 2641 liquido

789 2681 1002 2727 Constat
1041 2673 1133 2739 (cf.
1168 2672 1194 2739 ξ
1232 2671 1262 2723 (i
1286 2669 1448 2736 scq.),
1477 2666 1852 2721 Occidentales
1877 2667 1977 2718 hac
2016 2666 2070 2718 in
2111 2681 2169 2718 re
2199 2679 2357 2732 aper-

792 2766 997 2818 t'ssime
1029 2764 1237 2817 locutos
1271 2762 1607 2830 inploratum.
1639 2768 1751 2821 est,
1795 2758 1952 2812 ﬁdem
1988 2758 2185 2811 veteris
2212 2757 2356 2810 oeti~

789 2855 1022 2909 dentalis
1058 2854 1312 2906 Ecclesia:
1357 2859 1695 2904 constantem
1731 2849 2204 2916 universalemque
2237 2862 2356 2900 esse

790 2946 1002 2999 nonnisi
1027 2946 1473 2997 documentorum
1491 2942 1606 3009 ejus
1631 2941 1784 3008 plane
1808 2939 1954 2992 rudis
1968 2939 2202 3007 negabit.
2221 2935 2356 2990 llinc

789 3038 979 3090 merito
992 3034 1241 3088 Photiunt
1262 3032 1520 3101 injurium
1541 3032 1590 3083 in
1606 3028 1976 3084 Occidentales
1995 3026 2352 3097 [2|2}Patres,

787 3144 923 3198 quos
947 3126 1185 3182 Orientis
1240 3125 1490 3178 doctores
1515 3136 1728 3176 summo
1763 3136 1886 3176 cum
1918 3121 2124 3174 honore
2168 3134 2352 3189 prose-

785 3219 1113 3286 quebantur,
1148 3230 1284 3283 quos
1315 3214 1500 3282 quinta
1531 3211 1764 3281 synodus
1792 3209 2102 3265 solemniter
2152 3224 2350 3278 appro-

788 3309 935 3363 bavit
981 3308 1118 3378 (l9),
1159 3321 1295 3376 quos
1353 3321 1510 3359 nemo
1545 3319 1767 3357 suorum
1801 3312 2105 3370 temporum
2154 3301 2354 3356 erroris

787 3401 838 3454 in
880 3415 945 3454 eo
972 3401 1219 3469 dogmate
1252 3395 1538 3459 incusavit,
1571 3394 1778 3450 Beccus
1805 3394 2002 3462 aliique
2039 3392 2350 3447 traducunt.

793 3513 810 3541 ε
844 3491 898 3544 Si
930 3502 985 3545 et
1013 3491 1267 3560 allegatos
1312 3487 1569 3542 Romana:
1602 3486 1852 3539 Ecclesiae
1879 3483 2086 3549 Patres,
2113 3495 2188 3539 ait
2219 3484 2348 3538 Bcc-

785 3599 881 3637 cus
905 3582 1023 3651 (Ου’.
1076 3583 1138 3634 de
1164 3597 1290 3633 una.
1344 3578 1490 3634 Eccl.
1545 3593 1594 3631 c.
1626 3574 1798 3640 155,6.
1835 3575 1899 3628 0.
1934 3573 1973 3640 Ι,
2023 3591 2076 3645 p.
2107 3574 2253 3644 ΠΟ),
2285 3574 2352 3630 ab

784 3683 1030 3728 accurata
1059 3687 1240 3726 rerum
1283 3671 1471 3724 notitia
1503 3668 1769 3722 excidisse
1814 3668 2348 3736 cegnovissent,tum

784 3765 872 3818 alii
921 3764 1175 3817 Ecclesia:
1228 3761 1486 3816 Romana:
1530 3760 1754 3822 Patres,
1802 3773 1939 3827 quos
1985 3757 2247 3826 plurimos
2296 3765 2351 3810 et

784 3869 1025 3909 summos
1058 3869 1120 3907 ea
1161 3863 1288 3908 :rtas
1328 3853 1449 3907 tulit
1484 3852 1633 3920 (sane.
1681 3867 1730 3904 tv
1783 3861 1837 3904 et
1883 3866 1914 3903 v
1962 3848 2344 3919 potissimum),

784 3959 896 4001 tum
946 3946 1195 4000 Ecclesia:
1243 3954 1441 3998 nostra:
1480 3943 1706 4008 lumina,
1748 3943 1837 4011 qui
1906 3941 1957 3995 id
2000 3950 2216 4010 tempus
2258 3941 2351 3995 Ec-

782 4042 1068 4095 clesiarum
1114 4041 1370 4093 unionem
1417 4037 1892 4099 exosculahantur,
1932 4050 2039 4088 non
2081 4033 2344 4103 neglexis-

783 4142 950 4196 sent,
1015 4131 1107 4184 scd
1171 4131 1375 4198 scripto
1426 4129 1728 4198 signasscnt
1786 4124 2128 4195 postmodum
2193 4126 2346 4178 nobis

781 4234 1036 4288 enatum,
1095 4221 1470 4292 dignissimum
1523 4234 1654 4272 sane
1701 4220 1791 4287 qui
1859 4216 2087 4270 sciretur
2122 4257 2138 4277 .
2195 4230 2344 4270 erro-

853 4373 960 4437 (I9)
1018 4371 1195 4422 Monet
1254 4371 1478 4439 Gregor.
1515 4369 1629 4435 Cpl.
1673 4376 1860 4439 contra
1910 4365 2341 4439 Marci‘Ephcsii

783 4436 1136 4509 petulantiam
1195 4440 1278 4507 (ad
1327 4436 1388 4492 cf
1428 4438 1523 4509 ‘71,
1563 4446 1702 4509 nota,
1733 4436 1812 4509 Vl.)
1850 4436 1900 4509 ἰρ
1956 4437 2337 4509 ᾼρυιηωιιιηὶ

2467 1932 2784 2001 simpliciter
2813 1949 2877 1986 ex
2915 1932 3069 1987 Patre
3099 1935 3393 2002 procedere
3432 1935 3845 1997 declaraverint,
3881 1936 4034 2004 quasi

2470 2023 2572 2075 hoc
2607 2024 3007 2092 processionem
3050 2039 3116 2077 ex
3165 2023 3299 2078 Filio
3345 2025 3615 2086 excludat,
3648 2040 3806 2093 quam
3852 2034 4034 2077 tamen

2466 2115 2706 2183 plerique
2770 2117 2971 2170 diserte
3027 2117 3350 2170 docuerunt.
3405 2115 3560 2181 Quod
3636 2116 3895 2185 implicite
3980 2117 4032 2168 in

2465 2207 2707 2275 symbolo
2753 2207 3165 2271 continebatur,
3228 2207 3278 2261 id
3329 2207 3581 2277 explicite
3628 2216 3682 2261 et
3734 2205 3833 2276 ipsi
3893 2206 4036 2260 sicut

2468 2298 2735 2367 llispaniat
2791 2299 3022 2352 concilia
3093 2299 3204 2369 (21)
3267 2300 3420 2369 plura
3479 2301 3804 2354 docuerunt.
3865 2297 4035 2352 Recte

2465 2390 2718 2443 observat
2765 2389 2963 2443 Beccus
2993 2391 3052 2455 (l.
3090 2407 3119 2445 c
3148 2392 3190 2462 ),
3225 2392 3443 2445 Latinos
3467 2391 3778 2446 Grecorum
3816 2392 4034 2462 symbo-

2465 2481 2574 2535 lunt
2604 2498 2781 2550 neque
2810 2482 3101 2536 hodiedum
3136 2484 3380 2550 rejicere,
3406 2484 3498 2538 sed
3525 2487 3666 2539 facto
3707 2485 4032 2547 ostendisse,

2466 2589 2574 2627 non
2621 2574 2822 2640 verbis,
2869 2576 2965 2629 sed
3007 2576 3294 2629 sententiis
3346 2577 3599 2645 pietatem
3630 2576 3698 2630 ab
3746 2576 3878 2646 ipsis
3929 2576 4032 2628 coli

2466 2665 2632 2734 (quod
2673 2664 2983 2719 Florentina
3001 2667 3239 2736 synodus
3267 2667 3569 2721 luculenter
3597 2683 3784 2722 rursus
3835 2667 4034 2721 conﬁr-

2461 2757 2651 2823 mavit)
2679 2773 2692 2822 ;
2721 2757 2944 2810 minimc
2982 2771 3078 2811 eos
3113 2756 3526 2828 Evangeliorum
3561 2759 3837 2813 codicibus
3876 2759 4035 2813 addi-

2463 2857 2758 2900 tamentum
2812 2848 3129 2912 inseruisse,
3167 2849 3259 2902 sed
3313 2864 3526 2918 semper
3570 2849 3830 2913 tenuisse,
3863 2850 4036 2920 Spiri-

2459 2948 2574 2992 tum
2607 2955 2672 2992 ex
2689 2938 2845 2992 Patre
2875 2939 3171 3009 procedere
3219 2941 3294 2992 nil
3326 2941 3471 2995 aliud
3497 2940 3670 3010 reipsa
3703 2941 4030 3010 signiﬁcare,

2458 3045 2618 3099 quam
2645 3030 2938 3098 procedere
2975 3045 3041 3084 ex
3081 3029 3238 3084 Patre
3265 3040 3319 3084 et
3349 3030 3506 3084 Filio.
3540 3049 3558 3081 ε
3593 3029 3710 3083 Νυη
3753 3033 3933 3100 itaque
3965 3045 4034 3084 eo

2458 3121 2602 3189 quod
2643 3136 2751 3175 non
2783 3121 2945 3174 simul
2995 3122 3378 3190 pronuntiatur
3421 3123 3892 3192 (συνεκφωνεῖται)
3931 3123 4031 3175 ali-

2456 3213 2674 3282 quando
2706 3212 2892 3276 Filius,
2926 3228 3033 3266 non
3069 3229 3176 3268 una
3220 3214 3379 3268 simul
3411 3213 3742 3285 intelligetur
3790 3215 4033 3282 (συνεπι.

2456 3305 2804 3376 νοηθήσεται)
2834 3322 2957 3360 cum
2995 3305 3175 3372 Patre,
3203 3307 3296 3362 sed
3327 3308 3470 3378 quod
3508 3323 3630 3362 cum
3670 3305 3829 3362 Patre
3862 3307 4025 3362 simul

2457 3395 2793 3464 intelligitur,
2823 3397 2985 3451 simul
3014 3400 3330 3452 enuntiatur
3363 3408 3604 3468 tempore
3652 3409 3706 3454 et
3753 3400 3934 3464 modo,
3970 3409 4033 3453 ut

2455 3484 2718 3552 placuerit
2753 3485 2821 3548 ei,
2847 3486 2938 3554 qui
2971 3487 3132 3541 verba
3163 3488 3229 3541 de
3251 3487 3409 3543 Patre
3435 3500 3491 3544 et
3524 3486 3660 3543 Filio
3699 3489 4024 3552 instituerit,

2452 3575 2744 3630 dummodo
2798 3577 2952 3646 juxta
3005 3577 3147 3647 piam
3196 3580 3524 3634 sententiam
3577 3580 3738 3634 simul
3786 3596 3912 3637 cum
3959 3595 4030 3635 eo

2453 3665 2804 3735 intelligatur,
2851 3666 2980 3721 licet
3030 3682 3139 3721 non
3169 3669 3508 3735 enuntiatus,
3557 3678 3611 3725 et
3639 3671 3800 3725 simul
3833 3686 4028 3726 rursus

2452 3757 2827 3811 enuntiabitur
2861 3765 3116 3828 tanquam
3174 3761 3266 3829 qui
3321 3762 3482 3816 simul
3535 3779 3658 3818 cum
3713 3779 3780 3819 eo
3823 3767 4028 3820 intelli-

2451 3848 2613 3916 gitur.
2661 3867 2679 3899 ι
2741 3847 3014 3905 Prmterea
3066 3851 3205 3906 nihil
3255 3853 3420 3908 habet
3486 3853 3711 3910 Photius
3740 3857 3884 3926 quod
3939 3859 4028 3913 af-

2451 3939 2607 4004 ferat,
2651 3941 2756 3996 nisi
2819 3943 2963 4011 quod
3016 3943 3090 3997 illi
3139 3945 3425 4015 pontilices
3481 3947 3698 4002 concilii
3735 3947 3948 4018 Cpltani
3981 3967 4024 4016 ι,

2453 4029 2767 4101 Symbolum
2823 4033 3202 4102 ﬁrmaverint,
3245 4037 3408 4106 idque
3478 4039 3598 4108 ejus
3655 4041 3866 4095 intento
3909 4059 4023 4098 nou

2450 4125 2669 4179 suﬁicit.
2697 4125 3022 4180 Nominatini
3049 4129 3284 4198 appellat
3327 4131 3614 4185 Damasum
3639 4132 3772 4202 (2‘2),
3811 4134 4025 4190 Caeles—

2453 4218 2627 4272 tinu.n
2673 4229 2728 4272 et
2782 4218 3015 4273 Leonem
3069 4219 3335 4291 Magnum,
3384 4220 3538 4294 [2M]
3577 4221 3845 4296 Vigilinm,
3878 4227 4026 4298 Aga-

2447 4371 2480 4436 ἡ
2532 4369 2651 4422 τῶν·
2711 4370 3044 4442 Ἐκκλησιῶν
3095 4373 3213 4425 τότε
3259 4373 3536 4442 ἠσπάζετο
3561 4375 3774 4441 ἓνωσις,
3813 4377 3912 4429 οὐκ
3951 4380 4023 4431 ἄν

2448 4456 2574 4524 ποτε
2620 4441 2890 4524 ,νεαραεξδον
2949 4441 3428 4524 ἀνεπιισήμαντον,
3483 4443 3544 4496 τὸ
3585 4444 3734 4498 οὕτω
3791 4448 4019 4514 γεγονὸς

782 4499 1030 4563 eumdem
1064 4499 1226 4581 (Cod‘.
1251 4507 1456 4581 Mort._f.
1505 4509 1623 4581 15],
1656 4499 1826 4581 ἢόὶγε
1858 4506 1918 4581 Ei
1944 4499 2035 4581 ουν
2081 4507 2180 4558 οὐκ
2225 4509 2336 4560 ἐδο-
2374 4499 2416 4551 ο
2445 4513 2457 4558 1‘

1560 4509 1623 4581 i_l,
1656 4499 1826 4581 ιδεμ
1858 4506 1918 4581 Ei
1944 4499 2035 4581 ουν
2081 4507 2180 4558 οὐκ
2225 4509 2336 4560 ἐδο-
2374 4499 2416 4551 D
2445 4499 2960 4581 tply_ﬁ€t6;ﬂtntov
2995 4499 3235 4581 σφάλμα.

781 4581 1126 4648 κιμάσθησαν
1178 4580 1231 4629 αἱ
1266 4579 1371 4628 τῶν
1401 4577 1629 4629 ὀυτικών
1659 4579 1827 4648 ἀγίῳν
1858 4576 2114 4648 Πατέρνων
2141 4581 2335 4642 φωναὶ,

779 4646 878 4700 οὐκ
933 4646 1040 4700 eaet
1084 4648 1278 4708 αὐτοὺς
1314 4649 1500 4711 ἁγίους
1529 4647 1844 4706 ἀποκαλεῖν,
1879 4646 1940 4696 οὑ
1993 4647 2088 4707 τὰς
2143 4663 2338 4714 προχο-

785 4719 1080 4796 μεζομένας
1115 4717 1291 4768 αὐτῶν
1327 4717 1629 4796 μαρτυρίας
1664 4714 2072 4796 ἐπὶὶβεξαιώσει
2103 4714 2212 4767 τῶν
2249 4718 2339 4796 ὀρ-

782 4784 887 4838 θῶν
917 4789 1200 4854 δογμάτων
1221 4786 1609 4854 προσδέχεσθαι
1641 4786 1790 4852 παρὰ
1822 4784 1928 4854 τῷν
1948 4784 2337 4852 οἰκουμενικών

781 4853 1033 4917 συνόδωνζ
1103 4856 1214 4906 ἀλλ’
1249 4853 1688 4921 ἀποστρέφεσθαι
1782 4853 1982 4921 ταύτας
2061 4855 2154 4905 καὶ
2200 4857 2335 4907 ἁπο-

781 4927 1088 4996 στρακίζειν
1114 4965 1127 4988 ,
1164 4926 1271 4996 διὰ
1317 4925 1399 4996 1:}:
1431 4919 1822 4996 αόοκεμάστους
1880 4919 2038 4996 εἶναιε,
2082 4923 2155 4985 ὡς
2177 4925 2337 4986 αὐτὸς

779 4993 1078 5063 νομοθετῶν
1105 4995 1322 5061 φάσκει.
1359 4993 1527 5063 Τοῦτο
1556 4994 1611 5044 δὲ
1634 4994 1742 5044 οὐδ’
1766 4997 1822 5045 ὲν
1847 4995 1942 5060 μιᾷ
1967 4994 2336 5063 τώνσυνόδων

777 5062 963 5130 γέγονε
1002 5081 1014 5094 ·
1079 5062 1555 5133 προεκομίσθησαν
1635 5064 1741 5132 γὰρ
1807 5062 2154 5131 ι’Λμὸροσίου
2241 5064 2335 5115 καὶ

789 5133 1013 5201 Ἰλαρίου
1062 5137 1153 5185 καὶ
1194 5133 1417 5201 Λέοντος
1462 5134 1554 5184 καὶ
1601 5133 1980 5198 Αὑγουστίνου,
2017 5133 2110 5183 καὶ
2160 5133 2335 5195 οὐδεὶς

777 5205 854 5265 εἰς
883 5198 1039 5254 τοῦτο
1079 5203 1352 5272 τολμήσας
1385 5198 1597 5278 ἦλθε-ιν,⁸
1628 5201 1702 5278 ᾡς
1753 5201 1993 5278 τοιοῦτον
2023 5219 2073 5252 τι
2115 5203 2335 5270 ἐρεύξα-

780 5274 922 5324 σθαι.
944 5274 1006 5323 Τί
1038 5273 1091 5324 δὲ
1119 5271 1264 5324 δοκεῖ
1290 5271 1436 5333 αὐτῷ
1464 5271 1603 5339 ἡτοῦ
1621 5272 1773 5336 ἁγίου
1797 5271 2046 5338 Μαξίμου
2080 5273 2331 5341 ἐπιστολὴ

776 5341 1005 5409 λέγουσα
1050 5343 1174 5403 τοὺς
1225 5342 1472 5400 δυτικοὺς
1524 5343 1768 5410 Ματέρας
1829 5342 2026 5407 λέγειν,
2096 5346 2185 5394 καὶ
2238 5346 2330 5394 τοὺ

777 5411 906 5463 Υἱοῦ
927 5411 1314 5480 ἐκπορεύεσθαι
1360 5412 1415 5462 τὸ
1446 5411 1667 5479 Πνεῦμα
1703 5412 1760 5462 τὸ
1791 5412 1974 5475 ἆγιονς

846 5484 953 5546 (‘20)
1003 5483 1062 5534 Ei.
1107 5481 1235 5548 γοῦν
1284 5484 1373 5532 καὶ
1425 5483 1546 5540 τοὺς
1605 5480 1862 5548 ῥηθέντας
1918 5482 2166 5550 Ματέρας
2231 5483 2330 5548 τῆς

786 5552 1099 5620 Ῥωμαῖκῆς
1143 5551 1462 5621 Ἐκκλησίας
1502 5551 1884 5621 παρασυρῆναι
1919 5550 2016 5619 τῆς
2045 5552 2329 5621 ἀκριϐείας

774 5618 997 5686 διέγιὶων
1027 5618 1076 5672 οἵ
1103 5637 1160 5671 τε
1189 5618 1335 5671 ἄλλοί
1376 5623 1472 5690 τῆς
1513 5618 1837 5690 Ῥῳμαϊκήςν
1859 5618 2176 5686 Ἐκκλησίας
2216 5624 2328 5673 Πα-

776 5698 946 5757 τέρες,
976 5691 1065 5752 οὓς
1092 5691 1313 5750 πολλοὺς
1331 5689 1708 5759 καὶμεγὰλους
1733 5693 1759 5740 ὁ
1785 5689 1900 5740 τότε
1928 5693 2111 5758 χρόνος
2127 5693 2328 5743 ἀνέδει-

777 5761 960 5826 ﬁet-1,9?
990 5779 1046 5813 τε
1080 5761 1175 5829 τῆς
1211 5761 1478 5829 ἡμετέρας
1547 5759 1868 5828 Ἐκκὶησίας
1903 5762 2203 5830 φωστῆρες,
2235 5762 2325 5824 οὓς

2515 4573 2623 4652 iﬁl)
2656 4573 3065 4652 ConAeLBracar'.
3101 4573 3220 4646 t,'a.
3249 4582 3382 4648 4H;
3417 4579 3591 4637 Tolet.
3629 4598 3710 4648 Ill,
3755 4584 3892 4650 589;
3941 4602 4017 4652 tv,

2442 4648 2723 4719 6557;7V1ll,
2754 4649 2858 4702 653
2891 4660 2944 4719 et
2965 4651 3269 4719 sequentia.

2511 4718 2639 4791 (9.2)-
2659 4717 2846 4791 Simon
2872 4718 2989 4787 Cpl.
3019 4717 3106 4788 ep.
3131 4723 3226 4791 cit.
3270 4720 3316 4791 (ᾗ
3348 4721 3433 4790 7);
3461 4736 3548 4789 ap.
3592 4723 3752 4777 Allat.
3779 4739 3830 4778 c.
3860 4725 4014 4779 llo‘tt.

2440 4785 2477 4839 Ι.
2511 4785 2584 4848 ς..
2613 4787 2858 4862 Joseph._
2892 4785 3151 4862 Met_lton._
3176 4785 3324 4858 Resp.
3375 4785 3446 4844 ad
3478 4785 3644 4846 Marc.
3688 4792 3849 4862 [Ep/1.,
3885 4795 4016 4848 Cal-

2439 4872 2566 4910 ceas
2609 4857 3076 4932 etGencbrardus
3130 4857 3415 4932 fortitulatn
3473 4863 3540 4914 de
3591 4857 3776 4932 Spirit.
3834 4857 4014 4919 Sancti

2438 4929 2788 5050 Erocessione
2812 4944 2876 4980 ex
2905 4928 3063 4983 l’atre
3099 4939 3154 4982 et
3197 4931 3331 4984 Filio
3374 4931 3601 4984 Datnaso
3628 4928 3839 4987 auctori
3908 4938 4012 4990 tri-

2479 5007 2696 5050 uerunt.
2737 5012 2924 5049 verum
2968 5014 3032 5050 ea
3069 5013 3154 5050 res
3183 5001 3400 5050 probari
3447 5001 3760 5050 nullatenus
3803 5015 3989 5050 tmtest

2479 5007 2696 5072 uerunt,
2737 5012 2928 5072 verum
2964 5014 3032 5072 ea
3069 5013 3154 5052 res
3183 5001 3407 5072 probari
3447 5001 3778 5072 nullatenus
3803 5015 3989 5072 potest

2436 5067 2518 5118 Cl‘.
2547 5065 2727 5119 Petav.
2787 5067 2856 5118 De
2889 5066 3030 5120 Trin.
3067 5085 3160 5130 vn,
3183 5065 3260 5132 vi;
3311 5069 3494 5123 Kilber
3525 5069 3715 5124 Theol.
3763 5065 3988 5129 Wirceb

2436 5137 2471 5188 l.
2504 5151 2551 5188 c.
2585 5151 2640 5211 tt.
2675 5137 2876 5211 4t)_8,_p.
2906 5137 3030 5190 58L
3063 5136 3323 5192 Przrlatus
3351 5139 3534 5211 liilber
3551 5143 3745 5200 n.410.
3775 5145 4002 5211 prob.3,

2435 5205 2753 5279 cunt_l\'atali
2785 5207 2935 5279 A!ex.
2972 5210 3116 5276 (sae.
3145 5224 3216 5273 tv,
3244 5211 3372 5263 diss.
3418 5209 3507 5269 57,
3533 5225 3582 5261 a.
3615 5211 3669 5279 5)
3703 5205 4003 5277 existimat,

2434 5275 2710 5350 Nicolaum
2739 5276 2762 5350 1Δ
2792 5275 3215 5350 additamentum
3251 5282 3303 5332 in
3351 5275 3666 5348 Symbolum
3700 5275 3998 5350 recepisse.

2436 5348 2578 5418 quod
2618 5355 2672 5398 et
2715 5346 2899 5418 plures,
2921 5347 3008 5399 alii
3051 5349 3319 5411 docuere;
3351 5346 3535 5401 verum
3596 5366 3772 5418 neque
3821 5346 4000 5408 Photii

2434 5417 2685 5487 verbaex
2720 5417 2924 5484 encycl.
2959 5418 3026 5470 ab
3048 5431 3113 5470 eo
3135 5419 3370 5487 alligata,
3399 5434 3517 5485 qua:
3540 5417 3713 5473 solum
3748 5422 3939 5475 dicunt
3971 5444 3999 5476 a

2433 5500 2460 5537 a
2496 5485 2701 5541 Latinis
2723 5487 3020 5553 symbolum
3051 5489 3203 5541 vanis
3233 5485 3286 5542 et
3319 5490 3636 5542 adulterinis
3654 5495 4000 5546 sermonibus

2433 5555 2702 5637 corrumpi
2741 5570 2947 5634 eosque
2993 5558 3307 5637 praedicare,
3339 5560 3498 5637 etiam
3533 5574 3597 5637 en!
3638 5559 3772 5637 Filio
3809 5577 3999 5630 proce-

2431 5623 2558 5676 dere
2611 5624 2893 5691 Spiritum,
2945 5623 3121 5694 neque
3168 5627 3446 5681 llatramni
3501 5623 3822 5692 alﬁrmatio,’
3853 5632 3996 5685 idern

2435 5695 2610 5768 licere-
2651 5695 2894 5768 llomauo
2935 5696 3174 5768 pontiﬁci
3224 5700 3365 5765 quod
3411 5699 3642 5752 concilio
3683 5699 3994 5768 Cpolilano,

2432 5763 2482 5816 id
2514 5763 2644 5819 satis
2673 5763 3066 5821 demonstrant.
3107 5766 3188 5822 ετ.
3221 5763 3335 5823 not.
3375 5768 3425 5838 8,
3460 5772 3523 5822 ad
3557 5763 3872 5840 Photii-cap.
3905 5776 3994 5829 ὃὸ.
