4242 6438
740 392 839 459 467

1858 400 2116 461 ΡΙΙΟΤΠ
2160 400 2660 461 ΡΧΤΗΙΑΠΟΙΙῘΕ
2700 402 2810 464 CP.

3876 397 3982 458 168

741 516 888 563 esset
923 506 1081 572 Deus,
1139 508 1285 563 nulla
1338 508 1629 565 necessitas
1679 508 1830 581 [2‘23]
1890 510 2298 578 compositioni-
2346 513 2378 569 κ
2408 513 2588 565 rianus
2621 512 2679 578 (l.
2710 510 2773 574 ll,
2813 512 2935 576 c.5,
2972 526 3022 580 p.
3059 509 3212 577 1216)
3271 508 3601 579 disputans:
3660 525 3680 559 ι
3717 506 3773 560 Si
3819 506 3985 561 Patet

741 608 907 661 esset,
964 608 1019 651 et
1064 600 1205 667 quod
1256 610 1582 664 extremum,
1645 601 2005 669 processionis
2041 601 2229 653 ordine
2281 622 2302 651 .-

741 691 966 759 singulis
994 692 1281 760 acciperet.
1318 692 1433 747 Non
1462 694 1610 746 enim
1642 692 1887 745 dantium
1934 692 2303 756 multitudine,

743 784 836 835 sed
872 799 939 836 ex
968 799 1155 836 eorum
1209 799 1329 851 qua:
1377 785 1527 847 dant,
1573 800 1872 852 eorumque
1928 801 2047 852 quae
2102 784 2305 848 insunt,

744 874 1047 927 diﬂcrcntia
1098 876 1420 942 compositio
1469 876 1764 942 iudicatur.
1830 876 1883 928 Si
1938 888 2142 939 autem,
2192 893 2311 943 quae

745 966 962 1027 dantur,
1012 966 1317 1019 dill'erentia
1358 977 1513 1029 sunt,
1570 977 1625 1019 et
1657 983 1777 1035 qua:
1833 968 2038 1031 insunt,
2094 968 2311 1022 diderre

748 1070 969 1106 necesse
1000 1063 1110 1118 est;
1158 1064 1317 1123 atque
1371 1056 1441 1108 ita
1493 1057 1851 1123 compositum
1896 1057 2018 1117 erit,
2051 1058 2194 1123 quod
2244 1074 2310 1110 ex

748 1147 1061 1212 huiusmodi
1100 1148 1396 1209 constabit;
1428 1148 1571 1217 quod
1610 1146 1665 1200 in
1697 1146 1900 1215 Spiritu
1940 1158 2130 1201 sancto
2173 1165 2314 1202 nun-

748 1252 908 1304 quam
946 1237 1109 1289 habet
1138 1237 1332 1290 locum.
1371 1256 1388 1287 1

817 1328 869 1378 4.
906 1326 978 1379 Ex
1020 1328 1179 1381 dictis
1220 1330 1377 1381 etiam
1421 1329 1547 1382 illud
1587 1330 1871 1397 diiudicari
1922 1339 2119 1396 potest,
2169 1331 2311 1397 qttozl

751 1418 981 1473 aliirmat
1012 1419 1231 1473 Pliotius
1272 1424 1339 1488 (c.
1377 1422 1487 1483 Ml,
1520 1438 1627 1474 non
1689 1422 1860 1474 solum
1890 1422 1997 1474 dtto
2049 1422 2314 1489 principia

754 1510 806 1561 in
848 1509 1110 1562 Trinitatc
1142 1520 1382 1565 statuere
1426 1511 1668 1573 Latinos,
1703 1527 1891 1564 verum
1945 1511 2106 1563 etiam
2164 1511 2315 1579 priu-

751 1601 888 1667 eipia
927 1601 1035 1653 duo
1067 1601 1270 1653 diversa
1311 1618 1374 1653 ac
1410 1602 1723 1667 (Ii/ferentia,
1755 1602 1984 1653 alterum
2014 1601 2130 1653 sine
2164 1600 2313 1667 priu—

753 1690 917 1757 cipio,
975 1690 1203 1743 alterum
1258 1690 1655 1759 principiatutu.
1713 1689 1857 1744 Sane
1918 1692 1959 1745 si
2002 1701 2316 1760 spectantur

753 1796 1002 1847 persona,
1032 1780 1241 1835 duabus
1269 1780 1509 1848 ejusdem
1550 1790 1755 1833 natura:
1786 1782 2032 1848 personis
2057 1782 2315 1835 convenit

756 1871 889 1922 ratio
920 1870 1191 1939 principii,
1214 1880 1435 1923 eatenus
1464 1870 1679 1938 quidettt
1721 1872 1934 1924 diverso
1971 1870 2128 1923 modo
2180 1886 2315 1938 qua-

756 1970 914 2013 tenus
966 1967 1048 2014 est
1082 1962 1135 2013 in
1172 1959 1435 2013 Triuitatc
1471 1981 1487 2010 1
1532 1960 1856 2029 principium
1910 1977 2018 2013 non
2060 1962 2125 2015 de
2170 1960 2319 2029 priu-

753 2053 916 2121 cipio,
952 2052 1093 2119 quod
1142 2060 1225 2106 est
1272 2052 1450 2115 Pater,
1502 2062 1556 2105 et
1600 2052 1921 2122 principium
1968 2070 1995 2106 a
2028 2053 2315 2122 principio,

753 2143 895 2211 quod
936 2152 1018 2195 est.
1052 2142 1241 2197 Filius.
1272 2162 1289 2192 1
1328 2143 1644 2211 (ΙΊιοιιιτιεΙ.
1692 2157 1741 2196 c.
1771 2160 1823 2212 q.
1855 2144 1943 2197 53.
1981 2160 2010 2196 a
2077 2143 2162 2212 4);
2224 2142 2318 2196 sed

754 2237 897 2287 sicut
926 2234 1173 2302 principii
1217 2234 1352 2286 ratio
1393 2242 1446 2287 et
1489 2235 1796 2303 principiali
1840 2244 2047 2287 naturae
2093 2234 2317 2303 aequali-

757 2336 922 2380 tatem
951 2343 1061 2379 non
1085 2326 1239 2389 tollit,
1272 2327 1347 2379 sic
1372 2342 1471 2380 nec
1493 2328 1702 2381 diversa
1740 2328 1794 2381 in
1836 2326 2199 2396 principiante
2233 2343 2318 2381 re—

754 2420 902 2473 latio.
930 2419 1033 2472 Sed
1067 2420 1109 2473 si
1142 2428 1419 2487 spectatur
1444 2421 1605 2472 virtus
1636 2430 1681 2472 et
1703 2420 1840 2471 actio
1873 2418 2132 2487 spirandi,
2164 2418 2320 2473 Pater

755 2523 810 2566 et
834 2511 1000 2566 Filius
1027 2523 1153 2565 sunt
1176 2530 1340 2565 unum
1368 2514 1710 2582 principium,
1738 2530 1846 2565 uno
1878 2514 2174 2581 eodemque
2195 2523 2318 2566 actu

758 2607 988 2673 spirant.
1024 2606 1174 2669 Quod
1201 2606 1243 2658 si
1280 2607 1465 2659 stricte
1499 2607 1765 2673 loquendo
1792 2606 1859 2659 de
1911 2607 2121 2661 duobus
2171 2608 2318 2675 prin-

758 2698 915 2767 cipiis
942 2714 1120 2752 sermo
1149 2698 1332 2751 haberi
1366 2699 1572 2765 nequit,
1604 2700 1772 2751 multo
1801 2698 1977 2751 minus
2012 2699 2079 2752 de
2108 2697 2321 2752 duobus

760 2790 1041 2858 principiis
1081 2791 1219 2842 inter
1248 2806 1307 2845 se
1334 2789 1583 2844 diversis.
1636 2788 1944 2842 Dill'crentia
1983 2790 2321 2843 solummodo

758 2890 844 2935 est
902 2897 966 2935 ex
1025 2891 1175 2949 parte
1232 2897 1612 2951 personarum,
1662 2890 1931 2949 quatenus
1983 2881 2152 2935 altera
2204 2881 2320 2935 sine

759 2972 1027 3041 principio
1066 2982 1227 3026 estet
1254 2989 1316 3026 ex
1347 2973 1585 3026 sebabet
1618 2972 1951 3041 Spiratricem
1990 2972 2120 3037 vim,
2153 2972 2318 3025 altera

757 3079 789 3117 a
819 3064 1087 3133 principio
1109 3073 1192 3118 est
1235 3074 1289 3119 et
1323 3066 1428 3119 vim
1460 3065 1696 3135 spirandi
1747 3066 1910 3119 habet
1956 3066 2322 3119 communica-

2410 612 2462 657 et
2487 600 2655 655 Filius
2678 619 2785 657 non
2823 602 3144 670 simpliciter
3174 601 3281 655 dtlo
3326 602 3607 661 dicuntur,
3644 600 3738 653 sed
3789 616 3986 652 secun-

2411 696 2537 745 dum
2565 694 2716 760 quid,
2739 709 2840 746 nec
2864 693 2998 746 alter
3021 692 3087 745 ab
3116 691 3286 744 altero
3315 698 3621 759 separatur,
3660 689 3829 741 multo
3885 688 3989 741 mi-

2413 800 2513 835 nus
2543 784 2649 835 duo
2670 784 2932 851 principia
2963 798 3057 835 seu
3096 782 3216 835 dua!
3239 797 3413 834 causze
3444 796 3510 833 eo
3548 782 3690 848 quod
3729 779 3990 831 alteruter

2415 876 2685 942 (uterque)
2719 891 2878 927 causa
2932 874 3002 928 sit
3035 873 3317 940 sanctique
3363 873 3600 942 Spiritus
3652 868 3982 940 principium

2414 966 2865 1034 prmdicabuntur.
2925 966 3176 1032 Nunquid
3221 962 3455 1018 Verbum
3496 964 3587 1017 Dei
3639 963 3810 1017 Patris
3846 964 3989 1015 Dens

2414 1075 2536 1112 cmn
2565 1058 2706 1110 Deo?
2739 1054 2802 1111 Et
2828 1058 2968 1111 Deus
3000 1059 3219 1125 quidem
3241 1060 3458 1128 genitus
3488 1072 3553 1109 ex
3582 1054 3688 1108 Deo
3718 1054 3983 1121 ingenito.

2415 1153 2662 1204 Attamen
2699 1165 2807 1202 non
2838 1159 2965 1202 sunt
3010 1150 3116 1203 duo
3161 1149 3264 1212 Dii,
3319 1150 3535 1218 genitus
3586 1154 3639 1201 et
3688 1147 3987 1214 ingenitus,

2420 1246 2509 1297 sed
2539 1260 2678 1297 unus
2699 1252 2753 1297 ct
2787 1243 2925 1295 idem
2960 1240 3119 1295 Deus.
3152 1240 3242 1294 Sic
3268 1241 3427 1310 igitur
3450 1254 3616 1292 unum
3656 1235 3982 1307 principium

2417 1351 2630 1401 unaque
2656 1348 2814 1386 causa
2858 1331 3354 1401 Spiritussauctus,
3410 1328 3500 1398 qui
3552 1328 3784 1382 estsine
3834 1324 3993 1378 initio

2419 1428 2575 1481 Pater
2603 1436 2657 1480 et
2690 1426 2876 1486 Filius,
2925 1426 3015 1494 qui
3051 1425 3376 1494 principium
3404 1433 3459 1477 et
3488 1433 3648 1489 caput
3678 1420 3894 1480 dicitur,
3929 1429 3989 1470 ut

2419 1519 2652 1571 Hilarius
2683 1518 2813 1570 dicit
2841 1534 2853 1581 ;
2892 1527 3053 1585 caput
3100 1515 3243 1569 enim
3274 1517 3516 1568 omnium
3555 1513 3722 1566 Filius
3748 1520 3854 1568 est.
3891 1510 3988 1563 sed

2417 1620 2581 1676 eaput
2617 1607 2733 1661 Filii
2784 1607 2926 1661 Deus
2960 1616 3062 1671 cst,
3103 1607 3217 1659 Duo
3251 1614 3398 1668 sunt,
3450 1604 3537 1657 ubi
3568 1602 3765 1657 similia
3798 1616 3990 1653 nume-

2422 1700 2571 1753 randi
2608 1699 2827 1751 nomina
2849 1715 3029 1751 rerum
3055 1698 3290 1765 aliquam
3319 1695 3679 1763 pluralitatem
3702 1692 3991 1745 ostendere

2421 1791 2626 1855 volunt,
2650 1789 2752 1842 etsi
2778 1802 2967 1841 earum
2989 1784 3288 1841 exsistcndi
3319 1785 3583 1838 rationem
3602 1777 3985 1835 taceant.Nam

2421 1896 2595 1948 neque
2664 1880 3081 1933 continuitatem
3135 1892 3313 1946 neque
3379 1875 3770 1929 discretionem
3811 1884 3994 1939 neque

2419 1970 2832 2025 dividendorum
2868 1969 3123 2038 aperiunt
3154 1967 3541 2030 dill‘crenttam,
3591 1965 3822 2033 aliquam
3863 1972 3987 2015 tan—

2423 2060 2698 2115 tummodo
2717 2058 3119 2113 manifestantia
3153 2058 3492 2120 varietatem,
3518 2071 3638 2124 qua:
3669 2054 3815 2107 tmlla
3847 2052 3994 2104 inter

2421 2152 2633 2206 Patrem
2679 2160 2733 2205 et
2769 2150 2992 2213 Filium,
3028 2165 3094 2203 ex
3139 2164 3204 2203 eo
3231 2148 3375 2217 quod
3413 2146 3639 2215 Spiritui
3691 2158 3811 2198 esse
3854 2156 3992 2212 prae-

2423 2253 2593 2307 stant;
2639 2257 2825 2296 verum
2856 2256 2961 2293 una
2994 2255 3155 2295 causa
3191 2249 3277 2293 est
3313 2238 3552 2307 Spiritus
3593 2246 3839 2303 uterque.
3883 2254 3902 2285 1

2492 2332 2541 2388 5.
2583 2334 2827 2387 Alterum
2863 2333 3070 2386 axioma
3098 2346 3129 2385 a
3162 2331 3357 2384 Pltotio
3380 2331 3656 2383 invectum
3690 2327 3834 2396 (vide
3856 2341 3906 2380 c.
3934 2324 3991 2387 9,

2422 2429 2487 2483 17
2518 2444 2633 2496 seq.
2669 2427 2756 2497 47)
2802 2436 2885 2479 est
2917 2426 3046 2479 illud
3080 2443 3091 2479 :
3132 2424 3425 2478 Producere
3458 2438 3547 2475 seu
3583 2422 3819 2475 emittere
3866 2418 3993 2486 Spi-

2421 2522 2579 2575 ritum
2608 2529 2848 2573 sanctum
2885 2529 2958 2571 est
3020 2517 3198 2571 Patris
3256 2517 3451 2569 iilioma
3497 2531 3586 2567 seu
3649 2510 3981 2581 Itypostatica

2422 2612 2597 2666 Patris
2632 2611 2942 2679 proprietas.
2983 2606 3116 2662 Hinc
3152 2607 3449 2668 concludit,
3484 2620 3511 2658 a
3548 2604 3753 2657 Latinis
3796 2614 3992 2669 perso-

2423 2720 2615 2757 narum
2664 2703 2921 2756 idiomata
2976 2699 3203 2762 destrui,
3240 2699 3390 2759 dum,
3440 2694 3584 2765 quod
3641 2692 3770 2747 dicit
3817 2688 3996 2742 Patris

2423 2795 2642 2856 idioma,
2673 2803 2727 2848 et
2762 2794 2896 2847 Filio
2945 2793 3247 2846 vindicant.
3285 2788 3484 2843 Verum
3520 2787 3624 2841 ltoc
3660 2781 3990 2853 principium

2422 2888 2567 2941 nulla
2602 2887 2810 2940 ratione
2840 2885 3094 2952 nullaque
3123 2881 3444 2936 auctoritate
3481 2877 3676 2931 fultum
3710 2886 3933 2943 prorsus
3959 2887 3993 2923 a

2425 2980 2631 3033 Latinis
2708 2977 2971 3045 rejicitur.
3054 2974 3229 3027 Patris
3306 2967 3716 3026 constitutivum
3793 2963 3996 3015 idioma

2424 3086 2613 3124 onmes
2644 3069 3014 3136 paternitatem
3046 3065 3258 3125 dicunt,
3283 3076 3410 3116 cum
3450 3074 3553 3128 qua
3585 3054 3808 3126 spiratio
3838 3053 3994 3104 iden-

762 3167 898 3217 tant;
930 3171 1023 3209 seu
1048 3163 1471 3223 quatenus‘sunt
1512 3155 1669 3208 Pater
1693 3164 1745 3208 et
1775 3154 1980 3219 Filius;
2024 3170 2149 3209 cum
2196 3171 2324 3210 vero
2354 3167 2395 3224 ο
2434 3161 2624 3215 tiﬁcari
2678 3159 2910 3227 nequit;
2946 3171 3108 3209 nemo
3152 3164 3415 3224 praetcrea
3445 3151 3664 3205 Patrum
3709 3146 3807 3214 τὴν
3864 3159 3999 3213 πρςι-

760 3266 869 3303 non
901 3250 1108 3319 spirent
1136 3264 1239 3317 qua
1276 3250 1364 3302 ille
1384 3248 1562 3309 Pater,
1606 3250 1694 3302 hic
1724 3247 1910 3310 Filius,
1946 3249 2089 3301 nulla
2131 3260 2214 3302 est
2265 3250 2317 3302 in

760 3340 1017 3408 spirando
1046 3338 1331 3394 diversitas
1354 3356 1372 3391 ι
1402 3348 1455 3391 et
1502 3338 1641 3391 sicut
1687 3348 1876 3391 natura
1909 3354 2015 3390 non
2042 3338 2320 3397 dillcrunt.

762 3429 885 3496 quia
916 3429 1074 3481 Pater
1112 3428 1403 3497 ingenitus,
1440 3425 1607 3480 Filius
1630 3428 1865 3496 genitus,
1901 3428 1977 3480 sic
2002 3443 2103 3481 nec
2133 3438 2322 3479 natura

763 3520 1042 3583 dim-runt,
1073 3520 1197 3588 quia
1223 3521 1379 3573 Pater
1409 3536 1437 3573 a
1481 3521 1651 3583 nullo,
1697 3518 1862 3572 Filius
1908 3536 1935 3571 a
1973 3518 2131 3571 Patre
2165 3520 2325 3571 habet

765 3612 1079 3681 spirativam
1106 3613 1381 3665 virtutem.
1429 3612 1631 3675 Potest,
1688 3626 1819 3664 sane
1862 3611 1968 3664 dici
2026 3613 2162 3663 duas
2206 3627 2325 3665 esse

765 3720 1023 3772 personas
1051 3704 1461 3772 priueipiantes,
1487 3704 1579 3757 sed
1607 3703 1727 3756 ideo
1749 3719 1855 3756 non
1898 3712 2022 3756 sunt
2045 3703 2150 3757 duo
2173 3703 2325 3771 prin-

764 3794 924 3861 cipia.
947 3794 1189 3847 Advertit
1216 3794 1369 3846 Joan.
1406 3794 1772 3862 Argyropulus
1804 3793 1905 3861 (De
1941 3810 2081 3860 proc.
2141 3792 2323 3861 Spirit.

764 3896 939 3939 sanet-
965 3900 1013 3938 c.
1048 3886 1142 3948 l0;
1197 3886 1260 3940 ϐ.
1295 3885 1421 3949 0.1,
1452 3886 1708 3952 411-416)
1760 3886 1932 3955 ἀρχὴν
1968 3886 2135 3954 accipi
2169 3902 2327 3954 posse

766 3986 879 4030 tum
903 3992 1000 4044 pro
1024 3975 1249 4042 δυνάμει
1282 3989 1393 4030 111111
1430 3992 1528 4044 pro
1568 3976 1895 4039 exercitum;
1947 3977 2110 4044 priori
2162 3992 2325 4030 sensu

765 4078 874 4118 non
914 4062 1098 4117 haberi
1137 4064 1245 4117 duo
1305 4064 1589 4132 principia,
1634 4080 1756 4119 cum
1810 4064 2035 4132 δύναμις
2089 4065 2327 4134 προϐλη-

765 4152 892 4220 τικὴ
924 4152 1140 4204 nonnisi
1168 4166 1272 4205 una
1298 4153 1594 4220 eademque
1652 4153 1723 4206 sit
1768 4153 1821 4205 iu
1856 4151 2007 4222 ["224]
2066 4152 2225 4207 Patre
2271 4166 2328 4208 ct

765 4239 935 4307 Filio;
966 4243 1248 4311 posteriori
1276 4258 1439 4297 sensu
1460 4245 1780 4299 vocabulum
1809 4245 1902 4297 δύο
1930 4245 2102 4315 ἀρχὰς
2131 4246 2329 4299 'admit-

768 4335 852 4395 tit,
884 4350 1003 4387 cum
1026 4335 1113 4387 tali
1148 4346 1304 4404 pacto
1353 4345 1460 4390 tres
1492 4352 1739 4405 personae
1792 4337 1843 4389 in
1896 4338 2169 4391 creatione
2193 4354 2327 4406 quo-

767 4441 871 4494 que
897 4428 1042 4494 τρεῖς
1072 4427 1234 4494 ἁρχαὶ
1256 4427 1371 4480 sine
1401 4428 1733 4481 absurditate
1774 4429 1903 4492 dici,
1952 4438 2006 4481 et
2058 4430 2130 4483 uti
2195 4440 2324 4492 tres,

2429 3250 2588 3320 δολὴν
2619 3251 2710 3302 11111
2750 3249 2891 3302 l’atri
2951 3247 3245 3301 vindicavit
3295 3243 3375 3298 vel
3436 3242 3557 3309 ejus
3623 3239 3996 3291 characterem

2427 3342 2835 3396 constitutivum
2858 3342 3073 3393 censuit
3097 3338 3231 3406 (55);
3261 3335 3405 3389 addit
3431 3333 3635 3386 Beccus
3653 3330 3810 3400 (orat.
3836 3328 3888 3385 Ξ.
3921 3324 4000 3377 De

2428 3433 2628 3500 iujusta
2662 3430 2813 3501 {2'25}
2857 3432 2973 3498 tlcp.
3030 3446 3079 3483 c.
3129 3428 3227 3491 24;
3268 3425 3331 3479 (ἱ.
3362 3424 3427 3478 0.
3466 3422 3527 3486 ll,
3565 3420 3651 3482 7G,
3696 3419 3782 3483 Π)
3819 3417 3997 3470 1³111)ιί1

2426 3526 2688 3594 πρῶταισιν
2725 3524 2788 3575 iis
2846 3522 3102 3574 omnibus
3154 3521 3443 3572 Doctorum
3500 3511 3826 3567 testimoniis
3858 3525 4000 3561 con—

2430 3615 2610 3676 futari,
2650 3614 2702 3666 in
2762 3613 3022 3681 quibus?)
3062 3609 3154 3663 τοῦ
3202 3608 3413 3677 Harpe;
3473 3605 3565 3657 καὶ
3621 3601 3750 3655 Υξοῦ
3809 3600 4002 3666 ἑνότης

2431 3705 2521 3756 ἐπὶ
2560 3704 2744 3764 πᾶςιν,
2775 3702 2873 3753 ὅσα
2922 3702 2985 3752 ἐκ
3039 3699 3247 3767 Harpe;
3300 3695 3362 3747 δι’
3399 3693 3526 3746 Υἱοῦ
3564 3693 3799 3757 λέγεται,
3831 3703 4003 3755 appa-

2432 3805 2532 3859 ret,
2561 3794 2702 3864 qttod
2727 3792 2973 3857 adductis
3013 3790 3190 3844 Basilii
3222 3797 3275 3842 et
3322 3785 3600 3839 Atbana~ii
3637 3781 3873 3835 testibus
3900 3778 4001 3831 de-

2430 3872 2611 3941 clarat.
2650 3885 2850 3939 Verum
2878 3900 2985 3953 quo
3032 3898 3119 3936 res
3156 3879 3486 3937 luculentius
3516 3884 3727 3944 pateat,
3770 3885 4001 3925 accura-

2434 3980 2540 4033 tius
2568 3978 2867 4031 d'.vinarum
2907 3987 3261 4044 personarum
3293 3968 3656 4040 proprietates
3686 3965 3790 4016 late
3825 3961 4005 4013 dictas

2432 4069 2805 4137 inspiciamus.
2869 4065 3284 4133 Distinguuntur
3343 4060 3569 4114 omnino
3634 4053 4003 4123 proprietates

2432 4158 2765 4229 persruales,
2805 4154 3184 4225 hypostaticaz,
3230 4164 3493 4222 personas
3531 4146 3927 4201 constituentes
3971 4160 4003 4195 a

2432 4247 2744 4302 diaetitieis.
2777 4244 2935 4313 (Vide
2980 4243 3166 4297 Petav.
3222 4241 3295 4294 De
3341 4239 3484 4292 Trin.
3530 4235 3765 4289 Promtn.
3803 4233 3840 4285 Ι.
3897 4246 4005 4296 tv.)

2432 4340 2656 4394 Nonnisi
2691 4347 2801 4391 tres
2830 4338 3175 4405 proprietates
3204 4331 3559 4402 [typostaticas
3578 4327 3655 4381 uel
3680 4325 4006 4379 constituen-

2433 4440 2505 4482 tes
2562 4430 2848 4498 (ἰδιώματα.
2906 4425 3261 4491 ὑποστατικὰ)
3332 4429 3634 4491 agnoscunt
3693 4416 3882 4469 Patres
3938 4430 4006 4468 ac

767 4517 841 4570 ita
878 4517 997 4570 dua:
1028 4532 1267 4585 persona:
1300 4518 1540 4586 ejusdem
1569 4519 1800 4571 actionis
1839 4520 2128 4587 participes
2182 4521 2326 4590 cogi-
2362 4516 2402 4570 D
2435 4530 2442 4571 t

2362 4516 2402 4570 D
2435 4518 2698 4586 theologi;
2734 4524 2861 4569 sunt
2890 4524 3071 4567 autem
3100 4531 3112 4563 :
3148 4510 3461 4580 πατρότης,
3501 4508 3699 4573 υἱότης,
3731 4504 4005 4571 ἐκπὸρευ-

769 4609 870 4662 tari
901 4616 1121 4678 queant.
1146 4610 1371 4663 Demum
1394 4611 1645 4665 audiatur
1687 4626 1900 4663 rursum
1958 4610 2111 4680 llugo
2164 4612 2331 4666 Ethe-

846 4757 956 4821 (ὖῆ)
989 4757 1300 4811 Adernutur
1330 4758 1547 4826 quidem
1589 4758 1833 4827 Gregorii
1866 4756 2092 4827 Nysseni
2127 4758 2283 4812 verba
2314 4776 2327 4812 :

771 4828 927 4897 Τοῦδί
950 4828 1109 4897 ἕνεκα
1145 4829 1365 4895 Πνεῦμα
1400 4829 1661 4895 στόματος
1706 4827 1871 4896 (l’sal.
1898 4844 2067 4890 xxx",
2106 4827 2182 4897 6),
2218 4828 2330 4879 ἀλλ’

771 4897 892 4964 οὐχ’(
920 4895 1081 4962 λόγον
1103 4898 1365 4965 στόματος
1388 4899 1605 4966 εἴρηκεν
1634 4898 1662 4947 ὁ
1686 4898 1864 4955 Δασὶδ,
1916 4898 1999 4949 ἵνα
2022 4898 2118 4965 τὴν
2166 4902 2333 4949 ἐκπο-

777 4969 1031 5035 ρευτικὴρξ
1058 4966 1290 5035 ἰδιότητι
1326 4968 1469 5033 μόνῳ
1499 4967 1806 5035 προσοῦσαν
1830 4968 1903 5035 τῷ
1935 4969 2105 5033 "arpi.
2131 4966 2332 5018 πιστώ-

777 5033 955 5105 ὰητᾳι.
993 5033 1219 5088 Verum‘
1252 5052 1437 5105 revera
1476 5033 1594 5089 loco
1640 5037 1743 5089 hoc
1777 5033 2061 5103 legendmn
2096 5052 2215 5089 esse
2256 5036 2332 5105 τῷ

777 5104 1054 5172 Ῑινεύματι
1099 5115 1153 5157 ct
1202 5103 1415 5159 nonnisi
1463 5121 1645 5159 errore
1701 5106 1783 5158 vel
1849 5107 2033 5159 fraude
2095 5103 2333 5172 (sumpto

773 5190 871 5224 ςτνι
901 5190 997 5240 pro
1020 5177 1139 5241 πρε)
1166 5176 1308 5227 illam
1333 5176 1616 5229 lectionem
1644 5176 1917 5228 inductam
1946 5176 2179 5228 ostendit
2199 5192 2331 5230 con-

776 5252 959 5314 textus
991 5254 1100 5297 tum
1133 5245 1249 5298 alia:
1284 5246 1539 5307 rationes,
1587 5261 1721 5312 quas
1767 5246 2051 5311 diligenter
2105 5244 2328 5314 Niceph.

778 5311 1093 5377 Blemmida,
1123 5324 1260 5376 orat,
1284 5316 1337 5378 2,
1366 5330 1412 5367 c.
1454 5316 1554 5377 12;
1582 5311 1802 5376 Bcceus,
1834 5316 1897 5367 de
1932 5331 2073 5380 ιιι-οε.
2110 5311 2333 5381 Spiritus

776 5383 944 5453 {uncti
1002 5393 1056 5437 et
1116 5385 1164 5435 in
1214 5384 1479 5437 Camateri
1534 5386 1707 5437 Anim.
1782 5400 1829 5453 ς.
1886 5385 2023 5447 106ς
2075 5383 2333 5453 Georgius

779 5450 1003 5520 Τηρεῖ.
1039 5454 1103 5506 ad
1132 5453 1285 5505 Joan.
1321 5455 1541 5507 Gttliocl.
1570 5469 1617 5507 c.
1647 5456 1710 5506 19
1743 5452 1827 5517 (G.
1874 5454 1935 5507 0.
1988 5454 2029 5515 1,
2092 5454 2179 5516 55,
2221 5450 2330 5520 ’54,

778 5520 884 5573 245
919 5536 1066 5592 seqq.
1120 5521 1177 5587 ll,
1212 5524 1334 5588 453$,
1366 5526 1507 5585 tati;
1543 5523 1583 5584 l,
1636 5523 1876 5577 510-512
1925 5522 2122 5591 aliique
2169 5538 2334 5592 expo-

776 5602 1024 5662 suerunt.
1059 5592 1194 5646 Cum
1230 5610 1355 5647 vero
1399 5594 1540 5661 apud
1593 5593 1891 5662 Nysscnum
1935 5608 2041 5645 non
2086 5608 2239 5647 secus
2272 5608 2334 5647 ac

777 5662 922 5730 apud
958 5661 1119 5716 liasil.
1152 5680 1199 5716 c.
1239 5659 1468 5717 Eunoni.
1500 5665 1535 5717 Ι.
1571 5659 1659 5717 111.
1697 5659 1919 5729 Πνεῦμα
1951 5662 2041 5714 τοῦ
2072 5665 2335 5730 στόματος

780 5729 927 5785 idcm
955 5732 1106 5786 sitae
1138 5732 1359 5800 Πνεῦμα
1390 5732 1480 5785 τοῦ
1504 5733 1695 5800 Λόγου,
1723 5732 1907 5786 ellicax
1934 5748 1996 5785 ex
2023 5729 2198 5785 verbis
2232 5732 2333 5785 illis

782 5800 1004 5873 l‘salnti,
1036 5814 1193 5875 prout
1224 5820 1253 5860 a
1294 5803 1544 5859 l‘atribus
1596 5803 1989 5874 intelliguntur,
2035 5802 2334 5860 desumitur

2437 4607 2676 4677 σις(’56).
2712 4626 2730 4657 t
2796 4605 2855 4659 lu
2894 4603 3092 4659 divinis
3136 4600 3407 4671 personis,
3447 4616 3465 4649 1
3523 4606 3668 4651 recte
3716 4595 3794 4648 ait
3848 4594 4007 4660 litigo

2433 4768 2617 4811 contra
2645 4757 2939 4809 Pliotianos
2964 4746 3530 4823 argumentum,_quod
3562 4760 3697 4823 sess.
3736 4744 3818 4800 I8.
3842 4757 4006 4823 conc.

2436 4814 3055 4899 Flor-,JcaeI-_T.'|col-.'
3087 4834 3319 4899 ‘_|.“°‘l“.e.
3364 4814 3417 4871 ξιί
3463 4817 3710 4899 ,Ψίέαίυιν
3756 4814 4009 4899 .P'f’,“"i,‘

2435 4895 2620 4963 (ΗΜ-(1.
2662 4896 2751 4953 1Χ.
2786 4895 2934 4960 200).
2975 4885 3165 4963 Simile
3194 4885 3336 4963 quid
3351 4885 3642 4963 contigisse
3670 4885 4005 4963 inrtirfgorii

2435 4952 2761 5037 Nazianzeui
2792 4952 2929 5037 erat.
2963 4963 3053 5037 8i,
3091 4952 3421 5037 (Clematii),
3546 4955 3774 5037 adventui
3799 4952 4007 5037 quqp-

2437 5038 2647 5095 tiorum,
2695 5034 2950 5087 nimirum
3000 5023 3053 5083 in
3090 5023 3266 5082 verbis
3294 5027 3398 5078 illis
3433 5044 3445 5078 :
3483 5024 3667 5095 “ivra.
3698 5024 3798 5073 ὅσα
3830 5024 3858 5073 ὁ
3891 5023 4007 5072 ll:-

2433 5107 2534 5175 τὴρ
2567 5092 2700 5173 ἕχὲι,
2734 5104 2824 5154 τοῦ
2856 5100 2981 5153 1·ξοῦ
3008 5104 3156 5175 ἐστιν
3179 5100 3315 5163 πλὴν
3342 5096 3440 5175 τῇς
3464 5092 3663 5175 nisi“,
3701 5102 3887 5175 atque_
3910 5107 4008 5168 pro

2434 5159 2627 5237 αίέίαξ
2660 5159 2944 5241 legendum
2977 5185 3095 5223 esse
3136 5159 3459 5241 dyevvq‘aiac
3493 5172 3602 5241 tum
3626 5176 3712 5241 ἐκ
3762 5159 4008 5241 melioris

2426 5230 2911 5301 ‘notaavcodi’cibus,
2946 5250 3057 5293 tum
3085 5254 3147 5291 ex
3184 5230 3449 5305 parallelis
3486 5230 4005 5305 €jtl§ticpldilcolltgt

2437 5314 2567 5368 locis
2593 5314 2832 5367 ostendit
2870 5298 3027 5363 Joan.
3051 5298 3273 5380 Becc'us,
3316 5314 3454 5357 orat.
3486 5298 3539 5380 ἓ,
3578 5299 3651 5380 με
3672 5298 3877 5380 injuste
3910 5300 4003 5380 ςε-

2435 5366 2674 5450 posit.c.
2710 5382 2834 5436 181.
2860 5398 2933 5443 tv,
2970 5381 3053 5436 Ad
3082 5366 3354 5431 Constant.
3389 5388 3440 5427 c.
3492 5370 3544 5432 6,
3580 5369 3664 5439 (ϐ.
3702 5370 3764 5423 0.
3800 5366 3867 5431 ll,
3908 5366 4007 5417 63-

2436 5454 2525 5511 65,
2566 5453 2712 5511 215).

2507 5454 2623 5592 (atii
2638 5454 2726 5575 θεῖ.
2758 5521 2984 5592 Βυςριιηι
3012 5517 3084 5592 ait
3101 5514 3312 5592 _Theu_d.
3346 5509 3510 5592 fiugd.
3537 5510 3572 5561 1.
3595 5525 3661 5592 33,
3682 5524 3731 5589 ο.
3758 5508 3787 5559 7
3817 5505 3909 5592 (gn
3930 5504 4004 5592 ρ.

2436 5574 2808 5659 11.’1Ξέί155).
2836 5590 3029 5655 Georg.
3072 5574 3541 5659 MetocltaCout-ra
3584 5579 3799 5659 Maazt'm.
3841 5574 4004 5659 Plan.

2437 5645 2555 5730 (tib.
2572 5662 2637 5724 Il,
2658 5662 2760 5715 9‘29
2772 5645 2950 5727 seqq.)
2970 5645 3041 5711 De
3060 5672 3143 5718 eo,
3158 5654 3298 5730 quod
3316 5652 3604 5730 interdum,
3623 5657 3690 5730 _ut
3712 5646 3855 5730 apud
3874 5645 4003 5730 δίᾳ.

2829 5714 2971 5792 4’8’ϋ’;
3001 5714 3140 5799 orat.
3297 5738 3349 5789 p.
3398 5720 3522 5799 ‘21},
3569 5718 3665 5799 ed.
3703 5714 3832 5799 vel”

2436 5784 2908 5871 εξῆςηππξξίτητος
2958 5784 3175 5869 ponitur
3216 5784 3545 5861 dyiwqaia;
3582 5788 3702 5842 vide
3738 5785 3797 5841 L.
3844 5784 3988 5840 Alia!
