4242 6438
300 412 406 477 469

940 420 1037 482 DE
1077 421 1135 482 S.
1179 424 1368 483 SPIR.
1412 426 1907 490 MYSTAGOGIA.
1942 457 2006 467 --
2039 431 2771 494 ANIMADVERSIONES.

3428 429 3529 491 470

302 523 630 577 Etherianus
683 524 738 589 (l.
776 524 820 589 I,
847 539 896 580 c.
929 527 982 587 8,
1026 542 1080 596 p.
1131 528 1289 597 1204)
1324 570 1339 594 ,
1396 539 1506 584 tres
1558 534 1863 601 proprieta-
1895 542 1939 596 Α
1970 553 1977 588 ι

1857 564 1863 573 -
1895 542 1939 596 Α
1970 552 2079 589 non
2113 538 2262 590 addit
2287 538 2385 607 τὴν
2430 536 2700 604 προϐολὴν
2732 543 2789 588 ιιι
2823 532 2971 588 Patri
3027 533 3315 603 propriam.
3358 535 3410 588 Id
3466 537 3532 588 de

298 627 382 669 tes
420 615 567 687 [226]
603 618 904 671 immobiles
928 629 1091 672 sunt:
1144 620 1463 687 paternitas,
1497 622 1702 683 ﬁliatio,
1738 640 1863 691 pro-

295 708 501 771 cessio;
538 709 837 762 secundum
865 725 1001 776 quas
1039 711 1183 763 solas
1218 721 1327 764 tres
1378 727 1648 780 personas,
1704 712 1865 767 Pater

294 800 412 853 Sril.
446 808 503 853 et
541 799 710 853 Filius
759 810 812 855 et
870 800 1106 869 Spiritus
1162 811 1384 857 sanctus
1432 805 1806 873 insiguiuntur.
1840 823 1857 855 ι

296 886 443 941 Sane
474 904 599 943 eum
631 888 803 943 Grieci
832 889 1050 943 nonnisi
1086 900 1195 944 tres
1228 906 1491 960 personas
1517 892 1569 944 in
1593 891 1860 947 Triuitate

292 989 613 1049 agnoscant,
636 980 800 1033 etiam
832 981 931 1034 tria
959 982 1132 1035 solum
1159 982 1447 1037 admittere
1479 995 1704 1051 possunt
1730 985 1867 1037 idio-

293 1078 439 1123 mata
487 1070 872 1125 constituentia
905 1113 919 1136 ,
961 1088 1082 1141 quas
1139 1082 1332 1127 notant
1396 1083 1507 1128 tres
1567 1075 1863 1129 relationes

293 1162 741 1232 subsistentesab
769 1164 1001 1218 invicem
1034 1164 1251 1218 realiter
1285 1166 1568 1220 distinctas
1600 1167 1863 1235 (Thomas

292 1270 352 1321 q.
404 1254 501 1317 50,
539 1268 590 1307 a.
629 1254 718 1320 2);
759 1255 1120 1322 proprietates
1162 1255 1308 1307 enim
1360 1256 1674 1324 personales
1728 1266 1859 1309 sunt

294 1345 438 1399 idem
475 1360 599 1398 cum
638 1345 883 1413 personis
917 1360 980 1399 ea
1016 1346 1245 1408 ratione,
1278 1362 1383 1415 qua
1418 1347 1750 1401 abstractum
1779 1357 1863 1402 est

294 1437 442 1491 idem
464 1452 586 1490 cum
614 1447 869 1492 concreto
900 1437 998 1507 (ib.
1023 1454 1078 1505 ιι.
1118 1439 1206 1492 40.
1237 1454 1286 1491 a.
1318 1439 1366 1502 I,
1396 1439 1462 1492 ad
1498 1440 1568 1509 ί).
1609 1438 1734 1495 "th
1761 1440 1861 1493 tria

290 1526 734 1581 characteristica
762 1542 1117 1597 personarum
1151 1528 1405 1582 idiomata
1448 1528 1671 1583 immota
1707 1546 1865 1599 pror-

292 1635 388 1672 sus
411 1635 633 1673 manere
674 1636 868 1675 omnes
896 1622 1249 1674 consentiunt
1292 1622 1425 1691 (37).
1460 1622 1587 1676 Post
1623 1623 1739 1677 h:cc
1778 1640 1862 1677 re-

294 1717 590 1763 censentur
616 1709 904 1763 diacriticaa
943 1718 997 1763 et
1040 1726 1149 1764 non
1181 1713 1577 1766 constituentes
1616 1715 1863 1782 proprie-

294 1812 463 1855 tates:
495 1802 884 1856 innascibilitas
908 1843 922 1864 ,
978 1818 1099 1871 qua:
1142 1803 1420 1857 relationis
1466 1813 1551 1858 est
1580 1819 1778 1874 expers
1810 1814 1864 1859 et

1967 628 2220 681 omnibus
2252 627 2452 681 Graecis
2482 625 2731 679 Patribus
2758 625 2865 679 dici
2886 624 3065 687 debet,
3099 626 3189 692 qui
3232 626 3286 677 in
3320 626 3403 678 ina
3432 627 3535 679 du-

1966 719 2089 786 plici
2120 726 2244 769 nota
2278 718 2638 770 immorantur
2667 731 2768 767 nec
2810 730 3044 783 unquam
3068 715 3404 782 spiratricem
3426 718 3534 770 vim

1967 818 2026 861 ut
2059 808 2253 876 ἰδίωμα
2286 808 2643 859 ὑποστατικὸν
2684 806 2857 860 Patris
2903 806 3156 859 ederunt.
3208 805 3310 874 (Cf.
3352 806 3530 860 Petav.

1966 899 2043 952 De
2066 898 2207 952 Trin.
2230 914 2308 962 ιιι,
2336 900 2359 951 I
2392 914 2532 967 seq.;
2559 915 2652 962 vn,
2686 897 2770 962 l0,
2801 913 2855 949 ιι.
2894 896 2957 950 I9
2980 898 3119 966 seq.)
3149 896 3382 951 Vocatur
3412 899 3535 966 qui-

1966 990 2086 1043 dem
2115 991 2273 1043 Pater
2315 992 2591 1059 γεννήτωρ
2641 990 2732 1042 καὶ
2765 988 3064 1059 προϐολεὺς
3116 991 3221 1057 (ex.
3280 1007 3360 1059 gr.
3392 992 3533 1059 apud

1966 1076 2094 1131 Naz.
2143 1088 2280 1132 orat.
2319 1079 2423 1143 35,
2460 1093 2511 1147 p.
2551 1077 2673 1142 562,
2701 1078 2788 1131 ed.
2822 1076 2993 1145 vet.),
3051 1079 3147 1131 sed
3195 1078 3297 1132 hoc
3330 1079 3535 1147 liquido

1966 1172 2269 1226 ostenditur
2307 1186 2452 1235 eum,
2488 1185 2594 1222 non
2638 1180 2906 1237 quatenus
2946 1178 3029 1222 est
3068 1167 3250 1231 Pater,
3290 1170 3535 1238 adeoque

1967 1280 2075 1317 non
2102 1263 2453 1317 constitutiva
2484 1277 2578 1315 sua
2614 1262 2963 1329 proprietate,
2994 1262 3199 1329 spirare
3233 1261 3490 1331 Spiritum
3518 1280 3530 1325 ;

1967 1356 2062 1409 sed
2104 1357 2436 1422 nunquami)
2470 1352 2705 1422 προϐολὴ
2732 1352 2798 1405 iis
2850 1352 3161 1421 adiungitur
3210 1353 3375 1413 notis,
3415 1369 3534 1420 quae

1968 1446 2060 1498 uni
2085 1443 2184 1512 ipsi
2217 1442 2579 1506 conveniunt,
2643 1457 2798 1510 quas,
2834 1452 2894 1492 ut
2940 1440 3167 1493 Basilius
3194 1441 3267 1493 ait
3298 1480 3311 1501 ,
3379 1441 3533 1508 μόνος

1967 1534 2125 1595 αὐτὸς
2157 1533 2298 1601 ἔχεις
2332 1532 2427 1585 sed
2478 1547 2755 1599 nunquam
2812 1529 3023 1582 ratione
3066 1529 3159 1581 τοῦ
3204 1529 3531 1597 προϐόλεως,

1969 1635 2027 1680 ιιι
2080 1642 2108 1678 a
2144 1625 2365 1693 Spiritu,
2400 1625 2477 1677 sic
2510 1642 2537 1676 a
2565 1624 2699 1676 Filio
2739 1623 3030 1675 distinctus
3060 1630 3306 1689 apparet.

2039 1716 2092 1769 6.
2131 1714 2253 1769 Ilaec
2287 1731 2500 1769 rursum
2532 1730 2595 1768 ex
2625 1713 2742 1766 Filii
2772 1713 3097 1781 proprietate
3138 1714 3535 1765 conﬁrmantur

1969 1822 2089 1875 quae
2131 1806 2207 1873 nil
2236 1821 2329 1872 per
2352 1820 2410 1857 se
2445 1804 2627 1866 habet,
2657 1803 2798 1871 quod
2831 1802 3024 1854 Filimn
3056 1802 3121 1853 ab
3161 1803 3335 1855 activa
3360 1802 3534 1871 spira-

292 1893 362 1945 ad
395 1908 561 1945 unum
606 1892 818 1945 Patrem
852 1900 1081 1962 spectat,
1114 1902 1167 1947 et
1202 1894 1440 1963 προϐολὴ
1481 1895 1594 1949 sive
1638 1896 1865 1965 spiratio
1902 1881 1942 1936 Β
1972 1899 2117 1952 tione
2147 1894 2597 1950 exclud.-t.'Scite
2630 1893 2782 1964 Iluga
2816 1893 3141 1947 Etherianus
3167 1894 3225 1962 (l.
3276 1911 3356 1952 lii,
3400 1910 3448 1946 c.
3478 1894 3533 1955 2,

294 1984 470 2037 activa
498 2000 526 2037 a
571 1984 783 2052 passiva
825 1999 921 2038 seu
954 1984 1276 2054 ὲκπορεύσει
1324 1985 1682 2039 secernenda.
1732 1984 1864 2050 Qua).

293 2088 439 2131 nota:
474 2076 763 2132 diacriticze
798 2093 920 2131 cum
969 2078 1143 2132 tribus
1188 2078 1293 2131 illis
1326 2075 1679 2146 hypostaticis
1723 2076 1866 2130 notis

290 2169 537 2236 quinque
576 2169 829 2223 notiones
877 2169 1126 2237 (ἐννοίας,
1166 2169 1543 2239 γνωρίσματα)
1589 2168 1862 2233 etIiciunt,

291 2276 430 2329 quas
456 2259 821 2317 Damascenus
870 2261 969 2329 (De
1004 2262 1106 2331 ﬁde
1139 2263 1276 2315 orth.
1324 2261 1360 2325 l,
1412 2261 1568 2330 9-H)
1596 2260 1705 2329 jam
1735 2260 1866 2315 satis

292 2350 467 2404 novit.
500 2351 750 2420 Triplicis
790 2352 1001 2421 generis
1033 2351 1161 2405 hinc
1190 2359 1551 2405 secernuntur
1577 2349 1863 2420 ἰδιώματαε

294 2442 637 2496 ὑποστατικὰ
678 2443 932 2510 primum,
963 2443 1160 2497 deinde
1192 2443 1440 2511 σχετικὰ,
1482 2442 1642 2495 tertio
1665 2458 1865 2493 συστα-

294 2532 443 2596 τικά,
490 2532 648 2586 Itatio
692 2532 998 2601 objectiva,
1052 2548 1157 2601 qua
1198 2547 1428 2601 persona
1476 2531 1787 2600 designatur
1814 2538 1869 2584 et

294 2625 368 2677 ab
397 2624 498 2677 alia
519 2623 874 2692 dignoscitur,
898 2631 983 2678 est
1011 2625 1158 2676 notio
1183 2638 1277 2677 seu
1299 2622 1491 2691 ἰδίωμα
1517 2620 1862 2686 συστατικόνς

298 2716 436 2768 tales
470 2716 719 2769 notiones
758 2714 919 2785 igitur
945 2722 1073 2768 sunt
1113 2715 1447 2783 paternitas,
1497 2712 1706 2775 filiatio,
1745 2729 1870 2781 pro-

300 2809 497 2870 cessio,
531 2806 923 2860 innaseibilitas
949 2815 1000 2860 et
1027 2807 1201 2861 activa
1240 2805 1485 2874 spiratio.
1517 2805 1644 2858 Diue
1688 2814 1870 2874 poste-

301 2900 472 2953 riores
525 2914 631 2952 non
670 2900 1012 2952 constituunt
1069 2914 1387 2967 personam;
1437 2898 1558 2952 ideo
1609 2897 1868 2951 dicuntur

302 2999 510 3044 tantum
541 2992 794 3045 notiones
835 3006 1209 3060 personarum,
1236 3006 1344 3043 non
1382 3000 1563 3042 autem
1607 3004 1867 3057 persona-

302 3083 419 3147 les;
452 3083 553 3135 hoc
586 3097 715 3135 vero
737 3082 877 3135 inter
906 3097 962 3134 se
995 3081 1275 3141 differunt,
1301 3080 1445 3148 quod
1490 3079 1662 3132 activa
1698 3078 1869 3145 spira-

304 3173 378 3225 tio
412 3173 577 3226 etiam
608 3173 795 3226 relatio
821 3181 901 3226 est
940 3188 1033 3225 seu
1072 3173 1269 3240 ἰδίωμα
1315 3171 1595 3240 σχετικὸν,
1628 3170 1866 3224 innasci-

304 3265 484 3319 bilitas
508 3279 657 3326 vero,
682 3280 801 3332 qua:
833 3264 907 3316 nil
939 3264 1082 3317 aliud
1123 3263 1254 3317 dicit
1286 3305 1300 3327 ,
1356 3263 1457 3316 nisi
1506 3261 1721 3315 Patrem
1758 3278 1867 3315 non

307 3371 427 3409 esse
442 3356 510 3409 ab
535 3356 663 3417 alio,
693 3357 837 3409 nulla
860 3365 942 3409 est
963 3356 1173 3418 relatio,
1199 3355 1430 3423 ideoque
1468 3370 1617 3408 mera
1656 3362 1711 3407 et
1739 3368 1871 3422 pura

306 3449 457 3501 notio
487 3456 731 3502 vocatur.
765 3446 1037 3501 Habemus
1063 3462 1190 3514 ergo
1219 3446 1460 3514 quinque
1508 3446 1778 3505 notiones,
1805 3459 1871 3497 ex

305 3540 503 3608 quibus
535 3547 766 3607 quatuor
795 3548 923 3591 sunt
956 3538 1267 3597 relationes.
1332 3546 1441 3591 tres
1493 3544 1636 3589 notae
1666 3536 1872 3589 consti-

307 3642 541 3683 tuentes.
573 3629 674 3699 (Cf.
708 3629 901 3683 Thom.
937 3645 990 3697 q.
1015 3628 1102 3681 32.
1136 3645 1183 3681 a.
1213 3628 1288 3695 5.)
1332 3628 1407 3681 Ex
1438 3629 1521 3680 his
1572 3628 1682 3695 jam
1722 3633 1870 3696 patet

307 3720 459 3791 (227]
490 3722 717 3773 activam
763 3720 1113 3789 spirationem
1155 3736 1259 3772 non
1302 3733 1421 3773 esse
1470 3718 1868 3787 liypostaticum

311 3808 489 3861 Patris
544 3808 763 3867 idioma,
811 3822 930 3862 esse
982 3823 1107 3862 vero
1156 3808 1496 3871 relationem,
1522 3822 1645 3860 cum
1688 3808 1869 3875 σχέσιν

306 3900 451 3953 ὀίω-ι
473 3899 537 3953 ad
578 3900 865 3968 spiritum;
905 3909 1050 3967 patet
1099 3915 1313 3968 quoque
1385 3914 1501 3952 eam
1549 3899 1751 3951 nullam
1788 3899 1877 3950 ha-

307 3990 437 4043 bere
452 3989 846 4057 oppositionem
871 3990 1144 4042 relativam
1176 3989 1241 4043 ad
1269 3990 1671 4058 paternitatem,
1698 4003 1875 4057 neque

308 4083 374 4135 ad
408 4082 743 4135 ﬁliationem.
804 4080 859 4134 Si
907 4081 1253 4134 constitutiva
1311 4081 1450 4134 foret
1488 4080 1665 4133 Patris
1723 4088 1872 4141 nota,

308 4189 431 4226 cum
462 4173 781 4241 paternitate
812 4172 1253 4233 identiﬁcaretur,
1282 4181 1336 4224 et
1382 4171 1614 4239 Spiritus
1657 4179 1875 4223 sanctus

308 4274 456 4318 esset
481 4263 680 4329 Filius;
707 4264 751 4317 si
793 4278 921 4317 vero
971 4264 1319 4316 constitutiva
1348 4278 1451 4314 non
1485 4272 1568 4315 est
1591 4303 1604 4325 ,
1657 4262 1875 4314 aliunde

314 4354 560 4408 I’hotiani
589 4355 880 4409 ostendant
916 4362 1151 4422 oportet,
1187 4369 1304 4406 eam
1331 4354 1420 4405 uni
1451 4352 1593 4405 Patri
1624 4368 1745 4407 esse
1781 4352 1874 4405 tri-

309 4432 600 4502 buendam.
648 4444 702 4498 Si
727 4446 793 4498 ad
823 4444 1038 4498 Graacos
1064 4445 1315 4498 doctores
1339 4459 1437 4498 nos
1470 4444 1872 4507 convertimus,

1966 2006 2019 2059 p.
2068 1988 2203 2042 1258
2240 1986 2329 2055 G.)
2374 2005 2386 2039 :
2426 2006 2443 2036 ι
2492 1986 2547 2039 Si
2590 1986 2887 2055 paternitas
2924 2001 3033 2037 non
3087 1985 3323 2038 excludit
3357 1985 3533 2053 Spiri-

1969 2090 2081 2134 tum
2113 2096 2140 2132 a
2176 2077 2333 2132 Patre
2377 2078 2586 2131 ratione
2650 2092 2829 2129 causa:
2880 2092 2974 2130 seu
3026 2077 3299 2144 principii,
3362 2092 3538 2145 neque

1968 2170 2301 2227 nascibilitas
2334 2168 2841 2222 excluditcumdem
2888 2165 3145 2235 Spiritum
3199 2183 3226 2218 a
3266 2166 3397 2219 Filio
3454 2182 3539 2219 se-

1968 2264 2207 2319 cundum
2228 2262 2471 2316 eamdem
2498 2260 2781 2314 rationem.
2816 2280 2831 2310 ι
2854 2262 2965 2313 Imo
2984 2260 3108 2313 dum
3138 2260 3320 2313 Patres
3345 2258 3536 2313 Filium

1975 2357 2303 2427 Unigem'tum
2334 2356 2611 2422 Μονογενῆ
2656 2354 2991 2407 nominatum
3026 2353 3079 2405 in
3130 2352 3313 2405 Bibliis
3355 2352 3540 2405 vident

1968 2460 2022 2504 et
2068 2449 2141 2503 ita
2179 2448 2282 2502 hoc
2316 2445 2465 2517 [228]
2497 2461 2695 2500 nomen
2730 2446 3020 2515 explicant,
3052 2457 3110 2499 ut
3142 2446 3255 2513 ipse
3300 2444 3368 2498 sit
3398 2444 3539 2497 solus

1969 2542 2057 2611 qui
2080 2556 2141 2593 ex
2161 2539 2272 2593 solo
2289 2540 2354 2592 sit
2386 2537 2570 2601 Patre,
2611 2538 2769 2606 μόνος
2798 2538 2862 2588 ἐκ
2905 2537 3066 2606 μόνου
3095 2536 3229 2604 ('59),
3252 2534 3538 2588 manifeste

1972 2631 2233 2700 Spiritum
2265 2646 2371 2684 non
2394 2644 2514 2683 esse
2541 2644 2571 2681 a
2622 2628 2737 2682 solo
2778 2627 2935 2681 Patre
2976 2628 3194 2681 tradunt
3229 2642 3291 2680 ac
3340 2626 3537 2678 mirum

1971 2722 2025 2776 in
2052 2720 2271 2775 modum
2296 2708 2501 2773 Latinae
2544 2716 2798 2771 Ecclesize
2854 2714 2976 2770 ﬁdei
3035 2716 3420 2786 suﬂ‘ragantur.
3477 2712 3535 2766 Si

1971 2814 2138 2868 Filius
2163 2822 2247 2867 est
2279 2812 2417 2866 solus
2456 2811 2523 2865 de
2550 2811 2664 2864 solo
2693 2811 2867 2872 Patre,
2903 2824 3033 2878 ergo
3055 2808 3291 2877 Spiritus
3318 2822 3424 2858 non
3454 2812 3540 2858 est

1970 2907 2038 2961 de
2068 2906 2181 2959 solo
2208 2905 2397 2967 Patre;
2425 2918 2586 2973 porro
2620 2903 2721 2955 alia
2759 2916 2990 2971 persona
3024 2916 3133 2953 non
3174 2897 3431 2966 suppetit,
3474 2896 3541 2947 de

1973 3014 2078 3068 qua
2109 2998 2179 3051 sit
2212 2997 2395 3057 simul,
2428 2996 2529 3049 nisi
2578 2994 2767 3047 Filius.
2797 2994 2954 3049 Unde
3005 3002 3150 3045 recte
3205 2990 3534 3043 Itatramnus

1974 3085 2031 3157 (I.
2067 3085 2130 3148 II,
2184 3100 2234 3138 c.
2277 3086 2328 3137 6.
2378 3102 2432 3152 p.
2465 3084 2588 3137 270.
2644 3083 2728 3135 ed.
2766 3081 2955 3143 Mluxe)
2993 3099 3003 3132 :
3046 3099 3063 3129 (
3107 3080 3349 3135 Dicatur,
3394 3076 3539 3143 quod

1978 3175 2143 3229 nostri
2173 3175 2353 3228 dixere
2384 3174 2616 3242 majores
2650 3190 2661 3224 :
2696 3171 2865 3224 Filius
2895 3186 2959 3224 ex
2992 3170 3151 3223 Patre
3194 3177 3374 3229 natus,
3402 3167 3542 3218 solus

1976 3268 2037 3319 de
2063 3267 2193 3331 solo,
2259 3280 2322 3320 ac
2378 3281 2472 3333 per
2538 3266 2638 3317 hoc
2698 3262 3040 3333 Unigenitus,
3106 3261 3346 3330 Spiritus
3413 3273 3543 3310 vero

1974 3366 2192 3411 sanctus
2219 3358 2286 3411 de
2354 3357 2512 3410 Patre
2568 3355 2784 3424 quidem
2822 3354 3141 3423 procedens,
3195 3351 3289 3405 sed
3336 3367 3436 3403 non
3481 3352 3544 3402 de

1972 3450 2082 3504 solo
2120 3449 2281 3514 solus,
2328 3448 2585 3517 quoniam
2626 3446 2871 3516 procedit
2903 3454 2958 3499 et
3010 3460 3037 3496 a
3075 3443 3230 3508 Filio,
3287 3458 3355 3495 ne
3408 3442 3539 3493 duos

1972 3540 2108 3609 ﬁlios
2146 3540 2427 3593 videamur
2470 3537 2786 3607 priedicare,
2844 3535 3251 3603 processionem
3300 3532 3538 3601 Spiritus

1974 3632 2018 3683 si
2054 3631 2118 3684 de
2179 3630 2336 3684 Patre
2395 3628 2736 3683 solummodo
2786 3626 3163 3680 conﬁteantur.
3216 3643 3233 3674 ι
3291 3623 3432 3676 Sane
3497 3624 3539 3675 si

1976 3719 2110 3774 Filio
2134 3728 2217 3774 est
2240 3720 2534 3789 praprium,
2574 3729 2632 3772 ut
2663 3720 2730 3772 sit
2773 3719 2839 3771 de
2889 3716 3047 3770 Patre
3078 3717 3212 3779 solo,
3244 3716 3351 3783 jam
3416 3730 3542 3783 pro-

1974 3809 2149 3879 prium
2182 3809 2299 3862 Filii
2333 3809 2526 3877 migrat
2571 3809 2625 3861 in
2681 3808 2961 3876 Spiritum,
3018 3807 3059 3858 si
3097 3806 3164 3859 sit
3205 3815 3259 3857 et
3307 3806 3423 3872 ipse
3479 3804 3544 3856 de

1977 3900 2089 3954 solo
2122 3899 2297 3963 Patre,
2362 3900 2577 3968 duoque
2640 3899 2892 3953 dicentur
2947 3896 3088 3950 Filii.
3124 3915 3143 3947 ι
3196 3896 3260 3949 Et
3325 3911 3538 3947 rursum

1980 3992 2035 4059 (I.
2093 4007 2171 4053 ιιι,
2224 4006 2271 4043 (³.
2324 3990 2375 4043 5.
2412 4007 2462 4059 p.
2518 3990 2644 4058 205)
2679 4006 2744 4042 ex
2792 3988 3076 4057 Fulgentio
3116 3988 3255 4040 idem
3306 3995 3539 4038 auctor:

1985 4101 2003 4133 ι
2040 4081 2339 4136 Commune
2388 4081 2605 4149 quidem
2660 4080 2802 4133 inest
2866 4081 3039 4132 tribus
3094 4078 3340 4147 personis
3379 4078 3540 4129 unius

1977 4182 2182 4226 natura:
2206 4171 2756 4234 consubstantialitas,
2800 4170 3075 4237 proprium
3110 4184 3238 4222 vero
3289 4168 3537 4236 singulis,

1977 4260 2120 4327 quod
2171 4261 2324 4313 Pater
2362 4261 2507 4313 solus
2557 4260 2763 4329 genuit,
2833 4258 2999 4311 Filius
3061 4258 3207 4310 solus
3260 4264 3419 4307 natus
3477 4258 3541 4309 de

1980 4353 2133 4406 Patre
2158 4351 2289 4415 solo,
2333 4350 2567 4418 Spiritus
2603 4359 2820 4404 sanctus
2846 4351 2988 4418 quod
3015 4350 3079 4403 de
3106 4349 3261 4403 Patre
3290 4350 3537 4418 Filioque

1980 4443 2286 4514 procedit...
2317 4440 2469 4506 Quod
2496 4441 2873 4512 (postremum)
2894 4443 2935 4495 si
2961 4457 3157 4511 negare
3183 4443 3540 4500 contendunt.

310 4538 347 4591 ii
387 4537 513 4589 dum
565 4536 738 4589 Patris
799 4534 1101 4603 peculiares
1134 4536 1475 4588 characteres
1531 4534 1871 4595 describunt,
1900 4536 2180 4594 Ddicant,
2214 4534 2342 4602 quid
2399 4533 2446 4586 ei
2509 4532 2647 4601 (Sp.)
2708 4534 2776 4586 sit
2817 4535 3113 4601 proprium,
3174 4533 3303 4585 Nam
3339 4550 3541 4600 ρκεεε-

310 4628 527 4683 nonnisi
558 4628 625 4681 de
656 4626 976 4695 paternitate
1015 4635 1069 4679 et
1095 4626 1161 4679 de
1192 4625 1608 4678 innascibilitate
1638 4625 1873 4693 loquun-

311 4730 422 4774 tur.
449 4720 525 4773 Ita
550 4717 775 4772 Basilius
804 4718 900 4772 has
931 4718 1065 4770 duas
1089 4717 1263 4771 solum
1300 4726 1457 4770 notas
1484 4718 1707 4772 adducit
1735 4716 1870 4787 (58).

316 4909 517 4964 Vindic.
545 4927 658 4978 syn.
693 4909 878 4975 Eplics.
914 4924 963 4962 c.
994 4908 1079 4969 66,
1110 4924 1163 4977 p.
1193 4907 1294 4961 460
1325 4923 1439 4975 seq.
1472 4908 1746 4961 Interdtnn
1780 4910 1880 4964 alia

313 4980 578 5033 voeabula
626 4981 767 5033 idem
820 4980 1176 5047 exprimentia
1227 4978 1577 5037 adhibentur,
1636 4987 1693 5030 ut
1738 4982 1881 5046 apud

316 5050 477 5104 liasil.
512 5065 598 5117 ep.
626 5050 750 5112 236,
785 5066 838 5101 ιι.
878 5053 909 5101 ti
940 5069 953 5102 ;
991 5049 1287 5117 Πατρὸτης,
1322 5048 1843 5117 υζότηςνὰγιασμός.

389 5120 497 5183 (57)
524 5114 597 5172 De
628 5120 711 5172 his
740 5121 884 5171 valet
910 5118 1049 5184 quod
1077 5114 1151 5171 ait
1189 5116 1315 5169 Naz.
1345 5114 1497 5169 Orat.
1529 5116 1581 5167 in
1615 5115 1879 5184 Epiphan.

314 5190 389 5241 Τὸ
405 5187 558 5254 ᾃῖδιον
581 5189 812 5241 ἑκάστου
841 5187 1202 5254 ἀκοινὼτητόν
1235 5188 1381 5236 ἐστιν
1404 5203 1415 5213 ·
1450 5186 1621 5246 ἄλλως
1647 5190 1752 5253 γὰρ
1784 5188 1882 5239 οὐκ

316 5252 468 5325 ἆνῆν
499 5258 713 5324 ἰδίωμα,
743 5261 789 5309 εἰ
817 5252 1112 5325 μετέπιπτὲ
1138 5256 1232 5325 και
1259 5255 1585 5325 μετεξέρετγο
1612 5252 1746 5323 πρὸς
1768 5256 1883 5307 ἔτε-

354 5323 434 5387 ονζ
474 5323 630 5396 quod
668 5323 888 5380 uberius
943 5326 1163 5395 exponit
1206 5324 1359 5378 Joan.
1394 5323 1585 5377 Theol.
1632 5340 1767 5378 scss.
1820 5326 1882 5379 l8

365 5396 681 5467 Ιυι·.(1ιιιι“(1.
714 5396 803 5467 IX.
831 5396 978 5461 20I).

392 5462 514 5533 (38)
542 5466 701 5519 Basil.
738 5466 841 5533 Ep.
886 5467 947 5534 de
990 5465 1100 5534 diﬂ'.
1146 5481 1224 5516 us.
1258 5472 1305 5515 ει
1333 5464 1535 5531 hypost.
1570 5462 1677 5534 ὅδε
1727 5464 1785 5515 ’0
1827 5463 1883 5514 δὲ

319 5537 413 5590 ἐπὶ
438 5538 656 5587 πάντων
686 5536 815 5593 Θεὸς
847 5533 1122 5602 ὲξιίρεᾷτόν
1156 5551 1208 5585 τι
1243 5534 1529 5601 γνώρισμα
1565 5533 1662 5599 τῆς
1691 5534 1882 5584 ἑαυτοῦ

319 5606 671 5668 ὑποστάσεως
692 5607 752 5657 τὸ
782 5599 1135 5673 Πατὴρέἷναιγ
1161 5599 1262 5655 και
1286 5599 1367 5673 ἐκ
1402 5599 1677 5671 μηδημιᾶς
1706 5604 1883 5673 αἰτίας

321 5674 621 5741 ὑποστῆναι
663 5676 818 5742 μόνος
867 5669 978 5741 ἔχέι
1008 5674 1097 5725 καὶ
1122 5672 1207 5723 διὰ
1234 5669 1425 5742 τούτου
1466 5669 1625 5723 πάλιν
1660 5671 1753 5723 τοῦ
1787 5688 1883 5740 ση-

326 5747 478 5814 μείου
520 5740 610 5794 καὶ
638 5740 797 5806 αὐτὸς
835 5740 1121 5804 ἰδιαζόντος
1164 5740 1601 5814 ὲπ-ιγινώσκεῖαι.

395 5816 503 5881 (.39)
570 5814 620 5867 Id
675 5815 782 5883 jam
840 5814 1029 5883 legitur
1086 5814 1135 5864 in
1204 5811 1446 5879 Gregorii
1497 5808 1881 5880 'l'ltaumaturgi

1981 4626 2058 4677 sio
2082 4624 2190 4693 (40)
2215 4625 2281 4677 de
2316 4622 2471 4677 Patre
2500 4624 2804 4677 communis
2855 4632 2939 4676 est
2969 4624 3131 4676 ctiam
3184 4621 3318 4675 Filio
3348 4640 3359 4687 ;
3411 4639 3539 4691 quo-

1983 4719 2126 4773 niam
2181 4733 2341 4771 omne
2376 4717 2519 4786 quod
2569 4717 2827 4778 nascitur,
2888 4715 3376 4785 preceditetiam;
3413 4730 3539 4783 ergo

1982 4916 2228 4971 Confess.
2269 4915 2407 4982 apud
2436 4914 2592 4981 Greg.
2628 4912 2851 4982 Nyssen.
2901 4911 3037 4982 ΟΜ».
3083 4910 3295 4982 lll,.'-.iii
3346 4912 3435 4982 (ei.
3480 4912 3536 4966 Γ,

1984 4987 2249 5053 I’assaglia
2279 4980 2579 5038 Comment.
2619 4982 2786 5035 theol.
2820 4981 2894 5033 De
2930 4980 3120 5053 Trinit.
3156 4981 3337 5053 Itonia:
3364 4981 3531 5053 lsiil,

1984 5066 2133 5125 parte
2150 5049 2226 5115 "Il,
2248 5071 2317 5125 Ap.
2348 5053 2408 5107 51
2443 5053 2552 5125 5.)).
2582 5066 2804 5125 rursum
2826 5066 2913 5119 ap.
2960 5050 3193 5125 ᾗιςεδςιι.
3246 5049 3312 5125 ad
3346 5051 3537 5125 Ablab.

1985 5118 2037 5192 il.
2069 5126 2191 5179 459.
2229 5118 2419 5177 Contra
2472 5121 2697 5173 Eunoni.
2797 5136 2833 5180 ι,
2862 5118 3079 5192 ίρηῖδλ
3102 5118 3369 5192 Epiphan.
3404 5119 3532 5192 luer.

1982 5189 2073 5253 75,
2096 5211 2147 5262 p.
2186 5194 2306 5246 382.
2337 5192 2513 5244 Basilii
2537 5193 2697 5262 verba
2732 5191 2782 5262 in
2800 5204 2885 5262 ep.
2905 5189 2997 5262 cit.
3028 5189 3200 5262 Nive;
3232 5189 3536 5262 μονογενὼς

1984 5267 2047 5316 ὲκ
2080 5257 2172 5315 *έοῦ
2208 5265 2499 5329 ἁγεννήτου
2532 5259 2704 5329 φωτὸς
2736 5258 3025 5329 ἐκλάμψας
3045 5257 3272 5329 adducit
3323 5272 3538 5323 quoque

1983 5334 2208 5400 Niceph.
2258 5325 2565 5382 'Blemmida
2619 5328 2699 5394 (G.
2756 5325 2919 5400 0.21,
2969 5327 3080 5400 ll).
3139 5325 3537 5400 t2i.»__pr.i_~terea

1983 5395 2175 5468 Georg.
2218 5402 2444 5453 Metoch.
2484 5399 2928 5468 Contra_Maxim.
2960 5396 3186 5468 Planud.
3217 5395 3539 5468 (ιιι.113052

1983 5488 2098 5539 seq.
2131 5465 2261 5523 I037
2293 5471 2434 5538 seq.)
2474 5470 2631 5539 Greg.
2672 5465 2815 5539 Patr.
2844 5468 2937 5530 (ib.
2979 5467 3017 5517 I.
3060 5466 3181 5539 425,
3220 5466 3341 5539 426,
3372 5466 3519 5531 465.)

2056 5535 2164 5608 (Ml)
2222 5535 2424 5592 Notum
2466 5550 2543 5608 est
2584 5537 2872 5608 dupliciter
2931 5535 3290 5608 processimus
3342 5550 3538 5608 nomen

1985 5603 2251 5664 adhiberi.
2280 5609 2363 5661 tif.
2395 5610 2451 5664 S.
2486 5603 2680 5659 Tlioml
2713 5621 2765 5673 p.
2803 5607 2851 5669 i,
2881 5621 2933 5673 q.
2968 5605 3151 5673 '56,).
3187 5603 3239 5663 2,
3262 5618 3424 5673 (corp.
3489 5606 3537 5655 in

1987 5684 2089 5734 iinc
2130 5690 2183 5732 et
2210 5680 2364 5732 Joan.
2395 5678 2581 5732 Theol.
2617 5671 2750 5731 sess.
2787 5674 2844 5727 l8
2876 5671 3027 5729 conc.
3063 5671 3206 5725 Flor.
3234 5671 3418 5741 (llard.
3448 5673 3539 5735 IX,

1986 5768 2037 5819 ιι.
2076 5750 2187 5815 19:2,
2229 5750 2364 5816 l93.)
