4242 6438
766 431 864 496 471

1885 431 2139 492 ΡΙΙΟΤΙΙ
2192 427 2687 489 PATRIARCII/E
2723 426 2831 487 (ΣΡ.

3893 419 3997 480 47⁵2

768 540 1060 596 fecundum
1108 539 1343 593 doctoris
1394 539 1554 608 hujus
1593 537 1790 609 (Fulg.)
1837 541 2160 595 sententiam
2195 556 2319 608 pro-
2351 543 2395 598 Α
2425 546 2772 607 generantem
2807 535 3019 590 Patrem
3083 533 3375 602 appellant,
3430 548 3555 588 ecce
3600 546 3652 587 et
3695 534 3784 586 De‘
3834 533 3993 589 fartus

767 635 941 700 prium
973 641 1055 684 est
1090 630 1324 698 Spiritus
1371 631 1541 684 sancti
1587 631 1730 698 quod
1763 632 1828 684 de
1883 631 2040 684 Patre
2083 630 2325 697 Filioque

770 721 916 792 [229']
948 721 1207 788 procedit,
1244 721 1384 787 quod
1428 736 1528 774 nec
1562 720 1702 773 Patri
1764 737 1862 774 nec
1920 721 2054 773 Filio
2080 722 2326 774 cernitur

769 827 1073 865 commune.
1127 831 1144 860 ι
1185 809 1415 864 Tantum
1460 828 1587 882 ergo
1637 813 1808 872 abest,
1867 822 1925 865 ιιι
1981 813 2328 881 Ιι)’ροδι;ιιὶο;ε

770 905 941 956 Patris
967 915 1019 956 et
1047 903 1163 956 Filii
1197 914 1332 955 notae
1355 904 1546 956 Filium
1589 921 1618 956 a
1655 905 1951 973 spiratione
2009 905 2178 958 activa
2234 921 2327 957 ex-

771 998 1008 1060 cludant,
1055 1006 1112 1049 ut
1160 998 1205 1049 ei
1249 999 1490 1050 eamdem
1548 998 1724 1050 inesse
1771 1000 2079 1052 ostendant.
2143 998 2328 1064 Neque

771 1102 899 1138 vero
931 1086 1200 1152 processio
1234 1102 1328 1154 per
1350 1103 1406 1139 se
1431 1096 1594 1147 vetat,
1623 1103 1692 1140 ne
1736 1099 1790 1140 ct
1822 1103 1886 1139 ex
1932 1086 2066 1140 Filio
2112 1087 2328 1139 dicatur

775 1176 1045 1242 Spiritu»;
1074 1176 1180 1229 imo
1212 1176 1294 1227 vix
1343 1175 1446 1228 ulla
1487 1178 1660 1244 aptior
1716 1193 1800 1229 res
1838 1192 1958 1228 esse
2006 1176 2218 1229 videtur
2259 1177 2326 1229 ad

775 1267 1147 1320 declarandam
1196 1268 1551 1321 dilierentiam
1618 1269 1754 1320 inter
1823 1269 2223 1337 generationem
2275 1277 2331 1320 et

777 1359 1188 1422 processionem.
1224 1374 1384 1426 quam
1416 1359 1556 1426 quod
1617 1359 1701 1410 illa
1768 1358 1860 1411 ﬁat
1902 1375 1931 1412 e
1991 1360 2104 1412 solo
2152 1357 2327 1422 Patre,

775 1446 887 1496 lucc
919 1461 1043 1497 vero
1081 1462 1109 1499 e
1146 1445 1300 1499 Patre
1331 1464 1432 1499 una
1462 1463 1583 1500 cum
1631 1446 1798 1511 Filio;
1842 1448 2047 1508 Patres.
2086 1449 2209 1501 licet
2263 1448 2330 1500 de

775 1540 1126 1592 custodienda
1210 1542 1520 1594 monarchia
1581 1543 1811 1593 maxime
1869 1539 2085 1593 solliciti
2130 1539 2330 1605 primas

777 1640 954 1697 partes
1007 1631 1243 1683 tribuant
1271 1646 1514 1698 persona:
1568 1632 1760 1692 Patris,
1813 1639 1991 1682 tamen
2065 1626 2327 1695 Spiritum

776 1729 1016 1771 sanctum
1057 1720 1355 1772 immediate
1408 1720 1658 1788 congungi
1712 1719 1848 1772 Filio
1898 1719 2192 1787 sepissime
2236 1719 2330 1769 do-

775 1817 917 1860 cent.
950 1807 1082 1859 llinc
1109 1809 1150 1859 si
1183 1807 1338 1860 Pater
1370 1809 1525 1875 μόνος
1561 1810 1730 1869 αἴτιος
1749 1809 1967 1868 dieitur,-
1999 1809 2108 1860 sola
2131 1821 2325 1870 'causa,

2429 629 2685 698 (genitus)
2715 638 2797 681 est
2829 625 3082 695 Spiritus,
3117 633 3171 678 et
3202 639 3435 693 quanam
3488 625 3697 679 ratione
3739 626 3996 693 ιιηέε--ιιί-

2431 730 2517 773 ttts
2549 720 2716 772 Filius
2746 720 2850 772 erit
2890 719 3021 787 (53}.
3063 736 3081 766 ι

2500 810 2551 860 7.
2588 806 2854 860 Cteterum
2895 807 3021 858 dum
3058 803 3283 861 Photius
3326 804 3429 858 hoc
3478 805 3699 858 eﬂatum
3733 823 3744 857 :
3778 804 3997 862 Sui-‘are

2429 898 2868 966 esthypostatica
2914 896 3089 950 Patris
3117 897 3442 965 proprietas.
3497 905 3750 964 tanquam
3796 897 3998 965 princi-

2432 989 2579 1058 pium
2613 987 3090 1041 demonstrationis
3139 988 3388 1049 assuntit,
3417 989 3700 1054 petitionis
3753 990 3998 1055 principii

2434 1095 2558 1133 reus
2592 1079 2839 1142 eﬂicitur,
2871 1096 2994 1133 cum
3036 1080 3177 1131 idem
3205 1079 3364 1147 plane
3393 1080 3461 1132 sit
3484 1078 3610 1131 illud
3639 1081 3997 1146 proiiuutiare

2431 1180 2485 1222 et
2515 1172 2919 1238 processiouem
2966 1170 3198 1238 Spiritus
3236 1186 3300 1222 ex
3348 1171 3462 1222 solo
3498 1169 3654 1223 Patre
3704 1170 3994 1224 aﬂirtnare.

2435 1258 2754 1314 Subtiliores
2807 1261 2907 1314 hac
2953 1260 3019 1313 de
3059 1275 3117 1313 re
3178 1261 3454 1328 agitantur
3520 1263 3660 1330 apud
3719 1263 3999 1331 theologos

2431 1351 2779 1419 quzestiones.
2822 1366 2942 1419 qua:
2977 1351 3028 1404 in
3061 1351 3347 1418 przesentia
3382 1351 3447 1404 ad
3475 1367 3587 1405 rem
3621 1361 3859 1405 nostram
3892 1368 4010 1405 non

2433 1449 2695 1508 spectant.
2740 1438 2810 1492 Ea
2847 1449 3023 1493 tamen
3067 1441 3152 1494 hic
3194 1456 3498 1509 proponere
3548 1441 3721 1510 juvat,
3771 1458 3891 1510 qua:
3930 1441 3995 1492 ad

2431 1531 2806 1599 quaestionem,
2843 1530 2993 1602 [9.3!]
3024 1533 3347 1600 quibusnam
3399 1533 3822 1601 proprietatibus
3863 1547 3995 1585 cou-

2432 1625 2726 1676 stituautur
2747 1623 2943 1675 divinae
2974 1637 3240 1690 personze,
3267 1621 3332 1676 ll.
3353 1623 3536 1676 Kilber
3561 1623 3754 1693 (Tract.
3781 1624 3845 1674 de
3880 1622 3985 1674 Deo

2432 1714 2574 1765 trino
2617 1713 2670 1764 in
2719 1712 2908 1766 Theol.
2984 1712 3225 1766 Wirceb.
3275 1712 3423 1781 Disp.
3469 1712 3538 1774 6,
3577 1729 3625 1768 c.
3690 1715 3740 1776 1,
3792 1724 3892 1766 art.
3941 1713 3992 1775 5,

2433 1820 2489 1856 ιι.
2523 1804 2618 1858 581
2656 1806 2794 1875 seq.)
2820 1805 2988 1859 fusius
3005 1805 3244 1873 disputat
3283 1820 3452 1872 eaque
3472 1819 3568 1873 per
3588 1821 3796 1858 summa
3819 1805 3994 1873 capita

777 1896 990 1948 nonnisi
1053 1907 1107 1949 ut
1158 1913 1408 1964 suprema
1463 1913 1645 1960 causa,
1703 1898 1915 1951 fontalis
1943 1907 1998 1950 et
2034 1898 2330 1966 originalis,
2365 1895 2404 1948 Β
2437 1911 2739 1950 recensere.
2807 1899 3044 1952 Persona
3105 1905 3349 1959 constat,
3404 1905 3462 1949 ut
3507 1895 3745 1950 Joannes
3802 1890 3991 1949 Theol.

775 1997 834 2038 ut
873 1987 1092 2054 ἀρχικζν
1127 1989 1318 2050 αἴτιον,
1371 1999 1427 2041 ιιι
1470 1989 1613 2040 αἰτία
1665 1989 2111 2058 προκαταρκτικὴ
2150 1989 2331 2040 consi-

776 2077 1011 2134 deratur.
1037 2086 1095 2127 ut
1135 2077 1333 2130 Hect-us
1367 2093 1428 2130 ex
1472 2078 1803 2130 Dainasceno
1834 2086 1982 2130 notat
2014 2078 2172 2144 (orat.
2198 2076 2232 2128 2
2261 2076 2334 2128 De

775 2162 970 2228 injusta
1002 2165 1173 2230 dopos.
1231 2180 1278 2218 c.
1313 2164 1414 2226 '20;
1471 2164 1532 2217 ϐ.
1592 2165 1656 2218 0.
1687 2164 1750 2225 ll,
1802 2165 1889 2233 68)
1946 2174 2105 2233 atque
2157 2166 2333 2234 quoad

778 2253 988 2305 Maximi
1041 2255 1201 2307 verba
1261 2256 1369 2323 (ep.
1439 2258 1505 2308 ad
1558 2256 1844 2321 Marinum)
1886 2257 2171 2310 Bessarion
2220 2257 2330 2324 (41)

775 2359 986 2396 rursum
1041 2345 1290 2399 inculcat.
1354 2348 1624 2406 Praeclare.
1649 2349 1788 2400 idem
1825 2348 2017 2401 Bercus
2053 2348 2151 2416 (De
2200 2364 2328 2400 una.

775 2436 917 2488 Eat.
947 2453 992 2489 c.
1018 2437 1101 2491 50.
1137 2438 1198 2493 C.
1238 2439 1299 2490 0.
1337 2439 1375 2493 Ι.
1413 2441 1532 2508 185)
1572 2440 1804 2494 Phurnte
1834 2440 2108 2508 objicienti
2150 2458 2162 2492 :
2219 2459 2236 2489 ι
2275 2439 2331 2491 Si

779 2527 1011 2596 Spiritus
1045 2540 1262 2582 sanctus
1293 2546 1356 2583 ex
1389 2531 1546 2586 Patre
1569 2542 1621 2584 et
1647 2548 1710 2585 ex
1735 2531 1871 2585 Filio
1908 2532 2171 2600 procedit,
2208 2547 2333 2600 pro-

777 2621 977 2686 pt‘ictas
1008 2620 1181 2673 Patris
1204 2623 1403 2674 dimota
1429 2630 1509 2676 est
1543 2641 1561 2672 ι
1589 2624 1658 2676 ita
1689 2624 1924 2676 occurrit
1961 2640 1974 2674 :
2019 2641 2036 2672 ι
2074 2622 2332 2676 Assereu-

778 2709 1040 2774 tcs(ltali)
1077 2708 1336 2777 Spiritum
1388 2726 1509 2763 esse
1565 2719 1619 2763 et
1673 2726 1738 2763 ex
1780 2708 1934 2775 Filio,
1967 2709 2008 2762 si
2058 2708 2221 2762 veluti
2273 2724 2336 2760 ea:

774 2797 988 2862 proprio
1018 2795 1210 2864 absque
1240 2797 1400 2848 Patre
1429 2799 1566 2866 fonte
1621 2798 1864 2850 dicerent
1885 2812 2007 2850 eum
2038 2811 2180 2859 esse,
2218 2805 2329 2848 tmn

779 2897 1015 2954 patcrtne
1053 2886 1396 2954 proprietatis
1453 2886 1802 2939 dimotionem
1883 2885 2169 2948 inferrent,
2224 2888 2336 2938 sine

775 2977 1031 3044 principio
1077 2976 1279 3029 fontem
1329 2977 1562 3045 Spiritus
1613 2988 1668 3030 et
1698 2977 1888 3030 Filium
1927 2987 1986 3030 ut
2041 2988 2095 3031 ct
2125 2977 2333 3031 Patrem

778 3072 1132 3123 decernentes
1153 3070 1286 3137 (42).
1324 3071 1367 3122 si
1392 3085 1517 3123 vero
1540 3085 1662 3123 cum
1695 3072 1882 3123 dicunt
1907 3087 1970 3123 ex
1996 3070 2134 3123 Filio
2159 3071 2334 3139 Spiri-

779 3171 893 3212 tum
939 3175 1078 3222 esse,
1142 3175 1394 3226 magnum
1447 3162 1702 3212 Basilium
1744 3161 2028 3229 proferunt
2064 3161 2336 3213 aﬂirman-

780 3261 886 3304 tem
914 3265 929 3302 :
959 3269 975 3302 ι
1014 3251 1164 3314 Quod
1192 3267 1220 3304 a
1253 3251 1386 3305 Filio
1425 3252 1621 3305 dicitur
1651 3267 1790 3314 esse,
1836 3253 1903 3306 ad
1945 3252 2172 3321 pritnam
2208 3269 2336 3307 catt-

773 3358 891 3394 sam
921 3343 1234 3396 relationem
1269 3342 1450 3403 habet,
1491 3342 1691 3396 nullam
1746 3344 2116 3412 suspicionem
2170 3345 2339 3397 dimo-

782 3435 946 3487 tionis
979 3443 1214 3502 paterna:
1253 3434 1596 3502 proprietatis
1647 3435 1975 3503 relinquunt.
2018 3452 2036 3485 ›
2072 3435 2338 3489 Audiatur

783 3521 995 3572 dentom
1020 3518 1166 3589 [250]
1192 3527 1246 3571 et
1271 3519 1604 3585 Nicephorus
1627 3519 1944 3584 Blemmida,
1966 3523 2059 3590 qui
2083 3528 2245 3588 (orat.
2278 3525 2328 3587 1,

782 3629 834 3663 c.
860 3611 944 3674 18;
970 3610 1030 3663 ϐ.
1057 3608 1117 3664 0.
1154 3609 1190 3670 Ι.
1219 3610 1306 3673 25,
1326 3611 1414 3679 2i)
1440 3612 1511 3663 ita
1549 3613 1799 3666 disserit:
1829 3633 1845 3662 ι
1876 3615 2088 3667 Etenim
2114 3615 2156 3667 si
2183 3615 2338 3668 Pater

781 3711 1001 3769 ganerat
1034 3702 1248 3763 Filium,
1278 3718 1306 3754 a
1332 3703 1478 3755 nullo
1503 3703 1552 3755 id
1580 3704 1870 3772 accipiens,
1901 3714 1954 3759 et
1982 3705 2146 3759 Filius
2177 3707 2338 3760 habet

784 3792 1069 3859 Spiritum,
1121 3808 1242 3844 cum
1276 3809 1304 3844 a
1343 3791 1496 3845 Patre
1528 3795 1842 3847 naturaliter
1892 3796 2189 3864 accipiens.
2230 3813 2337 3849 non

781 3888 1047 3952 genitum.
1088 3884 1180 3936 sed
1215 3900 1307 3951 per
1344 3885 1595 3937 eumdem
1649 3886 2024 3954 procedentem
2057 3903 2120 3941 ex
2156 3887 2334 3952 Patre,

782 3990 1005 4043 prorsus
1035 3991 1138 4027 non
1173 3975 1428 4042 intelligo.
1454 3991 1742 4043 quamnam
1786 3987 2063 4045 paternam
2094 3982 2338 4047 proprie-

782 4075 946 4119 tatem
1007 4068 1314 4120 habiturum
1355 4077 1641 4120 autumant
1691 4067 1911 4122 Filium.
1957 4071 2021 4124 Et
2066 4073 2338 4139 quomodo

780 4158 1205 4224 Dei-genitorem
1254 4158 1464 4211 Patrem
1515 4159 1829 4228 indigitant?
1889 4162 1944 4214 Si
1990 4164 2132 4229 quod
2171 4163 2337 4215 Deum

781 4259 1003 4311 generat
1038 4246 1249 4310 Filium,
1304 4266 1430 4303 vere
1471 4252 1571 4304 hoc
1603 4261 1688 4304 est
1722 4263 1957 4319 paterna:
1990 4256 2339 4323 hypostaseos

780 4340 1132 4409 praecipuum.
1163 4342 1231 4394 At
1255 4342 1416 4395 Filius
1450 4358 1557 4395 non
1592 4344 2060 4414 Deum-generans
2089 4355 2188 4404 est.
2217 4362 2336 4399 cum

782 4430 971 4483 Filium
1008 4447 1112 4483 non
1147 4442 1387 4501 generet.
1416 4433 1471 4485 Si
1505 4450 1632 4486 vero
1660 4449 1919 4502 generare
1943 4445 1995 4489 et
2019 4438 2335 4504 producere,

2435 2004 2572 2043 sess.
2621 1989 2685 2043 19
2735 1989 2876 2043 Flor.
2929 1988 3135 2059 arguit,
3181 2003 3245 2042 ex
3291 1987 3530 2042 essentia
3566 1997 3618 2041 et
3671 1990 3996 2058 proprietate

2434 2080 2517 2151 (τὸ
2568 2082 2854 2149 πρόσωπον
2904 2081 3010 2132 ἀπὸ
3063 2081 3162 2148 τῆς
3207 2080 3402 2132 οὐσίαν
3443 2081 3536 2131 καὶ
3577 2078 3669 2131 τοῦ
3715 2080 3996 2147 ἰδιώματος

2434 2176 2764 2243 ὑφίσταται).
2803 2174 3076 2238 Quaeritur
3108 2187 3258 2243 ergo,
3296 2186 3543 2240 quamam
3574 2168 3658 2223 ha:
3696 2170 3996 2240 proprieta-

2437 2277 2515 2321 tes
2571 2267 2715 2329 siut,
2769 2280 2890 2334 quae
2939 2279 3059 2316 cum
3109 2273 3302 2316 natura
3354 2263 3494 2315 hanc
3555 2261 3993 2315 constitutionem

2434 2357 2751 2428 perﬁciunt;
2785 2357 2946 2425 idque
2969 2355 3166 2424 duplici
3193 2354 3531 2424 potissimum
3560 2367 3724 2406 sensu
3755 2371 3766 2406 :
3801 2352 3994 2421 primo:

2433 2465 2564 2503 num
2593 2451 2704 2503 sint
2726 2448 2928 2517 aliquid
2951 2447 3267 2510 absolutum,
3291 2461 3357 2500 an
3388 2461 3518 2500 vero
3542 2446 3672 2514 quid
3699 2447 3995 2511 relativum,

2434 2550 2487 2594 et
2517 2541 2605 2595 hic
2629 2555 2819 2594 omnes
2865 2539 2976 2593 fere
3013 2539 3343 2591 unanimiter
3382 2538 3651 2605 posterius
3683 2536 3997 2598 admittunt,

2435 2631 2577 2698 quod
2610 2629 2782 2683 solum
2830 2636 2977 2681 recte
3019 2627 3124 2681 dici
3160 2637 3372 2696 potest;
3403 2627 3641 2681 secundo
3674 2645 3688 2681 :
3725 2626 3827 2680 sub
3865 2642 3998 2694 qua-

2439 2737 2559 2775 nam
2595 2721 2920 2791 formalitate
2959 2729 3052 2773 aut
3081 2719 3514 2774 consideratione
3543 2719 3843 2789 proprietas
3866 2718 4001 2770 rela—

2438 2816 2544 2868 tiva
2573 2814 2863 2868 constituat
2894 2813 3160 2866 rationem
3194 2827 3442 2881 persona:
3479 2811 3531 2863 in
3563 2810 3778 2864 divinis.
3817 2808 3886 2863 Ut
3915 2825 4004 2861 res

2439 2907 2596 2976 plane
2645 2904 2990 2973 intelligatur,
3041 2905 3338 2957 notandum
3386 2912 3468 2956 est
3499 2902 3602 2955 :J.
3636 2901 3835 2955 Eadem
3874 2916 3999 2969 pro-

2439 3000 2641 3068 prietas
2678 3007 2857 3065 potest
2883 3011 3002 3049 esse
3035 2994 3632 3064 hypostatica,re|ativa
3667 3002 3721 3045 et
3753 2993 4000 3045 notiona-

2439 3091 2544 3154 lis;
2588 3089 2726 3142 sicut
2783 3101 2966 3140 revera
3028 3085 3360 3153 paternitas,
3425 3082 3610 3136 ﬁliatio
3665 3091 3719 3135 et
3774 3080 4000 3149 spiratio

2364 3221 2410 3282 Ο
2442 3181 2652 3250 passiva
2706 3187 2833 3231 sunt
2870 3177 2922 3230 in
2972 3177 3074 3229 hoc
3116 3174 3310 3244 triplici
3356 3173 3568 3228 ordine.
3601 3171 3655 3224 2.
3689 3172 4000 3240 Pr0prictas

2440 3273 2629 3326 eadem
2668 3267 2897 3336 spectari
2928 3275 3103 3333 potest
3134 3264 3432 3319 secundum
3460 3280 3569 3316 esse
3601 3264 3676 3325 in,
3713 3261 3827 3315 sive
3857 3261 4000 3330 quod

2439 3365 2569 3418 dicit
2603 3361 2860 3417 absolute.
2889 3369 2944 3412 et
2974 3359 3197 3425 praecise
3225 3357 3290 3410 ad
3322 3365 3570 3409 naturam
3619 3354 3884 3416 divinam,
3915 3370 4000 3406 cui

2442 3470 2538 3524 per
2592 3451 2934 3506 identitatcm
2983 3457 3065 3502 est
3112 3448 3445 3511 immanens;
3480 3456 3532 3500 et
3566 3445 3865 3500 secundum
3897 3462 4002 3496 esse

2439 3548 2529 3608 ad,
2573 3546 2684 3598 sive
2727 3544 2867 3613 quod
2911 3542 3044 3596 dicit
3093 3541 3340 3602 relative,
3369 3548 3423 3592 et
3460 3539 3527 3592 ad
3581 3537 3872 3591 terminum
3917 3538 3998 3588 vel

2439 3636 2785 3706 principium,
2817 3635 2902 3689 cui
2935 3633 3248 3703 opponitur.
3277 3631 3369 3685 llis
3399 3631 3626 3699 aliisque
3654 3629 3718 3683 ad
3746 3630 3999 3698 qumstio—

2438 3730 2522 3782 nis
2573 3727 2978 3796 intelligentiam
3029 3723 3343 3793 prtenotatis
3387 3724 3498 3791 jam
3543 3722 3702 3776 docet
3749 3721 3998 3774 laudatus

2441 3818 2783 3886 Tlieologus:
2822 3814 2886 3882 l.)
2920 3812 3187 3866 Personas
3212 3812 3424 3866 divinas
3458 3827 3566 3864 non
3595 3811 3854 3865 constitui
3894 3809 4002 3863 for-

2440 3909 2652 3962 maliter
2701 3922 2795 3974 per
2850 3904 3210 3973 proprietates
3248 3903 3347 3956 sub
3392 3903 3599 3955 ratione
3657 3900 4000 3955 formalitatis

2440 4000 2690 4053 absoluta:
2730 4008 2778 4051 et
2813 3997 3094 4050 secundum
3137 4009 3242 4048 esse
3271 3995 3347 4058 in,
3381 3993 3474 4047 sed
3501 3992 3602 4046 sub
3643 3992 3854 4044 ratione
3888 3989 3997 4043 for-

2441 4088 2695 4142 malitatis
2757 4087 2990 4139 relativo:
3042 4094 3090 4137 et
3133 4084 3416 4137 secundant
3466 4099 3572 4136 esse
3616 4083 3685 4135 ad
3722 4091 3994 4150 acceptas,

2439 4181 2585 4250 quia,
2629 4189 2688 4232 ut
2720 4179 2881 4232 docet
2907 4180 3041 4246 Aug.
3078 4176 3152 4229 De
3190 4176 3329 4227 Trin.
3367 4172 3430 4226 ν.
3473 4173 3526 4236 5,
3557 4174 3608 4235 8,
3641 4173 3902 4241 quidquid
3934 4173 3999 4225 ad

2441 4288 2519 4333 se,
2545 4279 2590 4322 el
2643 4285 2750 4322 non
2783 4267 2928 4321 aliud
2958 4267 3188 4327 dicitur,
3222 4265 3286 4318 ad
3319 4265 3684 4333 substan_tiam
3724 4263 3998 4332 pertinet,

2441 4364 2664 4430 ideoque
2690 4376 2799 4413 non
2828 4369 2887 4412 ut
2905 4358 3040 4412 ratio
3057 4373 3304 4426 persona:
3329 4356 3623 4410 formaliter
3648 4353 4001 4410 constitutiva

2441 4453 2622 4506 haberi
2639 4449 3421 4521 potest;ll.)Pcrsonasdivinas
3436 4447 3731 4500 fornialiter
3744 4447 4002 4501 constitUt

780 4531 836 4575 ει
870 4534 1095 4592 ιιιττιτιιιε
1129 4524 1181 4574 ί¹¹
1213 4539 1377 4576 unm“
1419 4524 1752 4594 οοηίὲίηηυδ»
1781 4527 1880 4578 hac
1909 4527 2115 4580 Γθιίυηθ
2141 4530 2334 4583 Deum“
2369 4547 2411 4600 D
2441 4562 2530 4612 per
2551 4545 2893 4612 proprietates
2917 4542 3180 4607 relativus,
3203 4549 3354 4608 prout
3375 4542 3454 4593 Ita:
3475 4540 3648 4592 dicunt
3673 4539 4001 4598 relationem.

873 4698 977 4780 41>.
1005 4700 1289 4780 Βεεβθῑίρη
1335 4701 1945 4780 ρο-ἓοτ,ρρηινα,Μιιτσε
1999 4706 2185 4780 Ερίιεε·
2229 4711 2335 4780 syl-

781 4767 1141 4847 ιοεέῖιροιι.
1164 4770 1412 4847 μοιμοι
1436 4773 1470 4823 ι.
1498 4773 1601 4847 est
1631 4774 1713 4847 a):
1743 4776 1931 4847 ᾼίτίαν
1960 4767 2066 4847 γὰρ
2096 4780 2168 4847 μὴ
2199 4767 2337 4831 εἶναι

779 4839 870 4917 τον
901 4837 1026 4888 Υέὺν
1044 4840 1134 4917 τοῦ
1162 4840 1473 4917 Πνεύματος
1493 4837 1765 4917 και-αὑτοὶ
1781 4837 2015 4917 φαίημεν
2031 4837 2115 4906 ἄν’,
2146 4837 2339 4917 iiqueii-

779 4907 900 4957 τίαν
917 4908 1509 4984 στενώτερον-κατὰ-τῂν
1539 4907 1856 4981 Ἑλληνικὴν
1874 4907 2053 4982 ᾦίυνὴν
2072 4907 2339 4984 ἐκλαμϐά-

779 4991 983 5052 νοντες,
1002 4971 1035 5052 ᾖ
1054 4971 1183 5045 παρ’
1196 4980 1376 5052 αὐτοῖς
1395 4971 1588 5052 ἀεὶτῇν
1604 4971 1854 5052 ὰρῇςοειδῆ
1872 4971 2048 5035 αἰτίαν
2062 5001 2124 5052 ση
2137 4971 2335 5050 μα’ίνει.

851 5035 978 5119 (42)
1002 5035 1200 5119 Βορέης
1233 5116 1248 5119 _
1271 5035 1416 5119 hic.
1480 5035 1556 5100 Οἵ
1591 5035 1708 5119 vir?
1725 5035 1972 5117 λέγνίντες
2011 5056 2069 5105 τὸ

779 5109 1046 5210 irrigari
1081 5116 1256 5194 ἐκξοῦ
1274 5118 1447 5210 ζΥἱοῦ,
1480 5122 1525 5204 εξ
1557 5109 1756 5202 μὲφώς
1797 5109 1853 5185 ἐξ
1898 5109 2030 5184 ἰδέας
2057 5127 2203 5210 παρὰ
2248 5109 2336 5178 {to

781 5185 1000 5258 llatépa
1037 5186 1220 5253 πηγῆς
1273 5188 1454 5252 ἔλεγον
1505 5189 1769 5257 ὑπάρχειν
1826 5193 1954 5244 αὐτὸ
2005 5185 2227 5258 ὲμε).>.ον
2271 5196 2335 5248 ἂν

781 5255 1063 5332 ἐμφαίνειν
1144 5258 1242 5332 τῇς
1310 5258 1581 5332 πατρικῆς
1623 5255 1888 5325 Mitem-co;
1963 5255 2332 5332 μετακίνησιν,

779 5323 1012 5396 ᾷίναρχον
1034 5326 1232 5396 ᾃπῃγὴν
1263 5326 1354 5376 τοῦ
1391 5323 1701 5396 Πνεύματος
1736 5323 1827 5381 καὶ
1860 5323 2110 5382 τὸνῪὶὸν
2151 5323 2223 5396 ibi
2245 5323 2334 5388 τὸν

779 5395 999 5459 Πατέρα
1029 5394 1355 5458 δοξάζοντες.

853 5463 965 5531 (45)
1025 5464 1086 5541 [Ξί
1140 5467 1322 5541 (apud
1367 5467 1769 5541 Ιῖατῇριγεννᾷ
1816 5469 1906 5541 τὸν
1958 5470 2085 5522 Υἱὸν
2143 5471 2215 5541 μὴ
2270 5472 2330 5525 En

777 5547 920 5608 EI‘VOC
965 5531 1126 5608 route
1166 5532 1361 5608 λαϐὼν,
1395 5537 1421 5586 ὁ
1455 5531 1663 5598 δὲ’Υἱδς
1705 5531 1815 5606 ἔχει
1865 5539 1923 5589 τὸ
1969 5531 2328 5608 ΙΙνεῦμίαἺα-

779 5600 888 5651 6-ἱιν
944 5603 1114 5678 αὐτὸ.-
1144 5605 1385 5678 (poema);
1428 5608 1575 5678 παρὰ
1628 5600 1984 5678 τοῦἮατρὸς,
2030 5611 2087 5660 οὐ
2118 5600 2327 5675 ’γεννώ-

784 5686 947 5747 ξενον
1003 5673 1115 5723 ἀλλ’
1174 5676 1606 5747 ἐμπορευόμενον
1657 5677 1721 5727 δι’
1803 5673 1963 5729 αὑτοῦ
2016 5673 2164 5747 παρά
2232 5681 2324 5731 τοῦ

779 5739 1141 5816 ξίμχτρὸςγοὺκ
1173 5739 1323 5816 οἴδα(
1358 5739 1506 5816 τξοῖον
1543 5746 1789 5798 ἐντεῦθεν
1827 5749 2018 5812 ἰδὶωμα
2068 5739 2325 5816 τέατρικὸν

781 5807 922 5873 ἕξειν
962 5813 1223 5879 φάσκουσι
1253 5813 1343 5866 τὸν
1385 5815 1507 5866 Υἱόν
1530 5827 1542 5843 ⁸
1571 5816 1684 5878 πῶς
1716 5818 1768 5868 δὲ
1815 5819 1905 5876 καὶ
1943 5807 2184 5885 Θεογόνοῦ
2235 5821 2323 5873 τὸν

2440 4715 2658 4774 Πατέρα
2715 4713 3215 4781 κατονομάζουσιν;
3275 4711 3323 4763 εἰ
3380 4711 3479 4779 μὲν
3533 4712 3613 4764 ὅτι
3666 4711 3799 4781 Θεὸν
3837 4714 4005 4779 γεννᾷ⁵

2438 4785 2530 4836 τὸν
2568 4786 2713 4846 Υξὸν,
2761 4780 2976 4851 ἀληθῶς
3029 4782 3187 4835 τοῦτο
3239 4781 3336 4851 τῆς
3399 4782 3673 4848 πατρικῆς
3723 4780 4001 4848 ἐξαίρετον

2447 4855 2830 4914 ὑποστάσεως·
2862 4855 2889 4904 ὁ
2923 4853 2980 4903 δὲ
3004 4853 3128 4914 Υἱὸς
3165 4852 3224 4902 οὗ
3280 4850 3550 4916 Οεογόνος.
3594 4851 3719 4902 Υἰὸν
3755 4851 3828 4917 μὴ
3874 4867 4000 4916 γεν-

2439 4925 2576 4974 νῶν·
2606 4925 2653 4974 εἰ
2703 4923 2759 4974 δὲ
2816 4922 2876 4976 τὸ
2929 4923 3121 4988 γεννᾷν
3178 4921 3283 4972 καὶ·
3325 4920 3650 4988 προϐάλλειν
3701 4922 3795 4971 καὶ
3835 4920 4002 4986 ἄμφω

2441 4995 2764 5058 συνάγοντες
2799 4995 2877 5052 εἰς
2929 4977 3124 5042 ταὺτὸν
3179 4977 3426 5054 Θεογόνον
3468 4989 3609 5058 οὕτω
3665 4989 3752 5041 τὶν
3782 4977 4001 5055 Πατέρα

2439 5057 2622 5128 φασὶν,
2677 5063 2783 5114 ἰδοὺ
2827 5061 2960 5113 Θεοῦ
2998 5061 3153 5125 γόνος
3213 5062 3306 5111 καὶ
3354 5061 3416 5111 τὸ
3458 5057 3698 5126 Πνεῦμα.
3758 5059 4002 5120 καὶπῶς

2439 5133 2730 5199 μονογενὴς
2770 5131 2894 5192 Υἱός
2920 5147 2932 5193 ;
2955 5128 3262 5183 Notandum
3317 5139 3493 5182 tamen
3519 5128 3768 5199 subtilius
3805 5138 3858 5180 et
3886 5129 4000 5195 ple-

2436 5197 2558 5254 nius
2596 5197 2972 5269 qupéstionem,
3032 5215 3129 5252 cur
3181 5199 3487 5268 progressio
3519 5197 3680 5269 Verbi
3729 5200 4004 5269 generatio

2435 5273 2526 5333 sit,
2553 5267 2660 5323 non
2695 5272 2821 5324 item
2856 5271 3133 5339 processio
3172 5267 3406 5336 Spiritus
3434 5267 3630 5339 sancti,
3659 5283 3688 5339 a
3735 5267 4003 5335 theologis

2435 5340 2506 5393 ita
2543 5341 2742 5398 dirimi.
2781 5337 3115 5407 ut'pleriquc
3142 5340 3324 5391 dicant
3365 5338 3628 5390 rationem
3664 5337 3715 5389 in
3752 5352 3818 5390 eo
3856 5352 3998 5407 esse,

2439 5428 2456 5458 ο
2505 5413 2647 5478 quod
2681 5410 2822 5462 actio
2863 5406 3008 5478 prior
3036 5410 3104 5461 sit
3131 5410 3353 5477 perfecte
3383 5407 3734 5460 assimiiativa
3781 5406 3996 5460 termini

2431 5477 2553 5533 cum
2590 5480 2852 5547 principio
2876 5491 2931 5532 et
2962 5477 3194 5531 Verbum
3223 5477 3522 5547 secundum
3550 5491 3670 5547 esse
3718 5477 4000 5547 personale

2431 5551 2500 5602 sit
2528 5545 2823 5602 sii’nililudo
2852 5548 3109 5616 perfecta,
3139 5563 3231 5600 seu
3267 5548 3442 5616 imago
3476 5546 3652 5598 Patris
3670 5545 4004 5616 qualisactio

2429 5629 2484 5670 et
2515 5620 2687 5684 imago
2711 5634 2814 5670 non
2843 5614 3102 5670 habeatur
3129 5614 3630 5684 respectu—Spiritus
3655 5617 3845 5668 sancti.
3881 5633 3898 5664 ι
3928 5614 4000 5665 lta

2432 5687 2494 5740 ll.
2555 5690 2733 5742 liilber
2791 5687 2982 5741 'l‘heol.
3034 5686 3270 5740 Wirceb.
3330 5688 3468 5754 disp.
3524 5687 3580 5749 6,
3638 5702 3696 5738 ιι.
3753 5685 3873 5739 ὖῖϐ.
3917 5686 3997 5737 (λ’.

2430 5756 2624 5814 Thom.
2658 5759 2805 5812 Sum.
2853 5759 2900 5822 l,
2931 5774 2982 5825 q.
3024 5757 3112 5810 Ἦ.
3147 5773 3193 5809 a.
3228 5757 3276 5809 4.
3313 5757 3546 5824 incorp.
