4242 6438
261 469 368 531 473

258 672 385 740 quia
405 671 572 725 forma
597 675 935 730 constituens
955 675 1101 746 [232]
1129 691 1414 744 personam
1435 677 1645 745 concipi
1672 677 1832 730 debet

261 772 320 812 ut
343 762 543 830 aliquid
566 766 1206 831 personteintrinsecum,
1238 766 1403 819 iixnm
1429 775 1483 820 et
1507 783 1830 835 permanen-

261 862 344 903 ter
373 853 662 918 exsistens,
711 857 854 923 quod
887 857 1000 924 ipsa
1049 858 1314 925 perseitas
1341 873 1494 926 reque
1523 873 1584 911 ac
1617 859 1828 911 subsis-

262 944 446 996 tentize
479 945 613 997 ratio
648 947 861 999 videtur
889 947 1126 1016 exigere,
1158 948 1293 1001 nihil
1323 964 1449 1001 vero
1477 949 1740 1016 ejusmodi
1775 949 1828 1000 in

257 1044 526 1102 conceptu
581 1035 822 1088 formalis
873 1037 1101 1106 originis
1145 1046 1406 1107 apparet;
1455 1039 1652 1092 deinde
1703 1041 1827 1107 quia

255 1126 494 1194 origines
540 1136 725 1194 utpote
772 1128 1034 1193 actiones,
1077 1145 1197 1198 quze
1242 1131 1644 1199 suppositorum
1677 1138 1825 1194 sunt,

253 1230 367 1268 non
407 1218 744 1271 constituunt
773 1221 1054 1288 supposita
1105 1221 1457 1288 producentia
1493 1222 1585 1275 sed
1628 1236 1829 1275 secun-

254 1310 386 1361 dum
469 1319 716 1363 nostrum
791 1312 1122 1380 intelligendi
1208 1314 1427 1367 modum
1490 1322 1822 1382 supponunt.

259 1417 278 1447 ι
330 1400 621 1467 Speciatim
657 1402 726 1455 de
753 1403 1092 1470 paternitate.
1129 1403 1251 1458 llaec
1281 1407 1425 1458 enim
1456 1407 1510 1459 in
1541 1406 1738 1460 divinis
1770 1414 1829 1459 ut

252 1492 448 1545 relatio
483 1493 972 1548 transcendentalis
1002 1495 1070 1547 ab
1097 1496 1312 1549 actione
1344 1496 1456 1564 ipsa
1491 1511 1596 1550 non
1620 1495 1827 1550 consti-

254 1582 454 1644 tuitur,
487 1592 542 1636 et
572 1592 629 1636 ut
655 1585 984 1655 principium
1031 1602 1139 1655 quo
1179 1588 1483 1656 proximum
1518 1588 1823 1658 generatio-

252 1674 338 1726 nis
373 1683 500 1727 ante
549 1674 813 1744 originem
863 1678 1306 1746 praesupponitur
1330 1689 1383 1731 et
1416 1688 1474 1731 ut
1517 1680 1822 1733 subsistens

251 1765 428 1821 forma
468 1770 740 1823 antecedit
781 1773 1074 1825 terminum
1120 1774 1346 1842 ejusque
1383 1775 1820 1842 productionem.

252 1856 327 1909 De
372 1859 659 1925 spiratione
689 1870 870 1914 autem
923 1864 1096 1914 activa
1143 1878 1265 1916 cum
1313 1873 1547 1926 constet,
1583 1879 1651 1916 ne
1686 1864 1824 1917 hanc

948 473 1044 534 DE
1080 475 1138 534 S.
1182 476 1373 536 SPIR.
1416 475 1914 538 MYSTAGOGIA.
1953 499 2021 512 -·-·
2049 477 2786 543 ANIMADVERSIONES.

260 595 370 632 non
415 588 595 633 autem
630 587 688 634 ut
715 581 979 652 originem
1015 584 1296 640 formalem
1329 589 1640 655 exprimunt
1684 589 1818 655 (Η),
1848 588 1896 646 Α

3395 485 3496 550 4⁸74

1922 588 2185 652 Quaelibet
2213 607 2445 660 persona
2479 593 2694 648 nonnisi
2727 608 2888 647 unam
2922 594 3327 651 constitutivam
3363 615 3490 666 pro-

1934 681 2214 748 prietatem
2246 683 2444 736 habere
2469 691 2669 752 potest,
2698 685 2821 753 quia
2851 687 3218 740 constitutivae
3250 692 3495 758 pr0prie-

1934 779 2070 822 tates
2122 771 2338 823 realitcr
2389 773 2530 826 idem
2567 783 2694 826 sunt
2732 789 2793 826 ac
2829 790 3076 842 persona:
3133 777 3496 830 subsistentes

1930 866 2124 909 etcum
2158 858 2242 911 his
2272 859 2674 913 identilicanlur
2708 863 2850 930 (45);
2897 864 3038 916 unde
3071 865 3250 922 Pater.
3284 868 3326 918 si
3360 869 3496 919 duas

1931 944 2154 999 haberet
2204 949 2468 1015 ejusmodi
2526 952 2920 1017 proprietates,
2953 967 3058 1004 non
3105 969 3208 1005 una
3264 971 3494 1023 persona

1929 1047 2094 1098 esset,
2124 1039 2216 1090 sed
2243 1039 2380 1093 dum.
2415 1041 2644 1094 Proinde
2673 1042 2828 1094 Pater
2856 1059 2962 1095 non
2990 1044 3147 1095 simul
3174 1047 3495 1113 paternitato

1929 1137 1983 1180 et
2019 1130 2316 1196 spiratione
2368 1131 2738 1193 constituitur,
2781 1134 2872 1187 sed
2907 1144 3000 1186 aut
3045 1137 3370 1202 paternitate
3401 1148 3495 1190 aut

1928 1219 2239 1285 spiratione.
2280 1219 2381 1272 Sed
2414 1219 2569 1272 Pater
2607 1223 2930 1289 paternitate
2965 1224 3254 1278 manifeste
3290 1229 3495 1279 consti-

1931 1312 2130 1365 tuitur:
2185 1311 2342 1363 Pater
2378 1312 2573 1363 dicitur
2607 1324 2660 1364 et
2698 1322 2780 1365 est
2827 1314 2948 1380 quia
2988 1325 3209 1383 generat
3261 1316 3491 1377 Filium;

1925 1411 1981 1455 et
2006 1411 2130 1454 ante
2175 1401 2438 1470 Spiritum
2484 1403 2789 1471 concipitur
2840 1403 3031 1465 Filius.
3084 1417 3209 1459 ante
3237 1408 3490 1474 spiratio-

1925 1506 2051 1543 nem
2084 1491 2391 1559 generatio;
2433 1493 2682 1546 universa
2735 1497 2970 1563 denique
3008 1498 3226 1550 traditio
3258 1498 3492 1565 paterni-

1929 1595 2093 1638 tatem
2138 1595 2197 1639 ut
2233 1588 2639 1641 constitutivam
2690 1590 2868 1643 Patris
2909 1600 3170 1644 tesseram
3204 1595 3488 1661 spectavit,

1927 1685 1986 1729 ut
2013 1692 2171 1745 supra
2221 1677 2267 1744 (§
2307 1679 2359 1740 5)
2406 1691 2687 1731 ostensum
2740 1689 2842 1733 est.
2877 1681 2992 1733 Jam
3032 1697 3158 1733 vero
3192 1683 3233 1735 si
3267 1684 3491 1750 spiratio

1929 1781 2138 1819 Patrem
2194 1784 2300 1821 non
2354 1780 2674 1834 constituit,
2737 1786 2912 1838 neque
2973 1773 3166 1825 rationi
3221 1773 3339 1825 Filii
3383 1774 3488 1824 ullo

1924 1860 2085 1915 modo
2123 1861 2434 1930 opponitur,
2482 1878 2543 1915 ea
2597 1879 2704 1914 non
2746 1864 2920 1917 Patris
2968 1873 3053 1916 est
3104 1865 3341 1934 propria,
3395 1865 3487 1917 sed

249 1949 472 2016 quidem
502 1952 834 2005 constituere
863 1951 1098 2015 Patrem,
1132 1963 1224 2006 aut
1253 1954 1469 2008 Filium.
1507 1955 1598 2007 sed
1629 1970 1822 2008 secun-
1858 1938 1896 1992 Β
1924 1949 2069 2003 Patri
2101 1948 2342 2020 Filioque
2369 1948 2676 2006 communis
2707 1954 2838 2021 (46).
2876 1955 3112 2009 Uberius
3141 1957 3193 2008 id
3230 1957 3488 2009 evolven-

249 2044 380 2094 dum
425 2041 690 2094 rationem
729 2057 1038 2112 supponere
1079 2043 1189 2112 jam
1236 2045 1560 2100 constitutos
1601 2061 1697 2114 per
1728 2061 1822 2113 pa-

249 2131 570 2185 ternitatem
621 2148 683 2186 ac
725 2133 1069 2200 iiliationem;
1109 2135 1281 2216 multo
1321 2137 1502 2190 minus
1549 2139 1702 2207 origo
1739 2139 1820 2191 vel

247 2224 393 2277 actio
430 2225 690 2293 spirativa
727 2235 981 2296 tanquam
1014 2228 1222 2282 illarum
1264 2246 1616 2299 personarum
1648 2230 1819 2284 l'orma

247 2315 604 2368 ronstitutiva
652 2318 879 2388 cogitari
911 2319 1126 2387 poterit.
1163 2320 1317 2386 Quod
1369 2321 1565 2374 attinet
1600 2321 1665 2374 ad
1693 2337 1819 2390 per-

245 2423 414 2464 sonas
455 2409 768 2479 productas,
806 2411 886 2464 hae
917 2410 969 2463 in
995 2422 1260 2481 conceptu
1291 2411 1498 2467 lormali
1528 2415 1818 2468 universim

245 2500 439 2553 dicunt
470 2500 733 2552 rationem
762 2502 978 2554 termini
1008 2510 1062 2555 et
1087 2503 1358 2570 producti,
1387 2504 1664 2572 speciatim
1690 2521 1820 2560 vero

248 2593 518 2647 rationem
565 2593 650 2646 vel
691 2591 850 2647 Verbi
883 2593 965 2648 vel
1014 2593 1250 2664 Spiritus
1289 2596 1672 2661 subsistentis;
1723 2599 1818 2652 sed

249 2693 464 2736 certum
514 2692 629 2747 est,
673 2684 813 2737 viam
849 2685 913 2738 ad
958 2686 1280 2752 terminum,
1324 2688 1732 2756 productionem
1766 2689 1817 2742 in

248 2773 392 2848 fieri,
443 2775 711 2827 actionem
762 2773 1013 2828 dictionis
1058 2785 1153 2828 aut
1197 2777 1399 2831 amoris
1439 2778 1617 2831 adhuc
1665 2777 1817 2846 quasi

247 2863 510 2918 ﬂuentem
559 2867 780 2927 anteire,
816 2883 917 2919 non
952 2869 1261 2921 constituere
1295 2870 1582 2922 terminum
1617 2870 1814 2939 ipsum,

248 2956 578 3021 productum
641 2957 1006 3025 completum,
1052 2967 1106 3011 et
1151 2959 1384 3013 Verbum
1429 2975 1492 3014 ac
1548 2959 1812 3029 Spiritum

191 3058 199 3064 '
251 3045 579 3113 perfectum.
625 3065 642 3098 ι
679 3049 923 3118 Denique
963 3051 1220 3104 observat
1250 3049 1327 3120 (n.
1358 3050 1483 3117 386)
1518 3069 1532 3105 :
1571 3069 1589 3100 ε
1631 3050 1817 3115 Quan-

246 3152 411 3203 quam
439 3153 503 3190 ex
530 3137 689 3192 dictis
717 3140 894 3194 omnis
925 3142 1225 3209 proprietas
1255 3141 1590 3210 bypostatica
1626 3144 1696 3197 sit
1727 3159 1814 3198 re-

248 3228 435 3290 lativa,
466 3236 647 3283 tamen
673 3246 766 3282 nec
794 3233 960 3284 omnis
995 3232 1215 3285 relativo
1257 3249 1348 3285 nec
1376 3236 1542 3287 omnis
1573 3237 1813 3288 nationa-

247 3317 310 3369 iis
355 3319 650 3384 proprietas
691 3331 762 3372 est
808 3321 1151 3389 bypostatica.
1185 3321 1318 3375 Cum
1368 3323 1514 3377 enim
1568 3325 1682 3378 haec
1719 3341 1814 3393 per

249 3411 472 3464 modum
516 3411 931 3465 determinantis
960 3412 1026 3466 ad
1056 3427 1176 3466 esse
1203 3416 1507 3483 personale,
1538 3417 1813 3485 pr0prinm

247 3517 310 3554 ac
357 3503 914 3570 incommunieabile,
986 3519 1312 3559 concurrere
1375 3507 1606 3572 debeat;
1672 3508 1815 3562 illius

248 3593 387 3647 ratio
419 3601 474 3646 et
500 3592 796 3648 formalitas
840 3612 928 3648 nec
959 3597 1359 3651 innascibilitati
1406 3616 1496 3652 nec
1535 3602 1814 3670 spirationi

245 3686 433 3738 activw
467 3689 719 3756 congruit.
750 3686 864 3740 Non
895 3688 1318 3752 innascibilitati,
1349 3690 1474 3759 quia
1499 3691 1649 3760 juxta
1677 3696 1811 3762 Aug.

247 3775 325 3827 De
357 3775 504 3829 Trin.
539 3794 589 3839 ν,
614 3776 666 3830 6.
698 3778 804 3830 Nec
837 3779 951 3831 ideo
999 3781 1214 3849 quisque
1241 3791 1412 3850 pater,
1454 3785 1576 3851 quia
1610 3785 1814 3852 ingeni-

249 3880 348 3932 tus,
398 3887 491 3922 nec
533 3871 788 3941 ingenitus
840 3873 953 3924 ideo
997 3873 1118 3942 quia
1153 3884 1333 3942 pater;
1363 3874 1602 3944 adeoque
1634 3877 1701 3930 ab
1733 3877 1815 3929 in-

250 3963 615 4017 nascibilitate
665 3974 819 4032 pater
867 3965 921 4018 in
965 3981 1087 4018 esse
1130 3969 1300 4034 patris
1331 3982 1395 4020 ac
1419 3983 1664 4036 personae
1713 3985 1815 4024 nec

249 4053 643 4106 determinatnr
681 4070 782 4107 nec
811 4056 1183 4108 constituitur.
1224 4055 1410 4124 Neque
1454 4057 1615 4110 etiam
1645 4059 1816 4126 spira-

250 4144 379 4196 tioni
438 4145 646 4196 activae.
695 4144 952 4208 Quamvis
987 4144 1132 4197 enim
1173 4145 1284 4198 haec
1313 4146 1527 4215 propria
1562 4146 1630 4199 sit
1671 4145 1812 4199 Patri

248 4245 301 4287 et
331 4234 488 4298 Filio,
521 4244 700 4287 tamen
729 4250 831 4289 nec
878 4235 1026 4288 illum
1060 4235 1111 4287 in
1153 4250 1271 4290 esse
1313 4235 1508 4300 Patris,
1545 4252 1645 4290 nec
1670 4237 1814 4291 hunc

249 4327 301 4378 in
329 4342 452 4380 esse
483 4327 600 4379 Filii
635 4326 789 4398 [2351
815 4328 1176 4391 determinat;
1210 4327 1473 4396 alioquin,
1504 4343 1626 4382 cum
1671 4329 1811 4381 utri-

247 4433 349 4484 que
372 4419 441 4474 sit
492 4419 832 4480 communis,
897 4419 1054 4472 Pater
1095 4425 1238 4472 esset
1287 4417 1454 4472 Filius
1498 4429 1551 4472 et
1579 4418 1812 4472 vicissim

248 4507 382 4562 Filio
407 4511 702 4578 paternitas
739 4511 1074 4564 conveniret.
1109 4508 1263 4564 Unde
1291 4511 1451 4564 habet
1478 4528 1535 4566 se
1565 4523 1811 4581 respectu

1923 2056 2029 2100 tem
2067 2045 2438 2099 Bessarionem
2467 2055 2570 2098 art.
2603 2061 2714 2114 seq.
2747 2045 2772 2114 §
2806 2046 2890 2108 l3,
2921 2047 3272 2101 adducemus.

1990 2139 2043 2192 8.
2075 2136 2331 2206 Sequitur
2358 2139 2576 2191 tertium
2608 2138 2830 2192 cﬂ'atutu
2853 2158 2864 2191 :
2889 2138 3052 2192 Pater
3078 2151 3150 2192 est
3171 2142 3485 2209 principium

1921 2245 2098 2282 earum
2121 2245 2236 2296 qua:
2265 2246 2328 2282 ea:
2363 2230 2474 2296 ipso
2508 2240 2625 2282 sunt
2655 2246 2755 2281 non
2778 2232 2981 2282 ratione
3008 2243 3230 2294 natura',
3269 2235 3356 2284 sed
3395 2251 3484 2284 ra-

1922 2320 2062 2372 tione
2089 2335 2325 2386 perrona’
2351 2320 2420 2386 (e.
2449 2320 2560 2386 15),
2603 2321 2743 2387 quod
2775 2321 2914 2388 apud
2940 2320 3115 2374 Photii
3149 2323 3398 2380 asset-las,
3429 2330 3486 2374 ut

1921 2409 2125 2464 Bcccus
2155 2410 2387 2463 advertit
2412 2411 2484 2478 (in
2512 2409 2660 2481 [234]
2694 2410 2900 2464 Camat.
2958 2413 3018 2465 (ἱ.
3053 2412 3112 2466 0.
3149 2413 3208 2477 ll,
3244 2413 3390 2479 QDI),
3429 2413 3484 2465 in

1919 2503 2128 2554 axioma
2163 2501 2394 2553 transiit.
2418 2501 2496 2554 Ex
2522 2503 2622 2555 hoc
2654 2503 2830 2571 arguit
2854 2510 3041 2555 contra
3068 2502 3295 2556 Beceum
3319 2504 3485 2556 Geor-

1920 2590 2040 2657 gius
2084 2589 2311 2660 Cyprius
2347 2591 2509 2660 (apud
2547 2590 2702 2645 Beec.
2741 2592 2796 2645 in
2845 2601 2976 2645 tom.
3021 2592 3181 2662 Cypr.
3215 2595 3276 2648 C.
3312 2593 3372 2648 0.
3417 2593 3480 2658 il,

1921 2681 2023 2734 158
2051 2695 2164 2748 seq.
2199 2680 2322 2744 256,
2349 2681 2498 2748 237).
2534 2680 2800 2735 Viderunt
2827 2683 3112 2737 orthodoxi
3149 2685 3279 2737 satis
3306 2695 3480 2746 acute,

1921 2786 2027 2824 non
2073 2771 2391 2840 simpliciter
2426 2771 2554 2825 illud
2598 2772 2777 2840 negari
2824 2787 3003 2842 posse,
3058 2773 3256 2827 habere
3304 2784 3481 2827 tamen

1919 2863 2058 2930 apud
2102 2861 2350 2916 Photium
2392 2879 2612 2930 pravum
2659 2866 2944 2930 quemdam
3001 2880 3216 2918 sensum
3263 2869 3483 2920 minime

1920 2954 2280 3007 tolerandum.
2305 2953 2440 3008 l-linc
2465 2954 2711 3008 laudatus
2747 2955 3159 3024 Byzantiuorum
3181 2958 3481 3024 patriarcha

1920 3046 2230 3099 adversario
2264 3046 2479 3114 quidem
2507 3046 2754 3098 concedit
2778 3047 2837 3115 (l.
2870 3061 2918 3099 c.
2948 3061 2997 3099 e.
3028 3048 3110 3109 li,
3140 3064 3188 3115 p.
3217 3050 3365 3112 9.57),
3390 3050 3484 3102 l'a-

1921 3144 2055 3189 trem
2085 3151 2192 3189 non
2217 3137 2425 3188 ratione
2455 3145 2682 3197 naturae,
2713 3137 2807 3190 sed
2841 3137 3049 3189 ratione
3081 3153 3327 3205 persome
3362 3155 3482 3192 esse

1919 3243 2133 3282 causam
2166 3244 2354 3282 eorum
2397 3242 2516 3296 qua:
2546 3243 2613 3280 ex
2645 3227 2796 3296 ipso;
2823 3229 2916 3281 sed
2945 3230 3014 3281 ibi
3043 3244 3166 3281 cum
3203 3229 3484 3283 Photianis

1915 3331 2121 3374 naturae
2162 3330 2468 3388 respectum
2501 3335 2726 3388 prorsus
2768 3321 2979 3374 excludi
3014 3330 3373 3388 naturamque
3416 3322 3482 3373 ab

1915 3412 2188 3482 bypostasi
2243 3411 2479 3481 separari
2527 3422 2710 3475 vetat;
2763 3414 3062 3483 meliusque
3109 3429 3175 3467 ex
3237 3415 3482 3468 Palt'llllls

1917 3505 2020 3559 dici
2055 3510 2452 3574 pr0pugnat(c.
2493 3506 2578 3570 15,
2621 3522 2674 3574 p.
2703 3505 2829 3574 946)
2883 3514 2992 3558 tum
3042 3507 3182 3576 λόγῳ
3212 3507 3307 3575 τῆς
3355 3509 3482 3558 ὑπο.

1917 3598 2158 3659 στάσεως
2209 3606 2321 3650 tum
2377 3597 2517 3666 λόγῳ
2571 3597 2666 3664 τῆς
2724 3596 2936 3663 φύσεως
2986 3599 3312 3666 principium
3360 3613 3481 3651 esse

1915 3688 2151 3742 Patrem.
2208 3689 2426 3741 Certum
2451 3698 2532 3742 est
2556 3689 2842 3742 essentiam
2872 3691 2936 3741 ab
2962 3691 3234 3758 hypostasi
3261 3691 3478 3743 nonnisi

1913 3782 2125 3834 ratione
2185 3779 2428 3844 diﬂ'erre,
2465 3795 2640 3849 neque
2684 3781 2869 3832 οὐσίαν
2905 3781 3275 3833 ἀνυπόστατον
3304 3798 3480 3850 neque

1917 3872 2210 3926 ὑπόστασιν
2240 3871 2487 3924 ἀνούσιον
2509 3873 2728 3942 cogitari
2763 3887 2942 3940 posse.
2977 3881 3037 3924 ut
3059 3872 3294 3927 Thomas
3324 3885 3399 3943 ip.
3430 3876 3478 3934 l,

1917 3982 1970 4034 q.
2007 3966 2095 4028 39,
2123 3981 2173 4019 a.
2215 3966 2264 4034 i)
2300 3974 2354 4018 et
2374 3964 2625 4019 Petavius
2660 3965 2758 4034 (De
2791 3965 2932 4018 Trin.
2966 3965 3076 4027 Vll,
3117 3967 3204 4028 15,
3238 3967 3304 4020 15
3336 3968 3477 4035 seq.)

1917 4056 2208 4110 declarant.
2226 4056 2278 4109 Id
2303 4071 2402 4109 nec
2425 4056 2523 4122 ipsi
2553 4057 2882 4110 schismatici
2909 4073 3131 4126 prorsus
3151 4057 3476 4123 diiiitenlnr;

1919 4147 1969 4199 id
2012 4146 2306 4213 Gregorius
2345 4145 2576 4213 Cyprius
2611 4145 2771 4212 (apud
2806 4145 2957 4198 Becc.
2997 4147 3032 4198 l.
3074 4162 3086 4199 ι
3136 4146 3312 4201 Const.
3347 4164 3393 4201 c.
3423 4145 3474 4206 5.

1916 4235 1980 4300 6;
2019 4236 2072 4287 in
2103 4245 2234 4288 tom.
2267 4235 2430 4303 Cypr.
2465 4244 2603 4288 orat.
2642 4237 2698 4296 2,
2734 4249 2783 4287 c.
2815 4234 2873 4299 5;
2907 4234 2968 4288 ϐ.
3003 4235 3063 4289 0.
3102 4233 3165 4298 ll,
3214 4224 3475 4296 156-138,

1914 4325 2040 4392 258)
2073 4325 2324 4378 concedit
2348 4324 2481 4393 (47).
2515 4324 2654 4377 llinc
2687 4322 2947 4391 Georgius
2985 4325 3377 4392 Trapezuntius
3411 4327 3476 4378 ad

1915 4416 1998 4470 Jo.
2030 4416 2247 4468 Cubocl.
2281 4431 2328 4468 c.
2360 4415 2416 4467 il
2451 4431 2464 4477 ;
2514 4414 2574 4469 G.
2621 4419 2682 4467 0.
2713 4413 2750 4476 1,
2783 4416 2878 4469 491
2912 4419 3049 4483 seq.)
3087 4433 3099 4467 :
3141 4436 3156 4463 σ
3196 4416 3481 4479 Quomodo

1918 4506 2190 4572 concipirs
2231 4505 2566 4572 hypostasin,
2593 4503 2636 4556 si
2669 4503 2722 4555 in
2748 4505 2982 4556 eSSentia
3017 4504 3183 4571 ipsam
3209 4520 3320 4557 non
3345 4519 3476 4558 cou-

249 4601 552 4668 ntriusque,
605 4601 743 4655 sicut
793 4601 1061 4664 essentia,
1118 4617 1405 4656 commune
1463 4603 1710 4671 pluribus
1760 4611 1813 4655 et
1843 4605 1886 4658 ι)
1917 4595 2272 4650 sideraveris?
2327 4595 2626 4647 lissentiam
2683 4595 2825 4646 enim
2874 4604 2926 4647 et
2975 4607 3221 4647 naturam
3277 4597 3476 4664 absque

247 4693 696 4757 determinabile;
723 4693 960 4764 dumque
988 4695 1268 4748 constituit
1288 4693 1500 4750 Patrem
1535 4705 1588 4749 et
1617 4696 1806 4750 Filium

250 4782 300 4834 in
343 4797 467 4836 esse
522 4784 805 4850 spiratoris
857 4784 1096 4838 distincti
1132 4800 1160 4837 a
1192 4784 1392 4854 Spiritu
1447 4795 1654 4849 sancto,
1707 4786 1810 4839 illis

247 4874 542 4942 suppositis
572 4875 623 4926 in
653 4891 748 4929 sua
772 4891 1001 4944 persona
1019 4879 1129 4947 jam
1167 4878 1480 4932 constitutis
1506 4878 1811 4946 concipitur

249 4966 601 5032 supervenire
633 4967 744 5020 haec
778 4968 985 5031 relatio,
1033 4981 1286 5037 tanquam
1320 4968 1608 5036 perﬁciens
1641 4967 1810 5036 expli-

247 5054 406 5106 citam
449 5069 638 5108 eorum
686 5056 1111 5111 distinctionem.
1162 5077 1179 5108 ι
1228 5058 1331 5111 Sed
1371 5059 1438 5112 ad
1486 5069 1806 5128 praesentem

249 5144 629 5198 tractationem
687 5146 886 5200 sufﬁcit
943 5148 1170 5216 simplex
1204 5149 1317 5202 haec
1367 5149 1806 5203 demonstratio:

319 5309 551 5383 (μλβῆ
587 5310 868 5383 Bessarion
919 5313 1076 5380 Resp.
1123 5315 1192 5366 ad
1229 5313 1392 5368 Marc.
1458 5315 1592 5383 Eph.
1646 5331 1694 5368 c.
1746 5317 1809 5371 18

250 5378 399 5453 (Cod.
443 5381 679 5453 Non.”
715 5381 880 5453 {.250
919 5387 994 5453 a.)
1025 5378 1060 5435 “τ
1108 5383 1345 5453 Πρώτως
1384 5387 1476 5436 καὶ
1505 5378 1717 5452 ’κυρίως
1755 5389 1808 5437 at

249 5451 862 5523 dvacpopatdatordnt,
918 5452 1010 5504 καὶ
1051 5451 1402 5523 διακρίνουσι,
1446 5451 1723 5523 ἑπομένως
1753 5455 1808 5506 δὲ

247 5519 340 5640 ἔα),
366 5521 423 5570 αἱ
448 5520 686 5588 πρόοδοι,
737 5522 964 5574 καθόσον
994 5519 1305 5576 ταὺτὸέῐσι
1352 5519 1636 5593 πράγμὰτι
1687 5527 1810 5588 ταῖς

283 5593 563 5640 ναωοοαῖε.

283 5593 563 5655 ναφοραίς.

317 5606 740 5729 ῗῗὲἷῧέῗδκτίοη
782 5661 935 5729 Resp.
975 5663 1043 5714 ad
1097 5662 1257 5715 Marc.
1301 5662 1431 5728 Eph.
1485 5664 1604 5718 cod.
1663 5664 1803 5718 Mon.

247 5723 332 5798 27,
375 5723 417 5780 f.
447 5728 553 5783 229
594 5731 646 5784 b.
688 5733 833 5783 Λῦτὰ
867 5723 933 5784 ’ἑὰ
966 5733 1084 5784 Gaia
1115 5723 1374 5798 πρόσωπᾶ
1410 5735 1716 5786 ὑποστάντα
1753 5737 1807 5786 αἱ

250 5794 606 5873 decumum!
634 5804 770 5855 εἰσιν
821 5802 1099 5871 ἰδιότητες.
1148 5794 1277 5857 Vide
1319 5802 1510 5858 Thom.
1557 5805 1581 5873 ἓ
1630 5805 1681 5868 5,
1735 5807 1808 5859 ci-

251 5871 438 5923 totum.

1913 4688 2189 4760 hypostasi
2257 4687 2630 4739 universaliori
2672 4686 2903 4756 quodam
2970 4688 3129 4740 modo
3177 4689 3476 4756 intelligere

1912 4797 2232 4851 possumus;
2269 4795 2433 4848 quare
2463 4789 2518 4832 et
2544 4779 2818 4831 nonnullis
2853 4780 3028 4831 visum
3063 4791 3163 4842 est,
3202 4796 3320 4831 eam
3354 4779 3476 4832 nni.

1911 4888 2066 4926 verse
2097 4871 2413 4923 subsistere.
2454 4870 2520 4920 At
2560 4869 2703 4921 enim
2738 4869 3049 4937 hypostasin
3100 4871 3382 4937 concipere
3425 4883 3474 4921 et

1911 4964 2194 5016 enuntiare
2238 4977 2346 5013 non
2380 4960 2537 5014 simul
2590 4961 2926 5013 considerata
2959 4969 3049 5011 aut
3100 4971 3356 5027 conrepta
3392 4976 3474 5011 es-

1912 5055 2083 5108 sentia
2113 5052 2287 5105 modis
2317 5051 2570 5103 omnibus
2604 5051 2716 5103 ﬁeri
2748 5051 2952 5116 nequit.
2993 5052 3118 5103 ldco
3147 5059 3199 5102 et
3230 5065 3350 5102 cum
3389 5050 3474 5101 in-

1913 5145 2151 5213 genitum
2203 5153 2257 5196 ct
2311 5141 2606 5211 procedens
2661 5142 3026 5211 hypostatiras
3115 5141 3473 5208 proprietates

1983 5316 2095 5389 μϐ)
2132 5315 2311 5389 lbidJ'.
2482 5330 2535 5366 a.
2582 5314 2741 5389 Ἐπεὶ¹
2770 5313 2876 5380 γὰρ
2917 5312 3144 5389 ἓκςξστον
3185 5311 3474 5389 πρόσωπον

1912 5387 1989 5438 ἑνί
2017 5403 2121 5438 τινι
2161 5386 2314 5452 μόνον
2343 5384 2592 5450 ἰδιώματι
2625 5382 2959 5441 συνίσταται,
2996 5382 3026 5448 ἢ
3161 5382 3470 5452 τοῦλγεννᾲν

1912 5459 1944 5526 ἢ
1974 5459 2037 5524 τῇ
2070 5449 2168 5526 τοῦί
2197 5449 2517 5526 προϐάλλξίιν
2546 5453 2801 5526 ἐδιόῖητι-
2830 5451 3180 5526 συνίστασθαξ
3224 5449 3314 5526 τξλν
3363 5451 3472 5500 ll:-

1911 5511 2042 5594 ea;
2077 5511 2328 5590 ἀνά-ρὲηο
2373 5523 2505 5594 ἀλλά
2546 5511 2868 5594 namss-.91
2915 5526 2972 5572 τὸ
3013 5521 3207 5594 mm
3257 5518 3470 5594 λέγεται

1912 5588 2004 5648 xi).
2034 5588 2200 5647 ἔστινέ
2231 5588 2391 5645 Ὥστε
2431 5593 2487 5642 οὑ
2521 5593 2578 5643 τὸ
2626 5588 2944 5658 προϐάλλειν
2971 5589 3132 5641 αὑτοῦ
3164 5588 3221 5658 τὸ
3251 5589 3467 5658 apocar-

1912 5683 2012 5717 πον
2052 5665 2272 5732 συνιστᾷ
2298 5681 2309 5694 ’
2347 5662 2419 5731 μὴ
2446 5661 2503 5713 ἓν
2537 5661 2590 5732 δὲ
2624 5653 2752 5712 [δὶον
2782 5660 2874 5711 τοῦ
2908 5659 3118 5729 Πατρὸς
3147 5656 3306 5726 μόνου
3339 5653 3470 5722 μηδὲ

1914 5733 2228 5786 συστατικδν
2253 5731 2346 5785 ita".
2376 5732 2451 5800 τῷ
2491 5731 2596 5796 Υἱῷ
2623 5733 2735 5781 ἐστι
2766 5731 2960 5782 κοινόν.

1982 5805 2092 5870 (Π)
2130 5804 2219 5856 Sic
2245 5813 2299 5858 et
2339 5793 2546 5855 Marcus
2571 5793 2772 5869 Ephes.
2818 5801 3020 5870 sﬁlog;
3062 5797 3193 5852 Cod.
3226 5795 3367 5850 Mon.
3397 5793 3467 5847 ς37

1912 5875 1947 5928 i.
1978 5875 2079 5926 23‘).
2103 5875 2151 5926 b.
