4242 6438
775 386 880 450 4⁸75

777 596 902 659 niti,
935 596 1100 664 geniti
1131 608 1184 648 et
1217 598 1567 666 procedentis
1617 599 1893 667 hypostasi
1948 603 2343 657 consideratur.

777 687 961 755 Neque
998 688 1142 741 enim
1170 689 1220 740 in
1255 689 1429 742 nudas
1460 691 1822 758 proprietates
1845 694 2139 755 credimus,
2169 709 2348 762 neque

776 794 868 831 eas
892 780 1159 832 essentias
1187 795 1492 851 segregare,
1527 783 1622 836 sed
1653 783 1797 836 circa
1841 786 2136 839 essentiam
2163 803 2347 857 segre-

777 870 886 934 gari
915 870 1236 924 conﬁtemur
1279 873 1413 940 (48).
1478 892 1498 924 ι
1535 871 1798 928 Similiter
1843 875 2066 942 Beccus,
2115 879 2153 932 l.
2192 895 2229 943 ι,
2266 881 2348 933 Ad

778 960 959 1015 Const.
984 977 1033 1014 c.
1069 962 1098 1015 8
1133 960 1282 1034 [235]
1319 963 1403 1032 (G.
1435 963 1497 1018 0.
1537 963 1606 1028 ll,
1635 966 1735 1020 160
1766 981 1858 1036 seq
1888 969 1905 1036 )
1953 984 2065 1022 rem
2125 973 2348 1039 exponit

776 1063 832 1106 et
873 1055 1268 1108 concordanter
1312 1056 1502 1125 reliqui
1545 1059 1770 1112 tradunt
1802 1078 1816 1114 :
1853 1060 1997 1129 quod
2029 1061 2074 1115 si
2108 1063 2347 1132 Spiritus

779 1157 861 1198 est
887 1162 950 1199 ex
983 1147 1155 1201 l‘atris
1186 1149 1481 1216 hypostasi,
1517 1159 1600 1203 est
1635 1152 1794 1204 simul
1825 1168 1890 1206 ex
1937 1153 2057 1221 ejus
2086 1158 2342 1210 essentia.

850 1236 902 1288 9.
944 1237 1258 1305 Priusquam
1293 1254 1420 1292 vero
1457 1241 1675 1293 uberius
1708 1241 2127 1298 Pltotiicﬂ'atum
2158 1246 2344 1299 discu-

781 1329 964 1394 tiatur,
998 1346 1304 1383 connexum
1335 1347 1458 1384 cum
1511 1331 1596 1385 his
1651 1334 2006 1401 plurimorum
2035 1336 2346 1392 Graaeorum

781 1419 1036 1486 clTngium
1065 1421 1521 1474 considerandum
1551 1432 1656 1487 οδε,
1687 1439 1796 1491 quo
1820 1424 1885 1476 ad
1907 1424 2188 1479 elidendos
2218 1443 2344 1481 suo-

781 1527 898 1563 rum
930 1511 1143 1564 Patrum
1195 1523 1375 1568 textus
1431 1516 1534 1569 sibi
1590 1518 1897 1572 contrarios
1927 1532 2116 1572 eorum
2167 1529 2346 1573 tamen

780 1604 962 1654 ve:-bis
985 1604 1153 1656 coacti
1188 1607 1516 1670 concedunt,
1564 1608 1826 1676 Spiritum
1856 1624 2102 1664 sanetum
2129 1625 2246 1664 esse
2284 1627 2348 1663 e1:

777 1694 998 1744 essentia
1025 1692 1176 1755 Filii,
1201 1696 1293 1749 sed
1323 1712 1387 1749 ex
1416 1699 1684 1766 hypostasi
1712 1700 1834 1752 Filii
1855 1716 1978 1755 esse
2000 1702 2347 1769 pertinaciter

778 1794 979 1853 negant
1002 1787 1136 1853 (49).
1165 1787 1269 1841 Sed
1303 1789 1352 1842 id
1399 1790 1554 1842 irrito
1587 1802 1784 1844 conatu
1817 1791 1930 1845 ﬁeri
1963 1793 2167 1846 eordati
2191 1793 2346 1846 theo-

1907 397 2170 459 1³11οΤ11
2207 400 2710 462 PA'l‘RlARCIIxE
2752 403 2860 463 (ΣΡ.

776 505 1028 568 dicimus,
1053 505 1344 559 essentiam
1369 507 1741 578 intelligimus,
1762 525 1880 577 qua:
1900 509 1952 564 in
1970 513 2187 579 speciali
2209 513 2355 581 inge-
2385 521 2429 574 Α
2461 515 2726 570 stantialis
2762 515 3005 570 Genitori
3033 527 3114 572 est

3929 402 4037 468 476

3162 534 3174 569 :
3223 516 3295 570 ita
3325 513 3562 585 Spiritus
3594 524 3815 570 sanctus
3837 516 3902 568 ὲγ
3929 515 4035 584 τῆς

2455 608 2823 660 ὲνυποστὰτου
2853 607 2947 659 τοῦ
2986 608 3199 676 Πατρὺς
3231 607 3447 674 φύσεως
3481 606 3570 658 διὰ
3600 607 3700 674 τῆς
3724 608 4029 660 ὲνυποστά-

2455 716 2548 751 του
2573 700 2668 751 τοῦ
2708 699 2838 751 Υίοῦ
2859 700 3048 761 οὐσίας
3081 699 3449 767 proccssionis
3473 699 3633 752 modo
3667 699 3878 752 habens
3906 714 4031 754 esse

2457 791 2576 844 ideo
2608 791 2748 844 Patri
2773 800 2828 844 et
2847 788 2984 843 Filio
3008 789 3493 844 consubstantialis
3515 799 3601 843 est
3630 789 3740 859 (50)
3770 791 3848 858 (p.
3875 790 4028 857 495).

2453 879 2536 934 Cl.
2589 879 2806 934 Maxiiu.
2847 879 3206 949 Cltrysoberg.
3271 879 3347 932 De
3403 897 3547 947 proc.
3610 879 3796 949 Spirit.
3855 893 4027 936 sanet.

2454 986 2504 1026 c.
2538 971 2592 1024 5.
2651 971 2736 1038 (ϐ.
2769 970 2832 1026 0.
2881 971 2950 1035 11,
3005 970 3190 1039 1086.)
3225 970 3493 1024 Praeterea
3547 986 3678 1025 sane
3730 983 3868 1035 erat,
3930 988 4033 1028 cur

2454 1071 2643 1116 contra
2673 1059 3042 1115 Eunmuianos
3073 1076 3136 1115 ac
3167 1060 3587 1116 Macedonianos
3629 1063 3817 1117 Patres
3851 1063 4030 1118 incul-

2455 1161 2662 1215 carent,
2703 1151 2962 1220 Spiritum
2993 1160 3241 1205 sanctum
3281 1167 3408 1206 esse
3434 1169 3498 1205 ea:
3520 1154 3745 1206 essentia
3773 1152 3949 1208 Patris
3972 1162 4032 1208 et

2457 1244 2614 1306 Filii;
2647 1241 2902 1296 videlicet
2939 1257 3006 1295 ne
3049 1251 3296 1295 creatura
3344 1251 3663 1310 putaretur,
3706 1253 3764 1297 ut
3792 1245 4031 1298 consub—

2455 1333 2781 1388 stzintialitas
2813 1347 2936 1386 cum
2971 1331 3130 1386 Patre
3151 1341 3205 1385 et
3228 1331 3361 1386 Filio
3394 1333 3804 1397 05tenderetur;
3841 1343 4027 1387 utnon

2456 1444 2522 1480 ex
2560 1443 2709 1479 mera
2751 1426 3032 1479 voluntate
3066 1425 3328 1494 originem
3375 1425 3584 1479 habens
3607 1437 3927 1494 appareret;
3961 1443 4026 1480 ex

2457 1516 2576 1570 Filii
2609 1517 2884 1586 hypostasi
2913 1531 3039 1569 eum
3075 1517 3292 1584 prodire
3326 1531 3392 1570 ac
3423 1532 3519 1586 per
3559 1515 3753 1570 Filium
3803 1532 3922 1571 esse
3953 1518 4026 1571 illi

2457 1609 2598 1660 ultro
2621 1617 3032 1662 concesserunt.
3071 1606 3202 1660 Rem
3235 1607 3540 1661 luculenter
3558 1616 3792 1661 tractant
3813 1606 3862 1662 J.
3892 1609 4025 1663 Bec-

2454 1715 2570 1764 θυι,
2601 1699 2662 1754 0.
2696 1699 2742 1762 Ι,
2781 1698 2856 1751 De
2890 1716 3014 1752 una.
3037 1701 3178 1752 Eccl.
3205 1715 3251 1754 c.
3279 1699 3349 1754 29
3379 1715 3494 1768 seq.
3515 1699 3603 1768 (ϐ.
3624 1699 3678 1754 0.
3700 1699 3742 1762 Ι,
3775 1700 3898 1764 144,
3926 1701 4027 1753 150

2458 1791 2599 1859 seq.)
2641 1801 2695 1844 et
2731 1790 2926 1860 GeOrg.
2965 1789 3364 1859 Trapezuntius
3393 1791 3489 1859 (ib.
3518 1807 3571 1860 p.
3606 1791 3732 1854 546,
3763 1791 3908 1859 547),
3933 1791 4024 1859 qui

777 1875 882 1945 logi
915 1877 1313 1932 demonstrant.
1353 1881 1427 1932 Ae
1459 1883 1635 1949 primo
1661 1883 1878 1945 exinde,
1919 1884 2085 1952 quod,
2117 1892 2175 1937 ut
2209 1884 2346 1937 dixi-
2380 1872 2418 1926 Β
2451 1918 2452 1925 η

2380 1872 2418 1926 Β
2451 1878 2705 1935 advertit.
2749 1878 2946 1931 merito
2991 1878 3044 1930 in
3082 1876 3303 1932 Patrum
3341 1879 3560 1948 scriptis
3601 1881 3886 1944 inculcari,
3921 1881 4023 1947 φὺ-

777 1983 918 2030 ntus,
951 1967 1255 2036 hypostasis
1278 1971 1345 2023 ab
1375 1973 1608 2026 essentia
1645 1983 1701 2027 et
1727 1974 1960 2028 essentia
1981 1976 2049 2028 ab
2074 1976 2344 2044 hypostasi

779 2057 959 2125 reipsa
989 2060 1227 2126 separari
1263 2063 1470 2129 nequit.
1503 2080 1522 2113 ι
1566 2062 1666 2128 Qui
1701 2078 1768 2116 ex
1802 2074 1995 2119 natura
2024 2076 2078 2120 et
2107 2068 2344 2121 essentia

776 2147 916 2209 Filii,
951 2149 1026 2202 ait
1055 2150 1318 2218 Georgius
1359 2152 1754 2222 Trapezuntius
1802 2156 1900 2226 (De
1935 2174 2039 2210 una
2091 2155 2148 2211 S.
2193 2159 2342 2212 Eccl.

774 2256 826 2296 c.
879 2243 942 2306 5;
1002 2242 1063 2298 G.
1129 2244 1194 2296 0.
1249 2244 1288 2309 1,
1350 2245 1495 2310 545,
1546 2247 1682 2310 544,
1753 2251 1950 2302 aSserit
2005 2249 2343 2305 Paracletum

774 2333 1092 2400 procedere,
1158 2350 1224 2387 ex
1277 2335 1389 2403 ipsa
1428 2336 1704 2406 hypostasi
1741 2339 1861 2392 Filii
1913 2341 2128 2395 asserit.
2191 2342 2344 2398 llaud

775 2425 918 2477 enim
945 2423 1026 2477 las
1048 2435 1148 2488 est,
1183 2426 1501 2496 ltypostases
1532 2430 1708 2482 nudas
1736 2430 1942 2498 absque
1967 2442 2158 2486 natura
2186 2432 2346 2502 (ὑπο-

777 2518 994 2579 στάσεις
1017 2517 1178 2585 ψι).ὰς
1209 2519 1376 2587 χωρὶς
1406 2519 1642 2590 φύσεως)
1671 2523 1962 2592 concipere
1981 2565 1996 2588 ,
2037 2539 2212 2593 neque
2245 2539 2345 2579 na-

776 2616 950 2660 turam
974 2609 1091 2662 sine
1129 2609 1399 2678 hypostasi
1434 2611 1597 2678 φὺσιν
1621 2614 2041 2685 ἀνυπόστατον),
2097 2617 2346 2670 absolute

775 2697 826 2749 in
875 2699 1126 2752 omnibus
1163 2709 1217 2753 et
1257 2701 1310 2752 iu
1356 2699 1465 2754 Deo
1493 2701 1631 2771 ipso.
1672 2722 1690 2754 ι
1730 2703 1796 2758 Et
1841 2721 2056 2760 rursum
2086 2708 2212 2761 alibi
2255 2708 2344 2772 (ad

773 2786 932 2841 Joan.
969 2789 1192 2844 Cuboel.
1221 2805 1271 2845 c.
1303 2793 1355 2843 11
1385 2809 1398 2854 ;
1436 2792 1509 2846 ib.
1560 2809 1613 2862 p.
1640 2794 1767 2858 490,
1792 2794 1918 2862 491)
1955 2812 1969 2848 :
2005 2815 2024 2847 ι
2071 2797 2345 2866 Quidquid

775 2891 1067 2949 generatur
1111 2883 1467 2951 proceditque
1507 2885 1560 2937 in
1604 2885 2002 2951 exsistentiam,
2044 2885 2195 2957 [256]
2249 2899 2345 2941 aut

777 2982 862 3024 est
887 2987 953 3025 ex
983 2973 1252 3042 hypostasi
1288 2983 1519 3039 tantum,
1551 2991 1658 3044 qua
1693 2976 1997 3045 bypostasis
2018 2987 2125 3043 est,
2152 2988 2248 3032 aut
2279 2994 2342 3034 ex

777 3064 1014 3117 essentia
1042 3075 1096 3117 et
1127 3075 1316 3118 natura
1339 3075 1568 3129 tantum,
1600 3075 1654 3121 et
1679 3069 1883 3136 absque
1909 3069 2184 3138 hypostasi
2209 3085 2344 3124 con-

777 3155 1036 3219 siderata,
1063 3165 1154 3208 aut
1181 3171 1245 3209 ex
1276 3166 1525 3225 utraque,
1559 3173 1624 3212 ex
1655 3165 1852 3212 natura
1891 3160 2006 3215 scil.
2038 3161 2120 3215 vel
2151 3175 2344 3216 essen-
2373 3195 2418 3255 ρ

778 3247 875 3306 tia,
917 3263 1034 3315 quae
1064 3247 1117 3300 in
1143 3248 1415 3317 hypostasi
1441 3259 1592 3303 estet
1624 3251 1677 3302 in
1712 3250 1989 3320 hypostasi
2019 3255 2342 3322 concipitur.

777 3334 1088 3389 Secundum
1158 3353 1335 3404 neque
1391 3338 1560 3392 Gneci
1620 3340 1721 3409 ipsi
1777 3341 2052 3408 dixerint;
2118 3361 2348 3415 namque

777 3427 1093 3490 absurdum,
1132 3437 1192 3482 ut
1234 3430 1472 3493 videtur,
1526 3433 1862 3495 existimant,
1910 3436 2052 3501 quod
2096 3435 2222 3490 inde
2267 3451 2353 3491 se-

779 3520 1001 3585 quitur;
1037 3521 1281 3589 ejusdem
1323 3523 1592 3588 siquidem
1622 3534 1829 3578 natura:
1852 3526 2089 3581 Trinitas
2118 3533 2350 3583 confun-

779 3611 1017 3673 deretur,
1049 3614 1186 3666 adeo
1213 3622 1272 3667 ut
1305 3629 1370 3667 ex
1408 3616 1582 3669 tribus
1632 3619 2078 3686 unumquodque,
2112 3631 2165 3674 et
2198 3636 2260 3674 ex
2293 3637 2350 3675 se

780 3700 898 3769 ipso
929 3710 984 3754 et
1034 3716 1099 3754 ex
1129 3703 1250 3756 aliis
1280 3714 1458 3766 esset;
1513 3715 1909 3774 proptereaque
1939 3723 2002 3760 ex
2045 3709 2347 3778 hypostasi,

779 3808 884 3859 qua
934 3793 1241 3861 ltypostasis
1285 3804 1387 3856 est,
1420 3789 1473 3868 (ἦ
1513 3797 1833 3864 ὑπόστασις)
1870 3800 2180 3853 existimant
2229 3818 2350 3857 esse

781 3886 1078 3952 procedens
1116 3897 1173 3939 et
1223 3898 1561 3956 generatum.
1626 3892 1741 3944 Heu
1784 3893 2093 3945 vesaniam!
2138 3895 2348 3948 Etenim

779 3974 823 4028 si
869 3975 1194 4044 bypostasis,
1240 3992 1344 4045 qua
1399 3979 1702 4047 bypostasis
1763 3990 1867 4044 est,
1917 3991 2141 4050 generat
2189 3994 2351 4052 atque

781 4064 1056 4132 producit,
1105 4064 1209 4116 erit
1254 4081 1318 4116 ex
1371 4066 1648 4135 hypostasi
1690 4067 1999 4136 hypostasis
2050 4069 2348 4122 secundum

781 4155 921 4208 idem
961 4155 1102 4221 (κατ’
1133 4156 1315 4220 αὑτό),
1367 4167 1422 4210 et
1467 4158 1545 4211 sic
1585 4174 1694 4212 non
1735 4167 1897 4212 erunt
1955 4161 2070 4214 bare
2106 4170 2348 4226 naturae,

779 4245 874 4299 sed
907 4245 1306 4315 liypostasis....
1345 4247 1528 4300 Sancti
1560 4264 1687 4302 vero
1709 4249 1966 4304 tradunt:
1993 4249 2146 4304 Sicut
2177 4251 2347 4306 Filius

780 4337 843 4387 ὲκ
867 4336 967 4404 τῆς
1009 4339 1371 4388 ὲνυποστάτου
1403 4337 1616 4404 φύσεως
1658 4339 1750 4391 τοῦ
1787 4339 1998 4410 [ἰατρὸς
2037 4342 2131 4393 καὶ
2165 4341 2352 4404 οὑσίας

780 4428 995 4496 genitus
1030 4427 1299 4481 exsistens
1335 4428 1456 4482 ideo
1491 4430 1771 4498 generanti
1824 4431 1992 4486 Filius
2024 4442 2084 4486 et
2109 4433 2350 4486 eunsub-

850 4598 959 4670 (48)
996 4599 1194 4651 Οὑσίαν
1228 4601 1324 4668 μὲν
1354 4600 1462 4668 γὰρ
1492 4601 1583 4654 καὶ
1618 4601 1777 4668 φύσιν
1805 4602 1970 4669 χωρὶς
1993 4602 2340 4666 ὑποστάσεως

778 4669 1210 4738 καθολικώτερον
1245 4674 1383 4721 νοεῖν
1414 4671 1638 4722 δυνατόν
1665 4687 1677 4699 ·
1710 4671 1790 4722 διὸ
1819 4674 1916 4722 καῖ
1937 4672 2083 4723 δοκεῖ
2110 4690 2218 4724 τισι
2245 4691 2342 4723 κα-

779 4739 934 4791 Θόλου
967 4739 1290 4805 ὑφίστασθαι
1321 4757 1332 4768 ·
1364 4741 1659 4792 ὑπόστασιν
1691 4741 1748 4792 δὲ
1784 4741 1976 4806 νοῆσαί
2006 4759 2063 4793 τε
2103 4742 2193 4793 καὶ
2218 4745 2340 4794 είπ-

778 4813 858 4861 εἰν
899 4808 971 4877 μὴ
993 4809 1381 4877 συννοοὺμένης
1407 4810 1438 4877 ἦ
1471 4810 1564 4861 καὶ
1597 4813 2000 4879 προνοουμένης
2027 4813 2127 4879 τῆς
2155 4812 2342 4874 οὑσίας

779 4895 839 4930 τε
871 4880 964 4929 καὶ
995 4879 1094 4939 τῆς
1137 4879 1352 4944 φύσεως
1380 4881 1555 4948 πάντῃ
1586 4880 1862 4931 ἀδύνατον.
1891 4879 1979 4932 Διὸ
2002 4882 2093 4932 καὶ
2121 4883 2247 4933 ὅταν
2284 4883 2342 4932 τὸ

778 4948 1068 5014 ἀγέννητον
1094 4951 1185 5000 καί
1216 4949 1542 5013 ἐκπορευτὸν
1574 4950 1938 5010 ὑποστατικὰς
1969 4950 2234 5017 ἰδιότητας
2261 4951 2344 5001 λέ-

778 5034 984 5084 γωμεν,
1021 5023 1119 5083 τὴν
1161 5020 1216 5069 ἐν
1246 5018 1382 5085 ίδικῇ
1414 5020 1708 5088 ὑποστάσει
1745 5019 2126 5088 Θεωρουμένην
2157 5021 2343 5072 οὑσίαν

776 5089 1032 5157 νοοῦμεν,
1072 5089 1143 5157 Οὑ
1179 5089 1285 5155 γὰρ
1333 5092 1411 5149 είς
1463 5087 1623 5155 ψιλὰς
1674 5089 1938 5156 ἰδιότητας
1992 5087 2339 5157 πιστεύομεν,

779 5155 1171 5228 οὐδὲν-*οὐσίας
1224 5157 1507 5228 ἀφορίζειν
1553 5158 1745 5223 ταῦτα,
1795 5155 1930 5211 ἀλλὰ
1981 5161 2107 5228 περὶ
2155 5155 2342 5211 οὑσίαν

778 5225 1136 5296 ἀφορίζεσθαι
1176 5225 1568 5296 ὁμολογοῦμεν.

852 5245 885 5275 ιο
929 5245 1136 5288 ιςεσυαι
1176 5245 1568 5296 ομοωγουμεν.

852 5245 960 5362 (4ρ9)
993 5296 1213 5348 Photius
1246 5311 1332 5362 ep.
1362 5297 1425 5348 ad
1471 5296 1698 5349 Zachar.
1737 5297 2095 5349 Armcnorum
2130 5297 2341 5352 Catltol.

775 5363 920 5434 (Lat.
953 5367 1096 5433 apud
1130 5365 1226 5418 Mai
1262 5363 1444 5433 Spiril.
1489 5365 1634 5418 Rom.
1669 5367 1730 5425 Χ,
1767 5366 1828 5425 ll,
1867 5384 1920 5434 p.
1952 5367 2073 5431 456)
2105 5369 2219 5421 haec
2247 5368 2344 5420 lia-

777 5435 867 5488 bet
899 5457 909 5487 :
943 5454 960 5484 ι
995 5434 1229 5500 Spiritus
1255 5447 1473 5488 sanctus
1505 5436 1712 5488 Patrem
1739 5435 2039 5503 Filiumque
2065 5438 2342 5505 glorilicat,

776 5505 978 5572 quippe
1001 5505 1091 5572 qui
1118 5506 1180 5573 de
1208 5505 1416 5555 illorum
1446 5505 1736 5557 substantia
1773 5507 2042 5573 accipiens
2071 5518 2346 5560 creaturas

779 5571 1031 5626 innovat.
1063 5593 1079 5624 ι
1126 5571 1509 5644 Fortasseltoc
1557 5576 1761 5627 dictum
1800 5571 1988 5628 eodem
2043 5577 2202 5628 modo
2239 5593 2346 5644 quo

780 5645 1106 5709 posteriores
1151 5642 1320 5697 (ira-ci
1387 5643 1694 5707 intellexit;
1745 5645 2020 5712 probabile
2083 5655 2164 5698 est
2222 5642 2346 5699 eum

777 5712 842 5784 ad
877 5713 1142 5766 Armenos
1172 5713 1536 5784 scribentem.
1575 5715 1664 5781 qui
1701 5715 1802 5784 hoc
1844 5715 1896 5767 in
1942 5715 2187 5784 dogmate
2223 5731 2346 5768 cunt

780 5781 1022 5837 ltomana
1063 5783 1294 5838 Ecclesia
1337 5784 1640 5839 sentiebant
1679 5783 1838 5854 (Vide
1886 5781 2345 5840 Tsch'atntschean

2380 4525 2428 4584 ι)

2450 1986 2531 2020 σει
2561 1969 2754 2022 Filium
2810 1984 2877 2021 ex
2922 1969 3080 2022 Patre
3113 1985 3232 2023 esse
3282 1980 3336 2024 et
3382 1971 3520 2024 κατὰ
3540 1972 3704 2039 φύσιν
3760 1970 4022 2041 Spiritum

2451 2059 2600 2130 [237]
2631 2076 2697 2113 ex
2747 2059 2904 2113 Patre
2939 2069 2992 2114 et
3040 2059 3197 2122 Filio,
3242 2072 3302 2114 ut
3347 2063 3688 2126 ostendatur,
3741 2063 3816 2122 ὡς
3859 2065 3956 2133 οὑχ
3986 2066 4020 2133 ἡ

2449 2151 2706 2221 βούλησις
2735 2152 2908 2212 αίτία,
2932 2152 3046 2204 ἀλλ’
3095 2154 3127 2223 ή
3160 2153 3365 2225 φυσικὴ
3389 2154 3618 2225 δύναμις
3647 2157 3843 2208 ἐνοῦσα
3875 2156 4022 2226 ἄλλῳ

2451 2241 2550 2310 μὲν
2571 2242 2759 2312 τρόπῳ
2785 2244 2935 2313 μόνῳ
2969 2243 3044 2313 τῷ
3072 2244 3269 2315 Πατρὶ,
3293 2243 3372 2314 τῷ
3404 2247 3545 2299 κατὰ
3575 2247 3848 2317 γέννησιν,
3873 2249 4021 2317 ἄλλῳ

2446 2333 2505 2386 δὲ
2533 2335 2706 2404 Πατρὶ
2735 2333 2872 2403 ὁμοῦ
2906 2335 2996 2388 καὶ
3034 2335 3146 2405 Υἰῷ
3176 2335 3252 2406 τῷ
3281 2337 3404 2389 κατ’
3429 2338 3776 2409 ἑκπόρευσιν.
3816 2337 4020 2394 Deinde

2449 2427 2610 2480 tertio
2643 2427 2938 2482 ostendunt
2991 2427 3248 2498 theologi,
3313 2431 3746 2499 propositionem
3800 2432 3864 2485 ιιι
3915 2433 4019 2500 τῆς

2445 2517 2633 2579 οὐσίας
2660 2518 2754 2570 τοῦ
2807 2517 2937 2571 Υίοὺ
2979 2535 3100 2572 esse
3135 2518 3421 2588 Spiritum,
3474 2537 3582 2576 non
3630 2537 3696 2576 eo
3743 2522 4019 2592 pertinere

2447 2623 2548 2662 nec
2577 2607 2736 2661 unice
2765 2623 2867 2662 nec
2893 2607 3286 2678 principaliter,
3310 2619 3370 2662 ut
3390 2611 3869 2664 consubstantialis
3884 2611 4022 2665 Filio

2447 2699 2774 2753 declaretur.
2827 2697 2984 2764 Nam,
3023 2708 3083 2753 ut
3117 2709 3263 2754 recte
3308 2700 3550 2770 disputat
3597 2701 3802 2757 Beccus
3827 2719 3914 2772 ep.
3947 2703 4015 2756 ad

2447 2789 2708 2858 Agallian.
2744 2788 2826 2856 (G.
2863 2787 2929 2842 0.
2973 2787 3010 2850 l,
3053 2789 3159 2842 560
3191 2789 3356 2858 seq.),
3387 2789 3646 2844 dill‘erunt
3678 2793 3902 2846 omnino
3934 2793 4018 2846 lia:

2448 2881 2891 2952 propositiones:
2951 2879 3146 2934 Paulus
3175 2889 3258 2934 est
3315 2880 3558 2947 eiusdem
3627 2892 3838 2936 natura:
3890 2897 4016 2936 cum

2451 2973 2630 3037 Petro,
2659 2980 2713 3026 et
2742 2973 2940 3026 Paulus
2990 2983 3176 3026 estex
3231 2971 3376 3026 Petri
3427 2973 3697 3037 essentia;
3751 2977 4019 3042 posterior

2448 3065 2581 3118 dicit
2648 3064 2791 3118 Pauli
2850 3075 3129 3133 parentem
3178 3061 3437 3127 Petrum,
3498 3064 3647 3133 prior
3689 3080 3798 3118 non
3860 3065 4014 3119 item.

2450 3155 2565 3209 Duo
2618 3155 2818 3226 angeli,
2877 3157 2997 3210 dua:
3038 3155 3232 3208 animai
3288 3154 3390 3209 sibi
3455 3165 3586 3209 sunt
3648 3157 4013 3210 consubstan-

2454 3244 2640 3309 tiales;
2706 3260 2881 3314 neque
2943 3253 3121 3296 tamen
3182 3258 3323 3297 unus
3374 3245 3600 3314 angelus
3657 3259 3723 3298 ex
3775 3246 4016 3300 essentia

2451 3335 2674 3388 alterius
2702 3334 2877 3405 angeli
2897 3334 2978 3388 vel
3005 3334 3183 3387 anima
3216 3350 3284 3388 ex
3306 3335 3545 3389 essentia
3574 3335 3798 3390 alterius
3819 3337 4018 3391 animae

2452 3441 2570 3481 esse
2617 3426 2722 3480 dici
2770 3427 2856 3480 vel
2887 3426 3114 3496 cogitari
3147 3435 3344 3495 potest.
3380 3427 3638 3492 Accedit,
3661 3428 3805 3497 quod
3837 3429 3880 3482 si
3943 3429 4019 3483 ita

2451 3533 2539 3571 res
2594 3533 2651 3571 se
2685 3517 2930 3581 haberet,
2986 3527 3041 3571 et
3081 3517 3247 3571 Filius
3277 3534 3340 3572 ex
3372 3518 3607 3572 essentia
3661 3517 3918 3588 Spiritus,
3962 3528 4021 3572 et

2451 3609 2610 3663 Pater
2655 3625 2718 3662 ex
2769 3609 3004 3662 essentia
3040 3607 3166 3662 Filii
3211 3624 3332 3663 esse
3383 3611 3649 3664 dicendus
3679 3609 3837 3671 foret,
3874 3609 4023 3678 quod

2453 3717 2613 3754 nemo
2660 3710 2839 3755 tamen
2883 3702 3138 3765 admittit,
3175 3702 3410 3756 Rursum
3446 3719 3513 3757 ex
3546 3703 3793 3756 Patribus
3823 3703 4020 3757 iisdem

2453 3800 2626 3860 patet,
2683 3806 2852 3859 penes
2896 3806 2990 3845 eos
3042 3791 3181 3845 idem
3236 3807 3354 3846 esse
3403 3793 3587 3847 dicere
3637 3810 3701 3847 ex
3738 3795 3894 3856 Filio,
3951 3810 4020 3848 ex

2454 3898 2682 3952 persona
2716 3882 2869 3946 Filii,
2904 3898 2970 3936 ex
3013 3885 3249 3938 essentia
3299 3883 3452 3949 Filii;
3486 3884 3603 3938 haec
3644 3901 4024 3955 saepenumero

2454 3985 2565 4028 tum
2615 3975 3020 4044 conjunguntur
3081 3983 3192 4027 tum
3263 3984 3659 4029 convertuntur
3729 3977 3863 4048 (5|).
3921 3978 4024 4032 Po-

2453 4075 2656 4119 stremo
2713 4065 3062 4133 perspicuum
3119 4073 3240 4128 est,
3294 4063 3492 4117 Filium
3535 4081 3655 4120 esse
3717 4071 3782 4120 et
3843 4067 4023 4122 Patris

2452 4157 2686 4211 essentia
2725 4163 2778 4208 et
2825 4155 2985 4209 simul
3026 4170 3092 4208 ex
3139 4153 3314 4208 Patris
3371 4169 3626 4223 persona,
3681 4155 3842 4209 modo
3887 4157 4024 4212 illud

2453 4249 2613 4302 modo
2631 4247 2733 4301 hoc
2756 4246 3120 4316 pronuntiari,
3146 4256 3435 4315 utrumque
3470 4247 3632 4300 etiam
3656 4247 3811 4301 simul
3836 4265 3850 4309 ;
3876 4247 4022 4302 idem

2453 4341 2681 4412 proinde
2732 4338 3045 4401 dicendum,
3095 4337 3139 4390 si
3194 4337 3455 4409 Spiritum
3512 4353 3577 4391 ex
3623 4339 3858 4393 essentia
3901 4338 4022 4393 Filii

2454 4446 2576 4485 esse
2609 4429 2879 4483 audimus.
2911 4427 2994 4481 Cl".
3027 4426 3256 4482 Beccum
3277 4426 3352 4480 De
3387 4444 3513 4480 una.
3543 4426 3685 4484 Eccl.
3723 4443 3773 4483 c.
3808 4427 3877 4482 29
3899 4444 4020 4498 seq.

2447 4599 2580 4653 Hist.
2640 4599 2854 4651 Armen.
2906 4597 2997 4658 111,
3036 4612 3088 4665 p.
3134 4596 3238 4650 2'54
3283 4605 3338 4650 et
3393 4595 3736 4665 Avedicbian
3764 4593 3933 4662 Sopra
3965 4596 4020 4650 la

2443 4669 2766 4738 processione
2810 4667 2944 4720 dcllo
2984 4664 3177 4732 Spirito
3207 4664 3645 4738 sauto,_Venezia
3684 4664 4021 4738 1825),_cal-

2445 4735 2548 4793 lide
2592 4740 2690 4790 hac
2716 4738 3063 4805 cxpressione
3096 4752 3252 4789 suum
3294 4736 3360 4789 de
3388 4735 3589 4803 Spiritu
3620 4743 3808 4789 saneto
3849 4735 4020 4803 placi-

2446 4819 2558 4862 tum
2610 4807 2912 4861 occuluisse
2962 4816 3017 4860 et
3067 4807 3370 4869 obvelasse,
3398 4820 3467 4858 ne
3495 4805 3560 4857 ad
3597 4805 3850 4857 unionem
3892 4821 4019 4858 cum

2446 4879 2684 4933 Ecclesia
2725 4875 3315 4940 Constantinoliolitana
3367 4875 3683 4928 sollicitatos
3744 4872 4019 4928 hmreseos

2447 4947 2882 5000 tnanil‘eslatione
2916 4947 3234 4998 deterreret.

2519 5017 2626 5087 (50)
2654 5016 2742 5069 Sic
2773 5015 3035 5087 Georgius
3073 5013 3317 5087 Cyprius,
3365 5013 3666 5087 Demetrius
3702 5015 4017 5087 Crysolaras

2445 5073 2641 5155 aliique
2678 5086 2818 5153 apud
2853 5073 3213 5155 Beecunrlﬁ
3256 5085 3322 5138 ad
3353 5085 3638 5155 Constuet
3684 5073 3821 5139 oral.
3879 5086 3911 5137 ‘2
3960 5088 4014 5139 in

2447 5151 2579 5210 toni.
2620 5151 2796 5224 Cyprii
2850 5155 2934 5223 (G.
2966 5154 3026 5208 0.
3073 5151 3132 5216 11,
3170 5153 3271 5205 150
3307 5170 3417 5221 seq.
3476 5152 3605 5220 254)
3653 5165 3707 5208 et
3760 5155 4013 5209 Allatitnn

2446 5227 2637 5280 Contra
2664 5224 2900 5294 IIotting.
2942 5240 2994 5293 p.
3016 5224 3138 5282 531,
3170 5225 3745 5294 οιγλιιιιιριιξ-Εριιεεὶιιε
3774 5226 3827 5277 in
3853 5239 4011 5278 conc.

2446 5295 2685 5348 Florent.
2720 5291 2867 5347 sess:
2894 5291 2956 5346 l8
2981 5302 3036 5346 et
3069 5294 3153 5344 19.
3182 5293 3369 5359 (llard.
3407 5291 3496 5350 IX.
3530 5293 3654 5355 208,
3682 5294 3831 5355 209).

2518 5367 2627 5434 (51)
2659 5365 2746 5416 Sic
2778 5382 2830 5416 ν.
2867 5380 2917 5432 g.
2955 5362 3311 5434 Cyrillushlib.
3351 5362 3415 5425 11,
3444 5361 3596 5415 Thes.
3631 5365 3739 5434 (ap.
3778 5362 4011 5434 lV'icepb.

2448 5431 2616 5488 Blem.
2647 5444 2784 5487 orat.
2821 5431 2887 5498 2,
2915 5450 2962 5486 c.
3005 5431 3057 5486 6.
3098 5431 3418 5485 Clilleccum
3459 5433 3627 5502 epigr.
3668 5433 3706 5495 Ι,
3757 5433 3820 5488 G.
3868 5433 3930 5486 0.
3969 5434 4009 5496 Ι,

2445 5505 2647 5569 47ς11,
2693 5504 2815 5565 59.8,
2863 5503 3017 5572 5‘29):
3083 5502 3324 5572 ‘ttvdtqu
3377 5503 3592 5572 719,19
3640 5502 3863 5571 Πνεῦμα
3915 5503 4012 5570 τῆς

2449 5578 2632 5636 οὑσίας
2673 5575 2938 5644 ὑπάρχειν
2972 5569 3272 5644 ομνιλογεῖν
3316 5569 3411 5644 τοῦ
3471 5570 3597 5644 ξ’ἱοὺ
3631 5587 3644 5600 ’
3681 5573 3756 5644 ὠς
3791 5569 3915 5641 ἡγὰρ
3952 5569 4011 5644 ἐξ

2450 5645 2612 5699 αὑτοῦ
2645 5639 2980 5710 κατὸίξρύσιν
3013 5643 3254 5710 ὑπάρχον
3283 5641 3378 5693 καὶ
3416 5639 3504 5692 ἐπὶ
3533 5643 3642 5711 τὴν
3663 5642 3840 5711 κτίσιν
3881 5639 4009 5711 παρ’

2451 5715 2612 5770 αὑτοὺ
2635 5714 2988 5784 πεμπόμενον
3015 5712 3104 5766 τὸν
3135 5711 3483 5782 ὲγκαινισμὺν
3513 5710 3828 5781 ἐργάζεται.
