4242 6438
195 397 318 464 477
895 402 993 462 DE
1136 402 1326 460 SPIR.
1374 398 1872 462 MYSTAGOGIA.
1910 427 1974 438 -
2001 402 2724 470 ANIMADVERSIONES
3368 410 3472 473 478

195 512 314 573 6's;
355 520 494 564 orat.
521 512 576 575 ‘2,
608 511 661 564 in
691 515 824 565 tom.
874 510 1035 580 Cypr.
1079 531 1130 569 c.
1177 513 1210 564 4
1239 525 1354 579 seq.
1412 519 1521 564 tota
1568 512 1781 579 epigra-
1816 513 1861 569 Α
1891 511 2154 580 Spiritus;
2187 516 2279 568 sed
2312 517 2416 570 hoc
2453 532 2555 570 nee
2579 532 2743 570 ausus
2766 522 2850 570 est
2888 529 2992 570 nec
3015 518 3236 573 audebit
3261 520 3460 589 aliquis

193 601 317 668 phe
354 601 419 653 19.
454 599 540 668 (G.
580 600 641 655 0.
678 599 716 664 1,
757 601 857 654 111
892 616 1036 668 seq.,
1074 600 1180 653 208
1213 615 1352 667 seq.,
1393 599 1435 652 ll
1493 600 1596 652 257
1647 615 1788 668 seq.,
1896 600 2096 655 dicere.
2126 603 2390 658 Praeterea
2414 621 2538 659 cum
2570 607 2804 660 essentia
2839 622 2941 661 nec
2972 617 3195 677 generet
3228 625 3327 663 nec
3357 610 3474 677 spi-

195 693 316 744 (524
351 694 492 761 seq.)
545 695 798 747 Allatium
855 691 1067 744 Enchir.
1121 709 1170 745 e.
1209 692 1269 744 δ’.
1314 708 1366 760 p.
1430 699 1496 761 ιη’
1549 707 1664 760 seq.
1703 691 1791 745 ,10.
1897 701 1998 754 ret,
2029 695 2648 765 secundumtlieologos,
2677 696 2804 750 item
2835 699 2998 751 etiam
3022 700 3318 752 secundum
3350 702 3473 768 pln-

194 784 406 837 Theol.
445 786 498 837 in
522 801 677 838 conc.
718 786 859 838 Flor.
898 801 1030 838 sess.
1069 786 1130 837 19
1173 784 1357 851 (llard.
1390 783 1480 845 lx,
1513 801 1564 851 p.
1602 784 1704 835 ι217
1741 791 1794 835 et
1897 783 2150 853 losophos
2192 788 2268 852 (et
2314 788 2414 854 ipsi
2469 791 2611 841 enim
2645 789 2845 856 ubique
2888 790 3079 843 dicunt
3126 793 3473 860 operationcs

196 877 402 944 sa-pe).
452 876 762 940 Disputarat
801 876 1066 941 Georgius
1095 876 1322 944 Cyprius
1355 875 1516 942 (apud
1562 875 1791 928 Beccum
1899 877 2302 932 individuorum
2331 895 2470 943 esse,
2507 898 2615 934 non
2649 882 3036 934 univcrsalium
3076 891 3130 936 et
3186 899 3469 953 generum.

197 968 264 1019 (ἔ.
311 967 382 1021 0.
442 969 505 1030 ll,
548 969 674 1032 255,
704 970 828 1033 ΞΜ,
867 969 993 1036 9.36)
1046 969 1192 1021 hunc
1242 968 1294 1020 in
1343 967 1558 1020 modum
1595 985 1606 1019 :
1641 966 1796 1019 Com-
1897 967 1979 1021 Me
2029 971 2174 1024 enim
2226 988 2328 1023 non
2375 973 2526 1024 homo
2569 974 2876 1041 simpliciter
2917 976 3006 1028 sctl
3049 976 3261 1044 quidam
3319 978 3472 1029 homo

199 1061 399 1114 munis
441 1059 590 1130 [i38l
641 1061 878 1114 essentia
926 1077 1034 1115 non
1084 1070 1168 1114 est
1207 1075 1369 1113 causa
1420 1060 1792 1128 liypostaseos,
1897 1059 2102 1128 genuit)
2130 1060 2174 1112 si
2199 1060 2360 1129 igitur
2391 1063 2720 1130 operatioucs
2761 1064 3176 1125 individuorum.
3219 1068 3472 1119 1101111111-

199 1168 339 1204 cum
372 1168 547 1220 neque
574 1162 798 1218 generet
825 1168 1000 1221 neque
1029 1154 1293 1221 producat
1327 1167 1585 1221 unquam,
1608 1167 1794 1204 verum
1899 1151 2180 1204 versalium
2212 1163 2351 1214 sunt,
2371 1169 2473 1206 nec
2498 1155 2815 1206 substantiae
2831 1155 3164 1222 simpliciter,
3188 1158 3311 1224 quid
3330 1158 3474 1210 aliud

203 1244 458 1296 essentia
516 1259 638 1296 cum
701 1245 1129 1313 pr0prietatibus
1186 1244 1250 1315 (ἡ
1314 1246 1429 1311 μετ’
1490 1243 1796 1311 ἰδιωμάτων
1898 1240 2301 1310 intelligendum
2337 1254 2595 1307 est,cum
2631 1249 2924 1299 essentiam
2962 1246 3080 1299 Filii
3138 1250 3390 1301 audimus
3418 1259 3472 1302 et

203 1335 427 1397 οὑσὶαὶ,
459 1353 577 1405 qua:
607 1337 779 1405 ipsam
826 1335 1140 1406 livpostasin
1177 1344 1348 1389 notat.
1386 1336 1551 1390 Porro
1588 1335 1796 1388 Beccus
1897 1349 1964 1388 ex
2004 1351 2066 1388 ea
2099 1334 2358 1404 Spiritum
2414 1338 2651 1405 prodire,
2697 1339 2798 1391 nisi
2831 1339 3070 1393 divinam
3103 1341 3220 1406 ejus
3281 1357 3473 1409 perso-

207 1427 263 1479 id
304 1428 542 1480 libenter
571 1428 838 1491 admittit;
890 1443 1080 1481 verum
1127 1430 1282 1496 petit,
1334 1443 1400 1481 an
1451 1427 1598 1480 solus
1638 1426 1798 1480 Pater
1899 1424 2070 1475 nam?
2098 1427 2374 1493 Amplius:
2410 1441 2510 1479 nec
2537 1428 2638 1480 hoc
2679 1444 2778 1481 nos
2813 1429 2996 1489 lateat,
3033 1430 3177 1498 quod
3211 1431 3302 1497 qui
3359 1429 3474 1484 hinc

205 1519 459 1570 essvntia
483 1534 604 1572 cum
623 1523 955 1588 proprietate
984 1519 1265 1572 habendus
1287 1519 1385 1581 sit;
1411 1519 1462 1572 id
1490 1517 1533 1572 si
1565 1517 1796 1572 aﬂirtne-
1899 1514 2150 1568 dicebant
2182 1519 2355 1571 sancti
2389 1519 2666 1585 doctores,
2703 1530 2893 1573 contra
2927 1521 3157 1574 Arianos
3191 1532 3238 1574 et
3289 1521 3473 1574 Euno-

209 1619 305 1662 tnr
349 1611 671 1668 universim,
707 1626 940 1679 pugnam
968 1627 1088 1664 eum
1136 1611 1353 1663 Patrum
1395 1610 1640 1664 doctrina
1676 1627 1798 1666 esse
1898 1606 2109 1658 miauos
2142 1621 2199 1660 se
2245 1617 2588 1675 opponentes
2640 1610 2754 1662 luce
2810 1610 3085 1672 dicebant,
3138 1611 3228 1678 qui
3277 1611 3470 1662 Filium

206 1711 509 1767 apertam;
549 1701 592 1753 si
630 1715 760 1753 vero
787 1701 1123 1769 producendi
1163 1703 1468 1770 proprietas
1509 1718 1602 1754 um
1649 1716 1794 1755 ram
1898 1717 1962 1749 es
1999 1701 2175 1758 Patre,
2215 1699 2476 1766 Spiritum
2514 1717 2580 1753 ex
2641 1699 2824 1768 (Patre
2857 1703 2932 1770 et)
2980 1700 3115 1754 Filio
3167 1712 3476 1755 asserentes

207 1793 556 1856 vindicetur,
592 1793 757 1862 gratis
779 1792 883 1847 hoc
914 1794 1137 1846 omnino
1177 1794 1407 1864 supponi
1453 1811 1515 1849 ac
1545 1796 1662 1848 sine
1687 1795 1796 1848 ullo
1829 1841 1872 1864 η
1901 1803 1966 1841 ex
2001 1791 2304 1842 substantia
2359 1798 2539 1842 tamen
2595 1806 2783 1844 eorum
2834 1808 2953 1846 esse
3002 1794 3293 1862 negabant,
3350 1809 3474 1846 eum

210 1885 541 1938 testimonio
599 1886 909 1940 traditionis
957 1885 1051 1952 (cf.
1104 1884 1130 1955 ς
1183 1886 1216 1939 5
1264 1885 1426 1952 seq.).
1508 1885 1796 1949 Pneterea,

209 1975 419 2041 arguit,
451 1973 578 2026 dum
611 1973 928 2027 conceditur
975 1972 1236 2042 Spiritum
1274 1989 1395 2028 esse
1452 1989 1517 2028 ex
1564 1976 1797 2030 essentia

213 2065 364 2128 Filii,
403 2074 460 2118 ut
485 2081 546 2118 ex
570 2066 805 2119 essentia
832 2065 1026 2127 Patris,
1051 2066 1287 2120 essentia
1311 2083 1441 2121 vero
1474 2067 1649 2121 Patris
1674 2083 1796 2121 cum

213 2158 564 2226 proprietate
624 2158 714 2211 hic
772 2158 1116 2228 intelligitur,
1172 2159 1336 2212 etiam
1394 2161 1630 2213 essentia
1679 2160 1795 2214 Filii

214 2247 342 2316 μετ’
376 2247 665 2316 ἰδιώματος
715 2249 936 2319 cogitari
968 2250 1146 2312 debet,
1201 2265 1322 2318 qua:
1361 2260 1443 2304 est
1471 2250 1796 2321 hypostasis,

215 2348 277 2393 ut
311 2342 392 2393 ait
422 2340 535 2408 ipse
560 2342 925 2395 adversarius.
951 2342 1136 2410 Neque
1163 2342 1480 2406 dicendum,
1510 2343 1617 2396 alio
1634 2359 1795 2396 sensu

215 2433 323 2485 diei
363 2433 422 2495 ἐξ
446 2434 631 2494 οὐσίας
663 2433 756 2485 τοῦ
783 2434 1015 2502 Πατρδς,
1044 2432 1148 2485 alio
1177 2433 1237 2497 ἐξ
1277 2435 1465 2497 οὐσίας
1509 2434 1602 2488 τοῦ
1643 2435 1795 2501 Υῐοῦ,

217 2525 437 2592 hocque
469 2525 737 2592 posterius
763 2525 828 2578 ad
856 2526 1119 2579 unitatem
1150 2527 1400 2580 essentia:
1420 2527 1797 2592 referendum;

218 2615 300 2668 sic
333 2617 480 2669 enim
512 2626 564 2669 et
598 2616 832 2684 Spiritus
863 2633 926 2671 ex
962 2628 1171 2672 suamet
1200 2619 1432 2672 essentia
1467 2635 1586 2674 esse
1612 2621 1799 2674 dicen-

218 2707 326 2760 dus
361 2707 504 2761 foret
534 2707 691 2778 (orat.
730 2709 778 2772 1,
810 2709 863 2762 in
895 2701 1028 2763 t'om.
1055 2710 1216 2780 Cypr.
1239 2725 1288 2764 c.
1326 2711 1472 2774 11,1.
1507 2726 1554 2765 c.
1585 2727 1637 2781 p.
1671 2712 1798 2777 155,

221 2796 354 2851 236.
387 2798 472 2850 Cf.
505 2810 640 2852 orat.
673 2798 727 2864 2,
761 2815 810 2853 e.
839 2800 894 2862 2,
929 2817 977 2868 p.
1005 2799 1154 2865 255).
1197 2798 1330 2854 Rem
1363 2801 1673 2854 universam
1701 2817 1800 2855 acu

227 2889 477 2956 tetigisse
507 2888 715 2942 videtur
746 2891 894 2942 card.
921 2890 1225 2954 Bcssarion,
1253 2890 1380 2942 dum
1421 2893 1610 2946 scribit
1635 2893 1797 2961 epist.

225 2979 294 3032 ad
332 2980 486 3032 Alex.
534 2979 694 3034 Lasc.
726 2996 774 3033 c.
823 2981 854 3032 7
900 2981 1086 3049 (llard.
1119 2980 1211 3046 lx,
1253 2982 1409 3044 1065,
1448 2983 1582 3036 1061
1619 3003 1631 3037 :
1674 3002 1691 3034 t
1743 2982 1800 3038 In

224 3081 415 3124 sancta
446 3070 731 3135 Trinitate,
766 3073 907 3141 quod
937 3091 997 3125 cx
1020 3075 1318 3127 substantia
1346 3075 1575 3143 alicujus
1598 3084 1698 3138 est,
1735 3091 1800 3129 ex

225 3177 462 3229 persona
512 3179 727 3231 quoque
784 3165 902 3232 ejus
955 3164 1023 3216 sit
1075 3181 1300 3218 necesse
1354 3178 1527 3229 est,...

225 3251 534 3304 substantia
560 3261 614 3304 et
647 3268 877 3320 persona
910 3254 1125 3305 realiter
1157 3269 1322 3307 unum
1357 3255 1468 3308 sint
1501 3265 1556 3309 et
1587 3256 1809 3308 nonnisi

226 3342 441 3395 ratione
460 3343 859 3411 distinguantur
881 3364 893 3406 -,
914 3359 1070 3396 secus
1091 3343 1268 3397 forent
1301 3345 1377 3398 uti
1409 3359 1517 3399 tres
1537 3361 1809 3414 personui,

227 3432 298 3484 ita
332 3442 388 3485 et
416 3441 525 3486 tres
556 3435 823 3487 essentia).
859 3435 1138 3487 Distiuctio
1180 3437 1473 3505 hypostasis
1531 3449 1577 3490 et
1609 3449 1812 3493 natura:

227 3525 454 3576 rationis
495 3535 589 3590 est,
651 3528 826 3578 unitas
881 3543 999 3579 vero
1058 3528 1258 3592 realis;
1309 3541 1498 3582 contra
1536 3531 1587 3583 in
1652 3533 1812 3586 nobis

230 3618 550 3671 hominibus
580 3629 681 3672 est.
714 3619 846 3672 Nam
877 3620 928 3672 in
961 3621 1115 3674 nobis
1152 3627 1330 3677 unitas
1350 3625 1568 3692 quidem
1600 3639 1806 3680 natura:

227 3727 352 3763 cum
380 3713 644 3779 cujusque
669 3728 898 3779 persona
938 3714 1185 3776 rationis,
1214 3715 1491 3769 distinctio
1519 3735 1647 3771 vero
1681 3735 1806 3772 rea~

232 3801 295 3853 lis
331 3812 451 3866 est;
490 3801 590 3853 alia
643 3818 874 3869 namque
903 3819 987 3856 res
1019 3813 1100 3857 est
1163 3805 1470 3858 humanitas
1527 3806 1660 3874 ipsa,
1704 3809 1805 3862 alia

232 3890 394 3959 hujus
442 3908 684 3960 persona:
731 3895 1106 3948 individuatio.
1143 3894 1322 3960 Quare
1346 3899 1803 3964 quemadmodum

231 3997 424 4036 sumus
473 3987 656 4037 multa":
688 4001 952 4053 personte,
1003 3987 1074 4040 ita
1111 3988 1273 4040 etiam
1327 3989 1480 4041 multi
1533 3989 1802 4044 homines.

233 4075 350 4138 Quo
375 4077 453 4139 ﬁt,
483 4085 538 4128 ut
561 4080 699 4144 quod
715 4079 779 4129 sit
802 4095 864 4131 ea:
892 4095 1083 4130 natura
1116 4080 1344 4148 alicujus
1384 4083 1671 4149 hominum,
1703 4100 1803 4135 non

233 4169 524 4220 necessario
555 4169 712 4220 etiam
755 4171 820 4221 sit
857 4187 920 4221 ex
955 4171 1066 4237 ejus
1109 4188 1347 4238 persona.
1378 4170 1440 4223 lu
1475 4184 1662 4225 sancta
1686 4192 1803 4228 vero

236 4254 499 4310 Trinitate
523 4275 550 4310 ε
572 4275 811 4311 cont-orso
845 4271 984 4312 est...
1024 4261 1201 4314 L'nitus
1228 4263 1462 4315 essentia:
1493 4273 1538 4315 et
1571 4281 1802 4332 persona:

234 4357 305 4399 est
353 4350 532 4412 realis,
579 4351 841 4402 distinctio
894 4369 1009 4405 vero
1063 4355 1302 4406 rationis.
1338 4353 1438 4420 (Cl'.
1481 4355 1564 4409 ,10.
1608 4355 1797 4410 Theol.

234 4452 364 4491 sess.
407 4439 471 4492 19
497 4437 668 4491 Flur.:
702 4439 864 4493 llard.
897 4440 987 4501 IX,
1031 4440 1155 4505 221,
1189 4441 1336 4512 2⁸25.)
1379 4443 1557 4507 Quare
1583 4447 1719 4509 quod
1741 4463 1802 4499 ea:

1903 1882 2165 1944 dicerent,
2204 1873 2420 1947 Filium,
2453 1885 2559 1938 etsi
2595 1901 2659 1938 ex
2693 1884 2872 1949 Patre,
2907 1901 3016 1939 non
3047 1896 3226 1939 tamen
3267 1901 3330 1938 ex
3356 1887 3476 1952 ejus

1900 1973 2136 2026 essentia
2198 1974 2310 2027 sive
2344 1986 2564 2038 natura,
2595 1976 2689 2028 sed
2732 1977 3007 2029 voluntate
3040 1985 3227 2029 natum
3284 1977 3472 2040 fuisse,

1903 2064 2161 2132 Spiritum
2198 2080 2327 2117 vero
2371 2066 2547 2133 ipsum
2607 2067 2766 2119 etiam
2800 2082 2862 2119 ex
2917 2066 3076 2129 Filio,
3135 2081 3242 2118 non
3293 2077 3473 2119 tamen

1899 2154 2287 2216 essentialiter,
2323 2155 2436 2208 sive
2467 2157 2807 2216 naturaliter,
2836 2157 2927 2208 sed
2963 2156 3474 2221 voluntarie.Qnarc

1901 2246 2093 2299 Filium
2124 2249 2389 2301 minorem
2422 2247 2578 2300 Patre
2611 2259 2663 2302 et
2695 2250 2920 2301 alterius
2947 2249 3269 2302 substantiae
3324 2264 3475 2300 asse-

1903 2341 2121 2403 rebant;
2155 2352 2372 2409 tresque
2407 2341 2458 2393 in
2511 2341 2798 2393 divinitate
2855 2340 3128 2408 ponebant
3184 2341 3470 2392 essentias.

1899 2433 2084 2488 Patres
2127 2433 2287 2502 igitur
2333 2433 2644 2502 opinionem
2725 2450 2914 2486 eorum
2969 2442 3221 2501 tanquam
3286 2433 3472 2486 falsam

1903 2525 2234 2585 refellentes,
2276 2539 2383 2575 non
2407 2540 2470 2576 ex
2503 2523 2639 2576 Filio
2671 2524 2870 2588 solum,
2922 2523 3016 2578 scd
3055 2524 3215 2576 etiam
3243 2539 3308 2575 ex
3357 2523 3475 2590 ejus

1901 2617 2202 2671 substantia
2224 2617 2558 2670 conabantur
2593 2617 2854 2685 Spiritum
2889 2626 3135 2669 sanctum
3174 2631 3295 2669 esse
3349 2631 3476 2683 pro-

1902 2709 2050 2768 bare,
2086 2707 2336 2760 similiter
2376 2706 2569 2760 Filium
2601 2721 2710 2758 non
2740 2722 2806 2759 cx
2861 2705 3020 2759 Patre
3061 2706 3254 2767 solum,
3286 2721 3473 2758 verum

1901 2799 2067 2854 etiam
2097 2814 2161 2853 cx
2193 2800 2311 2866 ejus
2334 2801 2590 2852 essentia.
2633 2796 2779 2867 [9.40]
2805 2797 3099 2850 Considera
3133 2813 3281 2866 ergo,
3332 2812 3470 2864 quo-

1914 2892 2076 2944 modo
2123 2891 2187 2943 ad
2243 2891 2366 2951 ltoc,
2396 2889 2536 2957 quod
2579 2888 2817 2940 ha-retici
2869 2887 3140 2946 dicebant,
3183 2903 3244 2938 ca:
3295 2886 3476 2937 rotun-

1905 2993 2030 3044 tate,
2058 2999 2156 3035 non
2184 2998 2246 3034 ea:
2273 2981 2498 3034 essentia
2553 2978 2683 3032 Filii
2728 2978 2988 3048 Spiritum
3015 2993 3157 3042 esse,
3194 2992 3252 3030 se
3304 2992 3477 3046 oppo—

1907 3076 2109 3128 nebant
2137 3074 2410 3137 doctores,
2442 3088 2506 3126 ex
2553 3073 2789 3125 essentia
2820 3071 2938 3123 Filii
2972 3070 3121 3122 illum
3155 3084 3274 3122 esse
3325 3083 3474 3121 aSse-

1596 3183 1614 3215 1
1677 3181 1801 3219 cum
1833 3181 1872 3236 ο
1908 3177 2197 3230 verantes;
2252 3166 2315 3219 ad
2381 3167 2484 3219 hoc
2536 3175 2739 3224 autem,
2791 3165 2931 3231 quod
3002 3163 3076 3216 illi
3116 3161 3366 3215 dicebant
3412 3175 3477 3213 ex

1916 3259 2053 3312 Filio
2096 3274 2235 3321 esse,
2273 3259 2454 3310 nullus
2503 3255 2869 3318 contradixit;
2900 3270 3001 3307 nec
3033 3255 3166 3308 dixit
3205 3269 3312 3306 non
3356 3267 3479 3304 esse

1918 3350 2065 3402 illum
2096 3365 2160 3403 ex
2198 3350 2358 3414 Filio,
2393 3360 2649 3417 tauquam
2685 3359 2738 3401 ct
2761 3348 2861 3417 ipsi
2892 3349 2993 3400 huc
3029 3345 3326 3399 sentientes
3385 3345 3476 3412 (ρι’.

1914 3441 2030 3510 ll,§
2061 3445 2134 3506 7),
2171 3453 2224 3495 et
2252 3442 2520 3504 dicentes,
2552 3455 2673 3494 esse
2721 3455 2783 3492 ex
2815 3439 3049 3491 essentia
3083 3435 3224 3495 Filii,
3262 3436 3401 3488 idem
3425 3445 3479 3487 ct

1913 3532 2015 3601 ipsi
2059 3533 2453 3601 intelligentes;
2505 3547 2567 3584 ac
2624 3531 2668 3582 si
2718 3533 2982 3587 dicerent,
3043 3543 3106 3578 ex.
3151 3526 3376 3577 csscutia
3429 3533 3476 3575 et

1911 3641 2130 3690 persona
2159 3626 2290 3686 eius,
2325 3633 2379 3675 et
2404 3639 2502 3675 nos
2532 3623 2636 3674 hoc
2671 3620 2810 3673 idem
2838 3621 3103 3672 dicentes.
3139 3636 3155 3667 1

1984 3717 2066 3766 10.
2113 3715 2308 3768 [talum
2348 3730 2477 3783 ergo
2513 3724 2627 3767 est:
2669 3712 2723 3764 Si
2756 3713 2986 3780 Spiritus
3012 3718 3094 3762 est
3127 3725 3188 3762 ex
3238 3707 3478 3760 essentia

1910 3807 2050 3871 Filii,
2080 3817 2161 3860 est
2183 3823 2396 3875 quoque
2415 3823 2477 3858 ex
2511 3808 2626 3874 ejus
2658 3820 2907 3874 persona.
2950 3801 3178 3854 Setlnon
3212 3801 3389 3852 minus
3415 3815 3475 3850 cx

1908 3902 2064 3954 dictis
2098 3901 2172 3970 (ἐξ
2227 3903 2278 3959 8.
2314 3903 2365 3968 9)
2409 3911 2582 3953 ratutn
2613 3911 2724 3952 est:
2754 3899 2806 3950 Si
2835 3899 3071 3966 Spiritus
3097 3905 3177 3948 cst
3209 3911 3271 3948 ex
3303 3895 3476 3963 hypo-

1907 3996 2032 4048 stasi
2069 3994 2259 4058 Patris,
2292 4004 2373 4046 est
2395 4010 2612 4062 quoque
2643 4009 2705 4044 ex
2731 3992 2849 4056 ejus
2872 3990 3124 4042 essentia.
3160 3991 3262 4040 Sed
3289 4002 3476 4040 essen-

1908 4089 1977 4139 tia
2011 4087 2182 4140 Patris
2218 4087 2328 4154 jam
2362 4085 2495 4138 Filio
2525 4085 2922 4136 communicata
2981 4081 3312 4150 intelligitur,
3346 4078 3471 4131 dazn

1906 4180 2176 4252 processio
2210 4179 2442 4247 Spiritus
2472 4177 2639 4231 sancti
2677 4176 3000 4243 concipitur,
3036 4173 3192 4225 Pater
3219 4183 3272 4224 et
3305 4171 3475 4223 Filius

1905 4274 1958 4324 in
1988 4288 2082 4325 sua
2127 4270 2352 4338 quisque
2378 4283 2604 4337 persona
2628 4259 2954 4320 constitutus
2989 4266 3098 4334 jam
3125 4261 3471 4331 Supponitur,

1907 4360 2035 4413 dum
2068 4358 2132 4411 dc
2175 4357 2260 4409 illa
2295 4357 2642 4423 proccssione
2668 4368 2847 4406 sermo
2884 4353 3130 4403 habetur.
3175 4348 3311 4401 llinc
3350 4363 3474 4398 sus-

1903 4453 2060 4503 citata
2093 4466 2120 4503 a
2160 4449 2351 4501 Photio
2383 4447 2630 4516 qiuestio,
2680 4460 2912 4512 quanam
2959 4442 3168 4494 ratione
3215 4440 3285 4493 sit
3315 4439 3473 4491 Pater

235 4531 457 4583 essentia
489 4531 712 4596 alicujus
753 4549 1092 4600 personarum
1142 4543 1235 4597 est,
1270 4551 1332 4586 cx.
1363 4551 1578 4599 persona
1604 4555 1804 4608 quoque
1839 4529 1880 4582 Β
1912 4538 2233 4608 principium
2299 4537 2417 4590 Filii
2480 4544 2534 4588 et
2608 4533 2842 4602 Spiritus
2907 4531 3102 4590 sancti,
3169 4538 3474 4597 opportuna

236 4620 347 4687 ejus
380 4639 583 4675 necesse
611 4632 685 4674 es"!
710 4639 836 4675 esse.
873 4621 926 4676 Si
965 4623 1112 4694 [9.39]
1149 4625 1308 4693 igitur
1339 4625 1576 4692 Spiritus
1603 4644 1667 4681 ex
1706 4645 1800 4680 na-

237 4720 354 4764 tura
388 4723 444 4766 et
466 4713 701 4765 essentia
733 4712 850 4766 Filii
890 4723 993 4776 est,
1022 4721 1080 4766 ut
1109 4714 1159 4765 in
1193 4713 1468 4782 plerisque
1522 4715 1655 4768 locis
1688 4726 1798 4769 tum

238 4802 325 4853 alii
355 4803 628 4869 doctores,
659 4813 772 4857 tum
821 4806 904 4857 vel
948 4805 1179 4858 maxime
1226 4804 1458 4874 Cyrillus
1488 4808 1702 4875 probat.
1734 4823 1800 4861 ex

237 4907 470 4958 persona
515 4911 728 4963 quoque
776 4897 894 4963 ejus
942 4905 1043 4950 est.
1090 4899 1159 4949 At
1196 4898 1364 4949 nostri
1394 4897 1617 4951 dicunt:
1678 4899 1802 4952 Ideo

241 4984 353 5040 lucc
395 4989 655 5042 dicuntur
695 5005 724 5041 a
775 4989 1108 5052 doctoribus,
1148 4999 1206 5042 ut
1255 4991 1797 5044 eonsubstantialitas

239 5089 424 5132 eorum
503 5079 884 5146 comprobctur
932 5087 986 5131 et
1055 5088 1111 5131 ut
1175 5078 1494 5131 ostendatur
1565 5079 1801 5148 Spiritus

245 5162 484 5230 ejusdem
539 5182 658 5221 esse
704 5168 1020 5222 substantizc
1070 5183 1191 5221 eum
1242 5167 1397 5224 Filio.
1459 5168 1572 5222 lloc
1619 5179 1799 5222 autent

244 5264 446 5317 quanto
479 5255 660 5308 verius
711 5265 989 5318 est,tanto
1038 5257 1206 5325 magis
1236 5272 1331 5325 pro
1357 5256 1595 5329 latinis
1652 5257 1797 5310 facit.

245 5336 392 5398 Tunc
423 5347 573 5400 enim
611 5348 780 5416 magis
811 5347 1054 5415 ejusdem
1080 5347 1398 5401 substantia:
1416 5348 1650 5417 Spiritus
1677 5366 1800 5404 cum

241 5431 395 5492 Patre
459 5448 511 5492 et
575 5436 707 5492 Filio
766 5449 870 5505 est,
922 5457 1043 5491 cum
1113 5456 1175 5492 ex
1233 5455 1420 5493 eormn
1498 5443 1800 5496 substantia

244 5531 596 5600 personisque
639 5548 826 5585 eorum
882 5532 1125 5600 prodeat,
1174 5531 1275 5584 hoc
1332 5541 1417 5585 est
1478 5535 1796 5602 procedat...

249 5617 372 5673 Nam
404 5624 448 5678 si
481 5623 583 5677 hoc
604 5625 770 5675 solum
797 5623 1418 5676 eonsubstautialitatcm
1450 5625 1799 5695 signiﬁcaret.

248 5721 303 5764 ut
328 5717 497 5770 nostri
532 5724 751 5786 putant,
777 5715 1048 5770 diceretur
1078 5717 1240 5769 etiam
1268 5716 1423 5769 Pater
1457 5733 1519 5770 ex
1548 5720 1802 5771 substan-

249 5809 314 5864 tia
347 5810 466 5867 i“ilii
495 5821 550 5871 et
585 5811 820 5882 Spiritus
851 5810 1020 5867 sancti
1055 5810 1136 5865 vel
1166 5809 1336 5866 Filius
1385 5827 1449 5866 ex
1487 5812 1795 5868 substantia

1906 4631 2140 4700 suggerit
2165 4629 2368 4681 Latinis
2403 4635 2744 4695 argumenta.
2778 4623 2982 4688 Quodsi
3006 4623 3220 4674 dicatur
3240 4620 3474 4687 Spiritus

1906 4738 1970 4775 ex
2005 4722 2158 4774 Patre
2191 4729 2244 4770 ut
2279 4718 2434 4770 Patre
2469 4715 2783 4785 procedere,
2830 4715 2940 4780 jatn
2998 4711 3232 4780 Spiritus
3263 4710 3477 4760 dicetur

1907 4811 2046 4862 lilius
2064 4824 2125 4861 ac
2158 4807 2274 4860 Filii
2306 4806 2653 4876 prmrogativa
2685 4805 3028 4866 destruetur;
3057 4800 3246 4868 quodsi
3266 4798 3475 4851 dicatur

1905 4901 2196 4970 procedere
2228 4914 2292 4952 ex
2340 4898 2493 4949 Patre
2522 4906 2774 4964 quatenus
2807 4905 2878 4944 est
2921 4892 3056 4944 Deus
3088 4890 3171 4942 vel
3221 4898 3474 4958 quatenus

1906 5005 1978 5047 cst
2043 4995 2298 5058 spirator,
2383 5005 2504 5042 cum
2569 4989 2656 5041 hic
2724 4987 2867 5039 nulla
2931 4986 3152 5036 relativa
3206 4978 3474 5048 oppositio

1910 5083 2172 5136 habeatur
2197 5082 2261 5133 ad
2297 5080 2511 5140 Filium,
2543 5079 2708 5130 l-‘ilius
2741 5077 2924 5143 nequit
2957 5072 3186 5128 excludi.
3231 5067 3471 5122 1111110ρὶ-

1907 5185 2102 5227 nautur
2147 5171 2442 5240 Tlicologi:
2516 5169 2749 5238 Spiritus
2821 5176 3037 5219 sanctus
3117 5159 3360 5230 procedit
3406 5173 3470 5209 ex

1907 5265 2061 5318 Patre
2089 5274 2178 5315 aut
2208 5273 2473 5330 quatenus
2501 5269 2579 5313 est
2610 5259 2770 5310 Pater
2799 5268 2888 5309 aut
2922 5265 3182 5322 quatenus
3207 5259 3288 5303 est
3315 5249 3469 5300 Deus.

1909 5357 1965 5408 Si
2001 5356 2166 5424 prius,
2189 5354 2420 5422 Spiritus
2451 5363 2664 5404 sanctus
2690 5344 3105 5402 necessarii-ierit
3126 5340 3309 5401 Filius,
3330 5337 3470 5406 quod

1905 5459 2090 5501 contra
2145 5448 2569 5507 revelatiouetn;
2610 5443 2651 5495 si
2696 5440 2990 5511 posterius,
3060 5448 3170 5488 tutu
3229 5430 3471 5500 procedit

1906 5543 2064 5594 ctiam
2099 5557 2160 5592 ex
2188 5539 2348 5600 Filio;
2379 5536 2724 5605 quianullum
2762 5534 2974 5602 signum
3026 5526 3230 5594 concipi
3273 5531 3469 5591 potest,

1906 5649 2012 5698 quo
2042 5631 2198 5685 Pater
2229 5633 2299 5683 sit
2329 5629 2490 5684 Deus.
2527 5643 2640 5696 quo
2681 5625 2845 5676 Filius
2874 5639 2983 5674 non
3025 5635 3179 5686 atque
3207 5619 3274 5667 sit
3308 5615 3469 5664 licus.

1907 5722 2135 5775 Proinde
2159 5732 2252 5774 aut
2283 5722 2389 5774 duo
2421 5720 2539 5772 Filii
2595 5719 2646 5769 in
2677 5715 2942 5768 Trinitatc
2974 5712 3233 5763 subverso
3290 5719 3472 5773 perso-

1915 5831 2097 5868 narum
2143 5813 2450 5870 discriminc
2512 5807 2854 5870 adtnittcndi,
2887 5816 2978 5858 aut
3027 5796 3304 5873 processio
3348 5793 3456 5860 Spi-
