4242 6438
761 377 870 442 479

1884 377 2144 438 ΡΗΟΤΙΙ
2186 379 2684 441 PATRIARCII£
2722 383 2828 446 CP.

3911 374 4020 440 480

768 494 902 544 titus
923 489 1091 544 sancti
1123 489 1279 544 etiam
1304 503 1332 542 a
1365 487 1496 541 Filio
1515 496 1626 541 rata
1652 497 1754 552 est,
1777 487 2016 543 Priorem
2032 492 2332 558 argumenti
2367 493 2410 548 Δ
2440 492 2770 548 Bessarionis
2800 493 2962 548 verba
2993 492 3020 564 §
3049 491 3081 547 9
3114 491 3395 562 pr.eced.),
3427 506 3616 547 verum
3661 489 3881 560 quidem
3927 491 4016 546 fo-

768 594 972 652 partem
1007 584 1076 635 ita
1107 583 1260 636 eﬂ‘crt
1293 582 1518 648 Niceph.
1562 581 1856 633 Blemmida
1887 580 2046 647 (orat.
2079 582 2153 634 De
2187 599 2331 649 proc.

769 676 953 738 Spirit.
993 676 1178 735 sancti,
1210 689 1260 726 c.
1310 673 1411 736 2‘2;
1450 673 1511 727 ὃ.
1553 672 1616 726 0.
1658 673 1695 725 l.
1748 673 1874 739 28);
1915 674 1974 724 Et
2010 674 2196 741 Πατὴρ
2242 675 2336 725 τοῦ

669 761 675 770 ⁸
769 765 1082 832 Ιινεὺματος
1136 764 1162 813 ὁ
1216 761 1367 823 Θεὸς,
1393 763 1451 826 ἐξ
1481 763 1725 828 ἀνάγκης
1755 761 1812 812 τὸ
1852 761 2074 829 Πνεῦμα
2117 762 2242 824 Υἱός
2271 782 2280 792 ·
2311 767 2338 816 ὁ

768 855 954 923 Πατὴρ
1004 855 1110 923 γὰρ
1154 856 1357 924 κυρίως
1397 853 1522 905 Υἰοῦ
1574 855 1760 920 Πατήρ
1785 870 1798 883 ο
1842 854 1935 904 καὶ
1962 853 2076 916 πῶς
2108 857 2134 906 ὀ
2164 855 2338 921 Λόγος

771 947 1083 1014 μονογενὴς,
1118 948 1165 998 εἰ
1190 948 1281 998 καὶ
1310 946 1369 998 τὸ
1402 946 1619 1012 Πνεῦμα.
1648 944 1802 1008 Υἱ6ς;
1829 945 2061 999 Alteram
2088 947 2165 1000 sic
2191 947 2339 1000 evol-

767 1037 844 1088 \it
888 1039 1216 1091 llatramnus
1277 1037 1426 1106 [2M]
1471 1038 1536 1100 (l.
1597 1052 1677 1099 Ill,
1743 1053 1795 1090 c.
1830 1039 1882 1101 (ἱ,
1937 1055 1990 1106 p.
2033 1039 2157 1098 297,
2211 1039 2338 1104 298)

767 1127 1050 1181 Athanasii
1105 1129 1363 1181 doctrin-.e
1418 1127 1710 1182 insistens:
1751 1148 1766 1177 ι
1813 1127 2065 1181 Testatur
2107 1138 2161 1181 et
2219 1129 2338 1197 Spi-

769 1223 928 1274 ritum
1021 1221 1260 1287 ejusdem
1345 1221 1665 1273 substantia:
1751 1219 1884 1280 fore,
1948 1221 2108 1286 cujus
2162 1222 2232 1274 sit
2285 1230 2341 1274 et

771 1314 807 1365 Γ
834 1314 954 1376 lius,
992 1315 1245 1380 quoniam
1276 1313 1499 1366 exsistat
1529 1319 1588 1366 de
1615 1313 1765 1366 unita
1800 1313 2007 1366 Deitate
2059 1313 2239 1366 Patris
2292 1323 2338 1366 et

775 1402 929 1466 Filii;
958 1404 1102 1471 quod
1137 1405 1321 1456 dicens
1351 1403 1555 1470 liquido
1592 1412 1874 1465 monstrat;
1905 1402 2045 1469 quod
2081 1403 2340 1470 procedat

768 1493 837 1546 ab
877 1505 1137 1561 utroque;
1170 1510 1285 1545 cum
1315 1494 1458 1546 enim
1479 1495 1544 1546 sit
1574 1492 1754 1545 Deitas
1788 1493 1966 1544 Patris
2017 1503 2063 1544 et
2097 1493 2219 1545 Filii
2263 1494 2340 1546 sic

770 1586 940 1646 unita,
970 1594 1021 1635 ut
1053 1584 1620 1650 nullamdiﬂ'ercntiam
1653 1583 1878 1650 recipere
1900 1584 2080 1650 possit,
2117 1600 2219 1634 non
2244 1600 2340 1650 po-

771 1684 864 1726 test
907 1675 1177 1740 procedere
1200 1673 1424 1740 Spiritus
1468 1674 1530 1725 de
1563 1673 1772 1724 Deitate
1824 1671 2028 1733 Patris,
2076 1673 2175 1723 nisi
2215 1688 2338 1738 pro-

771 1765 917 1815 cedat
949 1774 995 1816 et
1027 1766 1087 1816 de
1120 1762 1267 1827 Filii,
1302 1763 1754 1831 quemadmodum
1805 1777 1905 1814 nec
1939 1763 2006 1815 de
2060 1761 2177 1814 Filii
2220 1761 2341 1813 Dei-

772 1861 902 1913 ratc,
938 1852 1037 1905 nisi
1087 1853 1341 1920 procedat
1377 1853 1535 1902 etiam
1571 1851 1637 1902 de
1670 1848 1881 1912 Patris;
1911 1849 2152 1915 alioquin
2189 1849 2337 1903 unita

776 1944 956 1998 Deitas
986 1943 1158 1995 Patris
1189 1953 1240 1995 et
1269 1941 1387 1994 Filii
1443 1957 1548 2003 non
1597 1941 1700 1993 erit
1732 1939 1842 2007 jam
1897 1939 2236 2001 indidercns,
2293 1941 2336 1994 si

772 2037 1027 2106 procedat
1059 2033 1293 2103 Spiritus
1322 2035 1387 2086 de
1421 2033 1629 2085 Deitate
1657 2031 1856 2096 Patris,
1888 2041 1941 2086 et
1993 2048 2100 2088 non
2134 2032 2336 2100 pariter

774 2130 1027 2197 procedat
1052 2128 1117 2181 de
1159 2128 1359 2180 Deitatc
1393 2126 1545 2189 Filii;
1577 2143 1638 2178 ac
1677 2142 1770 2194 per
1807 2125 1908 2176 hoc
1959 2125 2066 2192 jam
2101 2141 2207 2178 non
2237 2125 2340 2178 erit

775 2221 943 2282 unita,
994 2221 1134 2287 quod
1184 2229 1265 2272 est
1299 2218 1522 2284 impium
1561 2226 1620 2269 et
1681 2217 1956 2268 Arianutn.
1991 2235 2006 2265 ι
2045 2217 2342 2270 Confirmat

773 2309 915 2362 dicta
946 2309 1092 2377 [lngo
1125 2307 1441 2360 Etherianus
1474 2309 1530 2374 (l.
1581 2324 1617 2370 I,
1653 2323 1700 2360 c.
1738 2308 1790 2360 8.
1823 2324 1874 2375 p.
1906 2307 2060 2362 1203‘,»
2093 2307 2162 2358 ita
2204 2307 2339 2359 scri-

776 2402 947 2455 bens:
987 2420 1002 2451 ι
1050 2402 1102 2451 Si
1157 2400 1392 2468 Spiritus
1425 2416 1530 2451 non
1568 2408 1625 2450 ut
1659 2399 1898 2468 genitum
1934 2413 1994 2450 ex
2030 2396 2180 2450 Patre
2216 2413 2344 2466 pro-

777 2493 1041 2562 greditur,
1066 2490 1228 2544 Pater
1261 2507 1367 2543 non
1399 2490 1594 2544 emittit
1623 2489 1959 2559 (προϐάλλει)
1992 2488 2249 2557 Spiritum
2282 2498 2342 2543 ut

777 2584 1025 2650 genitor;
1061 2596 1182 2633 nam
1219 2581 1260 2632 si
1308 2581 1358 2632 in
1394 2595 1458 2634 eo
1491 2579 1581 2647 qui
1615 2579 1799 2647 (quod)
1836 2578 2045 2646 genitor
2076 2577 2340 2646 Spiritum

776 2677 935 2728 Pater
961 2674 1250 2736 emitteret,
1285 2673 1517 2741 Spiritus
1549 2687 1612 2724 ex
1646 2671 1804 2723 Patre
1838 2679 1894 2722 ut
1927 2670 2166 2737 genitum
2214 2685 2341 2739 pro-

777 2765 916 2818 diret
943 2782 956 2826 ;
981 2773 1174 2816 atvero
1206 2778 1312 2815 non
1347 2771 1427 2814 est
1453 2762 1688 2829 Spiritus
1710 2775 1774 2813 ex
1799 2759 1952 2812 Patre
1985 2761 2298 2830 utgenitum
2326 2780 2340 2826 ;

777 2870 884 2907 non
915 2854 1055 2907 enim
1083 2854 1218 2907 duos
1251 2852 1404 2914 filios,
1438 2853 1530 2906 sed
1566 2867 1734 2904 unum
1767 2851 1938 2905 solum
1966 2851 2123 2904 Pater
2146 2853 2344 2907 habere

777 2944 1050 3007 creditur;
1118 2943 1462 2995 manifestum
1511 2957 1660 3012 ergo,
1690 2942 1831 3009 quod
1883 2958 1982 2994 non
2041 2952 2094 2994 ut
2145 2945 2347 3010 genitor

779 3032 1040 3102 Spiritum
1072 3032 1229 3086 Pater
1256 3032 1472 3086 emittit.
1517 3033 1766 3101 Amplius
1795 3049 1807 3084 :
1857 3033 2015 3086 Pater
2050 3049 2171 3087 cum
2224 3033 2345 3100 Spi-

2440 593 2538 638 ret.
2575 585 2666 638 sed
2699 584 2764 637 ad
2796 601 2906 639 rem
2939 592 3259 653 praesentem
3292 596 3402 636 non
3431 582 3654 636 faceret.

2511 675 2592 726 ll.
2621 674 2724 728 Sed
2747 675 3054 730 accuratius
3068 673 3477 728 adhuceﬂ‘atum
3496 674 3636 727 istud
3665 674 4018 742 perpenden-

2441 762 2588 817 dum.
2620 764 2963 834 Distinguunt
2996 764 3226 834 theologi
3280 764 3598 833 principium
3625 763 3762 832 quod
3783 779 4012 832 generat

2441 857 2522 908 vel
2577 866 2763 923 spirat,
2813 866 2869 908 et
2916 855 3231 922 principium
3309 871 3408 924 quo
3454 853 3584 907 illud
3634 864 3859 919 generat
3931 855 4014 906 \cl

2442 947 2630 1015 Spirat.
2665 947 2718 1000 Id
2764 947 2966 1015 optime
3010 948 3258 1015 exposuit
3323 945 3560 1000 Joannes
3596 942 3906 1013 Theologus
3959 946 4013 997 in

2443 1053 2600 1090 conc.
2633 1037 2775 1090 Flor.
2831 1052 2967 1090 sess.
3003 1039 3068 1090 18
3103 1035 3289 1106 (llard.
3333 1035 3422 1098 IX,
3470 1035 3636 1104 2M):
3672 1034 3826 1099 Quod
3887 1052 4016 1104 pro-

2442 1128 2590 1181 ducit
2622 1127 2703 1180 vel
2727 1137 2972 1196 generat,
3000 1145 3218 1195 persona
3249 1137 3369 1191 est;
3399 1127 3730 1196 principium
3759 1143 3889 1181 vero
3914 1144 4016 1196 quo

2442 1220 2525 1271 Vel
2554 1236 2642 1286 per
2669 1221 2803 1288 quod
2836 1220 3002 1288 (ἀρχὴ
3038 1219 3104 1271 δι’
3135 1215 3200 1289 ἦς
3229 1223 3414 1287 γεννᾷ)
3446 1228 3528 1272 est
3581 1222 3842 1283 essentia,
3894 1237 4014 1287 qua:

2443 1311 2562 1362 aliis
2599 1309 3029 1362 communicatur
3060 1307 3154 1378 [ιτ.
3189 1308 3383 1362 Thom.
3426 1309 3473 1370 1,
3510 1325 3563 1376 q.
3591 1309 3680 1371 Η,
3716 1324 3767 1361 a.
3798 1309 3849 1374 5)
3877 1307 4010 1374 (59.).

2445 1402 2557 1454 lloc
2583 1400 2723 1469 quod
2758 1402 3174 1453 communicatur
3201 1400 3254 1453 in
3281 1400 3649 1470 generatione.
3675 1409 3866 1452 natura
3896 1409 4011 1460 est;

2443 1509 2600 1559 agens
2635 1507 2760 1544 vero
2784 1501 2866 1544 est
2891 1490 3191 1559 ltypostasis
3215 1490 3296 1556 (τὸ
3316 1490 3734 1557 κοινωνούμενόν
3765 1491 3882 1540 ἐστι
3913 1488 4013 1555 φύ-

2444 1600 2546 1645 σις,
2585 1582 2645 1634 τὸ
2685 1583 2742 1634 δὲ
2794 1581 3051 1650 ἐνεργοῦν
3090 1581 3238 1631 ἐστιν
3285 1580 3624 1642 ὑπόστασις).
3657 1579 4010 1649 liypostases,

2442 1671 2617 1740 pergit
2644 1685 2776 1724 sess.
2819 1670 2904 1722 i9.
2941 1668 3035 1738 (ib.
3064 1684 3116 1737 p.
3149 1667 3299 1735 216),
3332 1677 3461 1720 sunt
3483 1683 3602 1736 qua:
3632 1678 3893 1738 generant
3930 1667 4012 1719 vel

2443 1763 2668 1830 spirant.
2697 1761 2953 1814 Actiones
2983 1772 3109 1813 sunt
3168 1761 3573 1828 suppositorum
3629 1762 3704 1830 (αἱ
3738 1757 4013 1830 ἐνέργειαι

2444 1853 2580 1904 εἰσιν
2634 1851 2741 1904 τῶν
2793 1851 3187 1920 ὑποστάσεων).
3230 1850 3475 1903 Essentia
3527 1859 3610 1904 est
3647 1865 3844 1903 nomen
3889 1849 4012 1902 abs-

2443 1951 2787 2005 tractu-n;et
2815 1942 2942 1994 hinc
2991 1941 3102 1995 fieri
3145 1942 3354 2010 nequit,
3392 1950 3450 1994 ut
3484 1940 3532 1994 ei
3592 1941 3886 1994 conveniat
3923 1956 4015 2010 ge-

2443 2033 2740 2087 nerationis
2772 2033 2875 2099 (vel
2913 2031 3246 2102 spirationis)
3278 2034 3440 2087 actio.
3477 2031 3787 2086 Substantia
3834 2032 4014 2085 Patris

2442 2138 2487 2178 ct
2525 2126 2645 2179 Filii
2684 2135 2756 2178 est
2793 2127 3114 2193 principium
3163 2142 3256 2192 per
3299 2125 3435 2194 quod
3467 2127 3702 2192 spiratur
3748 2124 4010 2191 Spiritus;

2441 2215 2756 2283 principium
2789 2215 2930 2283 quod
2959 2223 3078 2266 sunt
3110 2215 3394 2281 spirantes.
3432 2233 3448 2263 ι
3487 2214 3648 2267 Pater
3675 2214 3837 2266 —ita
3875 2215 4012 2267 idem

2443 2309 2497 2362 in
2527 2323 2662 2362 sess.
2697 2307 2803 2363 ΞΗ
2831 2308 2889 2375 (ι.
2921 2323 2968 2362 c.
3014 2323 3067 2376 p.
3101 2307 3223 2371 508,
3273 2307 3398 2372 309)
3443 2338 3511 2347 —
3546 2307 3894 2362 indistinctus
3948 2307 4014 2360 ab

2443 2399 2695 2461 essentia,
2741 2398 2850 2450 imo
2896 2412 3025 2451 vero
3075 2397 3190 2466 ipse
3241 2397 3535 2450 αὐτοουσία
3557 2398 3849 2459 exsistens,
3907 2413 4012 2450 non

2444 2489 2757 2560 intelligitur
2812 2489 3125 2544 distinctam
3154 2489 3356 2542 habere
3389 2489 3680 2542 essentiam
3727 2489 3795 2542 ab
3846 2488 4014 2558 hypo-

2444 2581 2607 2646 stasi;
2659 2597 2766 2634 non
2806 2581 2950 2634 enim
2998 2596 3074 2638 re.
3118 2579 3212 2633 sed
3245 2580 3356 2634 sola
3407 2581 3616 2633 ratione
3661 2580 4016 2649 distinguitur

2447 2670 2596 2743 [265]
2627 2682 2847 2741 paterna
2878 2671 3180 2741 hypostasis
3215 2687 3245 2724 a
3297 2686 3390 2724 sua
3415 2671 3674 2725 essentia.
3733 2671 3830 2724 Est
3880 2686 4011 2740 ergo

2448 2761 2608 2813 Pater
2694 2759 3062 2813 substantialis
3149 2758 3484 2827 (οὐσιὼδης)
3591 2760 3895 2829 hypostasis
3966 2769 4020 2812 et

2447 2862 2671 2920 generat
2697 2850 3128 2906 substantialiter
3166 2849 3392 2914 Filium;
3415 2859 3471 2903 et
3495 2860 3788 2918 generatur
3818 2851 4010 2914 Filius,

2451 2942 2820 2995 substantialis
2870 2953 2924 2994 et
2988 2941 3106 3009 ipse
3133 2941 3480 3010 hypostasis;
3517 2951 3572 2993 et
3617 2953 3746 2994 sunt
3799 2943 4019 3010 quidem

2450 3035 2568 3087 du:e
2605 3034 2945 3102 hypostases.
2979 3032 3069 3086 sed
3104 3048 3243 3085 unus
3296 3032 3432 3086 lleus
3485 3041 3539 3086 et
3579 3048 3684 3086 una
3733 3035 4019 3088 amborum

782 3127 921 3176 ritus
948 3124 1176 3177 emissor
1239 3125 1326 3184 sit,
1360 3133 1452 3176 aut
1504 3125 1554 3175 in
1605 3139 1670 3176 eo
1702 3139 1809 3190 quo
1865 3123 2043 3176 diil'ert
2102 3139 2128 3174 a
2185 3125 2343 3187 Filio,
2378 3153 2419 3209 ο
2453 3135 2663 3188 natura,
2694 3140 2815 3177 cum
2843 3139 2946 3192 qua
2988 3124 3222 3192 Spiritus
3252 3134 3472 3176 sanetus
3505 3124 3822 3178 indistincte
3853 3126 4019 3194 (ἀχω-

776 3214 954 3283 ipsum
989 3214 1202 3275 emittit,
1237 3223 1328 3267 aut
1357 3213 1652 3266 secundum
1687 3212 1757 3276 id,
1788 3227 1897 3281 quo
1931 3229 2037 3266 non
2067 3214 2350 3268 dilTert.At

779 3305 832 3357 in
854 3319 917 3357 eo
945 3319 1052 3372 quo
1067 3303 1240 3357 didert
1273 3318 1379 3355 non
1405 3303 1600 3356 emittit
1627 3319 1640 3367 ;
1667 3317 1790 3354 nam
1825 3301 1875 3354 in
1906 3317 1971 3355 eo
1993 3303 2130 3371 quod
2163 3302 2344 3367 Pater,

779 3411 885 3446 non
917 3394 1115 3447 emittit
1137 3393 1413 3462 Spiritum,
1443 3393 1495 3446 in
1526 3408 1632 3461 quo
1664 3392 1778 3445 solo
1829 3407 1858 3444 a
1896 3392 2035 3444 Filio
2071 3392 2276 3446 dill‘crt.
2324 3414 2340 3446 ι

783 3485 968 3539 Diﬂ'ert
1001 3486 1155 3536 l'ater
1185 3499 1212 3536 a
1239 3484 1371 3536 Filio
1400 3482 1613 3536 nonnisi
1648 3481 2065 3534 innascibilitatc
2094 3492 2147 3535 et
2169 3493 2350 3551 pater-

780 3577 948 3630 nitate
987 3573 1032 3643 (§
1073 3573 1148 3640 5),
1177 3589 1405 3642 quarunt
1431 3573 1719 3626 notionum
1751 3570 1896 3639 prior
1945 3571 2148 3624 nullam
2211 3572 2351 3626 rela-

780 3667 983 3718 tionem
1037 3664 1352 3732 nullumque
1402 3672 1707 3732 respectum
1767 3661 1929 3716 habet
1979 3662 2043 3715 ad
2115 3663 2350 3732 Spiritus

784 3755 1205 3823 processionem,
1244 3752 1513 3821 posterior
1542 3752 1833 3804 terminum
1871 3751 1991 3805 talis
2039 3752 2261 3821 originis
2287 3768 2350 3808 ac

782 3846 1160 3914 principiatum
1193 3843 1500 3898 osrenderet
1552 3859 1670 3897 esse
1721 3842 1954 3908 Filium;
2011 3844 2154 3896 unde
2190 3842 2350 3898 Pater

783 3936 996 3989 nonnisi
1028 3951 1092 3988 ex
1116 3949 1180 3987 eo
1214 3934 1400 4002 spirat,
1431 3933 1484 3985 in
1522 3949 1630 4001 quo
1659 3950 1686 3986 a
1712 3933 1847 3988 Filio
1881 3951 1990 3988 non
2025 3935 2238 4001 diﬂ‘crt;
2294 3946 2350 3990 et

781 4037 911 4081 tunc
953 4026 1174 4094 spiratio
1206 4026 1378 4078 activa
1412 4035 1493 4078 est
1544 4023 1687 4077 Patri
1721 4023 1967 4095 Filioque
2020 4028 2344 4081 communis.

791 4139 809 4171 ι
848 4119 1046 4186 Aperte
1092 4117 1247 4170 datur
1297 4114 1544 4184 intelligi,
1584 4135 1602 4168 ι
1642 4116 1716 4169 ait
1757 4117 2103 4180 Etherianus,
2147 4136 2163 4167 ι
2199 4117 2346 4185 quod

779 4225 887 4263 non
919 4210 971 4261 in
1001 4223 1064 4262 eo
1086 4225 1190 4276 quo
1222 4207 1402 4261 differt
1427 4209 1628 4262 Patera
1666 4207 1825 4271 Filio,
1869 4209 2069 4261 emittit
2092 4209 2344 4277 spiritum

780 4309 1049 4365 sanctum,
1078 4301 1170 4354 sed
1196 4300 1246 4352 in
1283 4315 1348 4353 eo
1378 4314 1485 4368 quo
1530 4299 1914 4353 communicat.
1957 4318 1974 4350 ι
2012 4300 2077 4353 Et
2131 4316 2344 4353 rursum

782 4399 852 4459 (c.
909 4392 988 4443 l5.
1041 4391 1318 4459 p.1209):
1370 4391 1682 4443 Secundum
1729 4388 1870 4458 quod
1907 4389 2106 4458 (Pater)
2164 4398 2343 4458 potest

2455 3213 2671 3282 ρίστως)
2711 3211 3067 3277 intelligitur;
3098 3220 3151 3266 et
3182 3227 3360 3279 neque
3392 3210 3548 3264 Pater
3587 3221 3670 3265 est
3706 3228 3884 3280 neque
3932 3214 4022 3267 Fi-

2451 3305 2576 3367 lius,
2604 3319 2779 3372 neque
2816 3303 2942 3371 quid
2972 3312 3181 3368 eorum,
3216 3319 3336 3371 qure
3369 3312 3498 3356 sunt
3529 3304 3595 3356 ad
3636 3304 3837 3372 aliquid
3893 3306 4020 3373 (τῶν

2454 3397 2588 3464 πρὸς
2633 3397 2726 3459 τι).
2763 3393 2868 3447 Sed
2918 3393 3200 3462 Spiritum,
3233 3395 3286 3446 in
3319 3404 3584 3462 quantum
3631 3405 3714 3448 est
3759 3395 4019 3463 Spiritus,

2453 3486 2516 3539 ad
2571 3486 2864 3554 spirantem
2905 3485 3063 3552 (πρὸς
3098 3484 3187 3536 τὸν
3238 3485 3486 3553 πνέοντα)
3535 3485 3725 3538 referri
3781 3495 4015 3554 oportet.

2452 3574 2586 3641 Quia
2619 3590 2746 3628 vero
2776 3574 3012 3642 Spiritus
3042 3583 3123 3627 est
3148 3575 3324 3627 l‘atris
3357 3572 3611 3643 Spiritus,
3646 3584 3700 3627 et
3733 3572 4017 3644 Scriptura

2453 3675 2676 3720 testatur
2713 3665 2859 3718 illum
2913 3680 3033 3718 esse
3060 3679 3273 3733 quoque
3307 3664 3423 3718 Filii
3476 3663 3760 3732 Spiritum,
3801 3665 4018 3734 spiran-

2452 3767 2532 3810 tes
2558 3765 2683 3809 sunt
2711 3771 2839 3825 ergo
2891 3753 3047 3808 Pater
3074 3764 3126 3809 et
3155 3753 3344 3808 Filius.
3376 3774 3394 3806 ι
3449 3755 3679 3819 Quando
3727 3771 3856 3826 ergo
3884 3757 4019 3810 dici-

2453 3856 2572 3900 tur:
2611 3863 2628 3896 ‹
2669 3846 2824 3900 Pater
2858 3861 2965 3898 non
2993 3856 3074 3899 est
3124 3845 3448 3915 principium
3482 3846 3691 3901 ratione
3740 3850 4015 3913 essentirc,

2451 3953 2637 3991 verum
2673 3937 2729 3990 id
2767 3948 2850 3991 est
2880 3937 2945 3990 de
2981 3936 3246 4006 principio
3279 3938 3522 4007 proximo
3549 3940 3684 4008 quod
3706 3951 3930 4009 generat
3964 3952 4018 3995 et

2451 4030 2642 4096 Spirat,
2706 4044 2814 4081 non
2862 4043 2992 4081 vero
3041 4029 3105 4082 de
3149 4029 3417 4098 principio
3451 4042 3663 4085 remoto
3711 4049 3812 4099 quo
3847 4049 4014 4101 gene-

2450 4130 2533 4174 rat
2562 4129 2616 4174 et
2647 4119 2854 4188 spirat;
2887 4135 3074 4173 verum
3125 4136 3233 4173 non
3282 4131 3384 4186 est,
3420 4121 3463 4176 si
3506 4124 3744 4178 essentia
3789 4125 4018 4178 omnino

2449 4207 2773 4270 excluditur,
2807 4224 2929 4277 qua:
2957 4217 3041 4261 est
3068 4208 3199 4262 illud
3230 4209 3428 4279 ipsum,
3463 4213 3606 4280 quod
3644 4223 3753 4267 tum
3781 4230 4015 4283 genera-

2451 4297 2597 4351 tione
2647 4306 2760 4351 tum
2810 4296 3106 4365 spiratione
3154 4299 3593 4352 communicatur.
3651 4300 4015 4354 Subdividunt

2449 4398 2710 4455 praeterea
2750 4386 2983 4456 theologi
3015 4387 3326 4454 principium
3374 4405 3473 4454 quo
3521 4389 3576 4441 in
3633 4390 3864 4443 rudicale
3919 4407 4016 4446 seu

780 4481 1018 4550 gignere,
1075 4486 1250 4546 potest
1318 4477 1509 4530 Filium
1566 4479 1795 4542 habere;
1846 4479 2144 4531 secundum
2212 4478 2879 4556 veroDremotiasimum,
2937 4477 3082 4545 quod
3134 4478 3186 4530 in
3259 4480 3611 4549 generatione
3655 4497 3808 4549 teque
3851 4498 3914 4536 ac
3963 4483 4016 4534 in

779 4568 918 4637 quod
957 4579 1132 4637 potest
1173 4569 1434 4630 emittere,
1476 4584 1583 4622 non
1640 4577 1818 4636 potest
1868 4566 2061 4622 Filium
2116 4571 2337 4623 habere.

777 4658 953 4721 Quare
996 4656 1289 4709 secundum
1317 4656 1457 4709 aliud
1492 4666 1665 4724 potest
1697 4656 1913 4724 gignere
1947 4654 2096 4727 [2H]
2146 4672 2206 4709 ac
2253 4672 2339 4723 se-

777 4744 1013 4797 cundum
1040 4743 1180 4796 aliud
1218 4745 1482 4797 emittere.
1523 4764 1539 4794 ι
1571 4743 1725 4808 Quod
1750 4744 1791 4797 si
1821 4744 2176 4813 igiturl‘hotii
2208 4745 2342 4798 etfa-

781 4844 914 4900 tum,
943 4835 1017 4900 τῷ
1048 4835 1188 4904 λόγῳ
1238 4839 1333 4903 τῆς
1372 4836 1721 4898 ὑποστάσεως
1755 4837 1966 4890 Patrem
2013 4837 2337 4907 principium

777 4939 897 4978 esse
939 4924 1169 4993 Spiritus
1213 4926 1407 4985 sancti,
1441 4925 1567 4978 illud
1626 4925 1725 4978 sibi
1781 4925 1916 4989 vult,
1978 4925 2190 4980 Patrem
2236 4942 2342 4995 qua

779 5016 960 5078 talem,
1001 5016 1206 5068 ratione
1261 5015 1600 5083 paternitatis
1640 5030 1758 5068 esse
1794 5017 2138 5083 spiratorem,
2163 5017 2338 5070 mani-

778 5105 911 5159 feste
943 5105 1134 5159 falsum
1170 5116 1281 5172 est;
1310 5108 1450 5176 quod
1485 5108 1528 5161 si
1552 5123 1677 5161 vero
1713 5095 1866 5162 aliain
1918 5109 2006 5161 uni
2045 5109 2184 5164 Patri
2215 5127 2342 5179 pro-

778 5199 946 5266 priam
975 5209 1155 5252 notam
1179 5200 1419 5268 intelligit
1450 5215 1512 5253 ac
1535 5200 1750 5268 quidem
1777 5201 1873 5270 τὴν
1898 5201 2186 5270 προϐολὴν,
2213 5202 2344 5256 falsa

776 5301 858 5342 est
890 5291 1207 5359 suppositio,
1239 5290 1374 5344 hanc
1413 5307 1530 5345 esse
1563 5300 1800 5359 paternae
1833 5294 2188 5362 hypostaseos
2212 5295 2343 5348 cha-

777 5383 1165 5436 racteristicutn
1196 5383 1395 5436 idioma
1420 5387 1466 5453 (ξ
1484 5383 1515 5436 5
1541 5384 1744 5452 seqq).
1773 5382 1828 5436 Si
1847 5384 2078 5453 denique
2102 5385 2174 5437 nil
2201 5385 2343 5438 aliud

779 5472 957 5525 dicere
1018 5474 1196 5533 vellet,
1268 5476 1368 5529 nisi
1439 5477 1580 5545 quod
1638 5476 1910 5530 communi
1967 5478 2338 5546 theologorum

783 5564 1043 5632 principio
1082 5567 1329 5628 traditur,
1378 5568 1620 5622 actiones
1667 5584 1787 5622 esse
1806 5568 2207 5637 suppositarum
2249 5567 2341 5636 (cl.

856 5700 967 5774 (52)
999 5701 1085 5755 Sic.
1116 5704 1398 5758 Bessariun
1446 5707 1602 5772 Resp.
1657 5707 1726 5758 ad
1767 5706 1936 5758 Marci
1974 5707 2107 5774 Epit.
2164 5724 2212 5760 c.
2255 5708 2340 5770 18,

781 5772 902 5824 cod.
932 5771 1071 5826 Men.
1107 5773 1172 5826 “.37
1207 5775 1242 5828 Γ.
1276 5777 1379 5829 ‘250
1408 5777 1458 5830 Ι).
1490 5777 1598 5846 Τὴν
1635 5777 1782 5829 Θείαν
1816 5778 1907 5829 τοῦ
1951 5771 2158 5847 Hispo;
2214 5777 2342 5829 ὑπό-

2445 4569 2744 4638 spiratione
2766 4575 2848 4622 est
2880 4568 2992 4636 ipsa
3017 4567 3201 4622 divina
3229 4579 3458 4634 natura;
3516 4571 3572 4623 in
3601 4571 3883 4639 potentiale
3920 4589 4016 4625 seu

2446 4669 2719 4722 remotum,
2779 4659 2921 4726 quod
2980 4668 3063 4713 est
3118 4661 3360 4728 potentia
3413 4660 3642 4715 actionis
3688 4677 3784 4716 seu
3843 4663 4016 4716 virtus

2446 4749 2637 4822 agendi
2674 4749 2993 4802 intermedia
3021 4766 3034 4814 ;
3061 4750 3111 4802 in
3144 4750 3368 4820 formate
3393 4766 3485 4804 seu
3514 4753 3834 4818 proximum,
3866 4753 4013 4822 quod

2445 4850 2526 4895 est
2553 4840 2722 4894 forma
2745 4849 2837 4893 aut
2873 4841 2953 4894 vis
2977 4841 3210 4894 actionis
3252 4856 3346 4894 seu
3382 4840 3554 4894 virtus
3581 4843 3775 4912 agendi
3822 4845 4014 4898 innue-

2445 4931 3005 4984 diata.Communiter
3058 4932 3255 4985 docent
3305 4931 3620 4999 principium
3672 4951 3772 5003 quo
3823 4939 4009 5003 proxi-

2448 5039 2587 5074 mum
2637 5024 2998 5091 productivum
3027 5038 3148 5076 esse
3199 5025 3344 5079 solas
3403 5024 3763 5092 proprietates
3826 5042 4015 5096 perso-

2446 5128 2635 5167 narum
2665 5115 3099 5182 producentium,
3148 5116 3643 5168 communicativum
3677 5133 3805 5171 vero
3855 5129 4014 5173 natu-

2447 5221 2558 5257 ram
2607 5205 2778 5274 ipsam
2821 5205 3060 5259 divinam
3112 5205 3205 5274 (cf.
3245 5205 3428 5259 Kilber
3456 5207 3488 5259 l.
3525 5223 3573 5260 c.
3607 5223 3658 5260 c.
3694 5208 3742 5271 l,
3783 5225 3835 5262 a.
3864 5211 3920 5269 2.
3954 5229 4010 5265 ιι.

2447 5297 2548 5350 568
2583 5313 2697 5367 seq.
2727 5298 2766 5367 ).
2803 5296 3004 5351 Deinde
3031 5299 3059 5350 ὁ
3087 5295 3242 5363 λόγος
3281 5297 3379 5366 τῆς
3412 5298 3762 5362 ὑποστάσεως
3787 5303 4012 5371 cogitari

2449 5398 2628 5456 potest
2674 5389 2752 5441 vel
2785 5396 2945 5457 prout
2974 5387 3352 5442 consideratur
3381 5403 3610 5457 persona
3640 5406 3737 5458 per
3783 5407 3842 5445 se
3892 5395 4013 5447 uni-

2457 5482 2652 5536 versim
2683 5489 2736 5533 et
2764 5482 2816 5534 in
2850 5481 3123 5532 abstracto
3151 5479 3234 5533 vel
3281 5489 3444 5548 prout
3482 5495 3712 5548 persona
3765 5484 3888 5536 taiis
3935 5486 4016 5538 in-

2453 5574 2704 5645 telligitur
2732 5574 2831 5627 hac
2866 5573 2947 5627 vel
2980 5571 3065 5624 illa
3113 5571 3485 5624 individuante
3528 5571 3723 5625 aliecta
3768 5578 4016 5643 prOprie-

2451 5724 2637 5760 cuatv
2667 5706 2844 5758 αἰτίαν
2862 5702 3022 5763 εἶναι.
3047 5704 3119 5774 ᾡς
3143 5701 3201 5752 τὸ
3231 5701 3276 5766 ὃ,
3308 5701 3415 5756 εἴτε
3439 5701 3496 5766 ἐξ
3522 5701 3603 5765 οὗ,
3636 5704 3732 5774 τὴν
3766 5703 3824 5756 δὲ
3859 5701 4011 5754 θείειν

2449 5778 2609 5830 αὑτοῦ
2641 5776 2828 5830 οὐσίαν
2855 5776 2930 5837 ὡς
2967 5777 3026 5827 τὸ
3057 5767 3119 5841 ᾧ.
