  <div class='ocr_page' id='page_1' title='image "/cluster/home/n/w/nwhite01/storage/ocr_20150623/102/nnc1.0046979620/251.png"; bbox 0 0 4242 6438; ppageno 0'>
   <div class='ocr_carea' id='block_1_1' title="bbox 742 394 846 461">
    <p class='ocr_par' dir='ltr' id='par_1_1' title="bbox 742 394 846 461">
     <span class='ocr_line' id='line_1_1' title="bbox 742 394 846 461; baseline -0.019 0"><span class='ocrx_word' id='word_1_1' title='bbox 742 394 846 461; x_wconf 68' lang='grc'><strong>483</strong></span> 
     </span>
    </p>
   </div>
   <div class='ocr_carea' id='block_1_2' title="bbox 1894 391 2850 454">
    <p class='ocr_par' dir='ltr' id='par_1_2' title="bbox 1894 391 2850 454">
     <span class='ocr_line' id='line_1_2' title="bbox 1894 391 2850 454; baseline -0.003 0"><span class='ocrx_word' id='word_1_2' title='bbox 1894 394 2154 454; x_wconf 83' lang='lat' dir='ltr'><strong>PllO&#39;l‘ll</strong></span> <span class='ocrx_word' id='word_1_3' title='bbox 2197 391 2697 452; x_wconf 79' lang='lat' dir='ltr'><strong>PATRIARClI/E</strong></span> <span class='ocrx_word' id='word_1_4' title='bbox 2743 391 2850 451; x_wconf 73' lang='grc' dir='ltr'><strong>(ΣΡ.</strong></span> 
     </span>
    </p>
   </div>
   <div class='ocr_carea' id='block_1_3' title="bbox 3893 389 4019 456">
    <p class='ocr_par' dir='ltr' id='par_1_3' title="bbox 3893 389 4019 456">
     <span class='ocr_line' id='line_1_3' title="bbox 3893 389 4019 456; baseline -0.016 -2"><span class='ocrx_word' id='word_1_5' title='bbox 3893 389 4019 456; x_wconf 72' lang='grc'><strong>484</strong></span> 
     </span>
    </p>
   </div>
   <div class='ocr_carea' id='block_1_4' title="bbox 742 495 4022 570">
    <p class='ocr_par' dir='ltr' id='par_1_4' title="bbox 742 495 4022 570">
     <span class='ocr_line' id='line_1_4' title="bbox 742 495 4022 570; baseline -0.002 -10"><span class='ocrx_word' id='word_1_6' title='bbox 742 505 870 567; x_wconf 65' lang='lat'><strong>906,</strong></span> <span class='ocrx_word' id='word_1_7' title='bbox 904 503 1048 565; x_wconf 75' lang='lat'><strong>207;</strong></span> <span class='ocrx_word' id='word_1_8' title='bbox 1094 500 1165 557; x_wconf 84' lang='lat' dir='ltr'><strong>cl‘.</strong></span> <span class='ocrx_word' id='word_1_9' title='bbox 1209 516 1264 570; x_wconf 90' lang='lat' dir='ltr'><strong>p.</strong></span> <span class='ocrx_word' id='word_1_10' title='bbox 1303 500 1404 554; x_wconf 73' lang='grc'><strong>169.</strong></span> <span class='ocrx_word' id='word_1_11' title='bbox 1447 499 1610 569; x_wconf 81' lang='lat' dir='ltr'><strong>seq),</strong></span> <span class='ocrx_word' id='word_1_12' title='bbox 1657 498 2078 554; x_wconf 90' lang='lat' dir='ltr'><strong>Constantinum</strong></span> <span class='ocrx_word' id='word_1_13' title='bbox 2123 500 2329 555; x_wconf 84' lang='lat' dir='ltr'><strong>Melitc-</strong></span> <span class='ocrx_word' id='word_1_14' title='bbox 2357 498 2405 557; x_wconf 84' lang='lat' dir='ltr'><strong>A</strong></span> <span class='ocrx_word' id='word_1_15' title='bbox 2431 507 2516 552; x_wconf 90' lang='lat' dir='ltr'><strong>est</strong></span> <span class='ocrx_word' id='word_1_16' title='bbox 2546 497 2783 567; x_wconf 74' lang='lat' dir='ltr'><strong>Spiritus</strong></span> <span class='ocrx_word' id='word_1_17' title='bbox 2812 495 3006 551; x_wconf 79' lang='lat' dir='ltr'><strong>sancti.</strong></span> <span class='ocrx_word' id='word_1_18' title='bbox 3048 516 3065 549; x_wconf 72' lang='grc' dir='ltr'>ι</span> <span class='ocrx_word' id='word_1_19' title='bbox 3105 496 3254 552; x_wconf 77' lang='lat' dir='ltr'><strong>Licet</strong></span> <span class='ocrx_word' id='word_1_20' title='bbox 3296 497 3402 552; x_wconf 91' lang='lat' dir='ltr'><strong>sint</strong></span> <span class='ocrx_word' id='word_1_21' title='bbox 3438 506 3672 568; x_wconf 89' lang='lat' dir='ltr'><strong>quatuor</strong></span> <span class='ocrx_word' id='word_1_22' title='bbox 3715 497 4022 553; x_wconf 74' lang='lat' dir='ltr'><strong>relationes</strong></span> 
     </span>
    </p>
   </div>
   <div class='ocr_carea' id='block_1_5' title="bbox 745 587 2318 658">
    <p class='ocr_par' dir='ltr' id='par_1_5' title="bbox 745 587 2318 658">
     <span class='ocr_line' id='line_1_5' title="bbox 745 587 2318 658; baseline -0.001 -14"><span class='ocrx_word' id='word_1_23' title='bbox 745 593 950 644; x_wconf 89' lang='lat' dir='ltr'><strong>niotam</strong></span> <span class='ocrx_word' id='word_1_24' title='bbox 978 589 1138 658; x_wconf 87' lang='lat' dir='ltr'><strong>(orat.</strong></span> <span class='ocrx_word' id='word_1_25' title='bbox 1158 587 1212 651; x_wconf 71' lang='grc'><strong>2,</strong></span> <span class='ocrx_word' id='word_1_26' title='bbox 1239 588 1313 642; x_wconf 85' lang='lat' dir='ltr'><strong>De</strong></span> <span class='ocrx_word' id='word_1_27' title='bbox 1340 606 1488 656; x_wconf 82' lang='lat' dir='ltr'><strong>proc.</strong></span> <span class='ocrx_word' id='word_1_28' title='bbox 1522 587 1707 656; x_wconf 79' lang='lat' dir='ltr'><strong>Spirit.</strong></span> <span class='ocrx_word' id='word_1_29' title='bbox 1739 591 1929 643; x_wconf 85' lang='lat' dir='ltr'><strong>sancti.</strong></span> <span class='ocrx_word' id='word_1_30' title='bbox 1957 605 2004 642; x_wconf 90' lang='lat' dir='ltr'><strong>c.</strong></span> <span class='ocrx_word' id='word_1_31' title='bbox 2025 591 2120 654; x_wconf 76' lang='lat'><strong>59;</strong></span> <span class='ocrx_word' id='word_1_32' title='bbox 2150 591 2222 643; x_wconf 97' lang='lat' dir='ltr'><strong>ib.</strong></span> <span class='ocrx_word' id='word_1_33' title='bbox 2254 591 2318 653; x_wconf 89' lang='lat' dir='ltr'><strong>ll,</strong></span> 
     </span>
    </p>
   </div>
   <div class='ocr_carea' id='block_1_6' title="bbox 746 675 2318 748">
    <p class='ocr_par' dir='ltr' id='par_1_6' title="bbox 746 675 2318 748">
     <span class='ocr_line' id='line_1_6' title="bbox 746 675 2318 748; baseline -0.001 -15"><span class='ocrx_word' id='word_1_34' title='bbox 746 680 869 747; x_wconf 86' lang='lat'><strong>897)</strong></span> <span class='ocrx_word' id='word_1_35' title='bbox 903 679 974 731; x_wconf 89' lang='lat' dir='ltr'><strong>ita</strong></span> <span class='ocrx_word' id='word_1_36' title='bbox 1009 675 1118 730; x_wconf 85' lang='lat' dir='ltr'><strong>Leo</strong></span> <span class='ocrx_word' id='word_1_37' title='bbox 1146 678 1371 730; x_wconf 86' lang='lat' dir='ltr'><strong>Allatius</strong></span> <span class='ocrx_word' id='word_1_38' title='bbox 1413 678 1557 729; x_wconf 77' lang='lat' dir='ltr'><strong>i&#39;ind.</strong></span> <span class='ocrx_word' id='word_1_39' title='bbox 1593 695 1706 747; x_wconf 79' lang='lat' dir='ltr'><strong>syn.</strong></span> <span class='ocrx_word' id='word_1_40' title='bbox 1735 680 1867 746; x_wconf 82' lang='lat' dir='ltr'><strong>Eph.</strong></span> <span class='ocrx_word' id='word_1_41' title='bbox 1912 693 1960 731; x_wconf 92' lang='lat' dir='ltr'><strong>c.</strong></span> <span class='ocrx_word' id='word_1_42' title='bbox 1997 678 2083 743; x_wconf 80' lang='lat'><strong>56,</strong></span> <span class='ocrx_word' id='word_1_43' title='bbox 2115 696 2169 748; x_wconf 92' lang='lat' dir='ltr'><strong>p.</strong></span> <span class='ocrx_word' id='word_1_44' title='bbox 2195 679 2318 748; x_wconf 80' lang='grc'><strong>560)</strong></span> 
     </span>
    </p>
   </div>
   <div class='ocr_carea' id='block_1_7' title="bbox 747 766 2322 836">
    <p class='ocr_par' dir='ltr' id='par_1_7' title="bbox 747 766 2322 836">
     <span class='ocr_line' id='line_1_7' title="bbox 747 766 2322 836; baseline 0.001 -16"><span class='ocrx_word' id='word_1_45' title='bbox 747 768 1042 822; x_wconf 83' lang='lat' dir='ltr'><strong>Photianos</strong></span> <span class='ocrx_word' id='word_1_46' title='bbox 1078 768 1276 836; x_wconf 86' lang='lat' dir='ltr'><strong>premit</strong></span> <span class='ocrx_word' id='word_1_47' title='bbox 1310 788 1320 820; x_wconf 85' lang='lat'><strong>;</strong></span> <span class='ocrx_word' id='word_1_48' title='bbox 1359 787 1375 817; x_wconf 84' lang='grc'><strong><em>‹</em></strong></span> <span class='ocrx_word' id='word_1_49' title='bbox 1423 766 1588 820; x_wconf 83' lang='lat' dir='ltr'><strong>Estne</strong></span> <span class='ocrx_word' id='word_1_50' title='bbox 1617 777 1897 821; x_wconf 91' lang='lat' dir='ltr'><strong>causatum</strong></span> <span class='ocrx_word' id='word_1_51' title='bbox 1938 767 2052 821; x_wconf 85' lang='lat' dir='ltr'><strong>sive</strong></span> <span class='ocrx_word' id='word_1_52' title='bbox 2091 768 2322 821; x_wconf 76' lang='lat' dir='ltr'><strong>cllectus</strong></span> 
     </span>
    </p>
   </div>
   <div class='ocr_carea' id='block_1_8' title="bbox 749 855 2321 927">
    <p class='ocr_par' dir='ltr' id='par_1_8' title="bbox 749 855 2321 927">
     <span class='ocr_line' id='line_1_8' title="bbox 749 855 2321 927; baseline 0.001 -19"><span class='ocrx_word' id='word_1_53' title='bbox 749 856 1036 927; x_wconf 76' lang='grc' dir='ltr'><strong>(αἰτιατόν)</strong></span> <span class='ocrx_word' id='word_1_54' title='bbox 1069 857 1121 909; x_wconf 92' lang='lat' dir='ltr'><strong>in</strong></span> <span class='ocrx_word' id='word_1_55' title='bbox 1147 855 1366 909; x_wconf 83' lang='lat' dir='ltr'><strong>Triade?</strong></span> <span class='ocrx_word' id='word_1_56' title='bbox 1387 857 1453 909; x_wconf 84' lang='lat' dir='ltr'><strong>Et</strong></span> <span class='ocrx_word' id='word_1_57' title='bbox 1481 857 1610 910; x_wconf 90' lang='lat' dir='ltr'><strong>illud</strong></span> <span class='ocrx_word' id='word_1_58' title='bbox 1632 863 1787 910; x_wconf 80' lang='lat' dir='ltr'><strong>estne</strong></span> <span class='ocrx_word' id='word_1_59' title='bbox 1810 873 2097 910; x_wconf 85' lang='lat' dir='ltr'><strong>commune</strong></span> <span class='ocrx_word' id='word_1_60' title='bbox 2109 856 2321 910; x_wconf 89' lang='lat' dir='ltr'><strong>Triadis</strong></span> 
     </span>
    </p>
   </div>
   <div class='ocr_carea' id='block_1_9' title="bbox 746 948 2321 1018">
    <p class='ocr_par' dir='ltr' id='par_1_9' title="bbox 746 948 2321 1018">
     <span class='ocr_line' id='line_1_9' title="bbox 746 948 2321 1018; baseline 0 -16"><span class='ocrx_word' id='word_1_61' title='bbox 746 965 814 1002; x_wconf 89' lang='lat' dir='ltr'><strong>an</strong></span> <span class='ocrx_word' id='word_1_62' title='bbox 849 951 1009 1003; x_wconf 91' lang='lat' dir='ltr'><strong>unius</strong></span> <span class='ocrx_word' id='word_1_63' title='bbox 1039 948 1345 1018; x_wconf 79' lang='lat' dir='ltr'><strong>hypostasis</strong></span> <span class='ocrx_word' id='word_1_64' title='bbox 1372 949 1694 1018; x_wconf 87' lang='lat' dir='ltr'><strong>proprium?</strong></span> <span class='ocrx_word' id='word_1_65' title='bbox 1725 948 1990 1003; x_wconf 87' lang='lat' dir='ltr'><strong>Neutrum</strong></span> <span class='ocrx_word' id='word_1_66' title='bbox 2023 950 2204 1003; x_wconf 92' lang='lat' dir='ltr'><strong>dicere</strong></span> <span class='ocrx_word' id='word_1_67' title='bbox 2231 965 2321 1002; x_wconf 84' lang='lat' dir='ltr'><strong>va-</strong></span> 
     </span>
    </p>
   </div>
   <div class='ocr_carea' id='block_1_10' title="bbox 747 1040 2324 1108">
    <p class='ocr_par' dir='ltr' id='par_1_10' title="bbox 747 1040 2324 1108">
     <span class='ocr_line' id='line_1_10' title="bbox 747 1040 2324 1108; baseline 0.001 -15"><span class='ocrx_word' id='word_1_68' title='bbox 747 1042 882 1094; x_wconf 92' lang='lat' dir='ltr'><strong>lent.</strong></span> <span class='ocrx_word' id='word_1_69' title='bbox 919 1041 1054 1092; x_wconf 87' lang='lat' dir='ltr'><strong>Nam</strong></span> <span class='ocrx_word' id='word_1_70' title='bbox 1083 1051 1388 1102; x_wconf 84' lang='lat' dir='ltr'><strong>causatum,</strong></span> <span class='ocrx_word' id='word_1_71' title='bbox 1422 1040 1566 1108; x_wconf 88' lang='lat' dir='ltr'><strong>quod</strong></span> <span class='ocrx_word' id='word_1_72' title='bbox 1604 1040 1658 1093; x_wconf 92' lang='lat' dir='ltr'><strong>in</strong></span> <span class='ocrx_word' id='word_1_73' title='bbox 1697 1041 1808 1095; x_wconf 85' lang='lat' dir='ltr'><strong>Deo</strong></span> <span class='ocrx_word' id='word_1_74' title='bbox 1837 1040 2192 1108; x_wconf 91' lang='lat' dir='ltr'><strong>conspicitur,</strong></span> <span class='ocrx_word' id='word_1_75' title='bbox 2222 1055 2324 1094; x_wconf 90' lang='lat' dir='ltr'><strong>nec</strong></span> 
     </span>
    </p>
   </div>
   <div class='ocr_carea' id='block_1_11' title="bbox 745 1130 2324 1203">
    <p class='ocr_par' dir='ltr' id='par_1_11' title="bbox 745 1130 2324 1203">
     <span class='ocr_line' id='line_1_11' title="bbox 745 1130 2324 1203; baseline -0.001 -18"><span class='ocrx_word' id='word_1_76' title='bbox 745 1143 828 1185; x_wconf 81' lang='lat' dir='ltr'><strong>est</strong></span> <span class='ocrx_word' id='word_1_77' title='bbox 863 1130 1011 1203; x_wconf 60' lang='lat'><strong>[247]</strong></span> <span class='ocrx_word' id='word_1_78' title='bbox 1046 1131 1258 1186; x_wconf 88' lang='lat' dir='ltr'><strong>Triadis</strong></span> <span class='ocrx_word' id='word_1_79' title='bbox 1289 1147 1597 1196; x_wconf 87' lang='lat' dir='ltr'><strong>commune,</strong></span> <span class='ocrx_word' id='word_1_80' title='bbox 1635 1149 1738 1186; x_wconf 91' lang='lat' dir='ltr'><strong>nec</strong></span> <span class='ocrx_word' id='word_1_81' title='bbox 1778 1134 1938 1186; x_wconf 90' lang='lat' dir='ltr'><strong>unius</strong></span> <span class='ocrx_word' id='word_1_82' title='bbox 1975 1132 2186 1186; x_wconf 87' lang='lat' dir='ltr'><strong>Triadis</strong></span> <span class='ocrx_word' id='word_1_83' title='bbox 2226 1133 2324 1201; x_wconf 80' lang='lat' dir='ltr'><strong>hy-</strong></span> 
     </span>
    </p>
   </div>
   <div class='ocr_carea' id='block_1_12' title="bbox 748 1224 2321 1293">
    <p class='ocr_par' dir='ltr' id='par_1_12' title="bbox 748 1224 2321 1293">
     <span class='ocr_line' id='line_1_12' title="bbox 748 1224 2321 1293; baseline 0 -17"><span class='ocrx_word' id='word_1_84' title='bbox 748 1225 979 1293; x_wconf 88' lang='lat' dir='ltr'><strong>postasis</strong></span> <span class='ocrx_word' id='word_1_85' title='bbox 999 1225 1296 1292; x_wconf 75' lang='lat' dir='ltr'><strong>prpprium,</strong></span> <span class='ocrx_word' id='word_1_86' title='bbox 1313 1238 1433 1276; x_wconf 90' lang='lat' dir='ltr'><strong>cum</strong></span> <span class='ocrx_word' id='word_1_87' title='bbox 1457 1225 1527 1276; x_wconf 90' lang='lat' dir='ltr'><strong>sit</strong></span> <span class='ocrx_word' id='word_1_88' title='bbox 1552 1239 1839 1277; x_wconf 81' lang='lat' dir='ltr'><strong>commune</strong></span> <span class='ocrx_word' id='word_1_89' title='bbox 1859 1225 1977 1276; x_wconf 87' lang='lat' dir='ltr'><strong>Filii</strong></span> <span class='ocrx_word' id='word_1_90' title='bbox 1998 1235 2051 1276; x_wconf 91' lang='lat' dir='ltr'><strong>et</strong></span> <span class='ocrx_word' id='word_1_91' title='bbox 2066 1224 2321 1292; x_wconf 81' lang='lat' dir='ltr'><strong>Spiritus,</strong></span> 
     </span>
    </p>
   </div>
   <div class='ocr_carea' id='block_1_13' title="bbox 748 1312 2324 1382">
    <p class='ocr_par' dir='ltr' id='par_1_13' title="bbox 748 1312 2324 1382">
     <span class='ocr_line' id='line_1_13' title="bbox 748 1312 2324 1382; baseline 0 -16"><span class='ocrx_word' id='word_1_92' title='bbox 748 1323 804 1366; x_wconf 94' lang='lat' dir='ltr'><strong>ct</strong></span> <span class='ocrx_word' id='word_1_93' title='bbox 854 1329 960 1365; x_wconf 92' lang='lat' dir='ltr'><strong>non</strong></span> <span class='ocrx_word' id='word_1_94' title='bbox 1006 1313 1076 1364; x_wconf 88' lang='lat' dir='ltr'><strong>sit</strong></span> <span class='ocrx_word' id='word_1_95' title='bbox 1122 1327 1413 1365; x_wconf 84' lang='lat' dir='ltr'><strong>commune</strong></span> <span class='ocrx_word' id='word_1_96' title='bbox 1441 1312 1632 1365; x_wconf 80' lang='lat' dir='ltr'><strong>Patris.</strong></span> <span class='ocrx_word' id='word_1_97' title='bbox 1673 1313 1737 1366; x_wconf 86' lang='lat' dir='ltr'><strong>Et</strong></span> <span class='ocrx_word' id='word_1_98' title='bbox 1771 1314 1996 1382; x_wconf 90' lang='lat' dir='ltr'><strong>propius</strong></span> <span class='ocrx_word' id='word_1_99' title='bbox 2042 1315 2107 1367; x_wconf 89' lang='lat' dir='ltr'><strong>ad</strong></span> <span class='ocrx_word' id='word_1_100' title='bbox 2156 1328 2270 1366; x_wconf 86' lang='lat' dir='ltr'><strong>rem</strong></span> <span class='ocrx_word' id='word_1_101' title='bbox 2308 1328 2324 1366; x_wconf 88' lang='lat'><strong>:</strong></span> 
     </span>
    </p>
   </div>
   <div class='ocr_carea' id='block_1_14' title="bbox 750 1403 2326 1472">
    <p class='ocr_par' dir='ltr' id='par_1_14' title="bbox 750 1403 2326 1472">
     <span class='ocr_line' id='line_1_14' title="bbox 750 1403 2326 1472; baseline 0.001 -15"><span class='ocrx_word' id='word_1_102' title='bbox 750 1406 964 1458; x_wconf 78' lang='lat' dir='ltr'><strong>Mittere</strong></span> <span class='ocrx_word' id='word_1_103' title='bbox 989 1404 1250 1472; x_wconf 85' lang='lat' dir='ltr'><strong>Spiritum</strong></span> <span class='ocrx_word' id='word_1_104' title='bbox 1276 1415 1521 1458; x_wconf 89' lang='lat' dir='ltr'><strong>sanctmn</strong></span> <span class='ocrx_word' id='word_1_105' title='bbox 1552 1403 1726 1458; x_wconf 87' lang='lat' dir='ltr'><strong>Patris</strong></span> <span class='ocrx_word' id='word_1_106' title='bbox 1750 1416 1801 1458; x_wconf 91' lang='lat' dir='ltr'><strong>ct</strong></span> <span class='ocrx_word' id='word_1_107' title='bbox 1824 1404 1944 1458; x_wconf 80' lang='lat' dir='ltr'><strong>Filii</strong></span> <span class='ocrx_word' id='word_1_108' title='bbox 1972 1415 2087 1470; x_wconf 80' lang='lat' dir='ltr'><strong>est;</strong></span> <span class='ocrx_word' id='word_1_109' title='bbox 2123 1405 2172 1459; x_wconf 91' lang='lat' dir='ltr'><strong>id</strong></span> <span class='ocrx_word' id='word_1_110' title='bbox 2197 1421 2326 1459; x_wconf 88' lang='lat' dir='ltr'><strong>vero</strong></span> 
     </span>
    </p>
   </div>
   <div class='ocr_carea' id='block_1_15' title="bbox 751 1497 2326 1566">
    <p class='ocr_par' dir='ltr' id='par_1_15' title="bbox 751 1497 2326 1566">
     <span class='ocr_line' id='line_1_15' title="bbox 751 1497 2326 1566; baseline -0.001 -16"><span class='ocrx_word' id='word_1_111' title='bbox 751 1500 816 1551; x_wconf 90' lang='lat' dir='ltr'><strong>de</strong></span> <span class='ocrx_word' id='word_1_112' title='bbox 853 1497 1058 1565; x_wconf 85' lang='lat' dir='ltr'><strong>Spiritu</strong></span> <span class='ocrx_word' id='word_1_113' title='bbox 1095 1506 1283 1550; x_wconf 86' lang='lat' dir='ltr'><strong>sancto</strong></span> <span class='ocrx_word' id='word_1_114' title='bbox 1314 1497 1462 1548; x_wconf 89' lang='lat' dir='ltr'><strong>nullo</strong></span> <span class='ocrx_word' id='word_1_115' title='bbox 1502 1497 1664 1550; x_wconf 89' lang='lat' dir='ltr'><strong>modo</strong></span> <span class='ocrx_word' id='word_1_116' title='bbox 1697 1498 1932 1561; x_wconf 89' lang='lat' dir='ltr'><strong>dicitur;</strong></span> <span class='ocrx_word' id='word_1_117' title='bbox 1971 1513 2149 1566; x_wconf 90' lang='lat' dir='ltr'><strong>neque</strong></span> <span class='ocrx_word' id='word_1_118' title='bbox 2179 1499 2326 1551; x_wconf 91' lang='lat' dir='ltr'><strong>cnim</strong></span> 
     </span>
    </p>
   </div>
   <div class='ocr_carea' id='block_1_16' title="bbox 752 1588 2323 1658">
    <p class='ocr_par' dir='ltr' id='par_1_16' title="bbox 752 1588 2323 1658">
     <span class='ocr_line' id='line_1_16' title="bbox 752 1588 2323 1658; baseline 0.001 -17"><span class='ocrx_word' id='word_1_119' title='bbox 752 1589 870 1642; x_wconf 83' lang='lat' dir='ltr'><strong>ﬁeri</strong></span> <span class='ocrx_word' id='word_1_120' title='bbox 915 1597 1110 1656; x_wconf 87' lang='lat' dir='ltr'><strong>potest.</strong></span> <span class='ocrx_word' id='word_1_121' title='bbox 1163 1597 1222 1639; x_wconf 93' lang='lat' dir='ltr'><strong>ut</strong></span> <span class='ocrx_word' id='word_1_122' title='bbox 1270 1588 1412 1641; x_wconf 90' lang='lat' dir='ltr'><strong>idem</strong></span> <span class='ocrx_word' id='word_1_123' title='bbox 1445 1589 1515 1640; x_wconf 85' lang='lat' dir='ltr'><strong>sit</strong></span> <span class='ocrx_word' id='word_1_124' title='bbox 1553 1589 1775 1642; x_wconf 88' lang='lat' dir='ltr'><strong>mittens</strong></span> <span class='ocrx_word' id='word_1_125' title='bbox 1805 1598 1858 1641; x_wconf 91' lang='lat' dir='ltr'><strong>ct</strong></span> <span class='ocrx_word' id='word_1_126' title='bbox 1894 1589 2114 1642; x_wconf 91' lang='lat' dir='ltr'><strong>missus.</strong></span> <span class='ocrx_word' id='word_1_127' title='bbox 2163 1608 2181 1638; x_wconf 74' lang='grc' dir='ltr'><strong><em>ι</em></strong></span> <span class='ocrx_word' id='word_1_128' title='bbox 2219 1589 2323 1658; x_wconf 79' lang='lat' dir='ltr'><strong>(Cl.</strong></span> 
     </span>
    </p>
   </div>
   <div class='ocr_carea' id='block_1_17' title="bbox 751 1677 2328 1747">
    <p class='ocr_par' dir='ltr' id='par_1_17' title="bbox 751 1677 2328 1747">
     <span class='ocr_line' id='line_1_17' title="bbox 751 1677 2328 1747; baseline -0.001 -16"><span class='ocrx_word' id='word_1_129' title='bbox 751 1679 934 1731; x_wconf 88' lang='lat' dir='ltr'><strong>eumd.</strong></span> <span class='ocrx_word' id='word_1_130' title='bbox 967 1678 1180 1730; x_wconf 83' lang='lat' dir='ltr'><strong>Encln&#39;r.</strong></span> <span class='ocrx_word' id='word_1_131' title='bbox 1231 1695 1354 1744; x_wconf 75' lang='grc' dir='ltr'>κεφ.</span> <span class='ocrx_word' id='word_1_132' title='bbox 1390 1679 1486 1740; x_wconf 84' lang='grc' dir='ltr'><strong>κε’,</strong></span> <span class='ocrx_word' id='word_1_133' title='bbox 1516 1695 1567 1746; x_wconf 91' lang='lat' dir='ltr'><strong>p.</strong></span> <span class='ocrx_word' id='word_1_134' title='bbox 1606 1677 1713 1747; x_wconf 77' lang='grc' dir='ltr'><strong>ροα¹</strong></span> <span class='ocrx_word' id='word_1_135' title='bbox 1740 1680 1878 1747; x_wconf 87' lang='lat' dir='ltr'><strong>seq.)</strong></span> <span class='ocrx_word' id='word_1_136' title='bbox 1913 1679 2003 1730; x_wconf 85' lang='lat' dir='ltr'><strong>Sic</strong></span> <span class='ocrx_word' id='word_1_137' title='bbox 2033 1689 2087 1731; x_wconf 85' lang='lat' dir='ltr'><strong>et</strong></span> <span class='ocrx_word' id='word_1_138' title='bbox 2120 1694 2186 1731; x_wconf 80' lang='lat' dir='ltr'><strong>ex</strong></span> <span class='ocrx_word' id='word_1_139' title='bbox 2218 1679 2328 1731; x_wconf 76' lang='lat' dir='ltr'><strong>Ma—</strong></span> 
     </span>
    </p>
   </div>
   <div class='ocr_carea' id='block_1_18' title="bbox 753 1768 2326 1832">
    <p class='ocr_par' dir='ltr' id='par_1_18' title="bbox 753 1768 2326 1832">
     <span class='ocr_line' id='line_1_18' title="bbox 753 1768 2326 1832; baseline 0 -9"><span class='ocrx_word' id='word_1_140' title='bbox 753 1770 913 1823; x_wconf 87' lang='lat' dir='ltr'><strong>nuele</strong></span> <span class='ocrx_word' id='word_1_141' title='bbox 940 1770 1128 1822; x_wconf 83' lang='lat' dir='ltr'><strong>Caleca</strong></span> <span class='ocrx_word' id='word_1_142' title='bbox 1173 1779 1226 1821; x_wconf 93' lang='lat' dir='ltr'><strong>et</strong></span> <span class='ocrx_word' id='word_1_143' title='bbox 1268 1769 1587 1822; x_wconf 85' lang='lat' dir='ltr'><strong>Bessarione</strong></span> <span class='ocrx_word' id='word_1_144' title='bbox 1624 1768 1876 1822; x_wconf 81' lang='lat' dir='ltr'><strong>Petavius</strong></span> <span class='ocrx_word' id='word_1_145' title='bbox 1921 1769 1995 1822; x_wconf 87' lang='lat' dir='ltr'><strong>De</strong></span> <span class='ocrx_word' id='word_1_146' title='bbox 2041 1772 2186 1822; x_wconf 89' lang='lat' dir='ltr'><strong>Trin.</strong></span> <span class='ocrx_word' id='word_1_147' title='bbox 2218 1786 2326 1832; x_wconf 84' lang='lat' dir='ltr'><strong>vn,</strong></span> 
     </span>
    </p>
   </div>
   <div class='ocr_carea' id='block_1_19' title="bbox 2425 589 4018 659">
    <p class='ocr_par' dir='ltr' id='par_1_19' title="bbox 2425 589 4018 659">
     <span class='ocr_line' id='line_1_19' title="bbox 2425 589 4018 659; baseline 0 -16"><span class='ocrx_word' id='word_1_148' title='bbox 2425 590 2477 643; x_wconf 90' lang='lat' dir='ltr'><strong>in</strong></span> <span class='ocrx_word' id='word_1_149' title='bbox 2500 591 2717 654; x_wconf 85' lang='lat' dir='ltr'><strong>divinis,</strong></span> <span class='ocrx_word' id='word_1_150' title='bbox 2750 609 2767 639; x_wconf 74' lang='lat' dir='ltr'><strong>i</strong></span> <span class='ocrx_word' id='word_1_151' title='bbox 2797 590 2870 643; x_wconf 87' lang='lat' dir='ltr'><strong>ait</strong></span> <span class='ocrx_word' id='word_1_152' title='bbox 2901 590 2956 643; x_wconf 92' lang='lat' dir='ltr'><strong>S.</strong></span> <span class='ocrx_word' id='word_1_153' title='bbox 2981 589 3219 644; x_wconf 81' lang='lat' dir='ltr'><strong>Thomas</strong></span> <span class='ocrx_word' id='word_1_154' title='bbox 3257 589 3439 659; x_wconf 60' lang='lat'><strong>(11.30,</strong></span> <span class='ocrx_word' id='word_1_155' title='bbox 3471 589 3582 652; x_wconf 71' lang='lat' dir='ltr'><strong>a.2,</strong></span> <span class='ocrx_word' id='word_1_156' title='bbox 3603 590 3667 643; x_wconf 90' lang='lat' dir='ltr'><strong>ad</strong></span> <span class='ocrx_word' id='word_1_157' title='bbox 3692 591 3790 658; x_wconf 62' lang='lat'><strong>1),:</strong></span> <span class='ocrx_word' id='word_1_158' title='bbox 3823 600 4018 643; x_wconf 85' lang='lat' dir='ltr'><strong>tamen</strong></span> 
     </span>
    </p>
   </div>
   <div class='ocr_carea' id='block_1_20' title="bbox 2425 682 4022 751">
    <p class='ocr_par' dir='ltr' id='par_1_20' title="bbox 2425 682 4022 751">
     <span class='ocr_line' id='line_1_20' title="bbox 2425 682 4022 751; baseline -0.001 -15"><span class='ocrx_word' id='word_1_159' title='bbox 2425 699 2531 736; x_wconf 86' lang='lat' dir='ltr'><strong>una</strong></span> <span class='ocrx_word' id='word_1_160' title='bbox 2565 698 2773 746; x_wconf 89' lang='lat' dir='ltr'><strong>earum,</strong></span> <span class='ocrx_word' id='word_1_161' title='bbox 2805 684 3052 751; x_wconf 82' lang='lat' dir='ltr'><strong>Spiratio,</strong></span> <span class='ocrx_word' id='word_1_162' title='bbox 3076 698 3183 736; x_wconf 87' lang='lat' dir='ltr'><strong>non</strong></span> <span class='ocrx_word' id='word_1_163' title='bbox 3215 694 3499 750; x_wconf 78' lang='lat' dir='ltr'><strong>separatur</strong></span> <span class='ocrx_word' id='word_1_164' title='bbox 3521 698 3551 734; x_wconf 93' lang='lat' dir='ltr'><strong>a</strong></span> <span class='ocrx_word' id='word_1_165' title='bbox 3576 698 3806 751; x_wconf 87' lang='lat' dir='ltr'><strong>persona</strong></span> <span class='ocrx_word' id='word_1_166' title='bbox 3829 682 4022 735; x_wconf 77' lang='lat' dir='ltr'><strong>Patris</strong></span> 
     </span>
    </p>
   </div>
   <div class='ocr_carea' id='block_1_21' title="bbox 2426 770 4016 840">
    <p class='ocr_par' dir='ltr' id='par_1_21' title="bbox 2426 770 4016 840">
     <span class='ocr_line' id='line_1_21' title="bbox 2426 770 4016 840; baseline -0.003 -13"><span class='ocrx_word' id='word_1_167' title='bbox 2426 783 2481 827; x_wconf 89' lang='lat' dir='ltr'><strong>et</strong></span> <span class='ocrx_word' id='word_1_168' title='bbox 2506 774 2650 835; x_wconf 85' lang='lat' dir='ltr'><strong>Filii.</strong></span> <span class='ocrx_word' id='word_1_169' title='bbox 2679 774 2774 828; x_wconf 88' lang='lat' dir='ltr'><strong>sed</strong></span> <span class='ocrx_word' id='word_1_170' title='bbox 2806 773 3042 825; x_wconf 69' lang='lat' dir='ltr'><strong>convenit</strong></span> <span class='ocrx_word' id='word_1_171' title='bbox 3082 775 3310 840; x_wconf 78' lang='lat' dir='ltr'><strong>utrique.</strong></span> <span class='ocrx_word' id='word_1_172' title='bbox 3341 770 3404 825; x_wconf 84' lang='lat' dir='ltr'><strong>Et</strong></span> <span class='ocrx_word' id='word_1_173' title='bbox 3434 772 3510 824; x_wconf 78' lang='lat' dir='ltr'><strong>sic</strong></span> <span class='ocrx_word' id='word_1_174' title='bbox 3550 771 3675 824; x_wconf 89' lang='lat' dir='ltr'><strong>licet</strong></span> <span class='ocrx_word' id='word_1_175' title='bbox 3701 770 3772 823; x_wconf 85' lang='lat' dir='ltr'><strong>sit</strong></span> <span class='ocrx_word' id='word_1_176' title='bbox 3793 770 4016 834; x_wconf 86' lang='lat' dir='ltr'><strong>relatio,</strong></span> 
     </span>
    </p>
   </div>
   <div class='ocr_carea' id='block_1_22' title="bbox 2424 860 4016 931">
    <p class='ocr_par' dir='ltr' id='par_1_22' title="bbox 2424 860 4016 931">
     <span class='ocr_line' id='line_1_22' title="bbox 2424 860 4016 931; baseline -0.003 -15"><span class='ocrx_word' id='word_1_177' title='bbox 2424 880 2533 917; x_wconf 89' lang='lat' dir='ltr'><strong>non</strong></span> <span class='ocrx_word' id='word_1_178' title='bbox 2564 873 2649 916; x_wconf 87' lang='lat' dir='ltr'><strong>est</strong></span> <span class='ocrx_word' id='word_1_179' title='bbox 2696 871 2876 916; x_wconf 90' lang='lat' dir='ltr'><strong>tamen</strong></span> <span class='ocrx_word' id='word_1_180' title='bbox 2907 863 3202 931; x_wconf 77' lang='lat' dir='ltr'><strong>proprietas</strong></span> <span class='ocrx_word' id='word_1_181' title='bbox 3239 865 3422 931; x_wconf 84' lang='lat' dir='ltr'><strong>(sensu</strong></span> <span class='ocrx_word' id='word_1_182' title='bbox 3459 871 3648 914; x_wconf 83' lang='lat' dir='ltr'><strong>stricto</strong></span> <span class='ocrx_word' id='word_1_183' title='bbox 3680 860 4016 930; x_wconf 72' lang='lat' dir='ltr'><strong>theologica,</strong></span> 
     </span>
    </p>
   </div>
   <div class='ocr_carea' id='block_1_23' title="bbox 2426 953 4017 1024">
    <p class='ocr_par' dir='ltr' id='par_1_23' title="bbox 2426 953 4017 1024">
     <span class='ocr_line' id='line_1_23' title="bbox 2426 953 4017 1024; baseline -0.003 -14"><span class='ocrx_word' id='word_1_184' title='bbox 2426 955 2542 1024; x_wconf 83' lang='lat' dir='ltr'><strong>cf.§</strong></span> <span class='ocrx_word' id='word_1_185' title='bbox 2567 956 2643 1023; x_wconf 81' lang='grc'><strong>5),</strong></span> <span class='ocrx_word' id='word_1_186' title='bbox 2690 957 2815 1024; x_wconf 85' lang='lat' dir='ltr'><strong>quia</strong></span> <span class='ocrx_word' id='word_1_187' title='bbox 2852 972 2952 1007; x_wconf 91' lang='lat' dir='ltr'><strong>non</strong></span> <span class='ocrx_word' id='word_1_188' title='bbox 2987 954 3220 1007; x_wconf 86' lang='lat' dir='ltr'><strong>convenit</strong></span> <span class='ocrx_word' id='word_1_189' title='bbox 3262 953 3352 1005; x_wconf 90' lang='lat' dir='ltr'><strong>uni</strong></span> <span class='ocrx_word' id='word_1_190' title='bbox 3383 961 3589 1005; x_wconf 79' lang='lat' dir='ltr'><strong>tantum</strong></span> <span class='ocrx_word' id='word_1_191' title='bbox 3620 969 3872 1019; x_wconf 73' lang='lat' dir='ltr'><strong>personw,</strong></span> <span class='ocrx_word' id='word_1_192' title='bbox 3901 967 4017 1005; x_wconf 86' lang='lat' dir='ltr'><strong>nec</strong></span> 
     </span>
    </p>
   </div>
   <div class='ocr_carea' id='block_1_24' title="bbox 2426 1039 4014 1112">
    <p class='ocr_par' dir='ltr' id='par_1_24' title="bbox 2426 1039 4014 1112">
     <span class='ocr_line' id='line_1_24' title="bbox 2426 1039 4014 1112; baseline -0.003 -16"><span class='ocrx_word' id='word_1_193' title='bbox 2426 1045 2614 1096; x_wconf 83' lang='lat' dir='ltr'><strong>relatio</strong></span> <span class='ocrx_word' id='word_1_194' title='bbox 2641 1044 2948 1112; x_wconf 83' lang='lat' dir='ltr'><strong>personulis,</strong></span> <span class='ocrx_word' id='word_1_195' title='bbox 2979 1043 3032 1096; x_wconf 90' lang='lat' dir='ltr'><strong>id</strong></span> <span class='ocrx_word' id='word_1_196' title='bbox 3054 1049 3160 1107; x_wconf 92' lang='lat' dir='ltr'><strong>est,</strong></span> <span class='ocrx_word' id='word_1_197' title='bbox 3194 1041 3536 1096; x_wconf 89' lang='lat' dir='ltr'><strong>constituens</strong></span> <span class='ocrx_word' id='word_1_198' title='bbox 3564 1055 3870 1110; x_wconf 83' lang='lat' dir='ltr'><strong>personam.</strong></span> <span class='ocrx_word' id='word_1_199' title='bbox 3899 1039 4014 1093; x_wconf 86' lang='lat' dir='ltr'><strong>Sed</strong></span> 
     </span>
    </p>
   </div>
   <div class='ocr_carea' id='block_1_25' title="bbox 2431 1130 4015 1203">
    <p class='ocr_par' dir='ltr' id='par_1_25' title="bbox 2431 1130 4015 1203">
     <span class='ocr_line' id='line_1_25' title="bbox 2431 1130 4015 1203; baseline -0.005 -13"><span class='ocrx_word' id='word_1_200' title='bbox 2431 1137 2516 1190; x_wconf 78' lang='lat' dir='ltr'><strong>ha:</strong></span> <span class='ocrx_word' id='word_1_201' title='bbox 2549 1145 2660 1188; x_wconf 91' lang='lat' dir='ltr'><strong>tres</strong></span> <span class='ocrx_word' id='word_1_202' title='bbox 2696 1136 2989 1189; x_wconf 83' lang='lat' dir='ltr'><strong>relationes</strong></span> <span class='ocrx_word' id='word_1_203' title='bbox 3021 1151 3034 1187; x_wconf 93' lang='lat'><strong>:</strong></span> <span class='ocrx_word' id='word_1_204' title='bbox 3073 1133 3396 1203; x_wconf 87' lang='lat' dir='ltr'><strong>paternitas,</strong></span> <span class='ocrx_word' id='word_1_205' title='bbox 3428 1131 3615 1184; x_wconf 85' lang='lat' dir='ltr'><strong>ﬁliatio</strong></span> <span class='ocrx_word' id='word_1_206' title='bbox 3641 1140 3697 1184; x_wconf 89' lang='lat' dir='ltr'><strong>et</strong></span> <span class='ocrx_word' id='word_1_207' title='bbox 3729 1130 4015 1200; x_wconf 79' lang='lat' dir='ltr'><strong>processio</strong></span> 
     </span>
    </p>
   </div>
   <div class='ocr_carea' id='block_1_26' title="bbox 2428 1223 4014 1295">
    <p class='ocr_par' dir='ltr' id='par_1_26' title="bbox 2428 1223 4014 1295">
     <span class='ocr_line' id='line_1_26' title="bbox 2428 1223 4014 1295; baseline -0.005 -13"><span class='ocrx_word' id='word_1_208' title='bbox 2428 1229 2684 1282; x_wconf 89' lang='lat' dir='ltr'><strong>dicuntur</strong></span> <span class='ocrx_word' id='word_1_209' title='bbox 2740 1228 3099 1295; x_wconf 86' lang='lat' dir='ltr'><strong>pr0prietates</strong></span> <span class='ocrx_word' id='word_1_210' title='bbox 3151 1223 3499 1294; x_wconf 85' lang='lat' dir='ltr'><strong>personales,</strong></span> <span class='ocrx_word' id='word_1_211' title='bbox 3536 1223 3688 1291; x_wconf 87' lang='lat' dir='ltr'><strong>quasi</strong></span> <span class='ocrx_word' id='word_1_212' title='bbox 3741 1238 4014 1291; x_wconf 83' lang='lat' dir='ltr'><strong>personas</strong></span> 
     </span>
    </p>
   </div>
   <div class='ocr_carea' id='block_1_27' title="bbox 2427 1308 4012 1383">
    <p class='ocr_par' dir='ltr' id='par_1_27' title="bbox 2427 1308 4012 1383">
     <span class='ocr_line' id='line_1_27' title="bbox 2427 1308 4012 1383; baseline -0.003 -12"><span class='ocrx_word' id='word_1_213' title='bbox 2427 1318 2843 1371; x_wconf 89' lang='lat' dir='ltr'><strong>constituentes.</strong></span> <span class='ocrx_word' id='word_1_214' title='bbox 2887 1335 2904 1365; x_wconf 73' lang='grc' dir='ltr'><strong><em>ι</em></strong></span> <span class='ocrx_word' id='word_1_215' title='bbox 2944 1315 3048 1378; x_wconf 81' lang='lat' dir='ltr'><strong>(Cf.</strong></span> <span class='ocrx_word' id='word_1_216' title='bbox 3083 1308 3136 1383; x_wconf 82' lang='lat' dir='ltr'><strong>q.</strong></span> <span class='ocrx_word' id='word_1_217' title='bbox 3175 1315 3266 1377; x_wconf 73' lang='lat'><strong>28,</strong></span> <span class='ocrx_word' id='word_1_218' title='bbox 3294 1331 3345 1368; x_wconf 94' lang='lat' dir='ltr'><strong>a.</strong></span> <span class='ocrx_word' id='word_1_219' title='bbox 3387 1314 3438 1378; x_wconf 79' lang='lat' dir='ltr'><strong>l,</strong></span> <span class='ocrx_word' id='word_1_220' title='bbox 3468 1314 3521 1377; x_wconf 81' lang='grc'><strong>’5,</strong></span> <span class='ocrx_word' id='word_1_221' title='bbox 3550 1313 3601 1377; x_wconf 79' lang='grc'><strong>4;</strong></span> <span class='ocrx_word' id='word_1_222' title='bbox 3636 1329 3689 1380; x_wconf 92' lang='lat' dir='ltr'><strong>q.</strong></span> <span class='ocrx_word' id='word_1_223' title='bbox 3723 1313 3809 1365; x_wconf 78' lang='lat'><strong>5-2.</strong></span> <span class='ocrx_word' id='word_1_224' title='bbox 3842 1329 3890 1366; x_wconf 92' lang='lat' dir='ltr'><strong>a.</strong></span> <span class='ocrx_word' id='word_1_225' title='bbox 3926 1314 4012 1378; x_wconf 76' lang='lat'><strong>3.)</strong></span> 
     </span>
    </p>
   </div>
   <div class='ocr_carea' id='block_1_28' title="bbox 2430 1403 4012 1477">
    <p class='ocr_par' dir='ltr' id='par_1_28' title="bbox 2430 1403 4012 1477">
     <span class='ocr_line' id='line_1_28' title="bbox 2430 1403 4012 1477; baseline -0.004 -15"><span class='ocrx_word' id='word_1_226' title='bbox 2430 1409 2580 1462; x_wconf 85' lang='lat' dir='ltr'><strong>Licet</strong></span> <span class='ocrx_word' id='word_1_227' title='bbox 2610 1424 2738 1477; x_wconf 79' lang='lat' dir='ltr'><strong>ergo</strong></span> <span class='ocrx_word' id='word_1_228' title='bbox 2766 1408 3019 1461; x_wconf 84' lang='lat' dir='ltr'><strong>catholici</strong></span> <span class='ocrx_word' id='word_1_229' title='bbox 3051 1406 3340 1458; x_wconf 91' lang='lat' dir='ltr'><strong>admittant</strong></span> <span class='ocrx_word' id='word_1_230' title='bbox 3374 1406 3585 1458; x_wconf 80' lang='lat' dir='ltr'><strong>axioma</strong></span> <span class='ocrx_word' id='word_1_231' title='bbox 3615 1421 3626 1456; x_wconf 92' lang='lat'>:</span> <span class='ocrx_word' id='word_1_232' title='bbox 3658 1403 3922 1470; x_wconf 80' lang='lat' dir='ltr'><strong>Quidquid</strong></span> <span class='ocrx_word' id='word_1_233' title='bbox 3957 1404 4012 1455; x_wconf 93' lang='lat' dir='ltr'><strong>in</strong></span> 
     </span>
    </p>
   </div>
   <div class='ocr_carea' id='block_1_29' title="bbox 2430 1495 4011 1561">
    <p class='ocr_par' dir='ltr' id='par_1_29' title="bbox 2430 1495 4011 1561">
     <span class='ocr_line' id='line_1_29' title="bbox 2430 1495 4011 1561; baseline -0.003 -10"><span class='ocrx_word' id='word_1_234' title='bbox 2430 1499 2695 1554; x_wconf 77' lang='lat' dir='ltr'><strong>Trinitate</strong></span> <span class='ocrx_word' id='word_1_235' title='bbox 2727 1500 2943 1561; x_wconf 86' lang='lat' dir='ltr'><strong>dicitur,</strong></span> <span class='ocrx_word' id='word_1_236' title='bbox 2974 1507 3067 1551; x_wconf 90' lang='lat' dir='ltr'><strong>aut</strong></span> <span class='ocrx_word' id='word_1_237' title='bbox 3091 1512 3383 1551; x_wconf 89' lang='lat' dir='ltr'><strong>commune</strong></span> <span class='ocrx_word' id='word_1_238' title='bbox 3413 1507 3498 1551; x_wconf 90' lang='lat' dir='ltr'><strong>est</strong></span> <span class='ocrx_word' id='word_1_239' title='bbox 3521 1497 3639 1550; x_wconf 83' lang='lat' dir='ltr'><strong>sive</strong></span> <span class='ocrx_word' id='word_1_240' title='bbox 3676 1495 4011 1554; x_wconf 87' lang='lat' dir='ltr'><strong>absolutum,</strong></span> 
     </span>
    </p>
   </div>
   <div class='ocr_carea' id='block_1_30' title="bbox 2430 1587 4014 1661">
    <p class='ocr_par' dir='ltr' id='par_1_30' title="bbox 2430 1587 4014 1661">
     <span class='ocr_line' id='line_1_30' title="bbox 2430 1587 4014 1661; baseline -0.003 -17"><span class='ocrx_word' id='word_1_241' title='bbox 2430 1601 2524 1644; x_wconf 91' lang='lat' dir='ltr'><strong>aut</strong></span> <span class='ocrx_word' id='word_1_242' title='bbox 2555 1593 2833 1661; x_wconf 90' lang='lat' dir='ltr'><strong>proprium</strong></span> <span class='ocrx_word' id='word_1_243' title='bbox 2865 1592 2978 1646; x_wconf 83' lang='lat' dir='ltr'><strong>sive</strong></span> <span class='ocrx_word' id='word_1_244' title='bbox 3009 1591 3291 1644; x_wconf 84' lang='lat' dir='ltr'><strong>relativum</strong></span> <span class='ocrx_word' id='word_1_245' title='bbox 3328 1608 3340 1642; x_wconf 91' lang='lat'><strong>:</strong></span> <span class='ocrx_word' id='word_1_246' title='bbox 3375 1591 3497 1657; x_wconf 86' lang='lat' dir='ltr'><strong>jure</strong></span> <span class='ocrx_word' id='word_1_247' title='bbox 3531 1597 3711 1641; x_wconf 89' lang='lat' dir='ltr'><strong>tamen</strong></span> <span class='ocrx_word' id='word_1_248' title='bbox 3763 1587 4014 1654; x_wconf 87' lang='lat' dir='ltr'><strong>rejiciunt</strong></span> 
     </span>
    </p>
   </div>
   <div class='ocr_carea' id='block_1_31' title="bbox 2431 1678 4011 1749">
    <p class='ocr_par' dir='ltr' id='par_1_31' title="bbox 2431 1678 4011 1749">
     <span class='ocr_line' id='line_1_31' title="bbox 2431 1678 4011 1749; baseline -0.005 -13"><span class='ocrx_word' id='word_1_249' title='bbox 2431 1682 2609 1736; x_wconf 85' lang='lat' dir='ltr'><strong>Photii</strong></span> <span class='ocrx_word' id='word_1_250' title='bbox 2625 1683 2848 1736; x_wconf 72' lang='lat' dir='ltr'><strong>eﬂatum</strong></span> <span class='ocrx_word' id='word_1_251' title='bbox 2870 1681 3160 1749; x_wconf 86' lang='lat' dir='ltr'><strong>:Quidquid</strong></span> <span class='ocrx_word' id='word_1_252' title='bbox 3176 1681 3229 1733; x_wconf 91' lang='lat' dir='ltr'><strong>in</strong></span> <span class='ocrx_word' id='word_1_253' title='bbox 3251 1691 3438 1733; x_wconf 89' lang='lat' dir='ltr'><strong>sancta</strong></span> <span class='ocrx_word' id='word_1_254' title='bbox 3455 1678 3647 1732; x_wconf 89' lang='lat' dir='ltr'><strong>Triade</strong></span> <span class='ocrx_word' id='word_1_255' title='bbox 3663 1678 4011 1746; x_wconf 60' lang='lat' dir='ltr'><strong>prmdicatur,</strong></span> 
     </span>
    </p>
   </div>
   <div class='ocr_carea' id='block_1_32' title="bbox 2431 1769 4015 1840">
    <p class='ocr_par' dir='ltr' id='par_1_32' title="bbox 2431 1769 4015 1840">
     <span class='ocr_line' id='line_1_32' title="bbox 2431 1769 4015 1840; baseline -0.006 -15"><span class='ocrx_word' id='word_1_256' title='bbox 2431 1783 2522 1826; x_wconf 92' lang='lat' dir='ltr'><strong>aut</strong></span> <span class='ocrx_word' id='word_1_257' title='bbox 2537 1772 2702 1825; x_wconf 84' lang='lat' dir='ltr'><strong>tribus</strong></span> <span class='ocrx_word' id='word_1_258' title='bbox 2724 1772 3254 1840; x_wconf 64' lang='lat' dir='ltr'><strong>personiscommmie</strong></span> <span class='ocrx_word' id='word_1_259' title='bbox 3270 1779 3347 1821; x_wconf 89' lang='lat' dir='ltr'><strong>est</strong></span> <span class='ocrx_word' id='word_1_260' title='bbox 3365 1779 3452 1821; x_wconf 90' lang='lat' dir='ltr'><strong>aut</strong></span> <span class='ocrx_word' id='word_1_261' title='bbox 3470 1769 3623 1819; x_wconf 87' lang='lat' dir='ltr'><strong>unius</strong></span> <span class='ocrx_word' id='word_1_262' title='bbox 3643 1782 3874 1834; x_wconf 61' lang='lat' dir='ltr'><strong>personet</strong></span> <span class='ocrx_word' id='word_1_263' title='bbox 3891 1781 4015 1832; x_wconf 78' lang='lat' dir='ltr'><strong>pro-</strong></span> 
     </span>
    </p>
   </div>
   <div class='ocr_carea' id='block_1_33' title="bbox 751 1846 4014 1932">
    <p class='ocr_par' dir='ltr' id='par_1_33' title="bbox 751 1846 4014 1932">
     <span class='ocr_line' id='line_1_33' title="bbox 751 1846 4014 1932; baseline -0 -22"><span class='ocrx_word' id='word_1_264' title='bbox 751 1875 802 1910; x_wconf 87' lang='lat' dir='ltr'><strong>c.</strong></span> <span class='ocrx_word' id='word_1_265' title='bbox 837 1859 922 1919; x_wconf 79' lang='grc'><strong>15,</strong></span> <span class='ocrx_word' id='word_1_266' title='bbox 953 1875 1006 1911; x_wconf 90' lang='lat' dir='ltr'><strong>n.</strong></span> <span class='ocrx_word' id='word_1_267' title='bbox 1038 1859 1090 1919; x_wconf 82' lang='lat'><strong>5,</strong></span> <span class='ocrx_word' id='word_1_268' title='bbox 1123 1860 1176 1926; x_wconf 84' lang='lat'><strong>6)</strong></span> <span class='ocrx_word' id='word_1_269' title='bbox 1212 1877 1224 1910; x_wconf 90' lang='lat'>:</span> <span class='ocrx_word' id='word_1_270' title='bbox 1262 1880 1278 1909; x_wconf 71' lang='grc' dir='ltr'>ι</span> <span class='ocrx_word' id='word_1_271' title='bbox 1318 1859 1529 1929; x_wconf 73' lang='lat' dir='ltr'><strong>Negant</strong></span> <span class='ocrx_word' id='word_1_272' title='bbox 1569 1861 1742 1914; x_wconf 88' lang='lat' dir='ltr'><strong>Latini</strong></span> <span class='ocrx_word' id='word_1_273' title='bbox 1798 1861 1999 1914; x_wconf 89' lang='lat' dir='ltr'><strong>nullam</strong></span> <span class='ocrx_word' id='word_1_274' title='bbox 2040 1878 2160 1917; x_wconf 88' lang='lat' dir='ltr'><strong>esse</strong></span> <span class='ocrx_word' id='word_1_275' title='bbox 2197 1879 2322 1932; x_wconf 87' lang='lat' dir='ltr'><strong>pro-</strong></span> <span class='ocrx_word' id='word_1_276' title='bbox 2353 1846 2396 1899; x_wconf 75' lang='grc' dir='ltr'><strong>Β</strong></span> <span class='ocrx_word' id='word_1_277' title='bbox 2425 1863 2650 1930; x_wconf 70' lang='lat' dir='ltr'><strong>prium.»</strong></span> <span class='ocrx_word' id='word_1_278' title='bbox 2675 1859 2778 1913; x_wconf 91' lang='lat' dir='ltr'><strong>Sed</strong></span> <span class='ocrx_word' id='word_1_279' title='bbox 2799 1860 2987 1913; x_wconf 62' lang='lat' dir='ltr'><strong>hascex</strong></span> <span class='ocrx_word' id='word_1_280' title='bbox 3003 1857 4014 1911; x_wconf 82' lang='lat' dir='ltr'><strong>dicendisadhucmanilestioraerunt.</strong></span> 
     </span>
    </p>
   </div>
   <div class='ocr_carea' id='block_1_34' title="bbox 754 1951 2325 2018">
    <p class='ocr_par' dir='ltr' id='par_1_34' title="bbox 754 1951 2325 2018">
     <span class='ocr_line' id='line_1_34' title="bbox 754 1951 2325 2018; baseline 0.004 -17"><span class='ocrx_word' id='word_1_281' title='bbox 754 1951 1061 2017; x_wconf 82' lang='lat' dir='ltr'><strong>prietatein,</strong></span> <span class='ocrx_word' id='word_1_282' title='bbox 1093 1966 1212 2018; x_wconf 68' lang='lat' dir='ltr'><strong>qure</strong></span> <span class='ocrx_word' id='word_1_283' title='bbox 1246 1966 1352 2002; x_wconf 87' lang='lat' dir='ltr'><strong>non</strong></span> <span class='ocrx_word' id='word_1_284' title='bbox 1397 1961 1490 2004; x_wconf 90' lang='lat' dir='ltr'><strong>aut</strong></span> <span class='ocrx_word' id='word_1_285' title='bbox 1537 1953 1708 2004; x_wconf 87' lang='lat' dir='ltr'><strong>tribus</strong></span> <span class='ocrx_word' id='word_1_286' title='bbox 1757 1953 2064 2006; x_wconf 89' lang='lat' dir='ltr'><strong>communis</strong></span> <span class='ocrx_word' id='word_1_287' title='bbox 2110 1954 2181 2005; x_wconf 92' lang='lat' dir='ltr'><strong>sit</strong></span> <span class='ocrx_word' id='word_1_288' title='bbox 2231 1963 2325 2008; x_wconf 88' lang='lat' dir='ltr'><strong>aut</strong></span> 
     </span>
    </p>
   </div>
   <div class='ocr_carea' id='block_1_35' title="bbox 757 2042 2324 2113">
    <p class='ocr_par' dir='ltr' id='par_1_35' title="bbox 757 2042 2324 2113">
     <span class='ocr_line' id='line_1_35' title="bbox 757 2042 2324 2113; baseline 0.001 -19"><span class='ocrx_word' id='word_1_289' title='bbox 757 2043 920 2095; x_wconf 92' lang='lat' dir='ltr'><strong>unius</strong></span> <span class='ocrx_word' id='word_1_290' title='bbox 957 2052 1163 2096; x_wconf 90' lang='lat' dir='ltr'><strong>tantum</strong></span> <span class='ocrx_word' id='word_1_291' title='bbox 1197 2044 1436 2111; x_wconf 87' lang='lat' dir='ltr'><strong>propria.</strong></span> <span class='ocrx_word' id='word_1_292' title='bbox 1479 2042 1606 2096; x_wconf 80' lang='lat' dir='ltr'><strong>Esse</strong></span> <span class='ocrx_word' id='word_1_293' title='bbox 1645 2044 1788 2097; x_wconf 89' lang='lat' dir='ltr'><strong>enim</strong></span> <span class='ocrx_word' id='word_1_294' title='bbox 1836 2045 2066 2113; x_wconf 90' lang='lat' dir='ltr'><strong>aliquam</strong></span> <span class='ocrx_word' id='word_1_295' title='bbox 2115 2045 2324 2111; x_wconf 89' lang='lat' dir='ltr'><strong>dicunt,</strong></span> 
     </span>
    </p>
   </div>
   <div class='ocr_carea' id='block_1_36' title="bbox 755 2134 2323 2204">
    <p class='ocr_par' dir='ltr' id='par_1_36' title="bbox 755 2134 2323 2204">
     <span class='ocr_line' id='line_1_36' title="bbox 755 2134 2323 2204; baseline 0.001 -16"><span class='ocrx_word' id='word_1_296' title='bbox 755 2150 875 2203; x_wconf 74' lang='lat' dir='ltr'><strong>qua:</strong></span> <span class='ocrx_word' id='word_1_297' title='bbox 907 2134 1115 2188; x_wconf 89' lang='lat' dir='ltr'><strong>duabus</strong></span> <span class='ocrx_word' id='word_1_298' title='bbox 1145 2137 1416 2188; x_wconf 88' lang='lat' dir='ltr'><strong>convenit.</strong></span> <span class='ocrx_word' id='word_1_299' title='bbox 1467 2135 1599 2188; x_wconf 84' lang='lat' dir='ltr'><strong>Nam</strong></span> <span class='ocrx_word' id='word_1_300' title='bbox 1634 2151 1752 2204; x_wconf 73' lang='lat' dir='ltr'><strong>qua:</strong></span> <span class='ocrx_word' id='word_1_301' title='bbox 1796 2135 1862 2189; x_wconf 90' lang='lat' dir='ltr'><strong>de</strong></span> <span class='ocrx_word' id='word_1_302' title='bbox 1913 2135 2021 2190; x_wconf 87' lang='lat' dir='ltr'><strong>Deo</strong></span> <span class='ocrx_word' id='word_1_303' title='bbox 2046 2137 2323 2201; x_wconf 89' lang='lat' dir='ltr'><strong>dicuntur,</strong></span> 
     </span>
    </p>
   </div>
   <div class='ocr_carea' id='block_1_37' title="bbox 756 2226 2330 2296">
    <p class='ocr_par' dir='ltr' id='par_1_37' title="bbox 756 2226 2330 2296">
     <span class='ocr_line' id='line_1_37' title="bbox 756 2226 2330 2296; baseline -0.001 -13"><span class='ocrx_word' id='word_1_304' title='bbox 756 2230 912 2283; x_wconf 85' lang='lat' dir='ltr'><strong>aiunt</strong></span> <span class='ocrx_word' id='word_1_305' title='bbox 935 2226 1154 2282; x_wconf 90' lang='lat' dir='ltr'><strong>Calecas</strong></span> <span class='ocrx_word' id='word_1_306' title='bbox 1176 2237 1230 2280; x_wconf 89' lang='lat' dir='ltr'><strong>et</strong></span> <span class='ocrx_word' id='word_1_307' title='bbox 1256 2227 1561 2290; x_wconf 86' lang='lat' dir='ltr'><strong>Bessarion,</strong></span> <span class='ocrx_word' id='word_1_308' title='bbox 1590 2228 1694 2280; x_wconf 90' lang='lat' dir='ltr'><strong>alia</strong></span> <span class='ocrx_word' id='word_1_309' title='bbox 1718 2228 1891 2281; x_wconf 88' lang='lat' dir='ltr'><strong>tribus</strong></span> <span class='ocrx_word' id='word_1_310' title='bbox 1916 2229 2165 2296; x_wconf 89' lang='lat' dir='ltr'><strong>personis</strong></span> <span class='ocrx_word' id='word_1_311' title='bbox 2187 2244 2330 2282; x_wconf 93' lang='lat' dir='ltr'><strong>com-</strong></span> 
     </span>
    </p>
   </div>
   <div class='ocr_carea' id='block_1_38' title="bbox 758 2319 2329 2388">
    <p class='ocr_par' dir='ltr' id='par_1_38' title="bbox 758 2319 2329 2388">
     <span class='ocr_line' id='line_1_38' title="bbox 758 2319 2329 2388; baseline 0.001 -16"><span class='ocrx_word' id='word_1_312' title='bbox 758 2319 943 2373; x_wconf 89' lang='lat' dir='ltr'><strong>munia</strong></span> <span class='ocrx_word' id='word_1_313' title='bbox 979 2328 1133 2381; x_wconf 89' lang='lat' dir='ltr'><strong>sunt,</strong></span> <span class='ocrx_word' id='word_1_314' title='bbox 1182 2329 1238 2372; x_wconf 89' lang='lat' dir='ltr'><strong>ut</strong></span> <span class='ocrx_word' id='word_1_315' title='bbox 1282 2329 1409 2373; x_wconf 91' lang='lat' dir='ltr'><strong>sunt</strong></span> <span class='ocrx_word' id='word_1_316' title='bbox 1442 2320 1686 2372; x_wconf 86' lang='lat' dir='ltr'><strong>absoluta</strong></span> <span class='ocrx_word' id='word_1_317' title='bbox 1731 2320 1935 2385; x_wconf 88' lang='lat' dir='ltr'><strong>omnia,</strong></span> <span class='ocrx_word' id='word_1_318' title='bbox 1971 2329 2066 2374; x_wconf 92' lang='lat' dir='ltr'><strong>aut</strong></span> <span class='ocrx_word' id='word_1_319' title='bbox 2101 2336 2222 2388; x_wconf 69' lang='lat' dir='ltr'><strong>quae</strong></span> <span class='ocrx_word' id='word_1_320' title='bbox 2262 2320 2329 2374; x_wconf 92' lang='lat' dir='ltr'><strong>ad</strong></span> 
     </span>
    </p>
   </div>
   <div class='ocr_carea' id='block_1_39' title="bbox 757 2410 2329 2476">
    <p class='ocr_par' dir='ltr' id='par_1_39' title="bbox 757 2410 2329 2476">
     <span class='ocr_line' id='line_1_39' title="bbox 757 2410 2329 2476; baseline -0.001 -11"><span class='ocrx_word' id='word_1_321' title='bbox 757 2422 1037 2465; x_wconf 88' lang='lat' dir='ltr'><strong>creaturas</strong></span> <span class='ocrx_word' id='word_1_322' title='bbox 1052 2412 1296 2464; x_wconf 84' lang='lat' dir='ltr'><strong>ordinem</strong></span> <span class='ocrx_word' id='word_1_323' title='bbox 1321 2411 1542 2473; x_wconf 82' lang='lat' dir='ltr'><strong>habent,</strong></span> <span class='ocrx_word' id='word_1_324' title='bbox 1561 2420 1620 2464; x_wconf 90' lang='lat' dir='ltr'><strong>ut</strong></span> <span class='ocrx_word' id='word_1_325' title='bbox 1637 2410 1879 2474; x_wconf 84' lang='lat' dir='ltr'><strong>Creator,</strong></span> <span class='ocrx_word' id='word_1_326' title='bbox 1900 2413 2176 2476; x_wconf 89' lang='lat' dir='ltr'><strong>Dominus,</strong></span> <span class='ocrx_word' id='word_1_327' title='bbox 2199 2423 2329 2476; x_wconf 89' lang='lat' dir='ltr'><strong>cte.,</strong></span> 
     </span>
    </p>
   </div>
   <div class='ocr_carea' id='block_1_40' title="bbox 760 2502 2331 2571">
    <p class='ocr_par' dir='ltr' id='par_1_40' title="bbox 760 2502 2331 2571">
     <span class='ocr_line' id='line_1_40' title="bbox 760 2502 2331 2571; baseline 0.001 -17"><span class='ocrx_word' id='word_1_328' title='bbox 760 2504 863 2555; x_wconf 86' lang='lat' dir='ltr'><strong>alia</strong></span> <span class='ocrx_word' id='word_1_329' title='bbox 898 2502 1114 2570; x_wconf 78' lang='lat' dir='ltr'><strong>prapria</strong></span> <span class='ocrx_word' id='word_1_330' title='bbox 1146 2511 1303 2561; x_wconf 89' lang='lat' dir='ltr'><strong>sunt,</strong></span> <span class='ocrx_word' id='word_1_331' title='bbox 1338 2516 1510 2570; x_wconf 89' lang='lat' dir='ltr'><strong>eaque</strong></span> <span class='ocrx_word' id='word_1_332' title='bbox 1544 2505 1626 2557; x_wconf 85' lang='lat' dir='ltr'><strong>vel</strong></span> <span class='ocrx_word' id='word_1_333' title='bbox 1665 2504 1873 2557; x_wconf 87' lang='lat' dir='ltr'><strong>duabus</strong></span> <span class='ocrx_word' id='word_1_334' title='bbox 1901 2504 2147 2571; x_wconf 89' lang='lat' dir='ltr'><strong>personis</strong></span> <span class='ocrx_word' id='word_1_335' title='bbox 2178 2518 2331 2557; x_wconf 82' lang='lat' dir='ltr'><strong>com-</strong></span> 
     </span>
    </p>
   </div>
   <div class='ocr_carea' id='block_1_41' title="bbox 763 2594 2332 2664">
    <p class='ocr_par' dir='ltr' id='par_1_41' title="bbox 763 2594 2332 2664">
     <span class='ocr_line' id='line_1_41' title="bbox 763 2594 2332 2664; baseline -0.001 -16"><span class='ocrx_word' id='word_1_336' title='bbox 763 2603 957 2664; x_wconf 87' lang='lat' dir='ltr'><strong>petunt</strong></span> <span class='ocrx_word' id='word_1_337' title='bbox 997 2595 1323 2663; x_wconf 85' lang='lat' dir='ltr'><strong>comparatis</strong></span> <span class='ocrx_word' id='word_1_338' title='bbox 1355 2595 1420 2648; x_wconf 87' lang='lat' dir='ltr'><strong>ad</strong></span> <span class='ocrx_word' id='word_1_339' title='bbox 1456 2596 1693 2658; x_wconf 89' lang='lat' dir='ltr'><strong>tertiam,</strong></span> <span class='ocrx_word' id='word_1_340' title='bbox 1726 2606 1785 2649; x_wconf 95' lang='lat' dir='ltr'><strong>ut</strong></span> <span class='ocrx_word' id='word_1_341' title='bbox 1828 2595 1964 2648; x_wconf 90' lang='lat' dir='ltr'><strong>Filio</strong></span> <span class='ocrx_word' id='word_1_342' title='bbox 2009 2604 2064 2648; x_wconf 93' lang='lat' dir='ltr'><strong>et</strong></span> <span class='ocrx_word' id='word_1_343' title='bbox 2105 2594 2332 2664; x_wconf 86' lang='lat' dir='ltr'><strong>Spiritui</strong></span> 
     </span>
    </p>
   </div>
   <div class='ocr_carea' id='block_1_42' title="bbox 764 2684 2335 2754">
    <p class='ocr_par' dir='ltr' id='par_1_42' title="bbox 764 2684 2335 2754">
     <span class='ocr_line' id='line_1_42' title="bbox 764 2684 2335 2754; baseline -0.001 -15"><span class='ocrx_word' id='word_1_344' title='bbox 764 2695 952 2740; x_wconf 87' lang='lat' dir='ltr'><strong>sancto</strong></span> <span class='ocrx_word' id='word_1_345' title='bbox 971 2700 999 2738; x_wconf 89' lang='lat' dir='ltr'><strong>a</strong></span> <span class='ocrx_word' id='word_1_346' title='bbox 1023 2685 1290 2753; x_wconf 91' lang='lat' dir='ltr'><strong>principio</strong></span> <span class='ocrx_word' id='word_1_347' title='bbox 1315 2685 1628 2754; x_wconf 86' lang='lat' dir='ltr'><strong>procedere,</strong></span> <span class='ocrx_word' id='word_1_348' title='bbox 1661 2685 1806 2740; x_wconf 87' lang='lat' dir='ltr'><strong>Patri</strong></span> <span class='ocrx_word' id='word_1_349' title='bbox 1833 2687 1960 2740; x_wconf 87' lang='lat' dir='ltr'><strong>item</strong></span> <span class='ocrx_word' id='word_1_350' title='bbox 1980 2695 2034 2738; x_wconf 93' lang='lat' dir='ltr'><strong>et</strong></span> <span class='ocrx_word' id='word_1_351' title='bbox 2053 2686 2187 2738; x_wconf 87' lang='lat' dir='ltr'><strong>Filio</strong></span> <span class='ocrx_word' id='word_1_352' title='bbox 2211 2684 2335 2754; x_wconf 88' lang='lat' dir='ltr'><strong>Spi-</strong></span> 
     </span>
    </p>
   </div>
   <div class='ocr_carea' id='block_1_43' title="bbox 766 2777 2336 2848">
    <p class='ocr_par' dir='ltr' id='par_1_43' title="bbox 766 2777 2336 2848">
     <span class='ocr_line' id='line_1_43' title="bbox 766 2777 2336 2848; baseline 0.002 -20"><span class='ocrx_word' id='word_1_353' title='bbox 766 2777 932 2829; x_wconf 85' lang='lat' dir='ltr'><strong>ritum</strong></span> <span class='ocrx_word' id='word_1_354' title='bbox 967 2777 1204 2840; x_wconf 88' lang='lat' dir='ltr'><strong>mittere,</strong></span> <span class='ocrx_word' id='word_1_355' title='bbox 1239 2777 1321 2829; x_wconf 90' lang='lat' dir='ltr'><strong>vel</strong></span> <span class='ocrx_word' id='word_1_356' title='bbox 1351 2781 1442 2830; x_wconf 92' lang='lat' dir='ltr'><strong>uni</strong></span> <span class='ocrx_word' id='word_1_357' title='bbox 1469 2788 1681 2831; x_wconf 89' lang='lat' dir='ltr'><strong>tantum</strong></span> <span class='ocrx_word' id='word_1_358' title='bbox 1707 2788 2034 2848; x_wconf 80' lang='lat' dir='ltr'><strong>congruunt.</strong></span> <span class='ocrx_word' id='word_1_359' title='bbox 2066 2796 2083 2827; x_wconf 75' lang='grc' dir='ltr'>ι</span> <span class='ocrx_word' id='word_1_360' title='bbox 2123 2778 2336 2831; x_wconf 85' lang='lat' dir='ltr'><strong>Falsum</strong></span> 
     </span>
    </p>
   </div>
   <div class='ocr_carea' id='block_1_44' title="bbox 762 2867 2339 2938">
    <p class='ocr_par' dir='ltr' id='par_1_44' title="bbox 762 2867 2339 2938">
     <span class='ocr_line' id='line_1_44' title="bbox 762 2867 2339 2938; baseline 0 -18"><span class='ocrx_word' id='word_1_361' title='bbox 762 2867 994 2938; x_wconf 85' lang='lat' dir='ltr'><strong>proinde</strong></span> <span class='ocrx_word' id='word_1_362' title='bbox 1026 2878 1109 2922; x_wconf 85' lang='lat' dir='ltr'><strong>est</strong></span> <span class='ocrx_word' id='word_1_363' title='bbox 1138 2868 1265 2921; x_wconf 92' lang='lat' dir='ltr'><strong>illud</strong></span> <span class='ocrx_word' id='word_1_364' title='bbox 1295 2868 1622 2936; x_wconf 86' lang='lat' dir='ltr'><strong>principium</strong></span> <span class='ocrx_word' id='word_1_365' title='bbox 1655 2884 1669 2920; x_wconf 91' lang='lat'><strong>:</strong></span> <span class='ocrx_word' id='word_1_366' title='bbox 1700 2867 1968 2936; x_wconf 87' lang='lat' dir='ltr'><strong>Quidquid</strong></span> <span class='ocrx_word' id='word_1_367' title='bbox 1993 2868 2046 2920; x_wconf 91' lang='lat' dir='ltr'><strong>in</strong></span> <span class='ocrx_word' id='word_1_368' title='bbox 2071 2867 2339 2920; x_wconf 81' lang='lat' dir='ltr'><strong>Trinitate</strong></span> 
     </span>
    </p>
   </div>
   <div class='ocr_carea' id='block_1_45' title="bbox 761 2957 2341 3026">
    <p class='ocr_par' dir='ltr' id='par_1_45' title="bbox 761 2957 2341 3026">
     <span class='ocr_line' id='line_1_45' title="bbox 761 2957 2341 3026; baseline -0.001 -16"><span class='ocrx_word' id='word_1_369' title='bbox 761 2957 981 3018; x_wconf 86' lang='lat' dir='ltr'><strong>dicitur,</strong></span> <span class='ocrx_word' id='word_1_370' title='bbox 1023 2965 1119 3009; x_wconf 93' lang='lat' dir='ltr'><strong>aut</strong></span> <span class='ocrx_word' id='word_1_371' title='bbox 1161 2967 1245 3010; x_wconf 89' lang='lat' dir='ltr'><strong>cst</strong></span> <span class='ocrx_word' id='word_1_372' title='bbox 1298 2958 1460 3009; x_wconf 89' lang='lat' dir='ltr'><strong>trium</strong></span> <span class='ocrx_word' id='word_1_373' title='bbox 1508 2973 1865 3026; x_wconf 89' lang='lat' dir='ltr'><strong>personarum</strong></span> <span class='ocrx_word' id='word_1_374' title='bbox 1916 2973 2204 3011; x_wconf 88' lang='lat' dir='ltr'><strong>commune</strong></span> <span class='ocrx_word' id='word_1_375' title='bbox 2247 2965 2341 3009; x_wconf 91' lang='lat' dir='ltr'><strong>aut</strong></span> 
     </span>
    </p>
   </div>
   <div class='ocr_carea' id='block_1_46' title="bbox 765 3050 2339 3121">
    <p class='ocr_par' dir='ltr' id='par_1_46' title="bbox 765 3050 2339 3121">
     <span class='ocr_line' id='line_1_46' title="bbox 765 3050 2339 3121; baseline 0 -18"><span class='ocrx_word' id='word_1_376' title='bbox 765 3051 930 3103; x_wconf 92' lang='lat' dir='ltr'><strong>unius</strong></span> <span class='ocrx_word' id='word_1_377' title='bbox 961 3054 1263 3120; x_wconf 91' lang='lat' dir='ltr'><strong>proprium.</strong></span> <span class='ocrx_word' id='word_1_378' title='bbox 1303 3050 1486 3120; x_wconf 85' lang='lat' dir='ltr'><strong>Neque</strong></span> <span class='ocrx_word' id='word_1_379' title='bbox 1535 3053 1769 3116; x_wconf 87' lang='lat' dir='ltr'><strong>dicatur,</strong></span> <span class='ocrx_word' id='word_1_380' title='bbox 1803 3052 1996 3105; x_wconf 90' lang='lat' dir='ltr'><strong>similia</strong></span> <span class='ocrx_word' id='word_1_381' title='bbox 2017 3051 2279 3121; x_wconf 87' lang='lat' dir='ltr'><strong>principia</strong></span> <span class='ocrx_word' id='word_1_382' title='bbox 2310 3066 2339 3103; x_wconf 91' lang='lat' dir='ltr'><strong>a</strong></span> 
     </span>
    </p>
   </div>
   <div class='ocr_carea' id='block_1_47' title="bbox 2503 1948 4005 2017">
    <p class='ocr_par' dir='ltr' id='par_1_47' title="bbox 2503 1948 4005 2017">
     <span class='ocr_line' id='line_1_47' title="bbox 2503 1948 4005 2017; baseline -0.003 -14"><span class='ocrx_word' id='word_1_383' title='bbox 2503 1955 2586 2007; x_wconf 81' lang='lat' dir='ltr'><strong>l3.</strong></span> <span class='ocrx_word' id='word_1_384' title='bbox 2665 1951 2720 2004; x_wconf 90' lang='lat' dir='ltr'><strong>Si</strong></span> <span class='ocrx_word' id='word_1_385' title='bbox 2754 1951 2950 2004; x_wconf 79' lang='lat' dir='ltr'><strong>falsum</strong></span> <span class='ocrx_word' id='word_1_386' title='bbox 2983 1959 3065 2004; x_wconf 90' lang='lat' dir='ltr'><strong>est</strong></span> <span class='ocrx_word' id='word_1_387' title='bbox 3093 1950 3196 2003; x_wconf 92' lang='lat' dir='ltr'><strong>hoc</strong></span> <span class='ocrx_word' id='word_1_388' title='bbox 3222 1949 3393 2002; x_wconf 80' lang='lat' dir='ltr'><strong>l’hotii</strong></span> <span class='ocrx_word' id='word_1_389' title='bbox 3427 1949 3774 2017; x_wconf 79' lang='lat' dir='ltr'><strong>principium,</strong></span> <span class='ocrx_word' id='word_1_390' title='bbox 3807 1948 4005 2000; x_wconf 83' lang='lat' dir='ltr'><strong>falsum</strong></span> 
     </span>
    </p>
   </div>
   <div class='ocr_carea' id='block_1_48' title="bbox 2427 2039 4014 2114">
    <p class='ocr_par' dir='ltr' id='par_1_48' title="bbox 2427 2039 4014 2114">
     <span class='ocr_line' id='line_1_48' title="bbox 2427 2039 4014 2114; baseline -0.004 -16"><span class='ocrx_word' id='word_1_391' title='bbox 2427 2046 2631 2114; x_wconf 89' lang='lat' dir='ltr'><strong>pariter</strong></span> <span class='ocrx_word' id='word_1_392' title='bbox 2653 2044 2906 2106; x_wconf 87' lang='lat' dir='ltr'><strong>estillud,</strong></span> <span class='ocrx_word' id='word_1_393' title='bbox 2940 2043 3082 2111; x_wconf 91' lang='lat' dir='ltr'><strong>quod</strong></span> <span class='ocrx_word' id='word_1_394' title='bbox 3115 2041 3384 2096; x_wconf 87' lang='lat' dir='ltr'><strong>corollarii</strong></span> <span class='ocrx_word' id='word_1_395' title='bbox 3419 2041 3660 2094; x_wconf 88' lang='lat' dir='ltr'><strong>adinstar</strong></span> <span class='ocrx_word' id='word_1_396' title='bbox 3691 2041 3813 2094; x_wconf 91' lang='lat' dir='ltr'><strong>inde</strong></span> <span class='ocrx_word' id='word_1_397' title='bbox 3839 2039 4014 2093; x_wconf 89' lang='lat' dir='ltr'><strong>dedu-</strong></span> 
     </span>
    </p>
   </div>
   <div class='ocr_carea' id='block_1_49' title="bbox 2427 2133 4016 2199">
    <p class='ocr_par' dir='ltr' id='par_1_49' title="bbox 2427 2133 4016 2199">
     <span class='ocr_line' id='line_1_49' title="bbox 2427 2133 4016 2199; baseline -0.005 -9"><span class='ocrx_word' id='word_1_398' title='bbox 2427 2137 2570 2190; x_wconf 91' lang='lat' dir='ltr'><strong>citur</strong></span> <span class='ocrx_word' id='word_1_399' title='bbox 2608 2154 2621 2189; x_wconf 91' lang='lat'>:</span> <span class='ocrx_word' id='word_1_400' title='bbox 2657 2135 2748 2186; x_wconf 80' lang='lat' dir='ltr'><strong>Nil</strong></span> <span class='ocrx_word' id='word_1_401' title='bbox 2780 2145 2853 2186; x_wconf 84' lang='lat' dir='ltr'><strong>est</strong></span> <span class='ocrx_word' id='word_1_402' title='bbox 2881 2134 3084 2186; x_wconf 82' lang='lat' dir='ltr'><strong>duabus</strong></span> <span class='ocrx_word' id='word_1_403' title='bbox 3123 2135 3178 2189; x_wconf 86' lang='lat' dir='ltr'><strong>in</strong></span> <span class='ocrx_word' id='word_1_404' title='bbox 3203 2133 3456 2186; x_wconf 87' lang='lat' dir='ltr'><strong>Trinitate</strong></span> <span class='ocrx_word' id='word_1_405' title='bbox 3483 2134 3713 2199; x_wconf 81' lang='lat' dir='ltr'><strong>personis</strong></span> <span class='ocrx_word' id='word_1_406' title='bbox 3742 2147 4016 2183; x_wconf 83' lang='lat' dir='ltr'><strong>commune</strong></span> 
     </span>
    </p>
   </div>
   <div class='ocr_carea' id='block_1_50' title="bbox 2429 2219 4015 2294">
    <p class='ocr_par' dir='ltr' id='par_1_50' title="bbox 2429 2219 4015 2294">
     <span class='ocr_line' id='line_1_50' title="bbox 2429 2219 4015 2294; baseline -0.004 -16"><span class='ocrx_word' id='word_1_407' title='bbox 2429 2224 2621 2294; x_wconf 73' lang='grc' dir='ltr'><strong>(μηδὲν</strong></span> <span class='ocrx_word' id='word_1_408' title='bbox 2653 2241 2703 2277; x_wconf 79' lang='grc' dir='ltr'><strong>τι</strong></span> <span class='ocrx_word' id='word_1_409' title='bbox 2751 2219 2890 2276; x_wconf 72' lang='grc' dir='ltr'><strong>εἶναι</strong></span> <span class='ocrx_word' id='word_1_410' title='bbox 2924 2226 3036 2286; x_wconf 81' lang='grc' dir='ltr'><strong>τοῖς</strong></span> <span class='ocrx_word' id='word_1_411' title='bbox 3069 2223 3190 2276; x_wconf 71' lang='grc' dir='ltr'><strong>δυσὶ</strong></span> <span class='ocrx_word' id='word_1_412' title='bbox 3228 2225 3544 2292; x_wconf 76' lang='grc' dir='ltr'><strong>προσώποις</strong></span> <span class='ocrx_word' id='word_1_413' title='bbox 3583 2222 3675 2274; x_wconf 77' lang='grc' dir='ltr'><strong>ἐπὶ</strong></span> <span class='ocrx_word' id='word_1_414' title='bbox 3718 2221 3817 2289; x_wconf 79' lang='grc' dir='ltr'><strong>τῆς</strong></span> <span class='ocrx_word' id='word_1_415' title='bbox 3851 2221 4015 2288; x_wconf 70' lang='grc' dir='ltr'><strong>ἁγίις</strong></span> 
     </span>
    </p>
   </div>
   <div class='ocr_carea' id='block_1_51' title="bbox 2432 2314 4018 2390">
    <p class='ocr_par' dir='ltr' id='par_1_51' title="bbox 2432 2314 4018 2390">
     <span class='ocr_line' id='line_1_51' title="bbox 2432 2314 4018 2390; baseline -0.003 -19"><span class='ocrx_word' id='word_1_416' title='bbox 2432 2318 2663 2390; x_wconf 82' lang='grc' dir='ltr'><strong>ἰ’ριάδος</strong></span> <span class='ocrx_word' id='word_1_417' title='bbox 2689 2319 2922 2387; x_wconf 81' lang='grc' dir='ltr'><strong>κοινόν);</strong></span> <span class='ocrx_word' id='word_1_418' title='bbox 2955 2317 3050 2373; x_wconf 90' lang='lat' dir='ltr'><strong>sed</strong></span> <span class='ocrx_word' id='word_1_419' title='bbox 3078 2317 3119 2371; x_wconf 93' lang='lat' dir='ltr'><strong>si</strong></span> <span class='ocrx_word' id='word_1_420' title='bbox 3158 2318 3286 2386; x_wconf 90' lang='lat' dir='ltr'><strong>quid</strong></span> <span class='ocrx_word' id='word_1_421' title='bbox 3318 2315 3529 2370; x_wconf 91' lang='lat' dir='ltr'><strong>duabus</strong></span> <span class='ocrx_word' id='word_1_422' title='bbox 3572 2314 3818 2384; x_wconf 88' lang='lat' dir='ltr'><strong>personis</strong></span> <span class='ocrx_word' id='word_1_423' title='bbox 3865 2330 4018 2367; x_wconf 86' lang='lat' dir='ltr'><strong>com-</strong></span> 
     </span>
    </p>
   </div>
   <div class='ocr_carea' id='block_1_52' title="bbox 2433 2406 4017 2472">
    <p class='ocr_par' dir='ltr' id='par_1_52' title="bbox 2433 2406 4017 2472">
     <span class='ocr_line' id='line_1_52' title="bbox 2433 2406 4017 2472; baseline -0.003 -9"><span class='ocrx_word' id='word_1_424' title='bbox 2433 2425 2598 2465; x_wconf 90' lang='lat' dir='ltr'><strong>mune</strong></span> <span class='ocrx_word' id='word_1_425' title='bbox 2631 2410 2725 2472; x_wconf 93' lang='lat' dir='ltr'><strong>sit,</strong></span> <span class='ocrx_word' id='word_1_426' title='bbox 2768 2410 2821 2464; x_wconf 91' lang='lat' dir='ltr'><strong>id</strong></span> <span class='ocrx_word' id='word_1_427' title='bbox 2866 2418 2920 2463; x_wconf 87' lang='lat' dir='ltr'><strong>et</strong></span> <span class='ocrx_word' id='word_1_428' title='bbox 2966 2410 3140 2463; x_wconf 71' lang='lat' dir='ltr'><strong>tertia:</strong></span> <span class='ocrx_word' id='word_1_429' title='bbox 3184 2423 3476 2463; x_wconf 89' lang='lat' dir='ltr'><strong>commune</strong></span> <span class='ocrx_word' id='word_1_430' title='bbox 3523 2407 3646 2461; x_wconf 89' lang='lat' dir='ltr'><strong>erit.</strong></span> <span class='ocrx_word' id='word_1_431' title='bbox 3699 2406 3852 2460; x_wconf 85' lang='lat' dir='ltr'><strong>Unde</strong></span> <span class='ocrx_word' id='word_1_432' title='bbox 3893 2423 4017 2460; x_wconf 92' lang='lat' dir='ltr'><strong>cum</strong></span> 
     </span>
    </p>
   </div>
   <div class='ocr_carea' id='block_1_53' title="bbox 2433 2498 4020 2571">
    <p class='ocr_par' dir='ltr' id='par_1_53' title="bbox 2433 2498 4020 2571">
     <span class='ocr_line' id='line_1_53' title="bbox 2433 2498 4020 2571; baseline -0.002 -17"><span class='ocrx_word' id='word_1_433' title='bbox 2433 2500 2629 2555; x_wconf 87' lang='lat' dir='ltr'><strong>Photio</strong></span> <span class='ocrx_word' id='word_1_434' title='bbox 2672 2507 2815 2571; x_wconf 88' lang='lat' dir='ltr'><strong>(cap.</strong></span> <span class='ocrx_word' id='word_1_435' title='bbox 2860 2501 2917 2569; x_wconf 89' lang='grc'>6)</span> <span class='ocrx_word' id='word_1_436' title='bbox 2951 2510 3186 2568; x_wconf 76' lang='lat' dir='ltr'><strong>arguunt</strong></span> <span class='ocrx_word' id='word_1_437' title='bbox 3241 2499 3579 2553; x_wconf 86' lang='lat' dir='ltr'><strong>Schismatici</strong></span> <span class='ocrx_word' id='word_1_438' title='bbox 3625 2516 3638 2552; x_wconf 91' lang='lat'><strong>:</strong></span> <span class='ocrx_word' id='word_1_439' title='bbox 3679 2498 3735 2552; x_wconf 92' lang='lat' dir='ltr'><strong>Si</strong></span> <span class='ocrx_word' id='word_1_440' title='bbox 3791 2500 4020 2568; x_wconf 88' lang='lat' dir='ltr'><strong>spiratio</strong></span> 
     </span>
    </p>
   </div>
   <div class='ocr_carea' id='block_1_54' title="bbox 2434 2589 4022 2654">
    <p class='ocr_par' dir='ltr' id='par_1_54' title="bbox 2434 2589 4022 2654">
     <span class='ocr_line' id='line_1_54' title="bbox 2434 2589 4022 2654; baseline -0.003 -10"><span class='ocrx_word' id='word_1_441' title='bbox 2434 2593 2608 2646; x_wconf 85' lang='lat' dir='ltr'><strong>activa</strong></span> <span class='ocrx_word' id='word_1_442' title='bbox 2639 2593 2710 2647; x_wconf 91' lang='lat' dir='ltr'><strong>sit</strong></span> <span class='ocrx_word' id='word_1_443' title='bbox 2745 2592 2888 2645; x_wconf 87' lang='lat' dir='ltr'><strong>Patri</strong></span> <span class='ocrx_word' id='word_1_444' title='bbox 2925 2601 2979 2646; x_wconf 87' lang='lat' dir='ltr'><strong>et</strong></span> <span class='ocrx_word' id='word_1_445' title='bbox 3018 2590 3154 2644; x_wconf 90' lang='lat' dir='ltr'><strong>Filio</strong></span> <span class='ocrx_word' id='word_1_446' title='bbox 3193 2590 3517 2654; x_wconf 91' lang='lat' dir='ltr'><strong>communis,</strong></span> <span class='ocrx_word' id='word_1_447' title='bbox 3561 2589 3870 2644; x_wconf 90' lang='lat' dir='ltr'><strong>communis</strong></span> <span class='ocrx_word' id='word_1_448' title='bbox 3917 2591 4022 2642; x_wconf 87' lang='lat' dir='ltr'><strong>erit</strong></span> 
     </span>
    </p>
   </div>
   <div class='ocr_carea' id='block_1_55' title="bbox 2436 2680 4022 2754">
    <p class='ocr_par' dir='ltr' id='par_1_55' title="bbox 2436 2680 4022 2754">
     <span class='ocr_line' id='line_1_55' title="bbox 2436 2680 4022 2754; baseline -0.004 -14"><span class='ocrx_word' id='word_1_449' title='bbox 2436 2696 2489 2740; x_wconf 90' lang='lat' dir='ltr'><strong>et</strong></span> <span class='ocrx_word' id='word_1_450' title='bbox 2524 2684 2745 2754; x_wconf 91' lang='lat' dir='ltr'><strong>Spiritui</strong></span> <span class='ocrx_word' id='word_1_451' title='bbox 2778 2693 2985 2738; x_wconf 90' lang='lat' dir='ltr'><strong>sancto.</strong></span> <span class='ocrx_word' id='word_1_452' title='bbox 3015 2683 3205 2738; x_wconf 88' lang='lat' dir='ltr'><strong>Patres</strong></span> <span class='ocrx_word' id='word_1_453' title='bbox 3232 2684 3503 2736; x_wconf 89' lang='lat' dir='ltr'><strong>interdum</strong></span> <span class='ocrx_word' id='word_1_454' title='bbox 3528 2680 4022 2749; x_wconf 81' lang='lat' dir='ltr'><strong>concludunt,qua:</strong></span> 
     </span>
    </p>
   </div>
   <div class='ocr_carea' id='block_1_56' title="bbox 2437 2775 4023 2844">
    <p class='ocr_par' dir='ltr' id='par_1_56' title="bbox 2437 2775 4023 2844">
     <span class='ocr_line' id='line_1_56' title="bbox 2437 2775 4023 2844; baseline -0.003 -14"><span class='ocrx_word' id='word_1_455' title='bbox 2437 2777 2744 2831; x_wconf 91' lang='lat' dir='ltr'><strong>communia</strong></span> <span class='ocrx_word' id='word_1_456' title='bbox 2763 2786 2888 2829; x_wconf 90' lang='lat' dir='ltr'><strong>sunt</strong></span> <span class='ocrx_word' id='word_1_457' title='bbox 2908 2775 3052 2829; x_wconf 90' lang='lat' dir='ltr'><strong>Patri</strong></span> <span class='ocrx_word' id='word_1_458' title='bbox 3074 2775 3291 2837; x_wconf 80' lang='lat' dir='ltr'><strong>etFilio,</strong></span> <span class='ocrx_word' id='word_1_459' title='bbox 3317 2775 3622 2828; x_wconf 87' lang='lat' dir='ltr'><strong>communia</strong></span> <span class='ocrx_word' id='word_1_460' title='bbox 3645 2788 3860 2844; x_wconf 89' lang='lat' dir='ltr'><strong>quoque</strong></span> <span class='ocrx_word' id='word_1_461' title='bbox 3902 2786 4023 2826; x_wconf 67' lang='lat' dir='ltr'><strong>es:e</strong></span> 
     </span>
    </p>
   </div>
   <div class='ocr_carea' id='block_1_57' title="bbox 2441 2863 4025 2936">
    <p class='ocr_par' dir='ltr' id='par_1_57' title="bbox 2441 2863 4025 2936">
     <span class='ocr_line' id='line_1_57' title="bbox 2441 2863 4025 2936; baseline -0.004 -16"><span class='ocrx_word' id='word_1_462' title='bbox 2441 2867 2664 2936; x_wconf 90' lang='lat' dir='ltr'><strong>Spiritui</strong></span> <span class='ocrx_word' id='word_1_463' title='bbox 2688 2877 2895 2930; x_wconf 90' lang='lat' dir='ltr'><strong>sancto;</strong></span> <span class='ocrx_word' id='word_1_464' title='bbox 2923 2876 2978 2919; x_wconf 91' lang='lat' dir='ltr'><strong>at</strong></span> <span class='ocrx_word' id='word_1_465' title='bbox 3016 2866 3162 2920; x_wconf 89' lang='lat' dir='ltr'><strong>enim</strong></span> <span class='ocrx_word' id='word_1_466' title='bbox 3195 2867 3322 2920; x_wconf 93' lang='lat' dir='ltr'><strong>dum</strong></span> <span class='ocrx_word' id='word_1_467' title='bbox 3375 2865 3447 2918; x_wconf 89' lang='lat' dir='ltr'><strong>ita</strong></span> <span class='ocrx_word' id='word_1_468' title='bbox 3493 2865 3911 2921; x_wconf 85' lang='lat' dir='ltr'><strong>ratiocinantur.</strong></span> <span class='ocrx_word' id='word_1_469' title='bbox 3959 2863 4025 2914; x_wconf 85' lang='lat' dir='ltr'><strong>de</strong></span> 
     </span>
    </p>
   </div>
   <div class='ocr_carea' id='block_1_58' title="bbox 2440 2957 4024 3029">
    <p class='ocr_par' dir='ltr' id='par_1_58' title="bbox 2440 2957 4024 3029">
     <span class='ocr_line' id='line_1_58' title="bbox 2440 2957 4024 3029; baseline -0.003 -17"><span class='ocrx_word' id='word_1_470' title='bbox 2440 2961 2553 3028; x_wconf 83' lang='lat' dir='ltr'><strong>ipsa</strong></span> <span class='ocrx_word' id='word_1_471' title='bbox 2631 2959 2808 3011; x_wconf 86' lang='lat' dir='ltr'><strong>divina</strong></span> <span class='ocrx_word' id='word_1_472' title='bbox 2891 2960 3189 3012; x_wconf 84' lang='lat' dir='ltr'><strong>substantia</strong></span> <span class='ocrx_word' id='word_1_473' title='bbox 3255 2958 3402 3029; x_wconf 70' lang='lat'><strong>[‘249]</strong></span> <span class='ocrx_word' id='word_1_474' title='bbox 3469 2959 3683 3027; x_wconf 85' lang='lat' dir='ltr'><strong>ejusque</strong></span> <span class='ocrx_word' id='word_1_475' title='bbox 3756 2957 4024 3010; x_wconf 85' lang='lat' dir='ltr'><strong>attributis</strong></span> 
     </span>
    </p>
   </div>
   <div class='ocr_carea' id='block_1_59' title="bbox 2441 3047 4027 3121">
    <p class='ocr_par' dir='ltr' id='par_1_59' title="bbox 2441 3047 4027 3121">
     <span class='ocr_line' id='line_1_59' title="bbox 2441 3047 4027 3121; baseline -0.002 -17"><span class='ocrx_word' id='word_1_476' title='bbox 2441 3059 2624 3121; x_wconf 84' lang='lat' dir='ltr'><strong>agunt,</strong></span> <span class='ocrx_word' id='word_1_477' title='bbox 2660 3066 2766 3104; x_wconf 92' lang='lat' dir='ltr'><strong>non</strong></span> <span class='ocrx_word' id='word_1_478' title='bbox 2788 3067 2916 3105; x_wconf 89' lang='lat' dir='ltr'><strong>vero</strong></span> <span class='ocrx_word' id='word_1_479' title='bbox 2942 3052 3008 3104; x_wconf 91' lang='lat' dir='ltr'><strong>de</strong></span> <span class='ocrx_word' id='word_1_480' title='bbox 3039 3051 3411 3114; x_wconf 77' lang='lat' dir='ltr'><strong>relationibus;</strong></span> <span class='ocrx_word' id='word_1_481' title='bbox 3454 3051 3520 3103; x_wconf 92' lang='lat' dir='ltr'><strong>de</strong></span> <span class='ocrx_word' id='word_1_482' title='bbox 3544 3051 3607 3103; x_wconf 90' lang='lat' dir='ltr'><strong>iis</strong></span> <span class='ocrx_word' id='word_1_483' title='bbox 3630 3065 3750 3118; x_wconf 72' lang='lat' dir='ltr'><strong>qua:</strong></span> <span class='ocrx_word' id='word_1_484' title='bbox 3779 3047 4027 3102; x_wconf 89' lang='lat' dir='ltr'><strong>absolute</strong></span> 
     </span>
    </p>
   </div>
   <div class='ocr_carea' id='block_1_60' title="bbox 766 3138 4028 3240">
    <p class='ocr_par' dir='ltr' id='par_1_60' title="bbox 766 3138 4028 3240">
     <span class='ocr_line' id='line_1_60' title="bbox 766 3138 4028 3240; baseline -0.001 -46"><span class='ocrx_word' id='word_1_485' title='bbox 766 3140 974 3196; x_wconf 84' lang='lat' dir='ltr'><strong>Latinis</strong></span> <span class='ocrx_word' id='word_1_486' title='bbox 995 3144 1260 3212; x_wconf 81' lang='lat' dir='ltr'><strong>theologis</strong></span> <span class='ocrx_word' id='word_1_487' title='bbox 1286 3143 1542 3196; x_wconf 88' lang='lat' dir='ltr'><strong>stabiliri.</strong></span> <span class='ocrx_word' id='word_1_488' title='bbox 1567 3145 1702 3197; x_wconf 84' lang='lat' dir='ltr'><strong>Nam</strong></span> <span class='ocrx_word' id='word_1_489' title='bbox 1730 3145 1887 3213; x_wconf 83' lang='lat' dir='ltr'><strong>longe</strong></span> <span class='ocrx_word' id='word_1_490' title='bbox 1913 3159 1943 3196; x_wconf 91' lang='lat' dir='ltr'><strong>a</strong></span> <span class='ocrx_word' id='word_1_491' title='bbox 1968 3142 2148 3196; x_wconf 90' lang='lat' dir='ltr'><strong>Photii</strong></span> <span class='ocrx_word' id='word_1_492' title='bbox 2177 3143 2342 3197; x_wconf 75' lang='lat' dir='ltr'><strong>eﬂato</strong></span> <span class='ocrx_word' id='word_1_493' title='bbox 2367 3180 2411 3240; x_wconf 61' lang='grc' dir='ltr'><strong>α</strong></span> <span class='ocrx_word' id='word_1_494' title='bbox 2444 3142 2720 3205; x_wconf 91' lang='lat' dir='ltr'><strong>dicuntur,</strong></span> <span class='ocrx_word' id='word_1_495' title='bbox 2753 3156 2860 3239; x_wconf 79' lang='lat' dir='ltr'><strong>non</strong></span> <span class='ocrx_word' id='word_1_496' title='bbox 2875 3142 2969 3240; x_wconf 40' lang='lat' dir='ltr'><strong>“de</strong></span> <span class='ocrx_word' id='word_1_497' title='bbox 3012 3142 3076 3239; x_wconf 77' lang='lat' dir='ltr'><strong>iis</strong></span> <span class='ocrx_word' id='word_1_498' title='bbox 3116 3156 3235 3240; x_wconf 49' lang='lat' dir='ltr'><strong>qtlze</strong></span> <span class='ocrx_word' id='word_1_499' title='bbox 3269 3141 3526 3238; x_wconf 81' lang='lat' dir='ltr'><strong>dicuntur</strong></span> <span class='ocrx_word' id='word_1_500' title='bbox 3570 3140 3659 3240; x_wconf 46' lang='lat' dir='ltr'><strong>ad“</strong></span> <span class='ocrx_word' id='word_1_501' title='bbox 3693 3138 3942 3240; x_wconf 49' lang='lat' dir='ltr'><strong>aliquid.“</strong></span> <span class='ocrx_word' id='word_1_502' title='bbox 3971 3147 4028 3236; x_wconf 81' lang='lat' dir='ltr'><strong>ut</strong></span> 
     </span>
    </p>
   </div>
   <div class='ocr_carea' id='block_1_61' title="bbox 766 3233 2338 3304">
    <p class='ocr_par' dir='ltr' id='par_1_61' title="bbox 766 3233 2338 3304">
     <span class='ocr_line' id='line_1_61' title="bbox 766 3233 2338 3304; baseline 0.001 -18"><span class='ocrx_word' id='word_1_503' title='bbox 766 3233 1025 3287; x_wconf 81' lang='lat' dir='ltr'><strong>dilIerunt</strong></span> <span class='ocrx_word' id='word_1_504' title='bbox 1055 3235 1168 3289; x_wconf 77' lang='lat' dir='ltr'><strong>haec</strong></span> <span class='ocrx_word' id='word_1_505' title='bbox 1199 3236 1590 3290; x_wconf 85' lang='lat' dir='ltr'><strong>catholicorum</strong></span> <span class='ocrx_word' id='word_1_506' title='bbox 1626 3236 1892 3290; x_wconf 83' lang='lat' dir='ltr'><strong>axiomata</strong></span> <span class='ocrx_word' id='word_1_507' title='bbox 1923 3253 1936 3288; x_wconf 88' lang='lat'><strong>:</strong></span> <span class='ocrx_word' id='word_1_508' title='bbox 1971 3235 2242 3304; x_wconf 82' lang='lat' dir='ltr'><strong>Quidquid</strong></span> <span class='ocrx_word' id='word_1_509' title='bbox 2284 3235 2338 3294; x_wconf 86' lang='lat' dir='ltr'><strong>in</strong></span> 
     </span>
    </p>
   </div>
   <div class='ocr_carea' id='block_1_62' title="bbox 770 3324 2338 3394">
    <p class='ocr_par' dir='ltr' id='par_1_62' title="bbox 770 3324 2338 3394">
     <span class='ocr_line' id='line_1_62' title="bbox 770 3324 2338 3394; baseline 0.003 -17"><span class='ocrx_word' id='word_1_510' title='bbox 770 3324 1033 3380; x_wconf 76' lang='lat' dir='ltr'><strong>Trinitate</strong></span> <span class='ocrx_word' id='word_1_511' title='bbox 1063 3327 1280 3392; x_wconf 88' lang='lat' dir='ltr'><strong>dicitur,</strong></span> <span class='ocrx_word' id='word_1_512' title='bbox 1319 3338 1413 3382; x_wconf 90' lang='lat' dir='ltr'><strong>aut</strong></span> <span class='ocrx_word' id='word_1_513' title='bbox 1449 3330 1680 3382; x_wconf 79' lang='lat' dir='ltr'><strong>absolute</strong></span> <span class='ocrx_word' id='word_1_514' title='bbox 1721 3330 1916 3383; x_wconf 89' lang='lat' dir='ltr'><strong>dicitur</strong></span> <span class='ocrx_word' id='word_1_515' title='bbox 1961 3336 2054 3382; x_wconf 90' lang='lat' dir='ltr'><strong>aut</strong></span> <span class='ocrx_word' id='word_1_516' title='bbox 2096 3328 2338 3394; x_wconf 81' lang='lat' dir='ltr'><strong>relative;</strong></span> 
     </span>
    </p>
   </div>
   <div class='ocr_carea' id='block_1_63' title="bbox 769 3418 2339 3490">
    <p class='ocr_par' dir='ltr' id='par_1_63' title="bbox 769 3418 2339 3490">
     <span class='ocr_line' id='line_1_63' title="bbox 769 3418 2339 3490; baseline 0.003 -22"><span class='ocrx_word' id='word_1_517' title='bbox 769 3418 857 3472; x_wconf 90' lang='lat' dir='ltr'><strong>vel</strong></span> <span class='ocrx_word' id='word_1_518' title='bbox 907 3419 1069 3472; x_wconf 86' lang='lat' dir='ltr'><strong>etiam</strong></span> <span class='ocrx_word' id='word_1_519' title='bbox 1105 3437 1118 3474; x_wconf 91' lang='lat'><strong>:</strong></span> <span class='ocrx_word' id='word_1_520' title='bbox 1153 3419 1327 3474; x_wconf 88' lang='lat' dir='ltr'><strong>Omne</strong></span> <span class='ocrx_word' id='word_1_521' title='bbox 1375 3421 1519 3490; x_wconf 89' lang='lat' dir='ltr'><strong>quod</strong></span> <span class='ocrx_word' id='word_1_522' title='bbox 1566 3421 1633 3474; x_wconf 90' lang='lat' dir='ltr'><strong>de</strong></span> <span class='ocrx_word' id='word_1_523' title='bbox 1675 3419 1941 3474; x_wconf 85' lang='lat' dir='ltr'><strong>Trinitate</strong></span> <span class='ocrx_word' id='word_1_524' title='bbox 1992 3419 2339 3488; x_wconf 64' lang='lat' dir='ltr'><strong>praedicatur,</strong></span> 
     </span>
    </p>
   </div>
   <div class='ocr_carea' id='block_1_64' title="bbox 769 3511 2345 3581">
    <p class='ocr_par' dir='ltr' id='par_1_64' title="bbox 769 3511 2345 3581">
     <span class='ocr_line' id='line_1_64' title="bbox 769 3511 2345 3581; baseline 0 -18"><span class='ocrx_word' id='word_1_525' title='bbox 769 3519 865 3564; x_wconf 89' lang='lat' dir='ltr'><strong>aut</strong></span> <span class='ocrx_word' id='word_1_526' title='bbox 886 3527 1155 3563; x_wconf 85' lang='lat' dir='ltr'><strong>commune</strong></span> <span class='ocrx_word' id='word_1_527' title='bbox 1176 3519 1366 3565; x_wconf 90' lang='lat' dir='ltr'><strong>estaut</strong></span> <span class='ocrx_word' id='word_1_528' title='bbox 1393 3513 1682 3581; x_wconf 85' lang='lat' dir='ltr'><strong>proprium.</strong></span> <span class='ocrx_word' id='word_1_529' title='bbox 1713 3511 1770 3563; x_wconf 92' lang='lat' dir='ltr'><strong>ln</strong></span> <span class='ocrx_word' id='word_1_530' title='bbox 1797 3513 1879 3564; x_wconf 91' lang='lat' dir='ltr'><strong>his</strong></span> <span class='ocrx_word' id='word_1_531' title='bbox 1909 3527 2041 3565; x_wconf 86' lang='lat' dir='ltr'><strong>sane</strong></span> <span class='ocrx_word' id='word_1_532' title='bbox 2057 3511 2345 3579; x_wconf 87' lang='lat' dir='ltr'><strong>disjunctio</strong></span> 
     </span>
    </p>
   </div>
   <div class='ocr_carea' id='block_1_65' title="bbox 771 3602 2345 3674">
    <p class='ocr_par' dir='ltr' id='par_1_65' title="bbox 771 3602 2345 3674">
     <span class='ocr_line' id='line_1_65' title="bbox 771 3602 2345 3674; baseline -0.001 -17"><span class='ocrx_word' id='word_1_533' title='bbox 771 3611 857 3657; x_wconf 87' lang='lat' dir='ltr'><strong>est</strong></span> <span class='ocrx_word' id='word_1_534' title='bbox 900 3602 1125 3656; x_wconf 89' lang='lat' dir='ltr'><strong>omnino</strong></span> <span class='ocrx_word' id='word_1_535' title='bbox 1177 3604 1477 3672; x_wconf 71' lang='lat' dir='ltr'><strong>aquuata.</strong></span> <span class='ocrx_word' id='word_1_536' title='bbox 1538 3606 1597 3658; x_wconf 86' lang='lat' dir='ltr'><strong>In</strong></span> <span class='ocrx_word' id='word_1_537' title='bbox 1653 3605 1818 3674; x_wconf 90' lang='lat' dir='ltr'><strong>priori</strong></span> <span class='ocrx_word' id='word_1_538' title='bbox 1867 3605 2136 3658; x_wconf 80' lang='lat' dir='ltr'><strong>axiomate</strong></span> <span class='ocrx_word' id='word_1_539' title='bbox 2198 3603 2345 3656; x_wconf 89' lang='lat' dir='ltr'><strong>nulla</strong></span> 
     </span>
    </p>
   </div>
   <div class='ocr_carea' id='block_1_66' title="bbox 772 3695 2347 3766">
    <p class='ocr_par' dir='ltr' id='par_1_66' title="bbox 772 3695 2347 3766">
     <span class='ocr_line' id='line_1_66' title="bbox 772 3695 2347 3766; baseline 0.001 -18"><span class='ocrx_word' id='word_1_540' title='bbox 772 3695 1058 3750; x_wconf 81' lang='lat' dir='ltr'><strong>difﬁcultas</strong></span> <span class='ocrx_word' id='word_1_541' title='bbox 1111 3703 1234 3759; x_wconf 85' lang='lat' dir='ltr'><strong>est.</strong></span> <span class='ocrx_word' id='word_1_542' title='bbox 1288 3711 1410 3750; x_wconf 91' lang='lat' dir='ltr'><strong>cum</strong></span> <span class='ocrx_word' id='word_1_543' title='bbox 1479 3697 1652 3751; x_wconf 88' lang='lat' dir='ltr'><strong>activa</strong></span> <span class='ocrx_word' id='word_1_544' title='bbox 1709 3698 1935 3766; x_wconf 88' lang='lat' dir='ltr'><strong>spiratio</strong></span> <span class='ocrx_word' id='word_1_545' title='bbox 1994 3696 2347 3750; x_wconf 85' lang='lat' dir='ltr'><strong>relationibus</strong></span> 
     </span>
    </p>
   </div>
   <div class='ocr_carea' id='block_1_67' title="bbox 773 3785 2350 3858">
    <p class='ocr_par' dir='ltr' id='par_1_67' title="bbox 773 3785 2350 3858">
     <span class='ocr_line' id='line_1_67' title="bbox 773 3785 2350 3858; baseline -0.001 -16"><span class='ocrx_word' id='word_1_546' title='bbox 773 3785 1297 3853; x_wconf 73' lang='lat' dir='ltr'><strong>comprehendatur:</strong></span> <span class='ocrx_word' id='word_1_547' title='bbox 1348 3787 1403 3840; x_wconf 93' lang='lat' dir='ltr'><strong>in</strong></span> <span class='ocrx_word' id='word_1_548' title='bbox 1440 3788 1610 3841; x_wconf 89' lang='lat' dir='ltr'><strong>altero</strong></span> <span class='ocrx_word' id='word_1_549' title='bbox 1654 3790 1714 3840; x_wconf 84' lang='grc' dir='ltr'><strong>τὸ</strong></span> <span class='ocrx_word' id='word_1_550' title='bbox 1752 3789 2028 3858; x_wconf 90' lang='lat' dir='ltr'><strong>proprium</strong></span> <span class='ocrx_word' id='word_1_551' title='bbox 2071 3803 2179 3841; x_wconf 91' lang='lat' dir='ltr'><strong>non</strong></span> <span class='ocrx_word' id='word_1_552' title='bbox 2223 3802 2350 3856; x_wconf 91' lang='lat' dir='ltr'><strong>sup-</strong></span> 
     </span>
    </p>
   </div>
   <div class='ocr_carea' id='block_1_68' title="bbox 773 3874 2346 3946">
    <p class='ocr_par' dir='ltr' id='par_1_68' title="bbox 773 3874 2346 3946">
     <span class='ocr_line' id='line_1_68' title="bbox 773 3874 2346 3946; baseline 0.002 -21"><span class='ocrx_word' id='word_1_553' title='bbox 773 3874 926 3941; x_wconf 89' lang='lat' dir='ltr'><strong>ponit</strong></span> <span class='ocrx_word' id='word_1_554' title='bbox 954 3889 1052 3942; x_wconf 91' lang='lat' dir='ltr'><strong>pro</strong></span> <span class='ocrx_word' id='word_1_555' title='bbox 1088 3889 1152 3927; x_wconf 90' lang='lat' dir='ltr'><strong>eo</strong></span> <span class='ocrx_word' id='word_1_556' title='bbox 1201 3875 1347 3944; x_wconf 93' lang='lat' dir='ltr'><strong>quod</strong></span> <span class='ocrx_word' id='word_1_557' title='bbox 1388 3876 1481 3928; x_wconf 86' lang='lat' dir='ltr'><strong>uni</strong></span> <span class='ocrx_word' id='word_1_558' title='bbox 1524 3885 1733 3930; x_wconf 90' lang='lat' dir='ltr'><strong>tantum</strong></span> <span class='ocrx_word' id='word_1_559' title='bbox 1775 3892 2022 3946; x_wconf 74' lang='lat' dir='ltr'><strong>persona:</strong></span> <span class='ocrx_word' id='word_1_560' title='bbox 2058 3875 2346 3941; x_wconf 88' lang='lat' dir='ltr'><strong>convenit;</strong></span> 
     </span>
    </p>
   </div>
   <div class='ocr_carea' id='block_1_69' title="bbox 774 3965 2349 4036">
    <p class='ocr_par' dir='ltr' id='par_1_69' title="bbox 774 3965 2349 4036">
     <span class='ocr_line' id='line_1_69' title="bbox 774 3965 2349 4036; baseline 0.002 -20"><span class='ocrx_word' id='word_1_561' title='bbox 774 3971 1036 4033; x_wconf 74' lang='lat' dir='ltr'><strong>przeterea</strong></span> <span class='ocrx_word' id='word_1_562' title='bbox 1080 3965 1156 4017; x_wconf 91' lang='lat' dir='ltr'><strong>nil</strong></span> <span class='ocrx_word' id='word_1_563' title='bbox 1192 3975 1335 4020; x_wconf 83' lang='lat' dir='ltr'><strong>vetat</strong></span> <span class='ocrx_word' id='word_1_564' title='bbox 1378 3981 1447 4020; x_wconf 92' lang='lat' dir='ltr'><strong>ne</strong></span> <span class='ocrx_word' id='word_1_565' title='bbox 1482 3984 1751 4020; x_wconf 83' lang='lat' dir='ltr'><strong>commune</strong></span> <span class='ocrx_word' id='word_1_566' title='bbox 1792 3967 2026 4031; x_wconf 84' lang='lat' dir='ltr'><strong>dicatur,</strong></span> <span class='ocrx_word' id='word_1_567' title='bbox 2073 3967 2218 4036; x_wconf 93' lang='lat' dir='ltr'><strong>quod</strong></span> <span class='ocrx_word' id='word_1_568' title='bbox 2264 3967 2349 4020; x_wconf 90' lang='lat' dir='ltr'><strong>vel</strong></span> 
     </span>
    </p>
   </div>
   <div class='ocr_carea' id='block_1_70' title="bbox 779 4054 2348 4127">
    <p class='ocr_par' dir='ltr' id='par_1_70' title="bbox 779 4054 2348 4127">
     <span class='ocr_line' id='line_1_70' title="bbox 779 4054 2348 4127; baseline 0.003 -23"><span class='ocrx_word' id='word_1_569' title='bbox 779 4054 953 4107; x_wconf 88' lang='lat' dir='ltr'><strong>tribus</strong></span> <span class='ocrx_word' id='word_1_570' title='bbox 983 4054 1066 4107; x_wconf 90' lang='lat' dir='ltr'><strong>vel</strong></span> <span class='ocrx_word' id='word_1_571' title='bbox 1095 4055 1307 4109; x_wconf 89' lang='lat' dir='ltr'><strong>duabus</strong></span> <span class='ocrx_word' id='word_1_572' title='bbox 1348 4057 1591 4124; x_wconf 86' lang='lat' dir='ltr'><strong>personis</strong></span> <span class='ocrx_word' id='word_1_573' title='bbox 1637 4059 1908 4122; x_wconf 87' lang='lat' dir='ltr'><strong>convenit,</strong></span> <span class='ocrx_word' id='word_1_574' title='bbox 1949 4068 2004 4113; x_wconf 91' lang='lat' dir='ltr'><strong>et</strong></span> <span class='ocrx_word' id='word_1_575' title='bbox 2045 4059 2348 4127; x_wconf 89' lang='lat' dir='ltr'><strong>proprium,</strong></span> 
     </span>
    </p>
   </div>
   <div class='ocr_carea' id='block_1_71' title="bbox 778 4143 2350 4211">
    <p class='ocr_par' dir='ltr' id='par_1_71' title="bbox 778 4143 2350 4211">
     <span class='ocr_line' id='line_1_71' title="bbox 778 4143 2350 4211; baseline 0 -15"><span class='ocrx_word' id='word_1_576' title='bbox 778 4145 924 4211; x_wconf 89' lang='lat' dir='ltr'><strong>quod</strong></span> <span class='ocrx_word' id='word_1_577' title='bbox 957 4143 1046 4196; x_wconf 92' lang='lat' dir='ltr'><strong>uni</strong></span> <span class='ocrx_word' id='word_1_578' title='bbox 1081 4145 1314 4198; x_wconf 76' lang='lat' dir='ltr'><strong>exclusis</strong></span> <span class='ocrx_word' id='word_1_579' title='bbox 1357 4145 1568 4199; x_wconf 85' lang='lat' dir='ltr'><strong>duabus</strong></span> <span class='ocrx_word' id='word_1_580' title='bbox 1613 4147 1694 4200; x_wconf 89' lang='lat' dir='ltr'><strong>vel</strong></span> <span class='ocrx_word' id='word_1_581' title='bbox 1734 4146 1945 4200; x_wconf 90' lang='lat' dir='ltr'><strong>duabus</strong></span> <span class='ocrx_word' id='word_1_582' title='bbox 1981 4147 2200 4200; x_wconf 78' lang='lat' dir='ltr'><strong>exclusa</strong></span> <span class='ocrx_word' id='word_1_583' title='bbox 2243 4158 2350 4196; x_wconf 90' lang='lat' dir='ltr'><strong>una</strong></span> 
     </span>
    </p>
   </div>
   <div class='ocr_carea' id='block_1_72' title="bbox 777 4236 2351 4307">
    <p class='ocr_par' dir='ltr' id='par_1_72' title="bbox 777 4236 2351 4307">
     <span class='ocr_line' id='line_1_72' title="bbox 777 4236 2351 4307; baseline -0.001 -19"><span class='ocrx_word' id='word_1_584' title='bbox 777 4243 1013 4304; x_wconf 90' lang='lat' dir='ltr'><strong>aptatur,</strong></span> <span class='ocrx_word' id='word_1_585' title='bbox 1031 4236 1323 4290; x_wconf 89' lang='lat' dir='ltr'><strong>dummodo</strong></span> <span class='ocrx_word' id='word_1_586' title='bbox 1342 4238 1700 4307; x_wconf 90' lang='lat' dir='ltr'><strong>oppositionis</strong></span> <span class='ocrx_word' id='word_1_587' title='bbox 1719 4239 1854 4292; x_wconf 87' lang='lat' dir='ltr'><strong>ratio</strong></span> <span class='ocrx_word' id='word_1_588' title='bbox 1871 4238 2069 4307; x_wconf 90' lang='lat' dir='ltr'><strong>ubique</strong></span> <span class='ocrx_word' id='word_1_589' title='bbox 2086 4246 2351 4291; x_wconf 84' lang='lat' dir='ltr'><strong>servetur.</strong></span> 
     </span>
    </p>
   </div>
   <div class='ocr_carea' id='block_1_73' title="bbox 780 4324 2355 4398">
    <p class='ocr_par' dir='ltr' id='par_1_73' title="bbox 780 4324 2355 4398">
     <span class='ocr_line' id='line_1_73' title="bbox 780 4324 2355 4398; baseline 0.003 -21"><span class='ocrx_word' id='word_1_590' title='bbox 780 4326 926 4378; x_wconf 84' lang='lat' dir='ltr'><strong>Sane</strong></span> <span class='ocrx_word' id='word_1_591' title='bbox 954 4326 1014 4377; x_wconf 79' lang='grc' dir='ltr'><strong>τὸ</strong></span> <span class='ocrx_word' id='word_1_592' title='bbox 1039 4326 1097 4390; x_wconf 74' lang='grc' dir='ltr'><strong>ἐξ</strong></span> <span class='ocrx_word' id='word_1_593' title='bbox 1126 4328 1300 4390; x_wconf 70' lang='grc' dir='ltr'><strong>αἰτίας</strong></span> <span class='ocrx_word' id='word_1_594' title='bbox 1333 4324 1471 4380; x_wconf 70' lang='grc' dir='ltr'><strong>εἶναι</strong></span> <span class='ocrx_word' id='word_1_595' title='bbox 1498 4329 1793 4398; x_wconf 83' lang='lat' dir='ltr'><strong>Gregorius</strong></span> <span class='ocrx_word' id='word_1_596' title='bbox 1844 4329 1974 4384; x_wconf 87' lang='lat' dir='ltr'><strong>Naz.</strong></span> <span class='ocrx_word' id='word_1_597' title='bbox 2027 4330 2086 4397; x_wconf 91' lang='lat' dir='ltr'><strong>(l.</strong></span> <span class='ocrx_word' id='word_1_598' title='bbox 2112 4329 2187 4394; x_wconf 89' lang='lat' dir='ltr'><strong>c.)</strong></span> <span class='ocrx_word' id='word_1_599' title='bbox 2224 4328 2355 4382; x_wconf 87' lang='lat' dir='ltr'><strong>dicit</strong></span> 
     </span>
    </p>
   </div>
   <div class='ocr_carea' id='block_1_74' title="bbox 784 4418 2356 4491">
    <p class='ocr_par' dir='ltr' id='par_1_74' title="bbox 784 4418 2356 4491">
     <span class='ocr_line' id='line_1_74' title="bbox 784 4418 2356 4491; baseline 0.002 -19"><span class='ocrx_word' id='word_1_600' title='bbox 784 4418 923 4472; x_wconf 84' lang='lat' dir='ltr'><strong>Filio</strong></span> <span class='ocrx_word' id='word_1_601' title='bbox 968 4427 1022 4473; x_wconf 90' lang='lat' dir='ltr'><strong>et</strong></span> <span class='ocrx_word' id='word_1_602' title='bbox 1066 4419 1290 4488; x_wconf 89' lang='lat' dir='ltr'><strong>Spiritui</strong></span> <span class='ocrx_word' id='word_1_603' title='bbox 1340 4422 1538 4485; x_wconf 82' lang='grc' dir='ltr'>κοινόν,</span> <span class='ocrx_word' id='word_1_604' title='bbox 1576 4421 1868 4491; x_wconf 83' lang='lat' dir='ltr'><strong>Gregorius</strong></span> <span class='ocrx_word' id='word_1_605' title='bbox 1911 4437 2040 4475; x_wconf 89' lang='lat' dir='ltr'><strong>vero</strong></span> <span class='ocrx_word' id='word_1_606' title='bbox 2082 4421 2356 4491; x_wconf 86' lang='lat' dir='ltr'><strong>Nyssenus</strong></span> 
     </span>
    </p>
   </div>
   <div class='ocr_carea' id='block_1_75' title="bbox 2398 3214 4026 3298">
    <p class='ocr_par' dir='ltr' id='par_1_75' title="bbox 2398 3214 4026 3298">
     <span class='ocr_line' id='line_1_75' title="bbox 2398 3214 4026 3298; baseline -0.002 -16"><span class='ocrx_word' id='word_1_607' title='bbox 2398 3214 2411 3236; x_wconf 81' lang='grc'><strong><em>⁸</em></strong></span> <span class='ocrx_word' id='word_1_608' title='bbox 2445 3239 2593 3282; x_wconf 89' lang='lat' dir='ltr'><strong>recte</strong></span> <span class='ocrx_word' id='word_1_609' title='bbox 2617 3229 2851 3282; x_wconf 88' lang='lat' dir='ltr'><strong>advertit</strong></span> <span class='ocrx_word' id='word_1_610' title='bbox 2871 3229 3134 3298; x_wconf 83' lang='lat' dir='ltr'><strong>Georgius</strong></span> <span class='ocrx_word' id='word_1_611' title='bbox 3163 3228 3561 3297; x_wconf 87' lang='lat' dir='ltr'><strong>Trapezuntius</strong></span> <span class='ocrx_word' id='word_1_612' title='bbox 3591 3227 3692 3298; x_wconf 85' lang='lat' dir='ltr'><strong>(De</strong></span> <span class='ocrx_word' id='word_1_613' title='bbox 3721 3244 3867 3296; x_wconf 86' lang='lat' dir='ltr'><strong>proc.</strong></span> <span class='ocrx_word' id='word_1_614' title='bbox 3905 3225 3952 3289; x_wconf 70' lang='lat' dir='ltr'><strong>S,</strong></span> <span class='ocrx_word' id='word_1_615' title='bbox 3979 3225 4026 3277; x_wconf 89' lang='lat' dir='ltr'><strong>i-</strong></span> 
     </span>
    </p>
   </div>
   <div class='ocr_carea' id='block_1_76' title="bbox 2445 3306 4028 3384">
    <p class='ocr_par' dir='ltr' id='par_1_76' title="bbox 2445 3306 4028 3384">
     <span class='ocr_line' id='line_1_76' title="bbox 2445 3306 4028 3384; baseline 0.001 -14"><span class='ocrx_word' id='word_1_616' title='bbox 2445 3318 2580 3371; x_wconf 84' lang='lat' dir='ltr'><strong>ritus</strong></span> <span class='ocrx_word' id='word_1_617' title='bbox 2633 3318 2834 3384; x_wconf 84' lang='lat' dir='ltr'><strong>sancti,</strong></span> <span class='ocrx_word' id='word_1_618' title='bbox 2875 3319 2944 3372; x_wconf 92' lang='lat' dir='ltr'><strong>ad</strong></span> <span class='ocrx_word' id='word_1_619' title='bbox 2992 3306 3080 3372; x_wconf 63' lang='grc' dir='ltr'><strong>δὲ).</strong></span> <span class='ocrx_word' id='word_1_620' title='bbox 3124 3317 3348 3373; x_wconf 89' lang='lat' dir='ltr'><strong>Cubocl.</strong></span> <span class='ocrx_word' id='word_1_621' title='bbox 3410 3335 3466 3372; x_wconf 93' lang='lat' dir='ltr'><strong>n.</strong></span> <span class='ocrx_word' id='word_1_622' title='bbox 3513 3317 3602 3372; x_wconf 61' lang='lat'><strong>21.</strong></span> <span class='ocrx_word' id='word_1_623' title='bbox 3634 3318 3695 3373; x_wconf 90' lang='lat' dir='ltr'><strong>G.</strong></span> <span class='ocrx_word' id='word_1_624' title='bbox 3727 3317 3792 3370; x_wconf 88' lang='lat'><strong>0.</strong></span> <span class='ocrx_word' id='word_1_625' title='bbox 3840 3317 3889 3381; x_wconf 92' lang='lat' dir='ltr'><strong>I,</strong></span> <span class='ocrx_word' id='word_1_626' title='bbox 3924 3316 4028 3371; x_wconf 82' lang='lat' dir='ltr'><strong>5l9</strong></span> 
     </span>
    </p>
   </div>
   <div class='ocr_carea' id='block_1_77' title="bbox 2446 3409 4029 3479">
    <p class='ocr_par' dir='ltr' id='par_1_77' title="bbox 2446 3409 4029 3479">
     <span class='ocr_line' id='line_1_77' title="bbox 2446 3409 4029 3479; baseline -0.003 -15"><span class='ocrx_word' id='word_1_627' title='bbox 2446 3413 2609 3479; x_wconf 89' lang='lat' dir='ltr'><strong>seq.);</strong></span> <span class='ocrx_word' id='word_1_628' title='bbox 2648 3425 2718 3464; x_wconf 91' lang='lat' dir='ltr'><strong>ne</strong></span> <span class='ocrx_word' id='word_1_629' title='bbox 2761 3425 2889 3464; x_wconf 92' lang='lat' dir='ltr'><strong>vero</strong></span> <span class='ocrx_word' id='word_1_630' title='bbox 2925 3410 2977 3463; x_wconf 88' lang='lat' dir='ltr'><strong>id</strong></span> <span class='ocrx_word' id='word_1_631' title='bbox 3009 3410 3074 3463; x_wconf 92' lang='lat' dir='ltr'><strong>ad</strong></span> <span class='ocrx_word' id='word_1_632' title='bbox 3109 3410 3399 3464; x_wconf 90' lang='lat' dir='ltr'><strong>relationes</strong></span> <span class='ocrx_word' id='word_1_633' title='bbox 3442 3418 3495 3462; x_wconf 93' lang='lat' dir='ltr'><strong>et</strong></span> <span class='ocrx_word' id='word_1_634' title='bbox 3535 3409 3788 3462; x_wconf 89' lang='lat' dir='ltr'><strong>notiones</strong></span> <span class='ocrx_word' id='word_1_635' title='bbox 3835 3418 4029 3461; x_wconf 79' lang='lat' dir='ltr'><strong>exten-</strong></span> 
     </span>
    </p>
   </div>
   <div class='ocr_carea' id='block_1_78' title="bbox 2448 3498 4029 3569">
    <p class='ocr_par' dir='ltr' id='par_1_78' title="bbox 2448 3498 4029 3569">
     <span class='ocr_line' id='line_1_78' title="bbox 2448 3498 4029 3569; baseline -0.003 -17"><span class='ocrx_word' id='word_1_636' title='bbox 2448 3500 2624 3559; x_wconf 86' lang='lat' dir='ltr'><strong>datur.</strong></span> <span class='ocrx_word' id='word_1_637' title='bbox 2664 3500 2715 3553; x_wconf 88' lang='lat' dir='ltr'><strong>id</strong></span> <span class='ocrx_word' id='word_1_638' title='bbox 2756 3517 2853 3569; x_wconf 90' lang='lat' dir='ltr'><strong>per</strong></span> <span class='ocrx_word' id='word_1_639' title='bbox 2891 3515 2948 3554; x_wconf 89' lang='lat' dir='ltr'><strong>se</strong></span> <span class='ocrx_word' id='word_1_640' title='bbox 2977 3515 3039 3554; x_wconf 89' lang='lat' dir='ltr'><strong>ea</strong></span> <span class='ocrx_word' id='word_1_641' title='bbox 3073 3508 3278 3564; x_wconf 88' lang='lat' dir='ltr'><strong>vetant,</strong></span> <span class='ocrx_word' id='word_1_642' title='bbox 3307 3499 3501 3568; x_wconf 90' lang='lat' dir='ltr'><strong>quibus</strong></span> <span class='ocrx_word' id='word_1_643' title='bbox 3529 3499 3778 3568; x_wconf 90' lang='lat' dir='ltr'><strong>superius</strong></span> <span class='ocrx_word' id='word_1_644' title='bbox 3813 3498 4029 3550; x_wconf 73' lang='lat' dir='ltr'><strong>axioma</strong></span> 
     </span>
    </p>
   </div>
   <div class='ocr_carea' id='block_1_79' title="bbox 2447 3592 4025 3662">
    <p class='ocr_par' dir='ltr' id='par_1_79' title="bbox 2447 3592 4025 3662">
     <span class='ocr_line' id='line_1_79' title="bbox 2447 3592 4025 3662; baseline -0.002 -16"><span class='ocrx_word' id='word_1_645' title='bbox 2447 3593 2871 3660; x_wconf 82' lang='lat' dir='ltr'><strong>convellunt(cf.</strong></span> <span class='ocrx_word' id='word_1_646' title='bbox 2897 3593 3056 3647; x_wconf 81' lang='lat' dir='ltr'><strong>Allat.</strong></span> <span class='ocrx_word' id='word_1_647' title='bbox 3085 3593 3246 3646; x_wconf 83' lang='lat' dir='ltr'><strong>Enclt.</strong></span> <span class='ocrx_word' id='word_1_648' title='bbox 3269 3592 3375 3656; x_wconf 61' lang='lat' dir='ltr'><strong>l.,c.</strong></span> <span class='ocrx_word' id='word_1_649' title='bbox 3398 3608 3451 3661; x_wconf 91' lang='lat' dir='ltr'><strong>p.</strong></span> <span class='ocrx_word' id='word_1_650' title='bbox 3476 3592 3616 3662; x_wconf 82' lang='grc' dir='ltr'><strong>ροβ).</strong></span> <span class='ocrx_word' id='word_1_651' title='bbox 3646 3611 3662 3642; x_wconf 77' lang='grc' dir='ltr'>ι</span> <span class='ocrx_word' id='word_1_652' title='bbox 3691 3592 4025 3655; x_wconf 88' lang='lat' dir='ltr'><strong>Licetenim,</strong></span> 
     </span>
    </p>
   </div>
   <div class='ocr_carea' id='block_1_80' title="bbox 2449 3681 4027 3751">
    <p class='ocr_par' dir='ltr' id='par_1_80' title="bbox 2449 3681 4027 3751">
     <span class='ocr_line' id='line_1_80' title="bbox 2449 3681 4027 3751; baseline -0.001 -16"><span class='ocrx_word' id='word_1_653' title='bbox 2449 3682 2520 3735; x_wconf 90' lang='lat' dir='ltr'><strong>ita</strong></span> <span class='ocrx_word' id='word_1_654' title='bbox 2535 3682 2642 3735; x_wconf 90' lang='lat' dir='ltr'><strong>Leo</strong></span> <span class='ocrx_word' id='word_1_655' title='bbox 2659 3682 2884 3735; x_wconf 85' lang='lat' dir='ltr'><strong>Allatius</strong></span> <span class='ocrx_word' id='word_1_656' title='bbox 2907 3681 3082 3751; x_wconf 76' lang='lat' dir='ltr'><strong>(Vind.</strong></span> <span class='ocrx_word' id='word_1_657' title='bbox 3099 3699 3212 3750; x_wconf 84' lang='lat' dir='ltr'><strong>syn.</strong></span> <span class='ocrx_word' id='word_1_658' title='bbox 3238 3681 3372 3750; x_wconf 79' lang='lat' dir='ltr'><strong>Eph.</strong></span> <span class='ocrx_word' id='word_1_659' title='bbox 3403 3699 3454 3750; x_wconf 91' lang='lat' dir='ltr'><strong>p.</strong></span> <span class='ocrx_word' id='word_1_660' title='bbox 3487 3682 3580 3736; x_wconf 83' lang='grc'><strong>561</strong></span> <span class='ocrx_word' id='word_1_661' title='bbox 3599 3682 3775 3749; x_wconf 71' lang='lat'><strong>,562).</strong></span> <span class='ocrx_word' id='word_1_662' title='bbox 3795 3681 4027 3735; x_wconf 79' lang='lat' dir='ltr'><strong>Nazian-</strong></span> 
     </span>
    </p>
   </div>
   <div class='ocr_carea' id='block_1_81' title="bbox 2450 3777 4028 3846">
    <p class='ocr_par' dir='ltr' id='par_1_81' title="bbox 2450 3777 4028 3846">
     <span class='ocr_line' id='line_1_81' title="bbox 2450 3777 4028 3846; baseline -0.001 -15"><span class='ocrx_word' id='word_1_663' title='bbox 2450 3793 2617 3831; x_wconf 88' lang='lat' dir='ltr'><strong>zenus</strong></span> <span class='ocrx_word' id='word_1_664' title='bbox 2671 3777 2815 3831; x_wconf 90' lang='lat' dir='ltr'><strong>dicat</strong></span> <span class='ocrx_word' id='word_1_665' title='bbox 2846 3817 2860 3841; x_wconf 94' lang='lat'><strong>,</strong></span> <span class='ocrx_word' id='word_1_666' title='bbox 2890 3793 3010 3846; x_wconf 74' lang='lat' dir='ltr'><strong>quze</strong></span> <span class='ocrx_word' id='word_1_667' title='bbox 3044 3777 3184 3831; x_wconf 83' lang='lat' dir='ltr'><strong>Patri</strong></span> <span class='ocrx_word' id='word_1_668' title='bbox 3237 3787 3292 3831; x_wconf 90' lang='lat' dir='ltr'><strong>et</strong></span> <span class='ocrx_word' id='word_1_669' title='bbox 3328 3777 3462 3831; x_wconf 90' lang='lat' dir='ltr'><strong>Filio</strong></span> <span class='ocrx_word' id='word_1_670' title='bbox 3501 3778 3704 3842; x_wconf 91' lang='lat' dir='ltr'><strong>insunt,</strong></span> <span class='ocrx_word' id='word_1_671' title='bbox 3737 3794 3798 3831; x_wconf 88' lang='lat' dir='ltr'><strong>ea</strong></span> <span class='ocrx_word' id='word_1_672' title='bbox 3848 3778 4028 3831; x_wconf 90' lang='lat' dir='ltr'><strong>inesse</strong></span> 
     </span>
    </p>
   </div>
   <div class='ocr_carea' id='block_1_82' title="bbox 2449 3869 4028 3940">
    <p class='ocr_par' dir='ltr' id='par_1_82' title="bbox 2449 3869 4028 3940">
     <span class='ocr_line' id='line_1_82' title="bbox 2449 3869 4028 3940; baseline -0.001 -17"><span class='ocrx_word' id='word_1_673' title='bbox 2449 3885 2664 3938; x_wconf 90' lang='lat' dir='ltr'><strong>quoque</strong></span> <span class='ocrx_word' id='word_1_674' title='bbox 2678 3870 2894 3939; x_wconf 78' lang='lat' dir='ltr'><strong>Spiritui</strong></span> <span class='ocrx_word' id='word_1_675' title='bbox 2915 3869 3005 3939; x_wconf 82' lang='grc' dir='ltr'><strong>(τὰ</strong></span> <span class='ocrx_word' id='word_1_676' title='bbox 3057 3869 3133 3939; x_wconf 81' lang='grc' dir='ltr'><strong>τῷ</strong></span> <span class='ocrx_word' id='word_1_677' title='bbox 3166 3870 3340 3939; x_wconf 76' lang='grc' dir='ltr'><strong>Πατρὶ</strong></span> <span class='ocrx_word' id='word_1_678' title='bbox 3373 3870 3466 3921; x_wconf 75' lang='grc' dir='ltr'><strong>καὶ</strong></span> <span class='ocrx_word' id='word_1_679' title='bbox 3492 3869 3606 3939; x_wconf 81' lang='grc' dir='ltr'>Υἱῷ</span> <span class='ocrx_word' id='word_1_680' title='bbox 3648 3870 3923 3940; x_wconf 82' lang='grc' dir='ltr'><strong>προσόντα</strong></span> <span class='ocrx_word' id='word_1_681' title='bbox 3952 3871 4028 3940; x_wconf 82' lang='grc' dir='ltr'><strong>τῷ</strong></span> 
     </span>
    </p>
   </div>
   <div class='ocr_carea' id='block_1_83' title="bbox 2452 3960 4028 4031">
    <p class='ocr_par' dir='ltr' id='par_1_83' title="bbox 2452 3960 4028 4031">
     <span class='ocr_line' id='line_1_83' title="bbox 2452 3960 4028 4031; baseline 0.001 -17"><span class='ocrx_word' id='word_1_682' title='bbox 2452 3960 2733 4031; x_wconf 79' lang='grc' dir='ltr'><strong>Πνεύματι</strong></span> <span class='ocrx_word' id='word_1_683' title='bbox 2778 3962 3024 4030; x_wconf 73' lang='grc' dir='ltr'><strong>ἐνεῖναι),</strong></span> <span class='ocrx_word' id='word_1_684' title='bbox 3053 3961 3242 4016; x_wconf 73' lang='grc' dir='ltr'><strong>ἰδοίεωι</strong></span> <span class='ocrx_word' id='word_1_685' title='bbox 3282 3963 3521 4016; x_wconf 89' lang='lat' dir='ltr'><strong>divinum</strong></span> <span class='ocrx_word' id='word_1_686' title='bbox 3570 3963 3718 4016; x_wconf 91' lang='lat' dir='ltr'><strong>illum</strong></span> <span class='ocrx_word' id='word_1_687' title='bbox 3753 3964 3932 4017; x_wconf 87' lang='lat' dir='ltr'><strong>virum</strong></span> <span class='ocrx_word' id='word_1_688' title='bbox 3961 3963 4028 4018; x_wconf 85' lang='lat' dir='ltr'><strong>de</strong></span> 
     </span>
    </p>
   </div>
   <div class='ocr_carea' id='block_1_84' title="bbox 2455 4053 4025 4120">
    <p class='ocr_par' dir='ltr' id='par_1_84' title="bbox 2455 4053 4025 4120">
     <span class='ocr_line' id='line_1_84' title="bbox 2455 4053 4025 4120; baseline 0.001 -12"><span class='ocrx_word' id='word_1_689' title='bbox 2455 4055 2747 4108; x_wconf 90' lang='lat' dir='ltr'><strong>Divinitate</strong></span> <span class='ocrx_word' id='word_1_690' title='bbox 2781 4063 2970 4108; x_wconf 90' lang='lat' dir='ltr'><strong>contra</strong></span> <span class='ocrx_word' id='word_1_691' title='bbox 3026 4053 3553 4107; x_wconf 89' lang='lat' dir='ltr'><strong>Pneumatomachos</strong></span> <span class='ocrx_word' id='word_1_692' title='bbox 3607 4057 3769 4108; x_wconf 78' lang='lat' dir='ltr'><strong>verba</strong></span> <span class='ocrx_word' id='word_1_693' title='bbox 3827 4059 4025 4120; x_wconf 82' lang='lat' dir='ltr'><strong>lacere,</strong></span> 
     </span>
    </p>
   </div>
   <div class='ocr_carea' id='block_1_85' title="bbox 2452 4143 4028 4215">
    <p class='ocr_par' dir='ltr' id='par_1_85' title="bbox 2452 4143 4028 4215">
     <span class='ocr_line' id='line_1_85' title="bbox 2452 4143 4028 4215; baseline 0.003 -19"><span class='ocrx_word' id='word_1_694' title='bbox 2452 4144 2542 4214; x_wconf 90' lang='lat' dir='ltr'><strong>qui</strong></span> <span class='ocrx_word' id='word_1_695' title='bbox 2569 4159 2679 4196; x_wconf 92' lang='lat' dir='ltr'><strong>non</strong></span> <span class='ocrx_word' id='word_1_696' title='bbox 2705 4143 2771 4196; x_wconf 91' lang='lat' dir='ltr'><strong>de</strong></span> <span class='ocrx_word' id='word_1_697' title='bbox 2788 4143 3129 4197; x_wconf 83' lang='lat' dir='ltr'><strong>discernendi</strong></span> <span class='ocrx_word' id='word_1_698' title='bbox 3159 4144 3267 4196; x_wconf 92' lang='lat' dir='ltr'><strong>vim</strong></span> <span class='ocrx_word' id='word_1_699' title='bbox 3300 4143 3648 4208; x_wconf 86' lang='lat' dir='ltr'><strong>habentibus,</strong></span> <span class='ocrx_word' id='word_1_700' title='bbox 3678 4146 3772 4199; x_wconf 88' lang='lat' dir='ltr'><strong>sed</strong></span> <span class='ocrx_word' id='word_1_701' title='bbox 3804 4146 3870 4200; x_wconf 89' lang='lat' dir='ltr'><strong>de</strong></span> <span class='ocrx_word' id='word_1_702' title='bbox 3903 4147 4028 4215; x_wconf 84' lang='lat' dir='ltr'><strong>Spi-</strong></span> 
     </span>
    </p>
   </div>
   <div class='ocr_carea' id='block_1_86' title="bbox 2455 4234 4028 4310">
    <p class='ocr_par' dir='ltr' id='par_1_86' title="bbox 2455 4234 4028 4310">
     <span class='ocr_line' id='line_1_86' title="bbox 2455 4234 4028 4310; baseline 0.006 -22"><span class='ocrx_word' id='word_1_703' title='bbox 2455 4237 2589 4288; x_wconf 92' lang='lat' dir='ltr'><strong>ritus</strong></span> <span class='ocrx_word' id='word_1_704' title='bbox 2607 4234 2896 4287; x_wconf 84' lang='lat' dir='ltr'><strong>Divinitale</strong></span> <span class='ocrx_word' id='word_1_705' title='bbox 2919 4234 3326 4294; x_wconf 82' lang='lat' dir='ltr'><strong>tractabant._Et</strong></span> <span class='ocrx_word' id='word_1_706' title='bbox 3345 4234 3458 4288; x_wconf 62' lang='lat' dir='ltr'><strong>haec</strong></span> <span class='ocrx_word' id='word_1_707' title='bbox 3479 4245 3563 4288; x_wconf 89' lang='lat' dir='ltr'><strong>est</strong></span> <span class='ocrx_word' id='word_1_708' title='bbox 3589 4236 4028 4310; x_wconf 63' lang='lat' dir='ltr'><strong>doctrinajipsius</strong></span> 
     </span>
    </p>
   </div>
   <div class='ocr_carea' id='block_1_87' title="bbox 2456 4324 4029 4396">
    <p class='ocr_par' dir='ltr' id='par_1_87' title="bbox 2456 4324 4029 4396">
     <span class='ocr_line' id='line_1_87' title="bbox 2456 4324 4029 4396; baseline 0.004 -16"><span class='ocrx_word' id='word_1_709' title='bbox 2456 4326 2637 4396; x_wconf 83' lang='lat' dir='ltr'><strong>Cyrilli</strong></span> <span class='ocrx_word' id='word_1_710' title='bbox 2676 4325 2964 4379; x_wconf 88' lang='lat' dir='ltr'><strong>scriben‘tis</strong></span> <span class='ocrx_word' id='word_1_711' title='bbox 2992 4341 3005 4377; x_wconf 91' lang='lat'><strong>:</strong></span> <span class='ocrx_word' id='word_1_712' title='bbox 3042 4324 3250 4389; x_wconf 90' lang='lat' dir='ltr'><strong>Quibus</strong></span> <span class='ocrx_word' id='word_1_713' title='bbox 3279 4325 3426 4378; x_wconf 89' lang='lat' dir='ltr'><strong>enim</strong></span> <span class='ocrx_word' id='word_1_714' title='bbox 3454 4324 3692 4394; x_wconf 91' lang='lat' dir='ltr'><strong>Spiritus</strong></span> <span class='ocrx_word' id='word_1_715' title='bbox 3721 4335 4029 4386; x_wconf 91' lang='lat' dir='ltr'><strong>communis</strong></span> 
     </span>
    </p>
   </div>
   <div class='ocr_carea' id='block_1_88' title="bbox 2459 4417 4028 4488">
    <p class='ocr_par' dir='ltr' id='par_1_88' title="bbox 2459 4417 4028 4488">
     <span class='ocr_line' id='line_1_88' title="bbox 2459 4417 4028 4488; baseline 0.006 -19"><span class='ocrx_word' id='word_1_716' title='bbox 2459 4427 2560 4478; x_wconf 91' lang='lat' dir='ltr'><strong>est,</strong></span> <span class='ocrx_word' id='word_1_717' title='bbox 2592 4417 2695 4470; x_wconf 90' lang='lat' dir='ltr'><strong>illis</strong></span> <span class='ocrx_word' id='word_1_718' title='bbox 2726 4431 2945 4484; x_wconf 79' lang='lat' dir='ltr'><strong>prorsus</strong></span> <span class='ocrx_word' id='word_1_719' title='bbox 2966 4425 3020 4469; x_wconf 91' lang='lat' dir='ltr'><strong>et</strong></span> <span class='ocrx_word' id='word_1_720' title='bbox 3049 4431 3168 4484; x_wconf 71' lang='lat' dir='ltr'><strong>qua:</strong></span> <span class='ocrx_word' id='word_1_721' title='bbox 3198 4417 3449 4471; x_wconf 73' lang='lat' dir='ltr'><strong>essentia:</strong></span> <span class='ocrx_word' id='word_1_722' title='bbox 3482 4428 3627 4481; x_wconf 89' lang='lat' dir='ltr'><strong>sunt,</strong></span> <span class='ocrx_word' id='word_1_723' title='bbox 3651 4433 3898 4488; x_wconf 85' lang='lat' dir='ltr'><strong>separata</strong></span> <span class='ocrx_word' id='word_1_724' title='bbox 3920 4440 4028 4478; x_wconf 84' lang='lat' dir='ltr'><strong>non</strong></span> 
     </span>
    </p>
   </div>
   <div class='ocr_carea' id='block_1_89' title="bbox 782 4505 4029 4582">
    <p class='ocr_par' dir='ltr' id='par_1_89' title="bbox 782 4505 4029 4582">
     <span class='ocr_line' id='line_1_89' title="bbox 782 4505 4029 4582; baseline 0.001 -19"><span class='ocrx_word' id='word_1_725' title='bbox 782 4510 877 4563; x_wconf 90' lang='lat' dir='ltr'><strong>0r.</strong></span> <span class='ocrx_word' id='word_1_726' title='bbox 907 4511 960 4562; x_wconf 87' lang='lat' dir='ltr'><strong>in</strong></span> <span class='ocrx_word' id='word_1_727' title='bbox 1000 4510 1206 4565; x_wconf 84' lang='lat' dir='ltr'><strong>Domin.</strong></span> <span class='ocrx_word' id='word_1_728' title='bbox 1232 4511 1377 4566; x_wconf 86' lang='lat' dir='ltr'><strong>Orat.</strong></span> <span class='ocrx_word' id='word_1_729' title='bbox 1421 4513 1560 4581; x_wconf 92' lang='lat' dir='ltr'><strong>apud</strong></span> <span class='ocrx_word' id='word_1_730' title='bbox 1593 4513 1820 4567; x_wconf 87' lang='lat' dir='ltr'><strong>Beccum</strong></span> <span class='ocrx_word' id='word_1_731' title='bbox 1857 4513 1920 4567; x_wconf 88' lang='lat' dir='ltr'><strong>G.</strong></span> <span class='ocrx_word' id='word_1_732' title='bbox 1962 4517 2023 4566; x_wconf 94' lang='lat'><strong>0.</strong></span> <span class='ocrx_word' id='word_1_733' title='bbox 2059 4513 2100 4575; x_wconf 89' lang='lat' dir='ltr'><strong>l,</strong></span> <span class='ocrx_word' id='word_1_734' title='bbox 2134 4513 2256 4576; x_wconf 67' lang='lat'><strong>£65;</strong></span> <span class='ocrx_word' id='word_1_735' title='bbox 2285 4513 2350 4574; x_wconf 82' lang='lat' dir='ltr'><strong>Il,</strong></span> <span class='ocrx_word' id='word_1_736' title='bbox 2383 4509 2430 4564; x_wconf 88' lang='lat' dir='ltr'><strong>D</strong></span> <span class='ocrx_word' id='word_1_737' title='bbox 2459 4508 2658 4561; x_wconf 84' lang='lat' dir='ltr'><strong>fuerint</strong></span> <span class='ocrx_word' id='word_1_738' title='bbox 2694 4508 2817 4575; x_wconf 89' lang='lat' dir='ltr'><strong>(art.</strong></span> <span class='ocrx_word' id='word_1_739' title='bbox 2841 4505 3071 4575; x_wconf 63' lang='lat' dir='ltr'><strong>praeced.</strong></span> <span class='ocrx_word' id='word_1_740' title='bbox 3096 4505 3122 4575; x_wconf 85' lang='lat'>§</span> <span class='ocrx_word' id='word_1_741' title='bbox 3147 4507 3228 4568; x_wconf 83' lang='lat' dir='ltr'><strong>lO,</strong></span> <span class='ocrx_word' id='word_1_742' title='bbox 3262 4517 3386 4560; x_wconf 89' lang='lat' dir='ltr'><strong>nota</strong></span> <span class='ocrx_word' id='word_1_743' title='bbox 3415 4506 3491 4576; x_wconf 85' lang='lat'><strong>6).</strong></span> <span class='ocrx_word' id='word_1_744' title='bbox 3516 4507 3744 4576; x_wconf 81' lang='lat' dir='ltr'><strong>Cyrillus</strong></span> <span class='ocrx_word' id='word_1_745' title='bbox 3771 4512 3866 4575; x_wconf 93' lang='lat' dir='ltr'><strong>ait,</strong></span> <span class='ocrx_word' id='word_1_746' title='bbox 3905 4513 4029 4582; x_wconf 89' lang='lat' dir='ltr'><strong>Spi-</strong></span> 
     </span>
    </p>
   </div>
   <div class='ocr_carea' id='block_1_90' title="bbox 782 4599 2353 4672">
    <p class='ocr_par' dir='ltr' id='par_1_90' title="bbox 782 4599 2353 4672">
     <span class='ocr_line' id='line_1_90' title="bbox 782 4599 2353 4672; baseline 0.002 -21"><span class='ocrx_word' id='word_1_747' title='bbox 782 4599 901 4662; x_wconf 72' lang='grc'><strong>522,</strong></span> <span class='ocrx_word' id='word_1_748' title='bbox 919 4599 1044 4669; x_wconf 75' lang='grc'>525)</span> <span class='ocrx_word' id='word_1_749' title='bbox 1071 4601 1164 4653; x_wconf 80' lang='grc' dir='ltr'><strong>τοῦ</strong></span> <span class='ocrx_word' id='word_1_750' title='bbox 1193 4600 1320 4654; x_wconf 83' lang='grc' dir='ltr'>Υἱοῦ</span> <span class='ocrx_word' id='word_1_751' title='bbox 1345 4604 1438 4655; x_wconf 79' lang='grc' dir='ltr'><strong>καὶ</strong></span> <span class='ocrx_word' id='word_1_752' title='bbox 1460 4601 1553 4654; x_wconf 79' lang='grc' dir='ltr'><strong>τοῦ</strong></span> <span class='ocrx_word' id='word_1_753' title='bbox 1580 4602 1892 4672; x_wconf 76' lang='grc' dir='ltr'><strong>Πνεύματος</strong></span> <span class='ocrx_word' id='word_1_754' title='bbox 1920 4602 2073 4654; x_wconf 64' lang='lat' dir='ltr'><strong>lator</strong></span> <span class='ocrx_word' id='word_1_755' title='bbox 2096 4618 2112 4665; x_wconf 89' lang='lat'><strong>;</strong></span> <span class='ocrx_word' id='word_1_756' title='bbox 2142 4613 2353 4656; x_wconf 89' lang='lat' dir='ltr'><strong>utrum-</strong></span> 
     </span>
    </p>
   </div>
   <div class='ocr_carea' id='block_1_91' title="bbox 778 4692 2350 4765">
    <p class='ocr_par' dir='ltr' id='par_1_91' title="bbox 778 4692 2350 4765">
     <span class='ocr_line' id='line_1_91' title="bbox 778 4692 2350 4765; baseline 0.003 -22"><span class='ocrx_word' id='word_1_757' title='bbox 778 4707 883 4758; x_wconf 87' lang='lat' dir='ltr'><strong>que</strong></span> <span class='ocrx_word' id='word_1_758' title='bbox 927 4707 1054 4745; x_wconf 88' lang='lat' dir='ltr'><strong>sane</strong></span> <span class='ocrx_word' id='word_1_759' title='bbox 1111 4692 1215 4746; x_wconf 89' lang='lat' dir='ltr'><strong>dici</strong></span> <span class='ocrx_word' id='word_1_760' title='bbox 1269 4701 1479 4761; x_wconf 86' lang='lat' dir='ltr'><strong>potest;</strong></span> <span class='ocrx_word' id='word_1_761' title='bbox 1523 4693 1649 4746; x_wconf 89' lang='lat' dir='ltr'><strong>hinc</strong></span> <span class='ocrx_word' id='word_1_762' title='bbox 1709 4703 1760 4746; x_wconf 88' lang='lat' dir='ltr'><strong>et</strong></span> <span class='ocrx_word' id='word_1_763' title='bbox 1802 4693 2077 4764; x_wconf 83' lang='lat' dir='ltr'><strong>Nyssenus</strong></span> <span class='ocrx_word' id='word_1_764' title='bbox 2126 4696 2350 4765; x_wconf 79' lang='lat' dir='ltr'><strong>pergit:</strong></span> 
     </span>
    </p>
   </div>
   <div class='ocr_carea' id='block_1_92' title="bbox 782 4779 2352 4855">
    <p class='ocr_par' dir='ltr' id='par_1_92' title="bbox 782 4779 2352 4855">
     <span class='ocr_line' id='line_1_92' title="bbox 782 4779 2352 4855; baseline 0.003 -21"><span class='ocrx_word' id='word_1_765' title='bbox 782 4779 930 4852; x_wconf 69' lang='grc'><strong>[248]</strong></span> <span class='ocrx_word' id='word_1_766' title='bbox 957 4781 1173 4835; x_wconf 85' lang='grc' dir='ltr'><strong>Κοινοῦ</strong></span> <span class='ocrx_word' id='word_1_767' title='bbox 1198 4781 1253 4834; x_wconf 78' lang='grc' dir='ltr'>δὲ</span> <span class='ocrx_word' id='word_1_768' title='bbox 1275 4783 1422 4845; x_wconf 74' lang='grc' dir='ltr'><strong>ὄντος</strong></span> <span class='ocrx_word' id='word_1_769' title='bbox 1441 4783 1516 4853; x_wconf 78' lang='grc' dir='ltr'><strong>τῷ</strong></span> <span class='ocrx_word' id='word_1_770' title='bbox 1539 4784 1652 4854; x_wconf 54' lang='lat' dir='ltr'><strong>Tit?)</strong></span> <span class='ocrx_word' id='word_1_771' title='bbox 1678 4785 1772 4837; x_wconf 78' lang='grc' dir='ltr'><strong>καὶ</strong></span> <span class='ocrx_word' id='word_1_772' title='bbox 1789 4785 1865 4854; x_wconf 81' lang='grc' dir='ltr'><strong>τῷ</strong></span> <span class='ocrx_word' id='word_1_773' title='bbox 1890 4783 2162 4854; x_wconf 80' lang='grc' dir='ltr'><strong>Πνεύματι</strong></span> <span class='ocrx_word' id='word_1_774' title='bbox 2190 4787 2249 4838; x_wconf 81' lang='grc' dir='ltr'><strong>τὸ</strong></span> <span class='ocrx_word' id='word_1_775' title='bbox 2279 4787 2352 4855; x_wconf 83' lang='grc' dir='ltr'><strong>μὴ</strong></span> 
     </span>
    </p>
   </div>
   <div class='ocr_carea' id='block_1_93' title="bbox 779 4873 2353 4946">
    <p class='ocr_par' dir='ltr' id='par_1_93' title="bbox 779 4873 2353 4946">
     <span class='ocr_line' id='line_1_93' title="bbox 779 4873 2353 4946; baseline 0.001 -19"><span class='ocrx_word' id='word_1_776' title='bbox 779 4879 1085 4946; x_wconf 75' lang='grc' dir='ltr'><strong>ἀγεννήτως</strong></span> <span class='ocrx_word' id='word_1_777' title='bbox 1117 4873 1255 4929; x_wconf 79' lang='grc' dir='ltr'><strong>εἶναι</strong></span> <span class='ocrx_word' id='word_1_778' title='bbox 1300 4877 1478 4929; x_wconf 81' lang='grc' dir='ltr'><strong>κ.τ.λ.</strong></span> <span class='ocrx_word' id='word_1_779' title='bbox 1509 4876 1642 4931; x_wconf 91' lang='lat' dir='ltr'><strong>Cum</strong></span> <span class='ocrx_word' id='word_1_780' title='bbox 1669 4877 1892 4945; x_wconf 91' lang='lat' dir='ltr'><strong>spiratio</strong></span> <span class='ocrx_word' id='word_1_781' title='bbox 1922 4877 2097 4929; x_wconf 88' lang='lat' dir='ltr'><strong>activa</strong></span> <span class='ocrx_word' id='word_1_782' title='bbox 2127 4876 2268 4928; x_wconf 83' lang='lat' dir='ltr'><strong>l’atri</strong></span> <span class='ocrx_word' id='word_1_783' title='bbox 2299 4886 2353 4929; x_wconf 90' lang='lat' dir='ltr'><strong>et</strong></span> 
     </span>
    </p>
   </div>
   <div class='ocr_carea' id='block_1_94' title="bbox 779 4964 2352 5036">
    <p class='ocr_par' dir='ltr' id='par_1_94' title="bbox 779 4964 2352 5036">
     <span class='ocr_line' id='line_1_94' title="bbox 779 4964 2352 5036; baseline 0 -18"><span class='ocrx_word' id='word_1_784' title='bbox 779 4964 915 5020; x_wconf 76' lang='lat' dir='ltr'><strong>Filio</strong></span> <span class='ocrx_word' id='word_1_785' title='bbox 954 4977 1244 5035; x_wconf 82' lang='lat' dir='ltr'><strong>Compctat,</strong></span> <span class='ocrx_word' id='word_1_786' title='bbox 1279 4969 1482 5036; x_wconf 86' lang='lat' dir='ltr'><strong>utrique</strong></span> <span class='ocrx_word' id='word_1_787' title='bbox 1520 4969 1806 5021; x_wconf 84' lang='lat' dir='ltr'><strong>communis</strong></span> <span class='ocrx_word' id='word_1_788' title='bbox 1854 4978 1957 5031; x_wconf 81' lang='lat' dir='ltr'><strong>est,</strong></span> <span class='ocrx_word' id='word_1_789' title='bbox 2011 4977 2198 5036; x_wconf 86' lang='lat' dir='ltr'><strong>utpote</strong></span> <span class='ocrx_word' id='word_1_790' title='bbox 2242 4982 2352 5020; x_wconf 79' lang='lat' dir='ltr'><strong>non</strong></span> 
     </span>
    </p>
   </div>
   <div class='ocr_carea' id='block_1_95' title="bbox 781 5057 2353 5128">
    <p class='ocr_par' dir='ltr' id='par_1_95' title="bbox 781 5057 2353 5128">
     <span class='ocr_line' id='line_1_95' title="bbox 781 5057 2353 5128; baseline 0.002 -19"><span class='ocrx_word' id='word_1_791' title='bbox 781 5057 997 5127; x_wconf 83' lang='lat' dir='ltr'><strong>propria</strong></span> <span class='ocrx_word' id='word_1_792' title='bbox 1021 5059 1180 5112; x_wconf 89' lang='lat' dir='ltr'><strong>unius</strong></span> <span class='ocrx_word' id='word_1_793' title='bbox 1209 5057 1382 5113; x_wconf 90' lang='lat' dir='ltr'><strong>Patris</strong></span> <span class='ocrx_word' id='word_1_794' title='bbox 1406 5074 1507 5111; x_wconf 85' lang='lat' dir='ltr'><strong>nec</strong></span> <span class='ocrx_word' id='word_1_795' title='bbox 1537 5060 1755 5128; x_wconf 89' lang='lat' dir='ltr'><strong>propria</strong></span> <span class='ocrx_word' id='word_1_796' title='bbox 1786 5059 1947 5112; x_wconf 91' lang='lat' dir='ltr'><strong>unius</strong></span> <span class='ocrx_word' id='word_1_797' title='bbox 1983 5057 2137 5124; x_wconf 89' lang='lat' dir='ltr'><strong>Filii;</strong></span> <span class='ocrx_word' id='word_1_798' title='bbox 2172 5068 2353 5127; x_wconf 87' lang='lat' dir='ltr'><strong>potest</strong></span> 
     </span>
    </p>
   </div>
   <div class='ocr_carea' id='block_1_96' title="bbox 779 5148 2350 5220">
    <p class='ocr_par' dir='ltr' id='par_1_96' title="bbox 779 5148 2350 5220">
     <span class='ocr_line' id='line_1_96' title="bbox 779 5148 2350 5220; baseline -0.003 -17"><span class='ocrx_word' id='word_1_799' title='bbox 779 5152 940 5203; x_wconf 89' lang='lat' dir='ltr'><strong>etiam</strong></span> <span class='ocrx_word' id='word_1_800' title='bbox 973 5149 1080 5205; x_wconf 89' lang='lat' dir='ltr'><strong>diei</strong></span> <span class='ocrx_word' id='word_1_801' title='bbox 1118 5152 1320 5220; x_wconf 86' lang='lat' dir='ltr'><strong>utrique</strong></span> <span class='ocrx_word' id='word_1_802' title='bbox 1353 5150 1587 5218; x_wconf 85' lang='lat' dir='ltr'><strong>propria,</strong></span> <span class='ocrx_word' id='word_1_803' title='bbox 1610 5161 1772 5219; x_wconf 90' lang='lat' dir='ltr'><strong>prout</strong></span> <span class='ocrx_word' id='word_1_804' title='bbox 1800 5160 1883 5203; x_wconf 89' lang='lat' dir='ltr'><strong>est</strong></span> <span class='ocrx_word' id='word_1_805' title='bbox 1919 5148 2350 5202; x_wconf 83' lang='lat' dir='ltr'><strong>incominunica-</strong></span> 
     </span>
    </p>
   </div>
   <div class='ocr_carea' id='block_1_97' title="bbox 783 5238 2350 5311">
    <p class='ocr_par' dir='ltr' id='par_1_97' title="bbox 783 5238 2350 5311">
     <span class='ocr_line' id='line_1_97' title="bbox 783 5238 2350 5311; baseline -0.003 -17"><span class='ocrx_word' id='word_1_806' title='bbox 783 5241 904 5295; x_wconf 90' lang='lat' dir='ltr'><strong>bilis</strong></span> <span class='ocrx_word' id='word_1_807' title='bbox 923 5240 1147 5311; x_wconf 89' lang='lat' dir='ltr'><strong>Spiritui</strong></span> <span class='ocrx_word' id='word_1_808' title='bbox 1166 5251 1353 5297; x_wconf 91' lang='lat' dir='ltr'><strong>sancto</strong></span> <span class='ocrx_word' id='word_1_809' title='bbox 1371 5251 1421 5294; x_wconf 89' lang='lat' dir='ltr'><strong>et</strong></span> <span class='ocrx_word' id='word_1_810' title='bbox 1447 5241 1680 5310; x_wconf 89' lang='lat' dir='ltr'><strong>pertinet</strong></span> <span class='ocrx_word' id='word_1_811' title='bbox 1710 5241 1775 5294; x_wconf 87' lang='lat' dir='ltr'><strong>ad</strong></span> <span class='ocrx_word' id='word_1_812' title='bbox 1799 5241 1931 5294; x_wconf 88' lang='lat' dir='ltr'><strong>duas</strong></span> <span class='ocrx_word' id='word_1_813' title='bbox 1953 5254 2215 5306; x_wconf 91' lang='lat' dir='ltr'><strong>personas</strong></span> <span class='ocrx_word' id='word_1_814' title='bbox 2236 5238 2350 5308; x_wconf 88' lang='lat' dir='ltr'><strong>spi-</strong></span> 
     </span>
    </p>
   </div>
   <div class='ocr_carea' id='block_1_98' title="bbox 782 5331 2348 5404">
    <p class='ocr_par' dir='ltr' id='par_1_98' title="bbox 782 5331 2348 5404">
     <span class='ocr_line' id='line_1_98' title="bbox 782 5331 2348 5404; baseline 0.001 -19"><span class='ocrx_word' id='word_1_815' title='bbox 782 5343 966 5388; x_wconf 88' lang='lat' dir='ltr'><strong>rantes</strong></span> <span class='ocrx_word' id='word_1_816' title='bbox 985 5337 1199 5389; x_wconf 80' lang='lat' dir='ltr'><strong>exclusa</strong></span> <span class='ocrx_word' id='word_1_817' title='bbox 1235 5335 1456 5404; x_wconf 88' lang='lat' dir='ltr'><strong>spirata.</strong></span> <span class='ocrx_word' id='word_1_818' title='bbox 1498 5333 1709 5388; x_wconf 88' lang='lat' dir='ltr'><strong>Tritum</strong></span> <span class='ocrx_word' id='word_1_819' title='bbox 1734 5346 1816 5387; x_wconf 83' lang='lat' dir='ltr'><strong>est</strong></span> <span class='ocrx_word' id='word_1_820' title='bbox 1856 5334 1994 5401; x_wconf 89' lang='lat' dir='ltr'><strong>apud</strong></span> <span class='ocrx_word' id='word_1_821' title='bbox 2025 5331 2348 5402; x_wconf 77' lang='lat' dir='ltr'><strong>Theologos,</strong></span> 
     </span>
    </p>
   </div>
   <div class='ocr_carea' id='block_1_99' title="bbox 782 5425 2349 5494">
    <p class='ocr_par' dir='ltr' id='par_1_99' title="bbox 782 5425 2349 5494">
     <span class='ocr_line' id='line_1_99' title="bbox 782 5425 2349 5494; baseline -0.003 -13"><span class='ocrx_word' id='word_1_822' title='bbox 782 5442 1072 5481; x_wconf 91' lang='lat' dir='ltr'><strong>commune</strong></span> <span class='ocrx_word' id='word_1_823' title='bbox 1117 5428 1167 5480; x_wconf 93' lang='lat' dir='ltr'><strong>in</strong></span> <span class='ocrx_word' id='word_1_824' title='bbox 1205 5427 1470 5482; x_wconf 89' lang='lat' dir='ltr'><strong>Trinitate</strong></span> <span class='ocrx_word' id='word_1_825' title='bbox 1512 5442 1630 5482; x_wconf 89' lang='lat' dir='ltr'><strong>esse</strong></span> <span class='ocrx_word' id='word_1_826' title='bbox 1666 5426 2006 5490; x_wconf 85' lang='lat' dir='ltr'><strong>absolutum,</strong></span> <span class='ocrx_word' id='word_1_827' title='bbox 2070 5425 2349 5494; x_wconf 88' lang='lat' dir='ltr'><strong>proprium</strong></span> 
     </span>
    </p>
   </div>
   <div class='ocr_carea' id='block_1_100' title="bbox 781 5517 2350 5588">
    <p class='ocr_par' dir='ltr' id='par_1_100' title="bbox 781 5517 2350 5588">
     <span class='ocr_line' id='line_1_100' title="bbox 781 5517 2350 5588; baseline -0.001 -19"><span class='ocrx_word' id='word_1_828' title='bbox 781 5533 912 5572; x_wconf 85' lang='lat' dir='ltr'><strong>vero</strong></span> <span class='ocrx_word' id='word_1_829' title='bbox 947 5519 1249 5582; x_wconf 90' lang='lat' dir='ltr'><strong>relativum;</strong></span> <span class='ocrx_word' id='word_1_830' title='bbox 1277 5520 1380 5574; x_wconf 93' lang='lat' dir='ltr'><strong>hoc</strong></span> <span class='ocrx_word' id='word_1_831' title='bbox 1414 5527 1572 5588; x_wconf 90' lang='lat' dir='ltr'><strong>pacto</strong></span> <span class='ocrx_word' id='word_1_832' title='bbox 1605 5517 1826 5587; x_wconf 79' lang='lat' dir='ltr'><strong>Spiratio</strong></span> <span class='ocrx_word' id='word_1_833' title='bbox 1859 5517 2028 5570; x_wconf 87' lang='lat' dir='ltr'><strong>activa</strong></span> <span class='ocrx_word' id='word_1_834' title='bbox 2049 5558 2064 5580; x_wconf 93' lang='lat'><strong>,</strong></span> <span class='ocrx_word' id='word_1_835' title='bbox 2101 5530 2220 5585; x_wconf 69' lang='lat' dir='ltr'><strong>qua:</strong></span> <span class='ocrx_word' id='word_1_836' title='bbox 2264 5531 2350 5568; x_wconf 86' lang='lat' dir='ltr'><strong>re-</strong></span> 
     </span>
    </p>
   </div>
   <div class='ocr_carea' id='block_1_101' title="bbox 783 5606 2352 5679">
    <p class='ocr_par' dir='ltr' id='par_1_101' title="bbox 783 5606 2352 5679">
     <span class='ocr_line' id='line_1_101' title="bbox 783 5606 2352 5679; baseline 0 -19"><span class='ocrx_word' id='word_1_837' title='bbox 783 5607 909 5662; x_wconf 85' lang='lat' dir='ltr'><strong>latio</strong></span> <span class='ocrx_word' id='word_1_838' title='bbox 942 5617 1054 5673; x_wconf 90' lang='lat' dir='ltr'><strong>est,</strong></span> <span class='ocrx_word' id='word_1_839' title='bbox 1094 5621 1237 5664; x_wconf 88' lang='lat' dir='ltr'><strong>recte</strong></span> <span class='ocrx_word' id='word_1_840' title='bbox 1283 5611 1481 5665; x_wconf 89' lang='lat' dir='ltr'><strong>dicitur</strong></span> <span class='ocrx_word' id='word_1_841' title='bbox 1514 5610 1740 5663; x_wconf 88' lang='lat' dir='ltr'><strong>duarum</strong></span> <span class='ocrx_word' id='word_1_842' title='bbox 1793 5623 2145 5679; x_wconf 89' lang='lat' dir='ltr'><strong>personarum</strong></span> <span class='ocrx_word' id='word_1_843' title='bbox 2179 5606 2352 5660; x_wconf 90' lang='lat' dir='ltr'><strong>Patris</strong></span> 
     </span>
    </p>
   </div>
   <div class='ocr_carea' id='block_1_102' title="bbox 783 5697 2352 5769">
    <p class='ocr_par' dir='ltr' id='par_1_102' title="bbox 783 5697 2352 5769">
     <span class='ocr_line' id='line_1_102' title="bbox 783 5697 2352 5769; baseline 0 -19"><span class='ocrx_word' id='word_1_844' title='bbox 783 5707 838 5750; x_wconf 85' lang='lat' dir='ltr'><strong>et</strong></span> <span class='ocrx_word' id='word_1_845' title='bbox 893 5698 1044 5762; x_wconf 89' lang='lat' dir='ltr'><strong>Filii,</strong></span> <span class='ocrx_word' id='word_1_846' title='bbox 1107 5702 1342 5768; x_wconf 87' lang='lat' dir='ltr'><strong>propria,</strong></span> <span class='ocrx_word' id='word_1_847' title='bbox 1399 5703 1538 5755; x_wconf 92' lang='lat' dir='ltr'><strong>sicut</strong></span> <span class='ocrx_word' id='word_1_848' title='bbox 1585 5701 1802 5769; x_wconf 90' lang='lat' dir='ltr'><strong>passiva</strong></span> <span class='ocrx_word' id='word_1_849' title='bbox 1854 5699 2077 5768; x_wconf 87' lang='lat' dir='ltr'><strong>spiratio</strong></span> <span class='ocrx_word' id='word_1_850' title='bbox 2135 5697 2352 5768; x_wconf 89' lang='lat' dir='ltr'><strong>propria</strong></span> 
     </span>
    </p>
   </div>
   <div class='ocr_carea' id='block_1_103' title="bbox 860 5829 2345 5899">
    <p class='ocr_par' dir='ltr' id='par_1_103' title="bbox 860 5829 2345 5899">
     <span class='ocr_line' id='line_1_103' title="bbox 860 5829 2345 5899; baseline -0.009 -5"><span class='ocrx_word' id='word_1_851' title='bbox 860 5831 968 5899; x_wconf 80' lang='lat'><strong>(57)</strong></span> <span class='ocrx_word' id='word_1_852' title='bbox 1001 5831 1122 5888; x_wconf 68' lang='lat' dir='ltr'><strong>Haec</strong></span> <span class='ocrx_word' id='word_1_853' title='bbox 1151 5836 1353 5897; x_wconf 86' lang='lat' dir='ltr'><strong>omnia,</strong></span> <span class='ocrx_word' id='word_1_854' title='bbox 1384 5834 1518 5887; x_wconf 90' lang='lat' dir='ltr'><strong>sicut</strong></span> <span class='ocrx_word' id='word_1_855' title='bbox 1548 5843 1602 5887; x_wconf 90' lang='lat' dir='ltr'><strong>et</strong></span> <span class='ocrx_word' id='word_1_856' title='bbox 1641 5831 1939 5898; x_wconf 87' lang='lat' dir='ltr'><strong>sequentia,</strong></span> <span class='ocrx_word' id='word_1_857' title='bbox 1977 5830 2204 5882; x_wconf 87' lang='lat' dir='ltr'><strong>Allatius</strong></span> <span class='ocrx_word' id='word_1_858' title='bbox 2249 5829 2345 5880; x_wconf 42' lang='lat' dir='ltr'><strong>de,</strong></span> 
     </span>
    </p>
   </div>
   <div class='ocr_carea' id='block_1_104' title="bbox 788 5900 2345 5977">
    <p class='ocr_par' dir='ltr' id='par_1_104' title="bbox 788 5900 2345 5977">
     <span class='ocr_line' id='line_1_104' title="bbox 788 5900 2345 5977; baseline -0.004 -21"><span class='ocrx_word' id='word_1_859' title='bbox 788 5904 1023 5977; x_wconf 78' lang='lat' dir='ltr'><strong>sumpsit</strong></span> <span class='ocrx_word' id='word_1_860' title='bbox 1061 5919 1127 5958; x_wconf 81' lang='lat' dir='ltr'><strong>ex</strong></span> <span class='ocrx_word' id='word_1_861' title='bbox 1160 5905 1418 5977; x_wconf 74' lang='lat' dir='ltr'><strong>Gregorio</strong></span> <span class='ocrx_word' id='word_1_862' title='bbox 1445 5903 1828 5967; x_wconf 80' lang='lat' dir='ltr'><strong>Trapezuntio,</strong></span> <span class='ocrx_word' id='word_1_863' title='bbox 1860 5915 2019 5968; x_wconf 87' lang='lat' dir='ltr'><strong>quem</strong></span> <span class='ocrx_word' id='word_1_864' title='bbox 2055 5900 2169 5968; x_wconf 90' lang='lat' dir='ltr'><strong>ipse</strong></span> <span class='ocrx_word' id='word_1_865' title='bbox 2218 5905 2345 5951; x_wconf 87' lang='lat' dir='ltr'><strong>ante</strong></span> 
     </span>
    </p>
   </div>
   <div class='ocr_carea' id='block_1_105' title="bbox 2463 4587 4028 4669">
    <p class='ocr_par' dir='ltr' id='par_1_105' title="bbox 2463 4587 4028 4669">
     <span class='ocr_line' id='line_1_105' title="bbox 2463 4587 4028 4669; baseline 0.003 -17"><span class='ocrx_word' id='word_1_866' title='bbox 2463 4599 2625 4652; x_wconf 88' lang='lat' dir='ltr'><strong>ritum</strong></span> <span class='ocrx_word' id='word_1_867' title='bbox 2644 4613 2764 4651; x_wconf 89' lang='lat' dir='ltr'><strong>esse</strong></span> <span class='ocrx_word' id='word_1_868' title='bbox 2781 4611 3125 4650; x_wconf 89' lang='lat' dir='ltr'><strong>communem</strong></span> <span class='ocrx_word' id='word_1_869' title='bbox 3145 4597 3289 4650; x_wconf 86' lang='lat' dir='ltr'><strong>Patri</strong></span> <span class='ocrx_word' id='word_1_870' title='bbox 3309 4608 3361 4651; x_wconf 91' lang='lat' dir='ltr'><strong>et</strong></span> <span class='ocrx_word' id='word_1_871' title='bbox 3381 4597 3536 4663; x_wconf 87' lang='lat' dir='ltr'><strong>Filio;</strong></span> <span class='ocrx_word' id='word_1_872' title='bbox 3562 4600 3638 4651; x_wconf 90' lang='lat' dir='ltr'><strong>uti</strong></span> <span class='ocrx_word' id='word_1_873' title='bbox 3666 4587 3807 4653; x_wconf 84' lang='lat' dir='ltr'><strong>enim</strong></span> <span class='ocrx_word' id='word_1_874' title='bbox 3827 4599 4028 4669; x_wconf 88' lang='lat' dir='ltr'><strong>Patris,</strong></span> 
     </span>
    </p>
   </div>
   <div class='ocr_carea' id='block_1_106' title="bbox 2462 4687 4028 4761">
    <p class='ocr_par' dir='ltr' id='par_1_106' title="bbox 2462 4687 4028 4761">
     <span class='ocr_line' id='line_1_106' title="bbox 2462 4687 4028 4761; baseline 0.004 -19"><span class='ocrx_word' id='word_1_875' title='bbox 2462 4689 2532 4742; x_wconf 90' lang='lat' dir='ltr'><strong>ita</strong></span> <span class='ocrx_word' id='word_1_876' title='bbox 2551 4689 2751 4742; x_wconf 85' lang='lat' dir='ltr'><strong>dicitur</strong></span> <span class='ocrx_word' id='word_1_877' title='bbox 2767 4698 2820 4742; x_wconf 91' lang='lat' dir='ltr'><strong>et</strong></span> <span class='ocrx_word' id='word_1_878' title='bbox 2834 4687 2975 4752; x_wconf 90' lang='lat' dir='ltr'><strong>Filii,</strong></span> <span class='ocrx_word' id='word_1_879' title='bbox 2995 4703 3095 4741; x_wconf 88' lang='lat' dir='ltr'><strong>nec</strong></span> <span class='ocrx_word' id='word_1_880' title='bbox 3111 4698 3286 4740; x_wconf 87' lang='lat' dir='ltr'><strong>tamen</strong></span> <span class='ocrx_word' id='word_1_881' title='bbox 3304 4689 3500 4742; x_wconf 89' lang='lat' dir='ltr'><strong>dicitur</strong></span> <span class='ocrx_word' id='word_1_882' title='bbox 3519 4689 3753 4758; x_wconf 87' lang='lat' dir='ltr'><strong>Spiritus</strong></span> <span class='ocrx_word' id='word_1_883' title='bbox 3771 4691 4028 4761; x_wconf 89' lang='lat' dir='ltr'><strong>Spiritus,</strong></span> 
     </span>
    </p>
   </div>
   <div class='ocr_carea' id='block_1_107' title="bbox 2461 4779 4032 4850">
    <p class='ocr_par' dir='ltr' id='par_1_107' title="bbox 2461 4779 4032 4850">
     <span class='ocr_line' id='line_1_107' title="bbox 2461 4779 4032 4850; baseline 0.004 -18"><span class='ocrx_word' id='word_1_884' title='bbox 2461 4795 2529 4832; x_wconf 90' lang='lat' dir='ltr'><strong>ne</strong></span> <span class='ocrx_word' id='word_1_885' title='bbox 2555 4781 2662 4834; x_wconf 90' lang='lat' dir='ltr'><strong>duo</strong></span> <span class='ocrx_word' id='word_1_886' title='bbox 2684 4779 2918 4848; x_wconf 89' lang='lat' dir='ltr'><strong>Spiritus</strong></span> <span class='ocrx_word' id='word_1_887' title='bbox 2954 4779 3316 4832; x_wconf 86' lang='lat' dir='ltr'><strong>insinuentur.</strong></span> <span class='ocrx_word' id='word_1_888' title='bbox 3349 4781 3415 4834; x_wconf 88' lang='lat' dir='ltr'><strong>Et</strong></span> <span class='ocrx_word' id='word_1_889' title='bbox 3446 4791 3502 4834; x_wconf 95' lang='lat' dir='ltr'><strong>ut</strong></span> <span class='ocrx_word' id='word_1_890' title='bbox 3531 4781 3698 4850; x_wconf 80' lang='lat' dir='ltr'><strong>magis</strong></span> <span class='ocrx_word' id='word_1_891' title='bbox 3729 4783 3783 4835; x_wconf 93' lang='lat' dir='ltr'><strong>in</strong></span> <span class='ocrx_word' id='word_1_892' title='bbox 3815 4785 4032 4839; x_wconf 88' lang='lat' dir='ltr'><strong>univer-</strong></span> 
     </span>
    </p>
   </div>
   <div class='ocr_carea' id='block_1_108' title="bbox 2461 4872 4030 4940">
    <p class='ocr_par' dir='ltr' id='par_1_108' title="bbox 2461 4872 4030 4940">
     <span class='ocr_line' id='line_1_108' title="bbox 2461 4872 4030 4940; baseline 0.006 -16"><span class='ocrx_word' id='word_1_893' title='bbox 2461 4887 2580 4925; x_wconf 91' lang='lat' dir='ltr'><strong>sum</strong></span> <span class='ocrx_word' id='word_1_894' title='bbox 2601 4886 2686 4924; x_wconf 91' lang='lat' dir='ltr'><strong>res</strong></span> <span class='ocrx_word' id='word_1_895' title='bbox 2706 4880 3085 4940; x_wconf 87' lang='lat' dir='ltr'><strong>pertractetur,</strong></span> <span class='ocrx_word' id='word_1_896' title='bbox 3107 4872 3158 4922; x_wconf 92' lang='lat' dir='ltr'><strong>in</strong></span> <span class='ocrx_word' id='word_1_897' title='bbox 3185 4873 3527 4926; x_wconf 86' lang='lat' dir='ltr'><strong>sanctissima</strong></span> <span class='ocrx_word' id='word_1_898' title='bbox 3561 4873 3754 4928; x_wconf 78' lang='lat' dir='ltr'><strong>&#39;l‘riade</strong></span> <span class='ocrx_word' id='word_1_899' title='bbox 3775 4886 3877 4929; x_wconf 82' lang='lat' dir='ltr'><strong>tres</strong></span> <span class='ocrx_word' id='word_1_900' title='bbox 3898 4894 4030 4932; x_wconf 90' lang='lat' dir='ltr'><strong>con-</strong></span> 
     </span>
    </p>
   </div>
   <div class='ocr_carea' id='block_1_109' title="bbox 2460 4963 4029 5034">
    <p class='ocr_par' dir='ltr' id='par_1_109' title="bbox 2460 4963 4029 5034">
     <span class='ocr_line' id='line_1_109' title="bbox 2460 4963 4029 5034; baseline 0.003 -17"><span class='ocrx_word' id='word_1_901' title='bbox 2460 4966 2765 5018; x_wconf 90' lang='lat' dir='ltr'><strong>siderantur</strong></span> <span class='ocrx_word' id='word_1_902' title='bbox 2783 4963 3192 5030; x_wconf 82' lang='lat' dir='ltr'><strong>conjunctiones,</strong></span> <span class='ocrx_word' id='word_1_903' title='bbox 3211 4973 3264 5016; x_wconf 90' lang='lat' dir='ltr'><strong>et</strong></span> <span class='ocrx_word' id='word_1_904' title='bbox 3284 4963 3336 5016; x_wconf 87' lang='lat' dir='ltr'><strong>in</strong></span> <span class='ocrx_word' id='word_1_905' title='bbox 3355 4965 3580 5032; x_wconf 83' lang='lat' dir='ltr'><strong>singulis</strong></span> <span class='ocrx_word' id='word_1_906' title='bbox 3593 4967 3720 5034; x_wconf 90' lang='lat' dir='ltr'><strong>quid</strong></span> <span class='ocrx_word' id='word_1_907' title='bbox 3739 4983 4029 5022; x_wconf 88' lang='lat' dir='ltr'><strong>commune</strong></span> 
     </span>
    </p>
   </div>
   <div class='ocr_carea' id='block_1_110' title="bbox 2459 5050 4030 5123">
    <p class='ocr_par' dir='ltr' id='par_1_110' title="bbox 2459 5050 4030 5123">
     <span class='ocr_line' id='line_1_110' title="bbox 2459 5050 4030 5123; baseline 0.004 -17"><span class='ocrx_word' id='word_1_908' title='bbox 2459 5053 2670 5107; x_wconf 92' lang='lat' dir='ltr'><strong>duabus</strong></span> <span class='ocrx_word' id='word_1_909' title='bbox 2697 5052 2988 5120; x_wconf 87' lang='lat' dir='ltr'><strong>reperitur.</strong></span> <span class='ocrx_word' id='word_1_910' title='bbox 3012 5050 3099 5105; x_wconf 91' lang='lat' dir='ltr'><strong>Sic</strong></span> <span class='ocrx_word' id='word_1_911' title='bbox 3131 5067 3254 5104; x_wconf 92' lang='lat' dir='ltr'><strong>cum</strong></span> <span class='ocrx_word' id='word_1_912' title='bbox 3285 5054 3572 5123; x_wconf 78' lang='lat' dir='ltr'><strong>ingenitum</strong></span> <span class='ocrx_word' id='word_1_913' title='bbox 3604 5056 3816 5110; x_wconf 90' lang='lat' dir='ltr'><strong>duobus</strong></span> <span class='ocrx_word' id='word_1_914' title='bbox 3857 5059 4030 5113; x_wconf 81' lang='lat' dir='ltr'><strong>modis</strong></span> 
     </span>
    </p>
   </div>
   <div class='ocr_carea' id='block_1_111' title="bbox 2460 5143 4028 5212">
    <p class='ocr_par' dir='ltr' id='par_1_111' title="bbox 2460 5143 4028 5212">
     <span class='ocr_line' id='line_1_111' title="bbox 2460 5143 4028 5212; baseline 0.003 -15"><span class='ocrx_word' id='word_1_915' title='bbox 2460 5145 2691 5209; x_wconf 89' lang='lat' dir='ltr'><strong>dicatur,</strong></span> <span class='ocrx_word' id='word_1_916' title='bbox 2723 5153 2778 5196; x_wconf 92' lang='lat' dir='ltr'><strong>et</strong></span> <span class='ocrx_word' id='word_1_917' title='bbox 2800 5158 2922 5196; x_wconf 90' lang='lat' dir='ltr'><strong>eum</strong></span> <span class='ocrx_word' id='word_1_918' title='bbox 2955 5143 3148 5212; x_wconf 86' lang='lat' dir='ltr'><strong>absque</strong></span> <span class='ocrx_word' id='word_1_919' title='bbox 3175 5145 3431 5211; x_wconf 86' lang='lat' dir='ltr'><strong>principio</strong></span> <span class='ocrx_word' id='word_1_920' title='bbox 3456 5154 3558 5209; x_wconf 90' lang='lat' dir='ltr'><strong>est,</strong></span> <span class='ocrx_word' id='word_1_921' title='bbox 3589 5157 3644 5199; x_wconf 91' lang='lat' dir='ltr'><strong>et</strong></span> <span class='ocrx_word' id='word_1_922' title='bbox 3666 5148 3900 5201; x_wconf 90' lang='lat' dir='ltr'><strong>dicimus</strong></span> <span class='ocrx_word' id='word_1_923' title='bbox 3932 5150 4028 5201; x_wconf 82' lang='lat' dir='ltr'><strong>Pa-</strong></span> 
     </span>
    </p>
   </div>
   <div class='ocr_carea' id='block_1_112' title="bbox 2461 5233 4028 5305">
    <p class='ocr_par' dir='ltr' id='par_1_112' title="bbox 2461 5233 4028 5305">
     <span class='ocr_line' id='line_1_112' title="bbox 2461 5233 4028 5305; baseline 0.003 -19"><span class='ocrx_word' id='word_1_924' title='bbox 2461 5245 2594 5287; x_wconf 90' lang='lat' dir='ltr'><strong>trem</strong></span> <span class='ocrx_word' id='word_1_925' title='bbox 2631 5233 2965 5302; x_wconf 76' lang='lat' dir='ltr'><strong>ingenitum;</strong></span> <span class='ocrx_word' id='word_1_926' title='bbox 2998 5242 3190 5286; x_wconf 86' lang='lat' dir='ltr'><strong>etcum</strong></span> <span class='ocrx_word' id='word_1_927' title='bbox 3223 5249 3320 5286; x_wconf 88' lang='lat' dir='ltr'><strong>non</strong></span> <span class='ocrx_word' id='word_1_928' title='bbox 3349 5250 3439 5300; x_wconf 83' lang='lat' dir='ltr'><strong>per</strong></span> <span class='ocrx_word' id='word_1_929' title='bbox 3457 5236 3663 5287; x_wconf 89' lang='lat' dir='ltr'><strong>modum</strong></span> <span class='ocrx_word' id='word_1_930' title='bbox 3681 5240 4028 5305; x_wconf 82' lang='lat' dir='ltr'><strong>generationis</strong></span> 
     </span>
    </p>
   </div>
   <div class='ocr_carea' id='block_1_113' title="bbox 2459 5324 4027 5393">
    <p class='ocr_par' dir='ltr' id='par_1_113' title="bbox 2459 5324 4027 5393">
     <span class='ocr_line' id='line_1_113' title="bbox 2459 5324 4027 5393; baseline 0.003 -16"><span class='ocrx_word' id='word_1_931' title='bbox 2459 5325 2616 5378; x_wconf 76' lang='lat' dir='ltr'><strong>relati</strong></span> <span class='ocrx_word' id='word_1_932' title='bbox 2657 5324 2843 5385; x_wconf 86' lang='lat' dir='ltr'><strong>Filius,</strong></span> <span class='ocrx_word' id='word_1_933' title='bbox 2897 5331 2952 5376; x_wconf 89' lang='lat' dir='ltr'><strong>et</strong></span> <span class='ocrx_word' id='word_1_934' title='bbox 2999 5331 3112 5375; x_wconf 93' lang='lat' dir='ltr'><strong>tum</strong></span> <span class='ocrx_word' id='word_1_935' title='bbox 3153 5324 3386 5391; x_wconf 85' lang='lat' dir='ltr'><strong>Spiritus</strong></span> <span class='ocrx_word' id='word_1_936' title='bbox 3436 5324 3708 5393; x_wconf 81' lang='lat' dir='ltr'><strong>ingenitus</strong></span> <span class='ocrx_word' id='word_1_937' title='bbox 3757 5335 3860 5379; x_wconf 91' lang='lat' dir='ltr'><strong>est.</strong></span> <span class='ocrx_word' id='word_1_938' title='bbox 3911 5328 4027 5381; x_wconf 84' lang='lat' dir='ltr'><strong>Pari</strong></span> 
     </span>
    </p>
   </div>
   <div class='ocr_carea' id='block_1_114' title="bbox 2461 5415 4029 5488">
    <p class='ocr_par' dir='ltr' id='par_1_114' title="bbox 2461 5415 4029 5488">
     <span class='ocr_line' id='line_1_114' title="bbox 2461 5415 4029 5488; baseline 0.001 -20"><span class='ocrx_word' id='word_1_939' title='bbox 2461 5416 2669 5469; x_wconf 89' lang='lat' dir='ltr'><strong>ratione</strong></span> <span class='ocrx_word' id='word_1_940' title='bbox 2708 5423 2762 5468; x_wconf 90' lang='lat' dir='ltr'><strong>et</strong></span> <span class='ocrx_word' id='word_1_941' title='bbox 2793 5415 3023 5483; x_wconf 84' lang='lat' dir='ltr'><strong>genitum</strong></span> <span class='ocrx_word' id='word_1_942' title='bbox 3053 5455 3063 5466; x_wconf 90' lang='lat'><strong>.</strong></span> <span class='ocrx_word' id='word_1_943' title='bbox 3093 5453 3105 5466; x_wconf 94' lang='lat'><strong>.</strong></span> <span class='ocrx_word' id='word_1_944' title='bbox 3129 5455 3140 5467; x_wconf 91' lang='lat'><strong>.</strong></span> <span class='ocrx_word' id='word_1_945' title='bbox 3170 5425 3224 5468; x_wconf 91' lang='lat' dir='ltr'><strong>ct</strong></span> <span class='ocrx_word' id='word_1_946' title='bbox 3247 5416 3386 5483; x_wconf 91' lang='lat' dir='ltr'><strong>quod</strong></span> <span class='ocrx_word' id='word_1_947' title='bbox 3416 5415 3742 5488; x_wconf 88' lang='lat' dir='ltr'><strong>principium</strong></span> <span class='ocrx_word' id='word_1_948' title='bbox 3785 5417 3948 5472; x_wconf 84' lang='lat' dir='ltr'><strong>habet</strong></span> <span class='ocrx_word' id='word_1_949' title='bbox 3978 5429 4029 5472; x_wconf 79' lang='lat' dir='ltr'><strong>et</strong></span> 
     </span>
    </p>
   </div>
   <div class='ocr_carea' id='block_1_115' title="bbox 2460 5506 4028 5575">
    <p class='ocr_par' dir='ltr' id='par_1_115' title="bbox 2460 5506 4028 5575">
     <span class='ocr_line' id='line_1_115' title="bbox 2460 5506 4028 5575; baseline 0.002 -17"><span class='ocrx_word' id='word_1_950' title='bbox 2460 5506 2601 5575; x_wconf 90' lang='lat' dir='ltr'><strong>quod</strong></span> <span class='ocrx_word' id='word_1_951' title='bbox 2634 5506 2975 5567; x_wconf 85' lang='lat' dir='ltr'><strong>naturaliter,</strong></span> <span class='ocrx_word' id='word_1_952' title='bbox 3011 5506 3114 5558; x_wconf 91' lang='lat' dir='ltr'><strong>hoc</strong></span> <span class='ocrx_word' id='word_1_953' title='bbox 3149 5513 3233 5557; x_wconf 89' lang='lat' dir='ltr'><strong>est</strong></span> <span class='ocrx_word' id='word_1_954' title='bbox 3272 5521 3369 5574; x_wconf 88' lang='lat' dir='ltr'><strong>per</strong></span> <span class='ocrx_word' id='word_1_955' title='bbox 3401 5506 3620 5559; x_wconf 91' lang='lat' dir='ltr'><strong>modum</strong></span> <span class='ocrx_word' id='word_1_956' title='bbox 3665 5509 4028 5574; x_wconf 74' lang='lat' dir='ltr'><strong>proceSsionis</strong></span> 
     </span>
    </p>
   </div>
   <div class='ocr_carea' id='block_1_116' title="bbox 2461 5595 4030 5664">
    <p class='ocr_par' dir='ltr' id='par_1_116' title="bbox 2461 5595 4030 5664">
     <span class='ocr_line' id='line_1_116' title="bbox 2461 5595 4030 5664; baseline 0.001 -15"><span class='ocrx_word' id='word_1_957' title='bbox 2461 5596 2698 5658; x_wconf 79' lang='lat' dir='ltr'><strong>exsistit;</strong></span> <span class='ocrx_word' id='word_1_958' title='bbox 2728 5605 2781 5648; x_wconf 91' lang='lat' dir='ltr'><strong>et</strong></span> <span class='ocrx_word' id='word_1_959' title='bbox 2809 5595 3292 5664; x_wconf 86' lang='lat' dir='ltr'><strong>oppositum:quod</strong></span> <span class='ocrx_word' id='word_1_960' title='bbox 3308 5595 3629 5663; x_wconf 87' lang='lat' dir='ltr'><strong>principium</strong></span> <span class='ocrx_word' id='word_1_961' title='bbox 3652 5609 3759 5646; x_wconf 92' lang='lat' dir='ltr'><strong>non</strong></span> <span class='ocrx_word' id='word_1_962' title='bbox 3789 5595 3947 5650; x_wconf 88' lang='lat' dir='ltr'><strong>habet</strong></span> <span class='ocrx_word' id='word_1_963' title='bbox 3977 5605 4030 5650; x_wconf 87' lang='lat' dir='ltr'><strong>et</strong></span> 
     </span>
    </p>
   </div>
   <div class='ocr_carea' id='block_1_117' title="bbox 2460 5685 4026 5757">
    <p class='ocr_par' dir='ltr' id='par_1_117' title="bbox 2460 5685 4026 5757">
     <span class='ocr_line' id='line_1_117' title="bbox 2460 5685 4026 5757; baseline 0.001 -16"><span class='ocrx_word' id='word_1_964' title='bbox 2460 5704 2557 5757; x_wconf 89' lang='lat' dir='ltr'><strong>per</strong></span> <span class='ocrx_word' id='word_1_965' title='bbox 2587 5687 2807 5741; x_wconf 88' lang='lat' dir='ltr'><strong>modum</strong></span> <span class='ocrx_word' id='word_1_966' title='bbox 2833 5686 3192 5754; x_wconf 86' lang='lat' dir='ltr'><strong>processionis</strong></span> <span class='ocrx_word' id='word_1_967' title='bbox 3212 5701 3319 5739; x_wconf 91' lang='lat' dir='ltr'><strong>non</strong></span> <span class='ocrx_word' id='word_1_968' title='bbox 3353 5687 3558 5740; x_wconf 76' lang='lat' dir='ltr'><strong>exsistit</strong></span> <span class='ocrx_word' id='word_1_969' title='bbox 3593 5685 3727 5754; x_wconf 85' lang='lat'><strong>(57).</strong></span> <span class='ocrx_word' id='word_1_970' title='bbox 3762 5685 4026 5743; x_wconf 86' lang='lat' dir='ltr'><strong>Photius:</strong></span> 
     </span>
    </p>
   </div>
   <div class='ocr_carea' id='block_1_118' title="bbox 2460 5821 4027 5894">
    <p class='ocr_par' dir='ltr' id='par_1_118' title="bbox 2460 5821 4027 5894">
     <span class='ocr_line' id='line_1_118' title="bbox 2460 5821 4027 5894; baseline -0.001 -16"><span class='ocrx_word' id='word_1_971' title='bbox 2460 5824 2701 5879; x_wconf 86' lang='lat' dir='ltr'><strong>ediderat</strong></span> <span class='ocrx_word' id='word_1_972' title='bbox 2731 5821 2821 5877; x_wconf 89' lang='lat' dir='ltr'><strong>Gr.</strong></span> <span class='ocrx_word' id='word_1_973' title='bbox 2856 5824 2992 5894; x_wconf 79' lang='lat' dir='ltr'><strong>orth.</strong></span> <span class='ocrx_word' id='word_1_974' title='bbox 3027 5821 3072 5894; x_wconf 17' lang='lat' dir='ltr'><strong>li,</strong></span> <span class='ocrx_word' id='word_1_975' title='bbox 3117 5838 3169 5888; x_wconf 90' lang='lat' dir='ltr'><strong>p.</strong></span> <span class='ocrx_word' id='word_1_976' title='bbox 3209 5822 3357 5894; x_wconf 14' lang='lat'><strong>5907:</strong></span> <span class='ocrx_word' id='word_1_977' title='bbox 3419 5823 3539 5873; x_wconf 72' lang='grc' dir='ltr'><strong>Ἐπὶ</strong></span> <span class='ocrx_word' id='word_1_978' title='bbox 3593 5822 3692 5894; x_wconf 71' lang='grc' dir='ltr'><strong>τῆς</strong></span> <span class='ocrx_word' id='word_1_979' title='bbox 3755 5825 4027 5894; x_wconf 60' lang='grc' dir='ltr'><strong>μακαρίας</strong></span> 
     </span>
    </p>
   </div>
   <div class='ocr_carea' id='block_1_119' title="bbox 2454 5892 4028 5965">
    <p class='ocr_par' dir='ltr' id='par_1_119' title="bbox 2454 5892 4028 5965">
     <span class='ocr_line' id='line_1_119' title="bbox 2454 5892 4028 5965; baseline -0.001 -17"><span class='ocrx_word' id='word_1_980' title='bbox 2454 5894 2678 5965; x_wconf 75' lang='grc' dir='ltr'><strong>Τριάδος</strong></span> <span class='ocrx_word' id='word_1_981' title='bbox 2705 5895 2850 5961; x_wconf 83' lang='grc' dir='ltr'><strong>τρεῖς</strong></span> <span class='ocrx_word' id='word_1_982' title='bbox 2867 5892 3190 5960; x_wconf 82' lang='grc' dir='ltr'><strong>Θεωροῦνται</strong></span> <span class='ocrx_word' id='word_1_983' title='bbox 3209 5893 3536 5944; x_wconf 66' lang='grc' dir='ltr'><strong>συνδυασιιοὶ</strong></span> <span class='ocrx_word' id='word_1_984' title='bbox 3555 5893 3650 5944; x_wconf 77' lang='lat' dir='ltr'><strong>val.</strong></span> <span class='ocrx_word' id='word_1_985' title='bbox 3687 5893 3769 5960; x_wconf 68' lang='grc' dir='ltr'><strong>ἐφ’</strong></span> <span class='ocrx_word' id='word_1_986' title='bbox 3804 5892 4028 5948; x_wconf 69' lang='grc' dir='ltr'><strong>ὲκάοτου</strong></span> 
     </span>
    </p>
   </div>
  </div>
