4242 6438
299 427 408 491 489

973 431 1068 490 DE
1108 434 1167 491 S.
1209 433 1402 495 SPIR.
1442 434 1940 500 MYSTAGOGIA.
1965 468 2029 476 -
2061 442 2796 509 ANIMADVERSIONES.

3431 459 3537 521 49D

297 547 445 607 tivis,
476 559 596 613 quae
625 544 855 614 propria:
888 543 1166 609 dicuntur,
1198 547 1436 600 secernit
1483 547 1534 601 id
1584 549 1729 616 quod
1778 551 1869 603 uni
1898 558 1944 614 Α
1976 556 2236 621 munieat,
2267 557 2431 610 veluti
2460 576 2567 612 non
2601 574 2721 615 esse
2752 562 2966 624 Filium.
2998 582 3103 619 non
3124 584 3241 623 esse
3276 573 3539 640 genitum,

293 640 547 691 convenit
583 652 829 704 persona:
863 645 918 690 et
949 636 1019 689 ita
1047 637 1093 690 ei
1136 646 1220 690 est
1250 640 1543 705 proprium,
1577 650 1635 693 ut
1664 649 1715 693 et
1742 657 1865 709 per-

290 745 482 784 sonam
541 730 855 792 constituat,
896 737 1058 797 atque
1112 729 1161 780 id
1208 731 1351 798 quod
1400 732 1611 783 duabus
1661 748 1861 786 conve-

287 824 371 875 nit
416 831 470 874 et
513 838 795 890 personant
863 823 1176 890 neutiquam
1238 824 1523 877 constituit
1551 826 1721 895 (67);
1777 836 1861 877 at-

284 930 395 982 que
434 928 738 966 consonans
778 912 1059 965 Seholario
1098 913 1276 976 docet,
1319 915 1591 982 posterius
1625 924 1679 967 et
1708 914 1858 985 [256]

282 1008 462 1061 tribus
492 1005 738 1073 personis
766 1021 1056 1058 commune
1101 1006 1236 1067 fore,
1275 1006 1379 1058 nisi
1425 1007 1743 1061 adversetur
1773 1024 1859 1060 ra-

280 1101 419 1153 tioni
444 1100 795 1168 hypostaseos
823 1098 983 1151 unius
1007 1099 1116 1167 (68)
1140 1116 1153 1163 ;
1176 1098 1383 1168 spirare
1405 1099 1519 1154 sive
1538 1100 1597 1151 τὸ
1616 1100 1856 1171 προϐάλ-

278 1192 416 1255 λειν,
446 1191 587 1245 Patri
613 1191 855 1259 Filioque
878 1206 1188 1251 commune.
1231 1192 1352 1245 ideo
1399 1192 1623 1261 Spiritui
1668 1200 1856 1245 sancto

276 1300 568 1338 commune
604 1299 725 1336 esse
775 1299 884 1335 non
929 1298 1108 1351 posse,
1155 1284 1279 1352 quia
1336 1285 1529 1337 rationi
1566 1284 1757 1352 spirati
1800 1283 1852 1337 id

276 1385 563 1445 repugnat,
597 1374 721 1443 quia
752 1375 911 1427 simul
948 1374 1000 1426 in
1024 1375 1212 1428 eadem
1244 1376 1457 1429 actione
1476 1374 1616 1428 foret
1646 1376 1850 1443 produ-

272 1482 409 1519 cens
450 1477 504 1519 et
546 1466 887 1534 prodnetum,
939 1466 1242 1534 producens
1277 1476 1331 1519 et
1377 1483 1482 1521 non
1505 1468 1849 1537 [producens,

272 1560 400 1628 quia
453 1558 533 1611 sui
576 1557 747 1626 ipsius
779 1566 905 1611 tunc
936 1556 1087 1612 ﬁeret
1118 1558 1468 1627 principium.

346 1651 434 1702 15.
477 1648 726 1702 Photiani
792 1648 1075 1701 axiomatis
1141 1648 1432 1703 falsitatem
1495 1660 1849 1719 perspexerat

266 1740 379 1809 jam
415 1740 504 1793 diu
532 1739 684 1809 Ilugo
716 1740 1064 1802 Etherianus,
1111 1740 1201 1807 qui
1233 1748 1289 1792 et
1320 1740 1447 1793 illud
1484 1750 1631 1794 recte
1672 1750 1843 1806 notat,

268 1830 371 1883 sibi
415 1830 511 1899 ipsi
545 1830 917 1883 contradicere
956 1828 1206 1881 Photium
1235 1868 1249 1889 ,
1293 1828 1421 1881 dum
1449 1845 1515 1881 ex
1547 1844 1652 1881 una
1693 1839 1846 1898 parte

1974 642 2190 696 diﬂerre
2225 660 2254 696 a
2286 643 2418 699 Filio
2440 688 2453 709 ,
2487 658 2541 701 et
2571 650 2671 701 alia
2723 651 3032 719 hujusmodi
3054 700 3067 719 ,
3098 674 3217 725 qua:
3268 677 3372 713 non
3412 676 3540 716 sunt

1972 733 2325 803 hypostatiea:
2357 740 2716 806 proprietates
2742 742 2854 796 sive
2881 750 3210 811 personales.
3237 752 3327 804 [he
3348 769 3540 806 omnes

1970 827 2111 879 circa
2146 829 2503 883 substantiam
2534 835 2946 889 considerantur
2972 849 3025 891 et
3070 840 3393 909 singularem
3426 862 3533 899 non

1968 931 2093 971 sunt
2143 923 2347 976 sortita:
2396 941 2719 991 personam;
2781 945 2910 997 ergo
2959 942 3085 983 sunt
3142 934 3532 1002 proprietates,

1965 1027 2084 1079 qua:
2114 1029 2453 1084 nequaquam
2501 1034 2854 1086 personarum
2916 1023 3230 1091 insignitivw
3288 1037 3531 1082 sunt.....

1964 1102 2325 1168 Quamobrem
2370 1124 2478 1161 non
2535 1109 2677 1162 idem
2728 1121 2811 1164 est
2859 1114 3049 1168 habere
3092 1120 3436 1184 proprietates
3479 1136 3534 1177 et

1963 1197 2028 1247 ab
2058 1196 2239 1251 iisdem
2260 1200 2535 1270 insigniri;
2554 1203 2734 1269 plures
2752 1205 2897 1258 enim
2919 1209 3196 1275 quodlibet
3217 1213 3529 1269 animalium

1961 1289 2323 1356 proprietates
2386 1292 2583 1356 habet,
2632 1311 2660 1347 a
2722 1296 2867 1349 nulla
2922 1313 3149 1366 quarum
3220 1304 3529 1375 insignitur.

1960 1379 2113 1436 Patet
2136 1384 2316 1453 igitur,
2340 1395 2401 1438 ut
2422 1388 2674 1451 arbitror,
2698 1390 2905 1442 nullum
2937 1392 3328 1451 inconveniens
3352 1402 3525 1469 sequi.

1958 1477 2005 1527 si
2035 1475 2192 1529 Pater
2224 1486 2277 1529 et
2305 1494 2423 1545 qua:
2447 1495 2568 1532 eum
2619 1496 2684 1534 eo
2720 1484 2838 1535 duae
2871 1500 3115 1552 persona:
3155 1498 3301 1552 sunt,
3340 1492 3527 1560 hujus-

1958 1568 2102 1621 modi
2125 1570 2403 1636 possident
2426 1573 2805 1641 proprietates,
2830 1593 2951 1629 cum
2981 1580 3240 1635 differens
3267 1584 3527 1639 habitudo

1956 1660 2406 1726 compositionem
2462 1678 2571 1714 non
2616 1665 2865 1718 adducat.
2900 1686 2917 1715 ι
2964 1669 3095 1721 Item
3136 1682 3322 1725 contra
3362 1675 3523 1727 Nico-

1955 1750 2286 1804 mediensem
2337 1754 2636 1807 antistitem
2686 1771 2751 1808 ex
2790 1759 2905 1825 pari
2952 1761 3160 1814 ratione
3205 1777 3519 1833 arguentem

1954 1840 2261 1910 Theologus
2318 1854 2505 1896 noster
2539 1845 2597 1911 (l.
2635 1861 2671 1906 ι,
2706 1862 2755 1899 c.
2794 1848 2889 1909 15,
2919 1864 2973 1917 p.
3002 1850 3162 1921 1207)
3187 1854 3518 1921 observarat,

272 1923 357 1990 (ut
385 1937 505 1990 cap.
536 1922 589 1989 3)
625 1919 893 1990 agnoscit,
925 1933 1213 1972 commune
1241 1933 1360 1972 esse
1387 1918 1523 1972 Filio
1546 1930 1601 1973 et
1622 1919 1846 1989 Spiritui
1876 1926 1923 1985 Β

1845 1967 1846 1970 η
1876 1926 1923 1985 Β
1951 1948 2244 1988 commune
2274 1950 2394 1989 esse
2427 1936 2573 1989 Patri
2599 1948 2653 1991 et
2682 1938 2817 1993 Filio
2840 1983 2854 2003 ,
2884 1955 2952 1994 ex
2982 1943 3162 2011 aliquo
3190 1960 3295 1997 non
3329 1963 3520 2015 proce-

265 2029 336 2067 ει
366 2011 523 2067 Patre
552 2030 691 2077 esse,
721 2028 785 2066 ex
817 2013 985 2065 altera
1021 2027 1151 2065 vero
1187 2011 1268 2081 (ut
1309 2027 1430 2080 cap.
1460 2013 1512 2082 6)
1545 2012 1844 2078 contendit,

261 2120 388 2173 qua:
442 2104 653 2159 duabus
708 2103 957 2173 personis
1007 2104 1319 2157 communia
1364 2113 1512 2169 sunt,
1570 2115 1625 2159 et
1668 2104 1845 2161 tertia:

264 2198 579 2251 convenire.
631 2197 723 2250 Ait
784 2196 931 2250 enim
983 2195 1313 2252 Etherianus
1372 2197 1452 2268 (Ι.
1513 2212 1586 2259 ιι,
1636 2212 1685 2251 c.
1735 2196 1839 2263 18,

259 2289 480 2359 ρ.1232
503 2288 569 2359 H)
596 2306 608 2341 :
644 2308 662 2340 ι
687 2292 754 2341 At
785 2305 913 2343 vero
947 2304 1070 2343 cum
1096 2305 1446 2360 quascunque
1478 2291 1840 2360 proprietates

262 2382 466 2437 habent
488 2381 616 2444 duo,
651 2392 705 2436 et
735 2382 950 2443 tertius,
983 2390 1043 2435 ut
1078 2392 1223 2437 retro
1250 2392 1611 2438 monstratum
1641 2392 1725 2438 est
1752 2386 1837 2455 (ex

260 2482 450 2527 mente
480 2472 708 2540 Photii).
749 2471 1039 2537 Propterea
1076 2473 1180 2526 hoc
1216 2474 1357 2528 idem
1409 2474 1541 2528 dicit
1570 2477 1834 2545 sophista,

257 2563 476 2617 sibimet
508 2562 751 2616 invenire
773 2564 1099 2627 contrarius,
1127 2580 1249 2619 cum
1276 2565 1417 2619 dicat
1442 2568 1580 2637 (cap.
1606 2568 1675 2623 55
1692 2568 1833 2639 lim),

256 2654 496 2724 Spiritus
526 2664 581 2708 et
604 2654 722 2708 Filii
754 2670 1045 2708 commune
1066 2671 1206 2719 esse,
1236 2673 1341 2711 una
1370 2674 1435 2712 ex
1476 2676 1635 2714 causa
1662 2671 1717 2715 et
1751 2662 1833 2715 in-

256 2748 514 2801 divisibili
552 2748 752 2801 habere
784 2762 1151 2819 progressum.
1186 2748 1338 2814 Quod
1388 2751 1574 2821 utique
1625 2769 1833 2821 nequa-

257 2856 421 2908 quam
480 2841 627 2895 Patri
684 2856 906 2895 causam
958 2858 1069 2896 non
1123 2844 1343 2899 habenti
1387 2845 1662 2899 convenit.
1726 2846 1831 2900 Sed

253 2946 431 2999 neque
464 2929 769 3000 Theologus
791 2931 1082 3001 Gregorius
1104 2934 1374 2986 consentit
1396 2933 1524 2985 huic
1548 2934 1830 2987 sententia:

252 3023 309 3076 in
344 3024 579 3092 quodam
629 3040 879 3077 sermone
928 3025 994 3078 ad
1042 3025 1256 3078 lronam
1290 3026 1605 3091 (Heronem)
1656 3026 1829 3094 philo-

252 3105 507 3181 sophum'.
542 3113 865 3175 Commune,
898 3114 1092 3180 inquit.
1124 3112 1270 3165 Patri
1317 3113 1538 3181 quidem
1588 3122 1643 3166 et
1690 3112 1827 3166 Filio

251 3217 306 3261 et
338 3206 565 3275 Spiritui
608 3216 794 3258 sancto
834 3219 941 3257 non
982 3204 1136 3267 ﬁeri,
1188 3203 1368 3257 Deitas
1410 3220 1659 3273 quoque;
1689 3204 1825 3258 Filio

248 3309 432 3353 autem
465 3310 521 3353 et
551 3306 739 3353 sancto
770 3298 995 3366 Spiritui
1033 3314 1152 3352 esse
1175 3312 1241 3351 ex
1268 3299 1448 3351 Patre.
1481 3298 1818 3361 Secundum,

247 3390 703 3458 quemadmodum
725 3390 959 3459 Spiritus
979 3406 1043 3443 ex
1063 3390 1217 3443 Patre
1236 3388 1477 3459 Filioque
1495 3390 1817 3460 progressio,

245 3481 552 3551 preprietas
597 3492 719 3545 est,
752 3497 852 3537 nec
897 3483 1001 3536 ulla
1050 3482 1193 3551 COgit
1237 3482 1408 3544 ratio.
1460 3483 1621 3536 trium
1662 3497 1817 3547 esse,

244 3575 371 3645 quia
425 3573 655 3628 duorum
709 3585 793 3629 est
840 3575 1165 3645 proprietas.
1206 3594 1225 3627 ι
1282 3575 1356 3628 De
1394 3575 1494 3629 hac
1540 3576 1652 3643 ipsa
1704 3590 1816 3627 ma-

245 3666 379 3725 teria
430 3668 576 3741 [257]
630 3669 771 3723 idem
836 3678 1025 3722 auctor
1078 3668 1186 3737 jam
1252 3676 1411 3721 antea
1482 3668 1817 3722 disseruerat

242 3766 378 3834 (1.1,
416 3780 465 3819 c.
505 3765 684 3832 12,ι).
732 3760 891 3824 nos,
929 3758 1098 3824 1206;
1147 3758 1318 3821 ε.16,
1368 3776 1424 3828 p.
1469 3759 1638 3823 121ος
1686 3760 1720 3812 ι.
1751 3776 1811 3823 ιι,

241 3874 362 3927 cap.
404 3858 457 3919 5,
494 3871 548 3924 p.
584 3854 764 3922 1217).
794 3852 858 3905 Et
882 3853 938 3904 in
970 3851 1132 3920 priori
1175 3858 1323 3905 textu
1353 3851 1427 3919 (p.
1464 3851 1602 3905 1205
1635 3855 1811 3920 seq.):

245 3968 264 4001 ι
296 3948 455 4014 Quod
498 3948 605 4000 erit
644 3944 1056 4006 inconveniens,
1086 3943 1548 4011 inquit,personis
1590 3960 1813 4012 prorsus

239 4040 673 4111 inseparabiliter
726 4036 1231 4098 commanentibus,
1284 4035 1675 4103 proprietatum
1713 4036 1811 4087 ali-

238 4148 400 4203 quam
443 4131 561 4185 Filii
602 4129 846 4183 Patrisve
889 4142 1234 4181 communem
1276 4126 1436 4179 esse?
1469 4124 1587 4178 Non
1632 4126 1810 4178 omnis

238 4224 550 4294 proprietas
579 4236 869 4291 personam
911 4218 1285 4281 describit..,..
1318 4217 1650 4286 Proprietas,
1689 4232 1808 4284 quae

235 4330 400 4371 causa
448 4321 794 4382 nuncupatur
838 4311 953 4365 sive
995 4308 1343 4379 principium,
1393 4308 1650 4377 alicujus,
1681 4323 1807 4376 per-

232 4422 385 4462 sona:
414 4405 635 4458 minime
663 4403 968 4472 insignitan
996 4410 1101 4464 est,
1132 4400 1273 4455 sicut
1301 4408 1357 4452 et
1385 4402 1631 4469 quaedam
1662 4400 1803 4464 alite,

232 4509 294 4552 ut
331 4498 652 4567 ingenitum,
682 4496 798 4548 sine
826 4510 989 4548 causa
1015 4508 1158 4558 esse,
1190 4494 1307 4547 sine
1352 4493 1617 4562 principio
1662 4508 1799 4557 esse,

1946 2024 2100 2090 dere,
2140 2042 2250 2081 non
2302 2043 2422 2083 esse
2476 2028 2737 2099 Spiritum
2782 2033 3049 2103 alicujus.
3105 2053 3205 2091 nec
3255 2038 3517 2108 Spiritum

1944 2127 2193 2171 sanctum
2254 2134 2395 2186 esse,
2457 2120 2658 2175 habere
2710 2124 3085 2181 habitudinem
3142 2130 3209 2182 ad
3258 2130 3513 2196 invicem,

1941 2210 2314 2267 characterem
2368 2213 2568 2267 habere
2622 2215 2688 2268 ad
2734 2217 2966 2271 invicem
3030 2235 3089 2273 se
3151 2221 3511 2290 respiciendi,

1940 2313 1996 2358 et
2045 2321 2261 2359 rursum
2310 2308 2591 2376 mqualiter
2652 2310 2952 2365 secundum
3017 2313 3389 2369 habitudinem
3444 2317 3510 2372 ad

1940 2396 2194 2457 invicem.
2233 2408 2340 2453 ete.

2009 2488 2095 2541 16.
2127 2487 2301 2541 Amne
2323 2488 2408 2543 his
2438 2490 2717 2559 principiis
2744 2500 2829 2545 est
2860 2492 2990 2546 illud
3028 2496 3231 2562 pariter
3256 2512 3286 2550 a
3338 2497 3510 2553 Becco

1937 2577 2099 2649 (orat.
2119 2579 2174 2643 2,
2214 2580 2364 2652 [258]
2400 2583 2469 2635 de
2498 2584 2699 2649 injusta
2728 2585 2914 2654 depos.
2939 2604 2987 2640 e.
3016 2589 3084 2641 24
3118 2599 3177 2643 et
3213 2590 3267 2643 in
3295 2590 3505 2646 Camat.

1934 2672 2117 2725 Anim.
2146 2672 2209 2726 ϐ.
2265 2672 2331 2728 0.
2379 2675 2448 2736 ll,
2510 2675 2596 2739 75,
2628 2676 2753 2743 291)
2803 2679 3142 2747 castigatum,
3197 2682 3448 2737 videlicet
3493 2704 3505 2738 :

1934 2760 2097 2817 Omne
2125 2765 2262 2832 quod
2306 2765 2369 2817 de
2416 2766 2607 2819 divinis
2640 2768 2869 2833 personis
2924 2771 3133 2832 dicitur,
3193 2783 3286 2825 aut
3328 2791 3503 2840 per-so-

1933 2851 2051 2905 nale
2103 2863 2176 2905 est
2206 2864 2299 2907 aut
2337 2856 2582 2909 naturale
2634 2858 2762 2925 (πᾶν
2802 2858 2862 2910 τὸ
2924 2861 3016 2910 ἐπὶ
3038 2861 3145 2913 τῶν
3200 2863 3505 2933 θεαρχικῶν

1931 2944 2220 3014 λεγόμενον
2282 2950 2629 3001 ὑποστάσεων
2656 2993 2669 3015 ,
2712 2952 2744 3020 ἦ
2778 2952 3137 3007 ὑποστατικόν
3170 2957 3283 3008 ἐστι
3318 2959 3350 3027 ἢ
3400 2977 3502 3025 φυ-

1932 3038 2129 3104 σικόν),
2157 3039 2298 3100 quod
2331 3041 2630 3107 praesertim
2655 3041 2904 3095 Nieolaus
2945 3043 3315 3101 Methonensis
3349 3062 3504 3119 urget

1931 3128 2004 3191 (c.
2040 3129 2092 3180 9.
2118 3129 2183 3181 ad
2217 3146 2337 3198 cap.
2360 3131 2427 3184 56
2457 3130 2633 3185 Photii
2657 3143 2781 3187 nota
2810 3135 2885 3203 5).
2907 3155 2924 3185 ι
2957 3134 3067 3189 Hoc
3094 3151 3454 3208 assumptum,
3477 3164 3494 3191 ι

1928 3221 2003 3273 ait
2036 3218 2238 3275 Beecus
2272 3224 2328 3292 (l.
2379 3241 2427 3278 c.
2462 3241 2513 3293 p.
2548 3226 2635 3289 75,
2686 3226 2794 3294 76),
2853 3246 2869 3277 ι
2936 3231 3295 3285 communiter
3332 3235 3497 3287 multa

1924 3310 2143 3365 Patrum
2177 3313 2319 3367 dicta
2346 3316 2675 3381 convellunt,
2705 3317 2901 3386 quibus
2931 3321 3289 3389 proprietates
3325 3324 3497 3395 hypo-

1922 3403 2125 3457 staticae
2196 3405 2511 3459 naturaliter
2559 3407 2844 3476 (φυσικῶς)
2902 3409 3193 3479 unicuique
3249 3428 3496 3481 personas

1921 3494 2098 3547 inesse
2128 3494 2585 3550 demonstrantur.
2629 3497 2813 3566 Neque
2847 3499 2991 3553 enim
3022 3503 3165 3569 quod
3200 3504 3322 3558 talis
3364 3522 3493 3574 pro-

1920 3585 2121 3653 prietas
2152 3586 2483 3655 hypostatica
2513 3598 2597 3643 est
2635 3589 2778 3643 Patri
2822 3600 2915 3644 aut
2940 3590 3074 3646 Filio
3120 3604 3213 3647 aut
3266 3596 3489 3664 Spiritui

1918 3690 2130 3743 sancto,
2163 3691 2446 3749 propterea
2495 3683 2754 3736 naturalis
2814 3699 2921 3737 non
2981 3695 3091 3751 est;
3122 3698 3310 3742 natura
3343 3693 3488 3746 enim

1917 3778 1971 3821 et
2001 3784 2108 3821 non
2154 3773 2421 3839 positione
2470 3774 2652 3840 (φύσει
2680 3775 2809 3843 γὰρ,
2840 3779 2934 3829 καὶ
2968 3778 3088 3847 οὐχὶ
3116 3780 3283 3851 θέσει)
3330 3783 3490 3838 Pater

1915 3859 2075 3915 Pater
2105 3872 2207 3924 est,
2243 3880 2361 3931 qua:
2396 3873 2480 3917 est
2511 3882 2729 3919 suarum
2759 3870 3145 3937 proprietatum
3179 3874 3382 3941 prima;
3433 3887 3489 3929 et

1915 3964 2107 4008 natura
2129 3965 2213 4007 est
2242 3955 2411 4011 Filius
2438 3958 2628 4023 Filius,
2661 3970 2716 4012 et
2756 3976 2866 4015 non
2908 3964 3198 4031 positione,
3228 3983 3348 4035 qua:
3403 3982 3487 4023 est

1915 4062 2136 4101 suarum
2169 4047 2554 4116 proprietatum
2576 4051 2888 4119 potissima;
2915 4065 2969 4108 et
2995 4055 3230 4125 Spiritus
3258 4072 3485 4117 sanctus

1911 4139 2231 4192 naturaliter
2254 4155 2319 4192 ex
2349 4139 2507 4194 Patre
2534 4144 2793 4210 procedit,
2830 4154 2885 4197 et
2906 4150 3212 4213 processiva
3242 4153 3295 4221 (ἡ
3321 4156 3484 4207 ἐκπο-

1912 4233 2291 4299 ρευτική)5ιιω
2331 4233 2632 4301 hypostasis
2667 4236 2966 4304 proprietas
3020 4243 3339 4297 naturaliter
3382 4247 3479 4299 soli

1911 4321 2055 4375 illius
2081 4322 2353 4392 hypostasi
2375 4324 2535 4377 inest.
2562 4316 2855 4394 Propterea
2882 4328 3170 4384 dicendum
3189 4349 3295 4386 non
3315 4347 3431 4390 erat
3465 4358 3475 4391 :

1908 4411 2179 4481 Quidquid
2232 4413 2300 4467 de
2356 4413 2555 4468 divinis
2600 4417 2798 4470 dicitur
2849 4418 3246 4488 hypostasibns,
3270 4436 3362 4480 aut
3395 4440 3493 4482 est.

1908 4505 2303 4575 hypostatieum
2328 4508 2441 4560 sive
2464 4508 2738 4577 proprium
2768 4514 3144 4569 autnaturale.
3176 4515 3478 4573 Commune

230 4587 504 4646 emittere,
540 4586 657 4639 sine
686 4585 839 4637 Patre
874 4600 1014 4646 esse,
1074 4601 1185 4637 non
1230 4600 1349 4638 esse
1390 4585 1649 4654 Spiritum
1676 4602 1801 4639 san-
1828 4606 1881 4665 D

1793 4615 1801 4624 ·
1828 4606 1881 4665 1)
1908 4599 2052 4650 enim
2082 4605 2097 4665 (
2131 4599 2326 4666 κοινόν)
2360 4600 2726 4669 hypostalicis,
2760 4618 2866 4655 non
2894 4606 3134 4660 naturale
3162 4612 3468 4679 opponitur.

227 4685 413 4735 ctum,
477 4689 586 4727 non
654 4688 774 4726 esse
828 4673 1209 4741 processibile,
1263 4673 1462 4727 habere
1533 4673 1795 4743 Spiritum

226 4777 501 4825 sanctum,
551 4763 767 4816 mittere
825 4761 1086 4831 Spiritum
1140 4772 1407 4815 sanctum.
1462 4763 1639 4827 Quare
1679 4764 1795 4831 ple‘

224 4872 395 4925 raque
420 4855 553 4910 Filio
590 4856 747 4908 Pater
793 4855 1194 4919 communicat;
1238 4854 1489 4908 similiter
1533 4857 1793 4923 quasdam

224 4949 393 5003 habet
435 4946 793 5016 proprietates
835 4955 890 4999 et
942 4945 1131 5009 Filius,
1163 4962 1283 5015 qua:
1328 4946 1650 5015 insignitiva:
1685 4964 1793 4999 non

223 5049 374 5094 sunt.
430 5038 606 5104 Quare
656 5038 915 5107 quasdam
985 5038 1208 5106 Spiritui
1274 5039 1672 5102 communicat,
1734 5048 1793 5091 ut

220 5132 566 5187 causativum
605 5129 918 5199 (αἰτιατόν),
968 5146 1076 5184 non
1118 5146 1239 5185 esse
1294 5134 1628 5199 anarchum,
1682 5150 1789 5188 non

220 5240 344 5278 esse
394 5223 631 5288 Patrem,
688 5233 742 5276 et
794 5224 897 5277 alia
941 5224 1027 5278 his
1077 5225 1291 5279 similia.
1336 5224 1495 5279 Juxta
1536 5228 1788 5282 eumdem

220 5316 445 5371 modum
477 5325 533 5369 et
573 5314 809 5385 Spiritus
833 5317 1040 5386 aliquas
1075 5317 1256 5383 habet,
1291 5334 1426 5389 quas
1453 5318 1610 5374 Pater
1640 5336 1788 5375 com-

297 5464 402 5536 (67)
432 5465 639 5540 lbid._f.
694 5466 797 5520 227
828 5467 863 5522 b
891 5467 1056 5540 {TE}?
1100 5468 1161 5540 ρὲ
1204 5469 1354 5522 θέσιν
1416 5474 1787 5540 σημαινόντων

224 5536 621 5607 (προσωπιξιῶν
639 5538 1055 5607 γνωρισμάτων)
1073 5535 1210 5592 εἶναι
1232 5543 1330 5607 μὲν
1345 5541 1373 5593 ὃ
1391 5535 1591 5594 ὲνῖτινι
1616 5562 1785 5607 προσ-

214 5606 352 5675 meo
387 5606 674 5674 συμϐαίνει
704 5610 797 5658 καὶ
817 5607 980 5661 αὑτοῦ
1011 5606 1158 5660 ἐστιν
1194 5606 1341 5675 ἴδιον,
1366 5612 1508 5663 οὕτω
1545 5630 1603 5664 τε
1632 5606 1781 5677 ἴδιον,

216 5676 292 5737 ὡς
324 5678 420 5751 καὶ
444 5678 502 5751 τξ)
516 5678 828 5751 ,πρόσωπσν
862 5678 1174 5751 ὑφιστάνειν
1197 5697 1210 5709 ·
1243 5680 1318 5751 ὡς
1353 5683 1648 5751 πατρότης,
1673 5685 1783 5737 υἱό-

212 5763 338 5822 της,
357 5747 713 5822 ὲκτεόρευσιςς
746 5745 884 5822 εἶναι
908 5750 1002 5822 δίό
1030 5749 1306 5822 καὶᾞδυσὶν
1332 5745 1565 5821 ἁρμόζει
1585 5745 1595 5751 ’
1614 5745 1782 5822 τιροσ-

214 5815 404 5891 φάτοις,
438 5816 633 5891 ὥσπερ,
654 5817 713 5891 τί)
746 5818 1083 5891 ἐιιπορειὸειν,
1120 5821 1248 5874 ῖδιον
1282 5815 1383 5891 μὲν
1404 5815 1516 5873 τοῖν
1538 5815 1679 5876 δυοῖν
1700 5824 1779 5888 ὃν,

217 5888 427 5957 υατρὸς
454 5889 546 5941 καὶ
576 5886 726 5949 Υἱοῦ,
761 5889 859 5957 οὐχ
905 5889 1047 5942 οὕτω
1082 5892 1263 5959 μέντοι
1285 5886 1462 5960 Ἕδιον,
1492 5892 1630 5947 ὥστε
1686 5886 1778 5949 xui.

533 5982 803 6045 l’nnoc.
848 5982 961 6041 Gn.
1010 5982 1133 6044 Cll.

1906 4689 2077 4742 Simul
2109 4689 2251 4741 enim
2279 4701 2332 4743 et
2354 4693 2662 4745 communia
2700 4701 2755 4746 et
2791 4695 3122 4764 hypostat‘iea
3157 4704 3474 4756 naturaliter

1902 4779 2099 4833 divinis
2127 4780 2506 4848 liypostasibus
2540 4782 2744 4846 insunt,
2776 4792 2830 4837 et
2864 4786 3003 4839 nihil
3025 4789 3168 4856 quod
3212 4805 3293 4846 est
3326 4796 3472 4861 posi-

1904 4873 2051 4924 tione
2082 4881 2136 4924 et
2187 4880 2501 4925 extraneum
2537 4884 2590 4926 et
2639 4876 2937 4930 secundum
2976 4879 3228 4933 accidens
3281 4884 3472 4953 (μηδὲν

1899 4963 2006 5013 τῶν
2031 4962 2175 5013 θέσει
2205 4963 2297 5014 κα)¹
2320 4961 2518 5025 ἔξωθεν
2541 4964 2634 5015 καὶ
2674 4966 2813 5017 κατὰ
2839 4970 2898 5019 τὸ
2926 4969 3269 5038 συμϐεϐηκὸς
3292 4973 3468 5041 ὑπαρ-

1900 5054 2121 5123 χόντων)
2152 5052 2330 5107 locum
2357 5054 2408 5106 in
2444 5055 2547 5109 illis
2586 5056 2769 5110 habet.
2808 5077 2825 5108 ι
2862 5058 2977 5112 Νοιι
3028 5061 3185 5115 aliter
3223 5074 3468 5119 statuunt

1898 5146 2287 5200 Constantinus
2315 5146 2639 5202 Meliteniota
2659 5151 2885 5217 (orat.2,
2906 5155 2969 5206 de
2985 5170 3127 5220 proc.
3160 5157 3251 5224 Sp.
3269 5161 3462 5223 sancti,

1896 5254 1946 5292 c.
1983 5238 2050 5290 59
2070 5257 2082 5303 ;
2103 5236 2164 5292 C.
2192 5236 2254 5291 Ο.
2285 5238 2349 5302 ll,
2378 5240 2501 5304 899,
2531 5242 2655 5309 900)
2684 5244 2884 5312 quique
2912 5260 3034 5299 eum
3068 5262 3251 5315 presse
3278 5251 3462 5318 sequi—

1897 5340 1984 5383 tur
2011 5330 2117 5383 Leo
2140 5328 2368 5386 Allatius
2388 5332 2609 5401 (Vindic.
2642 5351 2755 5402 agn.
2781 5335 2971 5403 Eplies.
2996 5354 3046 5406 p.
3075 5338 3172 5392 561
3203 5356 3217 5403 ;
3242 5339 3458 5394 Enchir.

1894 5478 2549 5549 πρόσκωπονΑὑφιστάνειν.

1965 5548 2073 5622 (θ8)
2100 5547 2317 5622 lbid._f.
2368 5549 2472 5602 229
2510 5564 2562 5622 a._
2625 5550 2758 5619 Περὶ
2788 5550 2843 5601 δὲ
2876 5548 2967 5601 τοῦ
3006 5552 3101 5603 τοῦ
3133 5554 3459 5622 προϐάλλειν

1896 5618 2203 5691 ἰδιώματος,
2232 5617 2306 5691 ὡς
2338 5622 2385 5670 εἱ
2417 5622 2489 5687 μὴ
2519 5620 2578 5691 τὸ
2624 5617 2913 5691 πρᾷσωπον
2944 5617 3187 5691 συνιστᾷ
3218 5624 3310 5674 τοῦ
3346 5626 3458 5676 Πα-

1889 5689 2241 5762 τρὸς,-κοινὸν
2276 5687 2428 5762 ἔσται
2460 5689 2554 5762 και
2581 5689 2657 5757 τῷ
2688 5689 2795 5759 ria.
2816 5708 2828 5720 ·
2862 5690 2998 5759 πλὴν
3024 5694 3127 5762 γὰρ
3147 5687 3262 5744 ’τῶν
3286 5712 3455 5762 προσ-

1890 5759 2113 5834 ῳπικῷν
2144 5759 2421 5834 ςδιστήτων
2440 5759 2610 5812 τᾶλλα
2637 5763 2790 5834 κοινᾷ
2813 5763 2977 5834 πᾶσί-ν
3000 5759 3147 5834 εἰσιν
3168 5780 3180 5792 °
3218 5759 3347 5816 ὦστ⁵
3386 5760 3455 5834 ἦν

1890 5830 1955 5905 ᾂν
1980 5829 2073 5905 καὶ
2102 5828 2179 5905 τῷ
2215 5828 2497 5905 ΙΙΙνεύματι,
2520 5831 2694 5883 κοινὸν
2726 5831 2785 5883 τὸ
2819 5831 3082 5902 προϐάλλε
3096 5852 3161 5896 ιν,
3196 5836 3243 5886 εἰ
3281 5836 3352 5903 μὴ
3378 5828 3457 5905 τὶξι

1889 5899 2096 5952 ἐκείνου
2118 5900 2413 5954 ἀντέπιπτε
2442 5900 2605 5971 λόγῳ.

3104 5998 3172 6057 16
