4242 6438
768 401 871 467 191

1912 404 2171 465 ΡΗΟΤΙΙ
2214 402 2718 464 ΡΑἸἪΙΑΠΟΗίΕ
2757 403 2865 462 CP.

3908 404 4018 468 492

773 518 809 571 l.
835 532 883 571 c.
914 531 967 584 p.
1005 513 1136 585 ροβ’,
1173 514 1326 584 por).
1359 514 1464 569 Sed
1490 514 1756 583 ejusmodi
1797 514 2085 583 rcSponsio
2110 529 2219 567 non
2246 528 2342 582 pe-
2373 518 2414 572 Α
2446 511 2701 574 diximus,
2732 527 2835 565 nec
2864 512 3026 566 etiam
3052 513 3574 569 incommunicabilis
3609 515 3678 568 sit
3700 514 3856 574 Filio.
3888 532 4013 569 cum

774 609 918 661 nitus
969 606 1288 661 satisfacere
1315 608 1550 661 videtur.
1584 606 1781 660 V'crum
1813 606 2032 673 quidem
2083 615 2188 666 est,
2219 621 2338 673 quae

771 699 1101 767 hypostatica
1133 707 1277 761 sunt,
1308 714 1370 751 ea
1420 698 1691 751 naturalia
1727 699 1960 765 quodam
2013 712 2174 750 sensu
2232 697 2336 749 dici

768 806 950 859 posse,
984 799 1252 859 quatenus
1287 806 1394 844 non
1433 802 1560 844 sunt
1584 806 1647 843 ex
1678 790 1962 843 accidente
1984 830 1998 852 ,
2036 805 2099 841 ex
2133 790 2339 841 extrin-

767 897 914 941 seco,
948 890 1216 949 quatenus
1237 896 1265 934 a
1290 890 1479 933 natura
1508 880 1621 948 ipsa
1653 881 1889 948 pendent
1913 889 1969 933 et
1990 880 2231 946 personis
2256 896 2340 933 re-

778 973 1104 1041 duplicative
1126 972 1358 1041 sumptis
1371 981 1497 1025 sunt
1515 972 1823 1025 cssentialia
1847 990 1861 1034 ;
1882 989 2064 1025 verum
2096 982 2223 1025 tunc
2253 972 2336 1023 la-

782 1064 904 1115 tiori
940 1080 1093 1116 sensu
1120 1064 1191 1116 ita
1209 1069 1487 1124 vocantur,
1513 1078 1619 1114 non
1650 1063 1859 1124 stricto,
1891 1072 2049 1130 prout
2077 1078 2221 1115 nunc
2242 1078 2338 1131 op-

769 1155 1061 1223 positionis
1086 1156 1222 1208 ratio
1247 1155 1458 1208 videtur
1508 1155 1744 1222 exigere.
1798 1155 2139 1223 lnterrogaut
2174 1159 2335 1210 etiam

772 1248 1056 1300 axiomatis
1085 1248 1230 1299 illius
1265 1257 1590 1310 assertores,
1624 1245 1773 1316 [9.59]
1821 1246 2046 1299 Allatius
2102 1247 2333 1310 (Enchir.

770 1336 895 1402 Ξεφ.
923 1336 1007 1399 ιζ’,
1041 1353 1093 1404 p.
1124 1336 1212 1403 95)
1244 1336 1441 1404 aliique
1476 1353 1489 1387 :
1532 1352 1599 1387 an
1651 1334 1878 1386 Trinitas
1912 1337 1980 1387 sit
2011 1336 2239 1403 φυσικὸν
2267 1353 2335 1390 an

774 1430 1131 1481 ὑποστατικὸν
1169 1446 1220 1481 τι
1261 1429 1347 1495 (de
1391 1444 1497 1495 qua
1548 1431 1847 1495 quzestione
1902 1429 2025 1481 vide
2074 1429 2335 1483 Thomam

769 1535 824 1588 q.
854 1520 940 1582 51,
978 1535 1028 1572 a.
1072 1521 1123 1576 1.
1148 1519 1214 1572 ad
1250 1518 1326 1586 1),
1358 1527 1539 1571 utrum
1593 1534 1825 1586 persona:
1853 1533 2048 1571 nomen
2080 1529 2339 1571 censeant

770 1612 1014 1664 naturale
1046 1627 1113 1663 an
1150 1612 1432 1680 pcrsonale
1454 1612 1540 1679 (de
1566 1626 1671 1679 qua
1702 1611 2001 1678 qmestioue
2036 1611 2157 1663 vide
2185 1627 2338 1663 emn-

771 1704 914 1764 dem,
944 1718 998 1772 q.
1037 1702 1126 1768 30,
1157 1718 1208 1754 a.
1243 1704 1331 1770 4);
1360 1718 1423 1755 ac
1444 1703 1615 1770 premi
1662 1702 1857 1755 exinde
1889 1716 2019 1755 sane
2043 1702 2337 1755 adversarii

771 1803 1000 1863 possunt
1024 1812 1036 1845 :
1057 1792 1112 1844 Si
1132 1810 1405 1860 personam
1436 1792 1669 1845 dixerint
1695 1808 1890 1845 nomen
1917 1792 2333 1862 ltypostaticmn.

2440 604 2683 657 liliationi
2705 606 2926 657 relative
2977 622 3083 660 nou
3114 616 3422 674 opponatur
3444 649 3457 670 ,
3492 607 3561 660 ad
3609 608 4013 661 distinctionem

2440 703 2621 748 tamen
2653 712 2682 749 a
2716 697 2918 764 Spiritu
2948 707 3139 753 sancto
3170 708 3225 753 et
3264 699 3690 753 uotilicationcm
3734 703 4018 770 utriusque

2441 803 2689 856 persona:
2734 791 2987 858 pertinet.
3026 808 3043 840 ι

2510 879 2596 929 17.
2641 879 2921 933 Postremo
2949 890 3003 932 et
3030 881 3131 933 hoc
3165 880 3408 934 solemne.
3433 880 3626 935 Photio
3652 892 3703 934 et
3739 881 4015 935 Photianis

2439 972 2659 1026 eﬂatuttt
2701 984 2819 1025 cst:
2881 972 2938 1025 Ut
2975 971 3158 1035 Filius,
3216 974 3291 1025 ita
3357 972 3588 1039 Spiritus
3639 981 3710 1024 est
3755 988 3818 1025 ex
3857 972 4015 1026 Putre

2439 1064 2673 1130 proxime
2735 1072 2783 1114 et
2845 1063 3147 1115 immediate
3222 1063 3462 1131 (ἀμέσως
3531 1063 3623 1114 καὶ
3684 1064 4012 1132 προσεχὼς),

2439 1156 2588 1209 tmllo
2617 1155 2794 1207 medio
2822 1156 3119 1208 exsistcnte
3151 1153 3330 1208 (Phot.
3385 1171 3506 1224 cap.
3540 1157 3627 1215 69,
3663 1154 3830 1208 Nicol.
3898 1156 4013 1209 Me-

2441 1248 2592 1300 thon.
2636 1245 2819 1313 c.99).
2861 1248 3037 1314 Atque
3087 1246 3212 1300 hinc
3268 1248 3320 1299 in
3382 1243 3607 1299 Latinos
3652 1246 4011 1310 invehuntur,

2438 1339 2580 1407 quod
2634 1338 2846 1390 Patrem
2895 1336 3096 1391 faciant
3165 1336 3402 1405 Spiritus
3470 1336 3792 1406 principium
3850 1338 4018 1391 simul

2440 1431 2743 1499 proximum
2788 1438 2844 1482 et
2883 1438 3185 1493 remotum;
3246 1429 3571 1497 proximum,
3629 1438 3787 1496 prout
3816 1437 3899 1481 est
3948 1444 4015 1482 ex

2440 1521 2596 1573 Patre
2622 1520 2857 1590 Spiritus
2883 1519 3215 1583 immediate,
3243 1532 3509 1573 remotum
3552 1535 3699 1580 vero,
3742 1530 3900 1588 prout
3933 1533 4017 1574 est

2438 1630 2500 1666 ex
2523 1612 2682 1676 Filio,
2711 1614 2801 1681 qui
2835 1613 2994 1665 habet
3021 1626 3143 1664 esse
3174 1627 3202 1663 a
3230 1609 3407 1664 Patre.
3439 1612 3538 1664 Alii
3569 1612 3745 1664 adhuc
3779 1612 4016 1680 iniquio-

2438 1721 2524 1759 res
2555 1708 2917 1775 pra-tendunt,
2956 1704 3214 1774 Spiritum
3249 1704 3319 1757 ita
3350 1706 3571 1758 mediute
3596 1721 3662 1757 ex
3702 1704 3859 1758 Patre
3892 1720 4015 1759 esse

2437 1799 2577 1866 apud
2612 1797 2854 1857 Latinos.
2922 1808 2979 1851 ut
3039 1812 3223 1851 revera
3269 1798 3486 1849 nonnisi
3528 1811 3593 1849 ex
3629 1796 3761 1849 Filio
3794 1797 3886 1857 sit.
3941 1812 4010 1849 ex

771 1904 834 1941 ex
865 1902 1053 1939 eorum
1083 1886 1348 1939 sententia
1392 1883 1754 1953 personalitas
1786 1884 1876 1937 uni
1918 1892 2126 1938 tantum
2151 1900 2218 1939 ex
2241 1885 2335 1939 tri-
2368 1885 2408 1938 Β
2440 1897 2594 1949 patre
2626 1912 2753 1949 vero
2792 1895 3154 1954 solummodo.
3188 1906 3349 1963 prout
3376 1904 3459 1947 est
3514 1893 3630 1946 Filii
3676 1894 4003 1961 principium

771 1978 872 2030 bus
894 1985 1199 2045 competet;
1248 1978 1290 2030 si
1335 1976 1583 2043 φυσικὸν,
1635 1991 1867 2045 persona
1917 1986 1972 2030 et
2026 1987 2221 2030 natura
2277 1977 2333 2030 in

772 2086 940 2124 unum
963 2071 1153 2124 collabi
1212 2070 1581 2132 videbuntur;
1646 2085 1891 2138 personat
1930 2084 2150 2131 nomen.
2178 2080 2237 2124 ut
2262 2071 2332 2124 ait

747 2159 1007 2226 .Thomas
1037 2159 1093 2227 (1.
1128 2158 1223 2224 c.),
1258 2173 1545 2211 commune
1579 2168 1662 2212 est
1688 2159 1858 2211 tribus
1912 2159 2156 2227 personis
2183 2174 2330 2213 com-

772 2250 1035 2303 munitate
1058 2249 1303 2311 rationis,
1330 2266 1439 2301 nou
1475 2248 1573 2301 rei.
1603 2249 1678 2301 Ex
1707 2248 1790 2301 his
1814 2248 2040 2317 aliisque
2069 2249 2333 2317 ejusmodi

773 2341 1022 2395 Photiaui
1083 2341 1493 2409 deprehendere
1566 2349 1826 2408 possunt.
1889 2356 2125 2409 quonam
2178 2351 2335 2411 pacto

772 2434 982 2488 axioma
1039 2434 1168 2486 illud
1217 2432 1469 2485 allirmari
1510 2442 1673 2500 queat
1702 2431 1835 2501 (69).
1867 2432 1924 2483 Si
1961 2433 2089 2485 illud
2121 2442 2278 2486 sonat
2318 2449 2332 2485 :

771 2526 943 2578 Omne
981 2524 1199 2593 quodin
1234 2524 1500 2577 Trinitate
1522 2522 1834 2591 percipitur,
1886 2531 1980 2575 aut
2021 2523 2217 2577 divina:
2246 2537 2334 2575 es—

771 2616 961 2670 sentize
994 2626 1077 2671 est
1130 2625 1225 2669 aut
1244 2618 1398 2668 unius
1430 2630 1661 2683 persona:
1695 2622 1925 2675 tantum,
1948 2625 2074 2668 tunc
2095 2614 2335 2668 refundi-

772 2722 861 2762 tur
882 2710 935 2761 in
969 2709 1203 2777 primum
1238 2707 1365 2760 illud
1384 2706 1494 2776 jam
1530 2706 1820 2760 relutatum
1846 2705 1893 2775 (ᾗ
1928 2707 2012 2773 l9)
2040 2706 2257 2759 clintum
2284 2717 2339 2761 et

772 2818 896 2856 cum
926 2817 991 2854 eo
1016 2801 1179 2854 cadit.
1208 2799 1263 2852 Si
1291 2814 1419 2852 vero
1454 2808 1613 2851 sonat
1643 2816 1655 2850 :
1685 2798 1960 2866 Quidquid
2003 2798 2054 2850 in
2075 2796 2338 2851 Trinitate

772 2890 1109 2961 intelligitur,
1147 2900 1241 2944 aut
1274 2890 1572 2943 secundum
1619 2889 1997 2951 substantiam,
2026 2898 2120 2942 aut
2148 2889 2212 2941 ad
2236 2888 2337 2940 ali-

774 2984 901 3052 quid
924 2985 1139 3044 dicitur,
1172 2984 1288 3037 sive
1320 2992 1414 3036 aut
1452 2982 1765 3036 absolutum
1801 2992 1894 3034 aut
1926 2981 2205 3035 relativum
2234 2989 2335 3044 est,

779 3076 891 3128 sive
916 3076 1132 3127 demum
1171 3094 1181 3125 ε
1222 3084 1316 3126 aut
1344 3074 1409 3126 ad
1439 3073 1727 3126 essentiam
1754 3080 1962 3140 spectat
1985 3080 2078 3124 aut
2122 3072 2192 3124 ad
2224 3089 2340 3139 per-

784 3184 957 3231 sonas,
986 3168 1179 3237 poterit
1206 3166 1285 3220 eis
1308 3165 1567 3235 permitti.
1611 3165 1753 3218 Sane
1780 3165 2043 3234 quidquid
2071 3164 2125 3217 in
2158 3164 2339 3217 'l'rini-

778 3269 885 3315 tate
900 3260 1292 3322 consideratur,
1330 3259 1414 3311 vel
1443 3258 1511 3312 ad
1539 3258 1827 3311 essentiam
1878 3257 2113 3326 pertinet
2144 3257 2227 3310 vel
2267 3258 2337 3310 ad

774 3368 1057 3422 personas;
1077 3350 1168 3405 sed
1196 3366 1303 3404 non
1343 3365 1505 3404 omne
1533 3350 1675 3417 quod
1723 3350 1789 3403 ad
1816 3349 2105 3401 essentiam
2130 3363 2227 3401 ceu
2262 3360 2341 3402 ta-

777 3445 881 3498 lem
911 3456 1017 3496 non
1041 3442 1295 3510 pertinet,
1320 3441 1442 3494 ideo
1470 3451 1552 3493 est
1581 3440 1852 3509 proprium
1880 3440 2039 3492 unius
2072 3454 2336 3507 personae.

779 3536 1038 3588 Przeterea
1059 3541 1251 3587 notant
1279 3531 1513 3602 theologi
1552 3548 1673 3585 eum
1716 3532 1773 3585 S.
1806 3530 2013 3585 Thoma
2044 3531 2119 3600 (q.
2169 3532 2256 3593 41,
2286 3546 2336 3585 a.

779 3630 834 3689 1,
863 3629 926 3681 ad
950 3627 1021 3693 1),
1046 3625 1349 3679 notionales
1369 3634 1544 3685 actus,
1570 3624 1709 3692 quia
1743 3639 2097 3694 personarum
2119 3624 2338 3677 relatio-

776 3721 938 3774 nibus
959 3717 1539 3773 dilferuntsecundum
1583 3717 1801 3771 modutn
1853 3716 2185 3786 signiﬁcandi
2222 3724 2339 3769 tan-

778 3822 912 3877 tum,
935 3825 1120 3865 revera
1148 3811 1373 3863 omnino
1409 3817 1537 3861 sunt
1560 3808 1724 3870 idem,
1759 3806 2012 3876 distingui
2058 3805 2250 3859 merito
2307 3821 2338 3859 a

776 3902 1151 3973 personalibus
1174 3918 1190 3966 ;
1217 3916 1334 3953 eam
1366 3900 1710 3963 divisionem,
1742 3915 1848 3967 qua
1880 3898 2078 3951 dicitur
2115 3915 2126 3949 :
2169 3897 2339 3963 Quid-

773 3995 903 4064 quid
930 3994 982 4047 in
999 3994 1197 4048 divinis
1234 4002 1335 4056 est,
1362 3992 1444 4045 vel
1479 3999 1560 4045 est
1581 3992 1817 4045 essentia
1856 3991 1943 4044 vel
1999 4006 2225 4059 persona
2258 3990 2340 4043 vel

776 4093 937 4153 notio,
969 4104 1159 4143 onmcs
1183 4087 1473 4141 admittunt
1500 4086 1590 4153 (ei.
1617 4085 1766 4139 Sum.
1794 4101 1846 4153 q.
1877 4086 1965 4148 45,
1994 4102 2046 4138 a.
2078 4087 2131 4148 5,
2165 4085 2231 4138 ad
2289 4086 2336 4153 l)

774 4192 830 4236 et
866 4195 995 4235 sane
1019 4195 1082 4234 ea
1109 4188 1360 4233 accurata
1390 4178 1747 4246 undequaque
1767 4185 1868 4230 est.
1893 4176 2030 4230 Ilinc
2050 4176 2341 4245 objectioni

778 4273 851 4325 illi
884 4270 1032 4343 [960]
1062 4290 1075 4324 :
1115 4290 1133 4321 ι
1168 4269 1455 4324 Productio
1479 4268 1716 4337 Spiritus
1740 4268 1912 4321 sancti
1935 4268 2107 4321 activa
2140 4277 2235 4321 aut
2261 4277 2342 4322 est

773 4362 1075 4431 personalis
1106 4369 1198 4414 aut
1241 4359 1613 4413 substantialis
1640 4375 1654 4422 ;
1689 4359 1742 4411 in
1771 4358 1935 4427 priori
1970 4372 2095 4410 casu
2127 4373 2189 4410 ea
2231 4372 2338 4410 non

776 4463 953 4523 potest
976 4452 1219 4522 pluribus
1250 4450 1541 4506 convenire
1568 4450 1835 4519 personis,
1873 4448 1925 4500 in
1951 4447 2119 4501 altero
2152 4463 2215 4501 ea
2259 4457 2341 4501 est

2435 1997 2489 2040 et
2515 1987 2746 2056 genitor.
2778 1987 2918 2039 sicut
2941 1986 3084 2040 Enos
3117 1986 3257 2038 [ilius
3290 1986 3417 2039 Seth
3453 1986 3683 2039 mediate
3710 1985 3777 2037 ab
3805 1986 4012 2036 Adamo

2434 2090 2723 2146 estortus;
2759 2089 2813 2134 et
2838 2080 2905 2133 ab
2946 2079 3046 2133 hac
3071 2080 3368 2146 corruptela
3411 2093 3513 2132 nec
3544 2078 3767 2131 Photius
3801 2076 4013 2129 alienus

2434 2179 2537 2232 est,
2563 2179 2622 2223 ut
2644 2185 2768 2237 cap.
2803 2170 2865 2223 (il
2902 2168 3235 2222 manifestat.
3283 2168 3384 2221 Sed
3414 2167 3616 2221 omissa
3644 2167 3695 2218 in
3754 2162 4011 2235 praesenti

2435 2261 2537 2313 hac
2576 2259 2809 2313 absurda
2842 2259 3297 2326 interpretatione
3328 2256 3392 2309 de
3444 2255 3606 2324 priori
3645 2263 3850 2307 tantum
3883 2266 4011 2320 age-

2436 2369 2576 2408 mus.
2630 2352 2940 2421 llespoudet
2970 2351 3173 2406 Beccus
3206 2349 3290 2419 (ϐ.
3326 2349 3389 2402 0.
3421 2349 3459 2411 1,
3509 2349 3644 2413 915;
3688 2346 3779 2401 0r.
3817 2348 3877 2399 de
3915 2361 4006 2397 un.

2438 2445 2581 2499 Eccl.
2600 2462 2657 2501 ιι.
2681 2446 2770 2513 64)
2791 2447 3061 2499 neminem
3082 2442 3179 2497 SS.
3209 2442 3427 2496 Patrum
3455 2441 3676 2501 dixisse,
3704 2440 3762 2491 τὸ
3785 2437 4012 2506 Πνεῦμα

2436 2540 2656 2607 opsum;
2683 2540 2747 2589 ὲκ
2776 2537 2867 2588 τοῦ
2895 2535 3105 2605 [ἰατρὸς
3131 2530 3291 2587 εἷναι.
3330 2533 3447 2587 iam
3485 2543 3609 2586 ante
3645 2532 3795 2584 illum
3840 2530 3999 2582 Nice-

2437 2632 2628 2701 phorus
2684 2629 2975 2683 Blemntida
3006 2627 3429 2681 controversiam
3461 2626 3531 2678 ita
3560 2624 3842 2693 proposuit
3871 2641 3884 2675 :
3937 2622 4001 2676 ΕΞ

2436 2724 2503 2775 δι’
2527 2722 2655 2775 Υἱοῦ
2681 2724 2741 2774 τὸ
2769 2722 2922 2786 Ξιγιον
2957 2720 3177 2788 Πνεῦμα
3216 2718 3571 2788 ἐκπορεύεται
3602 2718 3749 2787 παρὰ
3777 2714 4011 2785 [ἰατρὸς.

2437 2814 2469 2881 ἢ
2521 2814 2625 2882 μὴν
2671 2817 2734 2865 ἐκ
2797 2812 3007 2881 [ἰατρὸς
3050 2811 3352 2880 προσεχῶς,
3390 2810 3501 2861 ἀλλ’
3538 2810 3599 2861 οὐ
3621 2808 3687 2860 δι’
3735 2806 3889 2861 ι’ἰοῦ·
3946 2823 4015 2861 ac

2441 2902 2589 2971 prius
2630 2902 2846 2969 quidem
2877 2901 3197 2969 permultos,
3235 2899 3507 2968 posterius
3562 2912 3691 2952 vero
3737 2898 4012 2950 neminem

2440 2992 2745 3046 Graecorum
2790 2992 3069 3045 doctorqu
3115 2991 3400 3044 tradidisse
3451 2988 3679 3041 allirmat
3710 3002 3773 3040 ac
3822 2985 4019 3055 probat

2442 3086 2599 3152 (orat.
2639 3086 2686 3147 l,
2726 3100 2779 3137 ιι.
2811 3084 2845 3134 9.
2867 3099 2959 3152 seq
2991 3094 3168 3147 ;orat.
3198 3084 3252 3142 9.
3278 3097 3327 3135 c.
3362 3082 3424 3144 ις
3459 3077 3695 3150 [215116.
3729 3077 3790 3132 0.
3833 3079 3870 3141 Ι,
3896 3093 3948 3146 p.
3977 3078 4018 3132 9.

2442 3190 2555 3241 seq.
2590 3173 2701 3241 49).
2733 3174 2906 3241 Atque
2930 3174 3069 3225 inter
3098 3172 3232 3225 alios
3262 3182 3426 3224 testes
3462 3168 3780 3238 Gregorium
3816 3165 4018 3236 Nysse-

2442 3281 2571 3320 num
2626 3264 2844 3319 adducit
2882 3265 2959 3333 (p.
2992 3264 3068 3333 7).
3107 3262 3196 3331 qui
3230 3261 3420 3314 Filium
3449 3271 3605 3313 vocat
3644 3258 3704 3310 τὸ
3732 3256 4017 3325 προεεχῶς

2441 3358 2506 3409 ἐκ
2534 3355 2628 3407 τοῦ
2660 3356 2875 3425 πρώτου
2902 3354 3164 3423 Spiritum
3188 3367 3317 3406 vero
3339 3351 3399 3403 τὸ
3418 3350 3506 3403 διὰ
3530 3349 3624 3402 τοῦ
3652 3347 3930 3417 πῳσεχῶς
3947 3349 4018 3400 ἐκ

2440 3448 2532 3499 τοῦ
2569 3446 2783 3515 πρῶτον
2818 3445 2933 3517 [1111.
2968 3446 3046 3498 Ad
3076 3445 3259 3498 Ablab.
3303 3452 3345 3501 l.
3377 3443 3443 3508 ΙΙ,
3478 3460 3530 3513 p.
3564 3442 3690 3514 459]
3723 3443 3855 3510 (70).
3888 3440 4019 3494 Sttf~

2443 3537 2718 3607 fragantur
2766 3535 2950 3590 Patres
2990 3535 3213 3589 omnino
3259 3549 3468 3596 omnes,
3497 3534 3586 3603 qui
3624 3532 3884 3602 Spiritum
3925 3532 4018 3583 ὂιὲι

2441 3631 2535 3683 τοῦ
2565 3630 2694 3682 Υἱοῦ
2730 3646 2795 3683 ex
2827 3631 2987 3683 Patre
3020 3630 3314 3698 procedere
3335 3628 3639 3681 docuerunt
3669 3626 3795 3696 (art.
3817 3626 3871 3690 9,
3908 3623 4014 3694 ἐῢ,

2442 3732 2568 3777 nota
2600 3721 2653 3782 9.)
2678 3738 2692 3787 ;
2724 3737 2871 3781 nam.
2894 3730 2950 3773 ut
2971 3721 3046 3773 ait
3075 3717 3465 3776 Constantinus
3494 3716 3819 3770 bleliteniota
3851 3718 4014 3780 (orat.

2443 3816 2494 3877 1,
2526 3830 2574 3869 c.
2607 3816 2669 3868 51
2708 3813 2807 3877 ;G.
2845 3812 2904 3867 0.
2940 3811 3003 3879 ll,
3038 3812 3161 3880 719)
3196 3829 3209 3864 :
3253 3831 3271 3862 α
3306 3811 3449 3866 Idem
3482 3818 3564 3863 est
3602 3809 3783 3863 dicere
3807 3823 3903 3876 per
3926 3807 4018 3860 Fi-

2444 3910 2571 3962 lium
2602 3919 2655 3961 et
2674 3923 2782 3961 non
2811 3906 3118 3961 immediate
3150 3906 3364 3971 (ταυτὸν
3397 3904 3500 3972 γάρ
3521 3905 3635 3955 ἐστι
3663 3903 3730 3953 δι’
3764 3901 3894 3953 Υἱοῦ
3920 3904 4017 3952 καὶ

2440 3999 2541 4050 οὐκ
2599 3998 2820 4066 ἀμέσως
2874 3996 3106 4064 εἰπεῖν);
3158 3995 3287 4049 illud
3340 3995 3427 4047 διὰ
3475 3992 3744 4064 signiﬁcat
3792 4006 4012 4045 causam

2440 4091 2725 4160 quamdam
2758 4090 3083 4143 mediantem
3118 4087 3316 4155 (αἰτίαν
3340 4087 3460 4138 τινὶ
3493 4085 3919 4155 putredo-461v),
3952 4094 4015 4136 ut

2442 4180 2547 4234 late
2606 4181 2793 4249 prohat
2836 4178 2982 4233 card.
3034 4178 3317 4232 Bessariou
3358 4178 3413 4232 in
3458 4188 3593 4231 orat.
3653 4178 3835 4246 dogm.
3871 4192 3922 4230 c.
3978 4175 4012 4227 5

2442 4273 2629 4327 ’Hard.
2678 4270 2764 4334 IX,
2802 4272 2907 4326 559.
2945 4269 3111 4340 seq.).
3169 4270 3546 4339 Suﬂ'ragantur
3580 4269 3612 4322 ii
3649 4283 3860 4329 omnes,
3917 4267 4012 4335 qui

2441 4364 2700 4432 Spiritum
2732 4380 2828 4433 per
2870 4361 3062 4416 Filium
3086 4363 3233 4416 Patri
3263 4360 3515 4428 coniungi
3550 4361 3745 4414 docent
3797 4359 4009 4423 (Const.

2441 4455 2681 4511 Meliten.
2712 4464 2829 4508 orat
2860 4455 2911 4516 1,
2944 4469 2993 4508 e.
3019 4453 3081 4507 41
3111 4468 3225 4522 seq.
3254 4452 3317 4509 (ἶ.
3359 4451 3424 4506 0.
3461 4451 3527 4516 ll,
3582 4450 3684 4505 760
3716 4452 3857 4519 seq.)
3892 4450 4011 4517 qui-

776 4544 874 4613 ipsi
898 4543 1115 4613 Spiritui
1141 4542 1446 4603 tribuenda,
1471 4559 1489 4592 ι
1514 4541 1583 4595 ita
1609 4540 1842 4594 occurrit
1869 4540 2132 4593 Henricus
2156 4538 2338 4592 Kilber
2370 4569 2411 4623 ο
2442 4564 2546 4617 que
2585 4547 2758 4601 solum
2787 4546 2978 4599 Filium
3015 4545 3164 4600 nullo
3189 4544 3483 4598 exsistente
3512 4543 3710 4604 medio,
3753 4557 3820 4596 ex
3849 4540 4009 4594 Patre

775 4636 989 4705 ('l‘heol.
1016 4634 1255 4687 Wirceb.
1292 4633 1368 4687 De
1397 4633 1505 4686 Deo
1524 4649 1627 4684 uno
1646 4640 1694 4684 et
1726 4631 1863 4683 trino
1892 4630 2032 4700 disp.
2076 4647 2148 4692 vu,
2182 4646 2230 4684 c.
2279 4630 2334 4690 9.,

775 4748 825 4780 ει.
857 4730 911 4782 4.
940 4744 996 4781 n.
1026 4728 1187 4796 406):
1220 4727 1630 4795 productionem
1661 4724 1890 4777 activam
1913 4737 2070 4791 posse
2096 4722 2197 4776 dici
2218 4738 2337 4789 per-

774 4822 1004 4876 sonalem
1026 4820 1308 4890 etnegari,
1340 4819 1482 4888 quod
1527 4834 1589 4871 ea
1608 4818 1816 4871 duabus
1833 4814 2078 4885 personis
2107 4824 2338 4882 nequeat

773 4929 894 4970 esse
925 4912 1261 4975 communis;
1299 4910 1465 4965 videri
1506 4919 1684 4965 tamen
1716 4909 1894 4977 potius
1919 4908 2198 4960 dicendam
2239 4920 2338 4957 nec

773 5005 1107 5076 personalem
1135 5020 1235 5060 nec
1258 5002 1626 5062 cssentialem,
1659 5001 1751 5054 sed
1783 4999 2119 5058 nationalem,
2159 5018 2176 5047 ι
2211 4997 2337 5065 quia

776 5098 981 5150 scilicet
1004 5094 1253 5163 quamvis
1305 5111 1412 5148 non
1449 5093 1742 5147 constituat
1774 5088 1988 5142 Patrem
2044 5097 2098 5141 et
2142 5086 2333 5139 Fdium

776 5189 832 5242 in
862 5201 980 5240 esse
1008 5200 1274 5255 persona},
1296 5194 1353 5238 ut
1373 5185 1441 5239 de
1470 5182 1881 5240 innascibilitate
1897 5189 2140 5250 respectu
2169 5178 2337 5231 Patris

719 5406 721 5408 η
846 5345 954 5412 (69)
984 5342 1244 5396 Similiter
1267 5342 1529 5411 Georgius
1557 5339 1869 5393 Scholarius
1894 5337 2048 5407 Apol.
2072 5352 2134 5412 _c._
2169 5335 2332 5389 Mare.

774 5408 976 5483 Ep‘ltes.
1009 5414 1236 5482 quaerit,
1268 5428 1336 5465 an
1388 5408 1446 5463 τί
1488 5413 1730 5463 αἰτιατὸν
1774 5412 1843 5483 sit
1882 5408 2222 5483 essentiale,_
2266 5423 2333 5483 an

773 5477 1077 5555 personale.
1112 5483 1169 5536 Si
1199 5486 1456 5552 primum,
1484 5492 1538 5555 et
1571 5482 1859 5555 Patererit
1887 5477 2223 5555 aittgtoc,_s_i
2256 5478 2334 5528 al-

777 5546 973 5617 terum,
1005 5568 1146 5608 unus
1189 5546 1272 5607 est
1310 5552 1567 5613 αἰτιατὸς,
1608 5552 1689 5605 vel
1735 5550 1900 5603 Filius
1942 5548 2025 5601 vel
2075 5546 2331 5615 Spiritus,

775 5637 831 5678 et
854 5638 981 5680 tunc
1008 5641 1195 5678 verum
1222 5642 1328 5677 non
1361 5624 1593 5690 amplius
1615 5622 1737 5678 erit.
1770 5621 1911 5687 quod
1943 5627 1997 5671 et
2017 5618 2187 5671 Graeci
2213 5634 2335 5685 pro-

774 5705 1037 5765 pugnant.
1066 5697 1286 5749 αἱτιατὰι
1320 5709 1439 5765 esse
1480 5692 1755 5765 Filitntt_e_t
1777 5690 2034 5765 Spiritum
2062 5725 2077 5751 ,
2122 5698 2333 5740 utrum-

775 5761 879 5836 que
904 5784 981 5836 _ex
1012 5768 1169 5819 Patre
1200 5765 1354 5833 (Cod.
1385 5764 1530 5836 Ilion.
1557 5764 1646 5836 9.7,
1670 5761 1762 5836 fol.
1794 5762 1895 5815 186
1935 5761 2010 5836 a_)_.

849 5828 959 5907 (ῑῦ)
995 5836 1065 5890 De
1093 5826 1282 5890 eodem
1318 5833 1624 5890 testimonio
1654 5832 1933 5903 disputant
1960 5828 2111 5899 Hugo
2146 5826 2311 5883 Ether

2439 4655 2560 4693 esse
2612 4646 2858 4693 statuunt
2904 4636 3150 4704 (Beceus,
3188 4636 3361 4706 epigr.
3398 4636 3518 4695 9—4,
3554 4634 3617 4688 G.
3656 4635 3724 4687 0.
3757 4633 3820 4696 11,
3877 4633 4009 4687 5M-

2437 4728 2581 4795 558).
2638 4727 2837 4779 Eodem
2884 4726 3107 4778 omnino
3131 4735 3288 4795 pacto
3317 4725 3498 4779 caeteri
3525 4726 3573 4776 οἱ
3611 4724 3708 4792 τῆς
3763 4722 4007 4785 ὲνώσεως

2436 4818 2606 4872 Graeci
2642 4818 3049 4871 ratiocinantur.
3115 4817 3261 4881 Quos
3317 4831 3499 4885 presse
3559 4815 3804 4881 sequitur
3854 4815 4005 4884 llugo

2437 4910 2781 4976 Etherianus,
2821 4910 2910 4977 qui
2949 4910 3193 4964 Graecum
3231 4910 3481 4978 loquendi
3513 4923 3717 4962 morem
3748 4907 3802 4961 in
3834 4906 4006 4975 pluri-

2437 5002 2541 5055 mis
2568 5000 2824 5054 imitatur.
2858 5018 2875 5048 ‹
2912 4998 3102 5064 Filius,
3143 5019 3160 5050 ι
3202 5000 3379 5067 inquit
3411 4999 3467 5068 (1.
3493 5015 3531 5063 t,
3563 5014 3611 5052 c.
3650 4999 3699 5062 1,
3732 5012 3789 5066 p.
3820 4996 3999 5060 1900),

2442 5112 2459 5143 ι
2497 5094 2645 5161 juxta
2670 5092 2950 5146 fecundam
2984 5090 3241 5160 genitoris
3270 5092 3521 5143 virtutem
3555 5098 3861 5159 generatur,
3895 5104 4000 5157 quit

2438 5188 2605 5239 medio
2636 5187 2911 5240 exsistant:
2942 5200 3007 5237 ex
3039 5183 3228 5237 eodem
3270 5182 3424 5237 Patre
3458 5181 3691 5250 Spiritus
3727 5182 3906 5250 prodit
3944 5192 4000 5234 ut

2437 5339 2471 5391 1.
2500 5356 2580 5399 lll,
2606 5356 2653 5392 (ι.
2686 5339 2751 5391 l9.
2784 5338 2872 5390 lin.
2909 5352 2963 5406 p.
2991 5334 3159 5406 HAS;
3188 5333 3389 5406 Beccu_s
3422 5330 3998 5406 (orat.‘2.__De_inist_s_ta

2437 5411 2614 5472 (lepoS.
2642 5425 2689 5462 c.
2728 5410 2819 5469 19;
2851 5402 2925 5459 Dé
2949 5424 3037 5458 un.
3082 5405 3220 5458 Eccl.
3258 5421 3308 5459 c.
3347 5404 3451 5469 25;
3483 5403 3543 5458 G.
3574 5402 3635 5457 0.
3672 5402 3734 5462 ll,
3770 5402 3994 5472 56._57;

2440 5480 2477 5530 1.
2504 5470 2665 5548 VI9U);
2694 5478 2884 5547 Georg.
2924 5476 3155 5548 Metoch.
3186 5480 3257 5548 (ς.
3286 5473 3422 5527 Man.
3453 5472 3667 5548 (ἐι-91ης.
3698 5472 3750 5534 6,
3777 5486 3829 5548 c.
3855 5470 3994 5548 llas.

2438 5543 2700 5602 l’lanﬂib.
2737 5548 2798 5607 ll,
2830 5543 2953 5610 976,
2998 5546 3159 5613 945);
3201 5544 3484 5599 Constant.
3530 5543 3768 5597 Meliten.
3802 5543 3992 5613 (οι-,1,

2436 5634 2486 5671 c.
2520 5619 2603 5683 19.,
2644 5620 2746 5680 59;
2776 5620 2848 5671 ib.
2881 5617 2943 5682 ll,
2997 5615 3100 5667 664
3126 5654 3140 5674 ,
3200 5615 3323 5684 751)
3340 5631 3361 5684 7;
3404 5616 3598 5684 Georg.
3634 5613 3875 5684 ‘Trapgez.
3907 5612 3995 5679 (ad

2436 5682 2597 5740 Joan.
2623 5688 2845 5741 (lubocl.
2880 5704 2928 5740 c.
2960 5686 3046 5748 lli,
3082 5685 3182 5741 l7:
3228 5682 3313 5738 ib.
3337 5683 3375 5743 l,
3419 5682 3742 5751 505,306);
3773 5682 3993 5751 Gregor.

2437 5758 2749 5813 Protosvnc.
2785 5757 2873 5815 (ad
2917 5758 3048 5823 imp.
3080 5755 3240 5823 'l'rap.
3273 5770 3320 5824 c.
3351 5756 3405 5814 4.
3441 5754 3516 5824 ib.
3547 5753 3591 5821 1,
3626 5754 3778 5824 425);
3807 5752 3995 5808 Bessa-

2439 5828 2555 5882 rion
2582 5827 2694 5898 (0r.
2721 5829 2893 5899 dogm.
2925 5843 2975 5882 c.
3004 5829 3071 5892 ti;
3098 5824 3258 5880 llard.
3284 5823 3370 5893 IX,
3398 5823 3544 5893 514).
