4242 6438
269 449 377 513 ι93
941 452 1037 512 DE
1079 453 1140 512 S.
1185 453 1377 513 SPlR.
1420 455 1918 520 MYSTAGOGIA.
1945 486 2012 496 —
2046 456 2781 518 ANIMADVERSIONES.
3401 457 3506 522 494

269 578 341 616 ex
395 578 490 617 sua
522 578 681 617 causa
737 561 1057 618 inexhausta
1107 574 1162 618 et
1193 564 1462 620 ini‘mibili.
1498 586 1515 617 ι
1556 568 1623 620 Et
1678 568 1839 636 paulo
1869 577 1908 628 Α
1942 576 2118 620 tamen
2155 569 2260 621 dici
2295 579 2542 637 respectu
2569 569 2686 620 Filii
2711 566 2869 620 simul
2895 580 3020 622 cum
3059 567 3215 622 Patre
3247 569 3504 638 Spirantis

269 666 434 723 post:
487 676 504 705 ‹
542 653 746 710 Similis
769 667 851 710 est
879 656 1016 710 Filio
1041 656 1300 728 Spiritus,
1337 659 1714 727 sicutquidem
1769 674 1840 717 ex
1939 660 2199 728 Spiritum
2246 664 2473 714 mediate
2521 680 2586 715 ex
2639 661 2794 714 Patre
2834 661 3166 731 procedere;
3202 663 3255 731 3)
3310 664 3501 719 deduci

269 761 434 799 causa
461 756 516 798 et
544 762 642 802 suo
666 747 971 799 immetliato
1010 750 1291 817 principio,
1323 748 1407 802 cui
1443 759 1499 802 ut
1528 749 1837 804 immediate
1937 767 2046 804 non
2082 767 2262 821 posse,
2292 752 2503 804 Patrem
2533 751 2708 803 eodem
2731 767 2953 819 prorsus
2981 762 3210 820 respectu
3231 754 3508 808 immedia-

243 837 655 899 communicat,
701 838 869 891 sicab
917 838 1033 907 ipso
1063 840 1255 909 absque
1280 841 1449 892 medio
1491 841 1742 908 provenit
1783 853 1836 896 et
1940 850 2050 895 tum
2097 851 2151 895 et
2186 841 2501 903 Inediatum,
2552 842 2856 910 proximum
2887 851 2942 894 et
2996 853 3263 896 remotum
3318 845 3503 901 haberi

269 944 371 997 per
423 930 596 998 ipsum
630 930 770 984 Patri
803 932 1170 1001 conjungitur.
1218 952 1235 983 ι
1271 931 1407 985 Cum
1435 932 1614 1001 itaque
1663 933 1835 988 (ἔτερί
1939 936 2173 1004 Spiritus
2206 936 2376 989 sancti
2415 935 2761 1004 principium.
2815 934 3115 1004 Utrumque
3157 938 3262 990 dici
3302 949 3501 1007 potest,

268 1021 521 1076 doctores
571 1024 762 1076 Filium
811 1040 1066 1092 expresse
1098 1025 1272 1078 solum
1308 1026 1526 1093 ἀμέσω·;
1569 1041 1631 1078 ex
1680 1025 1837 1079 Patre
1937 1029 2028 1082 sed
2060 1029 2160 1081 sub
2188 1029 2619 1082 consideratione
2649 1031 2804 1097 plane
2839 1031 3061 1082 diversa.

268 1130 391 1169 esse
441 1118 640 1178 dicant,
704 1117 963 1185 Spiritum
996 1134 1123 1172 vero
1157 1134 1261 1170 non
1306 1117 1453 1190 [262]
1512 1119 1659 1182 item,
1713 1137 1834 1173 cum
2010 1121 2093 1172 l9.
2141 1120 2419 1185 Quomodo
2451 1122 2611 1191 igitur
2633 1121 2884 1175 Pbotium
2927 1121 3301 1191 impugnantes
3332 1123 3501 1179 Cra‘ei

263 1208 357 1261 διὰ
394 1209 482 1261 τοῦ
510 1209 638 1260 Υἱοῦ
665 1225 727 1263 ex
758 1210 912 1263 Patre
939 1212 1231 1280 procedere
1253 1211 1511 1279 Spiritum
1544 1213 1677 1266 miro
1705 1228 1836 1264 con-
1934 1211 2217 1263 orthodoxi
2254 1212 2302 1263 id
2336 1212 2636 1281 denegant,
2664 1213 2920 1281 Spiritum
2961 1229 3079 1267 esse
3111 1215 3408 1270 immediate
3436 1233 3500 1270 ex

263 1315 432 1355 sensu
472 1311 846 1369 propugnent;
879 1318 999 1355 cum
1045 1313 1304 1371 praeterea
1339 1303 1619 1357 doctorum
1673 1303 1834 1371 aliqui
1935 1299 2126 1365 Patre,
2159 1302 2299 1370 quod
2348 1301 2660 1355 Latinorum
2707 1305 3138 1371 prtestantissimi
3177 1307 3332 1374 plane
3366 1324 3498 1361 con-

260 1394 618 1460 qumstionem
651 1395 794 1446 illam
813 1395 1244 1458 celeberrimam,
1277 1411 1372 1448 cur
1399 1395 1635 1464 Spiritus
1665 1397 1834 1449 sancti
1936 1392 2168 1445 cedunt?
2216 1393 2321 1447 Sed
2354 1393 2455 1446 hoc
2500 1395 2572 1447 illi
2604 1411 2713 1447 non
2746 1395 2954 1450 infinite
2989 1408 3235 1452 statuunt
3257 1441 3270 1463 .
3308 1417 3499 1455 verum

261 1485 486 1552 Spiratio
516 1501 621 1539 non
655 1487 723 1538 sit
753 1486 1030 1554 generatio
1058 1496 1112 1538 et
1138 1503 1367 1554 quanam
1400 1490 1605 1540 ratione
1635 1489 1746 1541 ba-c
1769 1490 1835 1540 ab
1936 1499 2034 1552 pro
2066 1500 2284 1536 suorum
2325 1485 2542 1537 Patrum
2585 1487 2798 1539 dicendi
2831 1502 3011 1548 more,
3049 1491 3393 1543 attendentes
3432 1494 3500 1545 ad

261 1577 354 1629 illa
378 1577 589 1630 diil'erat
612 1577 697 1644 (de
732 1593 834 1644 qua
866 1578 1235 1630 consulendus
1267 1579 1542 1639 Petavius,
1575 1578 1652 1631 De
1693 1579 1832 1632 Trin.
1937 1589 2028 1626 eas
2069 1576 2378 1627 eorumdem
2425 1575 2757 1636 locutiones,
2789 1576 2984 1644 quibus
3022 1580 3231 1646 egregie
3269 1579 3508 1648 Spiritus

258 1682 359 1730 vn,
388 1667 572 1734 c.14),
619 1666 814 1719 exinde
847 1666 1088 1728 solvant,
1121 1667 1262 1735 quod
1312 1667 1545 1736 Spiritus
1595 1679 1830 1732 sanctus,
1937 1663 2104 1715 sancti
2151 1678 2216 1714 ex
2250 1662 2385 1714 Filio
2431 1663 2592 1714 etiam
2634 1664 2908 1730 processio
2947 1665 3314 1729 conﬁrmatur,
3350 1683 3500 1720 com~

258 1771 368 1810 neu
426 1757 735 1810 immediate
768 1773 795 1808 a
833 1755 991 1810 Patre
1024 1758 1114 1820 sit,
1149 1758 1606 1826 quemadmodum
1669 1759 1833 1813 Filius
1938 1754 2209 1806 municata
2243 1769 2372 1806 vero
2408 1769 2437 1807 a
2485 1753 2641 1806 Patre
2681 1753 2813 1807 Filio
2851 1755 3023 1808 virtus
3053 1757 3308 1825 spirativa
3341 1759 3501 1812 simul

256 1849 355 1912 (ei.
387 1847 576 1901 Petav.
602 1847 636 1900 1.
667 1864 717 1902 e.
757 1864 803 1900 e.
842 1849 926 1908 13,
955 1864 1010 1900 n.
1044 1847 1128 1917 11)
1169 1849 1308 1902 sicut
1332 1850 1420 1902 alii
1442 1867 1505 1904 ex
1536 1851 1656 1913 hoc,
1688 1851 1830 1919 quod
1865 1912 1897 1919 _
1936 1844 2272 1907 ostenditur;
2301 1844 2350 1897 id
2369 1856 2554 1897 contra
2577 1845 2720 1897 cives
2753 1861 2879 1899 suos
2909 1847 3283 1902 scbismaticos
3308 1861 3502 1919 urgent

252 1957 322 1995 ex
386 1951 615 2011 utroque
668 1943 920 2011 procedat
954 1943 1048 2010 (il),
1107 1944 1298 2011 11,9);
1345 1944 1454 2013 jam
1506 1947 1634 1998 satis
1682 1954 1827 2014 patet
1865 1912 2023 2004 Bqui
2079 1937 2145 1989 ad
2206 1923 2598 1990 excludendum
2657 1936 2850 1990 Filium
2910 1938 3274 1992 immediatam
3328 1945 3500 1997 sancti

255 2051 353 2090 eos
385 2053 414 2090 a
441 2035 702 2090 Pbotiana
729 2037 972 2090 doctrina
1005 2037 1143 2091 baud
1177 2053 1364 2107 parum
1396 2039 1721 2107 discrepare,
1769 2048 1828 2093 ut
1927 2034 1930 2077 ἶ

1825 2079 1828 2090 _
1927 2024 2159 2093 Spiritus
2179 2041 2244 2079 ex
2271 2026 2424 2080 Patre
2450 2027 2848 2095 processionem
2868 2030 3308 2099 prepugnabant;
3338 2042 3500 2100 atque

254 2126 483 2181 Allatius
509 2127 695 2190 (Ench.
733 2143 781 2180 e.
812 2129 863 2191 6,
902 2144 954 2196 p.
985 2126 1054 2180 50
1083 2128 1225 2196 seq.)
1256 2143 1381 2182 cum
1412 2130 1624 2183 caeteris
1651 2140 1824 2201 urget.
1927 2116 1929 2169 ἶ

1927 2116 2053 2170 licet
2087 2132 2146 2170 ea
2197 2117 2452 2187 ἀκριϐείᾳ
2498 2119 2741 2172 diversas
2795 2120 2893 2188 τῆς
2935 2121 3210 2188 neat-celi;
3260 2124 3500 2178 rationes

332 2218 415 2272 18,
453 2219 705 2272 Attamen
737 2218 788 2272 id
815 2219 1125 2272 difﬁcultate
1147 2235 1254 2273 non
1282 2230 1429 2274 caret
1458 2238 1472 2286 ς
1501 2222 1644 2274 unde
1669 2222 1718 2275 id
1769 2223 1823 2276 in
1925 2226 2032 2264 non
2068 2211 2432 2281 distinguant,
2469 2227 2572 2279 qua
2606 2212 2844 2266 Thomas
2878 2213 3067 2280 utitur,
3108 2224 3286 2269 tamen
3323 2220 3498 2286 quoad

252 2311 441 2379 primis
465 2311 846 2379 indagandum,
875 2327 1109 2380 quonam
1132 2321 1288 2380 pacto
1310 2311 1821 2383 sitintelligendum,
1925 2319 2038 2358 rem
2071 2303 2241 2374 ipsam
2281 2319 2403 2356 cum
2445 2304 2649 2358 Lalinis
2675 2306 2895 2359 omnino
2928 2308 3292 2368 concordant,
3340 2326 3497 2374 μεσι-

251 2401 513 2472 Spiritum
575 2413 820 2455 sanetum
867 2404 1092 2455 mediate
1134 2418 1162 2456 a
1203 2401 1360 2456 Patre
1390 2405 1700 2472 procedere.
1763 2403 1821 2456 S.
1923 2417 1926 2428 ‘

1819 2446 1821 2453 ,
1923 2398 2072 2447 τεεαν
2133 2396 2189 2448 in
2236 2411 2302 2448 eo
2366 2397 2708 2465 potissimum
2767 2409 3127 2466 reponentes,
3185 2401 3329 2468 quod
3385 2403 3494 2456 vim

250 2494 491 2549 Thomas
523 2495 694 2564 (Sum.
724 2511 778 2564 p.
808 2496 860 2560 1,
891 2512 945 2564 q.
977 2496 1064 2560 56,
1097 2512 1146 2548 a.
1173 2496 1218 2565 1)
1249 2497 1388 2550 hanc
1413 2497 1586 2565 primo
1605 2497 1724 2550 loco
1753 2498 1824 2550 si-
1925 2486 2267 2554 spiratricem
2297 2486 2466 2540 Filius
2508 2487 2670 2541 habet
2716 2503 2745 2540 a
2790 2486 2950 2541 Patre
3003 2489 3456 2544 communicatam
3480 2532 3492 2549 ,

251 2587 308 2640 bi
331 2587 691 2655 objectionem
740 2587 1040 2656 proponit:
1081 2604 1099 2637 ι
1135 2586 1288 2648 Quod
1343 2588 1587 2656 procedit
1612 2589 1677 2642 ab
1724 2589 1821 2642 ali-
1924 2581 1926 2631 ἓ

1820 2620 1821 2625 η
1924 2579 2054 2632 illud
2089 2579 2175 2631 διὰ
2199 2595 2380 2634 veram
2403 2579 2580 2632 αἰτίαν
2618 2580 2711 2632 καὶ
2737 2580 2911 2649 ἀρχὴν
2933 2579 3032 2648 τῆς
3062 2580 3155 2632 τοῦ
3181 2580 3495 2649 Πνεύματος

250 2695 360 2748 quo
413 2696 506 2748 per
541 2681 792 2748 aliquem,
825 2695 932 2732 non
970 2679 1214 2747 procedit
1266 2680 1333 2733 ab
1386 2695 1452 2733 eo
1489 2680 1819 2735 immediate.
1924 2673 2208 2743 ὑπάρξεως
2268 2673 2456 2743 (Ποῖ.
2502 2688 2657 2726 ουιιοι
2691 2672 2854 2726 "ard-
2895 2673 2996 2735 ΙΧ.
3024 2673 3157 2740 421)
3193 2674 3497 2743 signiﬁcare

254 2770 310 2822 Si
355 2771 516 2839 igitur
548 2770 780 2838 Spiritus
826 2780 1044 2823 sanctus
1079 2769 1320 2838 procedit
1362 2787 1390 2823 a
1419 2769 1573 2824 Patre
1601 2788 1692 2838 per
1730 2771 1819 2824 Fi.
1923 2774 2260 2828 statuentes,
2315 2775 2541 2819 eatenus
2597 2765 2784 2833 primae
2837 2779 3013 2816 causm
3047 2765 3493 2824 subordinatam,

253 2862 407 2924 lium,
434 2878 533 2913 non
574 2861 804 2928 procedit
832 2878 863 2912 a
900 2861 1059 2914 Patre
1082 2862 1404 2924 immediate,
1429 2862 1571 2930 quod
1611 2863 1822 2916 videtur
1922 2868 2190 2926 quatenus
2212 2857 2280 2910 ab
2303 2857 2415 2925 ipsa
2458 2857 2658 2926 pendet
2697 2865 2752 2909 et
2779 2870 2847 2909 ex
2886 2856 2999 2924 ipsa
3035 2865 3136 2908 est.
3173 2855 3278 2926 (Cf.
3331 2858 3491 2912 Allat.

252 2953 668 3005 inconveniens.
714 2971 732 3000 ι
776 2952 873 3005 Cui
927 2953 996 3004 ita
1038 2953 1152 3021 ipse
1187 2954 1492 3007 satisfacit:
1538 2973 1556 3005 ‹
1594 2955 1652 3008 In
1683 2971 1820 3024 qna-

1819 2988 1820 2994 η
1931 2948 2075 3000 Vind.
2106 2965 2220 3016 syn.
2258 2947 2390 3011 Eph.
2423 2964 2471 3000 e.
2511 2949 2608 3015 58f,
2648 2964 2702 3016 p.
2731 2948 2835 3001 375
2867 2948 3005 3014 seq.)
3037 2946 3184 3001 llane
3217 2952 3494 3016 μεσιτείαν

252 3043 384 3096 libet
404 3045 618 3096 actione
661 3051 745 3096 est
771 3042 880 3096 duo
910 3044 1276 3108 considerare,
1323 3046 1438 3099 scil.
1481 3049 1819 3116 suppositum
1923 3038 2069 3110 [9-64]
2105 3038 2385 3092 PIIOlianiS
2443 3039 2578 3092 adeo
2635 3054 2853 3092 exosa!“
2917 3040 3176 3109 Ρτὲῐεοιὶιΐο
3237 3042 3494 3111 explanat

250 3151 418 3206 agens
448 3144 503 3189 et
536 3137 812 3194 virtutem,
841 3151 944 3203 qua
971 3136 1098 3203 agit,
1124 3137 1265 3189 sicut
1294 3137 1432 3206 ignis
1461 3138 1706 3193 calefacit
1733 3155 1820 3194 ea-
1921 3130 2074 3186 Joall-
2131 3132 2332 3186 BCCCUS
2391 3132 2516 3200 (lib-
2577 3131 2654 3184 De
2710 3147 2854 3197 Ρῖοεο
2896 3130 3079 3200 3PM!-
3150 3136 3318 3186 δαησιὶ
3354 3152 3402 3189 C-
3436 3139 3491 3197 7.

251 3227 388 3280 lore.
419 3225 474 3279 Si
514 3227 675 3296 igitur
707 3226 759 3278 in
795 3225 951 3279 Patre
981 3235 1036 3279 et
1060 3226 1194 3280 Filio
1229 3229 1604 3283 consideratur
1633 3233 1817 3296 virtus,
1844 3255 1888 3316 ρ
1922 3240 1978 3277 η·
2032 3225 2106 3288 2;
2138 3223 2199 3278 G-
2228 3222 2290 3277 θ·
2321 3221 2362 3286 ίν
2386 3222 2512 3289 292,
2545 3224 2669 3316 295)
2702 3224 2933 3316 Primum
2962 3238 3167 3293 “03805
3215 3225 3493 3281 intervalla!

250 3333 353 3385 qua
380 3317 584 3381 spirant
619 3315 880 3384 Spiritum
905 3323 1300 3378 sanctum,non
1322 3318 1559 3372 eaditibi
1606 3320 1818 3388 aliquod
1865 3315 1870 3316 ν
1922 3316 2005 3370 vel
2063 3315 2262 3369 realem
2323 3315 2719 3384 separationem
2777 3315 2867 3368 illo
2912 3316 3134 3369 nomine
3187 3316 3490 3380 insinuari,

252 3408 514 3469 medium,
538 3407 661 3475 quia
691 3407 806 3460 haec
841 3407 1016 3460 virtus
1045 3418 1128 3461 est
1157 3424 1261 3460 una
1286 3410 1569 3462 eteadem.
1603 3411 1655 3463 Si
1689 3427 1819 3464 con-
1922 3404 2119 3458 deinde
2157 3419 2276 3457 eam
2306 3404 2537 3473 positive
2571 3404 2887 3457 describens
2929 3420 2992 3458 ac
3037 3405 3302 3460 deﬁniens
3333 3425 3347 3460 ε
3379 3408 3492 3477 Τὴν

251 3500 561 3553 siderentur
609 3508 788 3551 autem
838 3498 966 3567 ipsa:
999 3515 1230 3565 persona:
1259 3501 1541 3566 spirantes,
1582 3502 1659 3555 sic
1694 3518 1816 3555 cum
1925 3547 1926 3560 χ

1925 3495 2198 3563 μεσιτείαν
2228 3495 2432 3566 ταύτην
2483 3496 2636 3547 οὐδὲν
2686 3496 2812 3549 ἄλλο
2843 3493 2982 3551 εἷναί
3022 3499 3224 3570 φημιῆ
3258 3501 3491 3570 φυσικὴν

254 3591 491 3660 Spiritus
514 3598 733 3642 sanctus
763 3591 1105 3642 communiter
1134 3592 1388 3658 procedat
1415 3608 1442 3643 a
1473 3591 1628 3646 Patre
1655 3602 1710 3646 et
1735 3594 1819 3646 Fi-
1923 3608 1929 3636 ι

1816 3625 1819 3632 .
1923 3587 2125 3655 σχέσιν,
2163 3586 2284 3639 καθ’
2323 3587 2388 3657 ἦν
2432 3588 2549 3640 ἐστι
2577 3587 2663 3639 ’ὀιά
2709 3587 2802 3640 τοῦ
2847 3588 2975 3640 Υἰοῦ
3005 3589 3065 3640 τὸ
3101 3590 3320 3658 Πνεῦμα
3365 3609 3491 3643 συν-

250 3683 341 3746 lio,
405 3682 682 3734 invenitur
713 3681 947 3748 Spiritus
979 3691 1200 3735 sanctus
1251 3681 1548 3736 immediate
1587 3701 1615 3737 a
1659 3685 1817 3739 Patre
1921 3701 1925 3728 ι

1812 3705 1817 3737 ι
1921 3679 2223 3747 απτὸμενον
2255 3678 2333 3748 τῷ
2365 3679 2571 3747 Πατρὶ,
2612 3679 2684 3741 ὡς
2717 3681 2779 3730 ἐκ
2816 3678 2910 3731 τοῦ
2945 3680 3157 3750 Πατρὸς
3187 3684 3487 3752 ἐκπορευό-

249 3773 566 3842 procedere,
631 3772 684 3824 in
735 3781 996 3839 quantum
1028 3779 1109 3824 est
1151 3771 1219 3824 ab
1247 3786 1330 3835 eo,
1365 3781 1419 3825 et
1469 3775 1708 3838 mediate,
1762 3775 1815 3827 in
1922 3820 1924 3834 ,

1812 3800 1815 3827 ι
1922 3787 2079 3836 μενον
2107 3770 2170 3821 δι’
2197 3769 2382 3822 αὐτοῦ.
2416 3769 2542 3824 "ate
2594 3771 2814 3824 uberius
2842 3772 3081 3825 'illustrat
3110 3776 3187 3841 (p.
3226 3774 3487 3841 294-298)

247 3871 510 3932 quantum
541 3871 621 3915 est
650 3876 679 3914 a
713 3861 884 3926 Filio;
919 3870 973 3914 et
999 3860 1077 3915 sic
1106 3861 1303 3915 dicitur
1333 3863 1624 3930 procedere
1652 3881 1682 3916 a
1705 3865 1814 3917 Pa-
1918 3874 2193 3927 exponens
2230 3875 2338 3927 quo
2370 3875 2532 3912 sensu
2560 3861 2726 3915 Filius
2752 3861 2963 3916 dicatur
2984 3864 3257 3918 secundus
3287 3866 3352 3919 ad
3390 3867 3491 3918 Pa-

249 3966 325 4006 tre
362 3970 454 4021 per
484 3951 721 4015 Filium;
774 3953 914 4005 sicut
943 3952 1107 4005 etiam
1137 3952 1268 4006 Abel
1311 3955 1575 4021 processit
1620 3955 1813 4008 imme-
1919 3958 2077 4002 trem.
2107 3950 2291 4018 Neque
2332 3951 2491 4004 aliam
2518 3962 2753 4005 mentem
2780 3968 2901 4007 esse
2926 3954 3163 4024 Hugonis
3186 3954 3485 4019 Etheriani,

244 4046 391 4099 diate
426 4046 494 4098 ab
544 4044 735 4108 Adam,
775 4044 827 4096 in
855 4053 1116 4113 quantum
1161 4045 1328 4097 Adam
1360 4046 1461 4098 fuit
1490 4054 1642 4114 pater
1674 4045 1812 4112 ejus,
1916 4056 1980 4094 ex
2033 4041 2118 4094 bis
2181 4057 2298 4109 qua:
2343 4042 2525 4106 lib.u,
2586 4059 2634 4096 e.
2671 4044 2732 4107 9,
2762 4060 2812 4112 p.
2877 4046 3048 4109 1222,
3113 4047 3249 4100 1223
3315 4047 3489 4104 fusius

245 4148 300 4193 et
336 4139 594 4200 mediate,
628 4137 681 4189 in
726 4146 985 4205 quantum
1031 4136 1130 4189 fuit
1165 4135 1271 4190 Eva
1305 4149 1478 4191 mater
1508 4139 1643 4206 ejus,
1693 4154 1813 4207 quae
1916 4136 2205 4204 dispustat,
2235 4136 2394 4189 facile
2425 4135 2775 4204 dignoscitur.
2809 4133 3004 4189 Verum
3045 4137 3098 4190 in
3135 4139 3324 4206 primis
3356 4139 3488 4193 Bes-

245 4230 515 4300 processit
543 4230 612 4283 ab
647 4228 855 4292 Adam;
892 4229 1020 4281 licet
1052 4229 1154 4282 hoc
1184 4230 1488 4299 exemplum
1521 4230 1813 4284 materialis
1915 4228 2182 4282 sarionem
2223 4229 2411 4282 audire
2459 4229 2614 4297 juvat
2645 4229 2718 4280 ita
2745 4228 2810 4299 de
2860 4230 3132 4297 proposita
3176 4232 3488 4298 quaestione

243 4321 612 4392 processionis
684 4321 925 4389 ineptum
974 4320 1223 4374 videatur
1268 4321 1333 4374 ad
1402 4323 1809 4392 signiﬁcandam
1914 4330 2166 4389 agentem
2202 4321 2316 4390 (lib.
2345 4321 2421 4372 Ad
2448 4321 2595 4373 Alex.
2628 4319 2845 4372 Lascar.
2870 4337 2918 4373 e.
2977 4321 3044 4383 7;
3073 4320 3236 4374 llard.
3272 4323 3308 4374 l.
3341 4339 3391 4376 c.
3424 4340 3482 4392 p.

244 4415 613 4468 immediatam
633 4412 1031 4482 processionem
1052 4413 1355 4467 divinarum
1380 4430 1753 4482 personarum.
1787 4435 1804 4466 ›
1915 4411 2252 4481 1061,1062)
2279 4430 2291 4462 :
2319 4431 2336 4462 ι
2367 4411 2642 4465 Tenemus
2681 4427 2801 4465 cum
2829 4415 3159 4482 Augustino,
3186 4415 3328 4482 quod
3365 4415 3487 4483 Spi-

243 4504 383 4559 Hiuc
415 4505 490 4574 (in
526 4521 676 4574 corp.
709 4505 835 4572 art.)
875 4522 893 4555 t
934 4504 1059 4574 quia
1089 4505 1255 4558 Filius
1285 4505 1446 4559 habet
1469 4522 1496 4558 a
1527 4507 1706 4572 Patre,
1728 4508 1808 4560 in-
1914 4503 2051 4558 ritus
2079 4503 2387 4557 immediate
2425 4504 2492 4556 ab
2522 4513 2751 4572 utroque
2784 4505 3058 4573 procedat,
3088 4506 3181 4559 sed
3223 4506 3484 4576 intelligi-

241 4599 380 4667 quit,
415 4599 556 4667 quod
601 4599 668 4651 ab
701 4613 764 4651 eo
789 4599 1043 4667 procedat
1088 4598 1318 4667 Spiritus
1354 4610 1593 4666 sanctus,
1635 4613 1810 4670 potest
1835 4597 1886 4656 D
1914 4612 2034 4649 mus
2083 4596 2224 4664 quod
2277 4595 2479 4659 Filius,
2505 4597 2597 4664 qui
2650 4605 2734 4649 est
2758 4597 2990 4665 Spiritus
3028 4596 3485 4666 priueipium,est

241 4689 347 4741 diei
375 4687 520 4756 quod
565 4686 719 4739 Pater
755 4702 849 4753 per
895 4685 1089 4739 Filium
1148 4687 1318 4755 spirat
1381 4687 1638 4756 Spiritum
1681 4707 1808 4745 san-
1915 4691 2150 4742 mediana
2180 4697 2441 4757 quantum
2473 4689 2539 4741 ad
2580 4703 2701 4743 esse
2729 4690 2870 4742 inter
2898 4689 3106 4742 Patrem
3131 4699 3185 4742 et
3217 4691 3480 4757 Spiritum

242 4786 414 4830 etum.
472 4774 610 4828 llinc
666 4775 790 4828 alibi
834 4773 984 4845 [265]
1044 4777 1118 4843 (in
1168 4777 1202 4829 l.
1252 4793 1288 4842 l,
1323 4777 1469 4832 Sent.
1502 4781 1554 4833 d.
1612 4781 1696 4844 12,
1754 4799 1805 4850 q.
1914 4793 2193 4843 sanetum,
2228 4797 2349 4834 cum
2386 4781 2534 4850 prius
2565 4780 2879 4833 naturaliter
2909 4780 3236 4850 intelligatur
3265 4797 3294 4833 a
3323 4781 3481 4833 Patre

242 4869 295 4926 1,
361 4883 411 4920 a.
472 4867 527 4937 5)
589 4866 1129 4920 RichardiV‘ictorini
1160 4870 1323 4922 verba
1361 4872 1444 4939 (de
1473 4871 1613 4924 Trin.
1644 4890 1695 4934 v,
1735 4875 1805 4940 7),
1915 4873 2229 4925 naturaliter
2271 4874 2601 4940 productus,
2662 4887 2824 4938 quam
2877 4870 3111 4939 Spiritus
3144 4880 3364 4924 sanctus
3412 4874 3480 4924 ab

241 4962 647 5032 generationem
699 4960 753 5012 iu
794 4959 995 5013 divinis
1045 4975 1162 5013 esse
1207 4960 1516 5015 immediate
1551 4980 1578 5016 a
1631 4963 1804 5025 Patre,
1915 4972 2160 5031 utroque.
2193 4981 2210 5012 ι
2251 4962 2460 5014 Etalibi
2489 4961 2748 5029 (Re/'utat.
2775 4962 3057 5014 antirrhet.
3085 4961 3322 5014 Palamte
3353 4965 3474 5015 adv.

241 5052 338 5106 sed
371 5051 604 5120 Spiritus
629 5051 800 5104 sancti
830 5051 1232 5119 processionem
1271 5052 1668 5121 quodammodo
1690 5070 1807 5108 esse
1911 5052 2067 5105 Joan.
2092 5052 2242 5106 Becci
2276 5056 2450 5120 capita
2480 5054 2498 5121 )
2529 5068 2547 5104 :
2582 5071 2599 5102 ε
2633 5052 2886 5106 Jamvero
2910 5056 2951 5106 si
2998 5053 3118 5121 quis
3143 5054 3209 5104 ad
3245 5053 3479 5121 singula-

241 5143 478 5196 mediale
528 5149 581 5195 et
610 5143 1008 5210 quodammodo
1044 5143 1376 5208 immediate,
1412 5145 1557 5198 hunc
1587 5146 1640 5199 in
1687 5163 1805 5201 mo.
1915 5159 2029 5197 rem
2053 5143 2400 5197 emissionem
2425 5144 2828 5198 etidentitatem
2850 5143 3212 5212 processionis
3229 5158 3294 5196 ex
3324 5154 3478 5196 utro-

238 5234 368 5285 dum
406 5233 694 5302 explanat:
730 5253 746 5282 ι
784 5233 1120 5295 immediate,
1159 5243 1415 5302 quantum
1452 5235 1516 5288 ad
1552 5237 1804 5292 virtutem
1912 5250 2017 5303 que
2050 5234 2340 5303 respiciat,
2378 5245 2489 5288 tum
2522 5235 2624 5290 hoc
2650 5235 3045 5288 animadvertat
3105 5233 3318 5288 Patrem
3355 5251 3477 5288 esse

241 5325 580 5393 spirativam,
632 5341 752 5393 quae
785 5333 869 5378 est
905 5341 1008 5377 una
1048 5325 1219 5377 Patris
1253 5335 1307 5379 et
1334 5327 1473 5391 Filii,
1517 5337 1570 5382 et
1610 5330 1802 5382 iterum
1913 5327 2116 5380 fontem
2180 5336 2235 5379 et
2261 5342 2477 5380 causam
2544 5327 2872 5381 divinitatis:
2913 5329 3213 5380 immediate
3242 5343 3361 5381 esse
3412 5344 3476 5381 ex

238 5425 502 5483 quantum
535 5416 599 5468 ad
635 5416 810 5484 ipsum
858 5417 1195 5484 suppositum
1229 5417 1586 5488 Patris,quod
1621 5421 1801 5474 imine-
1912 5418 2070 5472 Patre
2127 5416 2388 5486 Spiritum
2440 5418 2709 5482 inveniet,
2757 5434 2932 5486 eoque
2983 5419 3290 5486 pertinere,
3341 5435 3480 5486 quas

240 5507 386 5560 diate
419 5516 502 5560 est
531 5507 856 5575 principium
904 5507 1287 5575 processionis,
1325 5509 1446 5576 quia
1485 5511 1598 5578 ipse
1647 5512 1803 5564 simul
1911 5512 2107 5572 alien,
2163 5513 2479 5565 sententias.
2548 5511 2642 5565 Sin
2697 5511 2938 5565 ordinem
2985 5512 3322 5572 consideret,
3382 5514 3474 5580 qui

238 5609 292 5652 et
324 5595 490 5650 Filius
529 5600 735 5666 spirant
762 5615 776 5662 ;
805 5599 898 5651 sed
941 5599 1186 5662 mediate,
1223 5599 1275 5651 in
1307 5611 1566 5668 quantum
1615 5601 1801 5667 Filius,
1909 5605 2086 5673 reipsa
2118 5603 2258 5656 ineSt
2290 5605 2341 5656 in
2372 5602 2652 5665 Trinitate,
2688 5620 2784 5656 nec
2808 5605 2916 5656 sola
2937 5613 3122 5655 nostra
3148 5602 3473 5673 cogitatione

237 5693 328 5761 qui
359 5696 550 5762 spirat,
583 5704 712 5748 esta
749 5695 922 5747 Patre.
957 5713 973 5742 ι
1012 5694 1180 5746 -Εχ
1218 5694 1302 5746 bis
1335 5695 1434 5747 tria
1462 5711 1804 5763 consequun-
1910 5705 2155 5759 constat,
2208 5697 2428 5748 medium
2469 5696 2673 5749 videbit
2729 5712 2846 5749 esse
2900 5695 3092 5747 Filium
3150 5704 3204 5748 et
3255 5696 3473 5750 tertium

238 5795 326 5841 tur
362 5803 373 5837 :
435 5785 481 5854 l)
541 5802 645 5839 non
685 5787 864 5856 negari
895 5802 922 5838 a
957 5785 1162 5839 Latinis
1202 5786 1539 5854 simpliciter,
1587 5789 1801 5840 Patrem
1909 5805 1937 5842 a
1969 5788 2125 5842 Patre
2153 5788 2449 5857 Spiritum,
2484 5804 2546 5842 ac
2573 5805 2670 5858 per
2703 5788 2894 5841 Filium
2929 5804 2956 5840 a
2991 5788 3143 5841 Patre
3172 5788 3472 5855 proceden-

235 5894 356 5933 esse
390 5880 757 5934 immediatum
785 5877 1147 5949 processionis
1175 5878 1498 5949 principium
1526 5897 1539 5945 ;
1565 5879 1619 5949 2)
1655 5890 1801 5937 recte
1913 5889 2043 5949 tem,
2073 5896 2133 5935 ac
2179 5881 2403 5949 priorem
2443 5897 2500 5935 se
2545 5881 2856 5951 cogitatione
2897 5881 3183 5933 habentem
3239 5879 3431 5933 Filium
3459 5925 3474 5945 ,
