4242 6438
776 399 879 462 495

1896 397 2158 459 ΡΗΟΤῙΙ
2198 397 2703 458 ΡΑΤΒΙΑΒΟΗᾸΞ
2756 400 2862 458 CP.

3911 403 4022 468 496

766 515 1221 590 quemadmodum
1280 516 1489 570 Patrem
1552 517 1713 570 liabet
1740 515 1908 570 Filius
1948 517 2080 586 (7t).
2118 535 2136 567 ι
2189 515 2332 569 Sane
2360 519 2410 577 Α
2435 525 2729 584 muntque,
2767 530 2890 568 cum
2923 514 3029 568 alio
3069 513 3231 568 modo
3271 514 3339 570 de
3387 516 3543 570 nobis
3581 516 3724 570 dicta
3749 557 3761 577 .
3805 518 3909 572 alio
3948 520 4019 573 de

768 613 930 664 Pater
956 626 1061 662 non
1113 608 1262 675 prius
1314 605 1465 676 [2651
1497 615 1676 675 potest
1707 616 1765 660 ut
1811 606 2045 675 spirator
2080 605 2328 674 cogitari,

764 718 925 772 quam
975 698 1212 754 utPater
1265 700 1638 768 concipiatur,
1692 700 1916 768 proinde
1974 715 2080 752 non
2146 700 2329 766 prius,

762 811 925 863 quam
963 795 1134 847 Filius
1167 793 1472 862 cogitetur;
1507 791 1630 845 ideo
1656 793 1881 844 medium
1913 801 2108 844 vocant
2147 789 2333 843 Patres

763 886 996 948 Filium,
1055 887 1283 954 μεσίτην
1335 899 1460 937 eum
1524 884 1655 937 dicit
1711 883 2000 953 Gregorius
2059 883 2333 953 Nyssenus

763 979 964 1046 (Tract.
990 978 1143 1044 Quod
1180 993 1287 1031 non
1324 987 1432 1031 tres
1470 985 1598 1030 sunt
1629 976 1730 1030 Dii.
1762 976 1843 1030 Cl.
1872 975 2068 1045 Georg.
2096 975 2330 1042 Trapez.

762 1077 828 1127 ad
858 1071 1018 1127 Joan.
1051 1071 1273 1126 Cubocl.
1323 1087 1372 1125 c.
1406 1070 1466 1122 2|
1497 1088 1511 1135 ;
1541 1070 1603 1124 ϐ.
1637 1068 1697 1124 Ο.
1725 1069 1780 1134 l,
1815 1069 1919 1124 515
1941 1070 2101 1138 seq.).
2149 1069 2332 1137 Neque

763 1185 794 1222 e
833 1183 1096 1221 converso
1132 1165 1235 1218 dici
1283 1173 1460 1233 potest
1518 1162 1780 1233 Spiritum
1820 1177 1939 1218 csso
1979 1180 2070 1231 per
2116 1163 2332 1216 Patrem

763 1277 827 1314 ex
851 1260 987 1314 Filio
1008 1303 1022 1325 ,
1049 1259 1260 1312 Patrem
1296 1274 1417 1312 esse
1449 1259 1685 1311 medium
1724 1257 1865 1310 inter
1901 1256 2094 1309 Filium
2123 1266 2178 1309 et
2212 1254 2336 1324 Spi-

763 1355 955 1416 ritum,
1007 1354 1266 1421 Spiritum
1314 1367 1434 1406 essc
1465 1368 1529 1404 ex
1573 1351 1706 1403 Filio
1752 1350 2006 1403 mediate.
2074 1349 2333 1402 Praeclare

764 1445 985 1497 Thomas
1040 1445 1182 1509 (Le.
1232 1443 1369 1502 αὖ.
1419 1442 1482 1495 ad
1538 1441 1624 1508 4):
1671 1439 1809 1494 Ordo
1861 1455 1969 1492 non
2038 1440 2334 1492 attenditur

763 1537 904 1589 inter
942 1534 1155 1588 Patrem
1195 1542 1248 1587 et
1277 1533 1468 1586 Filium
1505 1542 1767 1602 quantum
1812 1531 1878 1584 ad
1919 1532 2204 1594 virtutem,
2238 1531 2332 1584 sed

763 1628 936 1680 Solum
961 1636 1222 1695 quantum
1247 1626 1316 1677 ad
1338 1625 1604 1692 supposita
1630 1641 1647 1687 ;
1681 1634 1733 1676 et
1773 1623 1896 1676 ideo
1925 1623 2120 1676 dicitur
2139 1665 2152 1685 ,
2189 1623 2333 1690 quod

762 1720 922 1772 Pater
966 1719 1133 1786 spirat
1175 1733 1270 1784 per
1323 1715 1519 1769 Filium
1547 1757 1561 1779 ,
1603 1726 1656 1769 et
1709 1733 1809 1768 non
1842 1733 1867 1768 c
1913 1731 2152 1768 converso
2189 1734 2206 1764 ι
2259 1715 2330 1769 cl'.

761 1824 814 1866 et
838 1813 1023 1866 Pctav.
1056 1814 1118 1864 de
1145 1811 1286 1863 Trin.
1313 1811 1346 1862 l.
1373 1827 1467 1872 vn,
1494 1826 1543 1863 c.
1578 1811 1662 1873 ll,
1700 1827 1752 1863 n.
1782 1811 1888 1877 ll).

833 1905 924 1958 ‘20.
957 1904 1079 1958 Haec
1130 1905 1182 1956 in
1232 1920 1287 1955 re
1336 1919 1443 1955 non
1484 1904 1578 1956 abs
1630 1919 1687 1955 re
1725 1902 1884 1955 fuerit
1915 1902 2106 1955 Leonis
2155 1902 2333 1954 Allatii

762 1997 1169 2051 observationes
1209 1995 1467 2063 quasdam
1515 1995 1784 2062 subjicere
1810 2037 1822 2058 ,
1870 2011 1987 2062 qua;
2030 2005 2079 2046 et
2121 1994 2173 2046 in
2215 1993 2334 2046 aliis

765 2091 926 2142 rebus
947 2087 1380 2141 consideratione
1402 2087 1574 2156 dignm
1614 2095 1760 2139 sunt.
1796 2085 1996 2138 Scribit
2018 2083 2162 2138 enim
2185 2084 2333 2151 (Vin-

760 2186 865 2235 dic.
895 2198 1009 2250 syn.
1031 2180 1164 2248 Eph.
1194 2197 1242 2233 c.
1275 2181 1329 2233 7|
1365 2223 1378 2245 ,
1410 2196 1463 2248 q.
1499 2180 1602 2233 555
1625 2180 1778 2247 seq.)
1806 2197 1818 2232 :
1856 2199 1872 2230 ι
1905 2178 1956 2232 Si
1985 2179 2127 2234 dicat
2177 2176 2338 2231 Selii-

761 2275 1055 2328 smaticus:
1101 2274 1283 2341 Itaque
1319 2273 1360 2325 si
1397 2270 1554 2326 Pater
1596 2288 1690 2341 per
1721 2273 1959 2326 medium
1989 2273 2178 2325 Filium
2211 2270 2336 2340 Spi-

761 2371 929 2420 ritum
973 2368 1283 2436 producens
1333 2367 1568 2420 mediate
1613 2366 1790 2435 ipsum
1835 2365 2126 2434 producit,
2174 2364 2341 2418 Filius

762 2475 895 2512 vero
947 2459 1258 2512 immediate
1302 2459 1527 2518 emittit.
1579 2457 1720 2526 quod
1770 2474 1866 2527 per
1918 2456 2124 2509 nullum
2176 2457 2340 2510 alium

763 2553 929 2605 Filius
961 2552 1028 2605 sit
1056 2552 1308 2621 contigua
1339 2566 1498 2604 causa
1530 2549 1760 2619 Spiritus
1782 2590 1796 2612 ,
1823 2560 1877 2604 et
1908 2547 2066 2602 Pater
2115 2563 2223 2600 non
2261 2555 2343 2600 est

763 2645 1086 2714 contiguus,
1132 2643 1314 2698 denuo
1361 2653 1682 2711 sequeretur
1729 2652 1820 2696 aut
1867 2642 2174 2695 imminutio
2224 2639 2341 2693 Filii

765 2747 1014 2805 respectu
1061 2735 1231 2788 Patris
1280 2744 1373 2788 aut
1407 2734 1642 2803 Spiritus
1685 2742 1931 2803 respectu
1972 2732 2128 2797 Filii,
2177 2741 2231 2785 et
2265 2730 2345 2785 sic

766 2830 986 2883 dabitur
1030 2829 1180 2882 locus
1217 2829 1379 2890 Ario,
1413 2827 1714 2889 Eunomio,
1757 2826 2072 2880 Macedonio
2108 2825 2344 2892 etApol-

766 2921 1004 2974 linario:
1049 2920 1222 2972 locum
1285 2935 1393 2971 non
1439 2919 1553 2972 dari
1607 2918 1764 2971 dictis
1801 2919 2068 2971 luereticis
2115 2917 2344 2971 manife—

767 3019 912 3064 stum
949 3018 1051 3063 cst.
1087 3009 1150 3061 Hi
1182 3023 1416 3077 namque
1454 3008 1708 3061 deitatem
1762 3007 1814 3060 in
1843 3007 2085 3061 diversas
2118 3007 2347 3061 deitates

768 3103 1125 3170 discerpunt,
1159 3116 1388 3169 quarum
1436 3115 1595 3153 unam
1631 3099 1925 3167 majorem,
1959 3099 2116 3152 aliam
2161 3099 2339 3152 mino-

2362 1867 2409 1926 B

2437 607 2616 660 divina
2647 606 2842 659 Triade
2885 606 3322 669 considerentur;
3355 617 3410 660 et
3440 608 3682 660 dictionis
3717 610 4016 660 communio

2437 713 2611 748 rerum
2629 697 2946 764 differentias
2973 713 3073 748 non
3097 698 3336 759 dirimit;
3359 699 3450 750 sed
3474 713 3652 750 rerum
3673 699 3982 755 dill'erentia
4005 741 4019 763 ,

2435 803 2554 857 qua:
2611 789 2854 842 diversos
2912 788 2979 841 de
3029 788 3219 842 iisdem
3284 799 3581 858 conceptus
3645 791 3911 856 insinuat,
3967 805 4025 847 ct

2438 896 2628 934 vocum
2702 881 3056 934 similitudine
3111 881 3260 935 nullo
3320 883 3482 936 modo
3541 883 3716 952 pietas
3783 885 4018 940 laeditur.

2435 977 2621 1046 Neque
2674 988 2961 1048 propterea
3010 978 3154 1048 quod
3219 978 3360 1049 apud
3395 979 3681 1033 haereticos
3736 981 4021 1034 nonnullae

2435 1084 2595 1123 voces
2649 1069 2843 1138 impias
2888 1069 3191 1123 sententias
3240 1070 3589 1139 exprimunt,
3646 1085 3830 1125 earum
3882 1088 4021 1126 usus

2436 1161 2761 1231 rejiciendus
2787 1172 2907 1224 est,
2939 1162 3031 1215 sed
3072 1161 3450 1228 admittenda,
3501 1163 3543 1216 si
3583 1167 3743 1218 modo
3786 1165 3885 1219 illa:
3928 1167 4021 1234 pie

2437 1256 2799 1326 intelligantur
2821 1265 2876 1310 et
2917 1266 3252 1310 asseruntur.
3289 1274 3308 1307 ι
3340 1285 3410 1296 -
3435 1253 3660 1309 Demum
3690 1267 3744 1311 et
3768 1273 3830 1311 ea
3878 1273 4018 1328 pen-5

2435 1352 2603 1405 sanda
2637 1361 2762 1405 sunt
2796 1367 2916 1420 quze
2945 1352 3006 1404 D.
3043 1352 3153 1406 Leo
3186 1352 3253 1405 Μ.
3297 1352 3567 1406 inculcat:
3596 1372 3612 1402 ι
3646 1350 3800 1406 Nulla
3837 1354 3906 1406 ibi
3937 1355 4018 1420 (in

2436 1443 2738 1510 Trinitate)
2780 1454 3021 1513 tempora
3044 1486 3058 1508 ,
3091 1445 3220 1498 nulli
3248 1445 3472 1514 gradus,
3507 1445 3666 1498 nulla:
3692 1445 4020 1500 differentia:

2435 1537 2768 1605 cogitentur;
2795 1546 2847 1590 et
2870 1537 2912 1590 si
2937 1552 3099 1590 nemo
3126 1539 3192 1590 de
3226 1536 3336 1591 Deo
3365 1547 3543 1606 potest
3571 1537 3842 1606 explicare
3871 1539 4019 1606 quod

2435 1639 2519 1681 est
2544 1669 2556 1691 ,
2586 1645 2747 1682 nemo
2776 1631 2973 1684 audeat
3006 1630 3301 1699 afﬁrmare,
3341 1632 3476 1698 quod
3511 1647 3609 1682 non
3649 1641 3742 1683 est.
3775 1631 4022 1684 Excusa-

2435 1720 2595 1774 bilius
2620 1723 2764 1773 enim
2792 1732 2875 1774 est
2896 1722 2962 1774 de
2995 1731 3183 1774 natura
3215 1721 3471 1773 inelIabili
3500 1737 3601 1772 non
3631 1722 3801 1790 eloqui
3825 1723 4016 1790 digna.

2436 1826 2595 1878 quam
2643 1812 2860 1879 deﬁnire
2879 1813 3168 1864 contraria.
3199 1810 3466 1878 Quidquid
3499 1811 3679 1879 itaque
3712 1813 3778 1865 de
3811 1812 4020 1880 sempi-

2440 1911 2594 1955 terna
2627 1913 2679 1955 et
2716 1901 3145 1955 incommutabili
3189 1901 3357 1970 gloria
3411 1900 3584 1954 l’atris
3637 1901 3720 1969 pia
3782 1911 4018 1969 possunt

2442 1995 2602 2046 corda
2629 1996 2938 2062 concipere,
2975 1993 3078 2046 hoc
3108 1992 3268 2045 simul
3293 2003 3347 2044 et
3376 1992 3441 2044 de
3475 1991 3610 2044 Filio
3635 2000 3689 2043 et
3719 1991 3783 2044 de
3811 1991 4017 2058 Spiritu

2442 2095 2631 2139 sancto
2648 2085 3076 2154 inseparabiliter
3091 2095 3252 2152 atque
3270 2082 3644 2137 iudill'erenter
3659 2081 3978 2150 intelligant.
3996 2103 4012 2130 ι

2443 2183 2640 2252 (Serm.
2685 2183 2734 2247 l,
2764 2184 2829 2236 de
2855 2182 3073 2237 l’entec.
3094 2198 3144 2237 c.
3176 2183 3209 2236 5
3235 2199 3248 2246 ;
3278 2180 3471 2233 Baller.
3497 2194 3659 2234 serm.
3690 2180 3776 2240 75,
3803 2195 3854 2246 p.
3878 2177 3985 2231 4οΞ
4005 2222 4017 2239 ,

2441 2276 2530 2330 ed.
2562 2274 2786 2344 MIGNE.)
2818 2293 2835 2325 ι
2868 2273 2941 2329 De
2970 2291 3073 2343 qua
3108 2273 3189 2344 (S.
3221 2273 3507 2343 Trinitate)
3535 2288 3658 2327 cum
3688 2272 3744 2325 S.
3775 2271 4018 2340 Scriptu-

2444 2384 2500 2422 ra
2526 2369 2602 2422 sic
2629 2369 2870 2438 loquitur
2896 2410 2910 2432 ,
2941 2378 3000 2422 ut
3024 2376 3116 2422 aut
3143 2369 3194 2420 in
3226 2367 3382 2420 lactis
3402 2375 3494 2419 aut
3528 2367 3584 2420 in
3618 2365 3793 2419 verbis
3816 2366 4017 2434 aliquid

2443 2461 2681 2531 assignet
2700 2503 2714 2524 ,
2748 2461 2888 2530 quod
2929 2460 3150 2529 singulis
3175 2459 3421 2513 videatur
3448 2459 3714 2510 convenire
3747 2458 3978 2525 personis
4002 2498 4018 2521 ,

2445 2567 2550 2603 non
2583 2554 2931 2619 perturbatur
2958 2551 3090 2604 ﬁdes
3117 2552 3378 2604 catholica
3405 2591 3418 2615 ,
3442 2549 3534 2603 sed
3562 2552 3818 2610 docetur;
3848 2557 3900 2601 ut
3924 2565 4022 2617 per

2447 2641 2597 2714 [267]
2628 2645 3011 2713 proprietatem
3051 2654 3145 2698 aut
3173 2643 3320 2696 vocis
3356 2652 3449 2695 aut
3494 2641 3673 2710 operis
3715 2640 4021 2694 insinuetur

2447 2737 2603 2790 nobis
2633 2739 2833 2790 veritas
2876 2737 3178 2801 Trinitatis,
3203 2745 3257 2790 et
3288 2752 3389 2788 non
3440 2736 3638 2786 dividat
3689 2731 4018 2797 intellectus,

2449 2828 2585 2896 quod
2626 2828 2899 2897 distinguit
2937 2829 3175 2880 auditus.
3207 2825 3287 2880 Ob
3318 2826 3420 2879 lioc
3459 2825 3604 2878 enim
3635 2825 3876 2892 quaedam
3906 2822 4023 2876 sive

2451 2921 2550 2972 sub
2588 2918 2760 2974 Patris
2803 2921 2916 2974 sive
2953 2919 3053 2972 sub
3087 2919 3207 2972 Filii
3261 2917 3375 2972 sive
3427 2916 3528 2969 sub
3571 2916 3805 2985 Spiritus
3848 2913 4025 2969 sancti

2450 3010 2811 3079 appellatione
2847 3019 3170 3080 promuntur
3213 3051 3227 3074 ,
3263 3018 3319 3062 ut
3361 3007 3634 3062 confessio
3679 3006 3911 3059 ﬁdelium
3967 3006 4022 3056 in

2451 3104 2718 3158 Trinitate
2746 3121 2854 3157 non
2879 3113 3056 3168 erret;
3085 3114 3336 3172 quaz‘cum
3372 3103 3434 3154 sit
3467 3100 3853 3168 inseparabilis,
3885 3115 4022 3150 nun-

768 3211 881 3250 rcm
906 3234 920 3259 ,
955 3193 1169 3247 tertiam
1211 3193 1443 3246 mediam
1489 3192 1830 3246 cntiStituunt
1854 3231 1869 3254 ,
1927 3201 2018 3245 aut
2061 3207 2090 3244 a
2151 3199 2340 3244 natura
2366 3221 2409 3282 ρ
2454 3212 2612 3264 quam
2636 3195 3014 3265 intelligeretur
3037 3210 3143 3246 esse
3173 3192 3489 3255 Trinitas,si
3513 3208 3713 3260 semper
3741 3192 4023 3258 insepara-

771 3288 943 3342 l‘atris
990 3287 1229 3340 iucreata
1284 3285 1690 3340 abscinduntet
1747 3283 2009 3352 Spiritum
2041 3292 2096 3336 et
2148 3282 2340 3335 Filium

770 3377 1109 3430 subalternas
1152 3385 1374 3428 naturas
1401 3414 1414 3438 ,
1448 3384 1508 3427 ut
1560 3375 1631 3426 ita
1671 3374 1879 3436 dicam,
1929 3382 1983 3427 et
2040 3383 2341 3426 creaturam

773 3468 912 3520 hanc
949 3465 1175 3534 hujusce
1205 3474 1259 3518 ct
1298 3465 1439 3517 hanc
1494 3464 1714 3516 alterius
1755 3464 2003 3524 ﬁrmant,
2044 3473 2138 3516 aut
2170 3463 2342 3532 Spiri—

772 3569 886 3612 tum
913 3574 1102 3611 rursus
1130 3557 1182 3609 in
1207 3557 1451 3610 ordinem
1471 3565 1843 3609 creaturarum
1867 3555 2177 3617 detrahunt,
2199 3555 2343 3624 apud

771 3667 907 3719 quos
945 3659 999 3703 et
1051 3651 1283 3719 primum
1327 3664 1433 3702 non
1469 3649 1659 3717 pium,
1691 3658 1746 3701 et
1766 3649 2077 3718 contiguum
2120 3649 2342 3717 impium

771 3753 828 3796 et
865 3743 1102 3796 medium
1137 3757 1244 3793 non
1277 3741 1456 3795 minus
1487 3748 1768 3810 reputatur
1800 3750 1855 3794 et
1887 3741 2060 3810 majus
2082 3749 2136 3792 et
2166 3745 2344 3793 minus

771 3847 827 3889 et
865 3834 1182 3903 simpliciter
1212 3831 1358 3904 (9.66]
1395 3832 1525 3886 ordo
1553 3842 1608 3886 et
1635 3832 1876 3885 anterius
1926 3843 1982 3885 et.
2038 3832 2341 3901 posterius,

773 3937 826 3981 et
850 3927 993 3995 quod
1028 3926 1152 3979 inde
1180 3925 1531 3992 subsequitur
1555 3966 1569 3990 ,
1594 3934 1647 3978 et
1684 3924 1889 3978 similes
1925 3939 2086 3977 voces
2135 3939 2342 3977 summa

774 4036 899 4073 cum
927 4019 1202 4087 impietate
1234 4019 1300 4071 ab
1330 4017 1534 4072 eisdem
1562 4017 1939 4086 intelliguntur
1977 4028 2031 4070 et
2065 4017 2347 4070 declaran-

776 4125 885 4164 tur.
924 4112 1080 4180 Apud
1110 4110 1420 4165 Catholicos
1447 4125 1577 4164 vero
1608 4119 1663 4163 et
1702 4112 1829 4162 ordo
1868 4109 1996 4163 dum
2054 4111 2343 4173 asseritur,

775 4219 886 4256 non
912 4203 1114 4256 absona
1138 4218 1166 4255 a
1197 4203 1398 4271 pietate
1419 4201 1626 4255 ratione
1653 4202 1704 4254 in
1729 4201 1994 4255 Trinitate
2009 4201 2304 4254 assumitur
2330 4239 2344 4263 ,

775 4306 830 4348 ct
856 4296 1086 4362 primum
1114 4302 1167 4347 et
1195 4295 1339 4362 prius
1359 4334 1371 4352 .
1392 4301 1445 4346 ct
1493 4293 1723 4345 anterius
1759 4301 1814 4345 et
1850 4293 2103 4359 posterius
2125 4330 2139 4351 ,
2162 4301 2217 4344 et
2243 4307 2347 4343 nte-

776 4388 922 4444 dium
956 4396 1010 4438 et
1041 4387 1216 4452 majus
1244 4395 1297 4438 et
1327 4386 1624 4454 contiguum
1653 4384 1911 4453 quidquid
1943 4384 2086 4437 aliud
2125 4383 2178 4436 in
2211 4383 2348 4437 divi-

778 4495 971 4530 norum
996 4479 1212 4530 Patrum
1241 4477 1648 4530 commentariis
1685 4477 1952 4545 reperitur
1991 4492 2019 4529 a
2049 4475 2148 4545 piis
2182 4475 2350 4529 homi-

2445 3290 2618 3342 biliter
2644 3290 2928 3342 diceretur.
2965 3288 3108 3342 Bene
3137 3303 3266 3357 ergo
3301 3286 3415 3356 ipsa
3449 3285 3736 3340 dilﬁcultas
3767 3285 4024 3355 loquendi

2446 3398 2539 3436 cor
2585 3393 2828 3436 nostrum
2873 3381 2938 3434 ad
2987 3379 3395 3446 intelligentiam
3431 3379 3618 3443 traliit,
3656 3388 3709 3430 et
3742 3395 3836 3446 per
3871 3378 4024 3430 inﬁr-

2445 3473 2688 3524 mitatem
2741 3479 2979 3523 nostrain
3009 3469 3245 3522 ccelestis
3276 3467 3520 3521 doctrina
3566 3483 3663 3520 nos
3692 3469 3934 3534 adjuvat.
3968 3478 4027 3521 ut

2445 3566 2568 3633 quia
2595 3565 2646 3616 in
2682 3562 2890 3617 Deilate
2923 3563 3094 3617 l’atris
3125 3572 3180 3616 ct
3205 3561 3320 3615 Filii
3351 3573 3406 3616 et
3453 3561 3691 3630 Spiritus
3719 3563 3888 3615 sancti
3918 3579 4025 3616 nec

2447 3656 2787 3725 singularitas
2829 3663 2909 3708 est
2936 3671 3037 3708 nec
3069 3655 3350 3708 diversitas
3397 3655 3680 3724 cogitanda
3706 3695 3718 3719 ,
3748 3671 3869 3707 vera
3903 3657 4024 3708 uni-

2449 3759 2528 3801 tas
2568 3759 2621 3801 et
2647 3765 2773 3800 vera
2807 3748 3042 3801 Trinitas
3064 3749 3236 3816 possit
3261 3745 3479 3814 quidem
3511 3747 3673 3800 simul
3706 3759 3888 3800 mente
3916 3748 4020 3800 ali-

2447 3848 2714 3907 quatenus
2735 3839 2922 3891 seutiri
2950 3879 2964 3901 ,
2999 3837 3092 3890 sed
3117 3852 3224 3890 non
3266 3837 3433 3905 possit
3455 3838 3614 3889 simul
3636 3853 3723 3890 ore
3738 3839 3980 3906 proferri.
3997 3857 4016 3890 θ

2451 3929 2654 3999 (Serm.
2679 3930 2712 3983 2
2737 3971 2750 3995 ,
2775 3931 2827 3983 in
2857 3929 3072 3983 l’entec.
3111 3944 3159 3982 c.
3198 3928 3264 3992 2;
3292 3927 3424 3980 Ball.
3468 3944 3632 3983 serm.
3661 3930 3758 3990 76.
3796 3947 3848 4000 p.
3893 3931 4020 3995 405,

2448 4024 2536 4078 ed.
2563 4022 2680 4091 εἰ..)

2449 4139 2536 4195 ιν.
2583 4167 2652 4180 ο-
2708 4138 2789 4191 Ad
2847 4139 3111 4207 pracipua
3157 4137 3332 4191 Pltotii
3386 4139 3701 4206 sophismata
3751 4141 4021 4192 variorum

2696 4209 3048 4278 theologorum
3076 4225 3320 4276 respousa
3349 4223 3734 4275 properiuntur.

2524 4303 2572 4355 ξ.
2609 4301 2703 4355 His
2725 4303 2792 4355 de
2824 4300 3102 4370 principiis
3150 4299 3327 4353 Photii
3371 4299 3619 4354 delibatis
3665 4302 3773 4369 jam
3831 4301 4021 4356 miram

2450 4393 2593 4447 illaut
2624 4395 3018 4464 SOphismatum
3049 4393 3244 4447 seriem
3281 4393 3692 4462 perlustremus,
3721 4409 3825 4462 qua
3862 4409 4020 4448 suum

2451 4486 2706 4556 placitqu
2744 4486 2983 4539 stabilire
3014 4495 3260 4539 conatur.
3295 4485 3554 4538 Adductis
3597 4485 3776 4553 itaque
3819 4485 4021 4540 Christi

777 4572 970 4633 nibus,
1031 4579 1092 4622 ut
1138 4570 1304 4622 Deum
1353 4569 1579 4622 addecet
1628 4577 1683 4622 et
1731 4568 1926 4622 divinis
1967 4569 2348 4638 bypostasibus
2381 4569 2422 4622 D
2454 4580 2633 4633 verbis
2671 4577 2826 4632 Joan.
2857 4595 2944 4641 xv,
2969 4577 3038 4630 26
3063 4578 3201 4646 (cap.
3232 4577 3287 4645 ς2.)
3311 4578 3381 4629 ita
3408 4576 4020 4647 ratiocinatur(cap.5):

776 4662 1057 4733 congruit,
1098 4661 1458 4728 accipiuntur.
1496 4661 1636 4713 Licet
1667 4661 1812 4714 enim
1853 4677 1915 4713 ea:
1947 4661 2090 4713 nobis
2130 4662 2349 4713 nostris-

777 4772 874 4820 que
917 4770 1061 4805 voces
1099 4752 1296 4804 similes
1341 4752 1637 4814 trahuntur,
1676 4769 1776 4804 non
1813 4752 1928 4806 ideo
1961 4762 2134 4805 tamen
2173 4755 2237 4805 de
2265 4754 2346 4805 di-

777 4848 911 4900 vinis
968 4847 1045 4898 uti
1096 4846 1158 4897 dc
1209 4846 1398 4897 nostris
1444 4845 1892 4912 philosophantur,
1941 4845 2034 4896 sed
2085 4843 2347 4912 superiori

777 4937 1010 5006 quodam
1050 4935 1211 4988 modo
1235 4973 1249 4997 ,
1315 4943 1374 4986 ut
1403 4934 1598 4987 divinae
1629 4944 1836 4987 natura:
1868 4942 1923 4986 et
1955 4933 2150 4986 divinis
2181 4933 2342 5003 hypo-

781 5028 1017 5081 stasibus
1047 5027 1322 5091 convenit,
1369 5025 1445 5080 sic
1481 5027 1549 5080 de
1596 5027 1960 5095 reliquisaliis
2001 5026 2347 5088 nominibus,

781 5119 947 5173 veluti
1009 5127 1137 5172 sunt
1193 5118 1501 5186 generatio,
1562 5117 1832 5181 Verbum,
1896 5118 2082 5178 Pater,
2149 5118 2348 5181 Filius,

783 5215 1018 5283 Spiritus
1055 5223 1110 5266 et
1152 5213 1252 5266 alia
1304 5213 1636 5282 theologica,
1693 5229 1812 5279 qua:
1860 5213 1985 5265 licet
2035 5228 2098 5264 ex
2153 5212 2351 5264 nostris

781 5306 1135 5360 desumaotur
1154 5349 1166 5370 ,
1203 5322 1290 5359 res
1319 5316 1496 5359 tamen
1530 5322 1689 5376 supra
1715 5321 1812 5358 nos
1843 5305 2147 5374 signiﬁcant
2173 5305 2351 5372 expri-

857 5499 967 5566 (7l)
1001 5497 1202 5553 Eodem
1239 5508 1393 5568 pacto
1433 5513 1620 5550 rursus
1652 5496 1938 5551 Bessarion
1979 5497 2248 5568 Responsi.
2285 5497 2351 5550 ad

783 5567 948 5622 Marci
985 5569 1184 5638 Eplies.
1223 5567 1411 5639 sjllog.
1457 5571 1558 5631 18,
1601 5584 1718 5636 cap.
1756 5572 1778 5619 1
1837 5567 1988 5637 (Cod.
2041 5568 2185 5621 Mon.
2216 5567 2281 5619 27
2310 5571 2346 5639 t':

783 5639 890 5691 22.6
917 5642 973 5708 a)
1006 5637 1314 5708 είἍμὲσως
1368 5637 1560 5706 ’μέντοι
1611 5655 1674 5701 γε
1723 5641 1813 5690 καὶ
1860 5639 2117 5706 ἐμμέσως
2160 5640 2222 5688 ὲκ
2257 5637 2348 5688 τοῦ

785 5708 914 5761 Υἰού
949 5707 1010 5761 τὸ
1050 5707 1272 5779 ΙΙνεῦμά
1325 5727 1457 5777 φασι
1495 5708 1718 5776 (Latini)
1744 5725 1756 5737 '
1783 5709 1842 5760 τὸ
1880 5708 1976 5779 μὲν
1999 5708 2086 5759 διὰ
2114 5707 2212 5775 τὴν
2240 5708 2350 5759 ἑνό-

783 5795 922 5846 τητα
941 5783 1030 5832 καὶ
1077 5778 1380 5849 ταυέότηῖα
1415 5780 1512 5848 τῆς
1545 5779 1914 5849 προδλητιχῆς
1956 5778 2256 5844 δυνάμεως,
2289 5779 2350 5830 τὸ

784 5850 840 5900 δὲ
872 5850 955 5903 διὰ
990 5853 1088 5920 τὴν
1115 5846 1354 5922 τάξινίῇ
1385 5846 1750 5919 πρὸτὲτζικτπιί
1780 5846 1882 5919 μὲν⁷
1913 5851 1941 5900 ὁ
1977 5849 2186 5917 Πατὴρ,
2217 5849 2348 5900 ἒπε-

2451 4671 2617 4726 Filius
2657 4679 2711 4723 et
2753 4669 2985 4737 Spiritus
3017 4685 3079 4721 ex
3121 4668 3308 4721 eodem
3336 4667 3621 4736 principio,
3672 4666 3830 4721 Patre
3858 4669 3976 4721 scil.
4006 4706 4020 4730 ,

2453 4777 2610 4815 suum
2629 4762 2831 4814 habent
2852 4777 2997 4824 esse,
3024 4760 3150 4813 licet
3179 4759 3395 4812 diverso
3425 4759 3584 4812 modo
3613 4801 3625 4822 ,
3653 4759 4022 4812 suntouinino

2452 4855 2637 4906 eadem
2688 4865 2881 4906 natura
2926 4863 2978 4906 et
3034 4853 3145 4921 pari
3176 4852 3382 4906 honore
3430 4851 3673 4920 praediti;
3725 4852 3952 4920 proinde
3977 4851 4022 4905 si

2451 4947 2621 5000 Filius
2682 4947 2915 5016 Spiritus
2966 4949 3138 5000 sancti
3198 4953 3345 4999 esset
3397 4945 3763 5015 principium,
3822 4946 4024 5014 pariter

2453 5039 2571 5092 Filii
2598 5039 2922 5108 principium
2950 5037 3088 5092 foret
3109 5038 3343 5107 Spiritus
3364 5045 3583 5091 sanctus
3610 5038 3745 5091 alter
3766 5036 3922 5089 alteri
3941 5038 4022 5088 vi-

2453 5133 2633 5185 cissim
2660 5133 3056 5185 deberetcausa
3077 5132 3336 5184 exsistere
3358 5139 3518 5199 atque
3537 5129 3702 5183 Filius
3722 5144 3787 5182 ex
3812 5128 4019 5198 Spiritu

2451 5238 2665 5291 quoque
2699 5223 2962 5291 generari.
2994 5222 3145 5285 Quod
3184 5237 3314 5274 sane
3355 5228 3733 5290 argumentum
3770 5233 3875 5271 non
3907 5233 4022 5270 ina-

2452 5313 2541 5383 gui
2569 5314 2821 5382 ponderis
2851 5324 2953 5366 est.
2982 5314 3136 5366 Sicut
3167 5312 3310 5365 enim
3349 5310 3639 5380 tequalitati
3679 5321 3735 5364 et
3788 5312 4023 5363 consub-

2452 5523 2540 5560 ται
2568 5506 2624 5557 δὲ
2651 5507 2677 5557 ὁ
2707 5504 2834 5566 Υἱὸς
2857 5545 2872 5568 ,
2919 5507 3012 5557 καὶ
3054 5505 3169 5573 μετ’
3207 5507 3414 5557 ἐκεῖνον
3457 5503 3518 5556 τὸ
3560 5501 3812 5572 Πνεῦμα,
3846 5501 4022 5573 ὀρθῶς

2451 5576 2763 5637 διαιτῶντες
2800 5575 2874 5643 τῷ
2903 5572 3065 5644 λόγῳξ
3098 5577 3197 5643 οὐχ
3229 5576 3301 5637 ὡς
3327 5577 3532 5635 ἐκεῖνος
3565 5573 3820 5694 (Μαι-(διὲξ)
3842 5589 3903 5624 τε
3931 5572 4024 5625 καὶ

2453 5649 2500 5694 οἱ
2532 5645 2651 5694 κατ’
2691 5647 2853 5694 αὐτὸν
2878 5687 2891 5694 -
2940 5647 3105 5694 αηὸὲν
3137 5647 3274 5694 ὅλως
3319 5643 3650 5694 διαστέλλειν
3698 5646 3744 5694 εἰ
3813 5658 3920 5694 τες·
3949 5643 4020 5694 ὡς

2453 5649 2500 5697 οἱ
2532 5645 2651 5698 κατ’
2691 5647 2853 5698 αὐτὸν
2878 5687 2892 5709 ,
2938 5643 3105 5714 μηδὲν
3137 5647 3295 5714 ὅλως
3319 5643 3650 5697 διαστέλλειν
3698 5643 3920 5704 εἰδότες·
3949 5643 4020 5702 ὡς

2453 5718 2512 5767 ὲν
2543 5716 2887 5797 ἀλλοιίπρὸς
2913 5713 3003 5767 τὸν
3034 5716 3199 5770 αὑτοῦ
3230 5713 3551 5771 διδάσκαλον
3579 5713 3845 5784 Παλαμᾶν
3869 5713 4021 5783 εἱρήο

2455 5803 2521 5838 κα
2531 5803 2629 5856 μεν
2660 5789 3001 5856 τελεώτερον.
