4242 6438
222 382 332 448 497

925 389 1022 451 DE
1060 391 1121 449 S.
1163 392 1360 453 SPIR.
1391 393 1891 454 MYSTAGOGIA.
1925 419 1997 431 —-
2029 395 2765 456 ANIMADVERSIONES.

3360 397 3464 460 498

218 498 564 553 stantialitati
589 499 763 554 Patris
789 509 845 555 et
871 501 991 556 Filii
1023 518 1133 557 non
1158 503 1344 565 allicit,
1369 504 1513 572 quod
1538 520 1603 559 ex
1630 506 1785 559 Patre
1814 511 1857 566 Α
1890 503 1952 557 Β.
2005 505 2093 573 C.)
2153 522 2169 558 :
2238 523 2258 555 ι
2316 504 2474 565 Ecce,
2514 513 2637 572 post
2705 505 2937 572 primum
3005 507 3369 575 vaniloquium
3407 520 3463 565 et

218 604 375 641 suum
402 604 522 641 esse
546 589 705 643 habet
723 591 893 645 Filius
914 634 929 657 ,
954 593 1025 645 ita
1060 608 1237 662 neque
1257 594 1547 661 aiqualitati
1576 604 1631 647 et
1656 608 1787 647 con—

215 680 660 734 substantialitati
694 682 813 735 Filii
845 692 901 736 et
936 683 1173 752 Spiritus
1211 688 1367 739 obest
1406 686 1569 754 hujus
1603 703 1668 740 ex
1700 689 1791 740 illo

214 772 526 839 processio;
576 774 716 825 sicut
758 774 1038 827 homousia
1085 774 1257 828 Patris
1276 785 1328 829 et
1363 775 1479 829 Filii
1510 776 1789 847 [268Jnon

214 863 484 930 postulat,
518 871 652 917 utet
687 864 856 919 Filius
894 865 1071 920 Patris
1119 869 1382 921 habeatur
1422 871 1749 938 principium
1773 913 1787 934 ,

214 956 298 1009 sic
318 972 419 1009 nec
435 956 714 1009 homousia
741 956 858 1012 Filii
883 968 938 1012 et
974 958 1207 1028 Spiritus
1233 962 1405 1014 sancti
1430 962 1623 1031 exigit,
1651 973 1709 1015 ut
1738 972 1793 1017 et

218 1045 459 1114 Spiritus
490 1046 605 1100 Filii
641 1049 783 1119 ἀρχὴ
816 1061 1135 1114 censeatur;
1164 1062 1219 1104 et
1246 1052 1388 1106 sicut
1418 1054 1578 1106 trium
1604 1068 1790 1123 perso-

216 1153 413 1191 narum
451 1140 729 1207 aequalitas
756 1158 865 1195 non
899 1144 1039 1197 tollit
1066 1146 1227 1197 unius
1260 1145 1621 1214 principatum
1643 1188 1656 1209 ,
1684 1162 1793 1215 quo

217 1236 543 1281 caeterarum
576 1240 658 1282 est
701 1232 1026 1300 principium
1047 1275 1064 1296 ,
1092 1234 1163 1286 ita
1188 1249 1375 1287 eorum
1414 1252 1535 1303 quae
1565 1245 1690 1290 sunt
1724 1252 1791 1289 ex

219 1320 510 1388 principio,
530 1323 811 1391 aequalitas
826 1340 935 1378 non
962 1325 1098 1379 tollit
1126 1325 1360 1394 Spiritus
1390 1330 1791 1396 processionem

221 1428 323 1479 per
363 1413 713 1481 Filium(72).
746 1415 804 1468 Si
826 1432 891 1470 ex
935 1419 1505 1475 consubstantialitate
1551 1426 1686 1475 unde
1728 1440 1794 1475 ac

220 1519 319 1569 per
342 1519 396 1555 se
424 1514 658 1571 spectata
703 1507 834 1559 illud
871 1508 1158 1563 deducitur
1193 1526 1569 1579 consequens,
1624 1514 1796 1567 mani—

224 1593 362 1646 feste
384 1603 468 1647 est
494 1595 686 1649 falsum
714 1614 730 1660 ;
773 1608 901 1652 tunc
927 1599 1152 1655 deberet
1184 1611 1239 1655 et
1256 1603 1428 1657 Patris
1468 1606 1793 1674 principium

224 1683 334 1737 diei
376 1683 544 1739 Filius
573 1701 639 1739 eo
672 1690 815 1755 quod
839 1688 946 1741 sint
990 1689 1500 1747 consubstantiales.
1533 1694 1719 1763 Neque
1744 1697 1793 1749 id

224 1777 371 1843 quod
404 1778 468 1832 ad
510 1778 722 1833 Patrem
758 1791 817 1835 ut
862 1783 929 1835 ad
970 1798 1261 1838 commune
1312 1787 1635 1854 principium
1682 1797 1792 1841 tum

230 1864 401 1921 Filius
428 1876 540 1920 tum
568 1869 803 1938 Spiritus
820 1873 1159 1939 referuntur,
1194 1894 1287 1943 per
1310 1894 1365 1930 se
1388 1880 1528 1931 hanc
1555 1881 1796 1948 recipro-

226 1973 348 2011 cam
399 1960 758 2031 principiandi
800 1964 1110 2020 facultatem
1154 1970 1369 2037 utrique
1419 1971 1679 2032 vindicat.
1738 1982 1798 2026 ut

228 2059 478 2117 apertum
522 2062 645 2116 est;
682 2054 878 2109 deinde
914 2066 1274 2127 praeterquam
1305 2062 1449 2129 quod
1473 2078 1537 2116 ex
1565 2065 1797 2118 revelata

232 2140 486 2197 doctrina
537 2143 771 2214 Spiritus
822 2158 1045 2204 sanctus
1103 2150 1334 2206 habetur
1388 2154 1799 2211 immanentium

229 2232 503 2302 originum
537 2237 833 2303 terminus,
865 2240 966 2293 alia
993 2250 1106 2303 est,
1136 2253 1196 2297 ut
1225 2260 1326 2298 nec
1351 2244 1578 2301 Photius
1604 2248 1800 2302 diﬂite-

233 2333 355 2386 tur,
383 2329 661 2394 generatio
685 2369 699 2392 ,
739 2331 843 2385 alia
880 2331 1113 2402 Spiritus
1162 2338 1332 2390 sancti
1373 2341 1683 2407 processio,
1730 2342 1803 2395 ita

235 2425 291 2467 ut
323 2433 429 2469 non
458 2420 644 2472 eadem
664 2422 874 2478 ratione
900 2423 1060 2480 Pater
1082 2428 1152 2480 sit
1173 2428 1290 2481 Filii
1307 2440 1360 2483 et
1376 2432 1549 2485 sancti
1571 2431 1805 2501 Spiritus

234 2506 403 2575 ἀρχή*
449 2508 555 2576 (Cf.
578 2510 805 2566 Beceum
828 2513 882 2566 in
912 2514 1181 2571 Camateri
1212 2520 1497 2575 Animadv.
1520 2538 1569 2576 c.
1598 2524 1685 2585 50,
1713 2525 1802 2590 56,

237 2600 337 2666 45;
371 2600 434 2655 G.
465 2602 526 2657 0.
560 2605 637 2667 ll,
670 2607 802 2671 355,
840 2609 982 2673 562,
1010 2610 1146 2676 565,
1178 2613 1339 2682 375.)
1363 2614 1517 2679 Quod
1545 2633 1649 2670 una
1682 2635 1805 2688 per-

238 2708 372 2746 sona
406 2706 654 2764 respectu
700 2698 940 2765 ejusdem
982 2704 1205 2759 alterius
1246 2721 1491 2774 persona:
1526 2711 1590 2762 sit
1649 2712 1807 2765 simul

240 2786 570 2857 principium
603 2798 657 2844 et
701 2793 1081 2863 principiatum
1106 2836 1122 2859 ,
1159 2798 1451 2853 absurdum
1490 2801 1648 2868 plane
1692 2812 1806 2869 est;

242 2881 339 2934 sed
382 2883 676 2938 absurdum
722 2903 830 2941 non
869 2898 952 2942 est
990 2888 1185 2944 Filium
1228 2909 1333 2946 una
1374 2909 1498 2948 eum
1538 2894 1729 2960 Patre,
1780 2914 1811 2950 a

242 2986 354 3039 quo
383 2985 672 3041 generatur
696 3017 711 3041 ,
734 2976 942 3045 spirare
970 2977 1235 3048 Spiritum
1260 3023 1273 3046 ,
1302 2984 1469 3037 relate
1486 2985 1553 3038 ad
1579 2986 1809 3054 primam

247 3077 537 3130 personam
577 3080 698 3119 esse
728 3069 990 3133 αἰτιατὸν,
1022 3072 1189 3124 relate
1218 3073 1284 3126 ad
1320 3075 1533 3128 tertiam
1565 3091 1693 3130 vero
1726 3080 1812 3130 al-

1891 596 2174 649 illecebras
2216 593 2456 661 przesidis
2475 603 2531 646 et
2574 594 2810 647 auctoris
2843 594 3005 648 totius
3035 595 3464 650 schismatisim-

1890 687 2084 755 pudica
2142 684 2321 753 lingua
2365 694 2421 737 et
2470 682 2753 736 inﬁciatrix
2805 686 3137 737 conscientia
3199 697 3460 753 quantam

1890 773 2201 840 conceperit
2223 781 2275 824 et
2302 771 2572 839 pepererit
2594 771 2981 839 blasphemiam
3009 775 3020 825 !
3046 775 3283 827 scribere
3310 791 3460 839 ausa,

1889 876 2011 930 qua
2043 861 2242 914 nullius
2270 861 2430 923 alius,
2456 871 2509 913 et
2543 876 2908 928 supervacuos
2940 872 3182 915 extrema
3207 880 3464 934 arrogan-

1891 956 1962 1007 tia
2013 954 2348 1023 syllogismos
2421 968 2771 1022 componere.
2830 951 3032 1006 Similis
3116 955 3466 1025 interrogatio

1891 1047 2067 1099 eidem
2127 1047 2373 1099 imminet
2405 1062 2417 1097 :
2447 1045 2491 1098 si
2537 1045 2683 1097 enim
2718 1060 2784 1097 ex
2816 1061 2923 1097 una
2954 1061 3137 1108 causa,
3167 1047 3347 1111 Patre,
3385 1048 3465 1101 Fi-

1892 1140 1998 1192 lius
2038 1138 2380 1206 Spiritusque
2437 1139 2786 1207 proveniunt,
2839 1139 2999 1190 mittit
3032 1150 3208 1192 autem
3246 1156 3464 1193 rursum

1894 1231 2158 1299 Spiritum
2192 1230 2388 1293 Filius,
2421 1239 2481 1283 ut
2532 1231 2647 1298 ipse
2674 1230 2944 1297 perhibet,
2980 1231 3252 1299 quomodo
3280 1231 3468 1299 utique

1894 1322 2297 1389 consequentia:
2343 1323 2609 1375 sustineat
2652 1322 2808 1383 ratio,
2841 1338 2948 1374 non
2988 1321 3235 1390 generari
3270 1322 3468 1375 Filium

1894 1415 1981 1468 vel
2026 1414 2165 1467 mitti
2197 1430 2226 1466 a
2261 1414 2467 1481 Spiritu
2495 1414 2518 1465 ?
2546 1413 2683 1467 Cum
2732 1414 2877 1465 enim
2919 1415 3197 1481 aequaliter
3222 1414 3382 1467 ambo
3403 1430 3470 1467 ex

1896 1522 2002 1559 una
2027 1521 2190 1559 causa
2222 1506 2564 1573 proveniant,
2599 1514 2860 1573 quantum
2901 1521 2931 1556 a
2963 1505 3119 1557 Patre
3170 1505 3337 1557 Filius
3379 1520 3470 1558 ac-

1896 1596 2047 1664 cipit,
2090 1598 2428 1649 tantumdem
2453 1596 2701 1664 accipere
2734 1597 2895 1649 debet
2923 1595 3176 1665 Spiritus.
3218 1594 3396 1660 Quare
3425 1597 3469 1648 si

1896 1689 2064 1743 Filius
2104 1688 2267 1741 mittit
2298 1688 2586 1756 Spiritum,
2621 1699 2674 1741 et
2710 1688 2941 1757 Spiritus
2988 1697 3211 1757 generat
3254 1687 3469 1748 Filium.

1899 1791 1958 1834 ut
2008 1782 2461 1849 quemadmodum
2508 1780 2677 1833 Filius
2716 1796 2745 1832 a
2798 1782 2952 1833 Patre
2989 1781 3153 1833 mittit
3185 1780 3469 1848 Spiritum,

1831 1862 1869 1914 Β
1901 1872 1972 1925 ita
2005 1882 2059 1925 et
2094 1873 2330 1940 Spiritus
2360 1868 2825 1938 recompensando
2860 1873 3087 1939 gratiam
3134 1889 3162 1924 a
3192 1871 3349 1924 Patre
3378 1888 3471 1942 ge-

1898 1973 2054 2017 neret
2076 1963 2289 2016 Filium.
2345 1962 2635 2030 Amplius:
2672 1961 2892 2016 Filiusa
2951 1963 3112 2016 Patre
3154 1964 3370 2030 accipit,
3415 1972 3475 2015 ut

1899 2056 2017 2123 ejus
2077 2056 2147 2109 sit
2195 2054 2547 2119 Paraeletus;
2596 2070 2764 2122 quare
2808 2070 2913 2107 non
2962 2054 3213 2108 similiter
3247 2056 3476 2124 accipiat

1904 2146 2141 2215 Spiritus
2190 2156 2251 2199 ut
2305 2147 2425 2214 ejus
2482 2146 2692 2199 dicatur
2733 2144 3222 2212 Verbum?Quare
3254 2148 3473 2215 quidem

1902 2240 2336 2307 recompensatio
2363 2250 2415 2292 et
2445 2238 2723 2307 aequalitas
2756 2239 2809 2292 in
2841 2240 2944 2293 hoc
2979 2241 3209 2303 exsistit,
3247 2251 3306 2293 ut
3336 2241 3477 2293 sicut

1903 2326 2131 2380 Filiusa
2168 2326 2325 2381 Patre
2372 2329 2570 2397 accipit
2610 2344 2830 2383 causam
2870 2344 2991 2383 esse
3029 2328 3177 2401 [270]
3214 2329 3476 2399 Spiritus,

1905 2422 1985 2475 sic
2019 2423 2204 2490 utique
2261 2421 2496 2490 Spiritus
2533 2423 2600 2476 ab
2629 2424 2817 2477 eodem
2866 2423 3025 2478 Patre
3064 2426 3262 2494 accipit
3294 2425 3349 2491 (I.
3383 2442 3474 2479 ac-

1905 2514 2112 2582 cipiat),
2158 2516 2492 2567 causativum
2534 2531 2653 2569 esse
2688 2516 2828 2569 Filii.
2861 2517 2921 2570 In
2947 2532 3054 2586 quo
3090 2533 3199 2571 non
3225 2533 3475 2571 corrum-

1908 2606 2053 2675 pitur
2089 2605 2209 2659 lidei
2264 2607 2401 2659 ratio
2441 2607 2603 2660 salvis
2632 2608 2933 2661 adinvicem
2971 2611 3155 2677 utique
3179 2610 3477 2678 proprieta-

1912 2698 2057 2753 tibus
2112 2700 2313 2767 pariter
2362 2709 2525 2768 atque
2570 2701 2867 2768 asqualiter.
2915 2721 2932 2751 ι
2971 2701 3106 2755 Cum
3170 2703 3252 2755 his
3301 2712 3482 2756 autem

1909 2806 1972 2844 ea
1998 2792 2146 2861 jungi
2196 2792 2417 2856 debent,
2465 2808 2585 2860 quae
2638 2794 2777 2846 idem
2812 2802 3001 2847 auctor
3042 2796 3106 2848 ad
3143 2796 3347 2849 Nicolai
3375 2794 3484 2849 Me-

1915 2880 2195 2933 thonensis
2238 2882 2483 2948 ejusdem
2538 2882 2753 2951 generis
2802 2895 3117 2951 argumenta
3178 2885 3298 2949 (Ph.
3346 2900 3395 2937 c.
3427 2887 3481 2945 5,

1913 2986 2039 3030 nota
2067 2976 2120 3044 9)
2152 2977 2259 3045 jam
2304 2977 2454 3045 prius
2505 2977 2881 3045 responderat.
2922 2975 3265 3030 Methonensi
3298 2978 3482 3047 itaque

1916 3072 1986 3139 (c.
2024 3070 2077 3137 5)
2128 3072 2393 3137 arguenti,
2442 3070 2495 3121 in
2541 3068 2854 3122 Latinorum
2898 3069 3140 3123 doctrina
3182 3071 3486 3123 conceden-

246 3155 392 3256 sla-il;
422 3177 440 3206 ι
472 3157 670 3211 Eadem
695 3161 893 3229 quippe
920 3178 1026 3225 res,
1055 3165 1131 3217 ait
1155 3164 1305 3235 Hugo
1327 3164 1650 3222 Etherianus
1672 3167 1730 3238 (I.
1757 3184 1807 3234 ι,
1842 3199 1885 3256 c
1917 3164 2046 3216 dum
2070 3163 2308 3220 .-omnino
2359 3177 2497 3224 esse,
2539 3169 2595 3214 et
2624 3160 2819 3213 Filium
2854 3177 2918 3214 ex
2964 3161 3170 3230 Spiritu
3215 3163 3484 3231 generari,

247 3258 298 3296 c.
328 3244 426 3310 10,
462 3262 517 3314 p.
550 3247 687 3301 120-1
720 3246 810 3315 G.)
839 3249 927 3302 alii
960 3260 1139 3319 potest
1175 3267 1296 3306 esse
1323 3268 1484 3307 causa
1511 3254 1723 3323 (αιτία)
1758 3263 1814 3307 et

248 3333 339 3387 alii
365 3336 700 3391 causativum
734 3338 752 3409 (
770 3339 1078 3409 alatatdv);
1108 3341 1282 3395 eidem
1318 3357 1448 3396 vero
1472 3344 1608 3397 nihil
1638 3353 1818 3412 potest

253 3441 414 3479 causa
447 3436 501 3481 et
538 3430 874 3483 causativum
921 3446 1080 3495 esse;
1139 3431 1298 3486 Pater
1338 3434 1557 3503 quidem
1612 3435 1735 3489 Filii
1766 3444 1822 3490 et

250 3519 487 3587 Spiritus
510 3536 668 3575 causa
700 3524 945 3588 exsistit;
964 3533 1019 3577 at
1039 3524 1205 3578 Filius
1223 3541 1560 3595 nequaquam
1586 3528 1822 3597 Spiritus

253 3628 415 3665 causa
452 3615 635 3682 negari
670 3617 845 3668 debet.
868 3634 885 3665 ι
934 3616 1089 3669 Nulla
1124 3633 1253 3671 sane
1285 3620 1591 3673 ostenditur
1628 3637 1824 3676 neces-

255 3705 388 3757 sitas
409 3746 423 3767 ,
454 3705 523 3759 ob
543 3722 701 3774 quam
732 3706 966 3775 Spiritus
986 3709 1104 3762 Filii
1134 3710 1277 3779 ἀρχὴ
1300 3711 1371 3764 sit
1390 3713 1822 3780 existimandus;

258 3795 355 3848 sed
396 3796 548 3863 plura
586 3798 813 3851 omnino
846 3798 1137 3865 evincunt,
1175 3816 1280 3854 una
1316 3800 1462 3873 [269]
1495 3818 1616 3856 cum
1664 3802 1825 3859 Patre

261 3885 457 3939 Filium
479 3888 713 3956 Spiritus
730 3904 949 3945 sanctus
973 3892 1145 3962 ἀρχὴν
1163 3908 1284 3947 esse
1308 3894 1638 3948 habendum.
1661 3894 1827 3949 Recte

262 3979 412 4033 card.
464 3978 745 4034 Bessarion
799 3985 925 4051 (ep.
962 3984 1044 4036 Ad
1079 3987 1230 4039 Alex.
1266 3986 1417 4040 Lasc.
1455 4002 1506 4041 c.
1544 3988 1608 4052 7;
1659 3987 1826 4043 Hard.

264 4067 355 4132 IX,
411 4068 583 4132 1062,
639 4070 809 4140 1063)
857 4082 1045 4126 contra
1078 4074 1365 4129 dicentes:
1404 4094 1422 4126 ι
1462 4074 1518 4128 Si
1571 4077 1829 4145 spirativa

265 4158 509 4227 potentia
548 4167 631 4213 est
654 4157 789 4214 Filio
818 4177 941 4215 cum
974 4162 1131 4218 Patre
1158 4166 1482 4230 communis,
1509 4175 1637 4221 tunc
1664 4182 1832 4237 gene-

267 4248 437 4301 rativa
469 4249 709 4316 potentia
739 4264 863 4303 eum
890 4250 1047 4306 Patre
1088 4251 1312 4322 Spiritui
1345 4256 1650 4309 communis
1668 4266 1772 4321 est,
1809 4274 1828 4307 ι

270 4341 389 4394 1ης
410 4342 661 4395 observat
690 4360 702 4394 :
733 4342 1102 4410 1)Generatio
1127 4346 1475 4399 constitutiva
1494 4357 1576 4400 est
1598 4358 1837 4416 paterna

272 4448 519 4501 persona:
560 4441 614 4486 et
656 4434 1205 4502 incommunicabilis,
1254 4453 1363 4491 non
1396 4454 1528 4492 vero
1569 4440 1836 4509 spiratio;

1918 3256 2059 3308 sicut
2086 3271 2147 3307 ex
2176 3254 2355 3315 Patre,
2379 3254 2503 3322 quia
2538 3252 2697 3306 Pater
2726 3261 2781 3307 et
2828 3253 3067 3322 Spiritus
3117 3254 3225 3307 sint
3251 3254 3487 3308 consub-

1918 3344 2215 3404 stantiales.
2283 3344 2389 3398 nisi
2421 3345 2472 3396 in
2519 3343 2819 3397 Macedonii
2858 3345 3088 3397 liazresin
3124 3344 3364 3399 incidere
3395 3361 3488 3397 ve-

1920 3436 2099 3500 limus,
2147 3434 2298 3504 llugo
2331 3435 2389 3505 (Ι.
2418 3450 2475 3497 ιι,
2511 3449 2560 3489 c.
2598 3435 2683 3493 18.
2726 3450 2779 3503 p.
2810 3433 2946 3487 1212
2975 3435 3039 3497 Ι),
3074 3434 3157 3501 Ε).
3196 3436 3268 3489 ita
3292 3450 3490 3489 occur-

1920 3528 1992 3581 rit
2024 3545 2037 3581 :
2069 3546 2085 3577 ι
2118 3526 2189 3580 At
2216 3527 2304 3581 hic
2330 3527 2548 3595 quidem
2576 3527 2660 3581 vir
2688 3527 2894 3581 veritati
2944 3527 3165 3580 minime
3194 3528 3490 3596 appropin-

1923 3630 2072 3689 quat.
2102 3619 2277 3672 Latini
2330 3619 2530 3688 quippe
2580 3634 2687 3672 non
2727 3619 2848 3671 ideo
2882 3618 3071 3672 dicunt
3137 3616 3397 3685 Spiritum
3426 3632 3490 3671 ex

1927 3710 2060 3764 Filio
2113 3724 2254 3774 esse,
2313 3710 2457 3778 quod
2525 3708 2684 3763 Pater
2732 3719 2787 3763 et
2822 3709 2991 3763 Filius
3035 3724 3174 3762 unus
3205 3708 3345 3761 Deus
3384 3708 3492 3761 sint

1930 3802 2026 3872 (se.
2060 3802 2104 3855 si
2137 3801 2189 3855 id
2211 3802 2329 3855 sine
2362 3800 2472 3853 ullo
2500 3801 2607 3854 alio
2649 3811 2901 3869 respectu
2935 3817 3025 3870 per
3053 3817 3106 3854 se
3140 3808 3201 3853 ut
3230 3799 3368 3853 ratio
3396 3800 3494 3853 lia-

1928 3888 2131 3956 betur),
2185 3904 2288 3942 nec
2316 3904 2410 3957 per
2442 3888 2675 3956 aliquam
2701 3888 2804 3942 hoc
2843 3889 3024 3943 dicere
3063 3888 3491 3957 disputationem

1929 3980 2099 4034 coacti
2146 3988 2313 4042 sunt;
2366 3981 2459 4034 sed
2505 3989 2791 4049 propterea
2835 3996 2903 4035 ex
2957 3990 3187 4049 utroque
3234 3979 3495 4049 Spiritum

1932 4074 2226 4144 procedere
2264 4072 2519 4133 fatentur.
2547 4074 2674 4142 quia
2703 4073 2980 4141 aequaliter
3012 4073 3130 4127 Filii
3149 4081 3311 4142 atque
3330 4073 3498 4127 Patris

1932 4165 2273 4232 exsistit,non
2287 4164 2646 4228 condibiliter,
2665 4179 2773 4219 non
2791 4164 3140 4235 naseibiliter,
3157 4180 3267 4218 non
3284 4179 3500 4234 posses-

1935 4254 2068 4318 sive,
2091 4255 2185 4309 sed
2208 4255 2450 4309 similiter
2475 4255 2756 4309 amborum
2782 4265 2886 4316 est,
2913 4271 3250 4324 nequaquam
3271 4266 3328 4307 ut
3350 4267 3503 4309 actus

1935 4353 1992 4399 et
2012 4360 2148 4413 opus
2181 4353 2262 4398 est
2291 4345 2546 4408 hominis,
2578 4346 2672 4398 sed
2701 4346 3095 4414 quodammodo
3130 4345 3335 4399 utradii
3360 4346 3501 4398 alma

1939 4435 2031 4490 lux
2064 4437 2275 4490 exsistit
2305 4444 2362 4489 et
2386 4436 2537 4489 solis.
2577 4454 2595 4485 ι
2630 4436 2697 4490 Et
2746 4438 2904 4506 paulo
2933 4446 3054 4505 post
3094 4438 3269 4506 pergit
3301 4454 3315 4489 :
3353 4454 3371 4486 ι
3398 4435 3503 4505 Ope

270 4525 336 4593 2)
363 4525 602 4594 implicat
640 4528 1141 4594 contradictionem,
1165 4529 1424 4599 Spiritum
1464 4534 1532 4584 ad
1568 4534 1705 4585 idem
1743 4531 1839 4603 (ad
1872 4539 1915 4593 ι)
1946 4538 2110 4598 ponet
2169 4538 2347 4580 autem
2405 4528 2640 4596 aliquis:
2686 4526 2917 4597 Spiritus
2966 4544 3062 4596 par
3115 4537 3201 4581 est
3258 4543 3502 4597 personae

278 4615 511 4686 Filium)
547 4632 667 4671 esse
698 4618 858 4671 simul
898 4620 1223 4689 principium
1247 4631 1302 4675 et
1338 4622 1717 4690 principiatum
1740 4624 1841 4693 ;3)

280 4708 558 4777 generatio
600 4718 681 4762 est
722 4710 893 4778 prima
934 4720 989 4765 et
1028 4712 1334 4768 immediata
1378 4714 1549 4769 Patris
1594 4717 1845 4781 aetio,et

280 4801 404 4854 ideo
442 4816 549 4855 non
583 4811 762 4870 potest
798 4812 1108 4872 competere
1142 4804 1399 4875 Spiritui,
1437 4808 1592 4874 cujus
1620 4809 1845 4878 spiratio

279 4895 528 4961 sequitur
552 4896 979 4963 generationem.

349 4986 404 5039 2.
431 4987 505 5040 De
535 4988 785 5057 praesenti
830 4986 1004 5042 Photii
1034 5001 1347 5059 argumento
1397 4992 1630 5046 breviter
1660 4995 1767 5063 agit
1792 4994 1842 5048 J.

281 5079 491 5132 Becws
530 5080 627 5149 (De
654 5096 742 5132 un.
778 5079 920 5132 Eccl.
977 5096 1027 5134 c.
1076 5082 1165 5147 45,
1196 5082 1301 5147 65;
1356 5083 1417 5139 G.
1453 5082 1517 5136 0.
1564 5084 1602 5150 I,
1633 5100 1689 5153 p.
1721 5087 1842 5150 164,

282 5171 409 5235 165,
430 5171 577 5239 206).
600 5171 704 5225 Sed
728 5181 945 5241 prastat
964 5173 1239 5243 Hugonem
1264 5175 1612 5230 Etlierianum
1637 5178 1844 5239 audire,

283 5262 441 5329 cujus
486 5262 530 5315 si
586 5278 693 5315 non
742 5264 923 5316 omnia
958 5263 1117 5332 plane
1169 5265 1528 5331 satisfaciunt,
1591 5268 1846 5336 pleraque

286 5352 474 5406 saltem
529 5353 687 5422 digna
717 5362 842 5407 sunt
878 5355 1246 5425 theologorum
1284 5356 1717 5412 consideratione
1747 5374 1848 5413 nec

285 5449 432 5501 omni
464 5463 687 5516 prorsus
720 5450 766 5501 vi
792 5449 1177 5503 destituuntur.
1213 5452 1393 5520 Itaque
1429 5451 1496 5505 ad
1539 5452 1639 5505 hoc
1672 5453 1845 5521 ipsum

288 5539 469 5592 Photii
499 5550 659 5609 caput
688 5542 802 5595 haec
828 5543 914 5595 ille
944 5544 1236 5612 respondet
1265 5544 1324 5614 (Ι.
1361 5561 1418 5607 ιι,
1443 5560 1491 5598 e.
1519 5544 1606 5609 16,
1630 5561 1684 5615 p.
1714 5545 1839 5599 1231

362 5697 1100 5770 (7‘2)SiemeritorNiceph.
1148 5699 1317 5754 lilem.
1361 5701 1521 5770 (orat.
1566 5701 1617 5759 1.
1663 5717 1716 5754 c.
1744 5701 1847 5759 17;

286 5768 353 5841 (ι.
382 5766 519 5824 Οέι.
554 5769 644 5832 22,
678 5766 1053 5841 2}):_'ﬂonép
1094 5772 1127 5839 ὴ
1178 5772 1288 5823 τῶν
1342 5766 1507 5841 τ’ριὼν
1542 5774 1721 5839 ἰσότης
1751 5773 1849 5823 οὐκ

290 5840 605 5908 ἀφαιρεῖται
636 5840 731 5892 τοῦ
766 5838 885 5901 ἐνὸς
908 5838 1239 5911 τὴνάρχὴν,
1273 5838 1413 5896 οὖτὼ
1448 5842 1541 5895 καὶ
1575 5843 1607 5911 ἡ
1645 5838 1752 5895 τῶν
1792 5843 1849 5907 ἐξ

1944 4618 2154 4681 Patris;
2191 4628 2243 4670 at
2276 4633 2403 4671 vero
2447 4619 2514 4672 de
2542 4634 2772 4686 persona
2816 4618 2990 4671 Patris
3045 4619 3359 4672 enuntiatur
3406 4620 3503 4670 lia-

1945 4710 2073 4764 bere
2115 4710 2344 4775 Filium;
2375 4726 2541 4778 quare
2595 4712 2732 4764 idem
2761 4710 2828 4764 de
2859 4710 3063 4778 Spiritu
3092 4709 3501 4779 pra’edicabitur,

1944 4811 1999 4855 et
2022 4802 2123 4855 erit
2160 4801 2324 4853 Filius
2386 4801 2526 4854 lilius
2558 4800 2793 4869 Spiritus
2842 4802 3035 4855 sancti.
3079 4800 3185 4853 Sed
3215 4800 3357 4864 dico,
3393 4814 3503 4853 non

1944 4908 2065 4946 esse
2114 4892 2418 4961 liujusmodi
2452 4892 2889 4960 aiqiiipollentem
2917 4892 3403 4960 comparationem,
3437 4906 3505 4944 eo

1943 4986 2085 5052 quod
2126 5000 2399 5053 nunquam
2459 4985 2644 5037 datum
2693 4986 2783 5049 sit,
2839 4983 3046 5036 Filium
3086 4985 3361 5053 wqualiter
3395 4998 3507 5036 esse

1948 5075 2128 5129 Patris
2148 5094 2208 5129 ac
2252 5078 2504 5143 Spiritus,
2539 5093 2662 5131 cum
2694 5092 2885 5131 omnes
2920 5077 3281 5131 conﬁteantur
3336 5074 3506 5144 Spiri-

1946 5178 2058 5221 tum
2115 5184 2233 5222 esse
2282 5169 2561 5236 aequaliter
2617 5168 2734 5222 Filii
2795 5178 2957 5237 atque
3018 5168 3211 5222 Patris.
3244 5166 3421 5232 Quare
3453 5167 3507 5222 in

1946 5262 2141 5330 quibus
2177 5262 2392 5332 quidem
2418 5262 2552 5315 nihil
2576 5262 2857 5330 indignum
2886 5278 2986 5316 nec
3012 5262 3270 5315 indecens
3298 5259 3507 5314 divinas

1948 5370 2203 5422 personas
2241 5356 2608 5423 consequitur,
2661 5356 2713 5407 in
2746 5354 2830 5408 his
2880 5354 3090 5407 Patrem
3123 5353 3351 5407 dicimus
3376 5367 3507 5405 eau-

1948 5461 2060 5498 sam
2091 5454 2146 5499 et
2176 5446 2368 5499 Filium
2400 5462 2747 5510 concausam,
2794 5461 2897 5500 nec
2934 5446 3109 5514 aliqua
3145 5444 3340 5513 injuria
3371 5443 3508 5498 Filio

1950 5538 2162 5592 Patrive
2234 5547 2327 5591 aut
2378 5548 2566 5592 sancto
2621 5537 2843 5608 Spiritui
2895 5546 3229 5607 eorrogatur.
3270 5536 3405 5588 Nam
3452 5533 3507 5587 in

1951 5700 2122 5768 ἀρχῆς
2161 5696 2341 5765 ἰσότης
2362 5698 2460 5749 οὐκ
2490 5697 2634 5748 ἔστιν
2658 5695 3001 5768 ἀφαιιρετικὴΔ
3026 5694 3120 5768 ’το-ὖ
3142 5734 3157 5758 ,
3198 5692 3258 5744 τὸ
3290 5688 3511 5768 ῌγεῦμα

1952 5761 2170 5820 δί’Ὺὶοὖ
2206 5761 2354 5835 παρὰ
2384 5768 2477 5818 τοῦ
2535 5761 2744 5837 Πατρδς
2774 5761 3185 5837 ὲᾶιξπορεύεᾳθαι.
3218 5793 3285 5803 -
3310 5761 3435 5814 Haec
3461 5772 3515 5812 ct

1954 5856 2073 5909 qua:
2100 5850 2401 5909 sequuntur
2431 5838 2565 5891 infra
2592 5835 2812 5891 uberius
2843 5835 3276 5891 illustrabuntur.
