4242 6438
766 407 875 473 499

1902 399 2164 461 PHOTII
2200 394 2704 458 PATRIARCHE
2736 394 2845 455 CP.

3910 394 4022 459 500

767 515 1128 586 legationibus
1152 524 1206 569 et
1231 512 1611 567 donationibus
1646 510 1881 581 Spiritus
1916 525 2131 579 semper
2162 507 2340 562 Patris
2366 515 2413 569 Α
2442 504 2625 558 omnia
2667 502 2931 559 naturalia
2962 502 3243 568 attributa,
3273 503 3371 559 sed
3405 504 3631 559 minime
3659 504 3920 561 idiomata
3952 523 4022 562 ac

769 607 940 661 Filius
973 620 1198 660 consors
1223 613 1341 670 est;
1393 614 1447 657 at
1492 603 1756 673 Spiritum
1787 603 1970 657 dicere
2000 612 2207 669 patrem
2239 617 2335 655 seu

767 697 967 752 Filium
1004 697 1236 767 Spiritus
1268 697 1432 750 [iliqu
1471 695 1746 765 appellare
1792 695 2127 750 exsecrabile
2159 694 2337 763 profa-

768 804 1009 859 numque
1038 797 1141 843 est.
1182 789 1288 843 Sed
1317 804 1494 857 neque
1534 788 1836 857 propositio
1875 787 1985 851 illa,
2028 804 2149 857 qua:
2206 788 2339 841 dicit

770 882 1115 935 emissionem
1142 878 1288 933 Patri
1340 891 1397 933 et
1424 879 1563 935 Filio
1613 895 1961 935 communem
2009 894 2148 941 esse,
2189 877 2338 952 [271]

768 973 1049 1042 proprium
1099 983 1341 1041 paterna:
1388 986 1655 1041 persona,
1704 987 1813 1041 quo
1859 983 2019 1042 aptus
2066 982 2224 1027 natus
2255 984 2339 1030 est

770 1065 1016 1135 insigniri
1066 1064 1227 1119 Pater
1271 1065 1437 1127 solus,
1505 1064 1768 1119 interimit
1811 1067 1971 1135 (sicut
1999 1067 2337 1121 interimeret

770 1158 1155 1226 preprietatem
1186 1157 1552 1227 insignitivam
1582 1158 1699 1211 Filii
1735 1160 2013 1227 processio
2034 1176 2099 1214 ex
2131 1157 2335 1229 Spiritu

769 1249 1003 1316 sancto).
1062 1267 1080 1298 ι
1151 1248 1355 1304 Deinde
1415 1249 1483 1303 ad
1512 1250 1675 1303 alium
1713 1250 2083 1306 Methonensis
2122 1253 2337 1323 syllogi-

769 1356 948 1392 smum
1006 1342 1078 1408 (c.
1111 1342 1189 1407 6),
1240 1342 1329 1411 qui
1390 1344 1644 1411 praesenti
1676 1342 1851 1398 Pbotii
1902 1356 2220 1416 argumento
2270 1348 2335 1401 ad

768 1431 994 1484 verbum
1024 1432 1139 1487 fere
1178 1434 1483 1501 respondet.
1515 1434 1798 1497 accedens,
1834 1444 2119 1505 postquam
2150 1438 2337 1491 sedulo

770 1521 1061 1576 inculcavit
1090 1540 1103 1576 :
1138 1543 1156 1573 ι
1190 1523 1501 1579 Genitorem
1535 1529 1821 1580 secundum
1880 1531 2046 1580 aliam
2097 1532 2336 1598 proprie—

772 1623 928 1664 tatem
964 1630 1245 1683 generare,
1277 1624 1330 1668 et
1360 1618 1641 1668 secundum
1687 1618 1851 1669 aliam
1883 1618 2132 1672 emittere
2165 1618 2337 1688 Spiri-

766 1713 905 1770 tum,
943 1726 961 1756 ι
1022 1708 1094 1760 ita
1144 1709 1525 1775 prosequitur:
1587 1729 1604 1759 ι
1647 1710 1710 1762 Et
1738 1712 2146 1773 attendendum,
2199 1729 2334 1781 quo-

768 1797 912 1849 niam
940 1815 1047 1850 non
1073 1810 1290 1867 propter
1309 1802 1529 1854 honoris
1552 1802 1872 1869 parilitatem
1907 1803 2082 1857 Patris
2105 1817 2159 1858 et
2191 1806 2331 1867 Filii,

768 1899 827 1943 ut
860 1906 923 1944 ex
960 1892 1135 1955 l’atre,
1170 1893 1250 1946 sic
1280 1908 1343 1946 ex
1377 1892 1512 1947 Filio
1542 1894 1774 1960 Spiritus
1807 1897 2067 1963 procedit.
2099 1898 2153 1954 Si
2182 1901 2327 1955 enim

767 1990 987 2050 prOpter
1046 1984 1268 2037 honoris
1324 1985 1647 2053 parilitatem
1697 2002 1762 2041 ex
1794 1989 2057 2043 ambobus
2098 1990 2331 2061 Spiritus

766 2081 1063 2135 emanaret,
1121 2074 1380 2141 consequi
1438 2075 1734 2139 videretur,
1794 2084 1856 2130 ut
1917 2078 2084 2134 Filius
2112 2093 2332 2151 propter

768 2162 993 2216 honoris
1050 2164 1396 2231 parilitatem,
1460 2168 1602 2220 sicut
1647 2176 1730 2221 est
1781 2184 1843 2223 ex
1868 2170 2049 2235 Patre,
2080 2173 2152 2226 ita
2188 2184 2332 2231 ctex

770 2252 975 2320 Spiritu
1039 2266 1211 2321 esset;
1262 2258 1402 2325 quod
1436 2258 1703 2314 Methouze
1744 2264 2266 2335 astruitepiseopus.
2308 2289 2324 2319 ι

768 2342 939 2412 llujus
962 2345 1147 2399 relatis
1177 2348 1376 2412 verbis,
1405 2368 1421 2397 ι
1454 2347 1552 2402 Hic
1576 2350 1794 2418 quidem
1823 2354 1922 2418 vir,
1957 2355 2130 2424 inquit
2158 2356 2333 2427 Hugo,

768 2445 821 2489 et
849 2437 1025 2489 oumis
1053 2437 1348 2507 intelligere
1384 2441 1570 2495 volens
1603 2458 1791 2497 verum
1814 2459 1933 2499 esse
1962 2449 2104 2515 quod
2134 2448 2335 2503 dictum

767 2536 852 2579 est
882 2528 1161 2595 reperiet:
1200 2528 1433 2598 Spiritus
1492 2547 1624 2586 sane
1671 2533 1806 2589 Filio
1844 2537 2066 2604 arqualis
2100 2548 2159 2591 ut
2197 2538 2339 2596 Deus

768 2621 880 2674 Deo
905 2624 1130 2689 gratiam
1160 2622 1355 2677 reddit.
1391 2622 1523 2679 Nam
1551 2627 1765 2695 qualem
1791 2630 2017 2697 gratiam
2045 2628 2189 2685 Patri
2227 2635 2336 2701 (ed.

768 2710 947 2781 Pater)
1006 2729 1072 2766 ex
1142 2715 1257 2784 ipso
1307 2718 1563 2784 prodiens
1610 2720 1881 2782 retribuit,
1930 2725 2175 2778 eamdem
2203 2726 2339 2782 Filio

770 2814 1150 2872 recompensat
1202 2822 1269 2860 cx
1313 2810 1429 2876 ipso
1472 2811 1805 2878 procedens;
1844 2824 2133 2885 utrumque
2191 2820 2335 2873 enitn

770 2892 1026 2946 emissum
1060 2895 1253 2949 dicitur
1304 2907 1357 2951 et
1389 2908 1491 2953 est.
1532 2920 1549 2951 ι
1585 2900 1825 2956 Tandem
1860 2912 2080 2959 notetur
2116 2908 2339 2964 minime

770 2995 919 3038 recte
958 2987 1060 3039 dici
1089 3005 1119 3040 a
1146 2989 1325 3045 Marco
1354 2990 1591 3061 Ephesio
1618 2995 1731 3065 (73)
1766 3012 1781 3050 :
1815 2997 1969 3052 Sicut
1999 2999 2231 3069 Spiritus
2261 3006 2335 3058 nil

770 3077 983 3131 confert
1015 3080 1080 3132 ad
1110 3084 1537 3149 generationem,
1573 3088 1645 3140 ita
1680 3103 1783 3142 nec
1812 3089 1984 3146 Filius
2009 3096 2076 3147 ad
2111 3111 2333 3163 proces-

2441 594 2733 649 relationes
2786 594 3077 665 oppositae;
3108 594 3255 650 unde
3294 596 3451 650 sicuti
3504 596 3671 651 Filius
3703 613 3813 651 non
3849 598 4020 653 habet

2439 687 2816 753 paternitatem
2875 700 2974 739 seu
3029 686 3263 740 activam
3291 687 3718 755 generationem.
3768 688 3841 741 ita
3870 688 4017 754 quod

2438 776 2676 845 spiratur
2729 779 2920 846 nequit
2961 778 3197 833 activam
3230 777 3431 833 habere
3460 780 3834 850 spirationem.
3862 780 4020 837 Hanc

2442 869 2668 938 Spiritui
2724 870 2925 931 inesse.
2957 871 3034 924 ait
3072 869 3359 925 Bessarion
3411 872 3522 941 (ep.
3550 873 3637 925 Ad
3666 874 3818 927 Alex.
3850 874 4014 929 Lasc.

2439 976 2489 1015 c.
2528 962 2586 1026 7;
2654 960 2819 1015 Hard.
2878 962 2969 1029 IX,
3003 962 3164 1033 1062)
3193 965 3529 1033 impossibile
3557 976 3638 1020 est
3665 983 3725 1020 eo
3750 968 3889 1037 quod
3918 985 4017 1036 op-

2439 1050 2649 1117 ponitur
2688 1037 2817 1120 'ejus
2873 1054 3203 1123 proprietati.
3265 1054 3432 1109 Recte
3469 1056 3676 1111 Natalis
3706 1060 4020 1114 Alexander

2439 1156 2580 1210 resp.
2645 1142 2735 1212 (Η.
2790 1142 2860 1197 Ε.
2924 1160 3053 1201 saec.
3081 1161 3155 1210 rx,
3186 1145 3318 1202 diss.
3351 1147 3438 1212 18,
3470 1164 3577 1203 ass.
3613 1149 3637 1202 1
3673 1166 3727 1218 p.
3765 1150 3889 1216 55f,
3921 1151 4013 1205 ed.

2439 1232 2599 1296 1788,
2631 1234 2684 1302 4)
2744 1251 2758 1288 :
2816 1234 3063 1290 absoluta
3098 1239 3281 1292 omnia
3319 1240 3578 1293 attributa
3612 1241 3790 1296 tribus
3822 1258 4014 1312 perso-

2438 1327 2525 1379 nis
2558 1329 2866 1381 commuuia
2898 1339 2953 1383 et
2969 1345 3089 1398 quae
3115 1331 3181 1385 ad
3209 1342 3490 1387 creaturas
3512 1332 3757 1388 ordinem
3786 1336 4012 1397 habent”,

2437 1426 2497 1469 ut
2522 1427 2754 1481 creator,
2790 1418 3062 1480 dominus.
3114 1431 3245 1487 etc.,
3294 1440 3402 1477 non
3435 1436 3616 1479 autem
3649 1429 4015 1497 proprietates

2436 1522 2817 1575 personarum.
2836 1509 3037 1565 Harum
3053 1514 3198 1567 enim
3227 1517 3472 1583 quaedam
3497 1528 3624 1572 sunt
3647 1520 4012 1590 [typostaticrr,

2436 1615 2573 1668 quas
2598 1601 2752 1672 Hugo
2792 1602 3118 1659 Etherianus
3145 1607 3205 1674 (l.
3232 1623 3269 1673 ι,
3297 1623 3349 1662 c.
3376 1609 3428 1675 8,
3462 1610 3529 1662 12
3560 1620 3615 1665 et
3649 1614 3874 1681 passim)
3918 1633 4013 1669 vo-

2437 1703 2523 1745 cat
2555 1710 2898 1760 personarum
2923 1698 3268 1767 insignitivas.
3306 1701 3419 1754 sive
3436 1716 3557 1771 qua:
3588 1719 3850 1773 personas
3881 1723 4016 1760 cou-

2438 1783 2689 1845 stituunt,
2724 1787 3027 1855 cuiusmodi
3059 1800 3167 1844 tres
3217 1793 3344 1846 sola:
3372 1793 3425 1846 in
3478 1793 3591 1848 Deo
3640 1797 4014 1867 reperiuntur,

2436 1877 2551 1930 scil.
2585 1880 2902 1946 paternitas,
2939 1880 3127 1937 ﬁliatio
3153 1892 3209 1937 et
3236 1887 3527 1953 processio.
3566 1888 3699 1943 Alia:
3743 1901 3872 1946 sunt
3918 1910 4014 1947 uo-

2432 1968 2674 2035 tioualea,
2709 1986 2830 2040 qua:
2862 1988 2974 2026 non
2997 1977 3355 2042 constituunt,
3396 1979 3490 2033 sed
3543 1980 3784 2035 iudicant
3816 1998 4014 2051 perso-

2432 2073 2551 2117 nas.
2580 2068 2635 2112 et
2657 2060 2850 2115 harum
2880 2064 3157 2118 nonnullae
3178 2066 3269 2119 uni
3296 2082 3545 2136 personae
3569 2080 3777 2125 tantum
3806 2088 4013 2127 conve-

2432 2148 2608 2214 niunt,
2646 2159 2705 2203 ut
2736 2166 2856 2207 esse
2887 2155 3183 2223 ingenitum
3213 2156 3381 2222 Patri,
3410 2162 3529 2215 aliae
3548 2163 3779 2229 duobus,
3814 2173 3873 2217 ut
3896 2167 4013 2234 spi—

2436 2243 2571 2295 ratio
2606 2244 2779 2298 activa
2804 2245 2949 2299 Patri
2976 2255 3029 2301 et
3052 2246 3186 2302 Filio
3218 2250 3350 2321 (74).
3374 2251 3487 2308 Nec
3515 2269 3643 2307 vero
3664 2270 4010 2325 consequens

2437 2348 2520 2387 ess
2597 2335 2758 2389 etiam
2808 2336 3069 2406 Spiritum
3134 2352 3382 2396 sanetum
3465 2361 3576 2401 sua:
3644 2349 4012 2415 processionis

2437 2436 2712 2481 auctorem
2748 2428 3011 2496 futurum,
3045 2432 3170 2500 quia
3213 2435 3457 2489 eamdem
3509 2436 3671 2490 habet
3716 2438 4011 2492 esswtiam

2438 2532 2559 2570 cum
2591 2517 2750 2573 Patre
2780 2530 2834 2575 et
2866 2522 3020 2577 Filio.
3045 2524 3323 2593 Siquidem
3352 2543 3458 2581 non
3485 2530 3707 2597 prmeise
3731 2530 3785 2584 id
3815 2545 4013 2586 essen-

2437 2610 2527 2663 tiaa
2551 2611 2748 2667 divina:
2782 2616 3051 2681 convenit,
3097 2633 3201 2686 qua
3236 2620 3469 2673 essentia
3506 2632 3610 2687 est,
3651 2631 3710 2676 ut
3746 2624 4015 2692 producat

2442 2702 2703 2773 Spiritum
2734 2718 3003 2774 sanctum,
3031 2712 3126 2766 sed
3150 2711 3301 2784 [273]
3348 2718 3606 2780 essentia,
3634 2733 3739 2786 qua
3770 2720 4013 2785 paterni-

2440 2806 2546 2851 tate
2580 2809 2627 2852 et
2644 2800 2903 2866 ﬁliatione
2925 2805 3109 2872 aﬂ'ecta
3138 2816 3212 2859 est
3241 2817 3289 2859 et
3318 2808 3638 2876 modiﬁcata,
3685 2811 4013 2879 quibuscum

2439 2890 2679 2959 spirandi
2731 2895 3035 2962 preprietas
3068 2898 3345 2967 complexa
3378 2908 3484 2964 est,
3516 2909 3576 2953 ut
3614 2900 3886 2970 theologia
3914 2901 4015 2955 do-

2439 2991 2545 3036 cet.
2585 3002 2605 3034 s
2633 2983 2752 3039 Jam
2792 2985 2944 3056 Hugo
2984 2987 3310 3047 Etheriauus
3341 2992 3617 3048 Pbotiante
3643 2996 4017 3049 ratioeiuatio—

2440 3076 2525 3129 nis
2558 3076 2749 3130 vitium
2778 3079 2910 3133 satis
2935 3080 3087 3146 vidit,
3115 3082 3243 3136 dum
3276 3082 3379 3137 hoc
3400 3094 3559 3153 pacto
3589 3085 3640 3137 in
3671 3085 3846 3154 ipsum
3876 3086 4015 3140 Pho-

772 3170 1020 3233 sionem;
1074 3173 1360 3241 disparitas
1424 3187 1509 3230 est
1550 3178 1873 3248 manifesta;
1913 3184 2038 3251 quia
2068 3197 2192 3241 ante
2220 3204 2341 3257 pro-
2367 3192 2411 3253 C
2446 3184 2447 3189 “

2335 3192 2411 3253 ,ρ
2446 3169 2580 3222 tium
2611 3170 2905 3226 insurrexit
2942 3173 2999 3243 (Ι.
3028 3189 3088 3237 ιι,
3126 3189 3173 3229 c.
3247 3177 3335 3241 18,
3368 3193 3422 3246 p.
3469 3177 3606 3232 1252
3634 3176 3698 3248 ll)
3732 3197 3745 3232 :
3799 3199 3818 3231 ι
3850 3180 4010 3234 Acuti

773 3262 1071 3315 cessionem
1124 3267 1421 3334 generatio,
1473 3277 1600 3321 ante
1627 3268 1887 3338 Spiritum
1916 3274 2084 3329 Filius
2113 3278 2341 3345 cogitari

772 3356 997 3410 omnino
1050 3358 1231 3422 debet,
1280 3358 1405 3414 licet
1453 3371 1667 3431 tempus
1696 3378 1791 3418 eos
1829 3380 1936 3418 non
1962 3367 2184 3430 dividat,
2216 3372 2342 3439 quia

771 3448 954 3503 divina
1002 3453 1237 3506 essentia
1261 3455 1373 3523 jam
1402 3454 1538 3510 Filio
1567 3461 1968 3515 communicata
2011 3465 2340 3533 concipitur,

772 3541 901 3593 dum
959 3542 1192 3610 Spiritus
1236 3560 1266 3598 a
1319 3544 1479 3602 Patre
1534 3551 1828 3618 procedere
1885 3552 2223 3625 intelligitur.
2253 3555 2337 3610 Cf.

769 3630 797 3699 §
826 3632 892 3685 50
923 3648 1035 3703 seq.

846 3722 996 3795 [272]
1011 3727 1061 3779 5.
1079 3726 1209 3795 Cap.
1231 3728 1264 3782 6
1290 3738 1464 3801 arguit
1480 3730 1778 3787 Photiusex
1802 3750 1886 3798 eo,
1906 3738 2047 3805 quod
2065 3738 2137 3793 sis
2151 3739 2341 3807 piratio

776 3815 1012 3885 Spiritus
1037 3820 1206 3873 sancti
1235 3824 1540 3877 communis
1575 3826 1647 3879 sit
1675 3824 1817 3880 Patri
1852 3838 1908 3881 et
1944 3829 2100 3894 Filio,
2146 3832 2342 3886 debeat

773 3918 828 3961 et
872 3907 1106 3976 Spiritus
1133 3922 1352 3966 sanctus
1393 3914 1514 3982 ejus
1543 3932 1664 3971 esse
1698 3919 1990 3989 particeps,
2023 3922 2095 3974 ita
2131 3932 2189 3977 ut
2218 3939 2341 3992 pars

774 3998 892 4066 ejus
919 3999 989 4052 sit
1018 4002 1366 4071 principium,
1412 4022 1537 4075 pars
1582 4009 1962 4077 principiatum
1992 4021 2048 4065 et
2074 4012 2188 4080 ipse
2217 4013 2339 4081 Spi-

776 4090 915 4145 ritus
952 4107 980 4143 a
1015 4108 1073 4146 se
1104 4094 1221 4162 ipso
1247 4097 1523 4164 procedat.
1551 4099 1627 4153 Ac
1654 4100 1699 4153 si
1743 4102 1952 4155 diceret
1984 4119 1996 4155 :
2032 4102 2208 4158 Latini
2239 4105 2339 4174 τὴν

775 4184 1046 4254 προβολὴν
1082 4188 1203 4240 ideo
1240 4204 1584 4245 communem
1637 4193 1820 4246 volunt
1873 4194 2017 4248 Patri
2080 4206 2136 4249 et
2180 4195 2336 4263 Filio,

775 4275 903 4344 quia
960 4292 1296 4345 quaecunque
1342 4280 1502 4333 habet
1556 4280 1735 4345 Pater,
1802 4282 1963 4335 habet
2028 4293 2082 4336 et
2142 4282 2338 4348 Filius;

776 4370 874 4422 sed
933 4370 1166 4437 Spiritus
1245 4386 1467 4425 sanctus
1535 4375 1726 4428 eodem
1773 4376 1933 4429 modo
1996 4376 2158 4430 habet
2220 4393 2341 4445 quae

776 4470 904 4514 sunt
962 4460 1134 4515 Patris
1193 4473 1250 4516 et
1302 4464 1458 4529 Filii;
1510 4466 1739 4535 ideoque
1768 4467 1820 4520 iu
1850 4482 2038 4521 eorum
2068 4470 2337 4523 sententia

2443 3260 2701 3327 sophista:
2762 3276 2825 3315 ac
2872 3263 3030 3331 periti
3066 3263 3291 3319 artificis
3321 3267 3644 3334 complexio,
3674 3278 3734 3321 ut
3773 3269 4009 3333 videtur,

2442 3366 2551 3404 non
2580 3352 2894 3406 inviolatam
2926 3363 3108 3409 servat
3137 3355 3317 3420 fidem,
3365 3358 3631 3412 dictiones
3681 3360 4016 3429 proferendo

2444 3442 2496 3495 in
2522 3443 2648 3498 dolo
2673 3453 2730 3497 et
2758 3446 2975 3509 astutia,
3005 3457 3061 3500 et
3092 3448 3146 3500 in
3175 3448 3441 3503 haeretica:
3467 3450 3763 3519 impietatis
3796 3467 4009 3507 veneno

2442 3535 2735 3590 obnoxium
2768 3538 3166 3594 invectionibus
3197 3556 3257 3595 se
3286 3541 3462 3611 ipsum
3503 3542 3653 3604 fecit.
3683 3544 3811 3598 licet
3851 3545 4009 3611 nolit,

2443 3641 2565 3680 cum
2599 3642 2708 3681 non
2735 3628 2933 3684 habeat
2958 3630 3197 3685 divinam
3217 3631 3611 3688 advocatricem
3651 3634 4011 3704 Scripturam,

2443 3718 2636 3771 miscet
2677 3735 2786 3773 non
2814 3721 3091 3776 miscenda
3147 3733 3202 3777 et
3237 3736 3514 3794 comparat
3544 3742 3655 3779 nou
3689 3742 4013 3797 comparau-

2442 3810 2529 3873 da,
2564 3818 2618 3865 et
2644 3812 2767 3879 quia
2798 3828 2905 3867 non
2929 3814 3191 3881 diiudicat
3217 3817 3485 3870 naturales
3513 3819 3799 3887 qualitates
3821 3834 3851 3871 a
3892 3837 4017 3889 pro-

2442 3902 2751 3969 prietatibus
2791 3904 2845 3957 in
2887 3904 3243 3959 Acherusiam
3301 3908 3550 3976 paludem
3613 3910 4009 3979 praecipitatur.

2440 3990 2559 4045 Non
2582 3993 2725 4046 enim
2758 3994 2900 4048 idem
2928 4005 3012 4050 est
3060 3999 3366 4066 proprietas
3396 4001 3627 4054 naturali
3660 4011 3714 4056 et
3747 4003 4003 4056 substan-

2443 4085 2556 4138 tiali
2581 4086 2822 4155 qualitati
2845 4087 2976 4157 (75).
3017 4106 3035 4139 ι
3075 4089 3277 4144 Deinde
3299 4092 3539 4146 ostendit
3588 4094 3706 4147 illas
3732 4094 4006 4149 naturales

2440 4179 2728 4245 qualitates
2787 4179 2959 4233 tribus
3015 4181 3264 4250 personis
3318 4197 3439 4236 esse
3498 4198 3835 4248 communes,
3896 4201 4008 4239 non

2441 4282 2573 4322 vero
2605 4270 2986 4337 proprietates.
3018 4271 3075 4325 ld
3093 4272 3256 4327 etiam
3283 4271 3437 4328 Joan.
3477 4274 3724 4329 Phurnes
3753 4292 4013 4347 agnosce-

2443 4361 2534 4415 bat
2592 4364 2755 4431 (apud
2811 4363 3038 4417 Beccum
3101 4366 3136 4418 Ι.
3202 4382 3252 4421 c.
3304 4382 3358 4436 p.
3407 4367 3553 4433 180),
3608 4368 3699 4436 qui
3759 4380 4011 4437 propter-

2444 4469 2507 4508 ea
2587 4456 2653 4508 ad
2713 4455 3037 4525 principium
3120 4456 3249 4511 illud
3307 4457 3584 4521 recurrit,
3642 4458 3701 4509 τὸ
3768 4458 4010 4526 προϐάλ-

776 4555 951 4607 cidem
1015 4556 1097 4608 sui
1154 4556 1325 4625 ipsius
1393 4533 2009 4627 spiram—vindicanda
2050 4570 2172 4626 est;
2234 4533 2557 4616 ετίιυλειν
2610 4563 2731 4602 esse
2784 4549 2957 4601 Patris
3037 4550 3420 4618 proprietatem
3497 4565 3593 4604 seu
3667 4549 4008 4619 personalem

778 4647 959 4714 itaque
1028 4646 1265 4715 Spiritus
1344 4666 1409 4704 ex
1472 4666 1577 4704 una
1645 4662 1798 4719 parte
1877 4655 2216 4721 producens,
2276 4671 2342 4709 ex

778 4740 941 4791 altera
1013 4754 1140 4793 vero
1189 4741 1501 4809 productus.
1565 4743 1633 4795 At
1677 4743 1822 4796 enim
1894 4746 2008 4797 hac
2059 4761 2172 4799 rem
2232 4762 2341 4801 non

778 4832 1028 4897 probant.
1068 4830 1334 4899 Supponit
1362 4833 1534 4900 primo
1585 4832 1812 4887 Photius
1838 4834 1966 4888 illud
2016 4836 2340 4905 principium

776 4923 883 4991 jam
939 4922 1250 4987 refutatum,
1306 4925 1439 4977 nihil
1498 4941 1619 4979 esse
1667 4942 1824 4994 posse
1869 4928 2075 4982 duabus
2099 4931 2343 4998 personis

778 5029 1088 5078 commune,
1118 5016 1260 5082 quod
1290 5032 1396 5068 non
1418 5026 1686 5085 competat
1717 5019 1875 5071 etiam
1916 5019 2115 5085 tertiae;
2148 5021 2344 5077 deinde

779 5107 1062 5161 confundit
1112 5110 1365 5162 idiomata
1427 5128 1489 5163 ac
1542 5128 1885 5179 personarum
1944 5123 2163 5168 tesseras
2219 5132 2342 5170 cum

777 5198 1142 5250 essentialibus
1174 5202 1463 5265 attributis,
1503 5212 1562 5253 ut
1583 5203 1693 5270 jam
1722 5202 1878 5256 Joau.
1908 5202 2109 5259 Beccus
2144 5204 2229 5273 (G.
2274 5206 2338 5259 0.

783 5289 907 5357 l,p.
972 5291 1227 5357 166-168)
1283 5294 1611 5348 observavit.
1671 5296 1989 5351 Communia
2040 5314 2172 5353 sane
2216 5307 2343 5352 sunt

852 5491 966 5561 (75)
1000 5492 1280 5545 Confessio
1315 5492 1476 5545 Marci
1517 5509 1605 5562 ap.
1647 5492 1807 5562 Creg.
1851 5492 1968 5560 Cpl.
2018 5492 2160 5561 (cod.
2198 5492 2339 5547 Mou.

781 5563 911 5615 9.7L
951 5563 1051 5615 115
1090 5570 1141 5629 a)
1172 5580 1184 5614 :
1229 5564 1409 5631 Μηδὲν
1444 5563 1537 5614 τοῦ
1582 5563 1705 5615 Υἱοῦ
1738 5563 2175 5631 συμϐαλλομένου
2207 5565 2342 5631 πρὸς

781 5634 879 5703 τὴν
906 5635 1246 5703 ἐκπόρευσιν,
1286 5634 1471 5703 ὥσπερ
1501 5633 1731 5686 οὐδὲτοῦ
1760 5634 2068 5702 Πνεύματος
2094 5634 2224 5701 πρὸς
2246 5634 2342 5704 τὴν

784 5719 1181 5839 γεῖξὲῗλὶξιίιιδ
1196 5774 1371 5829 dices:
1399 5775 1589 5829 harum
1613 5792 1712 5829 una
1744 5775 1830 5829 uni
1860 5790 2102 5845 persona:
2133 5784 2339 5828 tantum

783 5846 1055 5912 convenit,
1091 5846 1191 5901 alia
1224 5847 1456 5900 duobus.

2447 4649 2725 4703 tesseram,
2752 4640 2817 4693 de
2848 4657 2956 4709 quo
2996 4641 3104 4710 jam
3140 4642 3268 4695 satis
3297 4642 3553 4697 diximus.

2512 4730 2566 4783 4.
2606 4732 2863 4801 Sequitur
2892 4748 3010 4801 cap.
3069 4732 3380 4787 7dilemma
3421 4753 3433 4785 :
3473 4735 3580 4787 Aut
3614 4733 3850 4803 Spiritus
3883 4751 4012 4788 san-

2444 4833 2563 4876 ctus
2592 4838 2690 4891 per
2739 4824 3142 4891 processiouem
3182 4840 3211 4877 a
3241 4823 3377 4878 Filio
3406 4824 3479 4876 nil
3510 4825 3709 4894 accipit
3731 4825 4005 4880 diversum

2444 4915 2511 4967 ab
2545 4930 2609 4968 eo
2658 4917 2799 4983 quod
2871 4916 3064 4985 accipit
3110 4917 3453 4984 procedendo
3492 4932 3520 4970 a
3566 4915 3722 4970 Patre
3755 4958 3767 4980 ,
3797 4927 3851 4970 et
3886 4927 4014 4971 tunc

2446 5009 2719 5077 processio
2750 5024 2778 5060 a
2810 5006 2943 5063 Filio
2971 5019 3055 5063 est
3089 5008 3296 5063 inutilis
3329 5025 3391 5061 ac
3436 5024 3838 5077 supervacanea
3866 5026 3879 5073 ;
3919 5020 4012 5063 aut

2446 5100 2641 5168 accipit
2662 5100 2786 5169 quid
2816 5100 2883 5154 ab
2911 5101 2999 5155 illo
3022 5101 3317 5166 diversum,
3358 5110 3411 5155 et
3441 5110 3570 5155 tunc
3593 5102 3838 5169 sequitur
3863 5117 4012 5155 com-

2445 5194 2661 5262 positio.
2695 5192 3042 5261 Respondent
3068 5193 3297 5263 theologi
3348 5192 3423 5245 uil
3460 5193 3730 5246 diversum
3762 5193 4011 5261 accipere

2444 5284 2703 5357 Spiritum
2734 5295 2979 5339 sanctum
3005 5302 3101 5355 per
3131 5286 3535 5354 processiouem
3580 5302 3610 5338 a
3642 5282 3777 5337 Filio
3809 5294 3864 5339 et
3887 5284 4011 5339 hinc

2522 5496 2631 5564 (75)
2674 5496 2763 5551 Sic
2812 5497 3037 5548 omnino
3086 5492 3409 5564 legendum;
3469 5490 3735 5564 editiones
3767 5490 4006 5544 habent:

2452 5586 2470 5617 ι
2510 5562 2625 5620 Non
2658 5568 2802 5620 enim
2844 5567 2984 5618 idem
3012 5573 3095 5617 est
3143 5563 3444 5631 proprietas
3500 5562 3749 5631 naturali,
3792 5571 3848 5614 et
3880 5564 4005 5613 sub-

2444 5638 2641 5691 stantia
2684 5635 2999 5704 urqualitati.
3037 5652 3053 5684 ι
3091 5630 3292 5710 Τεχψε
3318 5632 3494 5710 editus
3522 5633 3575 5683 iu
3604 5630 3788 5684 multis
3831 5632 4005 5710 adhue

2444 5702 2783 5779 correctione
2816 5706 3040 5779 indiget,
3074 5719 3179 5779 qua
3211 5703 3354 5779 facta
3383 5702 3543 5766 hujus
3574 5702 4005 5779 prtestantissimi

2445 5777 2681 5846 theologi
2718 5791 2870 5831 mens
2901 5777 3057 5846 longe
3090 5774 3351 5829 illustrius
3383 5772 3683 5841 apparebit.
