4242 6438
263 424 361 489 501

972 423 1066 484 DE
1107 426 1168 486 S.
1213 425 1406 483 SPlR.
1448 423 1945 484 MYSTAGOGIA.
1976 446 2045 456 —
2083 419 2824 481 ANIMADVEBSIONES.

3399 415 3503 478 502

262 537 468 590 nullam
518 538 669 605 sequi
727 538 1195 606 compositionem,
1235 537 1329 591 sed
1382 537 1629 605 accipere
1674 537 1837 595 idem,
1868 543 1909 594 Δ

1868 543 1915 594 Α
1945 550 2028 585 σει
2086 535 2182 586 καὶ
2226 535 2325 601 μιᾷ
2377 530 2658 602 χορηγίᾳ),
2715 530 2999 598 imojuxta
3029 528 3388 582 Athanasium
3419 538 3505 582 est

260 644 445 697 neque
486 629 622 682 duas
677 644 798 682 esse
834 630 1236 697 processiones,
1301 630 1394 681 sed
1426 644 1609 689 unam,
1659 643 1838 697 neque

264 721 665 786 processionem
716 736 745 772 a
798 719 934 772 Filio
990 721 1095 773 diei
1132 735 1289 787 posse
1321 720 1589 773 inutilem.
1625 719 1836 772 Manuel

261 810 567 879 Calecas(|.
601 826 679 873 Ill,
731 825 783 878 p.
816 808 937 875 459)
971 819 1025 862 et
1067 810 1350 863 Bessarion
1401 810 1515 877 (lib.
1568 811 1642 862 De
1693 826 1836 875 τινος.

263 903 453 971 Spirit.
484 904 678 964 sancti,
720 920 771 970 p.
824 902 952 969 254)
982 903 1294 965 advertunt,
1324 901 1459 955 falso
1485 903 1571 955 hic
1621 916 1837 955 rursum

263 998 374 1050 duo
408 996 634 1063 supponi
660 996 922 1063 principia
958 995 1101 1063 (vide
1120 996 1355 1062 przeeed.
1384 1006 1488 1048 art.
1527 994 1554 1065 ᾗ
1593 996 1611 1046 1
1658 1010 1751 1064 seq
1783 994 1836 1063 );

264 1088 419 1160 [27‘]
455 1088 649 1141 deinde
667 1097 1043 1157 argumentum
1067 1089 1268 1157 duplici
1294 1089 1453 1143 modo
1482 1098 1797 1156 retorquent
1822 1106 1836 1141 :

265 1180 576 1244 Productio,
638 1196 742 1248 qua
775 1180 1009 1234 mundus
1062 1191 1147 1234 est
1191 1196 1219 1233 a
1254 1182 1437 1243 Patre,
1474 1190 1567 1233 aut
1596 1180 1837 1249 perfecta

265 1281 352 1325 est
379 1279 434 1325 et
472 1280 601 1325 tunc
630 1272 934 1325 frustranea
957 1279 1045 1325 est
1073 1272 1190 1325 Filii
1230 1288 1295 1325 ac
1327 1272 1565 1340 Spiritus
1600 1271 1837 1325 efficien-

269 1362 378 1425 tia;
410 1373 503 1415 aut
536 1361 849 1432 imperfecta
896 1372 952 1417 et
1000 1372 1131 1416 tunc
1201 1362 1609 1431 blasphematur
1657 1362 1835 1418 l’ater.

266 1450 368 1507 Vel
397 1455 509 1508 sic:
542 1454 586 1508 si
617 1455 856 1523 perfecte
882 1470 912 1508 a
944 1453 1105 1508 Patre
1134 1454 1363 1508 mittitur
1419 1454 1653 1523 Spiritus
1711 1472 1838 1509 san-

264 1556 411 1610 ctus,
454 1546 786 1614 superfluum
828 1548 952 1610 erit,
995 1556 1049 1600 et
1075 1562 1103 1599 a
1144 1546 1280 1600 Filio
1311 1549 1487 1612 mitti;
1541 1549 1623 1601 sin
1656 1559 1837 1602 autent

264 1636 607 1704 imperfecte,
669 1652 778 1689 non
838 1652 966 1706 ergo
1005 1635 1279 1703 perfectus
1326 1646 1407 1689 est
1468 1637 1645 1691 Pater.
1684 1637 1839 1702 Quod

263 1742 398 1779 vero
456 1726 545 1780 hic
598 1726 758 1791 valet,
826 1727 877 1780 id
934 1728 1079 1780 valet
1106 1744 1319 1796 quoque
1356 1729 1423 1782 de
1465 1732 1835 1799 processione,

266 1816 378 1869 imo
411 1819 579 1871 multo
605 1820 788 1887 magis.
842 1838 861 1869 ‹
908 1819 1171 1883 Perfecta,
1214 1830 1272 1874 ut
1302 1822 1555 1887 arbitror,
1588 1823 1837 1878 aitCale-
1867 1858 1909 1910 Β

264 1923 381 1971 cas,
419 1919 591 1962 estex
623 1909 779 1963 Patre
809 1914 1016 1965 entium
1050 1915 1357 1982 productio,
1389 1932 1495 1968 una
1547 1929 1602 1971 et
1646 1919 1835 1973 eadem

264 2016 496 2054 numero
544 2001 666 2054 Filii
705 2009 761 2054 et
806 2002 1045 2071 Spiritus
1076 2007 1141 2058 ad
1173 2022 1235 2059 ea
1268 2007 1614 2075 producenda
1643 2026 1835 2078 opera-

264 2090 360 2153 tio,
392 2107 567 2161 neque
600 2092 704 2145 alia
738 2103 821 2147 est
843 2095 1014 2161 illius,
1048 2098 1152 2152 alia
1207 2099 1422 2153 horum.
1467 2100 1556 2155 Sic
1610 2119 1739 2173 ergo
1781 2112 1836 2157 et

263 2185 318 2236 in
344 2184 427 2236 his
460 2184 659 2237 evenit.
694 2182 938 2240 Perfecta
968 2197 1071 2249 est,
1106 2199 1162 2244 et
1190 2192 1360 2261 magis
1400 2210 1560 2263 quam
1595 2194 1834 2264 perfecta

261 2287 349 2328 est
378 2291 442 2329 ex
465 2276 621 2329 Patre
636 2275 873 2344 Spiritus
898 2283 1067 2335 sancti
1101 2286 1396 2351 processio,
1423 2303 1528 2340 una
1564 2296 1616 2341 et
1643 2289 1833 2343 eadem

261 2387 491 2428 numero
516 2386 616 2440 est,
646 2396 764 2448 quae
817 2391 899 2434 est
938 2396 1004 2435 ex
1050 2381 1241 2434 eodem
1288 2380 1425 2435 Filio
1490 2385 1831 2451 processio...

260 2478 387 2517 cum
414 2481 518 2519 una
545 2478 597 2522 et
627 2473 814 2526 eadem
859 2488 1086 2526 numero
1135 2482 1403 2541 potestate
1453 2484 1678 2545 uterque
1708 2492 1835 2545 pro-

262 2556 475 2611 ducat.»
509 2561 768 2617 Similiter
795 2566 1093 2619 retorsione
1112 2566 1221 2632 jam
1246 2582 1379 2620 usus
1406 2568 1582 2621 fuerat
1608 2569 1829 2634 Beccus,

265 2649 416 2699 Omt.
454 2650 517 2702 de
548 2667 638 2703 un.
672 2651 814 2707 Eccl.
861 2670 918 2706 η.
952 2654 1022 2707 40
1057 2653 1144 2719 (G.
1178 2654 1238 2709 0.
1289 2657 1330 2719 Ι,
1366 2657 1488 2721 160,
1523 2658 1686 2727 161);
1722 2677 1741 2709 ι
1776 2658 1832 2711 Si

264 2750 485 2807 propter
511 2743 806 2810 perfectum
833 2746 1193 2814 processionis
1225 2763 1289 2801 ex
1323 2748 1481 2802 Patre
1511 2764 1835 2818 supervaca-

266 2843 423 2883 neam
483 2846 602 2884 esse
628 2832 784 2886 ducis
837 2835 1241 2902 processionem
1286 2851 1351 2887 ex
1389 2833 1549 2897 Filio,
1575 2836 1703 2904 quid
1744 2850 1833 2888 re-

266 2920 561 2986 spondebis
624 2924 936 2977 dicentibus
987 2943 999 2977 :
1064 2924 1119 2977 Si
1181 2926 1547 2994 suppeditatio
1598 2924 1836 2994 Spiritus

266 3014 439 3066 sancti
471 3029 535 3066 ex
591 3014 749 3069 Patre
782 3016 1019 3083 perfecta
1063 3025 1165 3081 est,
1225 3033 1626 3086 supervacanea
1672 3020 1835 3088 igitur

263 3106 371 3158 crit
395 3122 516 3174 quae
548 3123 613 3159 ex
657 3106 835 3161 Filio?
866 3108 1244 3162 Verumtamen
1294 3120 1348 3163 et
1391 3111 1682 3179 perfectam
1714 3126 1834 3164 esse

1943 628 2103 696 μόνος
2126 625 2223 676 τοῦ
2260 624 2578 691 Πνεύματος
2608 622 2841 693 χορηγὸς
2869 624 2898 673 ὀ
2926 622 3052 682 rw;
3078 619 3207 693 (7'7).
3228 620 3303 673 Ita
3335 619 3505 672 Maxi-

1939 734 2060 771 mus
2101 715 2469 784 Chrysoberga
2529 714 2562 765 Ι.
2591 728 2637 766 c.
2675 729 2725 767 c.
2759 713 2791 764 5
2822 712 2897 780 (ι).
2936 710 3116 776 1085).
3161 708 3268 763 Nec
3299 711 3506 764 abludit

1930 809 2006 861 'ab
2042 808 2125 859 his
2153 805 2304 874 Ilngo
2355 804 2695 864 Etheriauus,
2732 800 2824 868 qni
2876 801 2936 865 (Ι.
2975 817 3010 863 ι,
3038 816 3087 853 c.
3129 801 3211 855 Η».
3247 815 3300 866 p.
3342 798 3499 858 1207,

1940 898 2099 965 1208)
2152 897 2227 949 ita
2275 898 2455 964 arguit
2518 903 2704 946 contra
2760 892 3042 944 Nicolaum
3096 891 3499 944 Melliouensem

1938 992 2010 1057 (c.
2043 989 2152 1053 li).
2187 1006 2205 1037 ι
2245 989 2300 1039 Si
2333 988 2495 1056 igitur
2526 986 2799 1052 perfectus
2830 985 2973 1037 Deus
3001 993 3085 1036 est
3113 983 3277 1034 Filius
3301 998 3365 1036 ex
3393 982 3503 1034 Deo

1939 1082 2097 1134 Patre
2152 1081 2413 1148 perfecto,
2464 1078 2615 1146 quid,
2675 1077 2917 1145 inquam,
2964 1075 3197 1145 Spiritus
3227 1075 3292 1128 ad
3318 1075 3506 1141 hujus-

1938 1174 2081 1227 modi
2114 1172 2356 1226 conferat
2385 1171 2815 1240 perfectionem?
2839 1170 2941 1234 Qui
2970 1170 3013 1221 si
3053 1169 3280 1230 confert,
3311 1176 3503 1220 neuter

1936 1276 2021 1320 est
2049 1266 2341 1334 perfectus,
2367 1278 2541 1331 neque
2570 1262 2750 1324 Pater,
2788 1275 2965 1329 neque
3004 1260 3189 1313 Filius.
3224 1259 3507 1325 Quomodo

1938 1363 2080 1412 enim
2114 1358 2385 1427 perfectus
2410 1358 2453 1412 si
2486 1358 2618 1411 tanti
2654 1366 2797 1426 eget,
2828 1355 3014 1424 quanti
3070 1354 3303 1423 Spiritus
3345 1353 3505 1405 dator

1938 1452 2057 1503 est?
2089 1450 2182 1503 Sin
2214 1464 2345 1503 vero
2378 1464 2518 1502 unus
2543 1448 2685 1501 Deus
2714 1447 2988 1516 perfectus
3015 1456 3117 1507 est,
3156 1444 3315 1498 Pater
3340 1452 3395 1497 et
3428 1443 3508 1496 Fi-

1940 1542 2068 1606 lins,
2100 1551 2155 1596 et
2184 1541 2317 1593 nihil
2349 1540 2581 1609 amplius
2607 1548 2688 1593 est
2732 1538 2981 1591 invenire
3016 1552 3191 1604 neque
3234 1536 3413 1588 dicere
3438 1534 3505 1587 ad

1940 1632 2431 1686 manifestationem
2478 1640 2718 1700 paterna:
2776 1628 3143 1698 perfectionis,
3199 1625 3505 1695 superfluus

1941 1726 2126 1793 utique
2149 1724 2219 1778 sit
2251 1723 2503 1791 Spiritus.
2537 1720 2688 1785 Quod
2712 1720 2945 1788 cogitare
2974 1717 3200 1784 impium
3235 1725 3337 1769 est.
3373 1715 3504 1768 Nam

1939 1818 2081 1871 sicut
2106 1815 2429 1869 universitas
2461 1814 2674 1865 videtur
2698 1810 2871 1863 Patris
2921 1818 2977 1863 et
3006 1807 3124 1861 Filii
3178 1822 3315 1871 esse,
3347 1806 3417 1859 ita
3452 1814 3507 1858 ct

1941 1910 2176 1978 Spiritus
2232 1908 2403 1961 sancti
2431 1923 2445 1971 ;
2495 1915 2661 1972 atque
2690 1918 2826 1971 quos
2854 1910 3011 1955 vocat
3039 1900 3197 1954 Pater
3225 1909 3281 1951 et
3315 1896 3504 1962 Filius,

1939 2003 2039 2056 hos
2075 2010 2233 2055 vocat
2257 2000 2427 2053 Filius
2457 2006 2511 2051 et
2540 1996 2812 2064 Spiritus;
2841 2009 2977 2063 quos
3005 1993 3303 2047 sanctificat
3324 1992 3503 2056 Pater,

1939 2095 2037 2147 bos
2080 2090 2382 2146 sanctiﬁcat
2436 2100 2492 2142 et
2552 2088 2880 2157 Spiritus....
2916 2084 3212 2154 Propterea
3262 2082 3501 2152 perfecta

1940 2186 2175 2253 Spiritus
2196 2198 2260 2237 ex
2310 2182 2469 2236 Patre
2517 2181 2790 2250 processio
2846 2193 2951 2232 non
3006 2178 3167 2231 debet
3210 2174 3503 2244 prohibere

1935 2293 2054 2331 eam
2109 2293 2232 2345 qua:
2297 2290 2363 2329 ex
2400 2274 2536 2327 Filio
2570 2271 2719 2344 |276]
2751 2287 2871 2325 esse
2916 2270 3133 2332 dicitur,
3170 2284 3295 2322 cum
3322 2283 3501 2337 neque

1937 2369 2200 2438 perfectio
2227 2369 2347 2422 Filii
2378 2383 2440 2420 ex
2470 2366 2629 2420 Patre
2656 2364 2943 2436 prohibeat
2970 2362 3360 2432 perfectionem
3378 2376 3503 2415 san-

1935 2463 2009 2516 cti
2030 2463 2267 2531 Spiritus
2296 2477 2362 2514 ex
2396 2461 2583 2513 eodem
2612 2477 2626 2523 ;
2659 2474 2826 2527 quare
2854 2458 3074 2526 planum
3118 2466 3221 2519 est,
3254 2454 3398 2524 quod
3435 2469 3504 2507 ex

1938 2564 2168 2623 utroque
2198 2553 2584 2622 perfectionem
2608 2560 2662 2604 et
2689 2565 2812 2605 esse
2853 2550 3050 2604 habeat
3079 2547 3331 2617 Spiritus.
3367 2565 3385 2597 ι
3419 2547 3500 2598 Ad

1938 2662 2177 2716 praesens
2198 2662 2326 2700 vero
2351 2646 2711 2712 Photiicaput
2734 2645 2875 2697 idem
2910 2652 3099 2695 auctor
3141 2642 3199 2709 (l.
3235 2655 3293 2696 ιι.
3324 2656 3373 2694 c.
3409 2642 3499 2703 18,

1936 2755 1989 2808 p.
2021 2738 2178 2806 l255)
2207 2740 2279 2790 ita
2307 2736 2633 2804 respondet:
2684 2755 2702 2787 ι
2740 2734 2900 2788 Pater
2958 2734 3088 2787 facit
3136 2748 3228 2799 per
3278 2729 3496 2791 Filium,

1934 2830 2133 2898 aliquid
2180 2829 2478 2897 accipiens,
2517 2829 2636 2881 sine
2663 2843 2771 2896 quo
2805 2841 2991 2879 creare
3037 2825 3309 2893 impotens
3358 2831 3499 2882 erat,

1934 2925 2027 2992 qui
2084 2930 2338 2991 operatur
2370 2921 2551 2975 omnia
2582 2921 2634 2973 in
2685 2920 2956 2973 omnibus.
2990 2915 3245 2983 Nunquid
3298 2915 3501 2981 imper-

1937 3016 2075 3068 fecta
2105 3024 2187 3067 est
2217 3014 2461 3082 operatio
2488 3011 2665 3065 Patris
2694 3022 2787 3065 aut
2818 3011 2934 3063 Filii
2957 3018 3049 3062 aut
3077 3004 3347 3076 Spiritus?
3380 3004 3499 3059 Non

1938 3107 2141 3175 indiget
2187 3106 2346 3159 Pater
2392 3104 2644 3172 alicujus,
2700 3102 2969 3171 perfectus
3016 3116 3139 3153 cum
3187 3101 3255 3152 sit
3302 3114 3365 3151 ac
3400 3097 3501 3151 sibi

262 3211 331 3247 ex
359 3196 521 3250 Patre
547 3196 778 3265 Spiritus
801 3200 973 3252 sancti
1016 3201 1501 3268 suppeditationem
1534 3211 1588 3255 et
1636 3202 1837 3255 nibilo-
1861 3188 1906 3250 C
1939 3199 2231 3254 sufﬁciens.
2296 3196 2682 3250 Verumtamen
2712 3195 2894 3247 omnia
2946 3208 3042 3261 per
3070 3191 3263 3244 Filium
3292 3189 3498 3252 condit,

267 3287 449 3339 minus
488 3303 596 3340 non
631 3303 1087 3357 supervacaneam
1132 3294 1272 3359 (eam
1300 3308 1419 3359 quae
1447 3292 1552 3361 est)
1595 3308 1662 3346 ex
1701 3291 1837 3347 Filio

266 3390 490 3448 propter
514 3381 921 3449 perfectionem.
967 3400 1126 3452 quam
1159 3401 1224 3439 ex
1257 3385 1417 3440 Patre
1460 3388 1642 3453 habet,
1677 3390 1837 3444 indu-

266 3472 497 3524 bitatum
545 3482 627 3526 est
656 3471 790 3543 (76).
832 3492 851 3525 ι
904 3475 1164 3528 Maximus
1224 3475 1617 3547 Chrysoherga,
1679 3478 1833 3533 Orat.

265 3562 333 3613 de
358 3578 501 3629 proc.
527 3560 714 3631 Spirit.
742 3579 791 3617 c.
828 3566 861 3617 4
897 3563 1042 3636 [275]
1090 3566 1173 3635 (G.
1232 3566 1297 3621 0.
1336 3567 1400 3631 ll,
1456 3566 1610 3637 i083)
1646 3570 1837 3623 obser-

268 3665 380 3716 vat,
406 3664 724 3719 argumento
754 3654 929 3710 Photii
964 3677 976 3710 :
1016 3678 1033 3708 ‹
1069 3657 1121 3709 Si
1153 3657 1398 3727 perfecte
1426 3674 1491 3712 ex
1522 3659 1682 3714 Patre
1708 3677 1837 3729 pro-

267 3746 416 3800 cedit
451 3747 703 3815 Spiritus,
730 3765 837 3801 non
869 3750 1097 3818 amplius
1128 3766 1351 3805 necesse
1377 3761 1460 3805 est
1490 3768 1612 3805 eum
1645 3769 1837 3821 proce-

266 3839 400 3891 dere
426 3854 641 3907 quoque
666 3856 729 3892 ex
756 3840 907 3905 Filio,
943 3860 961 3891 ι
988 3844 1214 3895 omnino
1234 3843 1362 3896 illud
1393 3844 1697 3906 assimilari,
1726 3862 1836 3915 quo

268 3932 457 3984 Ariani
486 3932 561 3985 uti
589 3932 685 3984 visi
718 3942 847 3986 sunt
891 3951 904 3986 :
944 3932 999 3986 Si
1044 3932 1182 3987 Deus
1216 3934 1486 4003 perfectus
1536 3945 1620 3988 est
1655 3935 1834 4001 Pater,

267 4023 398 4090 quid
444 4038 581 4090 opus
627 4033 730 4089 est,
785 4033 841 4078 et
889 4024 1080 4077 Filium
1128 4024 1426 4093 perfectum
1499 4024 1668 4079 Deum
1715 4042 1836 4082 esse

268 4114 539 4168 credere?
584 4113 639 4169 Si
688 4116 927 4185 perfecta
982 4115 1157 4170 Patris
1209 4117 1388 4171 Deitas
1428 4132 1538 4171 non
1588 4118 1832 4187 impedit,

268 4207 563 4275 quominus
601 4223 663 4261 ea
689 4218 744 4261 et
772 4208 909 4262 Filio
939 4216 1231 4277 competat,
1266 4224 1368 4262 nec
1412 4208 1649 4277 perfecta
1671 4208 1839 4278 Spiri-

269 4309 359 4352 tus
394 4314 459 4353 ex
494 4297 653 4353 Patre
680 4300 955 4368 processio
1006 4300 1279 4369 prohibet,
1311 4316 1380 4355 ne
1408 4309 1463 4354 et
1490 4300 1659 4355 Filius
1692 4302 1746 4354 in
1772 4317 1836 4355 ea

268 4405 393 4441 mnn
425 4388 581 4443 Patre
608 4391 992 4445 communicet.
1034 4390 1302 4445 Praeterea
1363 4392 1554 4445 eodem
1584 4393 1709 4462 jure
1736 4408 1836 4447 ne-

267 4481 381 4549 gari
440 4490 618 4550 potest
662 4482 853 4535 Filium
920 4499 1040 4537 esse
1108 4484 1353 4538 datorem
1419 4484 1676 4553 Spiritus,
1705 4488 1830 4555 quia

268 4573 507 4642 perfecte
537 4575 695 4627 datur
726 4590 756 4627 a
786 4575 977 4640 Patre;
1009 4586 1064 4629 et
1112 4584 1313 4636 tamen,
1341 4576 1555 4641 Basilio,
1594 4587 1750 4644 teste,
1778 4588 1833 4632 et

270 4665 429 4716 Pater
458 4672 513 4717 et
568 4664 734 4718 Filius
764 4681 870 4718 uno
900 4676 1024 4719 actu
1055 4666 1187 4719 dant
1245 4664 1508 4733 Spiritum
1548 4670 1657 4736 (διὰ
1679 4669 1834 4721 τοῦτο

266 4754 499 4816 διδόντος
524 4755 657 4807 αὐτὸ
686 4754 777 4807 τοῦ
809 4756 1021 4825 Πατρὸς
1046 4757 1074 4807 ὀ
1110 4756 1235 4819 Υἱὸς
1256 4758 1388 4809 αὐτὸ
1406 4757 1591 4810 δίδωσι
1622 4761 1721 4828 μιᾷ
1747 4760 1833 4812 δό-

342 4932 455 4999 (76)
484 4934 543 4983 El
575 4932 680 5001 γὰρ
719 4932 805 4984 διὰ
844 4932 905 4983 τὸ
952 4932 1154 5001 τέλειον
1193 4932 1294 5000 τῆς
1342 4934 1405 4983 ἐκ
1466 4932 1558 4984 τοῦ
1622 4934 1834 4999 Πατρὸς

269 4999 658 5070 ὲκπορεύσεως
685 5002 939 5070 περιττὴν
982 4999 1119 5052 εἶναι
1154 4999 1329 5065 λέγεις
1359 5003 1457 5070 τὴν
1486 5005 1549 5054 ἐκ
1580 5004 1671 5054 τοῦ
1707 5004 1831 5056 Υἰοῦ

270 5075 621 5145 ἐκπύρωσιν,
654 5071 705 5121 τί
734 5074 796 5123 σὺ
832 5072 1069 5145 ᾁπολογή
1083 5089 1149 5140 σῃ
1179 5076 1287 5145 τοὶς
1330 5072 1512 5139 ἐροῦσί
1541 5090 1641 5124 σοι·
1674 5075 1832 5145 εἴπερ

271 5146 305 5210 ἡ
327 5143 391 5193 ἐκ
416 5143 622 5210 Πατρὸς
651 5142 881 5210 χορηγία
909 5140 1000 5212 τοῦ
1033 5144 1189 5207 ἁγίου
1233 5143 1547 5209 Πνεύματος
1571 5140 1830 5212 ἐντελὴς-⁷,

273 5211 501 5283 περιττὴ
530 5212 635 5278 ἄρα
680 5215 711 5279 ἠ
744 5214 807 5283 ὲκ
843 5210 937 5261 τοῦ
956 5212 1143 5283 ῥ’ἱοῦε
1202 5215 1282 5264 ὅτι
1326 5214 1431 5283 γὰρ
1467 5216 1557 5263 καὶ
1587 5210 1763 5265 τελείὰ
1799 5219 1829 5283 ὴ

270 5285 336 5334 ὲκ
363 5282 575 5349 Πατρὸς
608 5282 840 5349 χορηγία
886 5280 979 5331 τοῦ
1011 5283 1166 5347 ἁγίου
1202 5282 1517 5349 Πνεύματος
1560 5285 1653 5334 καὶ
1684 5280 1830 5349 ὃμωέ

269 5355 331 5405 οὐ
358 5352 584 5419 περιττὴ
634 5354 790 5419 καὶὴ
839 5355 901 5403 ἐκ
952 5351 1043 5402 τοῦ
1102 5352 1228 5403 Υἱοῦ
1275 5352 1358 5404 διὰ
1388 5352 1484 5421 τὴν
1523 5354 1831 5420 τελειότητα

271 5423 457 5492 τὴνγέκ
482 5421 574 5473 τοῦ
618 5421 850 5489 Πατρὸς,
881 5421 1266 5487 ἀναμφίδολον.
1306 5423 1392 5492 ξΣὺ
1419 5423 1473 5474 δὲ
1508 5427 1558 5475 εἰ
1605 5424 1701 5490 μὲν
1730 5424 1828 5492 οὐχ

268 5489 551 5559 ὁμολογεῖς
579 5493 669 5542 καὶ
700 5493 761 5543 ἐκ
784 5491 993 5559 Παῖρὸς
1024 5492 1233 5543 τελείαν
1276 5489 1410 5544 εἶναι
1444 5495 1541 5553 τὴν
1569 5489 1829 5561 χορηγίαῦ

268 5562 365 5615 τοῦ
407 5561 721 5631 Πνεύματος
748 5602 761 5621 ,
808 5561 901 5613 καὶ
941 5561 1033 5612 τοῦ
1081 5561 1210 5614 Υἱοῦ
1270 5563 1324 5614 δὲ
1372 5564 1591 5629 ὁμοίως,
1623 5567 1715 5614 καὶ
1754 5564 1828 5631 μὴ

272 5632 533 5713 περιττὴν
563 5672 575 5693 ,
614 5630 851 5713 οὓτευιςιὰ
885 5632 1110 5713 περιῖτὰ
1160 5633 1257 5701 τῆς
1280 5634 1426 5713 ’κατὰ
1468 5633 1527 5684 σὲ
1567 5633 1828 5699 περιττῆς

270 5701 650 5770 ἐκπορεύσεως
715 5701 884 5754 λάλει·
921 5706 967 5754 εἰ
1017 5702 1071 5752 δὲ
1105 5703 1195 5753 καὶ
1240 5702 1337 5771 τὴν
1385 5704 1448 5753 ἐκ
1474 5702 1567 5753 τοῦ
1620 5702 1827 5770 [ἰατρὸς

270 5772 533 5841 χορηγίαν
576 5771 670 5823 τοῦ
723 5772 880 5837 ἁγίου
921 5771 1229 5840 Πνεύματος
1286 5772 1496 5823 τελείαν
1549 5774 1828 5841 ὁμολογεῖς

270 5840 362 5897 καὶ
394 5847 459 5896 ἐκ
500 5842 591 5894 tot
652 5841 774 5894 ἰξοῦ
805 5842 859 5893 δὲ
887 5842 1094 5895 τελείαν
1118 5844 1248 5912 δέχῃ
1278 5846 1368 5895 καὶ
1400 5844 1657 5913 περιττὴν
1691 5840 1827 5897 εἶναι

1938 3293 2073 3346 nihil
2106 3292 2399 3359 accipiens,
2429 3289 2573 3358 quod
2606 3304 2712 3367 non
2760 3287 2965 3340 habuit.
3003 3284 3109 3339 Sed
3168 3296 3225 3339 et
3267 3283 3502 3354 Spiritus

1937 3402 2005 3438 ex
2032 3383 2165 3436 Filio
2196 3394 2250 3437 et
2283 3399 2379 3450 per
2406 3382 2600 3436 Filium
2648 3380 2912 3450 procedit,
2966 3380 3104 3432 nihil
3152 3380 3220 3432 ab
3273 3379 3392 3447 ipso
3421 3393 3506 3432 su-

1937 3489 2115 3539 mens,
2168 3474 2269 3527 nisi
2297 3475 2440 3543 quod
2473 3489 2502 3525 a
2530 3474 2688 3526 Patre
2732 3472 2969 3541 accipit;
3008 3471 3283 3540 perfectus
3318 3470 3504 3538 utique

1942 3569 2080 3620 Iteus
2103 3581 2167 3620 ac
2191 3565 2392 3618 nullius
2415 3565 2629 3633 indigus
2652 3579 2774 3619 eum
2797 3564 2866 3616 sit
2884 3563 3055 3625 Pater,
3078 3570 3299 3630 generat
3322 3572 3500 3615 tamen

1936 3674 2001 3712 ex
2039 3656 2341 3713 substantia
2402 3656 2619 3719 Filium,
2674 3671 2772 3725 per
2797 3670 2957 3724 quem
2989 3655 3174 3708 condit
3227 3656 3501 3717 universa,

1936 3766 2090 3820 atque
2120 3751 2219 3804 sibi
2244 3757 2539 3818 potentem.
2572 3747 2683 3802 Nec
2712 3749 2848 3802 adeo
2884 3747 3291 3817 superabundat
3323 3746 3496 3814 Spiri-

1939 3852 2024 3896 tus
2048 3856 2113 3894 ex
2140 3852 2371 3909 utroque
2399 3840 2726 3910 progressio,
2764 3855 2887 3893 cum
2916 3854 3091 3907 neque
3121 3837 3497 3908 imperfectum

1938 3933 2198 4002 Spiritum
2248 3932 2468 3994 indicet,
2524 3946 2698 3999 neque
2762 3932 3114 3999 impotentem
3164 3929 3375 3983 Patrem
3416 3930 3502 3984 vel

1936 4021 2130 4074 Filium
2153 4022 2508 4084 demonstret,
2548 4034 2725 4088 neque
2750 4020 2983 4088 aliquam
3028 4019 3251 4073 inducat
3280 4035 3500 4088 compo-

1936 4110 2208 4163 sitionem.
2252 4109 2306 4163 Si
2329 4110 2638 4163 substantiw
2668 4126 2792 4177 pars
2812 4109 2963 4163 foret
2992 4124 3152 4162 causa
3183 4120 3238 4163 et
3268 4110 3501 4163 causati-

1936 4219 2084 4267 vum,
2131 4203 2356 4257 haberet
2410 4203 2594 4270 utique
2651 4202 2828 4256 locum
2876 4202 3013 4255 ratio
3070 4200 3499 4270 compositionis.

1936 4294 2089 4350 Nunc
2125 4311 2252 4349 vero
2280 4303 2442 4349 natus
2470 4295 2575 4364 (ed.
2606 4294 2821 4361 natura)
2844 4293 3040 4347 dicitur
3059 4292 3245 4356 Filius,
3270 4292 3499 4347 emissus

1936 4403 2065 4442 vero
2118 4386 2373 4455 Spiritus,
2430 4402 2541 4439 non
2598 4387 2650 4438 in
2683 4400 2749 4439 eo
2772 4386 2913 4453 quod
2962 4384 3286 4447 substantia,
3317 4384 3413 4437 sed
3444 4384 3497 4436 in

1936 4494 2002 4533 eo
2053 4478 2196 4547 quod
2236 4478 2323 4530 hic
2371 4477 2589 4544 quidem
2634 4476 2890 4546 gignitur,
2939 4476 3026 4529 ille
3074 4491 3203 4529 vero
3230 4475 3493 4544 procedit.

1864 4536 1907 4589 θ
1938 4568 2045 4622 Sed
2073 4536 2179 4622 hoc
2200 4567 2267 4621 ad
2332 4536 2579 4619 naturam
2614 4536 2723 4619 nvon
2767 4536 2974 4635 spectat
3029 4536 3330 4619 Divinitatis
3360 4566 3491 4634 (78).

1934 4659 2178 4727 Amplius
2230 4675 2243 4710 :
2294 4656 2531 4711 Verbum
2574 4656 2667 4711 Dei
2698 4673 2819 4711 cum
2868 4657 2937 4710 sit
2967 4657 3264 4725 perfectum
3295 4664 3350 4709 et
3375 4658 3495 4709 nul-

1935 4753 2040 4805 lius
2068 4752 2333 4821 indigens,
2359 4750 2487 4819 quid
2515 4752 2722 4818 accepit
2746 4765 2775 4801 a
2806 4748 3008 4819 Spiritu
3035 4759 3243 4813 sancto,
3275 4748 3493 4817 quando

1932 4932 1992 4984 οὺ
2014 4931 2190 4997 λέγεις
2215 4968 2230 4991 ,
2272 4930 2377 5001 ἵνα.
2406 4929 2479 4997 μὴ
2515 4930 2637 5001 τοὺς
2695 4929 3177 5001 ἐκκλησιαστικοζλς
3204 4927 3491 5001 ὺπερϐήᾳῃ

1932 5004 2121 5071 ὅρους,
2160 4999 2387 5069 περιττά
2436 5016 2518 5050 σοι
2564 4998 2749 5050 λοιπὸν
2806 4998 2872 5050 τὲι
2908 5001 3033 5066 περὶ
3081 4998 3177 5067 τῆς
3224 4998 3488 5067 ἐκπορεύ-

1934 5088 2085 5131 σεως.

2003 5141 2113 5208 (77)
2142 5140 2216 5192 De
2250 5140 2354 5192 hoc
2391 5139 2667 5192 Athanasii
2704 5140 2847 5195 dicto
2886 5149 2971 5201 (ex
2998 5148 3135 5192 orat.
3172 5138 3220 5197 l,
3248 5152 3297 5190 c.
3336 5137 3487 5190 Aria-

1931 5226 2049 5274 nos,
2082 5211 2193 5263 sive
2221 5210 2399 5277 potius
2421 5249 2434 5268 ,
2485 5220 2543 5261 ut
2572 5209 2933 5262 communiter
2967 5224 3108 5261 nunc
3148 5218 3389 5277 vocatur,
3418 5223 3484 5263 ex

1930 5296 2015 5347 ep.
2048 5276 2314 5347 encyclica
2370 5279 2436 5331 ad
2480 5279 2648 5331 Afros
2686 5279 2877 5345 episc.)
2928 5278 3205 5343 disputant
3252 5276 3479 5345 Niceph.

1931 5351 2224 5403 Blemmida
2259 5359 2395 5401 orat.
2428 5349 2517 5410 24,
2548 5365 2594 5399 c.
2630 5352 2661 5401 6
2691 5350 2776 5415 ((3.
2810 5349 2869 5401 0.
2910 5347 2947 5407 l,
2980 5347 3092 5414 44),
3121 5348 3315 5414 Georg.
3350 5348 3481 5401 Me-

1934 5421 2134 5474 tochita
2158 5429 2344 5473 contra
2402 5419 2631 5471 Ilanuel.
2686 5421 2931 5471 (Iretens.
2961 5433 3009 5470 c.
3048 5420 3133 5476 19,
3176 5420 3244 5470 20
3274 5418 3389 5484 (lib.
3418 5434 3477 5481 ιι,

1931 5492 2067 5545 ιυδι
2104 5490 2275 5558 scq.),
2306 5490 2534 5543 Allatius
2565 5489 2616 5541 in
2665 5488 2861 5541 Vindic.
2909 5504 3024 5556 syn.
3070 5488 3256 5556 ΕρΙιεε.
3296 5502 3344 5540 c.
3389 5488 3479 5554 35,

1969 5602 1983 5615 .
2015 5562 2119 5614 544
2140 5577 2252 5615 seu.

1929 5579 1983 5631 p.
2015 5577 2119 5614 ou
2140 5577 2252 5628 seq.

1998 5631 2108 5699 (78)
2143 5628 2253 5682 Hoc
2275 5629 2351 5682 nil
2381 5630 2522 5683 aliud
2551 5629 2653 5682 sibi
2680 5629 2827 5688 vult,
2873 5628 2975 5681 nisi
3020 5628 3077 5678 τὸ
3111 5628 3387 5697 γεννητὸν,
3420 5627 3481 5679 τὸ

1928 5700 2253 5770 ἐκπορευτὸν
2276 5741 2290 5764 ,
2333 5701 2473 5753 sicut
2512 5715 2686 5767 neque
2712 5701 2770 5749 τὸ
2806 5700 3096 5770 ᾁγέννητον
3121 5740 3135 5762 ,
3190 5699 3478 5770 essentiam

1928 5788 2036 5825 non
2068 5767 2416 5836 constituere,
2440 5770 2580 5840 quod
2603 5780 2791 5825 contra
2825 5767 3148 5823 Eunomium
3188 5768 3372 5822 Patres
3396 5768 3482 5822 in-

1927 5843 2159 5896 culcaut.
