4242 6438
739 402 843 470 503

1867 392 2131 456 ΡΠΟΤΙΙ
2180 394 2686 458 PATRIARCH/E
2720 396 2829 460 (ΣΡ.

3890 388 3997 456 504

740 509 1036 581 assumpsit
1059 521 1277 562 carnem
1306 503 1459 561 carui
1491 502 1857 571 assistentem,
1891 508 2316 578 uuctionemque
2344 508 2389 563 Α
2419 505 2625 562 amoris
2668 505 3073 577 processiouem
3128 500 3521 574 iutelllgibiletn
3560 502 3853 575 prmexigat
3876 514 3932 559 et
3958 521 3991 560 a

742 604 883 659 illius
914 603 1132 667 factam,
1165 602 1307 655 sicut
1335 602 1597 668 scriptum
1627 609 1713 654 est
1744 614 1757 652 :
1809 617 1829 650 ι
1866 596 2051 655 Iesum
2085 617 2116 656 a
2146 602 2315 656 Naza-

742 699 886 755 reth.
913 709 1076 762 quem
1116 692 1269 747 unxit
1299 691 1446 748 Deus
1473 692 1677 763 Spiritu
1717 700 1909 746 saneto
1941 707 1997 747 et
2025 694 2262 747 virtute?
2289 712 2308 742 ι

741 787 862 842 Non
903 786 1066 856 igitur
1119 785 1473 856 indigentiam
1525 785 1762 853 aliquam
1802 784 1888 839 vel
1928 785 2314 855 imperfectum

740 879 1018 949 quidpiam
1048 877 1217 931 Filius
1243 879 1503 947 suppleus
1549 878 1786 947 Spiritus
1816 877 2049 931 emissor
2076 877 2311 931 exsistit.

739 972 812 1026 At
869 984 999 1024 vero
1026 968 1279 1022 emittere
1329 969 1470 1022 Deus
1500 967 1613 1035 (79)
1652 965 1804 1039 [277]
1836 983 1959 1022 eum
1998 967 2156 1022 Patre
2188 970 2314 1022 nola-

741 1064 848 1115 lius
895 1060 1097 1130 indigo,
1138 1067 1251 1111 tum
1280 1057 1421 1126 quod
1477 1056 1762 1111 amborum
1830 1055 2201 1110 indiﬂ’erenter
2230 1064 2314 1110 est

745 1152 999 1221 Spiritus.
1032 1161 1145 1205 tum
1179 1149 1320 1219 quod
1353 1149 1472 1203 sine
1501 1149 1679 1203 medio
1709 1150 1777 1203 de
1810 1149 1968 1203 Patre
1989 1147 2159 1203 Filius
2187 1165 2313 1218 pro-

740 1245 931 1307 venit;
968 1243 1168 1297 idcirco
1190 1258 1299 1295 non
1354 1258 1417 1296 ex
1447 1241 1564 1295 solo
1603 1240 1761 1295 Patre
1794 1242 2050 1310 Spiritus.
2088 1242 2182 1295 sed
2215 1242 2312 1311 (et)

743 1352 811 1390 ex
865 1337 1016 1400 Filio,
1047 1334 1136 1403 qui
1168 1335 1313 1387 solus
1336 1333 1545 1389 fructus
1589 1333 1795 1387 exsistit
1822 1333 1994 1387 Patris
2014 1334 2312 1387 secundum

743 1426 985 1480 eamdem
1021 1424 1415 1483 habitudinem.
1440 1440 1559 1492 qua:
1582 1439 1646 1477 ex
1671 1424 1832 1477 Patre
1860 1426 2121 1493 procedit.
2160 1444 2179 1475 ι
2214 1425 2313 1477 De.

742 1532 890 1569 mum
941 1531 1117 1584 neque
1180 1516 1282 1569 hoc
1345 1516 1818 1583 pr:L-tereuudum,
1866 1519 2007 1584 quod
2083 1516 2311 1569 similem

742 1608 1099 1675 objectiouem
1158 1617 1375 1659 sanctus
1421 1606 1656 1661 Thomas
1710 1608 1810 1659 sibi
1868 1607 2313 1675 preposuiteuo-

742 1698 1023 1753 dandam:
1084 1718 1101 1749 σ
1140 1698 1375 1766 Spiritus
1427 1707 1649 1751 sanctus
1697 1697 1938 1766 perfecte
1988 1700 2233 1767 procedit
2281 1714 2312 1753 a

742 1790 936 1855 Patre;
963 1807 1093 1860 ergo
1125 1788 1454 1859 superﬂuum
1500 1799 1582 1842 est
1614 1788 1817 1852 dicere,
1869 1792 2016 1859 quod
2053 1792 2314 1860 procedat

743 1900 773 1937 a
809 1883 963 1937 Filio.
1026 1901 1043 1932 ι
1081 1881 1254 1947 Quam
1301 1883 1375 1934 ita
1422 1881 1583 1935 solvit
1609 1882 1685 1949 (l,
1745 1899 1801 1951 q.
1840 1883 1926 1945 56,
1960 1898 2011 1937 a.
2043 1884 2078 1935 2
2111 1884 2178 1937 ad
2201 1885 2257 1952 6)
2294 1901 2309 1936 :

750 1992 769 2025 ι
819 1976 919 2028 Per
950 1975 1070 2037 hoc,
1099 1975 1245 2043 quod
1274 1973 1506 2041 Spiritus
1548 1984 1769 2027 sanctus
1802 1975 2040 2044 perfecte
2070 1976 2314 2045 procedit

745 2082 774 2118 a
801 2066 977 2131 Patre,
1005 2082 1114 2119 nou
1148 2066 1321 2119 solum
1356 2082 1463 2120 non
1482 2068 1815 2140 superﬂuum
1838 2069 2141 2132 estdicere,
2166 2069 2313 2139 quod

748 2157 986 2225 Spiritus
1018 2168 1240 2211 sanctus
1280 2161 1541 2226 procedat
1585 2178 1614 2215 a
1647 2161 1804 2222 Filio.
1838 2162 1931 2215 sed
1964 2161 2188 2215 omnino
2216 2176 2316 2215 ne-

746 2250 1061 2315 cessarium,
1130 2249 1257 2319 quia
1312 2266 1418 2305 una
1458 2254 1630 2307 virtus
1662 2265 1745 2308 est
1774 2254 1948 2308 Patris
1970 2262 2025 2307 et
2075 2254 2221 2308 Filii.
2250 2253 2316 2308 Et

746 2340 1001 2409 quidquid
1046 2348 1129 2393 est
1166 2355 1196 2393 a
1228 2337 1405 2406 Patre,
1437 2359 1661 2398 necesse
1694 2354 1777 2399 est
1806 2360 1929 2399 esse
1958 2361 1987 2397 a
2020 2346 2173 2410 Filio,
2211 2347 2315 2400 nisi

746 2435 1064 2502 proprietati
1096 2435 1368 2490 ﬁliatiouis
1396 2447 1679 2507 repugnet.
1716 2437 1834 2492 Non
1872 2438 2016 2492 enim
2044 2438 2213 2493 Filius
2236 2448 2318 2494 est

747 2547 777 2584 a
805 2547 863 2585 se
898 2533 1032 2601 ipso.
1058 2533 1231 2588 liceta
1264 2534 1441 2589 Patre.
1479 2554 1499 2586 ι
1527 2536 1609 2589 Cl.
1643 2537 1805 2590 etiarn
1834 2536 2022 2593 Petav.
2055 2538 2124 2593 de
2158 2539 2312 2593 Trin.

747 2641 845 2689 vlt,
886 2629 970 2691 16,
1021 2628 1074 2679 2.

820 2718 873 2771 5.
918 2719 1095 2787 Pergit
1122 2717 1348 2771 Photius
1369 2718 1441 2783 (c.
1475 2717 1569 2786 8):
1606 2716 1755 2771 Nova
1788 2717 1968 2787 aliqua
2005 2718 2193 2773 relatio
2221 2719 2319 2773 de-

751 2814 905 2866 beret
941 2812 992 2864 in
1024 2811 1337 2864 Latinorum
1381 2811 1669 2879 bypothesi
1711 2812 2040 2882 excogitari,
2081 2813 2130 2866 vi
2162 2812 2321 2881 cujus

752 2905 988 2973 Spiritus
1018 2914 1238 2957 sanctus
1263 2901 1398 2956 Filio
1428 2904 1906 2958 eousubstantialis
1928 2906 2091 2959 etiam
2112 2906 2319 2975 princio

752 2996 933 3065 piandi
978 2994 1205 3048 haberet
1252 2995 1663 3063 prterogativam
1704 2994 1772 3049 ad
1819 3011 1970 3049 suam
2006 2997 2321 3068 dignitatem

753 3086 1094 3141 servandam.
1123 3086 1235 3139 Hoc
1263 3096 1447 3155 caput,
1482 3088 1585 3140 etsi
1616 3088 2136 3152 brevissimum,etsi
2163 3090 2320 3143 aliine

2417 597 2596 653 Verbo
2613 601 2821 653 oriatur
2836 599 3023 661 Amor,
3049 606 3112 652 ut
3133 597 3275 651 idem
3291 596 3483 650 doctor
3502 593 3727 666 (Opusc.
3755 612 3839 661 Ill,
3859 612 3910 652 c.
3931 598 3991 666 3)

2415 692 2677 748 ostendit.
2728 691 2842 746 Hoc
2877 690 3110 746 sublime
3147 695 3531 760 argumentum
3577 688 3691 758 jam
3736 689 3965 758 exposui

2414 788 2755 857 Augustinus
2776 787 2874 856 (De
2898 785 3041 839 Trin.
3066 798 3157 849 xv,
3189 786 3257 839 17
3281 784 3425 854 seq.)
3461 798 3638 853 eoque
3674 784 3849 837 utitur
3873 794 3990 839 tum

2418 881 2749 933 Batramnus
2776 879 2831 941 (ν
2858 894 3021 947 supra
3047 889 3109 941 tt,
3141 876 3169 948 ᾗ
3198 877 3278 945 7).
3311 887 3427 931 tum
3459 874 3611 946 llugo
3641 873 3992 939 Etheriauus.

2414 972 2505 1042 qui
2538 972 2616 1041 (l.
2653 988 2690 1033 ι,
2716 986 2766 1025 c.
2792 970 2882 1034 ﬂ,
2920 962 3172 1039 p.1208)
3197 968 3446 1023 adductis
3475 967 3785 1038 Hieronymi
3807 968 3995 1023 verbis

2418 1067 2496 1133 (in
2526 1064 2661 1133 psal.
2694 1063 2807 1132 xw)
2834 1081 2846 1115 :
2888 1082 2907 1114 ι
2938 1062 3174 1132 Spiritus
3202 1070 3425 1116 sanctus
3457 1075 3559 1115 nec
3582 1058 3742 1113 Pater
3770 1070 3857 1113 est
3887 1075 3995 1115 nec

2416 1154 2604 1219 Filius,
2632 1155 2724 1208 sed
2759 1154 3001 1215 dilectio.
3029 1168 3191 1222 quam
3230 1152 3394 1207 habet
3432 1152 3591 1205 Pater
3618 1151 3670 1204 in
3708 1151 3905 1205 Filium
3934 1161 3997 1205 et

2416 1247 2588 1301 Filius
2620 1247 2673 1299 in
2702 1245 2936 1308 Patrem,
2968 1264 2986 1295 ι
3026 1245 3099 1299 ita
3122 1245 3508 1315 prosequitur:
3540 1263 3559 1296 ς
3589 1242 3860 1309 Quoniam
3894 1245 3998 1315 igi-

2417 1348 2507 1391 tur
2558 1337 2814 1406 Spiritus.
2862 1346 2924 1389 ut
2956 1345 3041 1390 est
3086 1352 3238 1389 amor
3275 1335 3469 1397 Patris,
3522 1335 3594 1387 ita
3634 1347 3688 1389 et
3733 1334 3875 1399 Filii,
3931 1346 3998 1390 ut

2416 1431 2660 1500 procedit
2688 1446 2753 1483 ex
2803 1428 2960 1482 Patre
2987 1468 3001 1491 ,
3049 1429 3296 1498 procedit
3332 1445 3398 1481 ex
3434 1427 3597 1491 Filio,
3642 1428 3993 1482 manifesmm

2416 1522 2583 1591 igitur
2610 1530 2694 1573 est
2721 1535 2783 1573 ex
2806 1518 2990 1581 dictis,
3017 1519 3161 1587 quod
3181 1533 3289 1571 non
3322 1519 3617 1572 exsistente
3635 1517 3749 1570 Filii
3784 1517 3994 1586 Spiritu

2414 1631 2593 1683 neque
2622 1630 2687 1666 ex
2719 1613 2839 1681 ipso
2874 1612 3202 1680 procedente
3252 1612 3583 1680 impossibile
3612 1620 3695 1665 est
3738 1613 3994 1666 eumdem

2414 1704 2680 1774 Spiritum
2715 1702 2894 1755 Patris
2922 1717 3041 1755 esse
3085 1702 3169 1755 vel
3214 1716 3281 1755 ex
3314 1701 3472 1755 Patre
3523 1702 3837 1769 procedere.
3874 1720 3892 1751 ι
3933 1701 3997 1755 ιιι

2414 1796 2621 1867 pariter
2647 1794 2843 1864 probat
2878 1793 3035 1848 Joan.
3068 1794 3437 1863 Argyropulus
3481 1792 3583 1853 (De
3627 1810 3769 1861 proc.
3802 1793 3992 1861 Spir-it.

2419 1889 2609 1951 sancti,
2642 1902 2693 1941 e.
2726 1887 2761 1939 5
2788 1900 2907 1953 seq.
2942 1883 3005 1939 G.
3037 1884 3102 1938 0.
3143 1886 3182 1945 I,
3223 1886 3326 1940 401
3356 1884 3496 1953 seq.)
3520 1926 3535 1949 ,
3570 1884 3995 1939 occidentalium

2420 1994 2637 2049 quoque
2663 1979 2945 2033 doctorum
2976 1975 3262 2047 principiis
3288 1975 3552 2036 imbutus.
3583 1974 3637 2027 in
3674 1975 3996 2028 nominibus

2419 2072 2579 2139 λόγου
2607 2080 2663 2125 et
2689 2070 2909 2139 ἀγάπης
2940 2070 3217 2123 insistens.
3244 2066 3310 2120 ll.
3342 2066 3684 2135 lntequalitas
3714 2066 3996 2137 dignitatis

2420 2178 2776 2234 personarum
2803 2160 2929 2215 inde
2952 2160 3123 2229 repeti
3158 2158 3367 2228 nequit,
3387 2157 3532 2226 quod
3554 2172 3659 2211 una
3682 2167 3765 2211 est
3786 2158 3996 2227 absque

2421 2256 2724 2331 principio,
2770 2255 2938 2308 altera
2997 2268 3029 2307 a
3075 2253 3345 2322 principio
3392 2259 3557 2321 atque
3622 2251 3994 2319 principians,

2425 2353 2586 2408 tertia
2626 2366 2658 2404 a
2708 2347 3009 2419 principio,
3050 2362 3231 2415 neque
3292 2355 3476 2400 tamen
3532 2343 3883 2413 principiaus.
3934 2342 3997 2395 Id

2423 2446 2655 2501 Photius
2676 2441 2890 2505 Statuit,
2917 2441 3045 2493 dum
3076 2438 3335 2508 supponit
3355 2438 3615 2507 Spiritum
3636 2453 3743 2491 nou
3773 2450 3998 2489 servare

2422 2539 2741 2608 dignitatem
2778 2548 2955 2594 suam,
2998 2530 3045 2583 si
3083 2545 3193 2583 non
3230 2538 3314 2583 est
3361 2529 3477 2597 ipse
3517 2543 3732 2597 quoque
3765 2526 4001 2594 alicujus

2423 2625 2747 2700 principium
2769 2661 2786 2685 ,
2841 2619 3301 2690 quemadmodum
3328 2618 3516 2675 Filius.
3568 2618 3775 2673 Revera
3812 2624 4002 2686 posset

2427 2722 2577 2790 ipse,
2636 2716 2727 2784 qui
2769 2720 2850 2767 tot
2914 2712 3194 2765 hmreseon
3243 2709 3468 2763 Latinos
3524 2710 3758 2771 incusat,
3809 2708 4004 2761 Euno-

2426 2807 2700 2865 miauismi
2761 2801 2952 2872 argui,
3007 2800 3135 2855 dum
3206 2800 3293 2855 hic
3354 2808 3410 2854 et
3455 2800 3585 2854 alibi
3645 2815 3713 2854 ex
3772 2798 4004 2869 originis

2426 2903 2783 2958 relationibus
2847 2897 3102 2956 essentia:
3158 2892 3520 2962 aequalitatem
3586 2892 3724 2946 afﬁci
3791 2900 4001 2945 censet.

2433 3014 2452 3047 ι
2487 2995 2816 3063 IEqualitas,
2842 2994 2921 3047 ait
2951 2991 3218 3052 Thomas,
3251 2986 3305 3039 in
3355 2985 3557 3039 divinis
3601 2995 3655 3039 et
3702 2983 4005 3038 similitudo

2428 3086 2727 3139 attenditur
2754 3084 3054 3138 secundum
3086 3076 3420 3142 essentialia,
3446 3091 3549 3130 nec
3578 3085 3757 3146 potest
3799 3090 4007 3129 secun-

754 3193 875 3247 cap.
908 3178 941 3230 '5
969 3177 1111 3245 (vide
1135 3190 1298 3245 supra
1336 3176 1435 3245 §i,
1457 3176 1512 3247 2)
1541 3187 1703 3247 atque
1732 3193 1797 3231 ex
1820 3188 1972 3247 parte
2002 3179 2055 3232 in
2076 3196 2143 3233 eo
2178 3180 2324 3235 rel'u—
2348 3204 2393 3267 ρ
2429 3181 2557 3235 dum
2614 3179 2906 3233 dictionem
2967 3174 3288 3230 relationum
3342 3170 3679 3267 inaequalitas
3719 3168 3869 3242 [πθ]
3915 3169 4010 3267 vel

756 3280 928 3322 talum
949 3307 964 3330 ,
1004 3270 1103 3323 etsi
1149 3271 1479 3324 assertioncs
1508 3270 1879 3341 complectens
1918 3288 1949 3326 a
1995 3272 2189 3329 Photio
2217 3292 2324 3330 non
2358 3260 2393 3267 —
2427 3270 2812 3325 dissimilitudo
2828 3268 2953 3322 dici.
2981 3266 3138 3321 Unde
3154 3263 3292 3332 Aug.
3316 3277 3365 3322 ς.
3393 3260 3611 3315 Haxim.
3632 3278 3716 3325 tlt,
3742 3262 3807 3315 18
3824 3261 3959 3316 dicit
3987 3276 4006 3313 ε

757 3361 1033 3430 probatas.
1068 3368 1246 3413 tamen
1285 3361 1466 3429 plures
1510 3362 2015 3419 animadversiones
2059 3367 2326 3435 exposcit,

757 3468 879 3520 qua:
906 3462 961 3506 et
1010 3452 1152 3506 circa
1189 3452 1323 3505 alios
1366 3453 1611 3520 ejusdem
1663 3454 1998 3524 syllogismos
2049 3458 2325 3514 valebunt.

759 3540 802 3595 Ι.
842 3542 1061 3596 Certqu
1093 3550 1266 3596 estex
1295 3542 1526 3596 revelata
1564 3544 1810 3597 doctrina
1831 3585 1846 3609 ,
1878 3544 2140 3615 Spiritum
2197 3565 2329 3604 sane

760 3644 907 3688 etum
944 3648 1065 3687 esse
1109 3632 1398 3686 terminum
1437 3642 1766 3687 teteruarum
1813 3644 1868 3687 et
1917 3636 2329 3692 immaueuti-usn

760 3726 1032 3794 originum
1075 3734 1131 3778 et
1167 3724 1307 3778 ultra
1359 3732 1470 3778 tres
1518 3739 1778 3794 personas
1834 3726 2183 3783 Divinitatem
2220 3746 2330 3788 non

762 3819 1004 3873 extendi.
1032 3819 1269 3872 Thomas
1291 3817 1350 3887 (ι.
1369 3832 1421 3871 c.
1452 3833 1507 3886 q.
1530 3818 1620 3883 27,
1644 3833 1697 3871 a.
1722 3819 1777 3886 3)
1808 3834 1821 3871 :
1854 3838 1871 3871 ι
1910 3818 1969 3873 1η
1991 3820 2193 3876 divinis
2222 3839 2333 3877 non

763 3919 846 3964 est
888 3911 1182 3979 processio,
1238 3908 1344 3962 nisi
1379 3909 1679 3963 secundum
1728 3910 2022 3976 actionem,
2071 3929 2193 3983 qua:
2221 3930 2333 3969 nou

764 4002 940 4057 tendit
989 4003 1042 4055 in
1086 4001 1288 4070 aliquid
1324 4001 1715 4066 cxtrinsecum,
1754 4003 1850 4056 sed
1897 4016 2081 4059 manet
2117 4007 2173 4059 in
2218 4006 2337 4075 ipso

766 4103 979 4164 agente.
1010 4091 1329 4161 Hujusmodi
1353 4101 1534 4145 autem
1553 4093 1705 4147 actio
1737 4094 1794 4147 in
1835 4095 2188 4152 iutellectuali
2235 4115 2336 4153 na-

764 4197 889 4241 tura
906 4196 989 4239 est
1009 4188 1151 4238 actio
1168 4184 1459 4237 intellectus
1488 4195 1544 4237 et
1562 4186 1705 4239 actio
1724 4188 2031 4242 voluntatis.
2060 4189 2337 4244 Processio

768 4288 945 4331 autem
982 4276 1129 4330 Verbi
1161 4275 1458 4330 attenditur
1486 4278 1784 4331 secundum
1824 4280 2095 4335 actionem
2139 4282 2341 4338 intelli-

769 4372 1012 4440 gibilem.
1049 4370 1360 4423 Secundum
1398 4374 1580 4421 autem
1626 4372 1999 4440 operationem
2043 4375 2340 4431 voluntatis

770 4472 1048 4521 invenitur
1099 4468 1152 4519 iu
1198 4466 1356 4519 nobis
1403 4466 1650 4538 quaedam
1699 4464 1803 4517 alia
1853 4466 2157 4534 processio.
2217 4469 2335 4522 scil.

2430 3362 2668 3433 Originis
2715 3360 2945 3430 quaestio
2979 3364 3084 3420 est,
3124 3354 3269 3424 quod
3305 3354 3516 3422 dequo
3555 3354 3647 3417 sit,
3684 3354 4010 3422 aequalitatis

2430 3464 2638 3513 autem.
2670 3452 2844 3521 qualis
2872 3460 2967 3503 aut
2999 3457 3227 3517 quantus
3268 3444 3455 3500 sit.....
3492 3444 3644 3500 Sicut
3683 3449 3871 3501 eadem
3914 3463 4012 3502 es-

2432 3544 2630 3606 sentia,
2677 3559 2796 3612 qua:
2838 3551 2922 3595 est
2966 3542 3019 3594 in
3070 3538 3230 3595 Patre
3273 3540 3593 3613 paternitas.
3640 3538 3695 3592 in
3740 3539 3877 3592 Filio
3925 3549 4015 3594 est

2434 3634 2643 3699 ﬁliatio,
2682 3635 2755 3687 ita
2795 3634 2981 3687 eadem
3012 3631 3266 3697 dignitas,
3299 3648 3418 3702 quae
3443 3634 3493 3685 in
3528 3632 3685 3686 Patre
3715 3641 3799 3685 est
3826 3641 4014 3701 pater-

2434 3730 2600 3794 nitas,
2656 3728 2710 3779 in
2759 3726 2897 3780 Filio
2940 3735 3024 3780 est
3068 3724 3278 3779 ﬁliatio.
3318 3746 3337 3777 ι
3376 3726 3461 3795 (Q.
3503 3726 3592 3787 η,
3640 3740 3691 3779 a.
3738 3725 3774 3778 4
3827 3725 3895 3777 ad
3927 3723 4012 3792 2.)

2435 3819 2561 3877 Pari
2589 3820 2749 3875 modo
2769 3821 2835 3874 ad
2865 3829 3245 3890 argumentum
3266 3817 3395 3872 illud
3429 3835 3441 3870 :
3466 3837 3485 3869 ι
3513 3815 3683 3870 Filius
3698 3832 3809 3870 non
3836 3817 4015 3885 magis

2438 3913 2698 3967 convenit
2723 3928 2850 3968 cum
2893 3912 3073 3978 Patre,
3119 3928 3283 3982 quam
3330 3908 3568 3979 Spiritus
3614 3924 3875 3973 sanctus;
3915 3910 4014 3963 szd

2440 4002 2678 4073 Spiritus
2726 4013 2946 4059 sanctus
2975 4015 3031 4059 et
3070 4003 3235 4058 Pater
3270 4017 3380 4057 non
3433 4010 3562 4056 sunt
3589 4017 3758 4054 unum
3807 4001 4017 4071 princi-

2440 4098 2590 4166 pium
2661 4107 2911 4165 respectu
2979 4095 3209 4168 alicujus
3264 4094 3465 4150 divinae
3530 4108 3819 4164 personm;
3883 4106 4017 4163 ergo

2441 4204 2622 4259 neque
2650 4190 2809 4243 Pater
2831 4199 2889 4244 et
2924 4187 3113 4249 Filius.
3146 4208 3164 4241 ι
3193 4189 3265 4243 ita
3306 4190 3599 4261 respondet
3628 4198 3702 4257 (q.
3759 4187 3854 4251 36,
3893 4202 3949 4240 a.
3983 4186 4018 4239 ι

2442 4282 2508 4336 ad
2545 4281 2643 4351 3):
2685 4300 2704 4332 ι
2749 4280 2833 4335 Ad
2871 4282 3092 4336 tertium
3138 4282 3465 4349 dicendum,
3520 4282 3664 4353 quod
3710 4280 4018 4336 secundum

2444 4375 2701 4429 relativus
2746 4376 3106 4444 proprietates
3168 4392 3276 4431 non
3337 4376 3634 4431 attenditur
3694 4376 3748 4430 in
3815 4374 4020 4429 divinis

2444 4468 2741 4523 similitudo
2758 4467 2841 4521 vel
2854 4467 3256 4531 dissimilitudo,
3272 4469 3365 4523 sed
3381 4468 3680 4522 secundum
3697 4467 4016 4521 essentiam.

772 4562 1031 4628 processio
1056 4560 1260 4613 Amoris
1286 4602 1299 4623 ,
1335 4560 1633 4614 secundum
1681 4572 1843 4627 quam
1890 4566 2130 4612 amatum
2164 4570 2249 4614 est
2281 4561 2333 4613 in
2371 4581 2413 4635 ι)
2449 4560 2605 4615 Unde
2634 4560 2775 4614 sicut
2803 4559 2962 4614 Pater
2993 4575 3102 4613 non
3128 4568 3212 4614 est
3240 4560 3466 4613 similior
3497 4560 3624 4637 sibi,
3668 4575 3833 4628 quam
3857 4559 4019 4623 Filio,

772 4664 1009 4715 amante.
1034 4655 1175 4708 sicut
1192 4670 1285 4723 per
1302 4652 1710 4721 conceptionem
1738 4648 1888 4721 [2'78]
1914 4652 2063 4704 verbi
2090 4668 2176 4706 res
2194 4653 2338 4708 dicta

774 4746 860 4798 vel
910 4746 1179 4799 intellecta
1228 4754 1311 4799 est
1370 4744 1423 4797 ia
1483 4741 1837 4810 intelligente.
1876 4741 2032 4796 Unde
2066 4753 2122 4795 et
2149 4755 2345 4812 praeter

773 4837 1177 4907 processiouem
1197 4836 1357 4890 Verbi
1381 4838 1597 4894 ponitur
1615 4832 1715 4885 alia
1736 4832 2012 4901 processio
2040 4835 2092 4887 in
2118 4835 2342 4899 divinis,

775 4944 894 4997 quae
928 4936 1013 4983 est
1052 4931 1309 4995 processio
1348 4931 1572 4984 Amoris.
1612 4947 1629 4979 ι
1676 4924 1884 4979 Exinde
1937 4927 2097 4979 etiam
2152 4929 2348 4997 probat

778 5022 852 5077 (a.
886 5021 938 5090 5)
964 5022 1016 5075 in
1047 5023 1245 5077 divinis
1268 5038 1374 5076 non
1404 5024 1585 5092 plures
1611 5034 1773 5088 quam
1798 5019 1933 5072 duas
1969 5021 2349 5088 processiones

778 5127 920 5173 esse,
960 5120 1013 5164 et
1044 5113 1190 5181 (a.'5.
1220 5113 1284 5165 ad
1319 5114 1370 5181 1)
1401 5114 1559 5167 docet
1596 5132 1613 5163 ι
1637 5108 1782 5181 quod
1818 5125 1927 5162 non
1966 5119 2053 5163 est
2094 5127 2347 5166 necessa-

781 5204 923 5256 rium
958 5204 1254 5271 procedere
1299 5206 1352 5257 in
1401 5205 1598 5259 divinis
1635 5202 2074 5275 processiouibus
2118 5204 2170 5256 in
2225 5205 2349 5258 iun-

782 5294 978 5346 nitum.
1005 5291 1287 5348 Processio
1306 5297 1474 5359 enim,
1497 5314 1617 5366 quas
1641 5298 1822 5353 estad
1850 5298 2011 5359 intra,
2041 5297 2096 5349 in
2130 5296 2349 5349 intelle-

782 5386 945 5439 ctuali
965 5397 1179 5448 natura,
1205 5388 1526 5441 terminatur
1544 5390 1595 5442 in
1619 5390 1963 5460 processioue
1984 5388 2295 5443 voluntatis.
2328 5408 2345 5439 ι

784 5476 860 5530 Ex
896 5476 997 5531 hac
1024 5479 1237 5549 egregia
1280 5480 1526 5534 doctrina
1568 5483 1729 5535 etiam
1774 5497 1867 5551 per
1898 5496 1957 5534 se
2001 5482 2352 5549 consequitur

786 5573 1063 5642 processio
1092 5573 1323 5642 Spiritus
1354 5576 1522 5628 sancti
1568 5591 1634 5629 ex
1685 5574 1839 5638 Filio,
1902 5590 2025 5628 cum
2075 5573 2353 5642 processio

856 5706 969 5778 (79)
1000 5711 1065 5765 Et
1109 5712 1197 5765 hic
1248 5712 1425 5785 lectio
1452 5723 1704 5781 corrupta
1764 5713 2012 5779 videtur;
2066 5713 2351 5785 legendum

787 5778 1038 5841 Fortasse.
1073 5785 1141 5835 At
1168 5798 1296 5835 vero
1325 5783 1524 5834 emittit
1556 5778 1700 5836 euut.

862 5849 975 5921 (80)
998 5853 1077 5906 (Lf.
1108 5852 1265 5923 Grcg.
1305 5854 1426 5905 Ma.
1458 5863 1592 5906 orat.
1621 5855 1707 5917 5‘2,
1739 5872 1789 5937 pb.
1840 5855 1961 5919 510,
1993 5854 2075 5910 ed.
2104 5853 2223 5908 Bill.
2257 5853 2353 5908 Ba-

2448 4654 2522 4707 ita
2550 4668 2653 4707 nec
2676 4652 2845 4706 Filius
2865 4653 3095 4707 similior
3119 4651 3265 4706 Patri
3281 4668 3441 4721 quam
3469 4651 3704 4723 Spiritus
3721 4663 3966 4708 sanctus.
3996 4670 4016 4705 ο

2448 4742 2589 4815 Ergo
2617 4759 2724 4797 non
2757 4744 2956 4797 amittit
2985 4743 3219 4811 Spiritus
3252 4752 3473 4797 sanctus
3505 4754 3658 4795 stram
3698 4742 4021 4812 dignitatem

2448 4850 2515 4888 eo
2542 4834 2686 4903 quod
2728 4834 2871 4886 nulla
2901 4834 2970 4886 ab
2994 4849 3059 4887 eo
3084 4849 3312 4901 persona
3352 4834 3610 4904 procedat
3638 4842 3694 4888 et
3717 4834 3759 4887 si
3792 4832 4022 4886 Photius

2448 4928 2502 4983 id
2546 4925 2846 4985 contendit,
2905 4939 3027 4977 cum
3088 4925 3357 4980 Eunomio
3430 4926 3725 4981 contendat
3782 4934 4022 4993 oportet,

2448 5020 2782 5092 ingenitum,
2819 5018 3084 5091 genitum,
3114 5034 3179 5071 ac
3224 5020 3526 5091 generatim
3573 5020 3632 5070 τὸ
3671 5018 3849 5086 ἀρχήν
3881 5033 4025 5077 τινος

2450 5113 2588 5169 εἶναι
2620 5118 2789 5185 ipsam
2833 5114 3167 5168 constituere
3211 5122 3461 5170 naturam
3485 5153 3499 5176 ,
3527 5112 3670 5182 quod
3710 5127 3740 5164 a
3768 5110 4026 5163 Patribus

2452 5210 2613 5263 toties
2655 5208 3076 5263 condemnatum
3126 5215 3212 5260 est
3259 5208 3390 5278 (80).
3451 5204 3541 5261 lll.
3605 5205 3761 5275 Apud
3801 5203 4024 5258 Latinos

2450 5302 2707 5370 quaelibet
2754 5312 2985 5368 persona
3027 5296 3095 5350 ab
3136 5300 3305 5353 altera
3362 5298 3601 5368 qualibet
3671 5297 4029 5352 relationibus

2451 5394 2821 5463 distinguitur,
2854 5391 2989 5444 adeo
3024 5402 3084 5445 ut
3106 5391 3251 5445 nulla
3277 5408 3416 5447 nova
3443 5394 3705 5447 relatione
3740 5406 3881 5459 opus
3912 5392 3983 5445 sit
4010 5409 4026 5455 ;

2454 5486 2627 5542 Latini
2660 5505 2761 5544 nec
2793 5490 2997 5558 plures.
3030 5503 3133 5544 nec
3157 5486 3442 5555 pauciores
3466 5486 3679 5555 σχέσεις
3706 5484 4028 5549 admittunt,

2454 5597 2616 5639 (tuam
2650 5581 2838 5636 Patres
2870 5580 3062 5638 ϐπερὶ.
3088 5581 3245 5647 Quod
3268 5580 3310 5634 si
3341 5576 3517 5633 activa
3542 5577 3769 5648 spiratio
3806 5585 3861 5631 et
3897 5577 4029 5631 Filio

2455 5718 2633 5843 22.56.
2668 5719 2807 5776 Eun.
2844 5736 2882 5785 ι,
2912 5720 2946 5777 5
2978 5734 3094 5790 seq.
3148 5716 3332 5789 Cyrill.
3381 5712 3547 5770 Thes.
3584 5726 3719 5769 xvut
3744 5752 3762 5780 ,
3806 5727 3863 5783 p.
3906 5710 4029 5775 18‘,
