4242 6438
252 413 357 476 505

961 409 1058 470 DE
1096 409 1158 468 S.
1208 408 1401 470 SPIR.
1442 408 1947 480 MYSTAGOGIA.
1981 444 2051 456 -—
2078 418 2825 483 ANIMADVERSIONES.

3385 416 3492 489 506

248 528 533 595 tribuitur,
564 530 670 586 hac
699 530 811 599 ipsa
845 524 1179 582 discernitur
1214 518 1385 577 Filius
1412 539 1444 578 a
1472 523 1676 597 Spiritu
1702 545 1823 589 tan-
1846 542 1894 599 Α
1922 549 2049 590 nam
2097 549 2222 591 cum
2264 535 2426 591 Pater
2467 544 2525 591 et
2560 533 2731 591 Filius
2776 551 2839 592 se
2880 532 3112 595 invicem
3151 539 3391 598 habeant
3431 553 3493 598 ut

249 635 413 689 quam
443 620 688 689 Opposita
720 616 1006 678 relatione,
1027 623 1084 669 et
1104 615 1206 669 hoc
1234 614 1473 683 ipsarum
1496 619 1821 681 relationum

248 726 425 765 nexus
450 726 515 766 ac
530 709 772 766 conditio
797 705 1052 776 postulat.
1086 704 1199 758 lmo
1230 702 1557 762 Pho‘tianum
1587 721 1821 783 systema

250 800 356 854 hac
404 800 460 853 in
514 809 672 869 parte
714 810 1000 860 mancum,
1060 794 1465 867 imperfectum,
1519 816 1585 856 ac
1634 801 1820 860 debita

247 890 581 945 cohaerentia
624 890 944 945 destitutum
1002 888 1214 942 ostendi
1266 902 1465 962 potest.
1517 892 1671 960 Quod
1733 898 1820 953 his

248 983 509 1052 subjectae
561 982 936 1048 theologorum
997 984 1488 1039 demonstrationes
1522 986 1654 1041 satis
1700 990 1819 1045 evi-

247 1075 446 1129 denter
481 1074 772 1129 docebunt.

318 1166 373 1218 6.
412 1163 464 1218 ⁴1.
491 1164 558 1221 G.
593 1164 877 1221 Walchius
925 1182 992 1221 ex
1028 1166 1221 1220 ordine
1265 1165 1426 1222 trium
1462 1186 1818 1240 personarum

243 1258 509 1311 divinitus
552 1258 750 1312 tradito
793 1258 1054 1326 consequi
1103 1255 1337 1327 Spiritus
1380 1266 1552 1319 sancti
1594 1282 1817 1336 proces-

244 1352 459 1404 sionem
505 1349 672 1404 etiam
735 1367 764 1404 a
820 1350 956 1403 Filio
1007 1350 1113 1403 hoc
1166 1362 1326 1419 pacto
1371 1353 1601 1410 inculcat
1650 1357 1815 1427 (Hist.

241 1452 478 1495 corttrou.
513 1457 563 1496 c.
601 1442 701 1505 10,
728 1441 755 1512 ς
783 1442 838 1500 2,
868 1458 922 1510 p.
960 1442 1081 1505 167,
1130 1443 1253 1513 168)
1282 1461 1296 1497 :
1326 1444 1477 1519 [280]
1526 1467 1544 1499 ι
1580 1448 1732 1514 Quod
1773 1451 1817 1505 si

239 1536 430 1597 enim,
474 1533 670 1602 inquit,
725 1532 960 1602 Spiritus
1006 1539 1253 1603 procedit
1303 1553 1333 1591 ιι
1387 1538 1574 1594 Patre.
1622 1556 1816 1610 quem-

239 1624 539 1678 admodum
570 1622 1022 1686 Cbristus,.loan.
1057 1630 1255 1693 xv,26,
1292 1639 1544 1696 testatur,
1566 1632 1817 1684 idemmw

240 1716 420 1769 Graeci
450 1718 675 1776 docent,
711 1712 882 1767 Filius
927 1727 1107 1773 autem
1151 1718 1290 1774 inter
1308 1721 1520 1774 divinas
1556 1738 1817 1791 personas

241 1807 547 1861 secundum
589 1806 766 1859 locum
812 1814 962 1861 tenet
1009 1812 1146 1879 (81),
1196 1822 1356 1881 atque
1408 1814 1650 1881 ejusdem
1691 1829 1814 1868 cum

1923 626 2149 698 gignens
2176 636 2233 681 et
2258 627 2495 697 genitus,
2518 635 2573 680 et
2599 626 2728 680 item
2753 625 2913 681 Pater
2930 638 2986 684 et
3007 629 3244 701 Spiritus
3267 643 3493 690 sanctus

1924 725 1986 773 ut
2007 719 2242 773 emissor
2270 726 2328 772 et
2352 718 2606 784 emissus,
2635 727 2692 773 et
2715 726 2774 771 ut
2797 717 3027 774 donator
3047 732 3105 777 et
3124 723 3349 790 donum,
3376 726 3487 789 die.

1917 823 2125 883 'qumso.
2172 813 2419 882 nunquid
2470 828 2579 867 non
2614 826 2864 883 magnam
2894 812 3146 881 injuriam
3175 816 3307 873 facis
3352 819 3493 874 ﬁlia

1921 915 1972 960 et
2004 905 2232 974 Spiritui
2272 914 2474 965 sancto,
2521 904 2719 973 quibus
2761 902 2965 957 nullam
3013 907 3304 963 adinvicent
3346 910 3489 965 rela-

1921 998 2115 1050 tionem
2146 994 2627 1063 tribuis,quinimo
2646 1010 2803 1063 quos,
2831 1002 2889 1049 ut
2913 995 2985 1048 ita
3011 995 3258 1063 dixerim,
3284 1014 3316 1054 a
3338 1000 3487 1056 socia

1921 1087 2286 1158 processionis
2333 1085 2717 1142 communione
2788 1086 3090 1158 disjungis?
3146 1087 3286 1155 Quid
3340 1091 3489 1149 enim

1920 1188 2025 1244 est,
2064 1181 2207 1249 quod
2259 1178 2426 1234 Filius
2471 1179 2649 1249 aliqua
2699 1178 2876 1231 media
2919 1178 3180 1236 relatione
3233 1185 3490 1254 respiciat

1922 1271 2185 1342 Spiritum
2228 1281 2478 1327 sanctum
2517 1287 2611 1326 seu
2660 1268 2895 1339 Spiritus
2928 1282 3153 1329 sanctus
3188 1272 3406 1341 Filium,
3440 1278 3487 1332 si

1918 1366 2325 1435 processionem
2356 1366 2511 1419 istius
2540 1367 2606 1421 ab
2630 1367 2718 1419 illo
2744 1370 2811 1421 de
2842 1367 3025 1422 medio
3053 1371 3332 1424 amborum
3360 1372 3491 1425 abs-

1919 1458 2148 1512 tuleris?
2180 1477 2197 1509 ι
2221 1458 2425 1512 Eodem
2457 1458 2799 1526 pertinentet
2818 1458 2918 1513 ista
2943 1459 3181 1530 llugonis
3203 1460 3487 1517 Etheriani

1922 1546 1981 1618 (Ι.
2014 1564 2070 1613 ιι,
2093 1565 2141 1603 c.
2180 1549 2231 1612 5,
2266 1563 2320 1616 p.
2355 1547 2511 1616 i220)
2544 1566 2557 1601 :
2594 1566 2611 1597 ι
2640 1549 2877 1616 Spiritus
2927 1566 2990 1603 ex
3026 1548 3183 1604 Patre
3229 1552 3487 1620 prodiens

1918 1650 2006 1676 om
2037 1640 2297 1709 contingit
2326 1640 2523 1692 Filium
2558 1649 2653 1693 aut
2685 1657 2793 1697 non
2817 1642 3111 1713 contingit;
3147 1644 3190 1697 si
3221 1659 3329 1697 non
3355 1660 3489 1698 cou-

1919 1729 2095 1799 tingit,
2135 1744 2247 1782 non
2282 1736 2365 1783 est
2392 1727 2595 1796 aliquid
2637 1732 2780 1798 quod
2827 1730 3123 1801 conjungat
3167 1742 3222 1786 et
3270 1734 3488 1802 copulet

1916 1821 2054 1874 Filio
2085 1819 2364 1888 Spiritum.
2392 1836 2411 1869 ι
2443 1819 2675 1873 Prattera
2704 1823 2973 1889 ordinem,
3003 1826 3093 1894 qui
3118 1836 3195 1878 est
3222 1824 3275 1877 in
3299 1835 3486 1879 sancta

244 1894 404 1948 l'atre
447 1903 529 1947 est
556 1895 831 1962 essentia,
873 1896 1143 1966 sequitur,
1176 1906 1235 1951 ut
1273 1900 1549 1966 processio
1580 1898 1814 1969 Spiritus
1852 1898 1891 1952 Β
1918 1898 2213 1975 ττίηίιειε,
2278 1910 2566 1980 perspicue
2620 1914 2818 1968 asserit
2866 1932 2930 1972 ac
2988 1917 3225 1971 declarat
3281 1916 3488 1973 Βεεουε

241 1988 417 2040 sancti
442 1990 607 2042 etiam
644 1991 737 2047 fiat
765 2009 795 2045 a
830 1990 990 2045 Filio.
1034 1990 1176 2043 Sane
1221 1991 1313 2060 qui
1354 1992 1459 2047 hoc
1487 2003 1707 2063 negant,
1760 1993 1815 2048 in

242 2079 516 2147 ejusmodi
540 2098 598 2136 se
629 2084 929 2152 conjiciunt
957 2081 1320 2148 difficultates,
1353 2093 1411 2137 ut
1439 2098 1532 2139 aut
1569 2086 1814 2140 ordinem

245 2169 302 2223 in
320 2171 605 2228 divinitate
628 2190 981 2245 personarum
1003 2189 1107 2227 una
1126 2190 1251 2230 cum
1278 2179 1505 2241 ratione,
1524 2195 1630 2248 qua
1648 2180 1817 2235 altera

244 2264 415 2318 refert
444 2280 503 2319 se
536 2267 601 2321 ad
633 2269 881 2331 alteram,
910 2267 1095 2329 tollere
1126 2282 1219 2328 aut
1251 2270 1517 2325 amr-mare
1558 2272 1815 2334 debeant,

247 2355 380 2409 istas
411 2372 509 2410 sua
552 2368 751 2412 natura
803 2359 943 2412 inter
994 2378 1052 2418 se
1091 2364 1295 2419 distare
1327 2376 1391 2415 ac
1432 2371 1642 2414 remoto
1678 2358 1817 2414 Filio

244 2465 368 2507 cum
428 2452 672 2520 ejusdem
714 2452 951 2508 essentia
1000 2455 1261 2525 Spiritum
1309 2460 1555 2507 sanetum
1604 2468 1636 2506 a
1702 2453 1817 2507 solo

245 2546 408 2601 Patre
429 2543 725 2614 procedere
748 2562 931 2615 posse.
968 2543 1231 2602 Neutrum
1259 2560 1380 2600 esse
1416 2546 1816 2601 admittendum

243 2636 493 2707 quisquis
524 2637 801 2705 perspicit,
830 2638 923 2707 qui
949 2653 1062 2692 rem
1101 2652 1167 2691 ex
1197 2635 1445 2696 veritate,
1470 2650 1578 2689 non
1602 2650 1666 2690 ex
1698 2652 1817 2707 per-

246 2748 402 2787 versa
422 2730 678 2801 opinione
699 2744 762 2783 ac
779 2747 942 2800 prava
969 2732 1244 2785 voluntate
1265 2728 1531 2793 astimat;
1559 2738 1816 2800 recteque

246 2834 445 2894 praeter
472 2824 606 2877 alios
635 2821 791 2877 Joan.
820 2825 1194 2878 Atl'elmannus
1236 2821 1548 2892 (Syntagma
1599 2823 1812 2875 exercit.

246 2918 539 2971 «tandemic.
586 2934 640 2987 p.
672 2936 715 2984 ι,
752 2933 804 2986 p.
840 2915 964 2986 “6)
1003 2916 1177 2970 dicit:
1218 2912 1274 2967 Si
1321 2912 1555 2980 Spiritus
1594 2922 1816 2967 sanctus

246 3023 356 3059 non
378 3008 699 3076 procederet
716 3024 745 3061 a
768 3008 926 3071 Filio,
950 3009 1129 3062 omnis
1150 3007 1307 3075 plane
1325 3005 1624 3077 personalis
1644 3020 1817 3059 nexus

244 3115 309 3153 ac
332 3101 524 3154 relatio
539 3101 680 3155 inter
694 3100 889 3155 Filium
905 3108 961 3154 et
976 3099 1237 3168 Spiritum
1251 3109 1495 3154 sanctum
1512 3098 1814 3154 tolleretur.

245 3191 500 3259 Requirit
532 3207 664 3247 vero
697 3193 945 3246 absoluta
975 3189 1260 3245 Trinitatis
1281 3192 1564 3261 perfectio,
1600 3201 1661 3246 ut
1687 3208 1814 3262 per-

241 3299 398 3338 sonu:
422 3284 536 3337 suis
569 3284 986 3353 productionum
1022 3283 1360 3353 respectibus
1377 3292 1432 3337 et
1456 3284 1810 3354 hypostaticis

244 3376 603 3429 relationibus
634 3375 713 3429 sic
740 3390 930 3428 omnes
957 3373 1023 3426 ad
1057 3388 1117 3427 se
1156 3384 1377 3435 mutuo,
1424 3374 1666 3443 adeoque
1695 3373 1810 3427 sin-

241 3466 383 3535 gula;
418 3467 482 3521 ad
534 3467 775 3537 singulas
821 3466 930 3521 sint
962 3466 1246 3531 devinctae,
1281 3472 1344 3519 ut
1390 3462 1552 3519 Pater
1592 3464 1813 3533 quidem

245 3556 517 3611 referatur
546 3557 880 3627 hypostatica
910 3557 1172 3612 relatione
1207 3555 1274 3610 ad
1320 3556 1513 3610 Filium
1556 3566 1813 3626 tanquam

242 3650 311 3701 ad
342 3649 605 3719 genitum,
628 3650 799 3704 Filius
826 3650 891 3703 ad
922 3649 1133 3702 Patrem
1160 3657 1222 3702 ut
1249 3650 1533 3718 progenies
1564 3650 1630 3703 ad
1653 3666 1812 3703 suum

244 3740 572 3808 genitorem,
593 3739 751 3794 Pater
772 3741 837 3794 ad
870 3738 1135 3809 Spiritum
1157 3749 1404 3793 sanctum
1429 3750 1488 3794 ut
1511 3739 1726 3809 spirans
1743 3742 1811 3796 ad

242 3843 405 3882 suum
428 3831 779 3899 spiraculum,
815 3830 1046 3899 Spiritus
1066 3840 1289 3885 sanctus
1312 3832 1437 3884 item
1462 3832 1531 3885 ad
1565 3831 1807 3901 Patrem,

242 3936 503 3997 tanquam
532 3940 690 3978 suum
729 3924 1073 3991 spiratorem.
1118 3922 1461 3991 Relinquitur
1499 3946 1628 4001 ergo
1665 3932 1812 3986 inter

241 4020 421 4075 solum
450 4018 646 4073 Filium
666 4026 721 4070 et
739 4016 1000 4085 Spiritum
1020 4027 1268 4072 sanctum
1293 4020 1536 4088 quaedam
1570 4023 1807 4079 solitudo

241 4122 301 4166 et
356 4113 558 4177 hiatus,
608 4110 653 4163 si
702 4108 846 4161 nulla
891 4109 1197 4177 personalis
1229 4110 1372 4166 inter
1402 4113 1495 4166 τοῦ
1536 4114 1709 4181 Λόγου
1753 4126 1810 4171 et

243 4202 479 4271 Spiritus
535 4199 708 4256 sancti
780 4197 1097 4269 hypostasin
1163 4200 1520 4258 interveniret
1593 4207 1806 4261 relatio.

239 4293 413 4359 Quale
448 4293 721 4361 διάστημα
754 4292 868 4346 sive
908 4290 1124 4365 qualem
1173 4292 1380 4348 hiatum
1431 4297 1675 4351 absoluta
1721 4299 1807 4353 illa

238 4401 307 4439 ac
328 4383 540 4438 infinita
562 4380 842 4436 Trinitatis
869 4382 1128 4451 perfectio
1148 4387 1298 4442 nullo
1324 4387 1485 4443 modo
1502 4387 1757 4441 admittit.
1783 4405 1801 4438 ›

240 4476 350 4530 Sed
381 4475 486 4531 ista
514 4474 625 4544 jam
670 4472 1098 4531 Iuculentissime
1137 4489 1419 4533 versarant
1462 4494 1528 4533 ac
1576 4478 1807 4533 demon-

1922 2005 2019 2075 (De
2064 2021 2205 2073 proc.
2249 2002 2434 2070 Spirit.
2473 2014 2639 2057 sanet.
2677 2021 2727 2059 c.
2769 2008 2843 2074 8;
2878 2008 2939 2064 ϐ.
2974 2007 3040 2063 0.
3082 2007 3121 2073 Ι,
3163 2008 3261 2063 501
3309 2009 3484 2078 seq);

1921 2099 2009 2153 hic
2039 2115 2168 2152 vero
2197 2099 2330 2152 ordo
2358 2111 2414 2153 ut
2439 2097 2803 2164 necessarius,
2831 2110 3070 2154 aeternus
3100 2111 3262 2170 atque
3292 2100 3490 2155 immu-

1923 2190 2103 2244 tabilis
2123 2206 2187 2244 ex
2210 2192 2543 2262 contingenti
2574 2207 2636 2244 ac
2660 2190 2989 2260 temporaria
3020 2190 3279 2246 missione
3314 2192 3489 2261 repeti

1916 2280 2126 2349 nequit,
2158 2296 2335 2350 neque
2364 2281 2849 2349 ex1essentia,qu:e
2868 2268 3067 2333 eadem
3094 2279 3147 2331 in
3170 2279 3342 2333 tribus
3364 2294 3487 2349 per-

1919 2375 2066 2428 sonis
2117 2382 2232 2439 est;
2279 2374 2453 2427 solum
2500 2373 2661 2444 igitur
2701 2389 2766 2428 ex
2814 2371 3039 2441 originis
3091 2372 3353 2425 relatione
3394 2387 3487 2439 pe-

1920 2465 2116 2519 tendus
2146 2462 2241 2529 (cf.
2275 2462 2462 2517 Petav.
2498 2462 2572 2516 De
2598 2461 2742 2516 Trin.
2774 2477 2871 2525 vn,
2901 2459 2955 2523 6,
2978 2476 3033 2513 n.
3069 2458 3121 2521 6,
3153 2458 3229 2525 7).
3253 2458 3487 2514 Uberius

1919 2556 2155 2610 ostendit
2186 2555 2349 2623 hujus
2392 2555 2598 2608 ordinis
2626 2561 2876 2607 naturam
2916 2560 2972 2605 et
3005 2550 3312 2615 relationes,
3352 2564 3488 2618 quas

1919 2648 2006 2702 ille
2030 2648 2249 2718 ﬂagitat,
2272 2647 2532 2717 Georgius
2561 2647 2959 2715 Trapezuntius
2985 2642 3084 2715 (De
3111 2659 3254 2711 proc.
3296 2640 3485 2710 Spirit.

1916 2750 2085 2794 sanet.
2114 2740 2183 2794 ad
2217 2740 2374 2794 Joan.
2406 2739 2630 2794 Cubocl.
2652 2737 2714 2794 G.
2734 2737 2800 2792 0.
2830 2737 2873 2801 1,
2894 2738 2996 2794 470
3018 2736 3157 2807 seq.)
3183 2754 3196 2792 :
3225 2754 3243 2786 ‹
3270 2733 3485 2788 Triadis

1920 2833 2091 2903 ipsius
2121 2847 2343 2898 nomen,
2375 2831 2569 2901 inquit,
2605 2830 2849 2885 ordinem
2896 2830 3089 2900 signat,
3121 2840 3175 2882 et
3228 2826 3344 2881 ﬁeri
3384 2840 3485 2879 ne-

1917 2927 2054 2995 quit,
2084 2933 2143 2978 ut
2175 2924 2336 2978 Trias
2374 2938 2502 2978 vere
2528 2934 2584 2977 et
2614 2938 2672 2976 re
2706 2922 2821 2992 ipsa
2860 2922 3092 2982 dicatur,
3119 2918 3222 2973 nisi
3265 2918 3488 2973 relatio-

1918 3031 2043 3071 nem
2078 3014 2175 3068 tria
2220 3014 2309 3067 illa
2359 3014 2502 3067 inter
2546 3027 2605 3067 se
2652 3010 2921 3076 habeant;
2975 3025 3099 3063 nam
3137 3008 3181 3062 si
3222 3004 3328 3061 duo
3360 3007 3485 3077 quis

1918 3107 2281 3176 supposuerit,
2316 3122 2437 3175 qua
2469 3104 2728 3158 relatione
2752 3106 2893 3157 inter
2924 3117 2982 3156 se
3014 3116 3125 3155 non
3156 3098 3482 3163 referantur,

1918 3209 2077 3255 erunt
2105 3200 2214 3254 duo
2241 3199 2327 3251 illa
2357 3212 2579 3267 prorsus
2609 3205 2665 3249 et
2700 3210 2813 3249 non
2841 3194 3093 3249 dualitas.
3119 3191 3274 3259 Quod
3304 3192 3347 3245 si
3379 3188 3485 3245 tria

1918 3299 2044 3345 sunt
2070 3306 2190 3359 qua:
2220 3296 2621 3359 supponuntur,
2654 3287 2696 3338 si
2720 3283 3147 3355 unumquodque
3178 3282 3244 3337 ad
3276 3281 3485 3349 reliqua

1918 3384 2020 3438 tria
2051 3382 2366 3437 relationem
2401 3380 2642 3443 habebit,
2672 3382 2779 3435 erit
2805 3378 2979 3439 Trias,
3012 3374 3095 3428 sin
3125 3374 3325 3430 minus.
3356 3373 3481 3427 tria.

1916 3472 2080 3543 Igitur
2108 3472 2151 3526 si
2174 3470 2331 3525 Pater
2353 3487 2478 3542 erga
2499 3469 2695 3524 Filium
2720 3480 2774 3525 et
2793 3483 2918 3538 erga
2942 3464 3206 3535 Spiritum
3236 3470 3483 3518 sanctum

1915 3564 2232 3620 relationem
2262 3564 2427 3618 habet
2472 3564 2809 3626 naturalem,
2855 3574 2973 3613 eam
3015 3572 3136 3626 qua:
3178 3554 3481 3611 secundum

1914 3670 2134 3710 causam
2181 3665 2283 3719 est,
2320 3656 2486 3711 Filius
2511 3672 2641 3711 vero
2677 3671 2806 3707 arua
2850 3650 3085 3713 Patrem,
3136 3655 3278 3722 quod
3318 3670 3379 3706 ex
3415 3665 3483 3704 eo

1913 3754 2017 3809 est,
2048 3746 2143 3800 sed
2178 3747 2245 3800 ad
2282 3746 2543 3816 Spiritum
2589 3748 2814 3812 nullam,
2854 3758 3029 3813 neque
3073 3742 3310 3814 Spiritus
3354 3756 3483 3812 erga

1914 3837 2131 3901 Filium,
2198 3845 2293 3892 aut
2348 3838 2580 3892 dualitas
2617 3838 2782 3893 fuerit
2827 3849 2921 3892 aut
2965 3849 3076 3894 tres
3121 3836 3229 3900 dii,
3276 3842 3331 3889 et
3369 3849 3481 3888 non

1914 3927 2176 3994 Trinitas,
2202 3927 2365 3983 Deus.
2398 3930 2570 3994 Quam
2594 3930 2925 3999 impietatem
2954 3931 3138 3985 sedula
3169 3926 3481 3997 provisione

1915 4021 2251 4075 declinantes
2300 4020 2553 4075 doctores
2608 4024 2812 4089 Optime
2848 4020 3211 4078 afﬁrmarunt,
3243 4012 3394 4085 [282]
3425 4021 3484 4068 et

1914 4111 2295 4169 communibus
2338 4110 2767 4173 Christianorum
2834 4110 3146 4165 nationibus
3219 4104 3479 4167 creditur,

1912 4203 2125 4258 divinas
2155 4203 2473 4272 hypostases
2501 4204 2723 4257 alteram
2762 4204 2915 4259 alteri
2946 4202 3225 4256 adhterere
3254 4213 3308 4257 et
3342 4216 3479 4256 con-

1908 4294 2094 4366 jungi;
2126 4294 2269 4363 quod
2306 4294 2447 4363 apud
2474 4292 2691 4349 Graecos
2726 4297 2883 4366 plane
2914 4296 3253 4367 antiquatum
3282 4302 3385 4355 est,
3419 4301 3480 4346 ut

1906 4386 2021 4456 jam
2049 4392 2333 4439 versentur
2357 4384 2410 4437 in
2441 4385 2683 4453 periculo
2703 4426 2717 4449 ,
2750 4402 2819 4441 ne
2845 4385 2913 4439 de
2940 4385 3044 4442 ﬁde
3074 4389 3129 4443 in
3160 4390 3478 4445 Trinitatem

1911 4477 2164 4533 decidant
2190 4476 2324 4547 (82).
2348 4475 2600 4531 Profecto
2630 4476 2683 4530 in
2710 4490 2999 4548 systemate
3029 4480 3295 4537 Pbotiano
3318 4481 3479 4537 Pater

240 4574 553 4621 straverant
578 4564 901 4620 vetustiores
936 4568 1193 4641 theoIOgi.
1222 4568 1489 4625 Praeclare
1516 4570 1808 4625 Anselmns
1833 4578 1885 4638 D
1910 4569 2126 4639 quidem
2154 4567 2320 4622 habet
2343 4568 2657 4622 relationem
2686 4569 2753 4623 ad
2786 4568 2981 4625 Filium
3012 4580 3067 4626 et
3106 4573 3172 4626 ad
3212 4573 3475 4643 Spiritum

240 4654 696 4725 llavelbergensis
728 4655 899 4716 episc.
945 4656 1063 4725 (lib.
1108 4675 1146 4713 ll
1191 4657 1337 4713 Dial.
1373 4674 1420 4713 c.
1458 4660 1546 4721 il.
1591 4676 1647 4729 p.
1681 4660 1802 4723 179,

239 4746 331 4799 ed.
368 4744 542 4809 Paris,
574 4745 729 4812 i725)
759 4759 775 4797 :
814 4763 835 4795 ε
866 4746 1001 4802 Cum
1042 4748 1159 4802 haec
1189 4748 1325 4803 dicis
1363 4748 1647 4817 (Spiritum
1676 4765 1806 4803 san-

237 4851 387 4894 ctum
404 4857 511 4894 non
535 4843 829 4910 procedere
851 4859 880 4896 a
903 4840 1240 4914 Filio),[281]
1256 4845 1543 4898 maximam
1567 4844 1804 4913 utrique,

238 4932 380 4987 Filio
431 4932 637 4987 scilicet
670 4933 721 4987 ei
773 4932 999 5003 Spiritui
1046 4943 1274 4999 sancto,
1331 4934 1586 5005 injuriam
1636 4936 1802 5003 facis;

311 5146 425 5219 (81)
458 5145 574 5199 Huc
594 5158 857 5219 spectant
898 5150 1053 5219 plura
1105 5149 1427 5219 testimonia
1460 5151 1603 5219 apud
1639 5151 1799 5205 Allat.

239 5215 391 5269 Vind.
411 5233 544 5290 syri.
571 5216 778 5290 Ephes.
802 5234 870 5290 _c.
899 5215 989 5278 67,
1022 5236 1085 5290 p.
1110 5220 1205 5273 501
1256 5235 1370 5290 seq.
1398 5217 1479 5273 Cf.
1497 5215 1679 5275 Ὦπις.
1712 5239 1801 5274 ομ

236 5292 383 5340 thod.
410 5284 611 5349 ιμιπ,
636 5284 775 5352 475;
802 5287 868 5352 ΙΙ,
894 5284 1156 5342 725-7ἰ8.

309 5357 421 5429 (82)
446 5357 509 5429 L.
537 5373 586 5411 c.
617 5374 672 5409 n.
705 5357 832 5429 δερ.
858 5359 963 5411 472
998 5377 1011 5411 :
1060 5359 1203 5427 Πρὸς
1255 5359 1465 5422 τούτοις
1490 5362 1583 5414 καὶ
1613 5360 1675 5413 τὸ
1705 5362 1801 5429 τῆς

234 5427 463 5499 Τριάδος
485 5426 655 5499 ὄνομα
678 5427 830 5499 τᾴξιν
858 5429 1007 5496 δηλοί
1033 5446 1048 5461 ο
1091 5426 1184 5480 καὶ
1215 5430 1470 5482 ἀδύνατον
1500 5431 1691 5499 τριάδα
1715 5426 1803 5483 λέο

234 5495 617 5571 ἴβινᾍᾶλῃθῶς
648 5498 748 5571 καὶ
778 5495 1273 5571 Διιιρανγματιιιῴςᾷςί
1308 5500 1381 5569 μὴ
1426 5495 1608 5569 σχέάιν
1664 5502 1800 5571 πρὸς

232 5565 439 5640 enim
463 5565 574 5640 ἔχει
604 5566 673 5618 τὰ
700 5565 923 5640 τρὶαίεξ
951 5565 1033 5640 ⁶τις
1057 5569 1163 5635 γὰρ
1190 5569 1283 5640 duo
1310 5565 1799 5640 '«n’ya'émestn'pq

236 5636 422 5706 σχέσιν
458 5636 650 5706 ἔχοντα
674 5637 809 5706 πρὸς
833 5638 1039 5705 ἄλληλα
1072 5639 1286 5691 oio.va
1315 5678 1330 5704 ,
1378 5639 1471 5691 δύο
1500 5679 1514 5702 ,
1565 5642 1626 5692 οὐ
1670 5636 1800 5702 διίὰᾲ

232 5706 407 5777 ἐσται·
436 5706 561 5777 etot
587 5706 831 5777 cpiast-:1
858 5707 926 5759 τὰ
960 5708 1311 5777 ὑποκείμενα,
1347 5712 1396 5762 ιι
1428 5712 1527 5777 μὲν
1573 5711 1801 5763 ἕκαστον

233 5774 370 5849 «ab;
398 5774 472 5849 τὲ
492 5774 655 5849 λοιπὰ
674 5775 769 5849 duo
790 5774 971 5849 σχέξιν
998 5778 1135 5847 ἔχει,
1156 5774 1321 5849 τριὰς
1342 5774 1516 5849 ἔσται,
1542 5782 1590 5831 εἰ
1618 5780 1673 5831 δὲ
1701 5782 1798 5849 μὴ.

232 5844 377 5915 τρία.
415 5845 476 5898 El
514 5846 619 5916 ἄρα
671 5846 783 5912 ἔχει
813 5844 1059 5918 ὄΠατὴρ
1088 5844 1223 5917 πρὸξ
1279 5849 1370 5903 τὸν
1422 5848 1545 5903 Υἱὸν
1592 5844 1712 5904 xei."
1738 5844 1801 5902 τὸ

1907 4670 2176 4719 sanctum,
2203 4660 2370 4714 Filius
2400 4668 2454 4715 et
2480 4660 2717 4713 Spiritus
2750 4672 2972 4718 sanctus
3015 4662 3329 4718 relationem
3375 4663 3477 4717 ba-

1906 4752 2038 4806 bent
2062 4751 2129 4804 ad
2180 4750 2416 4817 Patrem,
2469 4753 2561 4806 sed
2613 4752 2813 4806 nullam
2865 4752 2933 4806 ad
2979 4751 3237 4822 Spiritum
3285 4752 3473 4815 Filius,

1905 4842 2107 4896 nullam
2128 4842 2197 4895 ad
2234 4840 2427 4896 Filium
2455 4842 2690 4912 Spiritus
2719 4842 3037 4898 relationem
3085 4842 3273 4909 habet;
3321 4844 3476 4897 deest

1904 4932 2127 4988 omnino
2180 4942 2400 4987 mutnus
2433 4949 2603 4987 nexus
2634 4935 2779 4991 inter
2804 4936 2937 4989 duas
2971 4942 3271 5003 postremas
3298 4933 3473 5006 hypo-

1902 5149 2125 5218 Πνεῦμα
2150 5147 2248 5219 τὴν
2271 5145 2388 5219 κατ’
2420 5145 2599 5219 αἰτίαν
2645 5147 2877 5219 φυσικὴν
2910 5149 3126 5219 σχέσιν,
3156 5147 3184 5199 ὁ
3236 5145 3293 5219 δὲ
3329 5146 3473 5219 ΔΥξδς

1904 5220 2038 5290 πρὸς
2053 5215 2161 5289 ’μὲν
2191 5215 2281 5269 τὸν
2316 5216 2532 5284 Πατέρα
2562 5216 2674 5285 ἔχει
2704 5218 2785 5269 ὅτι
2822 5215 2880 5279 ἐξ
2930 5215 3117 5281 αὑτοῦ,
3163 5218 3295 5286 πρὸς
3323 5215 3378 5267 δὲ
3411 5217 3472 5269 τὸ

1902 5290 2126 5356 Πνεῦμα
2170 5286 2421 5354 οὐδεμίαν
2469 5285 2589 5338 οὔτε
2637 5286 2760 5355 -μὴν
2814 5288 2874 5339 τὸ
2907 5288 3127 5356 Πνεῦμα
3194 5286 3331 5356 πρὸς
3380 5286 3471 5337 τὸν

1904 5306 2126 5359 υνευμα
2170 5306 2421 5354 ουοεμιαν
2469 5306 2589 5338 ουτε
2637 5306 2760 5355 -μην
2814 5306 2874 5339 το
2907 5306 3127 5356 ιινευμα
3194 5306 3331 5365 προς
3380 5306 3471 5366 τρν

1904 5361 2059 5440 γιον..
2087 5360 2117 5428 ἢ
2148 5358 2308 5440 ..δυὰς
2346 5357 2497 5440 ἑοτέι
2619 5360 2783 5440 rpite,
2810 5356 3021 5440 ἔσονται
3056 5356 3316 5440 ρεο1.(φευ
3370 5372 3471 5440 της

1900 5425 2126 5490 ὰτοπίαξ
2148 5429 2185 5493 !)
2221 5428 2314 5479 καὶ
2334 5427 2393 5477 οὺ
2432 5425 2600 5494 Τριὰς
2633 5426 2836 5495 ὁνΘεός·
2868 5427 2935 5495 ἣν
2962 5428 3025 5495 δὴ
3054 5427 3308 5479 ἀσέϐειαν
3338 5425 3472 5492 φεύ-

1901 5517 2057 5567 γουσι
2084 5500 2194 5560 τοῖς
2223 5496 2557 5567 διδασκάλοις
2584 5494 2765 5567 καλῷς
2807 5494 3045 5567 λέγεται,
3078 5498 3175 5549 καὶ
3200 5500 3320 5567 ταῖς
3350 5513 3470 5567 κοι-

1900 5563 2019 5631 ναῖς
2041 5568 2148 5621 τῶν
2183 5566 2523 5635 Χριστιανῶν
2563 5563 2793 5627 ἐννοίαις
2844 5566 3199 5631 πιστεύεται,
3250 5564 3471 5635 ἔχεσθαι

1900 5640 2142 5709 ἀλλήλων
2163 5634 2263 5709 τὰς
2290 5636 2441 5709 θείας
2466 5635 2811 5709 ὑποστάςειςο
2833 5636 2869 5709 ⁸ὃ
2895 5638 3005 5699 τοῖς
3029 5636 3292 5709 ᾹΓραικοϊξ
3315 5634 3471 5709 οὐδα-

1904 5703 2033 5778 μῶξ
2075 5707 2353 5770 σώζεται,
2406 5703 2562 5778 ὥστε,
2600 5705 2933 5778 κινδυνςιξειν
2984 5703 3181 5778 αὐτοὺς
3233 5704 3357 5778 τῆς-
3387 5706 3470 5778 ei;

1900 5773 2106 5847 Τριάδα
2130 5778 2381 5847 πίστεως
2394 5776 2741 5847 ἁττοτιί-πςιν.
2785 5775 2889 5847 Cf._
2908 5784 2965 5832 et
2992 5776 3279 5831 Constant.
3313 5773 3467 5831 Meli-

1901 5844 2013 5903 ten.
2052 5864 2091 5915 l,
2128 5862 2179 5902 c.
2201 5846 2291 5903 33.
2317 5846 2403 5917 (G.
2435 5844 2499 5901 0.
2533 5845 2599 5911 ll,
2624 5844 2729 5900 72L
2761 5845 2902 5915 seq.)
