4242 6438
216 430 318 493 509

899 433 996 491 DE
1035 433 1094 492 S.
1137 430 1329 491 SPlR.
1376 428 1859 491 MYSTAGOGIA
1908 452 1979 465 --
2014 424 2757 487 ANIMADVERSIONES.

3351 423 3456 490 510

216 536 553 593 materialem
584 537 1014 597 distinctionem.
1057 538 1202 607 quod
1245 545 1329 592 est
1374 537 1732 607 impossibile.
1768 554 1787 589 ι
1818 534 1871 594 Α
1896 534 1991 587 καὶ
2016 534 2241 603 Πνεῦμα
2273 548 2380 587 non
2409 532 2642 601 amplius
2670 546 2857 585 verum
2892 530 3047 597 fore;
3084 530 3209 587 hinc
3246 540 3301 588 et
3326 532 3460 590 Bes-

215 632 328 685 lmo
372 645 531 684 secus
573 644 674 684 nec
717 630 845 699 ipsa:
880 630 1258 699 processiones
1294 628 1783 698 distinguerentur,

212 734 273 777 ut
306 722 547 776 Thomas
572 722 671 787 (ib.
701 722 767 776 ad
794 722 850 789 7)
880 722 1039 776 docet
1072 740 1085 775 :
1115 740 1133 772 ι
1169 720 1405 788 Spiritus
1433 729 1655 774 sanctus
1677 720 1787 774 dis-

212 817 481 884 tinguitur
515 816 872 884 personaliter
923 832 952 869 a
1000 814 1137 868 Filio
1190 816 1242 867 in
1285 815 1420 876 hoc,
1456 813 1600 882 quod
1637 812 1787 880 origo

213 910 377 961 unius
404 908 760 977 distinguitur
788 907 858 961 ah
887 906 1096 977 origine
1125 906 1370 960 alterius.
1402 904 1509 959 Sed
1543 906 1655 975 ipsa
1685 904 1789 959 dif-

210 1000 445 1054 ferentia
476 1000 701 1069 originis
728 1008 811 1053 est
835 1015 931 1068 per
962 1000 1083 1061 hoc,
1117 999 1258 1066 quod
1302 997 1473 1051 Filius
1501 1008 1585 1051 est
1610 997 1786 1051 solum

211 1104 239 1140 a
270 1087 454 1151 Patre,
502 1087 736 1155 Spiritus
782 1098 1005 1141 sanctus
1048 1103 1180 1140 vero
1221 1104 1249 1140 a
1302 1085 1458 1140 Patre
1500 1097 1556 1141 et
1623 1087 1784 1140 Filio.

210 1180 328 1233 Non
359 1181 505 1233 enim
534 1180 690 1234 aliter
713 1181 1091 1249 proeessiones
1112 1180 1599 1249 distinguerentur,
1646 1182 1787 1233 sicut

212 1288 379 1340 snpra
441 1281 723 1326 ostensum
777 1282 879 1327 est.
916 1292 933 1323 ι
1000 1271 1172 1326 Simili
1249 1273 1409 1326 modo
1450 1273 1560 1341 jam
1630 1272 1787 1340 Hugo

213 1363 542 1416 Etherianus
600 1363 905 1431 disputarat
964 1364 1023 1419 ll.
1076 1380 1156 1426 Ill,
1213 1379 1261 1418 c.
1320 1363 1408 1427 η,
1462 1380 1517 1432 p.
1580 1363 1784 1426 ΕΗΓ.

216 1476 233 1507 ι
276 1456 440 1510 Pater
469 1471 497 1509 a
534 1456 670 1509 Filio
695 1456 799 1509 alia
840 1472 1074 1525 persona
1122 1466 1225 1519 est,
1259 1472 1326 1512 eo
1378 1457 1520 1525 quod
1563 1471 1660 1524 per
1690 1470 1784 1525 ge-

212 1546 548 1600 nerationem
581 1547 628 1599 ei
676 1562 795 1600 esse
827 1557 1064 1617 prastat.
1110 1547 1163 1601 In
1210 1550 1311 1601 hoc
1353 1547 1499 1601 enim
1541 1546 1726 1601 dilIert
1754 1562 1781 1600 a

211 1640 368 1699 Filio,
398 1638 539 1707 quod
580 1639 627 1692 ei
672 1654 792 1691 esse
840 1640 931 1693 dat
980 1656 1076 1709 per
1121 1641 1493 1699 nativitatem;
1536 1656 1721 1694 rursus
1752 1656 1782 1695 a

211 1730 461 1799 genitore
505 1727 675 1781 Filius
718 1728 917 1792 dili'ert,
963 1730 1105 1797 quod
1158 1730 1435 1783 nascendo
1484 1728 1677 1797 accipit
1714 1728 1782 1782 ab

213 1820 332 1886 ipso
366 1818 777 1873 exsistcntiam.
814 1820 943 1873 Item
983 1836 1011 1873 a
1056 1821 1257 1890 Spiritu
1304 1831 1489 1874 sancto
1509 1819 1655 1890 [286]
1687 1835 1782 1889 per

212 1913 317 1965 hoc
348 1911 529 1965 ditl'ert
579 1911 756 1973 Pater,
805 1912 927 1981 quia
972 1929 1093 1967 esse
1138 1914 1209 1966 illi
1257 1914 1367 1975 dat,
1421 1914 1547 1967 dum
1604 1915 1781 1982 ipsum

210 2005 433 2057 emittit.
462 2006 527 2056 At
550 2021 677 2057 vero
698 2004 929 2073 Spiritus
953 2015 1172 2059 sanctus
1196 2022 1302 2059 non
1325 2007 1395 2060 ob
1410 2006 1551 2059 aliud
1570 2006 1783 2060 exsistit

212 2097 315 2150 alia
349 2113 376 2150 a
410 2098 567 2151 Patre
590 2114 840 2165 persona,
867 2099 968 2151 nisi
1000 2099 1126 2166 quia
1177 2115 1239 2152 ex
1280 2100 1395 2167 ipso
1437 2100 1780 2168 procedendo

211 2190 430 2258 accipit.
470 2190 631 2256 igitur
663 2200 717 2243 et
751 2206 778 2243 a
819 2190 951 2242 Filio
974 2191 1101 2243 dum
1126 2191 1228 2244 alia
1259 2193 1329 2245 sit
1353 2207 1603 2261 persona,
1638 2193 1778 2245 idem

214 2281 451 2351 Spiritus
488 2291 581 2335 aut
610 2282 684 2334 illi
724 2297 845 2335 esse
874 2282 965 2335 dat
1002 2293 1095 2336 aut
1140 2283 1208 2336 ab
1248 2283 1366 2351 ipso
1399 2284 1615 2351 accipit.
1661 2283 1779 2336 Non

212 2384 392 2426 autem
428 2374 539 2437 dat,
577 2384 635 2426 ut
668 2374 842 2442 palam
871 2384 986 2437 est;
1028 2374 1225 2441 accipit
1247 2389 1395 2442 ergo.
1430 2374 1586 2427 Circa
1620 2390 1778 2427 unam

214 2465 358 2517 enim
406 2474 461 2518 et
512 2465 812 2533 simplicem
857 2465 1216 2518 substantiam
1263 2464 1439 2519 Patris
1472 2475 1527 2519 et
1576 2465 1692 2519 Filii
1726 2474 1781 2519 et

216 2557 451 2625 Spiritus
486 2558 657 2612 sancti
693 2559 851 2611 aliain
886 2567 1081 2626 pratter
1118 2573 1210 2611 eas
1250 2573 1371 2626 qua;
1423 2558 1582 2612 dicta:
1630 2568 1777 2623 sunt,

215 2666 435 2703 causam
463 2649 680 2703 dilIerre
710 2650 775 2703 ad
810 2650 1039 2703 invicem
1060 2649 1147 2703 vix
1180 2650 1304 2719 quis
1326 2650 1621 2719 rectzeJidei
1647 2652 1782 2705 assi-

216 2742 420 2812 gnabit.
454 2740 633 2806 Quare
661 2742 703 2795 si
736 2741 837 2793 alia
871 2750 952 2794 est
995 2757 1023 2793 a
1072 2740 1206 2795 Filio
1241 2757 1477 2810 persona
1524 2742 1778 2809 Spiritus,

216 2834 481 2886 dictarum
504 2832 734 2900 aliquam
764 2832 1136 2885 habitudinam
1175 2832 1238 2885 ad
1263 2832 1437 2900 ipsum
1470 2833 1654 2887 habet.
1686 2833 1781 2887 Sin

216 2936 398 2978 autem
422 2941 550 2987 non,
592 2925 660 2977 ab
688 2924 804 2991 ipso
836 2940 942 2977 non
978 2933 1060 2977 est
1094 2924 1196 2975 alia
1218 2940 1465 2992 persona.
1502 2945 1519 2975 ι
1562 2926 1698 2981 Hinc
1728 2937 1783 2980 et

216 3016 558 3085 Nicephorus
586 3015 881 3069 Blemmida
917 3015 1076 3081 (orat.
1120 3016 1173 3078 2,
1204 3032 1253 3069 c.
1291 3019 1387 3081 14;
1422 3017 1483 3072 ϐ.
1516 3018 1580 3073 0.
1608 3019 1648 3083 Ι,
1693 3021 1781 3087 58)

218 3119 415 3179 pra-ter
467 3109 570 3160 alia
621 3108 855 3161 absurda
926 3124 991 3161 ex
1046 3107 1431 3162 Photianorum
1493 3120 1783 3179 systemate

217 3201 373 3270 sequi
402 3208 457 3253 et
486 3198 613 3252 illud
639 3198 887 3263 affirmat,
926 3198 985 3251 τὸ
1006 3200 1427 3270 ἀντιδιῃρημὲνα
1458 3195 1597 3252 εἶναι
1615 3202 1782 3269 Λόγον

294 3348 405 3411 (89)
433 3345 684 3399 Photium
717 3346 797 3411 (ut
817 3344 1098 3404 Scotistasi
1129 3347 1433 3410 censuisse,
1458 3346 1786 3402 suliieienter

224 3418 491 3488 Spiritum
524 3424 773 3470 sanetum
798 3412 994 3488 auiiilio
1015 3416 1292 3486 distingui,
1324 3417 1426 3469 etsi
1456 3432 1563 3469 non
1589 3418 1786 3473 habeat

222 3486 292 3543 ab
325 3504 392 3541 eo
421 3488 686 3557 originem
712 3526 727 3547 ,
760 3486 970 3557 scilicet
1013 3501 1079 3539 ex
1134 3502 1218 3549 eo,
1252 3489 1394 3554 quod
1424 3502 1532 3539 non
1598 3489 1785 3542 eadem

226 3560 438 3612 ratione
470 3554 628 3610 ambo
663 3571 727 3609 ex
774 3554 932 3609 Patre
983 3557 1277 3627 procedant
1303 3597 1317 3618 ,
1376 3566 1487 3627 tum
1516 3573 1582 3611 ex
1625 3573 1787 3627 opere

226 3638 416 3684 nostro
446 3627 623 3697 colligi
652 3634 860 3697 potest.
894 3634 1006 3697 tum
1040 3642 1101 3678 ex
1134 3626 1198 3679 iis
1244 3626 1590 3697 manifestum
1623 3626 1789 3682 ellici-

226 3711 335 3760 ων,
366 3715 485 3765 qua:
538 3695 597 3749 iri
647 3695 969 3761 Amphiloch.
1016 3706 1204 3763 qmest.
1238 3696 1306 3749 28
1335 3712 1363 3748 a
1413 3695 1596 3749 Scotto
1641 3699 1786 3752 edita

227 3770 507 3834 (Quadam
558 3782 621 3819 ex
675 3765 851 3818 Photii
896 3766 1219 3831 Amphiloch.
1270 3766 1487 3834 Neapoli
1541 3766 1696 3829 1814,
1732 3770 1781 3832 4,

227 3856 282 3907 p.
308 3838 498 3903 26-1“)
529 3837 621 3907 de
649 3837 735 3889 illa
764 3836 1061 3907 quaestione
1102 3836 1374 3904 disputat:
1412 3836 1466 3889 Si
1496 3852 1561 3890 ex
1597 3839 1786 3892 eodem

228 3906 496 3979 principio
530 3906 695 3979 Filius
733 3916 787 3958 et
810 3906 1042 3979 Spiritus
1072 3919 1292 3979 sanctus
1312 3907 1629 3979 procedunt,
1656 3924 1789 3976 quo-

228 3975 395 4031 inndo
436 3992 538 4030 nec
587 3978 812 4028 fratrum
868 3975 1284 4042 appellationem
1330 3976 1635 4043 accipient,
1675 3975 1789 4033 inec

229 4049 322 4102 filii
366 4062 559 4100 nomen
590 4046 822 4113 Spiritus
851 4058 1070 4098 sanctus
1106 4046 1387 4114 aequiret?
1415 4046 1491 4099 lbi
1524 4048 1574 4098 in
1606 4063 1671 4101 eo
1694 4064 1791 4116 po-

230 4118 502 4171 tissimum
533 4116 767 4181 insistit,
822 4116 965 4184 quod
997 4126 1223 4182 uterque
1250 4116 1320 4169 sit
1365 4116 1551 4167 ὲκοτοῦ
1576 4119 1737 4183 αὐτοῦ
1769 4160 1783 4182 ,

227 4188 343 4241 ἀλλ’
374 4188 471 4255 οὐχ
494 4186 772 4257 ὡσαύτως,
812 4187 951 4257 hanc
982 4201 1109 4238 vero
1139 4186 1504 4239 diversitatem
1539 4203 1787 4257 progres-

229 4258 404 4311 sionis
440 4258 719 4324 utriusque
752 4256 992 4307 intimius
1024 4256 1346 4323 perscrutari
1378 4256 1564 4309 sedulo
1600 4256 1784 4320 evitat,

229 4330 404 4381 solum
458 4342 567 4379 rem
616 4327 874 4393 exemplis
920 4325 1237 4392 quibusdam
1285 4342 1349 4377 ex
1404 4327 1564 4380 rebus
1594 4331 1789 4381 creatis

231 4398 533 4465 desumptis
579 4397 847 4448 illustrare
902 4396 1277 4465 quadantenus
1326 4405 1571 4449 conatur.
1622 4416 1639 4445 ι
1673 4398 1789 4451 Jant

229 4484 381 4529 vero,
418 4464 723 4519 aitScottus
759 4468 832 4533 (p.
869 4467 954 4519 51.
990 4483 1045 4518 n.
1084 4464 1151 4532 Ι).
1188 4466 1411 4534 quisque
1446 4468 1606 4528 videt,
1630 4483 1786 4535 quam

1889 626 2068 681 sarion
2100 624 2202 695 (De
2239 641 2383 693 proc.
2414 622 2599 693 Spirit.
2623 624 2819 683 sancti.
2851 623 2992 691 apud
3031 625 3230 679 Arcud.
3253 624 3454 695 Opusc.

1890 720 2059 775 theol.
2086 734 2205 773 aur.
2240 716 2419 787 p.252
2455 715 2597 783 seq.)
2626 714 2852 769 omnino
2868 713 3091 769 Thema:
3123 717 3458 774 eoneordans

1889 812 2030 867 hanc
2055 809 2485 881 propositionem
2528 816 2832 878 propugnat
2865 823 2880 859 :
2916 806 2977 859 Et
3015 806 3091 877 μὴ
3121 806 3183 860 τὸ
3232 807 3461 877 Πνεῦμα

1886 906 2034 957 ἐστιν
2061 902 2121 967 ἐξ
2149 900 2298 963 Υἱοῦ,
2314 902 2412 953 οὖν
2434 900 2501 952 ἂν
2523 899 2686 951 αὑτοῦ
2709 898 3079 969 προσωπικιῖις
3107 899 3459 968 διακρίνοιτο.

1886 996 2017 1061 Quae
2038 994 2337 1057 conclusio,
2368 994 2494 1047 licet
2541 991 2789 1046 Scotista:
2824 1007 2944 1045 eam
2980 994 3296 1059 negaverint
3322 991 3456 1062 (89),

1886 1090 2144 1157 spectatis
2172 1098 2227 1140 et
2264 1085 2547 1156 perpensis
2568 1084 2790 1138 Patrum
2828 1083 2977 1155 [287]
3004 1083 3287 1154 principiis
3316 1084 3456 1139 vali-

1887 1180 2108 1233 dissima
2178 1177 2477 1232 existimari
2548 1160 2729 1245 debet.
2792 1175 3057 1229 Caeterum
3124 1177 3195 1230 cl'.
3269 1175 3454 1231 Petav.

1886 1271 1961 1324 De
1991 1268 2134 1323 Trin.
2166 1286 2261 1332 vu,
2292 1285 2341 1323 c.
2367 1268 2419 1331 6,
2454 1285 2509 1320 n.
2556 1271 2607 1331 ϐ,
2640 1269 2707 1331 7;
2744 1283 2794 1321 e.
2844 1267 2895 1333 9,
2948 1284 3004 1322 n.
3053 1268 3087 1322 5
3122 1283 3236 1336 seq.
3284 1265 3452 1322 Henr.

1886 1359 2072 1413 Kilber
2101 1359 2155 1413 in
2191 1358 2343 1431 [288]
2380 1358 2569 1413 Theol.
2610 1358 2849 1414 Wirceb.
2897 1368 3055 1412 tract.
3100 1359 3173 1412 De
3209 1358 3317 1411 Deo
3353 1375 3457 1411 uno

1884 1461 1931 1505 et
1958 1452 2116 1517 trino,
2159 1452 2301 1521 disp.
2329 1452 2382 1514 6,
2429 1467 2478 1504 c.
2509 1450 2563 1514 2,
2612 1466 2668 1502 n.
2700 1450 2824 1503 607.
2854 1450 2985 1514 Qua:
3030 1465 3153 1504 cum
3202 1451 3276 1503 ita
3324 1450 3453 1513 sint,

1884 1552 2032 1613 patet
2054 1555 2260 1597 tantum
2288 1543 2477 1596 abesse
2531 1552 2589 1595 ut
2642 1541 2847 1596 Latinis
2871 1543 3048 1610 aliqua
3096 1556 3233 1595 nova
3266 1541 3457 1595 relatio

1885 1635 2182 1705 eningenda
2208 1636 2299 1695 sit.
2324 1651 2427 1702 qua
2460 1635 2701 1703 ipsorum
2743 1644 2975 1703 systema
3018 1634 3345 1701 perﬁciatur,
3396 1644 3457 1688 ut

1884 1744 1993 1797 pne
2016 1727 2404 1780 Photianorum
2427 1727 2671 1780 doctrina
2699 1726 2825 1777 illud
2850 1725 3087 1793 undique
3122 1724 3452 1787 absolutum,

1885 1819 2183 1889 perfectum
2228 1818 2440 1886 sibique
2485 1819 2769 1869 colireiens
2809 1816 3153 1880 ostendatur;
3180 1826 3324 1884 patet
3352 1832 3452 1870 ne-

1886 1909 2178 1963 cessariam
2211 1908 2497 1976 quamdam
2542 1906 2725 1975 σχέσιν
2758 1905 2981 1957 omnino
3041 1904 3091 1956 in
3146 1904 3453 1957 schismati-

1884 2016 2071 2054 eorum
2122 2000 2333 2055 theoria
2373 1997 2691 2060 desiderari,
2741 2011 2917 2064 neque
2947 1996 3123 2048 solum
3164 1993 3454 2048 Photiiar-

1883 2103 2194 2161 gumentum
2218 2092 2422 2159 nptime
2439 2089 2761 2158 retorqueri,
2778 2104 2963 2142 verum
2982 2088 3143 2141 simul
3158 2086 3451 2156 oppugnati

1880 2186 1949 2239 ab
1965 2200 2030 2238 eo
2047 2184 2310 2254 dogmatis
2322 2184 2603 2235 veritatem
2624 2180 3049 2235 luculentissime
3069 2179 3449 2232 demonstrari.

1950 2277 2004 2330 8.
2073 2276 2177 2329 Sed
2222 2276 2287 2328 ad
2340 2272 2594 2326 Photium
2642 2281 2999 2326 revertamur.
3050 2271 3197 2325 Nova
3247 2271 3453 2341 cllingit

1880 2381 2142 2431 monstra,
2182 2385 2301 2439 quae
2340 2368 2656 2421 Latinorum
2680 2366 2923 2421 doctrina
2957 2364 3265 2419 necessario
3288 2364 3451 2417 indu-

1879 2475 1984 2518 cat.
2043 2482 2059 2513 ι
2103 2464 2171 2517 At
2203 2464 2480 2516 enimvero
2522 2459 2816 2515 concidunt
2862 2459 3219 2527 proprietates
3263 2473 3453 2527 perso-

1880 2573 2070 2611 narum
2108 2576 2125 2607 ι
2172 2556 2310 2624 (cap.
2340 2556 2419 2621 9).
2456 2554 2717 2609 Videlicet
2750 2570 2762 2606 :
2798 2552 2968 2605 Patris
2992 2551 3294 2620 proprietas
3320 2565 3453 2605 eon-

1882 2649 2124 2705 stitutiva
2166 2660 2249 2702 est
2292 2648 2499 2717 spirare
2553 2646 2849 2717 Spiritum;
2885 2646 3000 2699 hzee
3044 2659 3173 2698 vero
3223 2643 3448 2707 tollitur,

1883 2742 1924 2795 si
1968 2741 2274 2795 communis
2308 2742 2378 2795 sit
2408 2740 2629 2809 spiratio
2659 2750 2713 2793 et
2745 2738 2899 2792 Filio.
2937 2737 3040 2791 Sed
3074 2737 3202 2791 illud
3238 2752 3452 2791 assum-

1884 2846 2033 2903 ptum
2063 2834 2173 2900 jam
2204 2834 2494 2887 refutatum
2521 2842 2607 2885 est
2643 2832 2696 2885 in
2730 2832 2899 2885 altero
2931 2829 3108 2884 Photii
3138 2830 3300 2883 el‘fato
3328 2830 3444 2899 (su-

1884 2946 1977 2998 pra
2030 2927 2117 2989 lll,
2164 2926 2215 2996 §§
2242 2928 2293 2989 5,
2343 2927 2419 2995 ti).
2454 2926 2609 2981 Unde
2643 2926 2788 2980 cadit
2814 2936 2867 2980 et
2890 2926 3032 2995 quod
3070 2925 3195 2979 inde
3218 2924 3450 2980 deduci-

1884 3030 1971 3074 tur
2030 3037 2041 3071 :
2104 3037 2123 3069 ι
2180 3020 2339 3073 Pater
2392 3029 2447 3073 et
2496 3018 2662 3073 Filius
2716 3019 2768 3072 in
2822 3034 2983 3072 unam
3047 3019 3453 3073 contrahuntur

1884 3126 2190 3178 personam,
2249 3110 2393 3179 quod
2428 3110 2797 3164 Saliellianum
2825 3110 2911 3164 vel
2940 3110 3451 3165 Semisabellianum

1810 3228 1852 3283 ε
1885 3212 1988 3258 est.
2036 3223 2054 3255 ι
2091 3234 2161 3243 -
2198 3202 2315 3257 Non
2367 3204 2633 3274 sequitur,
2690 3205 2766 3257 ait
2802 3202 3055 3259 Petavius
3108 3203 3165 3273 (Ι.
3199 3219 3250 3259 c.
3281 3219 3333 3259 c.
3361 3203 3452 3269 l0,

1888 3362 1999 3404 tum
2029 3361 2083 3403 et
2107 3347 2299 3402 Filium
2325 3348 2665 3401 solummodo
2697 3348 2951 3415 diStingui
2979 3360 3169 3416 putant
3198 3350 3320 3410 ταῖς
3344 3349 3455 3401 ἀπὸ

1887 3422 2095 3489 Harpe;
2122 3420 2399 3488 διαφόροις
2428 3418 2695 3486 προόδοις.
2725 3418 2845 3469 καθ’
2874 3418 2939 3478 ἃς
2972 3419 3032 3469 τὸ
3067 3420 3163 3485 μὲν
3196 3421 3456 3487 γεγέννη-

1885 3488 2080 3550 mni.
2103 3489 2159 3543 δὲ
2195 3488 2547 3557 ἐκπορεύεται
2573 3529 2587 3549 ,
2623 3489 2816 3557 quaerit
2848 3531 2861 3549 ,
2914 3489 3131 3553 inquam
3159 3529 3173 3551 ,
3220 3504 3455 3556 quanam

1887 3562 2098 3614 ratione
2122 3560 2351 3613 diversae
2403 3560 2701 3611 habeantur
2734 3559 3137 3627 progressioncs
3178 3558 3280 3612 illae
3310 3561 3453 3621 due,

1886 3647 1992 3700 qua
2021 3632 2074 3683 in
2106 3645 2165 3683 re
2187 3629 2302 3700 inec
2333 3628 2637 3683 diﬂ'erentia
2676 3629 2958 3682 consistat.
2994 3628 3049 3700 Si
3083 3628 3135 3680 in
3176 3644 3276 3688 eo.
3309 3629 3454 3697 quod

1888 3698 2166 3771 generatio
2218 3699 2528 3778 immediate
2568 3706 2653 3752 est
2692 3714 2721 3751 a
2748 3700 2916 3780 Patre
2949 3698 3065 3752 solo
3106 3741 3120 3763 ,
3156 3700 3455 3780 processio

1889 3767 2018 3824 vero
2051 3785 2145 3838 per
2184 3769 2585 3839 generationem
2646 3778 2701 3821 et
2747 3767 2980 3839 Spiritus
3030 3784 3124 3835 per
3146 3767 3369 3839 Filium.
3401 3769 3453 3821 id

1890 3858 1986 3911 pro
2015 3840 2168 3911 nobis
2196 3838 2302 3901 est,
2324 3839 2445 3911 ait,
2478 3838 2527 3890 id
2565 3838 2677 3911 fere
2714 3839 2766 3890 in
2803 3838 3025 3911 Thoniae
3057 3838 3317 3911 rationem
3371 3855 3456 3891 re-

1889 3908 2037 3965 cidit.
2068 3910 2123 3964 Si
2158 3924 2285 3962 vero
2324 3908 2376 3961 in
2400 3924 2484 3973 eo,
2511 3908 2651 3975 quod
2679 3920 2902 3976 utraque.
2930 3924 2959 3960 a
2985 3908 3140 3961 Patre
3175 3909 3309 3965 solo.
3328 3918 3455 3962 tunc

1889 3996 1996 4034 non
2024 3980 2255 4047 amplius
2294 3986 2530 4047 possunt
2562 3976 2728 4031 Filius
2762 3989 2817 4031 et
2863 3977 3095 4046 Spiritus
3125 3978 3191 4030 ab
3223 3978 3452 4030 invicem

1888 4050 2163 4119 distingui.
2190 4048 2319 4101 Nam
2342 4048 2930 4119 diverswquorumdam
2968 4048 3179 4116 πρόοδοι
3216 4056 3341 4101 sunt
3362 4057 3455 4101 aut

1890 4122 2039 4188 παρά
2055 4118 2115 4171 ea;
2133 4119 2303 4171 αἴτιον
2319 4127 2411 4171 aut
2432 4118 2581 4186 παρὰ
2597 4119 2657 4169 τὸ
2680 4120 2919 4169 αἰτιατόν
2936 4134 2954 4188 ἡ
2978 4119 3246 4188 posterius
3266 4132 3454 4171 rursus

1891 4187 2088 4259 duplici
2105 4190 2263 4243 modo
2280 4204 2397 4259 esse
2417 4198 2593 4259 potest
2617 4187 2821 4256 (διχῶς)
2843 4206 2855 4240 :
2880 4187 2961 4259 vel
2980 4187 3453 4259 quiahprincipiata

1890 4262 1956 4313 ad
1971 4257 2214 4313 diversas
2230 4258 2437 4326 species
2459 4258 2729 4325 pertinent
2747 4260 2827 4309 vel
2849 4257 2973 4327 quia
2996 4258 3048 4309 in
3079 4257 3288 4310 diversa
3326 4272 3455 4327 sup-

1892 4331 2060 4399 posita
2080 4339 2433 4383 secernuntur
2450 4327 2885 4399 et_terminantur
2905 4326 2956 4397 (ἥ
2987 4327 3160 4399 arma
3186 4329 3251 4379 τὰ
3281 4329 3455 4399 atina-

1890 4392 1957 4452 ἷτὰ
2003 4401 2268 4468 διαφόρων
2292 4399 2453 4468 εἰδῶν
2484 4392 2679 4468 εἰναιίῇ
2699 4396 2787 4468 διὰ
2815 4397 2875 4448 τὸ
2912 4392 2989 4468 εἰς
3018 4397 3245 4468 διάφορα
3278 4398 3455 4468 ορίξε-

1892 4470 2013 4522 σθαι
2042 4466 2259 4537 ἄτομα).
2283 4466 2401 4521 Jam
2441 4483 2571 4521 vero
2621 4467 2785 4520 Filius
2819 4477 2873 4520 et
2901 4466 3131 4535 Spiritus
3164 4467 3305 4519 haud
3364 4482 3451 4521 se-

231 4538 344 4591 sint
371 4538 565 4604 inepta:
607 4538 1071 4618 comparationes,
1131 4540 1328 4618 quibus
1366 4536 1452 4589 ille
1500 4537 1784 4618 innititur,
1815 4560 1867 4618 D
1893 4536 2393 4604 cundum’speciem
2433 4538 2728 4618 dill‘erunt,
2781 4552 2943 4615 unain
2971 4547 3024 4589 et
3057 4539 3299 4618 eamdem
3354 4552 3455 4589 nu-

230 4623 355 4660 cum
388 4622 491 4669 res,
529 4621 661 4673 quas
700 4608 751 4657 in
772 4606 1077 4673 exemplum
1109 4607 1357 4668 adducit,
1410 4622 1517 4659 non
1577 4622 1672 4674 per
1704 4608 1786 4659 di-

231 4692 450 4730 versum
493 4675 856 4743 processionis
880 4675 1123 4737 modum,
1149 4677 1241 4729 sed
1272 4692 1367 4743 per
1402 4680 1680 4731 materiem
1712 4679 1793 4730 in-

229 4746 596 4800 dividuantem
640 4753 694 4797 et
734 4746 919 4798 forma:
950 4746 1316 4799 diversitatem
1358 4747 1790 4815 distinguantur,

229 4833 351 4885 qua:
394 4816 573 4868 omnia
606 4815 658 4867 in
688 4816 889 4867 divinis
920 4817 1166 4883 personis
1204 4819 1379 4868 locum
1414 4833 1519 4868 non
1553 4816 1788 4883 habent;

230 4888 341 4939 imo
368 4886 659 4947 interdum,
693 4895 747 4937 ut
771 4885 956 4937 videre
992 4896 1070 4937 est
1108 4888 1247 4954 apud
1284 4888 1341 4937 υ.
1376 4885 1639 4939 Thomam
1672 4904 1724 4955 p.
1754 4904 1789 4949 ι,

229 4975 288 5022 ιι.
322 4956 425 5017 36,
467 4973 515 5008 a.
558 4955 679 5008 3ad
723 4956 773 5018 l,
840 4956 1220 5007 similitudines
1269 4958 1553 5023 [impositae
1606 4968 1791 5010 contra

231 5026 482 5080 Photium
518 5026 701 5092 potius
754 5024 977 5077 faciunt.
1020 5044 1037 5073 ι
1083 5024 1233 5078 Patet
1272 5039 1383 5078 tum
1425 5042 1487 5078 ex
1528 5028 1794 5094 principio

232 5108 348 5148 tum
372 5112 435 5148 ex
466 5096 570 5148 line
601 5096 762 5159 hujus
801 5096 1180 5163 disputationis
1210 5096 1505 5156 Photianae.
1532 5099 1792 5163 quosdam

230 5168 571 5218 orthodoxos
592 5166 957 5218 diliicultatem
986 5167 1236 5225 movisse.
1269 5183 1427 5235 quam
1454 5168 1568 5234 ipse
1594 5169 1791 5220 frustra

232 5250 496 5288 enervare
521 5236 820 5301 contendit.
867 5236 1135 5288 Caeterum
1171 5237 1310 5289 inter
1343 5238 1559 5289 (ἑταῖρος
1605 5246 1792 5289 auctu-

234 5321 343 5368 rcs,
370 5306 459 5373 qui
490 5305 677 5373 dogma
702 5306 1025 5358 catholicum
1066 5307 1389 5369 tuebantur,
1419 5307 1601 5374 plures
1644 5308 1793 5359 inve-

232 5375 353 5428 nire
377 5383 481 5437 est,
510 5376 602 5442 qui
640 5374 861 5427 Thema:
904 5385 1280 5443 argumentum
1320 5392 1425 5427 non
1471 5377 1789 5438 admittant;

232 5447 433 5512 quibus
474 5446 753 5513 sulfragari
805 5445 1014 5498 videtur
1061 5446 1319 5513 Georgius
1371 5446 1677 5499 Scholarius
1739 5449 1790 5501 in

232 5516 585 5586 Responsione
620 5517 687 5567 ad
727 5514 889 5567 Marci
941 5514 1150 5586 Ephesii
1206 5517 1546 5585 syllogismos,
1584 5533 1701 5586 cap.
1736 5519 1785 5569 6.

236 5586 390 5648 (Cod.
428 5584 639 5637 Monac.
670 5586 731 5636 27
768 5585 806 5637 l.
857 5585 956 5638 194
986 5604 1035 5638 a.
1072 5588 1209 5653 seq.)
1244 5589 1348 5639 late
1384 5603 1499 5639 cant
1524 5584 1792 5653 rem'per-

237 5665 494 5708 tractans.
532 5655 791 5708 Prazclare
823 5671 950 5707 vero
981 5658 1219 5710 ostendit
1246 5657 1549 5717 liessarion,
1592 5658 1791 5711 doctri-

237 5741 362 5777 nam
411 5726 553 5777 illam
584 5724 759 5778 Photii
792 5735 885 5778 aut
914 5724 1045 5777 nihil
1076 5727 1284 5781 ellicere
1339 5738 1430 5779 aut
1470 5728 1523 5779 in
1571 5728 1793 5781 Thouue

240 5798 499 5851 rationem
536 5796 765 5848 refundi.
801 5796 1004 5859 Quwrit
1036 5798 1177 5849 enim
1209 5796 1479 5864 (Respons.
1506 5801 1573 5850 ad
1603 5798 1787 5865 Ephes.

238 5868 419 5935 agi/ag.
452 5868 547 5931 18;
584 5868 701 5921 cod.
730 5868 875 5920 citat.
912 5867 947 5920 Ι.
982 5867 1086 5921 250
1116 5887 1165 5919 a.
1204 5870 1281 5935 b.)
1311 5885 1372 5921 ex
1403 5868 1465 5921 iis
1491 5870 1578 5938 qui
1624 5871 1791 5938 Sp;ri-

1900 4626 2051 4662 mero
2085 4618 2328 4661 naturam
2368 4617 2422 4660 et
2458 4608 2695 4660 divinam
2748 4606 3035 4659 essentiam
3067 4622 3095 4657 a
3126 4608 3279 4659 Patre
3328 4621 3454 4674 pro-

1895 4680 2186 4744 grediendo
2213 4677 2570 4745 accipientes;
2612 4692 2786 4743 neque
2816 4676 2892 4729 sic
2918 4675 3175 4729 diderunt
3215 4680 3355 4727 κατὰ
3384 4677 3455 4732 τὰ

1894 4750 2099 4817 ἄτομα·
2136 4749 2367 4815 primum
2390 4748 2608 4816 quidem
2642 4747 2765 4813 quia
2810 4747 2882 4799 ibi
2918 4747 3061 4798 nulla
3104 4746 3327 4799 materia
3367 4748 3454 4799 ni-

1897 4820 2079 4885 hilque
2109 4820 2343 4871 materiae
2384 4819 2720 4886 analogicuin
2746 4857 2759 4877 ,
2809 4833 2913 4884 qua
2963 4817 3203 4886 ejusdem
3244 4827 3451 4870 natura:

1896 4890 2171 4956 supposita
2190 4890 2256 4939 ab
2290 4888 2520 4940 invicem
2553 4885 2905 4953 iseparantur
2939 4926 2953 4949 ,
3000 4885 3196 4937 deinde
3220 4886 3343 4953 quia
3398 4897 3452 4939 et

1896 4958 2296 5027 suppositorum
2338 4974 2397 5011 ex
2428 4958 2619 5009 iisdem
2653 4957 2830 5009 causis
2866 4956 3273 5023 progressioncs
3302 4958 3450 5027 ejus-

1896 5026 2017 5081 dem
2045 5030 2243 5095 speciei
2270 5027 2571 5095 (ὁμοειδεῖς)
2604 5036 2763 5089 sunt;
2799 5028 2883 5078 hic
2913 5041 3041 5079 vero
3072 5040 3248 5093 neque
3280 5026 3451 5079 amba:

1895 5108 2023 5151 sunt
2053 5102 2449 5167 generationes.
2479 5112 2655 5164 neque
2685 5098 2855 5167 amba:
2909 5099 3315 5167 processiones.
3338 5095 3449 5149 lie-

1896 5180 1999 5221 stat
2029 5166 2156 5235 ergo
2184 5167 2618 5237 progressionum
2648 5166 3006 5219 dill'erentiam
3033 5166 3331 5237 essetaut
3361 5168 3452 5218 τὸν

1894 5238 1986 5289 τοῦ
2016 5239 2185 5289 αἰτίου
2236 5235 2407 5301 λόῖίον.
2444 5236 2548 5290 Sed
2582 5238 2623 5289 si
2655 5237 2937 5304 utrobique
2981 5252 3118 5289 unus
3158 5235 3314 5288 Pater
3348 5237 3453 5290 erit

1894 5309 2085 5369 αἴτιος,
2120 5318 2248 5360 tunc
2270 5317 2417 5360 certe
2438 5322 2502 5359 ex
2533 5317 2681 5375 parte
2700 5306 2799 5375 71:05
2829 5307 3001 5357 αἰτίου
3042 5306 3185 5359 nulla
3230 5322 3449 5373 prorsus

1894 5378 2215 5437 dill'erentia,
2264 5389 2318 5430 et
2364 5374 2640 5429 distinctio
2690 5374 2922 5443 Spiritus
2961 5386 3014 5428 ct
3060 5377 3178 5429 Filii
3230 5378 3451 5430 omnino

1894 5449 2059 5509 cadit,
2094 5449 2163 5500 ita
2198 5457 2255 5500 ut
2283 5462 2386 5498 una
2450 5457 2656 5499 tantum
2697 5462 2924 5513 persona
2977 5448 3246 5508 evadant,
3303 5447 3447 5514 quod

1894 5519 2182 5571 absurdum
2213 5528 2267 5569 et
2306 5518 2426 5570 ﬁdei
2464 5531 2785 5584 repugnans.
2834 5514 3061 5569 Necesse
3101 5527 3354 5585 estergo,
3405 5518 3448 5569 si

1895 5590 2089 5640 divime
2125 5603 2364 5655 persona:
2387 5588 2453 5640 ab
2489 5588 2717 5639 invicem
2747 5587 3136 5653 distinguenda:
3178 5598 3324 5649 sunt,
3357 5602 3451 5641 eas

1894 5660 2156 5727 oppositis
2182 5659 2530 5711 relationibus
2553 5658 2845 5709 secundum
2870 5658 3193 5727 principium
3224 5665 3276 5709 et
3300 5658 3452 5725 prin-

1894 5726 2148 5795 ripiatum
2179 5728 2435 5795 distingui
2472 5736 2525 5780 et
2571 5728 2826 5795 Spiritum
2866 5742 2909 5797 ai
2929 5726 3060 5797 Filio
3090 5737 3147 5779 et
3197 5729 3353 5780 Patre
3382 5730 3447 5797 τῇ

1894 5799 1985 5849 τοῦ
2013 5797 2447 5866 προϐαλλομένου
2482 5798 2613 5867 πρὸς
2646 5798 2736 5847 τὸν
2764 5795 3141 5864 ,προὸάλλοντα
3184 5795 3445 5867 διαφορᾷέ

1895 5870 1986 5921 καὶ
2025 5870 2099 5938 μὴ
2129 5868 2299 5930 ἄλλως
2338 5868 2722 5938 διακρίνεσθαι.
2758 5868 2844 5920 Sic
2874 5867 3172 5923 Bessan-ian.
