4242 6438
774 399 874 463 511

1905 390 2168 454 ΡΗΟΤΙΙ
2208 389 2715 452 ΡΑΤΒΙΑΒΟΗΑΞ
2757 391 2867 452 CP.

3920 388 4024 450 51?.

768 520 799 587 ᾗ
831 518 917 586 17)
951 533 964 569 :
1004 533 1024 566 ‹
1069 514 1202 567 Nam
1226 527 1469 582 persona:
1496 511 1616 564 dure
1645 525 1740 564 sua
1767 509 1993 578 singula:
2017 508 2346 577 proprietate
2373 510 2422 568 Α
2449 506 2588 564 illos.
2633 506 2759 575 quia
2803 505 2996 558 Filium
3037 503 3219 557 omnia
3255 502 3430 558 Patris
3457 502 3826 573 possidentem
3856 517 3884 553 a
3914 502 4027 570 spi-

771 601 1079 655 constitutm
1123 609 1269 663 sunt,
1313 615 1435 668 qua:
1482 610 1609 653 sunt
1644 600 1675 667 ἡ
1709 598 1985 666 πατρότης
2017 599 2110 649 καὶ
2137 599 2340 666 υἱότης,

770 693 968 760 quibus
999 693 1204 760 integre
1232 702 1287 744 et
1321 691 1550 746 invicem
1572 689 1839 742 distincta:
1866 690 2153 756 hypotases
2203 692 2346 741 exsi-

770 795 944 838 stunt.
967 784 1059 837 llis
1087 786 1196 852 jam
1222 783 1532 837 constitutis
1563 783 1664 835 alia
1691 798 1810 850 qua
1841 791 1924 834 est
1954 781 2188 848 spirandi
2219 795 2345 848 pro-

771 875 977 942 prictas
1020 872 1251 932 accedit,
1305 887 1476 940 eaque
1529 870 1768 923 divinam
1811 871 2122 931 essentiam,
2171 879 2229 921 ut
2259 879 2344 922 est

775 965 831 1016 in
860 964 1017 1017 Patre
1046 979 1109 1018 ac
1141 963 1294 1025 Filio,
1327 963 1438 1015 sive
1469 970 1526 1014 ut
1563 962 1617 1014 in
1655 961 1811 1014 Patre
1837 969 1893 1012 et
1926 976 1954 1010 a
1981 960 2137 1012 Patre
2177 970 2259 1012 est
2290 961 2343 1011 in

772 1054 943 1114 Filio.
974 1055 1305 1124 consequitur
1335 1068 1396 1106 ac
1427 1052 1718 1106 modilicat.
1748 1051 1824 1103 lta
1851 1050 1930 1115 ﬁt,
1967 1060 2027 1102 ut
2055 1066 2222 1103 unum
2255 1050 2346 1103 ﬁat

773 1165 841 1201 ex
886 1148 1151 1201 ambobus
1200 1145 1566 1213 principium,
1611 1159 1862 1211 unusque
1909 1143 2184 1212 spirator,
2238 1157 2345 1194 non

775 1251 958 1294 tamen
1003 1255 1105 1290 una
1153 1252 1420 1306 persona;
1455 1237 1498 1289 si
1537 1237 1755 1304 quidem
1790 1238 1822 1304 ἡ
1861 1234 2099 1305 προϐολὴ
2127 1250 2237 1286 non
2266 1241 2348 1287 est

775 1333 1075 1404 personalis
1100 1331 1420 1400 proprietas,
1447 1329 1561 1382 sive
1589 1329 1648 1380 τὸ
1675 1329 1807 1380 ἴδιον
1835 1327 2218 1387 ὑποστατικὸν,
2246 1327 2349 1380 hoc

775 1437 896 1491 est,
945 1439 1233 1494 personam
1283 1423 1644 1476 constituens.
1685 1441 1703 1471 3
1753 1420 2101 1482 Gennadius,
2143 1420 2197 1471 in
2243 1420 2350 1472 Ex-

775 1520 931 1587 posit.
978 1533 1119 1568 conc.
1171 1514 1319 1566 Flor.
1372 1530 1425 1582 p.
1491 1531 1530 1575 ι,
1581 1522 1716 1567 sect.
1762 1513 1846 1575 10,
1879 1513 1982 1564 hoc
2012 1521 2347 1580 postremum

778 1609 975 1662 merito
1019 1607 1253 1659 inculcat
1303 1624 1317 1659 :
1377 1625 1394 1655 ι
1443 1604 1498 1657 Si
1536 1604 1931 1673 hypostaticum
1967 1618 2214 1670 persona:
2250 1602 2352 1654 Pa-

781 1700 877 1752 tris
930 1699 1261 1767 producendi
1314 1707 1492 1750 actum
1532 1711 1879 1764 poneremus,
1920 1705 2047 1748 tunc
2073 1696 2259 1764 utique
2301 1697 2350 1748 id

781 1792 1176 1846 inconveniens
1221 1801 1562 1860 sequeretur,
1606 1807 1842 1859 vereque
1865 1803 2010 1845 esset
2049 1791 2212 1844 Filius
2245 1808 2348 1844 una

2445 599 2653 652 ratione
2683 597 2998 660 excludunt,
3024 595 3140 649 Filii
3171 594 3526 648 coeilicientia
3556 594 3731 647 Patris
3759 595 4024 647 honorem

2443 690 2616 744 minui
2649 697 2935 742 autumant
2965 696 3020 740 et
3047 688 3206 741 anxie
3244 688 3407 740 nimis
3437 687 3612 739 Patris
3636 686 4026 755 pra‘rogativas

2443 782 2744 840 inculcant,
2777 779 3065 832 Arianismi
3098 795 3348 850 arguere.
3379 778 3497 842 Quo
3530 777 3861 830 Batrainnus
3893 777 3950 841 (l.
3982 794 4021 838 r,

2443 887 2494 926 c.
2527 873 2582 934 3,
2609 870 2826 940 p.229;
2858 872 2894 924 Ι.
2930 885 3012 932 ιιι,
3055 886 3105 924 c.
3135 871 3187 932 6,
3222 887 3275 939 p.
3307 869 3434 938 298)
3462 887 3476 934 ;
3509 868 3700 921 Petrus
3731 867 4021 920 Mediolan.

2446 963 2532 1030 (ad
2579 963 2711 1030 imp.
2735 964 2887 1015 Alex.
2925 962 2990 1015 (ἰ.
3021 961 3082 1016 0.
3119 960 3158 1023 Ι,
3186 962 3291 1014 580
3321 962 3461 1029 seq.)
3489 977 3502 1023 ;
3537 960 3743 1012 Beccus
3807 959 3882 1022 tiu
3916 956 4021 1009 Te-

2446 1066 2605 1116 stam,
2639 1055 2714 1107 ib.
2746 1071 2800 1123 p.
2834 1055 2958 1117 577)
2987 1054 3188 1122 aliique
3219 1063 3497 1122 spectasse
3530 1052 3800 1105 videntur.
3835 1050 4024 1116 Neque

2445 1158 2719 1217 postremo
2774 1147 2824 1200 id
2868 1147 3167 1201 advertisse
3216 1146 3449 1213 amplius
3493 1160 3630 1214 opus
3680 1155 3782 1205 est,
3817 1143 4020 1195 nullam

2448 1242 2573 1294 hinc
2633 1241 2952 1293 divisionem
3002 1240 3538 1308 discerptionemque
3586 1237 3780 1305 sequi,
3844 1251 4023 1302 neque

2451 1346 2616 1383 unum
2664 1328 2838 1382 Patris
2876 1329 3072 1382 idioma
3105 1328 3206 1397 ipsi
3239 1328 3502 1396 integrum
3536 1324 3762 1379 servari.
3791 1323 4021 1377 alterum

2450 1439 2578 1476 vero
2609 1422 2838 1484 destrui,
2886 1436 3006 1490 qua:
3039 1437 3104 1473 ex
3139 1420 3300 1473 dictis
3323 1420 3432 1487 jam
3459 1419 3590 1471 satis
3619 1418 3847 1470 refutatu
3873 1425 4020 1470 sunt.

2517 1516 2571 1568 9.
2613 1514 2848 1566 Rursum
2880 1514 3146 1567 declamat
3179 1511 3406 1565 Photius
3431 1511 3570 1579 (cap.
3597 1510 3656 1562 11
3695 1527 3707 1560 :
3740 1527 3758 1559 ι
3793 1508 4024 1561 Praeter-

2450 1624 2512 1658 ea
2555 1607 2597 1658 si
2649 1607 2756 1659 duo
2797 1604 3059 1673 principia
3105 1604 3160 1656 in
3209 1603 3520 1656 thearchica
3561 1611 3615 1654 et
3661 1615 4024 1668 superessen-

2453 1697 2563 1750 tiaii
2604 1695 2872 1749 Trinitate
2908 1696 3339 1763 conspiciuntur,
3380 1694 3468 1747 ubi
3488 1694 3591 1747 erit
3619 1695 3836 1746 tandem
3865 1693 4024 1746 toties

2451 1792 2734 1844 decantata
2779 1790 2997 1857 Deoque
3043 1789 3202 1858 digna
3241 1787 3568 1840 monarchia:
3599 1787 3716 1840 vis?
3745 1786 4027 1851 Quomodo

784 1901 906 1937 cum
960 1886 1113 1938 Patre
1156 1901 1416 1954 persona,
1449 1886 1814 1939 constitutivze
1847 1885 2193 1952 proprietatis
2225 1899 2348 1936 cum
2385 1856 2425 1912 Β
2455 1902 2560 1940 non
2599 1884 2937 1954 polytheismi
2970 1883 3216 1951 impietas
3240 1897 3386 1935 nunc
3416 1883 3676 1949 irrumpet
3701 1879 3722 1932 ?
3744 1878 4026 1943 Quomodo

783 1991 850 2029 eo
881 1977 1311 2030 connnunicans.
1340 1977 1444 2030 Sed
1475 1977 1596 2044 quia
1624 1992 1869 2045 persona;
1892 1977 2064 2030 Patris
2084 1977 2354 2030 constitu-

784 2070 892 2122 tiva
955 2070 1252 2138 proprietas
1308 2070 1605 2137 paternitas
1650 2078 1706 2122 et
1753 2070 2032 2139 generatio
2078 2069 2221 2122 dicta
2271 2079 2355 2122 est

783 2177 926 2224 esse,
973 2161 1120 2232 [289]
1180 2163 1479 2230 producere
1523 2176 1651 2215 vero
1693 2165 1998 2230 proprietas
2038 2163 2152 2215 sive
2178 2162 2350 2224 notio,

785 2266 908 2319 qua:
959 2253 1203 2319 sequitur
1249 2269 1523 2320 personam
1577 2253 1914 2304 constitutam
1966 2253 2173 2320 ipsius,
2235 2268 2355 2321 quae

788 2346 1089 2399 necessitas
1113 2355 1216 2407 est,
1249 2361 1372 2398 eum
1403 2345 1493 2412 qui
1531 2361 1655 2399 cum
1691 2345 1780 2398 illo
1812 2360 2158 2398 communem
2194 2345 2358 2398 habet

789 2453 908 2490 eam
956 2437 1358 2506 proprietatem,
1406 2453 1525 2506 quae
1564 2453 1813 2506 personae
1852 2440 1972 2506 ejus
2001 2438 2356 2491 constitutiva

790 2546 898 2582 non
927 2539 1036 2592 est,
1071 2545 1229 2582 unam
1264 2545 1382 2583 esse
1411 2546 1533 2583 cum
1576 2545 1640 2583 eo
1670 2530 2004 2598 personam?
2041 2526 2174 2582 Nam
2200 2529 2358 2582 sicuti

789 2622 1198 2675 con‘nnunicans
1244 2636 1368 2674 cum
1407 2622 1564 2675 Patre
1612 2623 1801 2686 Filius,
1842 2621 2049 2674 scilicet
2095 2620 2358 2688 Spiritum

790 2715 908 2780 ejus
948 2728 1086 2777 esse,
1121 2713 1575 2780 quemadmodum
1609 2723 1664 2767 et
1701 2711 1895 2772 Patris,
1927 2722 1982 2765 et
2014 2712 2152 2767 mitti
2176 2712 2243 2764 ab
2272 2727 2356 2775 eo,

790 2804 1245 2872 quemadmodum
1291 2814 1345 2857 ct
1371 2820 1400 2856 a
1431 2805 1607 2866 Patre,
1643 2814 1820 2856 tamen
1856 2818 1965 2855 non
1999 2818 2121 2856 cum
2148 2817 2213 2854 eo
2240 2816 2362 2870 per-

793 2913 956 2950 sonas
1007 2899 1388 2959 communicat,
1443 2897 1568 2964 quia
1621 2895 1884 2962 Spiritum
1927 2895 2032 2948 dici
2073 2895 2246 2947 Patris
2278 2894 2362 2946 vel

794 2989 863 3040 ah
892 3003 958 3041 eo
989 2987 1129 3040 mitti
1152 3004 1259 3040 non
1281 2998 1363 3040 est
1388 2998 1622 3056 paternae
1651 3002 1893 3055 persona:
1915 2986 2357 3049 constitutivum;

796 3081 876 3133 sic
908 3095 1083 3148 neque
1114 3079 1203 3147 qui
1235 3079 1648 3147 productionem
1679 3094 2024 3132 communem
2053 3093 2178 3132 cum
2207 3077 2363 3131 Patre

798 3173 978 3234 habet,
1008 3172 1060 3225 in
1103 3188 1263 3225 unam
1291 3186 1578 3241 personam
1605 3170 1975 3240 coniungitur,
2003 3173 2128 3238 quia
2158 3171 2360 3239 produ-
2389 3204 2430 3262 ο

797 3283 921 3321 cere
944 3283 1049 3319 non
1077 3275 1160 3318 est
1193 3273 1427 3333 paternze
1457 3278 1703 3332 persona:
1722 3262 2159 3315 constitutivum.
2200 3260 2355 3324 Quod

798 3359 843 3412 si
871 3359 1064 3411 mirum
1111 3367 1192 3412 est
1222 3357 1357 3412 duas
1395 3370 1653 3426 personas
1682 3370 1803 3408 esse
1833 3370 2000 3406 unum
2036 3353 2364 3423 principium

798 3463 852 3507 et
893 3469 1000 3505 non
1027 3451 1277 3519 conjungi
1304 3449 1626 3520 (confundi),
1655 3449 1824 3517 magis
1847 3447 2042 3501 mirutn
2076 3446 2199 3508 erit,
2225 3446 2366 3514 quod

800 3557 912 3599 tres
944 3559 1188 3612 persona":
1216 3544 1317 3595 sint
1352 3558 1514 3594 unum
1543 3542 1868 3609 principium
1905 3555 2005 3593 nec
2029 3539 2368 3608 conjungan-

803 3647 890 3690 tur
924 3635 1392 3706 (confumlantur).
1444 3653 1461 3684 ι
1516 3632 1825 3697 Bessarion,
1878 3632 2041 3701 epist.
2099 3631 2165 3683 ad
2215 3631 2367 3683 Alex.

803 3730 957 3783 Lasc.
1008 3744 1058 3782 c.
1106 3728 1159 3782 8.
1204 3726 1392 3798 (llard.
1438 3725 1528 3788 IX,
1577 3725 1732 3793 1070)
1781 3742 1794 3776 :
1846 3744 1863 3774 ι
1915 3724 2068 3788 Quod
2096 3723 2138 3776 si
2175 3738 2371 3790 opera-

805 3821 1007 3874 tionem
1069 3820 1308 3888 Spiraudi
1335 3861 1348 3882 ,
1419 3818 1632 3887 inquit,
1671 3817 2079 3872 eonstitutivam
2123 3831 2372 3885 personae

805 3923 1044 3984 paternae
1084 3927 1429 3982 poneremus,
1477 3921 1607 3964 tunc
1634 3918 1957 3978 sequeretur
1984 3909 2086 3961 hoc
2119 3909 2373 3959 inconve-

806 4008 1053 4061 niens....
1106 4005 1316 4058 Ponere
1349 4012 1529 4056 autem
1568 4001 1865 4070 potentiam
1899 3999 2143 4069 spirandi
2171 3998 2376 4053 consti-

811 4099 1032 4152 tutivam
1093 4111 1212 4150 esse
1269 4109 1517 4164 personae
1564 4093 1759 4158 Patris,
1812 4109 1878 4147 ex
1922 4107 1989 4145 ex
2035 4092 2152 4145 solo
2214 4090 2376 4144 Patre

809 4186 1070 4254 Spiritum
1126 4184 1436 4253 procedere,
1493 4199 1654 4234 unum
1699 4191 1747 4235 et
1781 4183 1918 4234 idem
1948 4190 2048 4233 est.
2082 4179 2260 4245 Quare
2284 4178 2376 4247 qui

811 4279 915 4332 hoc
965 4277 1115 4341 dicit,
1162 4278 1287 4344 petit
1324 4275 1662 4344 principium.
1719 4292 1736 4324 ι
1791 4272 1923 4338 Quae
1973 4271 2020 4324 .Ι.
2074 4271 2279 4324 Beceus
2321 4269 2376 4322 in

813 4372 952 4423 hanc
999 4385 1110 4423 rem
1147 4368 1460 4436 respondet,
1510 4382 1573 4420 ea
1624 4365 1805 4435 potius
1833 4365 1886 4417 in
1914 4363 2248 4433 posteriores
2282 4360 2380 4413 La-

812 4460 1151 4516 tinomachos
1206 4459 1507 4528 quadrant,
1553 4457 1879 4526 quibuscum
1933 4455 2020 4509 ille
2082 4453 2378 4524 pugnabat,

2454 1994 2562 2031 non
2611 1978 2712 2031 sub
2743 1974 3141 2031 Christianismi
3165 1976 3344 2042 specie
3371 1973 3574 2027 ethnici
3602 1972 3802 2025 erroris
3833 1986 4026 2039 super-

2456 2071 2602 2124 stitio
2631 2071 2698 2124 ab
2732 2071 2795 2124 iis
2818 2071 2908 2138 qui
2946 2069 3071 2122 talia
3095 2069 3299 2121 audent
3328 2067 3510 2120 dicere
3551 2063 3964 2119 introducetur?
4001 2082 4020 2113 ι

2457 2164 2562 2217 Sed
2604 2179 2839 2232 quonaru
2886 2171 3044 2232 pacto
3088 2161 3402 2215 monarchia
3444 2159 3745 2213 deStruitur
3786 2170 3841 2211 et
3868 2157 4026 2210 indu-

2456 2257 2596 2310 citur
2638 2253 3073 2324 polytheismus?
3107 2273 3122 2304 ι
3165 2254 3280 2306 Duo
3307 2251 3572 2320 principia
3605 2251 3958 2304 inducuntur.
3998 2267 4018 2300 ρ

2459 2348 2564 2403 Sed
2595 2350 2694 2403 hoc
2725 2349 3063 2418 probandum
3095 2346 3289 2400 Photio
3311 2353 3446 2409 erat,
3481 2360 3590 2398 non
3615 2344 4023 2402 assumendum.

2459 2452 2519 2496 ut
2547 2444 2739 2495 merito
2771 2443 3062 2511 respondet
3092 2441 3297 2494 Beccus
3323 2439 3434 2509 (ον.
3467 2441 3530 2491 de
3550 2456 3640 2491 un.
3672 2453 3720 2492 c.
3747 2437 3845 2502 58;
3875 2436 3936 2491 G.
3960 2435 4024 2491 0.

2460 2534 2501 2594 l,
2551 2536 2671 2592 158.
2718 2535 2879 2601 159);
2921 2534 3030 2586 imo
3055 2534 3392 2586 contrarium
3419 2547 3582 2601 supra
3613 2532 3901 2600 probatum
3941 2537 4026 2582 est

2464 2627 2576 2698 (Ill,
2629 2627 2705 2697 §l
2740 2627 2901 2696 seq.).
2939 2644 2957 2677 ι
3008 2627 3229 2679 Etiamsi
3263 2627 3431 2690 enim,
3468 2626 3543 2679 ait
3573 2624 3858 2677 Bessarion
3894 2622 4027 2690 (91),

2462 2718 2622 2772 Pater
2664 2729 2719 2772 et
2745 2718 2913 2772 Filius
2941 2733 3050 2770 non
3083 2733 3251 2771 unum
3286 2718 3394 2772 sint
3425 2717 3770 2786 principium,
3796 2733 3898 2785 qua
3925 2713 4030 2766 Pa-

2463 2821 2546 2865 ter
2581 2821 2636 2865 et
2662 2811 2850 2872 Filius,
2889 2819 3065 2865 tamen
3099 2826 3265 2864 unum
3299 2819 3426 2863 sunt
3453 2811 3504 2862 in
3531 2808 3803 2879 principio
3826 2805 4028 2875 εἰδικῷ,

2461 2902 2605 2969 quod
2647 2912 2726 2956 est
2760 2903 2938 2955 divina
2966 2902 3221 2964 essentia,
3256 2901 3553 2954 secundum
3588 2915 3746 2968 quam
3782 2913 3944 2951 unam
3975 2907 4033 2949 et

2463 2993 2704 3046 eamdem
2742 3008 2969 3045 numero
3006 2993 3056 3045 in
3097 2993 3360 3046 ambobus
3383 2995 3731 3046 exsistentem
3771 2989 4033 3058 Spiritum

2466 3084 2809 3152 producunt;
2867 3082 3014 3154 [9.9!]
3068 3092 3122 3136 et
3177 3084 3278 3135 hoc
3335 3081 3530 3136 suilicit
3587 3081 3654 3134 ad
3712 3081 3834 3142 hoc,
3889 3079 4034 3147 quod

2467 3191 2632 3228 unum
2663 3175 2733 3229 sit
2764 3176 3086 3244 principium
3131 3174 3439 3227 Divinitatis
3467 3191 3480 3236 ;
3511 3174 3653 3226 sicut
3674 3172 3839 3225 etiam
3867 3185 4036 3224 unum

2470 3268 2792 3337 principium
2845 3268 3135 3322 creationis
3194 3266 3454 3330 Trinitas,
3497 3266 3623 3318 licet
3657 3264 3894 3318 Trinitas
3940 3264 4032 3327 sit,

2470 3370 2690 3429 propter
2749 3375 2910 3412 unam
2964 3367 3019 3412 et
3070 3358 3316 3412 eamdem
3369 3358 3529 3410 trium
3590 3357 3945 3410 voluntatem.
4015 3373 4032 3406 ο

2473 3452 2672 3505 Eodem
2696 3452 2837 3518 jure,
2868 3453 2944 3504 ait
2980 3451 3107 3504 alibi
3140 3451 3246 3518 (ep.
3282 3449 3349 3501 ad
3379 3449 3526 3501 Alex.
3553 3447 3710 3501 Lasc.
3747 3446 3912 3500 Hard.
3947 3444 4037 3508 ΙΧ,

2472 3544 2628 3605 1071)
2665 3542 2920 3612 przefatus
2953 3542 3262 3602 cardinalis,
3303 3556 3412 3610 quo
3454 3541 3682 3610 gentiles
3717 3539 3844 3593 olim
3879 3537 4039 3590 Chri-

2472 3635 2676 3688 stianos
2717 3641 3064 3694 accusarunt,
3111 3632 3254 3700 quod
3300 3640 3407 3684 tres
3461 3637 3704 3683 statuant
3741 3629 3892 3688 deos,
3941 3627 4041 3680 tria

2474 3728 2754 3798 principia,
2805 3727 2933 3780 dum
2978 3725 3258 3792 aequaliter
3299 3721 3445 3774 Patri
3480 3730 3533 3776 et
3565 3721 3702 3775 Filio
3739 3731 3792 3774 et
3815 3719 4041 3788 Spiritui

2472 3833 2660 3873 sancto
2706 3819 2952 3872 tribuunt
2991 3831 3171 3869 rerum
3212 3814 3544 3868 creationem
3584 3828 3646 3866 ae
3690 3812 4042 3882 gubernatio-

2474 3929 2620 3975 nem,
2655 3913 2741 3966 hic
2770 3911 2940 3966 Graeci
2976 3917 3236 3964 accusant
3268 3907 3523 3970 Latinos;
3557 3916 3611 3960 et
3639 3906 3830 3960 eodem
3859 3905 4041 3967 modo,

2475 4023 2582 4076 quo
2647 4005 2746 4062 SS.
2800 4006 2984 4059 Patres
3034 4003 3153 4057 illos
3197 4001 3444 4055 ethnicos
3479 3998 3787 4053 refutarunt
3823 4012 4043 4052 monar-

2476 4103 2612 4156 chite
2653 4102 2844 4170 dogma
2882 4107 3240 4169 exponentes,
3271 4095 3463 4150 eodem
3494 4105 3550 4148 et
3581 4094 3633 4148 hi
3665 4095 4045 4148 criminatores

2478 4193 2819 4255 refelluntur,
2850 4191 3106 4261 quoniam
3147 4190 3212 4243 ad
3244 4189 3457 4243 Patrem
3486 4188 3668 4241 omnia
3709 4186 4043 4250 referuntur,

2478 4286 2546 4339 ab
2583 4300 2648 4339 eo
2669 4283 2928 4354 quidquid
2964 4284 3147 4342 habet,
3179 4281 3341 4334 habet
3367 4280 3558 4342 Filius,
3592 4287 3648 4330 et
3677 4293 3783 4330 una
3832 4276 4049 4331 eadem.

2479 4392 2582 4445 que
2610 4377 2662 4428 in
2687 4374 2940 4443 spirando
2971 4379 3052 4425 est
3076 4372 3215 4424 actio
3239 4370 3415 4424 Patris
3439 4379 3599 4436 atque
3630 4365 3771 4422 Filii.

2554 4471 2638 4524 19.
2698 4467 2808 4522 Nec
2856 4467 3038 4520 minus
3080 4464 3340 4518 fallaciter
3389 4461 3746 4516 ratiocinator
3798 4459 4046 4526 Photius,

812 4570 970 4622 quam
1008 4553 1058 4605 in
1098 4552 1271 4620 ipsum
1315 4550 1563 4603 Photium
1596 4549 1728 4620 (90).
1760 4548 1984 4602 Demum
2015 4546 2204 4600 eodem
2230 4546 2374 4613 jure,
2404 4549 2455 4607 D
2483 4581 2532 4619 ε,
2582 4564 2648 4617 η
2690 4581 2702 4616 ε
2751 4560 2805 4615 εί
2851 4561 2957 4614 duo
2983 4560 3034 4612 in
3069 4557 3333 4611 “inuam
3364 4556 3626 4626 principia
3663 4555 4049 4619 admittuntur,

816 4644 963 4715 ['29u]
996 4661 1102 4712 quo
1132 4643 1299 4697 Graeci
1338 4641 1586 4695 Photiani
1615 4641 1850 4700 Latinos,
1879 4639 2003 4707 quia
2031 4651 2373 4692 communem

815 4737 1019 4790 faciunt
1061 4736 1205 4790 Patri
1253 4735 1494 4803 Filioque
1524 4734 1878 4803 spirationem
1910 4733 2162 4793 activam,
2192 4728 2380 4782 Sabel-

815 4829 1050 4883 lianismi
1092 4830 1365 4891 incusant,
1412 4828 1624 4892 eodem,
1675 4826 1784 4879 imo
1823 4824 2013 4892 majori
2058 4832 2284 4892 possunt
2328 4819 2384 4874 hi

889 5011 998 5076 (90)
1024 5008 1285 5063 Nimirum
1311 5008 1429 5077 (0r.
1461 5010 1522 5061 de
1544 5025 1632 5060 un.
1660 5023 1710 5061 c.
1737 5008 1841 5071 se;
1870 5005 1929 5060 ο.
1963 5004 2024 5059 0.
2065 5003 2382 5077 [,1597158)

820 5083 946 5135 illud
979 5074 1165 5150 urget;
1192 5081 1263 5131 Τὸ
1310 5074 1704 5150 ἐκπορεύεσθαι
1757 5078 2156 5150 sign‘ilie:i_re_ex
2191 5074 2384 5150 Photio

818 5155 916 5216 τὴν
942 5154 1004 5203 ἐκ
1037 5149 1180 5213 ,Θεοῦ
1224 5145 1463 5218 φυσικὴκί
1508 5152 1601 5200 καὶ
1653 5146 1884 5213 οὐσιὼδη
1920 5145 2013 5198 τοῦ
2073 5145 2386 5218 Πνμεύματος

821 5215 1074 5292 ὓτὲαρξιν,
1110 5215 1706 5292 hancvero'ﬁncpﬁtu,
1743 5220 1904 5271 etiam
1920 5233 2026 5292 per
2049 5215 2207 5268 verba
2250 5231 2386 5282 προ-

823 5287 984 5350 ῖέναί,
1011 5290 1354 5362 προχεῖσθαι,
1388 5289 1753 5362 προέρχεσΟ-αι
1782 5287 2197 5362 exprimi._qu:c_
2224 5299 2386 5362 voca?

821 5364 946 5416 bula
969 5379 1034 5416 ex
1056 5355 1326 5415 sententia
1361 5355 1610 5414 Ecclesiae
1667 5359 1867 5412 ϐιαιως
1920 5361 1982 5410 ἐκ
2032 5356 2240 5424 Πατρὸς
2294 5355 2387 5407 καὶ

823 5431 954 5485 Υἱοῦ
1007 5435 1096 5484 ἐπὶ
1128 5432 1220 5484 τοῦ
1253 5431 1425 5484 ἁπλοῦ
1459 5430 1767 5497 Πνεύματος
1825 5426 2075 5494 λέγεσθαι
2138 5435 2382 5497 constet;

823 5518 1001 5571 neque
1033 5513 1211 5555 tamen
1246 5516 1568 5569 quemquam
1606 5495 1797 5571 putare
1819 5541 1833 5561 ,
1874 5499 2012 5571 inde
2031 5497 2120 5571 vel
2152 5495 2387 5571 Spiritus

824 5565 1225 5642 simplicitatem
1265 5565 1468 5625 destrui
1512 5565 1948 5642 γεζξσυνᾳλοιφὴν
1985 5566 2242 5642 Patrisuct
2271 5565 2386 5642 Filii

826 5637 1112 5696 insinuari.
1150 5641 1302 5696 Unde
1332 5643 1545 5711 arguit:
1580 5639 1670 5711 Vel
1711 5641 1838 5692 dum
1879 5637 2389 5711 simplenblpiritus

825 5729 891 5765 ex
920 5715 1079 5768 Patre
1099 5723 1153 5767 ct
1174 5714 1307 5766 Filio
1329 5705 1524 5766 dicitur
1549 5713 1615 5766 ab
1635 5710 1867 5763 Ecclesia
1887 5709 2153 5778 profundi,
2175 5705 2388 5778 Patrem

826 5783 1091 5836 ctFilium
1139 5785 1192 5836 in
1228 5800 1387 5835 unatn
1431 5784 1578 5835 dices
1617 5781 1862 5835 contrahi
1900 5777 2211 5848 personam,
2243 5777 2387 5845 quod

827 5854 1098 5908 communi
1122 5865 1382 5925 repugnat
1409 5855 1590 5910 sensui
1615 5870 1629 5918 ;
1657 5853 1739 5906 vel
1763 5851 1805 5906 si
1832 5853 1933 5906 hoc
1957 5866 2063 5904 non
2088 5848 2187 5907 vis.
2213 5863 2388 5911 neque

2484 4657 2643 4709 etiam
2684 4653 2900 4707 tertium
2941 4649 3334 4703 admittendum
3368 4655 3475 4706 est.
3523 4663 3645 4701 cum
3693 4647 3897 4700 trinum
3934 4663 4050 4698 ina-

2484 4747 2565 4816 gis
2609 4745 2783 4798 Iocum
2821 4743 3017 4796 habeat
3048 4742 3100 4793 in
3131 4740 3395 4794 'l‘rinitate
3423 4756 3583 4808 quam
3618 4741 3875 4793 dualitas.
3943 4737 4052 4792 Rc-

2486 4834 2744 4905 sponderi
2795 4842 2975 4904 potest
3010 4833 3208 4902 primo,
3249 4833 3384 4886 falso
3412 4831 3663 4901 supponi,
3696 4832 3805 4885 duo
3842 4831 4052 4884 admitti

2489 4993 2817 5047 contendere
2850 5000 3020 5058 potes,
3048 4989 3267 5057 quando
3300 4987 3528 5042 Romani
3561 4987 3746 5058 dicunt
3791 4985 4053 5053 Spiritum

2487 5080 2552 5117 ex
2585 5066 2738 5116 Patre
2764 5057 3007 5129 Filioque
3050 5069 3354 5129 procedere,
3402 5068 3514 5110 tum
3540 5057 3945 5129 confusionem
4005 5065 4060 5109 et

2488 5127 2931 5188 contractionem
2951 5131 3122 5183 Patris
3152 5140 3204 5183 et
3227 5127 3343 5182 Filii
3373 5128 3664 5182 introduci.

2563 5210 2670 5267 (91)
2699 5205 2982 5256 Bessarion
3011 5219 3060 5253 c.
3100 5202 3163 5253 19
3191 5209 3376 5252 contra
3410 5199 3572 5251 Marci
3618 5197 3818 5265 Ephes.
3867 5196 4056 5263 syllog.

2489 5278 2574 5332 '56.
2615 5275 2767 5340 (Cod.
2802 5272 2945 5325 Mon.
3000 5272 3065 5324 27
3101 5273 3139 5324 1’.
3169 5270 3296 5330 252,
3355 5271 3481 5328 255)
3509 5286 3536 5340 :_
3573 5269 3633 5336 Ei
3684 5272 3794 5336 γὰρ
3836 5269 4059 5340 mum

2621 5332 2652 5359 “.,
2760 5346 2776 5356 .-
3267 5341 3276 5354 ι
3411 5343 3420 5352 .
3512 5332 3536 5349 ν
3632 5333 3633 5336 η
3659 5344 3666 5349 .
3693 5332 3702 5351 ς
3764 5332 3773 5336 ν
3860 5339 3870 5354 κ
3942 5337 3992 5350 ...

2490 5346 2598 5400 εἷεν
2634 5363 2690 5397 εν
2717 5361 2890 5397 αιτιον
2919 5346 2946 5394 ὁ
2977 5342 3164 5411 Πατὴρ
3195 5357 3287 5392 και
3308 5342 3335 5392 ὁ
3359 5340 3486 5411 Υιὸς
3507 5355 3540 5409 ῃ
3571 5339 3757 5405 [lat-np
3786 5337 3939 5411 κςιι)
3964 5350 4058 5411 τοὺς,

2491 5417 2608 5471 ἀλλ’
2657 5416 2794 5469 εἰσὶν
2840 5413 2897 5465 ἓν
2929 5417 2993 5483 τῇ
3027 5407 3199 5481 εἱδίόιῇ
3229 5413 3400 5483 ἀρχῇ,
3423 5407 3542 5483 ﬁta:
3575 5411 3720 5483 35911)!
3823 5407 3946 5483 Osia.
3975 5408 4062 5483 02'3-

2493 5492 2600 5550 σία,
2633 5487 2752 5539 καθ’
2785 5485 2850 5555 ἢν
2881 5477 3007 5555 μίσξῆ
3040 5485 3134 5534 καὶ
3161 5477 3455 5550 ’ἐῆνὰὖλτὴν
3496 5477 3710 5555 ἀριθ-μῴ
3744 5481 3814 5555 Δεὶν
3860 5479 4062 5555 gremio

2491 5547 2656 5612 οὖσάν
2684 5558 2744 5609 τὸ
2785 5547 3010 5623 Πνέῦμμ
3039 5547 3338 5623 προάγουσι
3371 5566 3384 5580 ·
3409 5547 3513 5623 ίκᾳὶ
3538 5547 3691 5600 ἐοῦς’
3731 5550 3894 5623 cpite?
3931 5547 4061 5623 πρὸς

2492 5634 2551 5683 τὸ
2585 5631 2712 5699 μίαν
2742 5624 2915 5699 ἁρχῂγ
2937 5619 3354 5699 shares-611110;
3385 5637 3406 5699 '_
3441 5619 3630 5699 t'bs'mp
3657 5620 3752 5699 ita}
3785 5621 3886 5699 pia.
3925 5619 4062 5696 ἁρχὴ

2494 5688 2724 5761 mitram;
2771 5688 3047 5766 ἦὝριὰς,
3074 5688 3450 5766 καιςοιλΤ-ριὰς
3477 5688 3634 5755 οὖσα,
3664 5690 3754 5742 διὰ
3789 5689 3884 5758 τὴν
3935 5688 4063 5758 μίαν

2496 5774 2588 5825 καὶ
2616 5770 2714 5840 τὴν
2743 5762 2913 5837 αὖτὴδί
2940 5767 3045 5818 τῶν
3067 5764 3233 5836 τριῶν
3255 5762 3494 5832 θέλησιν.
