4242 6438
247 385 351 451 513

919 380 1012 440 DE
1048 381 1105 439 S.
1150 380 1340 442 SPIR.
1382 379 1883 441 MYSTAGOGIA.
1933 406 1977 416 -
2008 380 2750 445 ANIMADVERSIONES.

3364 387 3468 454 5M

239 493 495 569 principia
553 492 766 546 diversa
805 507 833 544 a
871 489 1112 555 Latinis;
1147 491 1405 557 secundo,
1434 493 1638 547 nullam
1672 510 1794 548 esse
1819 500 1870 556 Α
1897 495 2080 548 eadem
2135 496 2344 548 ratione
2389 504 2464 550 est
2508 511 2672 550 causa
2701 496 2822 564 ﬁlii,
2853 510 2957 565 qua
2983 514 3173 567 parem
3201 501 3470 572 utriusque

235 589 519 649 rationem,
569 599 666 636 cur
717 593 825 635 tres
866 599 1108 652 personte
1139 584 1528 654 principiantes
1564 587 1629 640 ad
1657 588 1797 642 intra

231 687 562 736 statuantur,
616 677 724 728 imo
773 675 980 728 admitti
1024 691 1114 729 cas
1162 693 1270 730 non
1312 694 1489 746 posse,
1518 694 1640 733 esse
1670 697 1800 735 vero

236 772 522 830 rationem,
572 785 669 822 cur
698 769 908 822 duabus
950 771 1195 838 personis
1225 773 1475 842 principii
1511 775 1648 828 ratio
1680 775 1800 828 vin-

231 863 477 926 dicetur,
531 861 656 914 licet
705 878 811 914 non
873 872 929 915 ut
985 879 1232 932 persona:
1265 865 1533 920 distinctae
1579 867 1631 920 in
1676 885 1798 938 pro-

230 957 480 1011 cessione
531 954 911 1024 concipiantur
957 953 1050 1024 (cl.
1104 971 1265 1026 supra
1316 958 1406 1021 Ill,
1458 958 1592 1028 §lt).
1642 960 1796 1026 Quod

231 1051 297 1104 ad
351 1049 618 1119 posterius
653 1049 865 1110 attinet,
899 1049 952 1103 id
982 1050 1063 1104 vel
1087 1050 1202 1120 ipsa
1235 1051 1406 1105 Patris
1429 1052 1669 1107 ostendit
1702 1070 1800 1123 ap-

231 1144 468 1214 pellatio,
511 1158 616 1211 qua
654 1142 843 1213 πρώτη
881 1144 1026 1196 αἰτία
1056 1145 1313 1215 καὶάρχὴ
1348 1149 1798 1217 προκαταρκτικὴ

231 1246 592 1305 nuncupatur,
632 1236 887 1288 nimirum
933 1243 992 1288 ut
1030 1237 1132 1291 hac
1157 1238 1513 1309 praerogativa
1543 1254 1799 1294 secerna-

232 1339 318 1384 tur
366 1329 433 1381 ab
474 1329 583 1391 illa,
627 1343 748 1396 qua:
784 1336 868 1381 est
905 1327 1048 1398 ἀρχὴ
1082 1328 1138 1394 ἐξ
1169 1329 1342 1398 ἀρχῆς
1381 1347 1609 1399 qumque
1635 1331 1798 1384 etiam

231 1419 372 1490 ἀρχὴ
427 1419 744 1488 simpliciter
805 1420 1004 1473 dicitur
1053 1421 1196 1490 (vide
1249 1422 1386 1476 intra
1454 1423 1615 1493 Greg.
1667 1422 1797 1478 Νη.

229 1510 404 1581 ς21);
457 1511 608 1580 prius
659 1529 787 1564 vero
819 1527 925 1565 non
957 1515 1137 1567 minus
1165 1530 1228 1568 ex
1261 1516 1420 1570 dictis
1449 1526 1617 1585 patet.
1655 1517 1799 1573 Scite

231 1608 451 1655 sanctus
493 1599 726 1654 Thomas
771 1603 846 1668 (q.
898 1604 988 1664 '50,
1041 1613 1142 1657 art.
1173 1605 1208 1656 2
1233 1606 1298 1659 ad
1329 1606 1424 1671 4):
1466 1625 1484 1656 ι
1520 1605 1800 1676 Oppositio

230 1692 504 1746 relationis
546 1706 652 1743 non
691 1693 973 1761 permittit,
1015 1701 1072 1746 ut
1120 1710 1241 1748 cum
1274 1696 1534 1751 relatione
1564 1700 1798 1765 Spiritus

231 1783 398 1836 sancti
434 1782 500 1834 sit
538 1782 724 1836 relatio
749 1784 996 1852 principii
1030 1796 1280 1854 respectu
1301 1788 1499 1842 divinae
1527 1803 1794 1856 persona),

229 1876 353 1946 quia
387 1876 496 1942 ipse
536 1876 766 1942 procedit
802 1877 867 1928 ab
906 1877 1027 1930 aliis
1075 1881 1329 1944 personis,
1379 1897 1495 1949 qua:
1525 1881 1577 1932 in
1613 1881 1798 1934 divinis

230 1983 334 2020 esse
375 1977 606 2033 possunt.
647 1985 664 2017 ι
698 1967 882 2036 Neque
917 1974 1283 2040 congruentia:
1318 1976 1456 2026 ratio
1485 1973 1608 2027 inde
1633 1974 1798 2041 petita

227 2061 398 2129 juvat,
442 2058 584 2127 quod
630 2059 688 2111 τὸ
730 2060 1004 2129 τριαδικὸν
1061 2064 1229 2133 magis
1275 2064 1451 2118 loetnn
1504 2063 1700 2119 habeat
1743 2067 1796 2120 in

231 2151 511 2213 Trinitate,
538 2167 697 2218 quam
725 2151 784 2204 τὸ
817 2153 1086 2214 δυαδικὸν.
1123 2157 1400 2210 ternarius
1430 2159 1598 2228 magis
1634 2174 1797 2226 quam

232 2244 494 2301 binarius.
549 2241 738 2298 Nonne
784 2255 838 2300 et
880 2261 910 2300 a
949 2248 1230 2302 Photianis
1270 2249 1330 2301 τὸ
1368 2247 1516 2321 [9.92]
1547 2250 1799 2304 δυαδικὺν

230 2337 554 2399 admittitur,
592 2337 717 2390 dum
762 2340 980 2400 docent,
1017 2341 1070 2394 in
1106 2340 1370 2396 Trinitate
1397 2357 1517 2396 esse
1543 2343 1601 2394 τὸ
1630 2343 1801 2414 ἄναρ-

231 2451 324 2502 χον
360 2435 452 2487 καὶ
488 2434 556 2487 τὰ
605 2433 670 2498 ἐξ
704 2435 898 2504 ἀρχῆς,
945 2433 1079 2486 duas
1113 2448 1375 2502 personas
1400 2449 1522 2487 esse
1553 2434 1796 2498 αἰτιατὰ,

230 2526 503 2594 duplicem
531 2541 652 2580 esse
681 2526 927 2594 πρόοδον.
968 2526 1374 2595 generationem
1408 2537 1464 2579 et
1497 2527 1800 2595 processio-

231 2618 393 2670 nem?
427 2617 582 2671 Nulla
616 2618 812 2672 exhinc
853 2619 1099 2686 sequitur
1124 2618 1378 2671 dissectio
1413 2633 1475 2671 ac
1508 2619 1701 2673 divisio
1744 2621 1798 2674 in

233 2707 519 2773 Trinitate,
563 2725 740 2778 neque
781 2708 955 2762 Patris
989 2710 1345 2780 praerogativa
1371 2710 1662 2780 quidquam
1695 2711 1797 2764 mi-

233 2802 439 2861 nuitur,
481 2812 536 2854 et
582 2817 647 2854 ex
689 2801 851 2854 dictis
903 2810 1069 2870 patet.
1117 2799 1478 2867 Quamobrem
1516 2817 1622 2855 non
1658 2813 1795 2867 erat,

229 2907 330 2943 cur
361 2891 599 2944 Photins
643 2909 656 2945 :
693 2910 710 2941 ‹
753 2892 1183 2945 Christianorum
1230 2893 1451 2947 auribus
1485 2894 1799 2948 intolerabi-

237 2985 326 3046 lia,
383 2984 714 3036 iracundiam
746 2999 896 3052 mqne
942 2999 1003 3037 ac
1053 2985 1255 3037 luctum
1281 2986 1572 3039 exeitantia
1602 3006 1619 3037 ι
1655 2987 1796 3056 (cap.

234 3078 344 3141 l3),
378 3091 497 3144 qua:
531 3074 842 3127 Latinorum
871 3075 1133 3128 doctrina:
1171 3075 1506 3129 consectaria
1543 3076 1713 3146 logice
1740 3091 1801 3130 ac

1904 604 2062 640 causa
2098 588 2324 651 exsistit,
2359 587 2584 641 minime
2615 587 2729 656 ipsa
2755 588 2806 640 in
2846 599 3084 658 paterna:
3116 594 3472 662 compositio-

1899 694 2022 731 nem
2056 694 2301 747 persona:
2325 679 2578 748 adigitur.
2617 699 2634 730 ι
2671 678 2863 734 Photio
2893 697 3021 735 vero
3050 685 3121 736 ita
3146 683 3300 755 llugo
3321 689 3379 755 (l.
3405 703 3468 750 tt,

1898 787 1945 825 c.
1973 772 2053 834 l8,
2076 771 2314 840 p.1255)
2337 772 2569 825 breviter
2597 774 2886 841 respondet
2920 792 2930 826 :
2966 775 3114 847 [295]
3149 777 3359 832 cVanus
3386 792 3470 833 est

1897 877 2078 917 sermo
2118 873 2172 916 et
2203 863 2468 925 inellicax,
2503 865 2592 933 qui
2631 876 2856 934 pr0pter
2883 881 3101 920 causam
3142 879 3198 922 et
3226 874 3468 924 causati-

1897 970 2023 1006 vum
2071 969 2356 1022 personam
2404 955 2577 1008 Patris
2609 957 2660 1008 in
2698 958 2806 1010 duo
2833 956 3028 1011 dividit
3059 969 3152 1012 aut
3185 961 3303 1015 Filii
3340 977 3470 1032 per-

1896 1063 2086 1101 sonam
2129 1047 2303 1101 Patris
2357 1063 2606 1115 personre
2650 1061 2870 1102 causam
2905 1049 2964 1118 (I.
2995 1054 3226 1119 partem)
3260 1054 3470 1106 consti-

1898 1141 2022 1195 tuit.
2091 1139 2263 1194 Causa
2320 1140 2442 1208 (ed.
2493 1143 2745 1208 causam)
2802 1141 2947 1194 enim
3015 1151 3071 1195 et
3131 1145 3468 1198 causativum

1899 1232 2151 1286 nesciunt
2195 1246 2484 1300 personam
2516 1230 2777 1291 dividere,
2807 1246 2985 1299 neque
3013 1231 3065 1283 in
3096 1232 3470 1286 inferioribus.

1897 1322 2016 1376 Non
2045 1338 2175 1392 ergo
2201 1337 2364 1375 causa
2390 1323 2661 1376 exsistens
2686 1338 2810 1375 eum
2839 1321 2996 1376 Patre
3019 1322 3256 1392 Spiritus
3280 1326 3474 1380 dividit

1900 1415 2112 1486 (Filius)
2146 1425 2428 1484 paternam
2463 1429 2772 1483 personam.
2817 1432 2834 1464 ι
2874 1415 3140 1468 Prmterea
3169 1417 3317 1470 card.
3349 1417 3474 1471 Bes-

1899 1505 2102 1570 sarion,
2140 1521 2225 1572 ep.
2260 1507 2330 1557 ad
2361 1505 2514 1558 Alex.
2544 1502 2764 1557 Lascar.
2794 1521 2841 1560 c.
2873 1507 2901 1558 7
2933 1506 2992 1574 (l.
3022 1521 3071 1559 c.
3106 1523 3157 1575 p.
3186 1507 3342 1577 1065)
3371 1508 3474 1563 hoc

1898 1605 2056 1664 pacto
2110 1607 2494 1665 argumentum
2545 1597 2598 1648 in
2655 1596 2947 1650 Photianos
2994 1607 3318 1667 retorquet:
3362 1620 3378 1649 ι
3416 1600 3474 1654 Si

1898 1691 2176 1758 generatio
2219 1699 2274 1743 et
2313 1689 2538 1759 spiratio
2587 1689 2660 1742 ita
2712 1701 2895 1742 essent
2950 1692 3181 1759 pr0priae
3226 1709 3474 1762 personae

1901 1792 2144 1850 paternae
2180 1823 2194 1845 ,
2262 1792 2322 1836 ut
2371 1792 2600 1851 utraque
2649 1797 2746 1850 per
2815 1796 2873 1835 se
2931 1785 3286 1838 constitueret
3357 1787 3475 1854 eius

1903 1888 2220 1942 personam,
2272 1872 2696 1943 uniuscujusque
2760 1890 2887 1930 vero
2931 1876 3267 1943 operationis
3325 1880 3475 1947 prin-

1903 1966 2099 2034 cipium
2138 1977 2220 2020 est
2259 1968 2449 2034 forma,
2500 1968 2621 2021 duae
2657 1968 2841 2022 forma:
2883 1971 3002 2037 (per
3049 1969 3277 2023 formam
3314 1971 3476 2025 intel-

1901 2055 2120 2124 ligimus
2169 2057 2498 2124 principium
2546 2057 2738 2110 harum
2792 2058 3022 2112 duarum
3071 2060 3474 2130 operationum)

1901 2157 2087 2199 essent
2133 2147 2418 2216 principia.
2479 2146 2584 2200 Sed
2641 2163 2982 2216 unaquaeque
3031 2148 3228 2216 forma,
3281 2151 3333 2204 id
3369 2161 3472 2215 est,

1903 2240 2326 2308 unumquodque
2407 2240 2732 2309 principium
2813 2242 3150 2310 operationis
3211 2247 3474 2298 constitu-

1904 2331 2027 2384 tivae
2069 2347 2192 2385 cum
2225 2333 2310 2385 illa
2340 2332 2656 2402 Operatione
2691 2333 2923 2402 aliquam
2953 2350 3240 2402 personam
3269 2338 3478 2392 consti-

1906 2424 2028 2488 tuit,
2064 2425 2205 2478 sicut
2250 2425 2504 2486 essentia,
2540 2441 2660 2495 qua:
2689 2436 2773 2478 est
2804 2425 3133 2495 principium
3168 2428 3478 2495 generatio-

1907 2515 1989 2570 nis
2042 2516 2251 2580 activae,
2308 2532 2431 2570 cum
2473 2517 2585 2586 ipsa
2641 2516 2986 2586 generatione
3028 2515 3242 2570 Patretn
3274 2519 3479 2573 consti-

1908 2610 2047 2674 tuit;
2090 2619 2144 2664 et
2185 2609 2263 2664 sic
2313 2609 2476 2662 Pater
2526 2619 2690 2662 essent
2724 2611 2841 2663 dure
2871 2626 3123 2678 personat.
3160 2609 3272 2665 lloc
3297 2622 3478 2666 autem

1909 2702 2297 2756 inconveniens
2321 2713 2423 2756 est.
2465 2723 2484 2756 ι

1981 2796 2064 2850 12.
2143 2796 2306 2849 Docet
2337 2795 2562 2850 Photins
2593 2801 2732 2868 (cap.
2769 2798 2855 2864 17)
2887 2807 2941 2852 et
2963 2799 3052 2866 qui
3086 2815 3209 2852 eum
3232 2814 3478 2867 sequun-

1905 2893 2012 2949 tur,
2047 2896 2105 2939 ut
2143 2887 2394 2940 Nicolaus
2442 2887 2812 2943 Metltonensis
2840 2890 2910 2959 (c.
2945 2891 3034 2958 24)
3074 2908 3085 2942 :
3126 2888 3299 2943 Omne
3337 2889 3479 2958 quod

1903 2979 2183 3045 proprium
2239 2979 2400 3032 unius
2447 2990 2548 3043 est,
2607 2981 2753 3049 quod
2782 2982 3112 3049 (translatum
3160 2982 3226 3034 de
3268 2982 3482 3034 duobus

1904 3069 2026 3122 aliis
2055 3071 2274 3134 dicitur,
2319 3073 2361 3125 si
2404 3073 2470 3126 de
2515 3083 2744 3142 utroque
2778 3075 2892 3142 pari
2939 3074 3101 3127 modo
3148 3074 3479 3134 veriticatur,

233 3184 362 3222 vere
398 3167 702 3222 necessaria
750 3176 896 3228 sunt,
928 3168 1263 3232 traduceret;
1294 3168 1500 3221 nullum
1535 3184 1601 3222 ex
1629 3168 1803 3223 allatis
1829 3203 1874 3264 C
1907 3165 2395 3219 consubstantiales
2414 3182 2506 3220 eos
2529 3166 2797 3230 ostendit;
2822 3165 2865 3218 si
2888 3180 3014 3217 vero
3037 3165 3103 3218 de
3122 3180 3228 3218 uno
3250 3173 3479 3228 tantum,

233 3259 485 3312 absurdis
525 3256 776 3311 Ecclesia:
813 3258 1164 3312 occidentalis
1195 3259 1386 3328 dogma
1412 3259 1555 3312 ferit.

312 3351 394 3402 ll.
446 3350 573 3402 Post
613 3351 714 3401 alia
761 3351 866 3403 duo
911 3359 1224 3420 argumenta
1255 3349 1364 3418 jam
1395 3351 1649 3419 superius
1680 3367 1805 3419 per-

235 3457 403 3510 pensa
435 3441 546 3504 (lll,
581 3439 631 3511 ἐξ
657 3441 708 3504 4,
738 3443 769 3494 8
792 3443 956 3510 seq),
993 3443 1061 3494 ita
1091 3441 1316 3494 Photins
1345 3451 1466 3509 (cap
1497 3443 1583 3509 16)
1614 3457 1804 3511 prose-

236 3534 422 3599 quitur
470 3549 481 3584 :
527 3551 543 3581 ι
595 3532 777 3600 Neque
817 3534 917 3586 hoc
955 3534 1413 3601 praetereundum,
1462 3535 1604 3600 quod
1637 3537 1807 3602 ipsam

234 3639 524 3692 personam
561 3623 733 3677 Patris
768 3625 817 3676 in
850 3626 984 3677 duas
1017 3626 1175 3692 impia
1210 3628 1297 3680 illa
1331 3628 1577 3680 doctrina
1616 3629 1809 3682 dividit

235 3717 317 3768 vel
381 3716 605 3769 omnino
659 3715 777 3769 Filii
836 3733 1123 3784 personam
1187 3719 1238 3770 in
1301 3731 1506 3788 partem
1563 3731 1807 3788 paterna.

237 3807 592 3877 hypostaseos
632 3819 964 3877 assumptum
1017 3810 1281 3864 decernit.
1346 3831 1363 3862 ι
1419 3811 1581 3880 quue
1634 3829 1697 3866 ex
1742 3828 1807 3866 eo

237 3899 583 3969 potissimmn
642 3901 851 3968 probat,
887 3903 1030 3970 quod
1083 3921 1100 3952 ι
1147 3902 1305 3956 Pater
1350 3919 1457 3957 non
1489 3906 1698 3958 ratione
1723 3921 1811 3958 es-

234 3995 454 4059 sentiae,
502 3995 594 4048 sed
646 3998 855 4049 ratione
900 4013 1142 4066 personae
1183 4001 1251 4052 sit
1280 4015 1440 4052 causa
1471 4014 1660 4052 eorum
1688 4017 1809 4068 quae

232 4103 298 4141 ex
337 4087 478 4154 ipso,
526 4105 542 4136 ›
579 4088 720 4155 quod
765 4089 995 4153 axioma,
1032 4100 1191 4156 prout
1225 4091 1310 4144 hic
1344 4091 1585 4158 ponitur,
1612 4091 1806 4147 falsum

233 4195 356 4235 esse
396 4185 826 4233 demonstratum
871 4192 953 4236 est
1005 4183 1120 4250 (111,
1166 4182 1326 4254 θη).
1361 4183 1477 4238 Non
1511 4185 1808 4256 incongrue

234 4284 425 4325 rmttra
471 4271 756 4327 Nicolaum
802 4273 1210 4329 Mcthonensem
1246 4277 1442 4330 similia
1470 4279 1806 4333 ell'utientern

234 4365 308 4419 ita
347 4365 570 4418 disserit
606 4365 758 4436 llugo
795 4366 1123 4419 Etherianus
1157 4367 1215 4433 (l.
1250 4384 1306 4432 ll,
1341 4384 1390 4422 c.
1416 4369 1470 4434 4,
1512 4385 1562 4437 p.
1599 4369 1758 4436 1218)
1793 4389 1805 4423 :

241 4477 257 4506 ι
299 4455 646 4510 Manifestum
695 4459 839 4525 quod
894 4457 1064 4512 Filius
1106 4458 1278 4512 Patris
1315 4475 1600 4528 personam
1631 4472 1690 4516 ut
1715 4477 1806 4531 pa-

1911 3272 2016 3311 non
2063 3267 2244 3310 autem
2289 3258 2354 3311 de
2405 3259 2576 3311 altero
2618 3273 2804 3311 verum
2848 3259 2970 3320 erit,
3007 3257 3232 3310 diversm
3272 3267 3483 3310 naturae

1909 3366 2002 3402 eos
2035 3365 2153 3403 esse
2186 3351 2511 3404 manifestat.
2559 3350 2711 3415 Quod
2749 3350 3010 3403 continuo
3051 3350 3314 3417 exemplis
3359 3350 3480 3402 illu-

1909 3453 2080 3495 strare
2112 3443 2364 3502 student;
2411 3442 2616 3495 risibile
2660 3458 2709 3494 ν.
2747 3458 2827 3512 gr.
2861 3443 2927 3495 de
2969 3442 3206 3502 homine,
3257 3458 3362 3494 non
3413 3442 3479 3494 de

1910 3535 2123 3604 angelo,
2153 3535 2220 3588 de
2245 3535 2466 3589 Socrate
2493 3551 2554 3589 ac
2575 3535 2817 3597 Platone,
2839 3552 2947 3589 non
2985 3552 3113 3591 vero
3143 3538 3208 3591 de
3242 3535 3480 3591 Socratis

1911 3628 2143 3697 imagine
2177 3629 2457 3698 praedicari
2488 3637 2683 3698 potest.
2715 3629 2804 3683 Sic
2835 3630 2996 3698 igitur
3024 3630 3164 3698 quod
3198 3629 3478 3698 propriutn

1909 3732 1992 3775 est
2051 3721 2241 3783 Patris,
2293 3723 2362 3775 ita
2416 3733 2668 3791 arguunt,
2717 3724 2972 3776 videlicet
3028 3724 3250 3790 spiratio
3283 3722 3475 3786 activa,

1908 3812 2034 3866 dum
2072 3815 2279 3868 duabus
2325 3817 2535 3868 caeteris
2568 3816 2814 3883 personis
2853 3814 3224 3868 transferendo
3254 3815 3479 3882 adapta-

1913 3919 2017 3968 tur,
2046 3919 2203 3975 atque
2234 3907 2300 3960 de
2317 3907 2450 3960 Filio
2469 3909 2684 3974 quidem
2712 3923 2834 3960 vere
2861 3906 3135 3975 prmdicari
3162 3906 3475 3968 afﬁrmatur,

1911 4015 2018 4052 non
2052 4012 2229 4053 autem
2257 4001 2323 4053 de
2371 4000 2571 4068 Spirittt
2615 4009 2839 4064 sancto,
2890 4000 3116 4052 diversae
3163 3998 3479 4052 substantia:

1910 4107 2029 4146 esse
2075 4091 2264 4144 Filium
2298 4108 2360 4145 ac
2392 4093 2650 4159 Spiritum
2687 4092 2910 4144 omnino
2941 4089 3237 4144 convincit.
3277 4088 3475 4143 Verum

1911 4182 2087 4236 inanis
2117 4193 2199 4236 est
2234 4198 2319 4235 res
2351 4183 2635 4243 universa;
2675 4197 2779 4233 non
2802 4181 2985 4242 solum
3010 4180 3134 4246 quia
3173 4181 3480 4247 proprieta-

1910 4279 2046 4332 tum,
2070 4289 2190 4339 qua:
2211 4273 2276 4325 ad
2303 4288 2467 4325 unum
2489 4273 2692 4342 κυρίως
2724 4280 2971 4338 spectant
3001 4271 3229 4337 aliisque
3262 4285 3478 4322 accom-

1911 4367 2116 4420 modari
2166 4375 2409 4434 possunt,
2470 4365 2614 4417 varia
2677 4371 2804 4417 sunt
2865 4378 3059 4432 genera
3131 4377 3230 4415 nec
3287 4377 3478 4414 omnes

1912 4456 2206 4509 illationem
2249 4456 2314 4509 ad
2365 4455 2700 4509 identitatem
2735 4453 2819 4506 vel
2857 4453 3226 4506 diversitatem
3271 4461 3477 4504 natura:

236 4547 467 4600 tientem
518 4547 791 4601 defectum
841 4548 1074 4616 aliquem
1131 4564 1238 4602 non
1289 4551 1578 4620 adimplet;
1630 4567 1808 4620 neque
1834 4540 1885 4599 D
1914 4548 2404 4618 permitttunt(9‘2),
2434 4547 2527 4600 sed
2567 4547 2735 4599 multo
2767 4547 2936 4615 magis
2961 4545 3084 4612 quia
3114 4543 3287 4596 Photii
3326 4541 3475 4612 [294]

236 4637 510 4707 quispiam
565 4637 738 4705 ipsum
784 4635 976 4690 Filium
1025 4649 1234 4706 partem
1277 4653 1395 4692 esse
1425 4655 1671 4708 personae
1705 4639 1809 4694 Pa-

238 4731 355 4790 tris,
398 4745 464 4783 eo
493 4729 635 4796 quod
675 4729 912 4797 Spiritus
948 4745 1011 4783 ex
1043 4729 1158 4798 ipso
1191 4731 1465 4798 procedat,
1497 4731 1680 4787 dicere
1713 4748 1806 4788 co-

236 4823 399 4892 gitur.
436 4823 720 4886 Quomodo
755 4823 898 4876 enim
929 4823 970 4875 si
1004 4819 1174 4877 Filius
1205 4824 1394 4877 eadem
1433 4825 1641 4878 ratione
1679 4841 1809 4879 con-

238 4923 562 4968 numeratur
607 4913 772 4978 Patri,
824 4930 928 4982 qua
979 4913 1214 4981 Spiritus
1264 4916 1516 4984 utrique,
1563 4934 1810 4986 personae

236 5009 414 5064 Patris
457 5007 633 5077 portio
679 5008 985 5063 inveniatur
1022 5007 1232 5062 Filius?
1270 5011 1413 5064 Sane
1456 5009 1497 5064 si
1543 5021 1671 5063 nata
1715 5010 1808 5066 Lot

311 5189 424 5255 (92)
480 5187 610 5252 Quae
667 5190 772 5243 huc
821 5189 1218 5259 quodammodo
1277 5199 1518 5257 spectant
1574 5189 1812 5260 llugonis

242 5259 524 5312 Ethcriani
562 5261 722 5312 verba
756 5260 811 5322 (1.
849 5277 886 5321 t,
920 5277 967 5314 c.
1009 5261 1090 5318 12.
1139 5277 1190 5328 p.
1224 5261 1376 5323 1206)
1410 5262 1460 5313 in
1491 5259 1810 5328 quibusdam

240 5339 502 5397 corrupta
539 5330 808 5384 videntur.
845 5331 1065 5400 Legitur
1089 5331 1232 5397 apud
1285 5332 1575 5384 eumdem:
1636 5351 1652 5382 r
1693 5331 1810 5384 Non

239 5401 420 5451 minds
453 5401 754 5468 prOprielas
807 5417 1089 5469 personam
1121 5401 1402 5461 describit,
1457 5401 1508 5454 id
1540 5412 1620 5454 est
1675 5401 1811 5455 sicut

237 5484 302 5522 ea
323 5469 610 5536 a3qualiter
637 5472 702 5538 (1’)
745 5472 816 5533 ei,
846 5488 965 5538 qua:
999 5486 1280 5539 segregare
1316 5481 1564 5524 naturam
1594 5481 1811 5540 putatur

239 5553 268 5590 a
324 5541 574 5607 reliquis,
621 5543 698 5594 sic
724 5543 967 5608 quardam
1000 5544 1359 5608 proprietates
1387 5541 1438 5593 in
1479 5541 1562 5595 his
1596 5542 1812 5610 quidem

240 5624 360 5674 qu:e
387 5611 730 5689 diversarum
764 5611 1191 5690 substantiarunt
1224 5619 1371 5690 sunt,
1406 5623 1688 5690 segregant
1715 5629 1812 5664 na-

241 5688 420 5731 turam
458 5696 475 5750 ;
508 5680 581 5750 in,
606 5680 1180 5745 consubstantialibus,
1240 5682 1292 5734 id
1319 5689 1422 5741 est,
1474 5680 1529 5734 in
1583 5683 1667 5734 his
1697 5698 1815 5750 qua:

240 5759 369 5821 sunt
427 5749 675 5816 ejusdem
731 5763 964 5821 naturae,
1021 5767 1148 5804 veru
1205 5766 1493 5821 personam
1553 5749 1814 5821 insignire

241 5819 514 5885 videntur,
556 5830 612 5874 ut
647 5821 697 5876 in
729 5820 946 5874 homine
986 5830 1038 5875 et
1071 5819 1219 5891 equo
1251 5819 1446 5875 risibile
1489 5829 1650 5891 atque
1672 5819 1815 5874 'hin-

1911 4641 2118 4694 theoria
2151 4641 2204 4693 in
2239 4639 2524 4708 hypotliesi
2551 4637 2680 4691 falsa
2717 4647 2984 4697 versatur,
3015 4636 3141 4689 dum
3174 4633 3428 4703 supponit
3453 4674 3466 4692 .

1910 4730 2091 4784 Patris
2163 4746 2267 4782 esse
2311 4729 2576 4798 proprium
2636 4728 2915 4796 producere
2972 4723 3261 4793 Spiritum,
3318 4723 3476 4790 idque

1913 4838 2017 4875 non
2043 4822 2139 4874 nisi
2157 4837 2218 4874 ex
2243 4822 2463 4873 arbitrio
2483 4819 2722 4888 adaptari
2740 4829 2793 4870 et
2811 4815 3206 4869 accommodari
3231 4830 3475 4882 persona:

1913 4914 2027 4967 Filii
2061 4925 2220 4983 atque
2265 4915 2316 4966 in
2358 4927 2474 4965 eam
2514 4910 2796 4964 transferri
2846 4908 2935 4978 (cl.
2977 4917 3075 4958 art.
3114 4905 3341 4972 prreced.
3384 4903 3409 4974 §
3445 4904 3477 4957 5

1911 5008 2070 5078 seq.).
2091 5006 2276 5076 Neque
2300 5006 2425 5058 hinc
2451 5004 2696 5072 sequitur
2715 5003 2818 5056 ulla
2844 5000 3160 5062 necessitas,
3181 5015 3283 5068 qua
3303 4996 3474 5051 Patris

1914 5190 2108 5250 nibile;
2155 5206 2272 5259 qua:
2299 5203 2420 5242 cum
2454 5186 2823 5259 differentium
2854 5180 3312 5259 naturarum_sint
3350 5195 3476 5259 pro-

1913 5252 2189 5331 prietales'.
2223 5261 2357 5312 intra
2402 5259 2645 5331 eamdem
2683 5256 2917 5322 speciem
2962 5268 3067 5305 non
3119 5252 3473 5331 substantiam

1915 5322 2062 5386 secat
2109 5333 2381 5387 alterutra,
2425 5329 2516 5380 sed
2566 5341 2919 5395 personarum
2954 5323 3307 5395 separationis
3336 5322 3476 5372 indi-

1915 5411 2060 5454 ctum
2092 5402 2303 5466 adjecto
2330 5393 2787 5450 numero—tantum
2807 5403 3037 5466 iprzestat
3066 5409 3078 5454 ;
3107 5393 3350 5466 dextrum
3379 5407 3475 5442 an-

1917 5482 2025 5526 tem
2067 5482 2120 5524 et
2149 5461 2418 5522 sinistrum
2448 5477 2500 5521 et
2532 5465 2838 5532 hnjnsmodi
2873 5479 2962 5516 nec
2997 5473 3174 5514 secant
3231 5461 3472 5532 substan-

1916 5543 2045 5593 tiam
2094 5557 2183 5593 nec
2234 5555 2478 5607 personas
2532 5531 2802 5604 deliniant.
2837 5533 3096 5607 Similiter
3148 5533 3232 5584 his
3283 5531 3476 5583 divina:

1917 5627 2162 5680 persona:
2199 5605 2676 5677 habentquasdant
2709 5605 3072 5680 proprietates,
3097 5619 3211 5672 qua:
3235 5611 3473 5680 neutrum

1917 5671 2162 5750 efﬁciunt,
2196 5671 2452 5747 quasdam
2491 5694 2618 5750 vero
2671 5671 3080 5750 qnarplterum,
3112 5671 3254 5740 qua:
3301 5671 3474 5749 solum

1921 5746 2029 5804 tres
2071 5746 2243 5803 sunt’:
2296 5749 2612 5818 paternitas,
2657 5746 2854 5818 rliliatio
2884 5751 3066 5818 atque
3109 5746 3404 5812 processio.

1919 5821 2186 5877 Cancrum
2226 5814 2426 5878 cffart.
2461 5817 2689 5889 printed.
2726 5827 2779 5870 et
2813 5814 2839 5883 §
2878 5814 2962 5868 15.
