  <div class='ocr_page' id='page_1' title='image "/cluster/home/n/w/nwhite01/storage/ocr_20150623/102/nnc1.0046979620/267.png"; bbox 0 0 4242 6438; ppageno 0'>
   <div class='ocr_carea' id='block_1_1' title="bbox 822 404 929 467">
    <p class='ocr_par' dir='ltr' id='par_1_1' title="bbox 822 404 929 467">
     <span class='ocr_line' id='line_1_1' title="bbox 822 404 929 467; baseline 0.009 -2"><span class='ocrx_word' id='word_1_1' title='bbox 822 404 929 467; x_wconf 83' lang='grc'><strong>515</strong></span> 
     </span>
    </p>
   </div>
   <div class='ocr_carea' id='block_1_2' title="bbox 1979 396 2898 459">
    <p class='ocr_par' dir='ltr' id='par_1_2' title="bbox 1979 396 2898 459">
     <span class='ocr_line' id='line_1_2' title="bbox 1979 396 2898 459; baseline -0.001 0"><span class='ocrx_word' id='word_1_2' title='bbox 1979 396 2199 459; x_wconf 86' lang='grc' dir='ltr'>ΡΗΟΤ]</span> <span class='ocrx_word' id='word_1_3' title='bbox 2212 398 2241 457; x_wconf 89' lang='grc' dir='ltr'><strong>Ι</strong></span> <span class='ocrx_word' id='word_1_4' title='bbox 2278 396 2782 457; x_wconf 75' lang='lat' dir='ltr'><strong>PATRIARCH/E</strong></span> <span class='ocrx_word' id='word_1_5' title='bbox 2811 398 2898 458; x_wconf 72' lang='grc' dir='ltr'><strong>(ΣΡ</strong></span> 
     </span>
    </p>
   </div>
   <div class='ocr_carea' id='block_1_3' title="bbox 3965 407 4072 472">
    <p class='ocr_par' dir='ltr' id='par_1_3' title="bbox 3965 407 4072 472">
     <span class='ocr_line' id='line_1_3' title="bbox 3965 407 4072 472; baseline -0.009 -1"><span class='ocrx_word' id='word_1_6' title='bbox 3965 407 4072 472; x_wconf 82' lang='grc'><strong>516</strong></span> 
     </span>
    </p>
   </div>
   <div class='ocr_carea' id='block_1_4' title="bbox 817 508 4069 585">
    <p class='ocr_par' dir='ltr' id='par_1_4' title="bbox 817 508 4069 585">
     <span class='ocr_line' id='line_1_4' title="bbox 817 508 4069 585; baseline 0.002 -16"><span class='ocrx_word' id='word_1_7' title='bbox 817 529 1048 585; x_wconf 83' lang='lat' dir='ltr'><strong>persona</strong></span> <span class='ocrx_word' id='word_1_8' title='bbox 1101 512 1154 564; x_wconf 92' lang='lat' dir='ltr'><strong>in</strong></span> <span class='ocrx_word' id='word_1_9' title='bbox 1212 520 1459 563; x_wconf 83' lang='lat' dir='ltr'><strong>naturam</strong></span> <span class='ocrx_word' id='word_1_10' title='bbox 1506 508 1836 563; x_wconf 91' lang='lat' dir='ltr'><strong>dissolvatur</strong></span> <span class='ocrx_word' id='word_1_11' title='bbox 1882 510 1953 577; x_wconf 88' lang='lat' dir='ltr'><strong>(c.</strong></span> <span class='ocrx_word' id='word_1_12' title='bbox 1988 509 2097 578; x_wconf 87' lang='lat' dir='ltr'><strong>l9);</strong></span> <span class='ocrx_word' id='word_1_13' title='bbox 2159 510 2384 579; x_wconf 86' lang='lat' dir='ltr'><strong>spiratio</strong></span> <span class='ocrx_word' id='word_1_14' title='bbox 2408 514 2458 573; x_wconf 76' lang='grc' dir='ltr'>Α</span> <span class='ocrx_word' id='word_1_15' title='bbox 2486 516 2750 569; x_wconf 89' lang='lat' dir='ltr'><strong>tutorum,</strong></span> <span class='ocrx_word' id='word_1_16' title='bbox 2775 509 3021 577; x_wconf 87' lang='lat' dir='ltr'><strong>sequitur</strong></span> <span class='ocrx_word' id='word_1_17' title='bbox 3044 508 3094 562; x_wconf 92' lang='lat' dir='ltr'><strong>id</strong></span> <span class='ocrx_word' id='word_1_18' title='bbox 3120 511 3263 579; x_wconf 87' lang='lat' dir='ltr'><strong>quod</strong></span> <span class='ocrx_word' id='word_1_19' title='bbox 3282 511 3553 568; x_wconf 78' lang='lat' dir='ltr'><strong>diximus:</strong></span> <span class='ocrx_word' id='word_1_20' title='bbox 3580 512 3739 569; x_wconf 87' lang='lat' dir='ltr'><strong>Pater</strong></span> <span class='ocrx_word' id='word_1_21' title='bbox 3768 524 4069 576; x_wconf 86' lang='lat' dir='ltr'><strong>essetduas</strong></span> 
     </span>
    </p>
   </div>
   <div class='ocr_carea' id='block_1_5' title="bbox 816 601 2380 671">
    <p class='ocr_par' dir='ltr' id='par_1_5' title="bbox 816 601 2380 671">
     <span class='ocr_line' id='line_1_5' title="bbox 816 601 2380 671; baseline -0.005 -10"><span class='ocrx_word' id='word_1_22' title='bbox 816 608 987 662; x_wconf 82' lang='lat' dir='ltr'><strong>activa</strong></span> <span class='ocrx_word' id='word_1_23' title='bbox 1014 619 1123 657; x_wconf 91' lang='lat' dir='ltr'><strong>non</strong></span> <span class='ocrx_word' id='word_1_24' title='bbox 1150 602 1399 656; x_wconf 77' lang='lat' dir='ltr'><strong>essentia:</strong></span> <span class='ocrx_word' id='word_1_25' title='bbox 1423 617 1526 670; x_wconf 87' lang='lat' dir='ltr'><strong>qua</strong></span> <span class='ocrx_word' id='word_1_26' title='bbox 1555 602 1647 654; x_wconf 84' lang='lat' dir='ltr'><strong>tali</strong></span> <span class='ocrx_word' id='word_1_27' title='bbox 1676 616 1774 655; x_wconf 89' lang='lat' dir='ltr'><strong>nec</strong></span> <span class='ocrx_word' id='word_1_28' title='bbox 1799 610 1856 654; x_wconf 92' lang='lat' dir='ltr'><strong>ut</strong></span> <span class='ocrx_word' id='word_1_29' title='bbox 1890 601 2162 670; x_wconf 85' lang='lat' dir='ltr'><strong>principio</strong></span> <span class='ocrx_word' id='word_1_30' title='bbox 2199 601 2380 671; x_wconf 77' lang='lat' dir='ltr'><strong>agenti</strong></span> 
     </span>
    </p>
   </div>
   <div class='ocr_carea' id='block_1_6' title="bbox 815 691 2381 761">
    <p class='ocr_par' dir='ltr' id='par_1_6' title="bbox 815 691 2381 761">
     <span class='ocr_line' id='line_1_6' title="bbox 815 691 2381 761; baseline -0.005 -10"><span class='ocrx_word' id='word_1_31' title='bbox 815 696 1151 758; x_wconf 77' lang='lat' dir='ltr'><strong>vindicatur;</strong></span> <span class='ocrx_word' id='word_1_32' title='bbox 1193 693 1369 746; x_wconf 82' lang='lat' dir='ltr'><strong>Patris</strong></span> <span class='ocrx_word' id='word_1_33' title='bbox 1408 708 1639 760; x_wconf 75' lang='lat' dir='ltr'><strong>persona</strong></span> <span class='ocrx_word' id='word_1_34' title='bbox 1683 706 1838 760; x_wconf 66' lang='lat' dir='ltr'><strong>aeque</strong></span> <span class='ocrx_word' id='word_1_35' title='bbox 1878 706 1941 745; x_wconf 88' lang='lat' dir='ltr'><strong>ac</strong></span> <span class='ocrx_word' id='word_1_36' title='bbox 1979 706 2209 761; x_wconf 82' lang='lat' dir='ltr'><strong>persona</strong></span> <span class='ocrx_word' id='word_1_37' title='bbox 2262 691 2381 744; x_wconf 82' lang='lat' dir='ltr'><strong>Filii</strong></span> 
     </span>
    </p>
   </div>
   <div class='ocr_carea' id='block_1_7' title="bbox 810 783 2379 858">
    <p class='ocr_par' dir='ltr' id='par_1_7' title="bbox 810 783 2379 858">
     <span class='ocr_line' id='line_1_7' title="bbox 810 783 2379 858; baseline -0.004 -17"><span class='ocrx_word' id='word_1_38' title='bbox 810 789 919 858; x_wconf 84' lang='lat' dir='ltr'><strong>jam</strong></span> <span class='ocrx_word' id='word_1_39' title='bbox 947 787 1239 841; x_wconf 90' lang='lat' dir='ltr'><strong>constituta</strong></span> <span class='ocrx_word' id='word_1_40' title='bbox 1267 784 1589 852; x_wconf 85' lang='lat' dir='ltr'><strong>supponitur</strong></span> <span class='ocrx_word' id='word_1_41' title='bbox 1624 799 1799 852; x_wconf 89' lang='lat' dir='ltr'><strong>neque</strong></span> <span class='ocrx_word' id='word_1_42' title='bbox 1826 784 2025 837; x_wconf 70' lang='lat' dir='ltr'><strong>exinde</strong></span> <span class='ocrx_word' id='word_1_43' title='bbox 2052 783 2379 846; x_wconf 89' lang='lat' dir='ltr'><strong>destruitnr;</strong></span> 
     </span>
    </p>
   </div>
   <div class='ocr_carea' id='block_1_8' title="bbox 812 875 2380 948">
    <p class='ocr_par' dir='ltr' id='par_1_8' title="bbox 812 875 2380 948">
     <span class='ocr_line' id='line_1_8' title="bbox 812 875 2380 948; baseline -0.005 -12"><span class='ocrx_word' id='word_1_44' title='bbox 812 882 1159 937; x_wconf 81' lang='lat' dir='ltr'><strong>eonstitutiva</strong></span> <span class='ocrx_word' id='word_1_45' title='bbox 1208 894 1455 948; x_wconf 76' lang='lat' dir='ltr'><strong>persona:</strong></span> <span class='ocrx_word' id='word_1_46' title='bbox 1513 891 1621 928; x_wconf 88' lang='lat' dir='ltr'><strong>non</strong></span> <span class='ocrx_word' id='word_1_47' title='bbox 1675 876 1983 944; x_wconf 89' lang='lat' dir='ltr'><strong>eripiuntur</strong></span> <span class='ocrx_word' id='word_1_48' title='bbox 2039 875 2224 937; x_wconf 85' lang='lat' dir='ltr'><strong>Patri,</strong></span> <span class='ocrx_word' id='word_1_49' title='bbox 2285 876 2380 928; x_wconf 90' lang='lat' dir='ltr'><strong>sed</strong></span> 
     </span>
    </p>
   </div>
   <div class='ocr_carea' id='block_1_9' title="bbox 813 968 2377 1042">
    <p class='ocr_par' dir='ltr' id='par_1_9' title="bbox 813 968 2377 1042">
     <span class='ocr_line' id='line_1_9' title="bbox 813 968 2377 1042; baseline -0.006 -14"><span class='ocrx_word' id='word_1_50' title='bbox 813 974 1010 1028; x_wconf 91' lang='lat' dir='ltr'><strong>intacta</strong></span> <span class='ocrx_word' id='word_1_51' title='bbox 1032 990 1254 1042; x_wconf 88' lang='lat' dir='ltr'><strong>prorsus</strong></span> <span class='ocrx_word' id='word_1_52' title='bbox 1280 980 1520 1034; x_wconf 87' lang='lat' dir='ltr'><strong>manent,</strong></span> <span class='ocrx_word' id='word_1_53' title='bbox 1544 980 1603 1022; x_wconf 95' lang='lat' dir='ltr'><strong>nt</strong></span> <span class='ocrx_word' id='word_1_54' title='bbox 1626 970 1758 1023; x_wconf 80' lang='lat' dir='ltr'><strong>satis</strong></span> <span class='ocrx_word' id='word_1_55' title='bbox 1778 971 1889 1037; x_wconf 86' lang='lat' dir='ltr'><strong>jam</strong></span> <span class='ocrx_word' id='word_1_56' title='bbox 1907 969 2237 1022; x_wconf 90' lang='lat' dir='ltr'><strong>declaratum</strong></span> <span class='ocrx_word' id='word_1_57' title='bbox 2260 968 2377 1020; x_wconf 89' lang='lat' dir='ltr'><strong>fuit.</strong></span> 
     </span>
    </p>
   </div>
   <div class='ocr_carea' id='block_1_10' title="bbox 888 1060 2378 1133">
    <p class='ocr_par' dir='ltr' id='par_1_10' title="bbox 888 1060 2378 1133">
     <span class='ocr_line' id='line_1_10' title="bbox 888 1060 2378 1133; baseline -0.003 -16"><span class='ocrx_word' id='word_1_58' title='bbox 888 1063 976 1117; x_wconf 74' lang='lat'><strong>13.</strong></span> <span class='ocrx_word' id='word_1_59' title='bbox 1055 1064 1108 1119; x_wconf 90' lang='lat' dir='ltr'><strong>Si</strong></span> <span class='ocrx_word' id='word_1_60' title='bbox 1141 1064 1416 1133; x_wconf 90' lang='lat' dir='ltr'><strong>proprium</strong></span> <span class='ocrx_word' id='word_1_61' title='bbox 1449 1061 1623 1115; x_wconf 84' lang='lat' dir='ltr'><strong>Patris</strong></span> <span class='ocrx_word' id='word_1_62' title='bbox 1654 1081 1672 1112; x_wconf 73' lang='grc' dir='ltr'><strong>ι</strong></span> <span class='ocrx_word' id='word_1_63' title='bbox 1713 1063 1807 1131; x_wconf 91' lang='lat' dir='ltr'><strong>(ita</strong></span> <span class='ocrx_word' id='word_1_64' title='bbox 1856 1060 2078 1114; x_wconf 83' lang='lat' dir='ltr'><strong>Pltotius</strong></span> <span class='ocrx_word' id='word_1_65' title='bbox 2108 1076 2230 1130; x_wconf 89' lang='lat' dir='ltr'><strong>cap.</strong></span> <span class='ocrx_word' id='word_1_66' title='bbox 2267 1060 2378 1128; x_wconf 81' lang='grc'><strong>18),</strong></span> 
     </span>
    </p>
   </div>
   <div class='ocr_carea' id='block_1_11' title="bbox 817 1152 2380 1224">
    <p class='ocr_par' dir='ltr' id='par_1_11' title="bbox 817 1152 2380 1224">
     <span class='ocr_line' id='line_1_11' title="bbox 817 1152 2380 1224; baseline -0.002 -17"><span class='ocrx_word' id='word_1_67' title='bbox 817 1175 837 1207; x_wconf 84' lang='grc'><strong>‹</strong></span> <span class='ocrx_word' id='word_1_68' title='bbox 869 1156 1197 1209; x_wconf 80' lang='lat' dir='ltr'><strong>transfertur</strong></span> <span class='ocrx_word' id='word_1_69' title='bbox 1230 1157 1282 1208; x_wconf 92' lang='lat' dir='ltr'><strong>in</strong></span> <span class='ocrx_word' id='word_1_70' title='bbox 1317 1155 1533 1217; x_wconf 85' lang='lat' dir='ltr'><strong>Filium,</strong></span> <span class='ocrx_word' id='word_1_71' title='bbox 1555 1156 1717 1207; x_wconf 87' lang='lat' dir='ltr'><strong>etiam</strong></span> <span class='ocrx_word' id='word_1_72' title='bbox 1748 1155 2023 1224; x_wconf 90' lang='lat' dir='ltr'><strong>proprium</strong></span> <span class='ocrx_word' id='word_1_73' title='bbox 2051 1152 2168 1205; x_wconf 83' lang='lat' dir='ltr'><strong>Filii</strong></span> <span class='ocrx_word' id='word_1_74' title='bbox 2201 1162 2380 1205; x_wconf 91' lang='lat' dir='ltr'><strong>trans-</strong></span> 
     </span>
    </p>
   </div>
   <div class='ocr_carea' id='block_1_12' title="bbox 812 1244 2378 1313">
    <p class='ocr_par' dir='ltr' id='par_1_12' title="bbox 812 1244 2378 1313">
     <span class='ocr_line' id='line_1_12' title="bbox 812 1244 2378 1313; baseline -0.003 -14"><span class='ocrx_word' id='word_1_75' title='bbox 812 1245 987 1301; x_wconf 81' lang='lat' dir='ltr'><strong>fertur</strong></span> <span class='ocrx_word' id='word_1_76' title='bbox 1048 1247 1100 1298; x_wconf 89' lang='lat' dir='ltr'><strong>in</strong></span> <span class='ocrx_word' id='word_1_77' title='bbox 1146 1248 1377 1308; x_wconf 82' lang='lat' dir='ltr'><strong>Patrem,</strong></span> <span class='ocrx_word' id='word_1_78' title='bbox 1419 1247 1494 1299; x_wconf 86' lang='lat' dir='ltr'><strong>ita</strong></span> <span class='ocrx_word' id='word_1_79' title='bbox 1548 1257 1607 1299; x_wconf 91' lang='lat' dir='ltr'><strong>ut</strong></span> <span class='ocrx_word' id='word_1_80' title='bbox 1663 1255 1719 1298; x_wconf 91' lang='lat' dir='ltr'><strong>et</strong></span> <span class='ocrx_word' id='word_1_81' title='bbox 1764 1244 1922 1298; x_wconf 85' lang='lat' dir='ltr'><strong>Pater</strong></span> <span class='ocrx_word' id='word_1_82' title='bbox 1969 1245 2378 1313; x_wconf 75' lang='lat' dir='ltr'><strong>generationem</strong></span> 
     </span>
    </p>
   </div>
   <div class='ocr_carea' id='block_1_13' title="bbox 812 1336 2377 1407">
    <p class='ocr_par' dir='ltr' id='par_1_13' title="bbox 812 1336 2377 1407">
     <span class='ocr_line' id='line_1_13' title="bbox 812 1336 2377 1407; baseline -0.003 -15"><span class='ocrx_word' id='word_1_83' title='bbox 812 1339 999 1392; x_wconf 85' lang='lat' dir='ltr'><strong>subeat</strong></span> <span class='ocrx_word' id='word_1_84' title='bbox 1020 1354 1080 1391; x_wconf 89' lang='lat' dir='ltr'><strong>ae</strong></span> <span class='ocrx_word' id='word_1_85' title='bbox 1098 1339 1310 1407; x_wconf 89' lang='lat' dir='ltr'><strong>genitus</strong></span> <span class='ocrx_word' id='word_1_86' title='bbox 1331 1339 1709 1391; x_wconf 77' lang='lat' dir='ltr'><strong>censeatur.At</strong></span> <span class='ocrx_word' id='word_1_87' title='bbox 1729 1353 1853 1390; x_wconf 93' lang='lat' dir='ltr'><strong>cum</strong></span> <span class='ocrx_word' id='word_1_88' title='bbox 1875 1339 2018 1404; x_wconf 90' lang='lat' dir='ltr'><strong>quod</strong></span> <span class='ocrx_word' id='word_1_89' title='bbox 2043 1336 2377 1390; x_wconf 81' lang='lat' dir='ltr'><strong>fundamenti</strong></span> 
     </span>
    </p>
   </div>
   <div class='ocr_carea' id='block_1_14' title="bbox 812 1429 2381 1498">
    <p class='ocr_par' dir='ltr' id='par_1_14' title="bbox 812 1429 2381 1498">
     <span class='ocr_line' id='line_1_14' title="bbox 812 1429 2381 1498; baseline -0.002 -15"><span class='ocrx_word' id='word_1_90' title='bbox 812 1430 931 1484; x_wconf 86' lang='lat' dir='ltr'><strong>loco</strong></span> <span class='ocrx_word' id='word_1_91' title='bbox 965 1432 1133 1498; x_wconf 83' lang='lat' dir='ltr'><strong>ponit,</strong></span> <span class='ocrx_word' id='word_1_92' title='bbox 1171 1430 1362 1483; x_wconf 85' lang='lat' dir='ltr'><strong>falsum</strong></span> <span class='ocrx_word' id='word_1_93' title='bbox 1394 1446 1511 1483; x_wconf 80' lang='lat' dir='ltr'><strong>esse</strong></span> <span class='ocrx_word' id='word_1_94' title='bbox 1537 1430 1648 1498; x_wconf 89' lang='lat' dir='ltr'><strong>jam</strong></span> <span class='ocrx_word' id='word_1_95' title='bbox 1676 1429 1808 1483; x_wconf 88' lang='lat' dir='ltr'><strong>satis</strong></span> <span class='ocrx_word' id='word_1_96' title='bbox 1839 1437 2071 1492; x_wconf 85' lang='lat' dir='ltr'><strong>constet,</strong></span> <span class='ocrx_word' id='word_1_97' title='bbox 2106 1444 2284 1497; x_wconf 86' lang='lat' dir='ltr'><strong>neque</strong></span> <span class='ocrx_word' id='word_1_98' title='bbox 2316 1443 2381 1481; x_wconf 90' lang='lat' dir='ltr'><strong>ea</strong></span> 
     </span>
    </p>
   </div>
   <div class='ocr_carea' id='block_1_15' title="bbox 810 1518 2377 1589">
    <p class='ocr_par' dir='ltr' id='par_1_15' title="bbox 810 1518 2377 1589">
     <span class='ocr_line' id='line_1_15' title="bbox 810 1518 2377 1589; baseline -0.001 -16"><span class='ocrx_word' id='word_1_99' title='bbox 810 1522 1126 1574; x_wconf 87' lang='lat' dir='ltr'><strong>consecutio</strong></span> <span class='ocrx_word' id='word_1_100' title='bbox 1174 1522 1464 1589; x_wconf 83' lang='lat' dir='ltr'><strong>quidquam</strong></span> <span class='ocrx_word' id='word_1_101' title='bbox 1523 1520 1717 1572; x_wconf 89' lang='lat' dir='ltr'><strong>virium</strong></span> <span class='ocrx_word' id='word_1_102' title='bbox 1782 1520 2020 1573; x_wconf 80' lang='lat' dir='ltr'><strong>habebit.</strong></span> <span class='ocrx_word' id='word_1_103' title='bbox 2070 1518 2147 1572; x_wconf 87' lang='lat' dir='ltr'><strong>Ne</strong></span> <span class='ocrx_word' id='word_1_104' title='bbox 2191 1520 2377 1574; x_wconf 90' lang='lat' dir='ltr'><strong>eadem</strong></span> 
     </span>
    </p>
   </div>
   <div class='ocr_carea' id='block_1_16' title="bbox 812 1611 2377 1682">
    <p class='ocr_par' dir='ltr' id='par_1_16' title="bbox 812 1611 2377 1682">
     <span class='ocr_line' id='line_1_16' title="bbox 812 1611 2377 1682; baseline -0.003 -15"><span class='ocrx_word' id='word_1_105' title='bbox 812 1623 1149 1682; x_wconf 89' lang='lat' dir='ltr'><strong>repetamus,</strong></span> <span class='ocrx_word' id='word_1_106' title='bbox 1196 1612 1533 1665; x_wconf 79' lang='lat' dir='ltr'><strong>Bessarionis</strong></span> <span class='ocrx_word' id='word_1_107' title='bbox 1594 1612 1906 1679; x_wconf 62' lang='lat' dir='ltr'><strong>praeclaram</strong></span> <span class='ocrx_word' id='word_1_108' title='bbox 1961 1611 2377 1679; x_wconf 85' lang='lat' dir='ltr'><strong>disputationem</strong></span> 
     </span>
    </p>
   </div>
   <div class='ocr_carea' id='block_1_17' title="bbox 816 1704 2376 1772">
    <p class='ocr_par' dir='ltr' id='par_1_17' title="bbox 816 1704 2376 1772">
     <span class='ocr_line' id='line_1_17' title="bbox 816 1704 2376 1772; baseline -0.003 -14"><span class='ocrx_word' id='word_1_109' title='bbox 816 1706 903 1759; x_wconf 92' lang='lat' dir='ltr'><strong>hic</strong></span> <span class='ocrx_word' id='word_1_110' title='bbox 956 1704 1337 1757; x_wconf 80' lang='lat' dir='ltr'><strong>exhibebimus</strong></span> <span class='ocrx_word' id='word_1_111' title='bbox 1374 1704 1484 1772; x_wconf 87' lang='lat' dir='ltr'><strong>jam</strong></span> <span class='ocrx_word' id='word_1_112' title='bbox 1542 1705 1686 1756; x_wconf 86' lang='lat' dir='ltr'><strong>dicta</strong></span> <span class='ocrx_word' id='word_1_113' title='bbox 1722 1704 1947 1757; x_wconf 87' lang='lat' dir='ltr'><strong>uberius</strong></span> <span class='ocrx_word' id='word_1_114' title='bbox 1999 1704 2376 1756; x_wconf 90' lang='lat' dir='ltr'><strong>illustrantem.</strong></span> 
     </span>
    </p>
   </div>
   <div class='ocr_carea' id='block_1_18' title="bbox 810 1793 2375 1865">
    <p class='ocr_par' dir='ltr' id='par_1_18' title="bbox 810 1793 2375 1865">
     <span class='ocr_line' id='line_1_18' title="bbox 810 1793 2375 1865; baseline -0.001 -16"><span class='ocrx_word' id='word_1_115' title='bbox 810 1796 1014 1862; x_wconf 60' lang='lat' dir='ltr'><strong>Quarit</strong></span> <span class='ocrx_word' id='word_1_116' title='bbox 1043 1799 1223 1864; x_wconf 87' lang='lat' dir='ltr'><strong>itaque</strong></span> <span class='ocrx_word' id='word_1_117' title='bbox 1248 1796 1531 1849; x_wconf 83' lang='lat' dir='ltr'><strong>Bessarion</strong></span> <span class='ocrx_word' id='word_1_118' title='bbox 1562 1798 1670 1865; x_wconf 90' lang='lat' dir='ltr'><strong>(ep.</strong></span> <span class='ocrx_word' id='word_1_119' title='bbox 1701 1796 1768 1849; x_wconf 87' lang='lat' dir='ltr'><strong>ad</strong></span> <span class='ocrx_word' id='word_1_120' title='bbox 1797 1797 1948 1849; x_wconf 81' lang='lat' dir='ltr'><strong>Alex.</strong></span> <span class='ocrx_word' id='word_1_121' title='bbox 1983 1795 2202 1849; x_wconf 84' lang='lat' dir='ltr'><strong>Lascar.</strong></span> <span class='ocrx_word' id='word_1_122' title='bbox 2232 1810 2281 1848; x_wconf 94' lang='lat' dir='ltr'><strong>e.</strong></span> <span class='ocrx_word' id='word_1_123' title='bbox 2322 1793 2375 1856; x_wconf 82' lang='lat'><strong>5;</strong></span> 
     </span>
    </p>
   </div>
   <div class='ocr_carea' id='block_1_19' title="bbox 2484 601 4070 676">
    <p class='ocr_par' dir='ltr' id='par_1_19' title="bbox 2484 601 4070 676">
     <span class='ocr_line' id='line_1_19' title="bbox 2484 601 4070 676; baseline 0.009 -23"><span class='ocrx_word' id='word_1_124' title='bbox 2484 602 2795 668; x_wconf 88' lang='lat' dir='ltr'><strong>personales</strong></span> <span class='ocrx_word' id='word_1_125' title='bbox 2823 601 3024 656; x_wconf 87' lang='lat' dir='ltr'><strong>formas</strong></span> <span class='ocrx_word' id='word_1_126' title='bbox 3056 603 3287 667; x_wconf 88' lang='lat' dir='ltr'><strong>habens,</strong></span> <span class='ocrx_word' id='word_1_127' title='bbox 3320 606 3460 659; x_wconf 91' lang='lat' dir='ltr'><strong>sicut</strong></span> <span class='ocrx_word' id='word_1_128' title='bbox 3494 606 3538 660; x_wconf 91' lang='lat' dir='ltr'><strong>si</strong></span> <span class='ocrx_word' id='word_1_129' title='bbox 3574 608 3696 676; x_wconf 90' lang='lat' dir='ltr'><strong>quis</strong></span> <span class='ocrx_word' id='word_1_130' title='bbox 3727 610 3887 663; x_wconf 88' lang='lat' dir='ltr'><strong>homo</strong></span> <span class='ocrx_word' id='word_1_131' title='bbox 3920 615 4070 668; x_wconf 82' lang='lat' dir='ltr'><strong>duas</strong></span> 
     </span>
    </p>
   </div>
   <div class='ocr_carea' id='block_1_20' title="bbox 2483 691 4065 773">
    <p class='ocr_par' dir='ltr' id='par_1_20' title="bbox 2483 691 4065 773">
     <span class='ocr_line' id='line_1_20' title="bbox 2483 691 4065 773; baseline 0.008 -28"><span class='ocrx_word' id='word_1_132' title='bbox 2483 692 2707 746; x_wconf 87' lang='lat' dir='ltr'><strong>haberet</strong></span> <span class='ocrx_word' id='word_1_133' title='bbox 2758 691 2907 764; x_wconf 68' lang='lat'><strong>[296]</strong></span> <span class='ocrx_word' id='word_1_134' title='bbox 2962 695 3190 759; x_wconf 91' lang='lat' dir='ltr'><strong>animas,</strong></span> <span class='ocrx_word' id='word_1_135' title='bbox 3245 697 3387 766; x_wconf 85' lang='lat' dir='ltr'><strong>quod</strong></span> <span class='ocrx_word' id='word_1_136' title='bbox 3442 698 3735 752; x_wconf 88' lang='lat' dir='ltr'><strong>absurdum</strong></span> <span class='ocrx_word' id='word_1_137' title='bbox 3786 711 3870 754; x_wconf 92' lang='lat' dir='ltr'><strong>est</strong></span> <span class='ocrx_word' id='word_1_138' title='bbox 3916 704 4065 773; x_wconf 72' lang='lat' dir='ltr'><strong>(SH).</strong></span> 
     </span>
    </p>
   </div>
   <div class='ocr_carea' id='block_1_21' title="bbox 2481 786 4064 859">
    <p class='ocr_par' dir='ltr' id='par_1_21' title="bbox 2481 786 4064 859">
     <span class='ocr_line' id='line_1_21' title="bbox 2481 786 4064 859; baseline 0.007 -22"><span class='ocrx_word' id='word_1_139' title='bbox 2481 786 2633 851; x_wconf 83' lang='lat' dir='ltr'><strong>Quod</strong></span> <span class='ocrx_word' id='word_1_140' title='bbox 2660 789 2704 841; x_wconf 90' lang='lat' dir='ltr'><strong>si</strong></span> <span class='ocrx_word' id='word_1_141' title='bbox 2737 804 2865 841; x_wconf 83' lang='lat' dir='ltr'><strong>vero</strong></span> <span class='ocrx_word' id='word_1_142' title='bbox 2893 804 3000 841; x_wconf 89' lang='lat' dir='ltr'><strong>non</strong></span> <span class='ocrx_word' id='word_1_143' title='bbox 3038 799 3266 858; x_wconf 90' lang='lat' dir='ltr'><strong>utraque</strong></span> <span class='ocrx_word' id='word_1_144' title='bbox 3306 806 3403 859; x_wconf 89' lang='lat' dir='ltr'><strong>per</strong></span> <span class='ocrx_word' id='word_1_145' title='bbox 3441 807 3519 853; x_wconf 86' lang='lat' dir='ltr'><strong>se,</strong></span> <span class='ocrx_word' id='word_1_146' title='bbox 3558 792 3651 845; x_wconf 89' lang='lat' dir='ltr'><strong>sed</strong></span> <span class='ocrx_word' id='word_1_147' title='bbox 3694 794 3863 848; x_wconf 67' lang='lat' dir='ltr'><strong>amba:</strong></span> <span class='ocrx_word' id='word_1_148' title='bbox 3891 798 4064 850; x_wconf 90' lang='lat' dir='ltr'><strong>simul</strong></span> 
     </span>
    </p>
   </div>
   <div class='ocr_carea' id='block_1_22' title="bbox 2485 877 4053 950">
    <p class='ocr_par' dir='ltr' id='par_1_22' title="bbox 2485 877 4053 950">
     <span class='ocr_line' id='line_1_22' title="bbox 2485 877 4053 950; baseline 0.007 -22"><span class='ocrx_word' id='word_1_149' title='bbox 2485 877 2642 945; x_wconf 70' lang='grc' dir='ltr'><strong>(ἅμα.)</strong></span> <span class='ocrx_word' id='word_1_150' title='bbox 2693 878 3122 944; x_wconf 89' lang='lat' dir='ltr'><strong>constituerent,</strong></span> <span class='ocrx_word' id='word_1_151' title='bbox 3179 895 3356 948; x_wconf 87' lang='lat' dir='ltr'><strong>neque</strong></span> <span class='ocrx_word' id='word_1_152' title='bbox 3412 882 3503 950; x_wconf 85' lang='lat' dir='ltr'><strong>qui</strong></span> <span class='ocrx_word' id='word_1_153' title='bbox 3572 883 3779 937; x_wconf 88' lang='lat' dir='ltr'><strong>diceret</strong></span> <span class='ocrx_word' id='word_1_154' title='bbox 3828 884 4053 941; x_wconf 83' lang='lat' dir='ltr'><strong>Patrem</strong></span> 
     </span>
    </p>
   </div>
   <div class='ocr_carea' id='block_1_23' title="bbox 2484 971 4061 1049">
    <p class='ocr_par' dir='ltr' id='par_1_23' title="bbox 2484 971 4061 1049">
     <span class='ocr_line' id='line_1_23' title="bbox 2484 971 4061 1049; baseline 0.008 -28"><span class='ocrx_word' id='word_1_155' title='bbox 2484 971 2657 1023; x_wconf 88' lang='lat' dir='ltr'><strong>solum</strong></span> <span class='ocrx_word' id='word_1_156' title='bbox 2680 1012 2693 1032; x_wconf 95' lang='lat'><strong>,</strong></span> <span class='ocrx_word' id='word_1_157' title='bbox 2726 972 3053 1040; x_wconf 78' lang='lat' dir='ltr'><strong>significaret</strong></span> <span class='ocrx_word' id='word_1_158' title='bbox 3084 988 3367 1039; x_wconf 81' lang='lat' dir='ltr'><strong>personam</strong></span> <span class='ocrx_word' id='word_1_159' title='bbox 3408 985 3687 1042; x_wconf 88' lang='lat' dir='ltr'><strong>paternam</strong></span> <span class='ocrx_word' id='word_1_160' title='bbox 3713 1018 3727 1041; x_wconf 96' lang='lat'><strong>,</strong></span> <span class='ocrx_word' id='word_1_161' title='bbox 3756 993 3933 1046; x_wconf 89' lang='lat' dir='ltr'><strong>neque</strong></span> <span class='ocrx_word' id='word_1_162' title='bbox 3965 982 4061 1049; x_wconf 79' lang='lat' dir='ltr'><strong>qui</strong></span> 
     </span>
    </p>
   </div>
   <div class='ocr_carea' id='block_1_24' title="bbox 2482 1061 4059 1133">
    <p class='ocr_par' dir='ltr' id='par_1_24' title="bbox 2482 1061 4059 1133">
     <span class='ocr_line' id='line_1_24' title="bbox 2482 1061 4059 1133; baseline 0.008 -21"><span class='ocrx_word' id='word_1_163' title='bbox 2482 1061 2766 1131; x_wconf 73' lang='grc' dir='ltr'>προϐολέα.</span> <span class='ocrx_word' id='word_1_164' title='bbox 2799 1064 3050 1117; x_wconf 84' lang='lat' dir='ltr'><strong>Attamen</strong></span> <span class='ocrx_word' id='word_1_165' title='bbox 3095 1064 3257 1133; x_wconf 84' lang='lat' dir='ltr'><strong>hujus</strong></span> <span class='ocrx_word' id='word_1_166' title='bbox 3301 1075 3471 1119; x_wconf 88' lang='lat' dir='ltr'><strong>totum</strong></span> <span class='ocrx_word' id='word_1_167' title='bbox 3513 1069 3844 1122; x_wconf 87' lang='lat' dir='ltr'><strong>contrarium</strong></span> <span class='ocrx_word' id='word_1_168' title='bbox 3877 1081 3962 1124; x_wconf 90' lang='lat' dir='ltr'><strong>est</strong></span> <span class='ocrx_word' id='word_1_169' title='bbox 4004 1072 4059 1124; x_wconf 82' lang='lat' dir='ltr'><strong>in</strong></span> 
     </span>
    </p>
   </div>
   <div class='ocr_carea' id='block_1_25' title="bbox 2481 1158 4058 1229">
    <p class='ocr_par' dir='ltr' id='par_1_25' title="bbox 2481 1158 4058 1229">
     <span class='ocr_line' id='line_1_25' title="bbox 2481 1158 4058 1229; baseline 0.005 -21"><span class='ocrx_word' id='word_1_170' title='bbox 2481 1171 2614 1220; x_wconf 89' lang='lat' dir='ltr'><strong>usu;</strong></span> <span class='ocrx_word' id='word_1_171' title='bbox 2651 1172 2840 1210; x_wconf 89' lang='lat' dir='ltr'><strong>omnes</strong></span> <span class='ocrx_word' id='word_1_172' title='bbox 2871 1159 3016 1211; x_wconf 89' lang='lat' dir='ltr'><strong>enim</strong></span> <span class='ocrx_word' id='word_1_173' title='bbox 3046 1158 3296 1213; x_wconf 90' lang='lat' dir='ltr'><strong>doctores</strong></span> <span class='ocrx_word' id='word_1_174' title='bbox 3320 1168 3375 1212; x_wconf 90' lang='lat' dir='ltr'><strong>ct</strong></span> <span class='ocrx_word' id='word_1_175' title='bbox 3421 1160 3599 1213; x_wconf 92' lang='lat' dir='ltr'><strong>omnis</strong></span> <span class='ocrx_word' id='word_1_176' title='bbox 3624 1160 3897 1229; x_wconf 84' lang='lat' dir='ltr'><strong>Scriptura</strong></span> <span class='ocrx_word' id='word_1_177' title='bbox 3929 1178 4058 1217; x_wconf 87' lang='lat' dir='ltr'><strong>eum</strong></span> 
     </span>
    </p>
   </div>
   <div class='ocr_carea' id='block_1_26' title="bbox 2478 1242 4057 1320">
    <p class='ocr_par' dir='ltr' id='par_1_26' title="bbox 2478 1242 4057 1320">
     <span class='ocr_line' id='line_1_26' title="bbox 2478 1242 4057 1320; baseline 0.007 -24"><span class='ocrx_word' id='word_1_178' title='bbox 2478 1244 2668 1296; x_wconf 89' lang='lat' dir='ltr'><strong>dicunt</strong></span> <span class='ocrx_word' id='word_1_179' title='bbox 2692 1242 2925 1309; x_wconf 86' lang='lat' dir='ltr'><strong>Patrem,</strong></span> <span class='ocrx_word' id='word_1_180' title='bbox 2963 1246 3201 1301; x_wconf 78' lang='lat' dir='ltr'><strong>divinam</strong></span> <span class='ocrx_word' id='word_1_181' title='bbox 3231 1250 3351 1317; x_wconf 83' lang='lat' dir='ltr'><strong>ejus</strong></span> <span class='ocrx_word' id='word_1_182' title='bbox 3382 1264 3668 1317; x_wconf 89' lang='lat' dir='ltr'><strong>personam</strong></span> <span class='ocrx_word' id='word_1_183' title='bbox 3700 1252 4011 1320; x_wconf 81' lang='lat' dir='ltr'><strong>significant</strong></span> <span class='ocrx_word' id='word_1_184' title='bbox 4043 1272 4057 1317; x_wconf 89' lang='lat'><strong>;</strong></span> 
     </span>
    </p>
   </div>
   <div class='ocr_carea' id='block_1_27' title="bbox 2480 1334 4055 1415">
    <p class='ocr_par' dir='ltr' id='par_1_27' title="bbox 2480 1334 4055 1415">
     <span class='ocr_line' id='line_1_27' title="bbox 2480 1334 4055 1415; baseline 0.009 -29"><span class='ocrx_word' id='word_1_185' title='bbox 2480 1334 2647 1387; x_wconf 90' lang='lat' dir='ltr'><strong>nostri</strong></span> <span class='ocrx_word' id='word_1_186' title='bbox 2685 1334 2846 1388; x_wconf 89' lang='lat' dir='ltr'><strong>etiam</strong></span> <span class='ocrx_word' id='word_1_187' title='bbox 2882 1336 3097 1403; x_wconf 62' lang='grc' dir='ltr'><strong>(ϐωμοί)</strong></span> <span class='ocrx_word' id='word_1_188' title='bbox 3142 1354 3265 1392; x_wconf 91' lang='lat' dir='ltr'><strong>cum</strong></span> <span class='ocrx_word' id='word_1_189' title='bbox 3306 1341 3493 1395; x_wconf 86' lang='lat' dir='ltr'><strong>dicunt</strong></span> <span class='ocrx_word' id='word_1_190' title='bbox 3550 1343 3838 1410; x_wconf 62' lang='grc' dir='ltr'><strong>πωὸολέα,</strong></span> <span class='ocrx_word' id='word_1_191' title='bbox 3874 1346 4055 1415; x_wconf 86' lang='lat' dir='ltr'><strong>ipsum</strong></span> 
     </span>
    </p>
   </div>
   <div class='ocr_carea' id='block_1_28' title="bbox 2480 1424 4059 1500">
    <p class='ocr_par' dir='ltr' id='par_1_28' title="bbox 2480 1424 4059 1500">
     <span class='ocr_line' id='line_1_28' title="bbox 2480 1424 4059 1500; baseline 0.01 -25"><span class='ocrx_word' id='word_1_192' title='bbox 2480 1424 2692 1477; x_wconf 77' lang='lat' dir='ltr'><strong>Patrem</strong></span> <span class='ocrx_word' id='word_1_193' title='bbox 2725 1426 2895 1478; x_wconf 91' lang='lat' dir='ltr'><strong>solum</strong></span> <span class='ocrx_word' id='word_1_194' title='bbox 2928 1436 3119 1495; x_wconf 87' lang='lat' dir='ltr'><strong>putant</strong></span> <span class='ocrx_word' id='word_1_195' title='bbox 3159 1428 3487 1497; x_wconf 82' lang='lat' dir='ltr'><strong>signiﬁcare.</strong></span> <span class='ocrx_word' id='word_1_196' title='bbox 3534 1430 3699 1500; x_wconf 88' lang='lat' dir='ltr'><strong>Igitur</strong></span> <span class='ocrx_word' id='word_1_197' title='bbox 3742 1450 3845 1488; x_wconf 89' lang='lat' dir='ltr'><strong>nec</strong></span> <span class='ocrx_word' id='word_1_198' title='bbox 3884 1437 4059 1492; x_wconf 71' lang='lat' dir='ltr'><strong>amba:</strong></span> 
     </span>
    </p>
   </div>
   <div class='ocr_carea' id='block_1_29' title="bbox 2477 1516 4059 1598">
    <p class='ocr_par' dir='ltr' id='par_1_29' title="bbox 2477 1516 4059 1598">
     <span class='ocr_line' id='line_1_29' title="bbox 2477 1516 4059 1598; baseline 0.011 -32"><span class='ocrx_word' id='word_1_199' title='bbox 2477 1516 2784 1571; x_wconf 78' lang='lat' dir='ltr'><strong>aimul’sunt</strong></span> <span class='ocrx_word' id='word_1_200' title='bbox 2805 1518 3172 1574; x_wconf 74' lang='lat' dir='ltr'><strong>eonstitntiva:</strong></span> <span class='ocrx_word' id='word_1_201' title='bbox 3192 1536 3435 1588; x_wconf 74' lang='lat' dir='ltr'><strong>persona:</strong></span> <span class='ocrx_word' id='word_1_202' title='bbox 3456 1538 3515 1590; x_wconf 90' lang='lat' dir='ltr'><strong>pa</strong></span> <span class='ocrx_word' id='word_1_203' title='bbox 3526 1533 3689 1577; x_wconf 62' lang='lat' dir='ltr'><strong>ternae</strong></span> <span class='ocrx_word' id='word_1_204' title='bbox 3712 1541 3811 1581; x_wconf 89' lang='lat' dir='ltr'><strong>nec</strong></span> <span class='ocrx_word' id='word_1_205' title='bbox 3829 1536 4059 1598; x_wconf 89' lang='lat' dir='ltr'><strong>utraque</strong></span> 
     </span>
    </p>
   </div>
   <div class='ocr_carea' id='block_1_30' title="bbox 2478 1606 4057 1680">
    <p class='ocr_par' dir='ltr' id='par_1_30' title="bbox 2478 1606 4057 1680">
     <span class='ocr_line' id='line_1_30' title="bbox 2478 1606 4057 1680; baseline 0.011 -23"><span class='ocrx_word' id='word_1_206' title='bbox 2478 1622 2571 1673; x_wconf 81' lang='lat' dir='ltr'><strong>per</strong></span> <span class='ocrx_word' id='word_1_207' title='bbox 2599 1624 2673 1659; x_wconf 72' lang='lat' dir='ltr'><strong>ac.</strong></span> <span class='ocrx_word' id='word_1_208' title='bbox 2700 1606 2886 1661; x_wconf 79' lang='lat' dir='ltr'><strong>Restat</strong></span> <span class='ocrx_word' id='word_1_209' title='bbox 2919 1622 3050 1678; x_wconf 90' lang='lat' dir='ltr'><strong>ergo</strong></span> <span class='ocrx_word' id='word_1_210' title='bbox 3091 1621 3184 1665; x_wconf 92' lang='lat' dir='ltr'><strong>aut</strong></span> <span class='ocrx_word' id='word_1_211' title='bbox 3218 1622 3600 1680; x_wconf 84' lang='lat' dir='ltr'><strong>paternttatem</strong></span> <span class='ocrx_word' id='word_1_212' title='bbox 3634 1630 3755 1671; x_wconf 88' lang='lat' dir='ltr'><strong>esse</strong></span> <span class='ocrx_word' id='word_1_213' title='bbox 3789 1621 4057 1674; x_wconf 86' lang='lat' dir='ltr'><strong>constitu-</strong></span> 
     </span>
    </p>
   </div>
   <div class='ocr_carea' id='block_1_31' title="bbox 2479 1698 4057 1775">
    <p class='ocr_par' dir='ltr' id='par_1_31' title="bbox 2479 1698 4057 1775">
     <span class='ocr_line' id='line_1_31' title="bbox 2479 1698 4057 1775; baseline 0.009 -24"><span class='ocrx_word' id='word_1_214' title='bbox 2479 1698 2639 1751; x_wconf 89' lang='lat' dir='ltr'><strong>tivam</strong></span> <span class='ocrx_word' id='word_1_215' title='bbox 2665 1708 2719 1752; x_wconf 91' lang='lat' dir='ltr'><strong>et</strong></span> <span class='ocrx_word' id='word_1_216' title='bbox 2752 1702 3025 1769; x_wconf 89' lang='lat' dir='ltr'><strong>propriam</strong></span> <span class='ocrx_word' id='word_1_217' title='bbox 3059 1701 3235 1756; x_wconf 85' lang='lat' dir='ltr'><strong>Patris</strong></span> <span class='ocrx_word' id='word_1_218' title='bbox 3268 1704 3517 1767; x_wconf 89' lang='lat' dir='ltr'><strong>formam,</strong></span> <span class='ocrx_word' id='word_1_219' title='bbox 3545 1707 3897 1775; x_wconf 77' lang='lat' dir='ltr'><strong>spirationcm</strong></span> <span class='ocrx_word' id='word_1_220' title='bbox 3930 1728 4057 1765; x_wconf 89' lang='lat' dir='ltr'><strong>vero</strong></span> 
     </span>
    </p>
   </div>
   <div class='ocr_carea' id='block_1_32' title="bbox 2479 1790 4057 1861">
    <p class='ocr_par' dir='ltr' id='par_1_32' title="bbox 2479 1790 4057 1861">
     <span class='ocr_line' id='line_1_32' title="bbox 2479 1790 4057 1861; baseline 0.009 -19"><span class='ocrx_word' id='word_1_221' title='bbox 2479 1790 2629 1857; x_wconf 87' lang='lat' dir='ltr'><strong>sequi</strong></span> <span class='ocrx_word' id='word_1_222' title='bbox 2654 1805 2778 1843; x_wconf 91' lang='lat' dir='ltr'><strong>cum</strong></span> <span class='ocrx_word' id='word_1_223' title='bbox 2807 1791 2919 1858; x_wconf 86' lang='lat' dir='ltr'><strong>jam</strong></span> <span class='ocrx_word' id='word_1_224' title='bbox 2951 1795 3328 1861; x_wconf 88' lang='lat' dir='ltr'><strong>constitutum,</strong></span> <span class='ocrx_word' id='word_1_225' title='bbox 3357 1806 3452 1849; x_wconf 82' lang='lat' dir='ltr'><strong>aut</strong></span> <span class='ocrx_word' id='word_1_226' title='bbox 3496 1812 3529 1850; x_wconf 90' lang='lat' dir='ltr'><strong>e</strong></span> <span class='ocrx_word' id='word_1_227' title='bbox 3586 1813 3872 1853; x_wconf 77' lang='lat' dir='ltr'><strong>converso.</strong></span> <span class='ocrx_word' id='word_1_228' title='bbox 3902 1842 3916 1855; x_wconf 94' lang='lat'><strong>.</strong></span> <span class='ocrx_word' id='word_1_229' title='bbox 3941 1842 3957 1855; x_wconf 93' lang='lat'><strong>.</strong></span> <span class='ocrx_word' id='word_1_230' title='bbox 3990 1804 4057 1856; x_wconf 78' lang='lat' dir='ltr'><strong>At</strong></span> 
     </span>
    </p>
   </div>
   <div class='ocr_carea' id='block_1_33' title="bbox 813 1875 2488 1956">
    <p class='ocr_par' dir='ltr' id='par_1_33' title="bbox 813 1875 2488 1956">
     <span class='ocr_line' id='line_1_33' title="bbox 813 1875 2488 1956; baseline -0.005 -16"><span class='ocrx_word' id='word_1_231' title='bbox 813 1887 977 1941; x_wconf 82' lang='lat' dir='ltr'><strong>Hard.</strong></span> <span class='ocrx_word' id='word_1_232' title='bbox 1003 1887 1095 1948; x_wconf 74' lang='lat' dir='ltr'><strong>IX,</strong></span> <span class='ocrx_word' id='word_1_233' title='bbox 1123 1887 1301 1956; x_wconf 75' lang='lat'><strong>1060),</strong></span> <span class='ocrx_word' id='word_1_234' title='bbox 1331 1887 1589 1954; x_wconf 89' lang='lat' dir='ltr'><strong>quidnam</strong></span> <span class='ocrx_word' id='word_1_235' title='bbox 1625 1887 1695 1940; x_wconf 91' lang='lat' dir='ltr'><strong>sit</strong></span> <span class='ocrx_word' id='word_1_236' title='bbox 1733 1901 1979 1955; x_wconf 72' lang='lat' dir='ltr'><strong>persona:</strong></span> <span class='ocrx_word' id='word_1_237' title='bbox 2020 1885 2195 1940; x_wconf 82' lang='lat' dir='ltr'><strong>Patris</strong></span> <span class='ocrx_word' id='word_1_238' title='bbox 2238 1901 2373 1938; x_wconf 91' lang='lat' dir='ltr'><strong>eon-</strong></span> <span class='ocrx_word' id='word_1_239' title='bbox 2406 1875 2451 1932; x_wconf 83' lang='grc' dir='ltr'><strong><em>Β</em></strong></span> <span class='ocrx_word' id='word_1_240' title='bbox 2480 1895 2488 1932; x_wconf 75' lang='grc' dir='ltr'>ε</span> 
     </span>
    </p>
   </div>
   <div class='ocr_carea' id='block_1_34' title="bbox 2380 1875 4055 1956">
    <p class='ocr_par' dir='ltr' id='par_1_34' title="bbox 2406 1875 4055 1955">
     <span class='ocr_line' id='line_1_34' title="bbox 2406 1875 4055 1955; baseline 0.006 -23"><span class='ocrx_word' id='word_1_241' title='bbox 2406 1875 2451 1932; x_wconf 83' lang='grc' dir='ltr'><strong><em>Β</em></strong></span> <span class='ocrx_word' id='word_1_242' title='bbox 2480 1880 2524 1933; x_wconf 95' lang='lat' dir='ltr'><strong>sl</strong></span> <span class='ocrx_word' id='word_1_243' title='bbox 2551 1880 2611 1933; x_wconf 75' lang='grc' dir='ltr'><strong>τὸ</strong></span> <span class='ocrx_word' id='word_1_244' title='bbox 2645 1882 2966 1950; x_wconf 74' lang='grc' dir='ltr'><strong>προϐάλλειν</strong></span> <span class='ocrx_word' id='word_1_245' title='bbox 3003 1884 3222 1952; x_wconf 90' lang='lat' dir='ltr'><strong>quidem</strong></span> <span class='ocrx_word' id='word_1_246' title='bbox 3253 1886 3553 1947; x_wconf 89' lang='lat' dir='ltr'><strong>constituit,</strong></span> <span class='ocrx_word' id='word_1_247' title='bbox 3590 1888 3651 1939; x_wconf 81' lang='grc' dir='ltr'>τὸ</span> <span class='ocrx_word' id='word_1_248' title='bbox 3688 1892 3887 1955; x_wconf 71' lang='grc' dir='ltr'>γεννᾶν</span> <span class='ocrx_word' id='word_1_249' title='bbox 3930 1909 4055 1947; x_wconf 75' lang='lat' dir='ltr'><strong>vero</strong></span> 
     </span>
    </p>
   </div>
   <div class='ocr_carea' id='block_1_35' title="bbox 811 1976 2379 2049">
    <p class='ocr_par' dir='ltr' id='par_1_35' title="bbox 811 1976 2379 2049">
     <span class='ocr_line' id='line_1_35' title="bbox 811 1976 2379 2049; baseline -0.005 -14"><span class='ocrx_word' id='word_1_250' title='bbox 811 1982 1114 2036; x_wconf 85' lang='lat' dir='ltr'><strong>stitutivum</strong></span> <span class='ocrx_word' id='word_1_251' title='bbox 1164 1980 1236 2049; x_wconf 87' lang='grc' dir='ltr'><strong>(τί</strong></span> <span class='ocrx_word' id='word_1_252' title='bbox 1271 1980 1387 2030; x_wconf 87' lang='grc' dir='ltr'>ποτ’</span> <span class='ocrx_word' id='word_1_253' title='bbox 1422 1979 1571 2030; x_wconf 75' lang='grc' dir='ltr'>ἐστὶν</span> <span class='ocrx_word' id='word_1_254' title='bbox 1621 1979 1755 2031; x_wconf 78' lang='grc' dir='ltr'>ἴδιον</span> <span class='ocrx_word' id='word_1_255' title='bbox 1798 1976 1938 2040; x_wconf 83' lang='grc' dir='ltr'>εἶδος</span> <span class='ocrx_word' id='word_1_256' title='bbox 1980 1979 2041 2029; x_wconf 87' lang='grc' dir='ltr'><strong>τὸ</strong></span> <span class='ocrx_word' id='word_1_257' title='bbox 2086 1978 2379 2046; x_wconf 83' lang='grc' dir='ltr'>πρόσωπον</span> 
     </span>
    </p>
   </div>
   <div class='ocr_carea' id='block_1_36' title="bbox 810 2068 2379 2140">
    <p class='ocr_par' dir='ltr' id='par_1_36' title="bbox 810 2068 2379 2140">
     <span class='ocr_line' id='line_1_36' title="bbox 810 2068 2379 2140; baseline -0.007 -12"><span class='ocrx_word' id='word_1_258' title='bbox 810 2072 976 2128; x_wconf 82' lang='grc' dir='ltr'>αὐτοῦ</span> <span class='ocrx_word' id='word_1_259' title='bbox 1017 2071 1322 2140; x_wconf 80' lang='grc' dir='ltr'><strong>συνιστῶν).</strong></span> <span class='ocrx_word' id='word_1_260' title='bbox 1366 2070 1446 2124; x_wconf 77' lang='lat' dir='ltr'><strong>Ac</strong></span> <span class='ocrx_word' id='word_1_261' title='bbox 1472 2070 1651 2139; x_wconf 88' lang='lat' dir='ltr'><strong>primo</strong></span> <span class='ocrx_word' id='word_1_262' title='bbox 1688 2069 1933 2138; x_wconf 86' lang='lat' dir='ltr'><strong>inquirit,</strong></span> <span class='ocrx_word' id='word_1_263' title='bbox 1970 2079 2149 2121; x_wconf 90' lang='lat' dir='ltr'><strong>utrum</strong></span> <span class='ocrx_word' id='word_1_264' title='bbox 2185 2068 2256 2120; x_wconf 92' lang='lat' dir='ltr'><strong>sit</strong></span> <span class='ocrx_word' id='word_1_265' title='bbox 2288 2068 2379 2118; x_wconf 82' lang='grc' dir='ltr'><strong>τὸν</strong></span> 
     </span>
    </p>
   </div>
   <div class='ocr_carea' id='block_1_37' title="bbox 810 2161 2370 2235">
    <p class='ocr_par' dir='ltr' id='par_1_37' title="bbox 810 2161 2370 2235">
     <span class='ocr_line' id='line_1_37' title="bbox 810 2161 2370 2235; baseline -0.006 -14"><span class='ocrx_word' id='word_1_266' title='bbox 810 2167 1121 2235; x_wconf 81' lang='grc' dir='ltr'><strong>ἀγέννητον.</strong></span> <span class='ocrx_word' id='word_1_267' title='bbox 1150 2165 1215 2219; x_wconf 84' lang='lat' dir='ltr'><strong>At</strong></span> <span class='ocrx_word' id='word_1_268' title='bbox 1245 2181 1351 2217; x_wconf 88' lang='lat' dir='ltr'><strong>non</strong></span> <span class='ocrx_word' id='word_1_269' title='bbox 1382 2164 1617 2227; x_wconf 90' lang='lat' dir='ltr'><strong>videtur,</strong></span> <span class='ocrx_word' id='word_1_270' title='bbox 1643 2163 1853 2231; x_wconf 91' lang='lat' dir='ltr'><strong>inquit;</strong></span> <span class='ocrx_word' id='word_1_271' title='bbox 1886 2163 1987 2215; x_wconf 88' lang='lat' dir='ltr'><strong>hoc</strong></span> <span class='ocrx_word' id='word_1_272' title='bbox 2008 2161 2153 2215; x_wconf 90' lang='lat' dir='ltr'><strong>enim</strong></span> <span class='ocrx_word' id='word_1_273' title='bbox 2177 2168 2259 2214; x_wconf 91' lang='lat' dir='ltr'><strong>est</strong></span> <span class='ocrx_word' id='word_1_274' title='bbox 2278 2173 2370 2212; x_wconf 90' lang='lat' dir='ltr'><strong>ne-</strong></span> 
     </span>
    </p>
   </div>
   <div class='ocr_carea' id='block_1_38' title="bbox 809 2254 2376 2329">
    <p class='ocr_par' dir='ltr' id='par_1_38' title="bbox 809 2254 2376 2329">
     <span class='ocr_line' id='line_1_38' title="bbox 809 2254 2376 2329; baseline -0.006 -18"><span class='ocrx_word' id='word_1_275' title='bbox 809 2260 953 2329; x_wconf 89' lang='lat' dir='ltr'><strong>gatio</strong></span> <span class='ocrx_word' id='word_1_276' title='bbox 981 2256 1301 2327; x_wconf 71' lang='grc' dir='ltr'><strong>[ἀπόφασις]</strong></span> <span class='ocrx_word' id='word_1_277' title='bbox 1326 2273 1340 2319; x_wconf 89' lang='grc'><strong>;</strong></span> <span class='ocrx_word' id='word_1_278' title='bbox 1369 2254 1502 2322; x_wconf 74' lang='lat'><strong>(92&#39;)</strong></span> <span class='ocrx_word' id='word_1_279' title='bbox 1528 2255 1603 2307; x_wconf 90' lang='lat' dir='ltr'><strong>nil</strong></span> <span class='ocrx_word' id='word_1_280' title='bbox 1639 2265 1819 2308; x_wconf 91' lang='lat' dir='ltr'><strong>autem</strong></span> <span class='ocrx_word' id='word_1_281' title='bbox 1845 2270 2035 2307; x_wconf 88' lang='lat' dir='ltr'><strong>eorutn</strong></span> <span class='ocrx_word' id='word_1_282' title='bbox 2069 2268 2190 2322; x_wconf 73' lang='lat' dir='ltr'><strong>qua:</strong></span> <span class='ocrx_word' id='word_1_283' title='bbox 2227 2261 2376 2317; x_wconf 89' lang='lat' dir='ltr'><strong>sunt,</strong></span> 
     </span>
    </p>
   </div>
   <div class='ocr_carea' id='block_1_39' title="bbox 811 2345 2381 2419">
    <p class='ocr_par' dir='ltr' id='par_1_39' title="bbox 811 2345 2381 2419">
     <span class='ocr_line' id='line_1_39' title="bbox 811 2345 2381 2419; baseline -0.007 -12"><span class='ocrx_word' id='word_1_284' title='bbox 811 2352 1108 2407; x_wconf 89' lang='lat' dir='ltr'><strong>secundum</strong></span> <span class='ocrx_word' id='word_1_285' title='bbox 1132 2351 1470 2419; x_wconf 81' lang='lat' dir='ltr'><strong>negationem</strong></span> <span class='ocrx_word' id='word_1_286' title='bbox 1492 2352 1594 2402; x_wconf 88' lang='lat' dir='ltr'><strong>hoc</strong></span> <span class='ocrx_word' id='word_1_287' title='bbox 1616 2348 1817 2417; x_wconf 89' lang='lat' dir='ltr'><strong>aliquid</strong></span> <span class='ocrx_word' id='word_1_288' title='bbox 1836 2356 1936 2401; x_wconf 89' lang='lat' dir='ltr'><strong>est.</strong></span> <span class='ocrx_word' id='word_1_289' title='bbox 1958 2347 2073 2399; x_wconf 89' lang='lat' dir='ltr'><strong>lmo</strong></span> <span class='ocrx_word' id='word_1_290' title='bbox 2094 2345 2381 2399; x_wconf 86' lang='lat' dir='ltr'><strong>innaseibi-</strong></span> 
     </span>
    </p>
   </div>
   <div class='ocr_carea' id='block_1_40' title="bbox 814 2437 2381 2512">
    <p class='ocr_par' dir='ltr' id='par_1_40' title="bbox 814 2437 2381 2512">
     <span class='ocr_line' id='line_1_40' title="bbox 814 2437 2381 2512; baseline -0.006 -15"><span class='ocrx_word' id='word_1_291' title='bbox 814 2445 935 2498; x_wconf 87' lang='lat' dir='ltr'><strong>litas</strong></span> <span class='ocrx_word' id='word_1_292' title='bbox 968 2460 1077 2496; x_wconf 90' lang='lat' dir='ltr'><strong>non</strong></span> <span class='ocrx_word' id='word_1_293' title='bbox 1120 2440 1269 2512; x_wconf 74' lang='lat'><strong>[295]</strong></span> <span class='ocrx_word' id='word_1_294' title='bbox 1313 2451 1397 2495; x_wconf 90' lang='lat' dir='ltr'><strong>est</strong></span> <span class='ocrx_word' id='word_1_295' title='bbox 1440 2441 1543 2494; x_wconf 90' lang='lat' dir='ltr'><strong>nisi</strong></span> <span class='ocrx_word' id='word_1_296' title='bbox 1602 2441 1927 2509; x_wconf 83' lang='lat' dir='ltr'><strong>proprietas,</strong></span> <span class='ocrx_word' id='word_1_297' title='bbox 1967 2454 2089 2507; x_wconf 66' lang='lat' dir='ltr'><strong>quae</strong></span> <span class='ocrx_word' id='word_1_298' title='bbox 2134 2437 2381 2505; x_wconf 88' lang='lat' dir='ltr'><strong>sequitur</strong></span> 
     </span>
    </p>
   </div>
   <div class='ocr_carea' id='block_1_41' title="bbox 806 2528 2381 2605">
    <p class='ocr_par' dir='ltr' id='par_1_41' title="bbox 806 2528 2381 2605">
     <span class='ocr_line' id='line_1_41' title="bbox 806 2528 2381 2605; baseline -0.007 -15"><span class='ocrx_word' id='word_1_299' title='bbox 806 2537 917 2605; x_wconf 87' lang='lat' dir='ltr'><strong>jam</strong></span> <span class='ocrx_word' id='word_1_300' title='bbox 964 2535 1312 2589; x_wconf 89' lang='lat' dir='ltr'><strong>constitutam</strong></span> <span class='ocrx_word' id='word_1_301' title='bbox 1354 2534 1469 2602; x_wconf 87' lang='lat' dir='ltr'><strong>ejus</strong></span> <span class='ocrx_word' id='word_1_302' title='bbox 1504 2547 1789 2601; x_wconf 87' lang='lat' dir='ltr'><strong>personam</strong></span> <span class='ocrx_word' id='word_1_303' title='bbox 1840 2532 2064 2599; x_wconf 80' lang='grc' dir='ltr'><strong>(ἰδίωμα</strong></span> <span class='ocrx_word' id='word_1_304' title='bbox 2113 2528 2381 2596; x_wconf 80' lang='grc' dir='ltr'><strong>ἑπόμενον</strong></span> 
     </span>
    </p>
   </div>
   <div class='ocr_carea' id='block_1_42' title="bbox 812 2621 2380 2694">
    <p class='ocr_par' dir='ltr' id='par_1_42' title="bbox 812 2621 2380 2694">
     <span class='ocr_line' id='line_1_42' title="bbox 812 2621 2380 2694; baseline -0.006 -14"><span class='ocrx_word' id='word_1_305' title='bbox 812 2629 1067 2681; x_wconf 76' lang='grc' dir='ltr'><strong>συστάντι</strong></span> <span class='ocrx_word' id='word_1_306' title='bbox 1092 2626 1170 2694; x_wconf 78' lang='grc' dir='ltr'><strong>τῷ</strong></span> <span class='ocrx_word' id='word_1_307' title='bbox 1191 2624 1468 2693; x_wconf 83' lang='grc' dir='ltr'>προσώπῳ</span> <span class='ocrx_word' id='word_1_308' title='bbox 1486 2624 1697 2691; x_wconf 78' lang='grc' dir='ltr'>αὑτοῦ).</span> <span class='ocrx_word' id='word_1_309' title='bbox 1729 2623 1980 2675; x_wconf 81' lang='lat' dir='ltr'><strong>Secundo</strong></span> <span class='ocrx_word' id='word_1_310' title='bbox 2001 2621 2289 2690; x_wconf 88' lang='lat' dir='ltr'><strong>disceptat,</strong></span> <span class='ocrx_word' id='word_1_311' title='bbox 2312 2635 2380 2673; x_wconf 92' lang='lat' dir='ltr'><strong>an</strong></span> 
     </span>
    </p>
   </div>
   <div class='ocr_carea' id='block_1_43' title="bbox 811 2713 2377 2785">
    <p class='ocr_par' dir='ltr' id='par_1_43' title="bbox 811 2713 2377 2785">
     <span class='ocr_line' id='line_1_43' title="bbox 811 2713 2377 2785; baseline -0.006 -11"><span class='ocrx_word' id='word_1_312' title='bbox 811 2721 881 2774; x_wconf 85' lang='lat' dir='ltr'><strong>sit</strong></span> <span class='ocrx_word' id='word_1_313' title='bbox 907 2720 968 2771; x_wconf 76' lang='grc' dir='ltr'><strong>τὸ</strong></span> <span class='ocrx_word' id='word_1_314' title='bbox 989 2720 1178 2782; x_wconf 78' lang='grc' dir='ltr'><strong>αἴτιον,</strong></span> <span class='ocrx_word' id='word_1_315' title='bbox 1198 2719 1301 2771; x_wconf 89' lang='lat' dir='ltr'><strong>hoc</strong></span> <span class='ocrx_word' id='word_1_316' title='bbox 1319 2716 1463 2785; x_wconf 87' lang='lat' dir='ltr'><strong>quod</strong></span> <span class='ocrx_word' id='word_1_317' title='bbox 1482 2716 1683 2769; x_wconf 91' lang='lat' dir='ltr'><strong>dicitur</strong></span> <span class='ocrx_word' id='word_1_318' title='bbox 1698 2732 1859 2769; x_wconf 86' lang='lat' dir='ltr'><strong>causa</strong></span> <span class='ocrx_word' id='word_1_319' title='bbox 1884 2718 2001 2767; x_wconf 83' lang='lat' dir='ltr'><strong>sive</strong></span> <span class='ocrx_word' id='word_1_320' title='bbox 2027 2713 2377 2783; x_wconf 88' lang='lat' dir='ltr'><strong>principium.</strong></span> 
     </span>
    </p>
   </div>
   <div class='ocr_carea' id='block_1_44' title="bbox 813 2805 2384 2878">
    <p class='ocr_par' dir='ltr' id='par_1_44' title="bbox 813 2805 2384 2878">
     <span class='ocr_line' id='line_1_44' title="bbox 813 2805 2384 2878; baseline -0.005 -15"><span class='ocrx_word' id='word_1_321' title='bbox 813 2809 997 2878; x_wconf 79' lang='lat' dir='ltr'><strong>Neque</strong></span> <span class='ocrx_word' id='word_1_322' title='bbox 1029 2810 1131 2861; x_wconf 91' lang='lat' dir='ltr'><strong>hoc</strong></span> <span class='ocrx_word' id='word_1_323' title='bbox 1157 2807 1571 2861; x_wconf 90' lang='lat' dir='ltr'><strong>admittendum.</strong></span> <span class='ocrx_word' id='word_1_324' title='bbox 1611 2805 1741 2858; x_wconf 82' lang='lat' dir='ltr'><strong>Nam</strong></span> <span class='ocrx_word' id='word_1_325' title='bbox 1784 2807 1828 2859; x_wconf 90' lang='lat' dir='ltr'><strong>si</strong></span> <span class='ocrx_word' id='word_1_326' title='bbox 1863 2806 1966 2858; x_wconf 90' lang='lat' dir='ltr'><strong>hoc</strong></span> <span class='ocrx_word' id='word_1_327' title='bbox 1994 2815 2141 2859; x_wconf 80' lang='lat' dir='ltr'><strong>esset</strong></span> <span class='ocrx_word' id='word_1_328' title='bbox 2172 2806 2384 2859; x_wconf 90' lang='lat' dir='ltr'><strong>consti-</strong></span> 
     </span>
    </p>
   </div>
   <div class='ocr_carea' id='block_1_45' title="bbox 810 2897 2379 2968">
    <p class='ocr_par' dir='ltr' id='par_1_45' title="bbox 810 2897 2379 2968">
     <span class='ocr_line' id='line_1_45' title="bbox 810 2897 2379 2968; baseline -0.003 -13"><span class='ocrx_word' id='word_1_329' title='bbox 810 2902 979 2956; x_wconf 89' lang='lat' dir='ltr'><strong>tutiva</strong></span> <span class='ocrx_word' id='word_1_330' title='bbox 1029 2902 1149 2968; x_wconf 85' lang='lat' dir='ltr'><strong>ejus</strong></span> <span class='ocrx_word' id='word_1_331' title='bbox 1194 2901 1403 2961; x_wconf 76' lang='lat' dir='ltr'><strong>forma,</strong></span> <span class='ocrx_word' id='word_1_332' title='bbox 1437 2914 1601 2952; x_wconf 85' lang='lat' dir='ltr'><strong>causa</strong></span> <span class='ocrx_word' id='word_1_333' title='bbox 1646 2914 1741 2952; x_wconf 88' lang='lat' dir='ltr'><strong>seu</strong></span> <span class='ocrx_word' id='word_1_334' title='bbox 1788 2899 2140 2966; x_wconf 88' lang='lat' dir='ltr'><strong>principimn,</strong></span> <span class='ocrx_word' id='word_1_335' title='bbox 2186 2897 2379 2960; x_wconf 72' lang='grc' dir='ltr'><strong>αἴτιος,</strong></span> 
     </span>
    </p>
   </div>
   <div class='ocr_carea' id='block_1_46' title="bbox 813 2990 2381 3064">
    <p class='ocr_par' dir='ltr' id='par_1_46' title="bbox 813 2990 2381 3064">
     <span class='ocr_line' id='line_1_46' title="bbox 813 2990 2381 3064; baseline -0.003 -17"><span class='ocrx_word' id='word_1_336' title='bbox 813 2994 992 3064; x_wconf 89' lang='lat' dir='ltr'><strong>potius</strong></span> <span class='ocrx_word' id='word_1_337' title='bbox 1023 2994 1291 3046; x_wconf 81' lang='lat' dir='ltr'><strong>diceretur</strong></span> <span class='ocrx_word' id='word_1_338' title='bbox 1325 3007 1487 3061; x_wconf 90' lang='lat' dir='ltr'><strong>quam</strong></span> <span class='ocrx_word' id='word_1_339' title='bbox 1532 2991 1723 3052; x_wconf 83' lang='lat' dir='ltr'><strong>Pater;</strong></span> <span class='ocrx_word' id='word_1_340' title='bbox 1759 2997 1816 3042; x_wconf 90' lang='lat' dir='ltr'><strong>at</strong></span> <span class='ocrx_word' id='word_1_341' title='bbox 1848 2990 1918 3043; x_wconf 82' lang='lat' dir='ltr'><strong>ab</strong></span> <span class='ocrx_word' id='word_1_342' title='bbox 1974 2990 2230 3043; x_wconf 91' lang='lat' dir='ltr'><strong>omnibus</strong></span> <span class='ocrx_word' id='word_1_343' title='bbox 2285 2991 2381 3043; x_wconf 86' lang='lat' dir='ltr'><strong>do-</strong></span> 
     </span>
    </p>
   </div>
   <div class='ocr_carea' id='block_1_47' title="bbox 813 3081 2383 3140">
    <p class='ocr_par' dir='ltr' id='par_1_47' title="bbox 813 3081 2383 3140">
     <span class='ocr_line' id='line_1_47' title="bbox 813 3081 2383 3140; baseline -0.002 -1"><span class='ocrx_word' id='word_1_344' title='bbox 813 3087 1056 3140; x_wconf 83' lang='lat' dir='ltr'><strong>ctoribus</strong></span> <span class='ocrx_word' id='word_1_345' title='bbox 1087 3086 1448 3139; x_wconf 82' lang='lat' dir='ltr'><strong>communiter</strong></span> <span class='ocrx_word' id='word_1_346' title='bbox 1480 3084 1638 3136; x_wconf 87' lang='lat' dir='ltr'><strong>Pater</strong></span> <span class='ocrx_word' id='word_1_347' title='bbox 1662 3084 1997 3135; x_wconf 90' lang='lat' dir='ltr'><strong>nominatur.</strong></span> <span class='ocrx_word' id='word_1_348' title='bbox 2020 3081 2283 3137; x_wconf 72' lang='lat' dir='ltr'><strong>Prazterea</strong></span> <span class='ocrx_word' id='word_1_349' title='bbox 2302 3084 2383 3136; x_wconf 90' lang='lat' dir='ltr'><strong>sic</strong></span> 
     </span>
    </p>
   </div>
   <div class='ocr_carea' id='block_1_48' title="bbox 813 3172 2379 3243">
    <p class='ocr_par' dir='ltr' id='par_1_48' title="bbox 813 3172 2379 3243">
     <span class='ocr_line' id='line_1_48' title="bbox 813 3172 2379 3243; baseline -0.003 -13"><span class='ocrx_word' id='word_1_350' title='bbox 813 3192 920 3230; x_wconf 92' lang='lat' dir='ltr'><strong>non</strong></span> <span class='ocrx_word' id='word_1_351' title='bbox 969 3175 1110 3229; x_wconf 88' lang='lat' dir='ltr'><strong>reale</strong></span> <span class='ocrx_word' id='word_1_352' title='bbox 1168 3175 1484 3243; x_wconf 84' lang='lat' dir='ltr'><strong>quidquam,</strong></span> <span class='ocrx_word' id='word_1_353' title='bbox 1542 3174 1637 3227; x_wconf 90' lang='lat' dir='ltr'><strong>sed</strong></span> <span class='ocrx_word' id='word_1_354' title='bbox 1690 3173 1863 3227; x_wconf 89' lang='lat' dir='ltr'><strong>ideale</strong></span> <span class='ocrx_word' id='word_1_355' title='bbox 1896 3172 2164 3240; x_wconf 88' lang='lat' dir='ltr'><strong>quoddam</strong></span> <span class='ocrx_word' id='word_1_356' title='bbox 2221 3172 2379 3231; x_wconf 86' lang='lat' dir='ltr'><strong>foret.</strong></span> 
     </span>
    </p>
   </div>
   <div class='ocr_carea' id='block_1_49' title="bbox 812 3262 2379 3338">
    <p class='ocr_par' dir='ltr' id='par_1_49' title="bbox 812 3262 2379 3338">
     <span class='ocr_line' id='line_1_49' title="bbox 812 3262 2379 3338; baseline -0.004 -18"><span class='ocrx_word' id='word_1_357' title='bbox 812 3268 1008 3338; x_wconf 78' lang='grc' dir='ltr'><strong>νόημα,</strong></span> <span class='ocrx_word' id='word_1_358' title='bbox 1060 3282 1167 3319; x_wconf 88' lang='lat' dir='ltr'><strong>non</strong></span> <span class='ocrx_word' id='word_1_359' title='bbox 1217 3267 1484 3336; x_wconf 75' lang='grc' dir='ltr'><strong>πρᾶγμα·</strong></span> <span class='ocrx_word' id='word_1_360' title='bbox 1520 3264 1972 3317; x_wconf 86' lang='lat' dir='ltr'><strong>commuuicabile</strong></span> <span class='ocrx_word' id='word_1_361' title='bbox 2033 3271 2204 3325; x_wconf 81' lang='lat' dir='ltr'><strong>esset,</strong></span> <span class='ocrx_word' id='word_1_362' title='bbox 2250 3262 2379 3315; x_wconf 91' lang='lat' dir='ltr'><strong>dum</strong></span> 
     </span>
    </p>
   </div>
   <div class='ocr_carea' id='block_1_50' title="bbox 814 3357 2382 3413">
    <p class='ocr_par' dir='ltr' id='par_1_50' title="bbox 814 3357 2382 3413">
     <span class='ocr_line' id='line_1_50' title="bbox 814 3357 2382 3413; baseline -0.003 0"><span class='ocrx_word' id='word_1_363' title='bbox 814 3370 992 3413; x_wconf 88' lang='lat' dir='ltr'><strong>tamen</strong></span> <span class='ocrx_word' id='word_1_364' title='bbox 1034 3358 1482 3411; x_wconf 89' lang='lat' dir='ltr'><strong>comnmuicabile</strong></span> <span class='ocrx_word' id='word_1_365' title='bbox 1517 3359 1649 3410; x_wconf 92' lang='lat' dir='ltr'><strong>nulli</strong></span> <span class='ocrx_word' id='word_1_366' title='bbox 1682 3359 1775 3411; x_wconf 87' lang='lat' dir='ltr'><strong>dat</strong></span> <span class='ocrx_word' id='word_1_367' title='bbox 1806 3357 2104 3411; x_wconf 88' lang='lat' dir='ltr'><strong>formalilcr</strong></span> <span class='ocrx_word' id='word_1_368' title='bbox 2142 3372 2265 3410; x_wconf 85' lang='lat' dir='ltr'><strong>esse</strong></span> <span class='ocrx_word' id='word_1_369' title='bbox 2296 3358 2382 3409; x_wconf 86' lang='lat' dir='ltr'><strong>in-</strong></span> 
     </span>
    </p>
   </div>
   <div class='ocr_carea' id='block_1_51' title="bbox 814 3448 2383 3518">
    <p class='ocr_par' dir='ltr' id='par_1_51' title="bbox 814 3448 2383 3518">
     <span class='ocr_line' id='line_1_51' title="bbox 814 3448 2383 3518; baseline -0.002 -13"><span class='ocrx_word' id='word_1_370' title='bbox 814 3452 1285 3515; x_wconf 89' lang='lat' dir='ltr'><strong>communicabile,</strong></span> <span class='ocrx_word' id='word_1_371' title='bbox 1322 3452 1466 3518; x_wconf 86' lang='lat' dir='ltr'><strong>quod</strong></span> <span class='ocrx_word' id='word_1_372' title='bbox 1501 3451 1629 3503; x_wconf 86' lang='lat' dir='ltr'><strong>facit</strong></span> <span class='ocrx_word' id='word_1_373' title='bbox 1661 3464 1789 3518; x_wconf 87' lang='lat' dir='ltr'><strong>erga</strong></span> <span class='ocrx_word' id='word_1_374' title='bbox 1838 3464 2123 3518; x_wconf 89' lang='lat' dir='ltr'><strong>personam</strong></span> <span class='ocrx_word' id='word_1_375' title='bbox 2157 3448 2383 3502; x_wconf 86' lang='lat' dir='ltr'><strong>formale</strong></span> 
     </span>
    </p>
   </div>
   <div class='ocr_carea' id='block_1_52' title="bbox 815 3541 2376 3613">
    <p class='ocr_par' dir='ltr' id='par_1_52' title="bbox 815 3541 2376 3613">
     <span class='ocr_line' id='line_1_52' title="bbox 815 3541 2376 3613; baseline -0.003 -16"><span class='ocrx_word' id='word_1_376' title='bbox 815 3544 985 3613; x_wconf 88' lang='lat' dir='ltr'><strong>ipsius</strong></span> <span class='ocrx_word' id='word_1_377' title='bbox 1020 3544 1429 3597; x_wconf 74' lang='lat' dir='ltr'><strong>constitutivum</strong></span> <span class='ocrx_word' id='word_1_378' title='bbox 1464 3544 1599 3610; x_wconf 80' lang='lat'><strong>(95).</strong></span> <span class='ocrx_word' id='word_1_379' title='bbox 1634 3541 1817 3595; x_wconf 82' lang='lat' dir='ltr'><strong>Restat</strong></span> <span class='ocrx_word' id='word_1_380' title='bbox 1852 3544 2034 3611; x_wconf 83' lang='lat' dir='ltr'><strong>igitur,</strong></span> <span class='ocrx_word' id='word_1_381' title='bbox 2070 3552 2163 3594; x_wconf 90' lang='lat' dir='ltr'><strong>aut</strong></span> <span class='ocrx_word' id='word_1_382' title='bbox 2195 3551 2376 3611; x_wconf 88' lang='lat' dir='ltr'><strong>pater-</strong></span> 
     </span>
    </p>
   </div>
   <div class='ocr_carea' id='block_1_53' title="bbox 814 3633 2378 3704">
    <p class='ocr_par' dir='ltr' id='par_1_53' title="bbox 814 3633 2378 3704">
     <span class='ocr_line' id='line_1_53' title="bbox 814 3633 2378 3704; baseline -0.003 -17"><span class='ocrx_word' id='word_1_383' title='bbox 814 3636 1035 3688; x_wconf 83' lang='lat' dir='ltr'><strong>nitatcm</strong></span> <span class='ocrx_word' id='word_1_384' title='bbox 1055 3636 1219 3687; x_wconf 89' lang='lat' dir='ltr'><strong>solam</strong></span> <span class='ocrx_word' id='word_1_385' title='bbox 1243 3644 1335 3687; x_wconf 87' lang='lat' dir='ltr'><strong>aut</strong></span> <span class='ocrx_word' id='word_1_386' title='bbox 1357 3636 1707 3703; x_wconf 86' lang='lat' dir='ltr'><strong>spirationem</strong></span> <span class='ocrx_word' id='word_1_387' title='bbox 1731 3634 1851 3704; x_wconf 82' lang='grc' dir='ltr'><strong>(τὴν</strong></span> <span class='ocrx_word' id='word_1_388' title='bbox 1872 3633 2163 3702; x_wconf 77' lang='grc' dir='ltr'>προϐολὴν)</span> <span class='ocrx_word' id='word_1_389' title='bbox 2188 3634 2378 3692; x_wconf 87' lang='lat' dir='ltr'><strong>solam,</strong></span> 
     </span>
    </p>
   </div>
   <div class='ocr_carea' id='block_1_54' title="bbox 814 3723 2379 3791">
    <p class='ocr_par' dir='ltr' id='par_1_54' title="bbox 814 3723 2379 3791">
     <span class='ocr_line' id='line_1_54' title="bbox 814 3723 2379 3791; baseline 0.001 -17"><span class='ocrx_word' id='word_1_390' title='bbox 814 3730 907 3775; x_wconf 87' lang='lat' dir='ltr'><strong>aut</strong></span> <span class='ocrx_word' id='word_1_391' title='bbox 926 3723 1114 3775; x_wconf 87' lang='lat' dir='ltr'><strong>ambas</strong></span> <span class='ocrx_word' id='word_1_392' title='bbox 1138 3737 1259 3775; x_wconf 83' lang='lat' dir='ltr'><strong>esse</strong></span> <span class='ocrx_word' id='word_1_393' title='bbox 1289 3724 1700 3775; x_wconf 86' lang='lat' dir='ltr'><strong>constitutivum</strong></span> <span class='ocrx_word' id='word_1_394' title='bbox 1723 3738 1968 3791; x_wconf 61' lang='lat' dir='ltr'><strong>personae</strong></span> <span class='ocrx_word' id='word_1_395' title='bbox 1993 3733 2247 3791; x_wconf 62' lang='lat' dir='ltr'><strong>paternae.</strong></span> <span class='ocrx_word' id='word_1_396' title='bbox 2274 3723 2379 3775; x_wconf 72' lang='lat' dir='ltr'><strong>Sed</strong></span> 
     </span>
    </p>
   </div>
   <div class='ocr_carea' id='block_1_55' title="bbox 815 3814 2379 3883">
    <p class='ocr_par' dir='ltr' id='par_1_55' title="bbox 815 3814 2379 3883">
     <span class='ocr_line' id='line_1_55' title="bbox 815 3814 2379 3883; baseline 0.001 -18"><span class='ocrx_word' id='word_1_397' title='bbox 815 3814 1081 3882; x_wconf 79' lang='lat' dir='ltr'><strong>imprimis</strong></span> <span class='ocrx_word' id='word_1_398' title='bbox 1100 3814 1316 3866; x_wconf 88' lang='lat' dir='ltr'><strong>tertium</strong></span> <span class='ocrx_word' id='word_1_399' title='bbox 1348 3824 1433 3867; x_wconf 85' lang='lat' dir='ltr'><strong>est</strong></span> <span class='ocrx_word' id='word_1_400' title='bbox 1454 3814 1805 3883; x_wconf 86' lang='lat' dir='ltr'><strong>impossibile,</strong></span> <span class='ocrx_word' id='word_1_401' title='bbox 1826 3816 1942 3868; x_wconf 86' lang='lat' dir='ltr'><strong>sive</strong></span> <span class='ocrx_word' id='word_1_402' title='bbox 1970 3816 2015 3882; x_wconf 87' lang='grc' dir='ltr'><strong>Ι)</strong></span> <span class='ocrx_word' id='word_1_403' title='bbox 2047 3816 2115 3867; x_wconf 90' lang='lat' dir='ltr'><strong>ita</strong></span> <span class='ocrx_word' id='word_1_404' title='bbox 2137 3815 2379 3883; x_wconf 70' lang='lat' dir='ltr'><strong>cont-ipi-</strong></span> 
     </span>
    </p>
   </div>
   <div class='ocr_carea' id='block_1_56' title="bbox 814 3907 2378 3975">
    <p class='ocr_par' dir='ltr' id='par_1_56' title="bbox 814 3907 2378 3975">
     <span class='ocr_line' id='line_1_56' title="bbox 814 3907 2378 3975; baseline -0.001 -18"><span class='ocrx_word' id='word_1_405' title='bbox 814 3913 921 3966; x_wconf 90' lang='lat' dir='ltr'><strong>tur,</strong></span> <span class='ocrx_word' id='word_1_406' title='bbox 953 3914 1009 3957; x_wconf 88' lang='grc' dir='ltr'><strong>ιιι</strong></span> <span class='ocrx_word' id='word_1_407' title='bbox 1042 3921 1135 3972; x_wconf 89' lang='lat' dir='ltr'><strong>per</strong></span> <span class='ocrx_word' id='word_1_408' title='bbox 1157 3921 1214 3957; x_wconf 89' lang='lat' dir='ltr'><strong>se</strong></span> <span class='ocrx_word' id='word_1_409' title='bbox 1247 3915 1474 3973; x_wconf 90' lang='lat' dir='ltr'><strong>utraque</strong></span> <span class='ocrx_word' id='word_1_410' title='bbox 1505 3907 1836 3959; x_wconf 89' lang='lat' dir='ltr'><strong>constituere</strong></span> <span class='ocrx_word' id='word_1_411' title='bbox 1874 3907 2065 3975; x_wconf 87' lang='lat' dir='ltr'><strong>possit.</strong></span> <span class='ocrx_word' id='word_1_412' title='bbox 2092 3908 2207 3959; x_wconf 84' lang='lat' dir='ltr'><strong>sive</strong></span> <span class='ocrx_word' id='word_1_413' title='bbox 2231 3907 2301 3959; x_wconf 91' lang='lat' dir='ltr'><strong>ila</strong></span> <span class='ocrx_word' id='word_1_414' title='bbox 2323 3908 2378 3975; x_wconf 68' lang='lat'><strong>2)</strong></span> 
     </span>
    </p>
   </div>
   <div class='ocr_carea' id='block_1_57' title="bbox 813 4000 2380 4068">
    <p class='ocr_par' dir='ltr' id='par_1_57' title="bbox 813 4000 2380 4068">
     <span class='ocr_line' id='line_1_57' title="bbox 813 4000 2380 4068; baseline 0.002 -18"><span class='ocrx_word' id='word_1_415' title='bbox 813 4008 873 4051; x_wconf 91' lang='lat' dir='ltr'><strong>nt</strong></span> <span class='ocrx_word' id='word_1_416' title='bbox 912 4000 1122 4053; x_wconf 86' lang='lat' dir='ltr'><strong>nonnisi</strong></span> <span class='ocrx_word' id='word_1_417' title='bbox 1148 4001 1319 4053; x_wconf 83' lang='lat' dir='ltr'><strong>amb:e</strong></span> <span class='ocrx_word' id='word_1_418' title='bbox 1360 4001 1520 4053; x_wconf 89' lang='lat' dir='ltr'><strong>simul</strong></span> <span class='ocrx_word' id='word_1_419' title='bbox 1555 4002 1606 4052; x_wconf 92' lang='lat' dir='ltr'><strong>id</strong></span> <span class='ocrx_word' id='word_1_420' title='bbox 1634 4002 1865 4054; x_wconf 87' lang='lat' dir='ltr'><strong>valeant.</strong></span> <span class='ocrx_word' id='word_1_421' title='bbox 1905 4001 2037 4053; x_wconf 82' lang='lat' dir='ltr'><strong>Nam</strong></span> <span class='ocrx_word' id='word_1_422' title='bbox 2068 4001 2112 4053; x_wconf 91' lang='lat' dir='ltr'><strong>si</strong></span> <span class='ocrx_word' id='word_1_423' title='bbox 2150 4010 2380 4068; x_wconf 91' lang='lat' dir='ltr'><strong>utraque</strong></span> 
     </span>
    </p>
   </div>
   <div class='ocr_carea' id='block_1_58' title="bbox 813 4092 2380 4162">
    <p class='ocr_par' dir='ltr' id='par_1_58' title="bbox 813 4092 2380 4162">
     <span class='ocr_line' id='line_1_58' title="bbox 813 4092 2380 4162; baseline 0.004 -21"><span class='ocrx_word' id='word_1_424' title='bbox 813 4099 942 4142; x_wconf 88' lang='lat' dir='ltr'><strong>nota</strong></span> <span class='ocrx_word' id='word_1_425' title='bbox 993 4106 1088 4159; x_wconf 84' lang='lat' dir='ltr'><strong>per</strong></span> <span class='ocrx_word' id='word_1_426' title='bbox 1122 4106 1181 4144; x_wconf 91' lang='lat' dir='ltr'><strong>se</strong></span> <span class='ocrx_word' id='word_1_427' title='bbox 1231 4092 1383 4162; x_wconf 68' lang='grc' dir='ltr'><strong>(ἰδίᾳ)</strong></span> <span class='ocrx_word' id='word_1_428' title='bbox 1432 4093 1796 4158; x_wconf 91' lang='lat' dir='ltr'><strong>constituerit,</strong></span> <span class='ocrx_word' id='word_1_429' title='bbox 1852 4094 1962 4162; x_wconf 90' lang='lat' dir='ltr'><strong>jam</strong></span> <span class='ocrx_word' id='word_1_430' title='bbox 2013 4094 2148 4148; x_wconf 92' lang='lat' dir='ltr'><strong>duas</strong></span> <span class='ocrx_word' id='word_1_431' title='bbox 2180 4095 2380 4149; x_wconf 89' lang='lat' dir='ltr'><strong>formas</strong></span> 
     </span>
    </p>
   </div>
   <div class='ocr_carea' id='block_1_59' title="bbox 814 4180 2379 4255">
    <p class='ocr_par' dir='ltr' id='par_1_59' title="bbox 814 4180 2379 4255">
     <span class='ocr_line' id='line_1_59' title="bbox 814 4180 2379 4255; baseline 0.005 -23"><span class='ocrx_word' id='word_1_432' title='bbox 814 4180 927 4247; x_wconf 78' lang='grc' dir='ltr'><strong>(δύο</strong></span> <span class='ocrx_word' id='word_1_433' title='bbox 954 4182 1092 4249; x_wconf 80' lang='grc' dir='ltr'><strong>εἴδη)</strong></span> <span class='ocrx_word' id='word_1_434' title='bbox 1134 4182 1290 4236; x_wconf 88' lang='lat' dir='ltr'><strong>Pater</strong></span> <span class='ocrx_word' id='word_1_435' title='bbox 1322 4182 1565 4247; x_wconf 85' lang='lat' dir='ltr'><strong>haberet,</strong></span> <span class='ocrx_word' id='word_1_436' title='bbox 1597 4195 1653 4239; x_wconf 90' lang='lat' dir='ltr'><strong>et</strong></span> <span class='ocrx_word' id='word_1_437' title='bbox 1672 4195 2070 4254; x_wconf 86' lang='lat' dir='ltr'><strong>consequenter</strong></span> <span class='ocrx_word' id='word_1_438' title='bbox 2100 4188 2221 4240; x_wconf 66' lang='lat' dir='ltr'><strong>duae</strong></span> <span class='ocrx_word' id='word_1_439' title='bbox 2255 4202 2379 4255; x_wconf 88' lang='lat' dir='ltr'><strong>per-</strong></span> 
     </span>
    </p>
   </div>
   <div class='ocr_carea' id='block_1_60' title="bbox 813 4277 2376 4344">
    <p class='ocr_par' dir='ltr' id='par_1_60' title="bbox 813 4277 2376 4344">
     <span class='ocr_line' id='line_1_60' title="bbox 813 4277 2376 4344; baseline 0.006 -21"><span class='ocrx_word' id='word_1_440' title='bbox 813 4287 957 4325; x_wconf 71' lang='lat' dir='ltr'><strong>sonae</strong></span> <span class='ocrx_word' id='word_1_441' title='bbox 979 4282 1144 4336; x_wconf 87' lang='lat' dir='ltr'><strong>esset,</strong></span> <span class='ocrx_word' id='word_1_442' title='bbox 1167 4283 1221 4327; x_wconf 89' lang='lat' dir='ltr'><strong>et</strong></span> <span class='ocrx_word' id='word_1_443' title='bbox 1245 4277 1378 4327; x_wconf 85' lang='lat' dir='ltr'><strong>duas</strong></span> <span class='ocrx_word' id='word_1_444' title='bbox 1405 4292 1663 4344; x_wconf 90' lang='lat' dir='ltr'><strong>personas</strong></span> <span class='ocrx_word' id='word_1_445' title='bbox 1690 4288 1745 4330; x_wconf 92' lang='lat' dir='ltr'><strong>et</strong></span> <span class='ocrx_word' id='word_1_446' title='bbox 1773 4277 1906 4330; x_wconf 91' lang='lat' dir='ltr'><strong>duas</strong></span> <span class='ocrx_word' id='word_1_447' title='bbox 1927 4277 2125 4332; x_wconf 87' lang='lat' dir='ltr'><strong>formas</strong></span> <span class='ocrx_word' id='word_1_448' title='bbox 2149 4279 2376 4333; x_wconf 88' lang='lat' dir='ltr'><strong>habens.</strong></span> 
     </span>
    </p>
   </div>
   <div class='ocr_carea' id='block_1_61' title="bbox 820 4364 2379 4440">
    <p class='ocr_par' dir='ltr' id='par_1_61' title="bbox 820 4364 2379 4440">
     <span class='ocr_line' id='line_1_61' title="bbox 820 4364 2379 4440; baseline 0.007 -26"><span class='ocrx_word' id='word_1_449' title='bbox 820 4382 838 4414; x_wconf 84' lang='grc' dir='ltr'><strong>ι</strong></span> <span class='ocrx_word' id='word_1_450' title='bbox 868 4364 1001 4416; x_wconf 89' lang='lat' dir='ltr'><strong>Cum</strong></span> <span class='ocrx_word' id='word_1_451' title='bbox 1024 4366 1168 4417; x_wconf 90' lang='lat' dir='ltr'><strong>enim</strong></span> <span class='ocrx_word' id='word_1_452' title='bbox 1202 4366 1303 4419; x_wconf 64' lang='lat' dir='ltr'><strong>illae</strong></span> <span class='ocrx_word' id='word_1_453' title='bbox 1334 4368 1442 4420; x_wconf 91' lang='lat' dir='ltr'><strong>sint</strong></span> <span class='ocrx_word' id='word_1_454' title='bbox 1474 4369 1713 4423; x_wconf 87' lang='lat' dir='ltr'><strong>rationes</strong></span> <span class='ocrx_word' id='word_1_455' title='bbox 1735 4370 2023 4433; x_wconf 60' lang='lat' dir='ltr'><strong>distincta,</strong></span> <span class='ocrx_word' id='word_1_456' title='bbox 2050 4372 2092 4423; x_wconf 91' lang='lat' dir='ltr'><strong>si</strong></span> <span class='ocrx_word' id='word_1_457' title='bbox 2123 4372 2379 4440; x_wconf 72' lang='lat' dir='ltr'><strong>quazlihct</strong></span> 
     </span>
    </p>
   </div>
   <div class='ocr_carea' id='block_1_62' title="bbox 813 4462 2378 4525">
    <p class='ocr_par' dir='ltr' id='par_1_62' title="bbox 813 4462 2378 4525">
     <span class='ocr_line' id='line_1_62' title="bbox 813 4462 2378 4525; baseline 0.007 -19"><span class='ocrx_word' id='word_1_458' title='bbox 813 4468 998 4507; x_wconf 89' lang='lat' dir='ltr'><strong>earum</strong></span> <span class='ocrx_word' id='word_1_459' title='bbox 1026 4466 1170 4510; x_wconf 87' lang='lat' dir='ltr'><strong>esset</strong></span> <span class='ocrx_word' id='word_1_460' title='bbox 1192 4473 1438 4525; x_wconf 71' lang='lat' dir='ltr'><strong>persona:</strong></span> <span class='ocrx_word' id='word_1_461' title='bbox 1463 4463 1836 4524; x_wconf 83' lang='lat' dir='ltr'><strong>constitutiva,</strong></span> <span class='ocrx_word' id='word_1_462' title='bbox 1863 4477 1986 4516; x_wconf 91' lang='lat' dir='ltr'><strong>cum</strong></span> <span class='ocrx_word' id='word_1_463' title='bbox 2010 4462 2378 4517; x_wconf 80' lang='lat' dir='ltr'><strong>constitutiva:</strong></span> 
     </span>
    </p>
   </div>
   <div class='ocr_carea' id='block_1_63' title="bbox 2483 1973 4056 2052">
    <p class='ocr_par' dir='ltr' id='par_1_63' title="bbox 2483 1973 4056 2052">
     <span class='ocr_line' id='line_1_63' title="bbox 2483 1973 4056 2052; baseline 0.008 -27"><span class='ocrx_word' id='word_1_464' title='bbox 2483 1973 2597 2025; x_wconf 82' lang='lat' dir='ltr'><strong>sive</strong></span> <span class='ocrx_word' id='word_1_465' title='bbox 2643 1974 2942 2041; x_wconf 84' lang='lat' dir='ltr'><strong>paternitas</strong></span> <span class='ocrx_word' id='word_1_466' title='bbox 2989 1976 3255 2044; x_wconf 85' lang='lat' dir='ltr'><strong>sequitur,</strong></span> <span class='ocrx_word' id='word_1_467' title='bbox 3294 1977 3588 2032; x_wconf 83' lang='lat' dir='ltr'><strong>absurdum</strong></span> <span class='ocrx_word' id='word_1_468' title='bbox 3638 1981 3768 2049; x_wconf 91' lang='lat' dir='ltr'><strong>quid</strong></span> <span class='ocrx_word' id='word_1_469' title='bbox 3814 1992 3869 2036; x_wconf 92' lang='lat' dir='ltr'><strong>et</strong></span> <span class='ocrx_word' id='word_1_470' title='bbox 3917 1986 4056 2052; x_wconf 84' lang='lat' dir='ltr'><strong>quod</strong></span> 
     </span>
    </p>
   </div>
   <div class='ocr_carea' id='block_1_64' title="bbox 2482 2066 4053 2144">
    <p class='ocr_par' dir='ltr' id='par_1_64' title="bbox 2482 2066 4053 2144">
     <span class='ocr_line' id='line_1_64' title="bbox 2482 2066 4053 2144; baseline 0.01 -30"><span class='ocrx_word' id='word_1_471' title='bbox 2482 2074 2679 2133; x_wconf 77' lang='lat' dir='ltr'><strong>prazter</strong></span> <span class='ocrx_word' id='word_1_472' title='bbox 2698 2066 2939 2120; x_wconf 87' lang='lat' dir='ltr'><strong>omnium</strong></span> <span class='ocrx_word' id='word_1_473' title='bbox 2965 2068 3249 2123; x_wconf 90' lang='lat' dir='ltr'><strong>doctorum</strong></span> <span class='ocrx_word' id='word_1_474' title='bbox 3283 2071 3624 2125; x_wconf 88' lang='lat' dir='ltr'><strong>traditionem</strong></span> <span class='ocrx_word' id='word_1_475' title='bbox 3649 2081 3751 2137; x_wconf 90' lang='lat' dir='ltr'><strong>est,</strong></span> <span class='ocrx_word' id='word_1_476' title='bbox 3778 2077 4053 2144; x_wconf 88' lang='lat' dir='ltr'><strong>sequitur:</strong></span> 
     </span>
    </p>
   </div>
   <div class='ocr_carea' id='block_1_65' title="bbox 2481 2158 4049 2235">
    <p class='ocr_par' dir='ltr' id='par_1_65' title="bbox 2481 2158 4049 2235">
     <span class='ocr_line' id='line_1_65' title="bbox 2481 2158 4049 2235; baseline 0.008 -27"><span class='ocrx_word' id='word_1_477' title='bbox 2481 2165 2622 2209; x_wconf 80' lang='lat' dir='ltr'><strong>esset</strong></span> <span class='ocrx_word' id='word_1_478' title='bbox 2664 2158 2889 2226; x_wconf 91' lang='lat' dir='ltr'><strong>spiratio</strong></span> <span class='ocrx_word' id='word_1_479' title='bbox 2921 2160 3090 2228; x_wconf 88' lang='lat' dir='ltr'><strong>prima</strong></span> <span class='ocrx_word' id='word_1_480' title='bbox 3139 2170 3196 2214; x_wconf 91' lang='lat' dir='ltr'><strong>et</strong></span> <span class='ocrx_word' id='word_1_481' title='bbox 3222 2162 3535 2217; x_wconf 88' lang='lat' dir='ltr'><strong>immediata</strong></span> <span class='ocrx_word' id='word_1_482' title='bbox 3576 2163 3750 2217; x_wconf 88' lang='lat' dir='ltr'><strong>Patris</strong></span> <span class='ocrx_word' id='word_1_483' title='bbox 3800 2169 4049 2235; x_wconf 84' lang='lat' dir='ltr'><strong>Operatio</strong></span> 
     </span>
    </p>
   </div>
   <div class='ocr_carea' id='block_1_66' title="bbox 2482 2247 4053 2324">
    <p class='ocr_par' dir='ltr' id='par_1_66' title="bbox 2482 2247 4053 2324">
     <span class='ocr_line' id='line_1_66' title="bbox 2482 2247 4053 2324; baseline 0.01 -26"><span class='ocrx_word' id='word_1_484' title='bbox 2482 2247 2690 2319; x_wconf 79' lang='grc' dir='ltr'><strong>(πρώτη</strong></span> <span class='ocrx_word' id='word_1_485' title='bbox 2721 2252 2812 2302; x_wconf 78' lang='grc' dir='ltr'><strong>καὶ</strong></span> <span class='ocrx_word' id='word_1_486' title='bbox 2838 2250 3039 2320; x_wconf 77' lang='grc' dir='ltr'>ἇμεσος</span> <span class='ocrx_word' id='word_1_487' title='bbox 3074 2252 3381 2324; x_wconf 82' lang='grc' dir='ltr'><strong>ὲνέργεια);</strong></span> <span class='ocrx_word' id='word_1_488' title='bbox 3417 2270 3539 2309; x_wconf 91' lang='lat' dir='ltr'><strong>nam</strong></span> <span class='ocrx_word' id='word_1_489' title='bbox 3577 2256 3689 2311; x_wconf 70' lang='lat' dir='ltr'><strong>haec</strong></span> <span class='ocrx_word' id='word_1_490' title='bbox 3716 2273 3745 2309; x_wconf 91' lang='lat' dir='ltr'><strong>a</strong></span> <span class='ocrx_word' id='word_1_491' title='bbox 3786 2260 4053 2313; x_wconf 90' lang='lat' dir='ltr'><strong>constitu-</strong></span> 
     </span>
    </p>
   </div>
   <div class='ocr_carea' id='block_1_67' title="bbox 2484 2339 4055 2420">
    <p class='ocr_par' dir='ltr' id='par_1_67' title="bbox 2484 2339 4055 2420">
     <span class='ocr_line' id='line_1_67' title="bbox 2484 2339 4055 2420; baseline 0.01 -29"><span class='ocrx_word' id='word_1_492' title='bbox 2484 2339 2590 2392; x_wconf 84' lang='lat' dir='ltr'><strong>tiva</strong></span> <span class='ocrx_word' id='word_1_493' title='bbox 2651 2341 2917 2407; x_wconf 85' lang='lat' dir='ltr'><strong>cujusque</strong></span> <span class='ocrx_word' id='word_1_494' title='bbox 2966 2357 3212 2409; x_wconf 69' lang='lat' dir='ltr'><strong>personae</strong></span> <span class='ocrx_word' id='word_1_495' title='bbox 3255 2344 3427 2399; x_wconf 88' lang='lat' dir='ltr'><strong>forma</strong></span> <span class='ocrx_word' id='word_1_496' title='bbox 3478 2348 3681 2415; x_wconf 87' lang='lat' dir='ltr'><strong>prodit,</strong></span> <span class='ocrx_word' id='word_1_497' title='bbox 3734 2365 3831 2418; x_wconf 84' lang='lat' dir='ltr'><strong>per</strong></span> <span class='ocrx_word' id='word_1_498' title='bbox 3885 2350 4055 2420; x_wconf 89' lang='lat' dir='ltr'><strong>ipsam</strong></span> 
     </span>
    </p>
   </div>
   <div class='ocr_carea' id='block_1_68' title="bbox 2481 2431 4057 2505">
    <p class='ocr_par' dir='ltr' id='par_1_68' title="bbox 2481 2431 4057 2505">
     <span class='ocr_line' id='line_1_68' title="bbox 2481 2431 4057 2505; baseline 0.01 -24"><span class='ocrx_word' id='word_1_499' title='bbox 2481 2438 2661 2483; x_wconf 91' lang='lat' dir='ltr'><strong>autem</strong></span> <span class='ocrx_word' id='word_1_500' title='bbox 2679 2431 2797 2484; x_wconf 76' lang='lat' dir='ltr'><strong>alia:</strong></span> <span class='ocrx_word' id='word_1_501' title='bbox 2829 2434 3177 2499; x_wconf 89' lang='lat' dir='ltr'><strong>operationes</strong></span> <span class='ocrx_word' id='word_1_502' title='bbox 3208 2433 3373 2493; x_wconf 71' lang='lat' dir='ltr'><strong>fiunt;</strong></span> <span class='ocrx_word' id='word_1_503' title='bbox 3405 2435 3533 2489; x_wconf 90' lang='lat' dir='ltr'><strong>hinc</strong></span> <span class='ocrx_word' id='word_1_504' title='bbox 3565 2450 3888 2505; x_wconf 76' lang='lat' dir='ltr'><strong>sequeretur</strong></span> <span class='ocrx_word' id='word_1_505' title='bbox 3920 2441 4057 2495; x_wconf 89' lang='lat' dir='ltr'><strong>ulte-</strong></span> 
     </span>
    </p>
   </div>
   <div class='ocr_carea' id='block_1_69' title="bbox 2483 2523 4053 2597">
    <p class='ocr_par' dir='ltr' id='par_1_69' title="bbox 2483 2523 4053 2597">
     <span class='ocr_line' id='line_1_69' title="bbox 2483 2523 4053 2597; baseline 0.008 -23"><span class='ocrx_word' id='word_1_506' title='bbox 2483 2523 2621 2581; x_wconf 88' lang='lat' dir='ltr'><strong>rius.</strong></span> <span class='ocrx_word' id='word_1_507' title='bbox 2654 2538 2750 2590; x_wconf 88' lang='lat' dir='ltr'><strong>per</strong></span> <span class='ocrx_word' id='word_1_508' title='bbox 2774 2523 3127 2592; x_wconf 85' lang='lat' dir='ltr'><strong>spirationem</strong></span> <span class='ocrx_word' id='word_1_509' title='bbox 3160 2524 3275 2579; x_wconf 76' lang='lat' dir='ltr'><strong>fieri</strong></span> <span class='ocrx_word' id='word_1_510' title='bbox 3300 2529 3727 2597; x_wconf 78' lang='lat' dir='ltr'><strong>generationem,</strong></span> <span class='ocrx_word' id='word_1_511' title='bbox 3762 2532 3829 2584; x_wconf 89' lang='lat' dir='ltr'><strong>ita</strong></span> <span class='ocrx_word' id='word_1_512' title='bbox 3860 2544 3919 2587; x_wconf 91' lang='lat' dir='ltr'><strong>ut</strong></span> <span class='ocrx_word' id='word_1_513' title='bbox 3949 2550 4053 2587; x_wconf 90' lang='lat' dir='ltr'><strong>non</strong></span> 
     </span>
    </p>
   </div>
   <div class='ocr_carea' id='block_1_70' title="bbox 2482 2616 4054 2691">
    <p class='ocr_par' dir='ltr' id='par_1_70' title="bbox 2482 2616 4054 2691">
     <span class='ocr_line' id='line_1_70' title="bbox 2482 2616 4054 2691; baseline 0.008 -24"><span class='ocrx_word' id='word_1_514' title='bbox 2482 2616 2734 2683; x_wconf 86' lang='lat' dir='ltr'><strong>amplius,</strong></span> <span class='ocrx_word' id='word_1_515' title='bbox 2771 2624 2829 2667; x_wconf 90' lang='lat' dir='ltr'><strong>ut</strong></span> <span class='ocrx_word' id='word_1_516' title='bbox 2868 2617 3102 2687; x_wconf 87' lang='lat' dir='ltr'><strong>theologi</strong></span> <span class='ocrx_word' id='word_1_517' title='bbox 3148 2629 3421 2685; x_wconf 86' lang='lat' dir='ltr'><strong>asserunt,</strong></span> <span class='ocrx_word' id='word_1_518' title='bbox 3464 2620 3701 2690; x_wconf 84' lang='lat' dir='ltr'><strong>Spiritus</strong></span> <span class='ocrx_word' id='word_1_519' title='bbox 3732 2639 3827 2691; x_wconf 87' lang='lat' dir='ltr'><strong>per</strong></span> <span class='ocrx_word' id='word_1_520' title='bbox 3863 2624 4054 2679; x_wconf 88' lang='lat' dir='ltr'><strong>Filium</strong></span> 
     </span>
    </p>
   </div>
   <div class='ocr_carea' id='block_1_71' title="bbox 2484 2707 4057 2788">
    <p class='ocr_par' dir='ltr' id='par_1_71' title="bbox 2484 2707 4057 2788">
     <span class='ocr_line' id='line_1_71' title="bbox 2484 2707 4057 2788; baseline 0.007 -29"><span class='ocrx_word' id='word_1_521' title='bbox 2484 2707 2819 2776; x_wconf 85' lang='lat' dir='ltr'><strong>procederet,</strong></span> <span class='ocrx_word' id='word_1_522' title='bbox 2845 2708 2940 2762; x_wconf 91' lang='lat' dir='ltr'><strong>sed</strong></span> <span class='ocrx_word' id='word_1_523' title='bbox 2965 2709 3134 2763; x_wconf 86' lang='lat' dir='ltr'><strong>Filius</strong></span> <span class='ocrx_word' id='word_1_524' title='bbox 3150 2726 3246 2779; x_wconf 89' lang='lat' dir='ltr'><strong>per</strong></span> <span class='ocrx_word' id='word_1_525' title='bbox 3269 2711 3532 2780; x_wconf 85' lang='lat' dir='ltr'><strong>Spiritum</strong></span> <span class='ocrx_word' id='word_1_526' title='bbox 3558 2720 4057 2788; x_wconf 62' lang='lat' dir='ltr'><strong>generarcturmb‘).</strong></span> 
     </span>
    </p>
   </div>
   <div class='ocr_carea' id='block_1_72' title="bbox 2483 2798 4056 2875">
    <p class='ocr_par' dir='ltr' id='par_1_72' title="bbox 2483 2798 4056 2875">
     <span class='ocr_line' id='line_1_72' title="bbox 2483 2798 4056 2875; baseline 0.01 -25"><span class='ocrx_word' id='word_1_527' title='bbox 2483 2798 2619 2852; x_wconf 78' lang='lat' dir='ltr'><strong>Cum</strong></span> <span class='ocrx_word' id='word_1_528' title='bbox 2646 2814 2773 2853; x_wconf 89' lang='lat' dir='ltr'><strong>vero</strong></span> <span class='ocrx_word' id='word_1_529' title='bbox 2804 2800 2919 2855; x_wconf 60' lang='lat' dir='ltr'><strong>hac</strong></span> <span class='ocrx_word' id='word_1_530' title='bbox 2946 2802 3178 2856; x_wconf 86' lang='lat' dir='ltr'><strong>absurda</strong></span> <span class='ocrx_word' id='word_1_531' title='bbox 3211 2803 3319 2857; x_wconf 90' lang='lat' dir='ltr'><strong>sint</strong></span> <span class='ocrx_word' id='word_1_532' title='bbox 3357 2819 3421 2858; x_wconf 89' lang='lat' dir='ltr'><strong>ac</strong></span> <span class='ocrx_word' id='word_1_533' title='bbox 3451 2807 3725 2861; x_wconf 86' lang='lat' dir='ltr'><strong>traditioni</strong></span> <span class='ocrx_word' id='word_1_534' title='bbox 3763 2812 4056 2875; x_wconf 89' lang='lat' dir='ltr'><strong>contraria,</strong></span> 
     </span>
    </p>
   </div>
   <div class='ocr_carea' id='block_1_73' title="bbox 2486 2893 4057 2969">
    <p class='ocr_par' dir='ltr' id='par_1_73' title="bbox 2486 2893 4057 2969">
     <span class='ocr_line' id='line_1_73' title="bbox 2486 2893 4057 2969; baseline 0.009 -27"><span class='ocrx_word' id='word_1_535' title='bbox 2486 2898 2654 2943; x_wconf 89' lang='lat' dir='ltr'><strong>restat</strong></span> <span class='ocrx_word' id='word_1_536' title='bbox 2699 2893 3071 2959; x_wconf 80' lang='lat' dir='ltr'><strong>paternitalem</strong></span> <span class='ocrx_word' id='word_1_537' title='bbox 3088 2895 3419 2949; x_wconf 90' lang='lat' dir='ltr'><strong>constituere</strong></span> <span class='ocrx_word' id='word_1_538' title='bbox 3442 2912 3725 2965; x_wconf 89' lang='lat' dir='ltr'><strong>personam</strong></span> <span class='ocrx_word' id='word_1_539' title='bbox 3755 2913 4057 2969; x_wconf 81' lang='lat' dir='ltr'><strong>paternam,</strong></span> 
     </span>
    </p>
   </div>
   <div class='ocr_carea' id='block_1_74' title="bbox 2484 2982 4061 3062">
    <p class='ocr_par' dir='ltr' id='par_1_74' title="bbox 2484 2982 4061 3062">
     <span class='ocr_line' id='line_1_74' title="bbox 2484 2982 4061 3062; baseline 0.01 -29"><span class='ocrx_word' id='word_1_540' title='bbox 2484 2990 2538 3034; x_wconf 88' lang='lat' dir='ltr'><strong>et</strong></span> <span class='ocrx_word' id='word_1_541' title='bbox 2566 2982 2705 3035; x_wconf 89' lang='lat' dir='ltr'><strong>hanc</strong></span> <span class='ocrx_word' id='word_1_542' title='bbox 2737 2982 2857 3050; x_wconf 90' lang='lat' dir='ltr'><strong>ejus</strong></span> <span class='ocrx_word' id='word_1_543' title='bbox 2876 2997 2995 3037; x_wconf 87' lang='lat' dir='ltr'><strong>esse</strong></span> <span class='ocrx_word' id='word_1_544' title='bbox 3026 2984 3591 3041; x_wconf 85' lang='lat' dir='ltr'><strong>incommunicabilem</strong></span> <span class='ocrx_word' id='word_1_545' title='bbox 3615 2988 3867 3053; x_wconf 89' lang='lat' dir='ltr'><strong>formam,</strong></span> <span class='ocrx_word' id='word_1_546' title='bbox 3893 2994 4061 3062; x_wconf 83' lang='lat' dir='ltr'><strong>spira-</strong></span> 
     </span>
    </p>
   </div>
   <div class='ocr_carea' id='block_1_75' title="bbox 2487 3073 4060 3155">
    <p class='ocr_par' dir='ltr' id='par_1_75' title="bbox 2487 3073 4060 3155">
     <span class='ocr_line' id='line_1_75' title="bbox 2487 3073 4060 3155; baseline 0.01 -30"><span class='ocrx_word' id='word_1_547' title='bbox 2487 3073 2687 3126; x_wconf 93' lang='lat' dir='ltr'><strong>tionem</strong></span> <span class='ocrx_word' id='word_1_548' title='bbox 2716 3090 2845 3128; x_wconf 78' lang='lat' dir='ltr'><strong>vero</strong></span> <span class='ocrx_word' id='word_1_549' title='bbox 2874 3075 3023 3144; x_wconf 90' lang='lat' dir='ltr'><strong>sequi</strong></span> <span class='ocrx_word' id='word_1_550' title='bbox 3056 3076 3165 3144; x_wconf 89' lang='lat' dir='ltr'><strong>jam</strong></span> <span class='ocrx_word' id='word_1_551' title='bbox 3199 3078 3550 3133; x_wconf 91' lang='lat' dir='ltr'><strong>constitutam</strong></span> <span class='ocrx_word' id='word_1_552' title='bbox 3592 3080 3745 3153; x_wconf 79' lang='lat'><strong>[‘297]</strong></span> <span class='ocrx_word' id='word_1_553' title='bbox 3777 3085 3897 3152; x_wconf 91' lang='lat' dir='ltr'><strong>ejus</strong></span> <span class='ocrx_word' id='word_1_554' title='bbox 3939 3102 4060 3155; x_wconf 80' lang='lat' dir='ltr'><strong>pcr-</strong></span> 
     </span>
    </p>
   </div>
   <div class='ocr_carea' id='block_1_76' title="bbox 2486 3165 4060 3242">
    <p class='ocr_par' dir='ltr' id='par_1_76' title="bbox 2486 3165 4060 3242">
     <span class='ocr_line' id='line_1_76' title="bbox 2486 3165 4060 3242; baseline 0.011 -27"><span class='ocrx_word' id='word_1_555' title='bbox 2486 3178 2697 3216; x_wconf 90' lang='lat' dir='ltr'><strong>sonam.</strong></span> <span class='ocrx_word' id='word_1_556' title='bbox 2737 3165 2867 3219; x_wconf 91' lang='lat' dir='ltr'><strong>lndc</strong></span> <span class='ocrx_word' id='word_1_557' title='bbox 2893 3166 3123 3220; x_wconf 86' lang='lat' dir='ltr'><strong>etlicitur</strong></span> <span class='ocrx_word' id='word_1_558' title='bbox 3176 3169 3351 3237; x_wconf 93' lang='lat' dir='ltr'><strong>ipsum</strong></span> <span class='ocrx_word' id='word_1_559' title='bbox 3395 3169 3454 3221; x_wconf 81' lang='grc' dir='ltr'><strong>τὸ</strong></span> <span class='ocrx_word' id='word_1_560' title='bbox 3497 3173 3690 3242; x_wconf 79' lang='grc' dir='ltr'>γεννᾷν</span> <span class='ocrx_word' id='word_1_561' title='bbox 3730 3175 3961 3242; x_wconf 83' lang='lat' dir='ltr'><strong>primam</strong></span> <span class='ocrx_word' id='word_1_562' title='bbox 4004 3190 4060 3233; x_wconf 91' lang='lat' dir='ltr'><strong>et</strong></span> 
     </span>
    </p>
   </div>
   <div class='ocr_carea' id='block_1_77' title="bbox 2488 3253 4057 3330">
    <p class='ocr_par' dir='ltr' id='par_1_77' title="bbox 2488 3253 4057 3330">
     <span class='ocr_line' id='line_1_77' title="bbox 2488 3253 4057 3330; baseline 0.01 -26"><span class='ocrx_word' id='word_1_563' title='bbox 2488 3253 2851 3307; x_wconf 87' lang='lat' dir='ltr'><strong>immediatam</strong></span> <span class='ocrx_word' id='word_1_564' title='bbox 2896 3257 3267 3324; x_wconf 74' lang='lat' dir='ltr'><strong>Operationem</strong></span> <span class='ocrx_word' id='word_1_565' title='bbox 3316 3274 3562 3327; x_wconf 63' lang='lat' dir='ltr'><strong>persona!</strong></span> <span class='ocrx_word' id='word_1_566' title='bbox 3604 3270 3847 3330; x_wconf 75' lang='lat' dir='ltr'><strong>paterna:</strong></span> <span class='ocrx_word' id='word_1_567' title='bbox 3896 3280 4057 3330; x_wconf 87' lang='lat' dir='ltr'><strong>esse;</strong></span> 
     </span>
    </p>
   </div>
   <div class='ocr_carea' id='block_1_78' title="bbox 2485 3345 4058 3426">
    <p class='ocr_par' dir='ltr' id='par_1_78' title="bbox 2485 3345 4058 3426">
     <span class='ocr_line' id='line_1_78' title="bbox 2485 3345 4058 3426; baseline 0.01 -29"><span class='ocrx_word' id='word_1_568' title='bbox 2485 3345 2659 3414; x_wconf 80' lang='lat' dir='ltr'><strong>ipsum</strong></span> <span class='ocrx_word' id='word_1_569' title='bbox 2702 3364 2832 3401; x_wconf 79' lang='lat' dir='ltr'><strong>vero</strong></span> <span class='ocrx_word' id='word_1_570' title='bbox 2872 3349 3195 3416; x_wconf 79' lang='grc' dir='ltr'>προὸἀλλειν</span> <span class='ocrx_word' id='word_1_571' title='bbox 3237 3350 3351 3405; x_wconf 81' lang='lat' dir='ltr'><strong>fieri</strong></span> <span class='ocrx_word' id='word_1_572' title='bbox 3401 3352 3489 3405; x_wconf 70' lang='grc' dir='ltr'><strong>διὰ</strong></span> <span class='ocrx_word' id='word_1_573' title='bbox 3540 3354 3633 3407; x_wconf 81' lang='grc' dir='ltr'><strong>τοῦ</strong></span> <span class='ocrx_word' id='word_1_574' title='bbox 3676 3358 3894 3426; x_wconf 80' lang='grc' dir='ltr'>γεννᾷν,</span> <span class='ocrx_word' id='word_1_575' title='bbox 3953 3374 4058 3411; x_wconf 92' lang='lat' dir='ltr'><strong>non</strong></span> 
     </span>
    </p>
   </div>
   <div class='ocr_carea' id='block_1_79' title="bbox 2482 3437 4057 3521">
    <p class='ocr_par' dir='ltr' id='par_1_79' title="bbox 2482 3437 4057 3521">
     <span class='ocr_line' id='line_1_79' title="bbox 2482 3437 4057 3521; baseline 0.013 -34"><span class='ocrx_word' id='word_1_576' title='bbox 2482 3437 2700 3504; x_wconf 91' lang='lat' dir='ltr'><strong>quidem</strong></span> <span class='ocrx_word' id='word_1_577' title='bbox 2730 3446 2986 3507; x_wconf 90' lang='lat' dir='ltr'><strong>tanquam</strong></span> <span class='ocrx_word' id='word_1_578' title='bbox 3016 3456 3111 3507; x_wconf 88' lang='lat' dir='ltr'><strong>per</strong></span> <span class='ocrx_word' id='word_1_579' title='bbox 3142 3442 3491 3512; x_wconf 85' lang='lat' dir='ltr'><strong>principium,</strong></span> <span class='ocrx_word' id='word_1_580' title='bbox 3518 3447 3611 3500; x_wconf 89' lang='lat' dir='ltr'><strong>sed</strong></span> <span class='ocrx_word' id='word_1_581' title='bbox 3640 3456 3697 3500; x_wconf 93' lang='lat' dir='ltr'><strong>ut</strong></span> <span class='ocrx_word' id='word_1_582' title='bbox 3719 3464 3815 3513; x_wconf 87' lang='lat' dir='ltr'><strong>per</strong></span> <span class='ocrx_word' id='word_1_583' title='bbox 3855 3451 4057 3521; x_wconf 89' lang='lat' dir='ltr'><strong>aliquid</strong></span> 
     </span>
    </p>
   </div>
   <div class='ocr_carea' id='block_1_80' title="bbox 2483 3530 4058 3608">
    <p class='ocr_par' dir='ltr' id='par_1_80' title="bbox 2483 3530 4058 3608">
     <span class='ocr_line' id='line_1_80' title="bbox 2483 3530 4058 3608; baseline 0.011 -28"><span class='ocrx_word' id='word_1_584' title='bbox 2483 3530 2871 3588; x_wconf 80' lang='lat' dir='ltr'><strong>necessarium.</strong></span> <span class='ocrx_word' id='word_1_585' title='bbox 2898 3532 3038 3598; x_wconf 90' lang='lat' dir='ltr'><strong>quod</strong></span> <span class='ocrx_word' id='word_1_586' title='bbox 3064 3535 3404 3603; x_wconf 75' lang='lat' dir='ltr'><strong>pra&#39;exigitur</strong></span> <span class='ocrx_word' id='word_1_587' title='bbox 3441 3535 3572 3604; x_wconf 85' lang='lat'><strong>(96).</strong></span> <span class='ocrx_word' id='word_1_588' title='bbox 3606 3536 3758 3601; x_wconf 85' lang='lat' dir='ltr'><strong>Quod</strong></span> <span class='ocrx_word' id='word_1_589' title='bbox 3784 3541 3825 3593; x_wconf 89' lang='lat' dir='ltr'><strong>si</strong></span> <span class='ocrx_word' id='word_1_590' title='bbox 3853 3542 3924 3595; x_wconf 86' lang='lat' dir='ltr'><strong>ita</strong></span> <span class='ocrx_word' id='word_1_591' title='bbox 3952 3560 4058 3608; x_wconf 73' lang='lat' dir='ltr'><strong>esi,</strong></span> 
     </span>
    </p>
   </div>
   <div class='ocr_carea' id='block_1_81' title="bbox 2477 3618 4059 3696">
    <p class='ocr_par' dir='ltr' id='par_1_81' title="bbox 2477 3618 4059 3696">
     <span class='ocr_line' id='line_1_81' title="bbox 2477 3618 4059 3696; baseline 0.012 -27"><span class='ocrx_word' id='word_1_592' title='bbox 2477 3619 2587 3687; x_wconf 89' lang='lat' dir='ltr'><strong>jam</strong></span> <span class='ocrx_word' id='word_1_593' title='bbox 2622 3618 2746 3671; x_wconf 89' lang='lat' dir='ltr'><strong>inde</strong></span> <span class='ocrx_word' id='word_1_594' title='bbox 2790 3620 3091 3674; x_wconf 83' lang='lat' dir='ltr'><strong>desumitur</strong></span> <span class='ocrx_word' id='word_1_595' title='bbox 3129 3634 3542 3692; x_wconf 84' lang='lat' dir='ltr'><strong>argumentum,</strong></span> <span class='ocrx_word' id='word_1_596' title='bbox 3577 3630 3721 3696; x_wconf 91' lang='lat' dir='ltr'><strong>quod</strong></span> <span class='ocrx_word' id='word_1_597' title='bbox 3768 3629 3960 3686; x_wconf 83' lang='lat' dir='ltr'><strong>Filium</strong></span> <span class='ocrx_word' id='word_1_598' title='bbox 3993 3635 4059 3688; x_wconf 87' lang='lat' dir='ltr'><strong>ab</strong></span> 
     </span>
    </p>
   </div>
   <div class='ocr_carea' id='block_1_82' title="bbox 2481 3711 4058 3786">
    <p class='ocr_par' dir='ltr' id='par_1_82' title="bbox 2481 3711 4058 3786">
     <span class='ocr_line' id='line_1_82' title="bbox 2481 3711 4058 3786; baseline 0.012 -25"><span class='ocrx_word' id='word_1_599' title='bbox 2481 3711 2654 3763; x_wconf 87' lang='lat' dir='ltr'><strong>activa</strong></span> <span class='ocrx_word' id='word_1_600' title='bbox 2682 3711 2979 3779; x_wconf 90' lang='lat' dir='ltr'><strong>spiratione</strong></span> <span class='ocrx_word' id='word_1_601' title='bbox 3026 3714 3240 3768; x_wconf 77' lang='lat' dir='ltr'><strong>excludi</strong></span> <span class='ocrx_word' id='word_1_602' title='bbox 3285 3732 3392 3769; x_wconf 91' lang='lat' dir='ltr'><strong>non</strong></span> <span class='ocrx_word' id='word_1_603' title='bbox 3424 3733 3584 3786; x_wconf 90' lang='lat' dir='ltr'><strong>posse</strong></span> <span class='ocrx_word' id='word_1_604' title='bbox 3608 3720 3967 3778; x_wconf 83' lang='lat' dir='ltr'><strong>demonstrat.</strong></span> <span class='ocrx_word' id='word_1_605' title='bbox 4003 3726 4058 3780; x_wconf 89' lang='lat' dir='ltr'><strong>ld</strong></span> 
     </span>
    </p>
   </div>
   <div class='ocr_carea' id='block_1_83' title="bbox 2482 3803 4059 3888">
    <p class='ocr_par' dir='ltr' id='par_1_83' title="bbox 2482 3803 4059 3888">
     <span class='ocr_line' id='line_1_83' title="bbox 2482 3803 4059 3888; baseline 0.011 -34"><span class='ocrx_word' id='word_1_606' title='bbox 2482 3803 2772 3857; x_wconf 84' lang='lat' dir='ltr'><strong>Bessarion</strong></span> <span class='ocrx_word' id='word_1_607' title='bbox 2800 3806 2857 3873; x_wconf 93' lang='grc' dir='ltr'><strong>(Ι.</strong></span> <span class='ocrx_word' id='word_1_608' title='bbox 2883 3822 2931 3859; x_wconf 91' lang='lat' dir='ltr'><strong>c.</strong></span> <span class='ocrx_word' id='word_1_609' title='bbox 2964 3821 3014 3859; x_wconf 92' lang='lat' dir='ltr'><strong>c.</strong></span> <span class='ocrx_word' id='word_1_610' title='bbox 3041 3807 3095 3867; x_wconf 86' lang='lat'><strong>6,</strong></span> <span class='ocrx_word' id='word_1_611' title='bbox 3128 3808 3247 3861; x_wconf 90' lang='lat' dir='ltr'><strong>init.</strong></span> <span class='ocrx_word' id='word_1_612' title='bbox 3282 3825 3335 3877; x_wconf 94' lang='lat' dir='ltr'><strong>p.</strong></span> <span class='ocrx_word' id='word_1_613' title='bbox 3358 3810 3515 3877; x_wconf 82' lang='grc'><strong>1061)</strong></span> <span class='ocrx_word' id='word_1_614' title='bbox 3542 3813 3643 3867; x_wconf 90' lang='lat' dir='ltr'><strong>hoc</strong></span> <span class='ocrx_word' id='word_1_615' title='bbox 3675 3826 3833 3882; x_wconf 90' lang='lat' dir='ltr'><strong>pacto</strong></span> <span class='ocrx_word' id='word_1_616' title='bbox 3858 3834 4059 3888; x_wconf 90' lang='lat' dir='ltr'><strong>propo-</strong></span> 
     </span>
    </p>
   </div>
   <div class='ocr_carea' id='block_1_84' title="bbox 2482 3896 4055 3972">
    <p class='ocr_par' dir='ltr' id='par_1_84' title="bbox 2482 3896 4055 3972">
     <span class='ocr_line' id='line_1_84' title="bbox 2482 3896 4055 3972; baseline 0.012 -26"><span class='ocrx_word' id='word_1_617' title='bbox 2482 3896 2562 3948; x_wconf 89' lang='lat' dir='ltr'><strong>nit</strong></span> <span class='ocrx_word' id='word_1_618' title='bbox 2603 3914 2616 3949; x_wconf 89' lang='lat'><strong>:</strong></span> <span class='ocrx_word' id='word_1_619' title='bbox 2657 3916 2675 3947; x_wconf 71' lang='grc' dir='ltr'><em>ς</em></span> <span class='ocrx_word' id='word_1_620' title='bbox 2727 3898 2829 3950; x_wconf 86' lang='lat' dir='ltr'><strong>l’cr</strong></span> <span class='ocrx_word' id='word_1_621' title='bbox 2878 3898 3106 3966; x_wconf 90' lang='lat' dir='ltr'><strong>primam</strong></span> <span class='ocrx_word' id='word_1_622' title='bbox 3154 3910 3207 3953; x_wconf 91' lang='lat' dir='ltr'><strong>et</strong></span> <span class='ocrx_word' id='word_1_623' title='bbox 3264 3901 3633 3957; x_wconf 89' lang='lat' dir='ltr'><strong>immediatam</strong></span> <span class='ocrx_word' id='word_1_624' title='bbox 3682 3911 4055 3972; x_wconf 74' lang='lat' dir='ltr'><strong>operationem</strong></span> 
     </span>
    </p>
   </div>
   <div class='ocr_carea' id='block_1_85' title="bbox 2481 3990 4056 4064">
    <p class='ocr_par' dir='ltr' id='par_1_85' title="bbox 2481 3990 4056 4064">
     <span class='ocr_line' id='line_1_85' title="bbox 2481 3990 4056 4064; baseline 0.011 -23"><span class='ocrx_word' id='word_1_625' title='bbox 2481 3990 2908 4061; x_wconf 88' lang='lat' dir='ltr'><strong>uniuscujusque</strong></span> <span class='ocrx_word' id='word_1_626' title='bbox 2961 4008 3203 4061; x_wconf 78' lang='lat' dir='ltr'><strong>persona:</strong></span> <span class='ocrx_word' id='word_1_627' title='bbox 3269 3997 3625 4064; x_wconf 77' lang='lat' dir='ltr'><strong>perficiuntur</strong></span> <span class='ocrx_word' id='word_1_628' title='bbox 3687 4016 3883 4057; x_wconf 86' lang='lat' dir='ltr'><strong>omnes</strong></span> <span class='ocrx_word' id='word_1_629' title='bbox 3937 4007 4056 4059; x_wconf 79' lang='lat' dir='ltr'><strong>ali;e</strong></span> 
     </span>
    </p>
   </div>
   <div class='ocr_carea' id='block_1_86' title="bbox 2479 4082 4055 4157">
    <p class='ocr_par' dir='ltr' id='par_1_86' title="bbox 2479 4082 4055 4157">
     <span class='ocr_line' id='line_1_86' title="bbox 2479 4082 4055 4157; baseline 0.011 -24"><span class='ocrx_word' id='word_1_630' title='bbox 2479 4082 2859 4149; x_wconf 89' lang='lat' dir='ltr'><strong>operationes;</strong></span> <span class='ocrx_word' id='word_1_631' title='bbox 2886 4084 2979 4137; x_wconf 90' lang='lat' dir='ltr'><strong>sed</strong></span> <span class='ocrx_word' id='word_1_632' title='bbox 3005 4086 3177 4153; x_wconf 87' lang='lat' dir='ltr'><strong>prima</strong></span> <span class='ocrx_word' id='word_1_633' title='bbox 3200 4096 3255 4139; x_wconf 88' lang='lat' dir='ltr'><strong>et</strong></span> <span class='ocrx_word' id='word_1_634' title='bbox 3286 4087 3595 4143; x_wconf 87' lang='lat' dir='ltr'><strong>immediata</strong></span> <span class='ocrx_word' id='word_1_635' title='bbox 3612 4093 3861 4157; x_wconf 86' lang='lat' dir='ltr'><strong>operatio</strong></span> <span class='ocrx_word' id='word_1_636' title='bbox 3885 4093 4055 4151; x_wconf 85' lang='lat' dir='ltr'><strong>Patris</strong></span> 
     </span>
    </p>
   </div>
   <div class='ocr_carea' id='block_1_87' title="bbox 2479 4175 4051 4254">
    <p class='ocr_par' dir='ltr' id='par_1_87' title="bbox 2479 4175 4051 4254">
     <span class='ocr_line' id='line_1_87' title="bbox 2479 4175 4051 4254; baseline 0.012 -31"><span class='ocrx_word' id='word_1_637' title='bbox 2479 4179 2563 4224; x_wconf 90' lang='lat' dir='ltr'><strong>est</strong></span> <span class='ocrx_word' id='word_1_638' title='bbox 2599 4175 2921 4241; x_wconf 81' lang='lat' dir='ltr'><strong>generatio;</strong></span> <span class='ocrx_word' id='word_1_639' title='bbox 2966 4190 3063 4243; x_wconf 89' lang='lat' dir='ltr'><strong>per</strong></span> <span class='ocrx_word' id='word_1_640' title='bbox 3105 4178 3512 4244; x_wconf 82' lang='lat' dir='ltr'><strong>generationem</strong></span> <span class='ocrx_word' id='word_1_641' title='bbox 3562 4181 3722 4252; x_wconf 82' lang='lat' dir='ltr'><strong>igitur</strong></span> <span class='ocrx_word' id='word_1_642' title='bbox 3770 4187 4051 4254; x_wconf 76' lang='lat' dir='ltr'><strong>perficitur</strong></span> 
     </span>
    </p>
   </div>
   <div class='ocr_carea' id='block_1_88' title="bbox 2479 4263 4054 4348">
    <p class='ocr_par' dir='ltr' id='par_1_88' title="bbox 2479 4263 4054 4348">
     <span class='ocr_line' id='line_1_88' title="bbox 2479 4263 4054 4348; baseline 0.013 -33"><span class='ocrx_word' id='word_1_643' title='bbox 2479 4263 2618 4317; x_wconf 91' lang='lat' dir='ltr'><strong>actio</strong></span> <span class='ocrx_word' id='word_1_644' title='bbox 2652 4264 2891 4332; x_wconf 87' lang='lat' dir='ltr'><strong>spirandi</strong></span> <span class='ocrx_word' id='word_1_645' title='bbox 2925 4284 2937 4319; x_wconf 92' lang='lat'><strong>:</strong></span> <span class='ocrx_word' id='word_1_646' title='bbox 2970 4275 3026 4321; x_wconf 89' lang='lat' dir='ltr'><strong>et</strong></span> <span class='ocrx_word' id='word_1_647' title='bbox 3069 4268 3148 4323; x_wconf 91' lang='lat' dir='ltr'><strong>sic</strong></span> <span class='ocrx_word' id='word_1_648' title='bbox 3177 4284 3239 4322; x_wconf 62' lang='lat' dir='ltr'><strong>ea</strong></span> <span class='ocrx_word' id='word_1_649' title='bbox 3277 4270 3434 4326; x_wconf 84' lang='lat' dir='ltr'><strong>Patre</strong></span> <span class='ocrx_word' id='word_1_650' title='bbox 3461 4288 3557 4343; x_wconf 84' lang='lat' dir='ltr'><strong>per</strong></span> <span class='ocrx_word' id='word_1_651' title='bbox 3588 4274 3779 4331; x_wconf 77' lang='lat' dir='ltr'><strong>Filium</strong></span> <span class='ocrx_word' id='word_1_652' title='bbox 3806 4282 4054 4348; x_wconf 88' lang='lat' dir='ltr'><strong>procedit</strong></span> 
     </span>
    </p>
   </div>
   <div class='ocr_carea' id='block_1_89' title="bbox 2481 4354 3037 4423">
    <p class='ocr_par' dir='ltr' id='par_1_89' title="bbox 2481 4354 3037 4423">
     <span class='ocr_line' id='line_1_89' title="bbox 2481 4354 3037 4423; baseline 0.005 -17"><span class='ocrx_word' id='word_1_653' title='bbox 2481 4354 2714 4423; x_wconf 80' lang='lat' dir='ltr'><strong>Spiritus</strong></span> <span class='ocrx_word' id='word_1_654' title='bbox 2744 4368 2982 4412; x_wconf 90' lang='lat' dir='ltr'><strong>sanctus.</strong></span> <span class='ocrx_word' id='word_1_655' title='bbox 3018 4377 3037 4409; x_wconf 76' lang='grc' dir='ltr'><strong>ι</strong></span> 
     </span>
    </p>
   </div>
   <div class='ocr_carea' id='block_1_90' title="bbox 2551 4446 4048 4530">
    <p class='ocr_par' dir='ltr' id='par_1_90' title="bbox 2551 4446 4048 4530">
     <span class='ocr_line' id='line_1_90' title="bbox 2551 4446 4048 4530; baseline 0.011 -31"><span class='ocrx_word' id='word_1_656' title='bbox 2551 4447 2639 4501; x_wconf 73' lang='grc'><strong>14.</strong></span> <span class='ocrx_word' id='word_1_657' title='bbox 2713 4446 2843 4502; x_wconf 89' lang='lat' dir='ltr'><strong>Post</strong></span> <span class='ocrx_word' id='word_1_658' title='bbox 2880 4450 3094 4521; x_wconf 88' lang='lat' dir='ltr'><strong>longam</strong></span> <span class='ocrx_word' id='word_1_659' title='bbox 3128 4451 3274 4505; x_wconf 88' lang='lat' dir='ltr'><strong>illam</strong></span> <span class='ocrx_word' id='word_1_660' title='bbox 3331 4453 3400 4508; x_wconf 93' lang='lat' dir='ltr'><strong>de</strong></span> <span class='ocrx_word' id='word_1_661' title='bbox 3439 4466 3586 4511; x_wconf 81' lang='lat' dir='ltr'><strong>textu</strong></span> <span class='ocrx_word' id='word_1_662' title='bbox 3627 4458 3786 4514; x_wconf 82' lang='lat' dir='ltr'><strong>Joan.</strong></span> <span class='ocrx_word' id='word_1_663' title='bbox 3822 4477 3932 4525; x_wconf 79' lang='lat' dir='ltr'><strong>xvi,</strong></span> <span class='ocrx_word' id='word_1_664' title='bbox 3964 4463 4048 4530; x_wconf 78' lang='lat' dir='ltr'><strong>l3,</strong></span> 
     </span>
    </p>
   </div>
   <div class='ocr_carea' id='block_1_91' title="bbox 812 4538 2487 4623">
    <p class='ocr_par' dir='ltr' id='par_1_91' title="bbox 812 4545 2487 4623">
     <span class='ocr_line' id='line_1_91' title="bbox 812 4545 2487 4623; baseline 0.005 -24"><span class='ocrx_word' id='word_1_665' title='bbox 812 4545 1109 4601; x_wconf 88' lang='lat' dir='ltr'><strong>formaliter</strong></span> <span class='ocrx_word' id='word_1_666' title='bbox 1135 4548 1359 4604; x_wconf 68' lang='lat' dir='ltr'><strong>diversa!</strong></span> <span class='ocrx_word' id='word_1_667' title='bbox 1390 4552 1500 4604; x_wconf 89' lang='lat' dir='ltr'><strong>sint</strong></span> <span class='ocrx_word' id='word_1_668' title='bbox 1525 4563 1774 4623; x_wconf 86' lang='lat' dir='ltr'><strong>respectu</strong></span> <span class='ocrx_word' id='word_1_669' title='bbox 1801 4555 2138 4609; x_wconf 87' lang='lat' dir='ltr'><strong>diversorum</strong></span> <span class='ocrx_word' id='word_1_670' title='bbox 2169 4557 2373 4611; x_wconf 86' lang='lat' dir='ltr'><strong>consti-</strong></span> <span class='ocrx_word' id='word_1_671' title='bbox 2399 4548 2453 4608; x_wconf 91' lang='lat' dir='ltr'><strong>D</strong></span> <span class='ocrx_word' id='word_1_672' title='bbox 2480 4546 2487 4591; x_wconf 49' lang='grc' dir='ltr'>θ</span> 
     </span>
    </p>
   </div>
   <div class='ocr_carea' id='block_1_92' title="bbox 2374 4538 4049 4623">
    <p class='ocr_par' dir='ltr' id='par_1_92' title="bbox 2399 4538 4049 4623">
     <span class='ocr_line' id='line_1_92' title="bbox 2399 4538 4049 4623; baseline 0.01 -32"><span class='ocrx_word' id='word_1_673' title='bbox 2399 4548 2453 4608; x_wconf 84' lang='lat'><strong>1)</strong></span> <span class='ocrx_word' id='word_1_674' title='bbox 2480 4538 3003 4610; x_wconf 74' lang='lat' dir='ltr'><strong>l-l,disputationem</strong></span> <span class='ocrx_word' id='word_1_675' title='bbox 3027 4543 3165 4615; x_wconf 86' lang='lat' dir='ltr'><strong>(cap.</strong></span> <span class='ocrx_word' id='word_1_676' title='bbox 3190 4545 3281 4611; x_wconf 58' lang='grc' dir='ltr'><strong>ρο,</strong></span> <span class='ocrx_word' id='word_1_677' title='bbox 3313 4546 3402 4618; x_wconf 73' lang='lat'><strong>30)</strong></span> <span class='ocrx_word' id='word_1_678' title='bbox 3424 4565 3622 4605; x_wconf 90' lang='lat' dir='ltr'><strong>novum</strong></span> <span class='ocrx_word' id='word_1_679' title='bbox 3655 4552 4049 4623; x_wconf 86' lang='lat' dir='ltr'><strong>sopbismatum</strong></span> 
     </span>
    </p>
   </div>
   <div class='ocr_carea' id='block_1_93' title="bbox 884 4699 2373 4771">
    <p class='ocr_par' dir='ltr' id='par_1_93' title="bbox 884 4699 2373 4771">
     <span class='ocr_line' id='line_1_93' title="bbox 884 4699 2373 4771; baseline 0.005 -17"><span class='ocrx_word' id='word_1_680' title='bbox 884 4699 1123 4769; x_wconf 70' lang='lat' dir='ltr'><strong>(92‘)Cf.</strong></span> <span class='ocrx_word' id='word_1_681' title='bbox 1153 4702 1443 4771; x_wconf 78' lang='lat' dir='ltr'><strong>Augustin.</strong></span> <span class='ocrx_word' id='word_1_682' title='bbox 1483 4704 1557 4759; x_wconf 81' lang='lat' dir='ltr'><strong>De</strong></span> <span class='ocrx_word' id='word_1_683' title='bbox 1594 4705 1736 4759; x_wconf 86' lang='lat' dir='ltr'><strong>Trin.</strong></span> <span class='ocrx_word' id='word_1_684' title='bbox 1768 4724 1821 4771; x_wconf 92' lang='lat' dir='ltr'><strong>v,</strong></span> <span class='ocrx_word' id='word_1_685' title='bbox 1876 4708 1941 4771; x_wconf 89' lang='lat'><strong>7;</strong></span> <span class='ocrx_word' id='word_1_686' title='bbox 1988 4706 2185 4761; x_wconf 89' lang='lat' dir='ltr'><strong>Thom.</strong></span> <span class='ocrx_word' id='word_1_687' title='bbox 2223 4707 2373 4763; x_wconf 89' lang='lat' dir='ltr'><strong>Sum.</strong></span> 
     </span>
    </p>
   </div>
   <div class='ocr_carea' id='block_1_94' title="bbox 811 4772 1304 4840">
    <p class='ocr_par' dir='ltr' id='par_1_94' title="bbox 811 4772 1304 4840">
     <span class='ocr_line' id='line_1_94' title="bbox 811 4772 1304 4840; baseline 0.004 -17"><span class='ocrx_word' id='word_1_688' title='bbox 811 4786 865 4840; x_wconf 87' lang='lat' dir='ltr'><strong>q.</strong></span> <span class='ocrx_word' id='word_1_689' title='bbox 891 4772 977 4832; x_wconf 74' lang='lat'><strong>3‘2,</strong></span> <span class='ocrx_word' id='word_1_690' title='bbox 1011 4786 1062 4822; x_wconf 88' lang='lat' dir='ltr'><strong>a.</strong></span> <span class='ocrx_word' id='word_1_691' title='bbox 1093 4775 1125 4821; x_wconf 74' lang='grc'><strong>4</strong></span> <span class='ocrx_word' id='word_1_692' title='bbox 1150 4773 1214 4824; x_wconf 86' lang='lat' dir='ltr'><strong>ad</strong></span> <span class='ocrx_word' id='word_1_693' title='bbox 1257 4776 1304 4825; x_wconf 83' lang='grc'><strong>1.</strong></span> 
     </span>
    </p>
   </div>
   <div class='ocr_carea' id='block_1_95' title="bbox 881 4842 2365 4911">
    <p class='ocr_par' dir='ltr' id='par_1_95' title="bbox 881 4842 2365 4911">
     <span class='ocr_line' id='line_1_95' title="bbox 881 4842 2365 4911; baseline 0.007 -17"><span class='ocrx_word' id='word_1_694' title='bbox 881 4842 991 4911; x_wconf 81' lang='grc'><strong>(95)</strong></span> <span class='ocrx_word' id='word_1_695' title='bbox 1017 4842 1152 4896; x_wconf 86' lang='lat' dir='ltr'><strong>Cod.</strong></span> <span class='ocrx_word' id='word_1_696' title='bbox 1180 4842 1515 4897; x_wconf 76' lang='lat' dir='ltr'><strong>Monach.27</strong></span> <span class='ocrx_word' id='word_1_697' title='bbox 1534 4843 1571 4899; x_wconf 92' lang='lat' dir='ltr'><strong>f.</strong></span> <span class='ocrx_word' id='word_1_698' title='bbox 1592 4846 1651 4898; x_wconf 70' lang='grc'><strong>41</strong></span> <span class='ocrx_word' id='word_1_699' title='bbox 1680 4861 1731 4899; x_wconf 90' lang='lat' dir='ltr'><strong>a.</strong></span> <span class='ocrx_word' id='word_1_700' title='bbox 1756 4845 1843 4899; x_wconf 86' lang='lat' dir='ltr'><strong>hic</strong></span> <span class='ocrx_word' id='word_1_701' title='bbox 1858 4861 1918 4899; x_wconf 90' lang='lat' dir='ltr'><strong>ea</strong></span> <span class='ocrx_word' id='word_1_702' title='bbox 1947 4854 2156 4901; x_wconf 85' lang='lat' dir='ltr'><strong>tantum</strong></span> <span class='ocrx_word' id='word_1_703' title='bbox 2177 4849 2365 4904; x_wconf 67' lang='lat' dir='ltr'><strong>habet:</strong></span> 
     </span>
    </p>
   </div>
   <div class='ocr_carea' id='block_1_96' title="bbox 812 4912 2368 4985">
    <p class='ocr_par' dir='ltr' id='par_1_96' title="bbox 812 4912 2368 4985">
     <span class='ocr_line' id='line_1_96' title="bbox 812 4912 2368 4985; baseline 0.007 -23"><span class='ocrx_word' id='word_1_704' title='bbox 812 4912 933 4985; x_wconf 68' lang='grc' dir='ltr'><strong>ᾜτι</strong></span> <span class='ocrx_word' id='word_1_705' title='bbox 957 4915 1015 4985; x_wconf 58' lang='grc' dir='ltr'><strong>τὸ</strong></span> <span class='ocrx_word' id='word_1_706' title='bbox 1037 4913 1205 4985; x_wconf 57' lang='grc' dir='ltr'><strong>αἴτιον</strong></span> <span class='ocrx_word' id='word_1_707' title='bbox 1227 4914 1452 4985; x_wconf 67' lang='grc' dir='ltr'><strong>καθόλου</strong></span> <span class='ocrx_word' id='word_1_708' title='bbox 1477 4915 1616 4967; x_wconf 78' lang='grc' dir='ltr'><strong>κατὰ</strong></span> <span class='ocrx_word' id='word_1_709' title='bbox 1634 4916 1728 4967; x_wconf 81' lang='grc' dir='ltr'><strong>τοῦ</strong></span> <span class='ocrx_word' id='word_1_710' title='bbox 1753 4917 1961 4985; x_wconf 76' lang='grc' dir='ltr'><strong>Πατρός</strong></span> <span class='ocrx_word' id='word_1_711' title='bbox 1980 4935 2037 4969; x_wconf 83' lang='grc' dir='ltr'><strong>τε</strong></span> <span class='ocrx_word' id='word_1_712' title='bbox 2062 4921 2153 4971; x_wconf 73' lang='grc' dir='ltr'>καὶ</span> <span class='ocrx_word' id='word_1_713' title='bbox 2176 4921 2368 4983; x_wconf 72' lang='grc' dir='ltr'>προσο-</span> 
     </span>
    </p>
   </div>
   <div class='ocr_carea' id='block_1_97' title="bbox 807 4981 2365 5060">
    <p class='ocr_par' dir='ltr' id='par_1_97' title="bbox 807 4981 2365 5060">
     <span class='ocr_line' id='line_1_97' title="bbox 807 4981 2365 5060; baseline 0.006 -27"><span class='ocrx_word' id='word_1_714' title='bbox 807 4981 943 5060; x_wconf 37' lang='grc' dir='ltr'>ξαέῳις</span> <span class='ocrx_word' id='word_1_715' title='bbox 966 4981 1365 5060; x_wconf 44' lang='grc' dir='ltr'><strong>λεγόμεγον-νόη</strong></span> <span class='ocrx_word' id='word_1_716' title='bbox 1375 4986 1626 5060; x_wconf 31' lang='grc' dir='ltr'><strong>μαῌμόνον</strong></span> <span class='ocrx_word' id='word_1_717' title='bbox 1644 4986 1815 5060; x_wconf 55' lang='grc' dir='ltr'><strong>ἔσται,</strong></span> <span class='ocrx_word' id='word_1_718' title='bbox 1836 4981 1926 5038; x_wconf 58' lang='lat' dir='ltr'><strong>xui</strong></span> <span class='ocrx_word' id='word_1_719' title='bbox 1938 4989 2097 5060; x_wconf 66' lang='grc' dir='ltr'><strong>οὐδὲν</strong></span> <span class='ocrx_word' id='word_1_720' title='bbox 2115 4981 2365 5060; x_wconf 71' lang='grc' dir='ltr'><strong>πρᾷγμα·</strong></span> 
     </span>
    </p>
   </div>
   <div class='ocr_carea' id='block_1_98' title="bbox 807 5050 2367 5128">
    <p class='ocr_par' dir='ltr' id='par_1_98' title="bbox 807 5050 2367 5128">
     <span class='ocr_line' id='line_1_98' title="bbox 807 5050 2367 5128; baseline 0.009 -29"><span class='ocrx_word' id='word_1_721' title='bbox 807 5050 935 5128; x_wconf 32' lang='grc' dir='ltr'><strong>ᾗδὲ</strong></span> <span class='ocrx_word' id='word_1_722' title='bbox 978 5051 1223 5128; x_wconf 60' lang='grc' dir='ltr'><strong>τοιοῦαςὸνΔ</strong></span> <span class='ocrx_word' id='word_1_723' title='bbox 1251 5050 1417 5117; x_wconf 61' lang='grc' dir='ltr'><strong>ἐστίν),</strong></span> <span class='ocrx_word' id='word_1_724' title='bbox 1451 5050 1599 5128; x_wconf 52' lang='grc' dir='ltr'><strong>ἔστιν</strong></span> <span class='ocrx_word' id='word_1_725' title='bbox 1641 5056 1739 5108; x_wconf 74' lang='grc' dir='ltr'>οὐκ</span> <span class='ocrx_word' id='word_1_726' title='bbox 1781 5057 1868 5114; x_wconf 75' lang='grc' dir='ltr'><strong>ὃν·</strong></span> <span class='ocrx_word' id='word_1_727' title='bbox 1902 5059 1961 5109; x_wconf 76' lang='grc' dir='ltr'><strong>τὸ</strong></span> <span class='ocrx_word' id='word_1_728' title='bbox 1998 5058 2055 5128; x_wconf 67' lang='grc' dir='ltr'><strong>ᾂὲ</strong></span> <span class='ocrx_word' id='word_1_729' title='bbox 2082 5050 2281 5128; x_wconf 45' lang='lat' dir='ltr'><strong>pun-6v,-</strong></span> <span class='ocrx_word' id='word_1_730' title='bbox 2305 5062 2367 5113; x_wconf 80' lang='grc' dir='ltr'><strong>οὐ</strong></span> 
     </span>
    </p>
   </div>
   <div class='ocr_carea' id='block_1_99' title="bbox 807 5120 2369 5191">
    <p class='ocr_par' dir='ltr' id='par_1_99' title="bbox 807 5120 2369 5191">
     <span class='ocr_line' id='line_1_99' title="bbox 807 5120 2369 5191; baseline 0.005 -18"><span class='ocrx_word' id='word_1_731' title='bbox 807 5120 1030 5191; x_wconf 55' lang='grc' dir='ltr'><strong>δύνατμι</strong></span> <span class='ocrx_word' id='word_1_732' title='bbox 1070 5122 1162 5172; x_wconf 73' lang='grc' dir='ltr'>τοῦ</span> <span class='ocrx_word' id='word_1_733' title='bbox 1203 5124 1524 5191; x_wconf 78' lang='grc' dir='ltr'>ὑπερουσίου</span> <span class='ocrx_word' id='word_1_734' title='bbox 1579 5125 1934 5178; x_wconf 80' lang='grc' dir='ltr'>ὑποστατικὸν</span> <span class='ocrx_word' id='word_1_735' title='bbox 1980 5120 2156 5179; x_wconf 61' lang='lat' dir='ltr'><strong>sivit&quot;</strong></span> <span class='ocrx_word' id='word_1_736' title='bbox 2189 5128 2369 5182; x_wconf 81' lang='grc' dir='ltr'>λείπε-</span> 
     </span>
    </p>
   </div>
   <div class='ocr_carea' id='block_1_100' title="bbox 813 5187 2363 5255">
    <p class='ocr_par' dir='ltr' id='par_1_100' title="bbox 813 5187 2363 5255">
     <span class='ocr_line' id='line_1_100' title="bbox 813 5187 2363 5255; baseline 0.006 -12"><span class='ocrx_word' id='word_1_737' title='bbox 813 5209 902 5243; x_wconf 82' lang='grc' dir='ltr'><strong>ται</strong></span> <span class='ocrx_word' id='word_1_738' title='bbox 931 5187 1046 5253; x_wconf 83' lang='grc' dir='ltr'>οὖν,</span> <span class='ocrx_word' id='word_1_739' title='bbox 1081 5208 1134 5242; x_wconf 83' lang='grc' dir='ltr'><strong>κ.</strong></span> <span class='ocrx_word' id='word_1_740' title='bbox 1166 5209 1209 5243; x_wconf 84' lang='grc' dir='ltr'><strong>τ.</strong></span> <span class='ocrx_word' id='word_1_741' title='bbox 1251 5187 1438 5245; x_wconf 52' lang='grc' dir='ltr'>λξὸιηΐ</span> <span class='ocrx_word' id='word_1_742' title='bbox 1474 5196 1640 5246; x_wconf 88' lang='lat' dir='ltr'><strong>multo</strong></span> <span class='ocrx_word' id='word_1_743' title='bbox 1672 5197 1890 5248; x_wconf 87' lang='lat' dir='ltr'><strong>uberior</strong></span> <span class='ocrx_word' id='word_1_744' title='bbox 1920 5209 2003 5249; x_wconf 85' lang='lat' dir='ltr'><strong>est</strong></span> <span class='ocrx_word' id='word_1_745' title='bbox 2033 5207 2211 5252; x_wconf 75' lang='lat' dir='ltr'><strong>textus</strong></span> <span class='ocrx_word' id='word_1_746' title='bbox 2246 5198 2363 5255; x_wconf 87' lang='lat' dir='ltr'><strong>Lat.</strong></span> 
     </span>
    </p>
   </div>
   <div class='ocr_carea' id='block_1_101' title="bbox 819 5260 2362 5336">
    <p class='ocr_par' dir='ltr' id='par_1_101' title="bbox 819 5260 2362 5336">
     <span class='ocr_line' id='line_1_101' title="bbox 819 5260 2362 5336; baseline 0.006 -23"><span class='ocrx_word' id='word_1_747' title='bbox 819 5264 958 5336; x_wconf 85' lang='lat' dir='ltr'><strong>apud</strong></span> <span class='ocrx_word' id='word_1_748' title='bbox 992 5260 1153 5336; x_wconf 82' lang='lat' dir='ltr'><strong>Hard.</strong></span> <span class='ocrx_word' id='word_1_749' title='bbox 1188 5262 1229 5336; x_wconf 91' lang='lat' dir='ltr'><strong>l._</strong></span> <span class='ocrx_word' id='word_1_750' title='bbox 1256 5278 1303 5336; x_wconf 68' lang='lat' dir='ltr'><strong>_e.</strong></span> <span class='ocrx_word' id='word_1_751' title='bbox 1338 5280 1354 5312; x_wconf 77' lang='grc' dir='ltr'><strong>ι</strong></span> <span class='ocrx_word' id='word_1_752' title='bbox 1393 5263 1520 5316; x_wconf 88' lang='lat' dir='ltr'><strong>Item</strong></span> <span class='ocrx_word' id='word_1_753' title='bbox 1552 5280 1673 5316; x_wconf 85' lang='lat' dir='ltr'><strong>eum</strong></span> <span class='ocrx_word' id='word_1_754' title='bbox 1708 5282 1871 5319; x_wconf 85' lang='lat' dir='ltr'><strong>causa</strong></span> <span class='ocrx_word' id='word_1_755' title='bbox 1916 5284 2008 5319; x_wconf 90' lang='lat' dir='ltr'><strong>seu</strong></span> <span class='ocrx_word' id='word_1_756' title='bbox 2041 5269 2362 5336; x_wconf 67' lang='lat' dir='ltr'><strong>principium</strong></span> 
     </span>
    </p>
   </div>
   <div class='ocr_carea' id='block_1_102' title="bbox 818 5330 2361 5400">
    <p class='ocr_par' dir='ltr' id='par_1_102' title="bbox 818 5330 2361 5400">
     <span class='ocr_line' id='line_1_102' title="bbox 818 5330 2361 5400; baseline 0.007 -19"><span class='ocrx_word' id='word_1_757' title='bbox 818 5330 1118 5383; x_wconf 85' lang='lat' dir='ltr'><strong>universale</strong></span> <span class='ocrx_word' id='word_1_758' title='bbox 1143 5332 1394 5400; x_wconf 87' lang='lat' dir='ltr'><strong>quiddam</strong></span> <span class='ocrx_word' id='word_1_759' title='bbox 1429 5337 1525 5397; x_wconf 89' lang='lat' dir='ltr'><strong>sit;</strong></span> <span class='ocrx_word' id='word_1_760' title='bbox 1567 5336 1666 5386; x_wconf 81' lang='lat' dir='ltr'><strong>hoc</strong></span> <span class='ocrx_word' id='word_1_761' title='bbox 1711 5339 1912 5389; x_wconf 87' lang='lat' dir='ltr'><strong>dictum</strong></span> <span class='ocrx_word' id='word_1_762' title='bbox 1940 5330 2361 5392; x_wconf 43' lang='lat' dir='ltr'><strong>est-seculidunt</strong></span> 
     </span>
    </p>
   </div>
   <div class='ocr_carea' id='block_1_103' title="bbox 816 5400 2363 5471">
    <p class='ocr_par' dir='ltr' id='par_1_103' title="bbox 816 5400 2363 5471">
     <span class='ocr_line' id='line_1_103' title="bbox 816 5400 2363 5471; baseline 0.007 -19"><span class='ocrx_word' id='word_1_763' title='bbox 816 5401 935 5453; x_wconf 86' lang='lat' dir='ltr'><strong>illos</strong></span> <span class='ocrx_word' id='word_1_764' title='bbox 977 5400 1341 5469; x_wconf 84' lang='lat' dir='ltr'><strong>philosophos,</strong></span> <span class='ocrx_word' id='word_1_765' title='bbox 1384 5406 1474 5471; x_wconf 89' lang='lat' dir='ltr'><strong>qui</strong></span> <span class='ocrx_word' id='word_1_766' title='bbox 1522 5414 1704 5456; x_wconf 79' lang='lat' dir='ltr'><strong>tenent</strong></span> <span class='ocrx_word' id='word_1_767' title='bbox 1754 5407 2212 5459; x_wconf 80' lang='lat' dir='ltr'><strong>universalilatem</strong></span> <span class='ocrx_word' id='word_1_768' title='bbox 2252 5411 2363 5463; x_wconf 86' lang='lat' dir='ltr'><strong>lieti</strong></span> 
     </span>
    </p>
   </div>
   <div class='ocr_carea' id='block_1_104' title="bbox 816 5471 2363 5535">
    <p class='ocr_par' dir='ltr' id='par_1_104' title="bbox 816 5471 2363 5535">
     <span class='ocr_line' id='line_1_104' title="bbox 816 5471 2363 5535; baseline 0.006 -12"><span class='ocrx_word' id='word_1_769' title='bbox 816 5471 1108 5523; x_wconf 68' lang='lat' dir='ltr'><strong>secundum</strong></span> <span class='ocrx_word' id='word_1_770' title='bbox 1143 5473 1490 5535; x_wconf 85' lang='lat' dir='ltr'><strong>intellectum;</strong></span> <span class='ocrx_word' id='word_1_771' title='bbox 1530 5475 1573 5527; x_wconf 91' lang='lat' dir='ltr'><strong>si</strong></span> <span class='ocrx_word' id='word_1_772' title='bbox 1615 5484 1789 5527; x_wconf 84' lang='lat' dir='ltr'><strong>tamen</strong></span> <span class='ocrx_word' id='word_1_773' title='bbox 1825 5477 2097 5531; x_wconf 75' lang='lat' dir='ltr'><strong>diceretur</strong></span> <span class='ocrx_word' id='word_1_774' title='bbox 2146 5481 2363 5531; x_wconf 71' lang='lat' dir='ltr'><strong>tltItVt&#39;r-</strong></span> 
     </span>
    </p>
   </div>
   <div class='ocr_carea' id='block_1_105' title="bbox 814 5540 2363 5613">
    <p class='ocr_par' dir='ltr' id='par_1_105' title="bbox 814 5540 2363 5613">
     <span class='ocr_line' id='line_1_105' title="bbox 814 5540 2363 5613; baseline 0.008 -22"><span class='ocrx_word' id='word_1_775' title='bbox 814 5540 946 5592; x_wconf 88' lang='lat' dir='ltr'><strong>salia</strong></span> <span class='ocrx_word' id='word_1_776' title='bbox 1002 5541 1149 5613; x_wconf 5' lang='lat' dir='ltr'><strong>nullo,</strong></span> <span class='ocrx_word' id='word_1_777' title='bbox 1192 5543 1351 5613; x_wconf 88' lang='lat' dir='ltr'><strong>modo</strong></span> <span class='ocrx_word' id='word_1_778' title='bbox 1394 5544 1461 5595; x_wconf 86' lang='lat' dir='ltr'><strong>ab</strong></span> <span class='ocrx_word' id='word_1_779' title='bbox 1514 5545 1780 5597; x_wconf 88' lang='lat' dir='ltr'><strong>intellectu</strong></span> <span class='ocrx_word' id='word_1_780' title='bbox 1829 5546 2148 5613; x_wconf 81' lang='lat' dir='ltr'><strong>dependere,</strong></span> <span class='ocrx_word' id='word_1_781' title='bbox 2187 5551 2363 5604; x_wconf 85' lang='lat' dir='ltr'><strong>adhuc</strong></span> 
     </span>
    </p>
   </div>
   <div class='ocr_carea' id='block_1_106' title="bbox 816 5610 2360 5686">
    <p class='ocr_par' dir='ltr' id='par_1_106' title="bbox 816 5610 2360 5686">
     <span class='ocr_line' id='line_1_106' title="bbox 816 5610 2360 5686; baseline 0.008 -27"><span class='ocrx_word' id='word_1_782' title='bbox 816 5626 917 5660; x_wconf 89' lang='lat' dir='ltr'><strong>non</strong></span> <span class='ocrx_word' id='word_1_783' title='bbox 942 5620 1083 5686; x_wconf 48' lang='grc' dir='ltr'>θελοι</span> <span class='ocrx_word' id='word_1_784' title='bbox 1104 5610 1409 5686; x_wconf 73' lang='lat' dir='ltr'><strong>dicendum,</strong></span> <span class='ocrx_word' id='word_1_785' title='bbox 1428 5616 1566 5681; x_wconf 88' lang='lat' dir='ltr'><strong>quod</strong></span> <span class='ocrx_word' id='word_1_786' title='bbox 1586 5614 1712 5686; x_wconf 88' lang='lat' dir='ltr'><strong>illud</strong></span> <span class='ocrx_word' id='word_1_787' title='bbox 1741 5610 2009 5667; x_wconf 66' lang='lat' dir='ltr'><strong>commune</strong></span> <span class='ocrx_word' id='word_1_788' title='bbox 2038 5619 2360 5686; x_wconf 83' lang='lat' dir='ltr'><strong>principium</strong></span> 
     </span>
    </p>
   </div>
   <div class='ocr_carea' id='block_1_107' title="bbox 812 5680 2359 5753">
    <p class='ocr_par' dir='ltr' id='par_1_107' title="bbox 812 5680 2359 5753">
     <span class='ocr_line' id='line_1_107' title="bbox 812 5680 2359 5753; baseline 0.006 -22"><span class='ocrx_word' id='word_1_789' title='bbox 812 5689 953 5731; x_wconf 74' lang='lat' dir='ltr'><strong>esset</strong></span> <span class='ocrx_word' id='word_1_790' title='bbox 1004 5680 1240 5753; x_wconf 82' lang='lat' dir='ltr'><strong>alicujus</strong></span> <span class='ocrx_word' id='word_1_791' title='bbox 1294 5698 1533 5748; x_wconf 73' lang='lat' dir='ltr'><strong>persona:</strong></span> <span class='ocrx_word' id='word_1_792' title='bbox 1580 5685 1878 5738; x_wconf 85' lang='lat' dir='ltr'><strong>I&#39;ormalitcr</strong></span> <span class='ocrx_word' id='word_1_793' title='bbox 1927 5680 2359 5753; x_wconf 58' lang='lat' dir='ltr'><strong>conétitutiium,</strong></span> 
     </span>
    </p>
   </div>
   <div class='ocr_carea' id='block_1_108' title="bbox 813 5750 1954 5825">
    <p class='ocr_par' dir='ltr' id='par_1_108' title="bbox 813 5750 1954 5825">
     <span class='ocr_line' id='line_1_108' title="bbox 813 5750 1954 5825; baseline 0.008 -24"><span class='ocrx_word' id='word_1_794' title='bbox 813 5750 1440 5825; x_wconf 61' lang='lat' dir='ltr'><strong>eumcommunicahile,</strong></span> <span class='ocrx_word' id='word_1_795' title='bbox 1468 5772 1496 5825; x_wconf 14' lang='grc' dir='ltr'><strong>ί»</strong></span> <span class='ocrx_word' id='word_1_796' title='bbox 1530 5763 1654 5819; x_wconf 81' lang='lat' dir='ltr'><strong>ete.,</strong></span> <span class='ocrx_word' id='word_1_797' title='bbox 1686 5766 1742 5807; x_wconf 83' lang='grc' dir='ltr'><strong>ιιι</strong></span> <span class='ocrx_word' id='word_1_798' title='bbox 1772 5772 1954 5825; x_wconf 80' lang='lat' dir='ltr'><strong>supra.</strong></span> 
     </span>
    </p>
   </div>
   <div class='ocr_carea' id='block_1_109' title="bbox 883 5820 2361 5902">
    <p class='ocr_par' dir='ltr' id='par_1_109' title="bbox 883 5820 2361 5902">
     <span class='ocr_line' id='line_1_109' title="bbox 883 5820 2361 5902; baseline 0.007 -29"><span class='ocrx_word' id='word_1_799' title='bbox 883 5820 991 5889; x_wconf 66' lang='grc' dir='ltr'><strong>(οι)</strong></span> <span class='ocrx_word' id='word_1_800' title='bbox 1024 5820 1077 5873; x_wconf 91' lang='lat' dir='ltr'><strong>In</strong></span> <span class='ocrx_word' id='word_1_801' title='bbox 1117 5822 1236 5876; x_wconf 87' lang='lat' dir='ltr'><strong>cod.</strong></span> <span class='ocrx_word' id='word_1_802' title='bbox 1286 5821 1427 5877; x_wconf 81' lang='lat' dir='ltr'><strong>Men.</strong></span> <span class='ocrx_word' id='word_1_803' title='bbox 1462 5824 1499 5877; x_wconf 90' lang='grc' dir='ltr'><strong>Ι.</strong></span> <span class='ocrx_word' id='word_1_804' title='bbox 1533 5839 1584 5879; x_wconf 90' lang='lat' dir='ltr'><strong>c.</strong></span> <span class='ocrx_word' id='word_1_805' title='bbox 1638 5820 1853 5881; x_wconf 70' lang='lat' dir='ltr'><strong>tantum</strong></span> <span class='ocrx_word' id='word_1_806' title='bbox 1891 5829 2085 5901; x_wconf 85' lang='lat' dir='ltr'><strong>legitur</strong></span> <span class='ocrx_word' id='word_1_807' title='bbox 2114 5848 2127 5885; x_wconf 87' lang='lat'><strong>:</strong></span> <span class='ocrx_word' id='word_1_808' title='bbox 2160 5828 2219 5883; x_wconf 82' lang='grc' dir='ltr'>Εἰ</span> <span class='ocrx_word' id='word_1_809' title='bbox 2263 5832 2361 5902; x_wconf 79' lang='grc' dir='ltr'><strong>μὲν</strong></span> 
     </span>
    </p>
   </div>
   <div class='ocr_carea' id='block_1_110' title="bbox 2477 4713 4049 4802">
    <p class='ocr_par' dir='ltr' id='par_1_110' title="bbox 2477 4713 4049 4802">
     <span class='ocr_line' id='line_1_110' title="bbox 2477 4713 4049 4802; baseline 0.011 -31"><span class='ocrx_word' id='word_1_810' title='bbox 2477 4713 2973 4802; x_wconf 28' lang='grc' dir='ltr'><strong>οὗνῃκαςιλέκάτεροεί</strong></span> <span class='ocrx_word' id='word_1_811' title='bbox 2991 4721 3120 4802; x_wconf 55' lang='grc' dir='ltr'>ᾗδίᾳ,</span> <span class='ocrx_word' id='word_1_812' title='bbox 3145 4724 3239 4802; x_wconf 63' lang='grc' dir='ltr'><strong>ᾂύο</strong></span> <span class='ocrx_word' id='word_1_813' title='bbox 3260 4726 3366 4795; x_wconf 84' lang='grc' dir='ltr'><strong>ἄρα</strong></span> <span class='ocrx_word' id='word_1_814' title='bbox 3387 4728 3499 4802; x_wconf 44' lang='grc' dir='ltr'><strong>ἕῖδη</strong></span> <span class='ocrx_word' id='word_1_815' title='bbox 3524 4730 3550 4781; x_wconf 86' lang='grc' dir='ltr'>ὁ</span> <span class='ocrx_word' id='word_1_816' title='bbox 3579 4730 3765 4802; x_wconf 65' lang='grc' dir='ltr'><strong>Πᾳτὴρ</strong></span> <span class='ocrx_word' id='word_1_817' title='bbox 3792 4732 3929 4799; x_wconf 71' lang='grc' dir='ltr'>ἕξει.</span> <span class='ocrx_word' id='word_1_818' title='bbox 3953 4736 4049 4789; x_wconf 72' lang='grc' dir='ltr'><strong>καὶ</strong></span> 
     </span>
    </p>
   </div>
   <div class='ocr_carea' id='block_1_111' title="bbox 2477 4788 4048 4875">
    <p class='ocr_par' dir='ltr' id='par_1_111' title="bbox 2477 4788 4048 4875">
     <span class='ocr_line' id='line_1_111' title="bbox 2477 4788 4048 4875; baseline 0.01 -34"><span class='ocrx_word' id='word_1_819' title='bbox 2477 4788 2785 4874; x_wconf 53' lang='grc' dir='ltr'>ἀκολούθέρς</span> <span class='ocrx_word' id='word_1_820' title='bbox 2811 4788 2914 4875; x_wconf 51' lang='grc' dir='ltr'><strong>μάὶ</strong></span> <span class='ocrx_word' id='word_1_821' title='bbox 2945 4790 3037 4875; x_wconf 66' lang='grc' dir='ltr'><strong>δύρ</strong></span> <span class='ocrx_word' id='word_1_822' title='bbox 3066 4788 3351 4875; x_wconf 49' lang='grc' dir='ltr'><strong>ἆτρόσιυπξι-</strong></span> <span class='ocrx_word' id='word_1_823' title='bbox 3398 4788 3577 4875; x_wconf 62' lang='grc' dir='ltr'>ἐστὶιιὶ</span> <span class='ocrx_word' id='word_1_824' title='bbox 3618 4800 3693 4861; x_wconf 75' lang='grc' dir='ltr'><strong>ὡς</strong></span> <span class='ocrx_word' id='word_1_825' title='bbox 3716 4788 3856 4875; x_wconf 63' lang='grc' dir='ltr'><strong>’ὶδύοῖ</strong></span> <span class='ocrx_word' id='word_1_826' title='bbox 3882 4788 4048 4875; x_wconf 45' lang='lat' dir='ltr'><strong>apes?</strong></span> 
     </span>
    </p>
   </div>
   <div class='ocr_carea' id='block_1_112' title="bbox 2474 4857 4047 4944">
    <p class='ocr_par' dir='ltr' id='par_1_112' title="bbox 2474 4857 4047 4944">
     <span class='ocr_line' id='line_1_112' title="bbox 2474 4857 4047 4944; baseline 0.013 -37"><span class='ocrx_word' id='word_1_827' title='bbox 2474 4857 2785 4944; x_wconf 53' lang='grc' dir='ltr'><strong>ῳπιξςὰεξὸη</strong></span> <span class='ocrx_word' id='word_1_828' title='bbox 2810 4858 2967 4944; x_wconf 54' lang='grc' dir='ltr'><strong>ἔχεων,</strong></span> <span class='ocrx_word' id='word_1_829' title='bbox 2995 4857 3181 4935; x_wconf 62' lang='grc' dir='ltr'>ὥσπέρ</span> <span class='ocrx_word' id='word_1_830' title='bbox 3204 4865 3269 4919; x_wconf 82' lang='grc' dir='ltr'><strong>ἂν</strong></span> <span class='ocrx_word' id='word_1_831' title='bbox 3295 4866 3351 4918; x_wconf 78' lang='grc' dir='ltr'><strong>εἴ</strong></span> <span class='ocrx_word' id='word_1_832' title='bbox 3375 4884 3456 4931; x_wconf 82' lang='grc' dir='ltr'>τις</span> <span class='ocrx_word' id='word_1_833' title='bbox 3485 4857 3771 4938; x_wconf 42' lang='lat' dir='ltr'><strong>bonum);</strong></span> <span class='ocrx_word' id='word_1_834' title='bbox 3799 4872 3893 4926; x_wconf 71' lang='grc' dir='ltr'><strong>δύο</strong></span> <span class='ocrx_word' id='word_1_835' title='bbox 3926 4857 4047 4944; x_wconf 76' lang='grc' dir='ltr'><strong>⁸ἔχοι.</strong></span> 
     </span>
    </p>
   </div>
   <div class='ocr_carea' id='block_1_113' title="bbox 2474 4929 3079 4998">
    <p class='ocr_par' dir='ltr' id='par_1_113' title="bbox 2474 4929 3079 4998">
     <span class='ocr_line' id='line_1_113' title="bbox 2474 4929 3079 4998; baseline 0.01 -19"><span class='ocrx_word' id='word_1_836' title='bbox 2474 4929 2673 4998; x_wconf 73' lang='grc' dir='ltr'><strong>ψυχὰς,</strong></span> <span class='ocrx_word' id='word_1_837' title='bbox 2698 4929 2793 4998; x_wconf 69' lang='grc' dir='ltr'><strong>ῥπε</strong></span> <span class='ocrx_word' id='word_1_838' title='bbox 2805 4945 2833 4998; x_wconf 91' lang='grc' dir='ltr'><strong>ρ</strong></span> <span class='ocrx_word' id='word_1_839' title='bbox 2861 4931 3079 4986; x_wconf 80' lang='grc' dir='ltr'>ἄτοπον.</span> 
     </span>
    </p>
   </div>
   <div class='ocr_carea' id='block_1_114' title="bbox 2548 4947 4044 5083">
    <p class='ocr_par' dir='ltr' id='par_1_114' title="bbox 2548 4947 4044 5083">
     <span class='ocr_line' id='line_1_114' title="bbox 2552 4947 3079 5050; baseline 0.011 -71"><span class='ocrx_word' id='word_1_840' title='bbox 2552 4947 2673 5050; x_wconf 38' lang='lat'><strong>51;,</strong></span> <span class='ocrx_word' id='word_1_841' title='bbox 2700 4947 2833 5007; x_wconf 62' lang='grc' dir='ltr'>οτῖξρ</span> <span class='ocrx_word' id='word_1_842' title='bbox 2861 4947 3079 4986; x_wconf 81' lang='grc' dir='ltr'>ατοπον.</span> 
     </span>
     <span class='ocr_line' id='line_1_115' title="bbox 2548 4997 4044 5083; baseline 0.011 -33"><span class='ocrx_word' id='word_1_843' title='bbox 2548 5000 2564 5061; x_wconf 89' lang='grc'><strong>(</strong></span> <span class='ocrx_word' id='word_1_844' title='bbox 2606 4997 2827 5083; x_wconf 47' lang='grc' dir='ltr'><strong>ὁ).ιιιι(1.</strong></span> <span class='ocrx_word' id='word_1_845' title='bbox 2882 4999 2943 5052; x_wconf 82' lang='grc' dir='ltr'><em>Ἢ</em></span> <span class='ocrx_word' id='word_1_846' title='bbox 2986 5002 3175 5083; x_wconf 48' lang='lat' dir='ltr'><strong>aput-cn</strong></span> <span class='ocrx_word' id='word_1_847' title='bbox 3195 5006 3303 5083; x_wconf 42' lang='grc' dir='ltr'><strong>,καὶ</strong></span> <span class='ocrx_word' id='word_1_848' title='bbox 3336 5008 3539 5076; x_wconf 80' lang='grc' dir='ltr'>ἄμεσος</span> <span class='ocrx_word' id='word_1_849' title='bbox 3570 5010 3821 5083; x_wconf 26' lang='grc' dir='ltr'><strong>*ἑκάστου</strong></span> <span class='ocrx_word' id='word_1_850' title='bbox 3873 5032 4044 5083; x_wconf 88' lang='grc' dir='ltr'>προσ-</span> 
     </span>
    </p>
   </div>
   <div class='ocr_carea' id='block_1_115' title="bbox 2473 5066 4043 5146">
    <p class='ocr_par' dir='ltr' id='par_1_115' title="bbox 2473 5066 4043 5146">
     <span class='ocr_line' id='line_1_116' title="bbox 2473 5066 4043 5146; baseline 0.011 -27"><span class='ocrx_word' id='word_1_851' title='bbox 2473 5066 2923 5146; x_wconf 63' lang='grc' dir='ltr'><strong>ώπουὶνέργξια</strong></span> <span class='ocrx_word' id='word_1_852' title='bbox 2974 5066 3222 5146; x_wconf 23' lang='grc' dir='ltr'><strong>*τοῦ</strong></span> <span class='ocrx_word' id='word_1_853' title='bbox 3274 5066 3596 5131; x_wconf 64' lang='grc' dir='ltr'><strong>συσῖωτωξοῦ</strong></span> <span class='ocrx_word' id='word_1_854' title='bbox 3649 5083 3822 5146; x_wconf 74' lang='grc' dir='ltr'>εἴδους</span> <span class='ocrx_word' id='word_1_855' title='bbox 3876 5066 4043 5139; x_wconf 63' lang='grc' dir='ltr'>αξιέοῦ</span> 
     </span>
    </p>
   </div>
   <div class='ocr_carea' id='block_1_116' title="bbox 2474 5139 4043 5225">
    <p class='ocr_par' dir='ltr' id='par_1_116' title="bbox 2474 5139 4043 5225">
     <span class='ocr_line' id='line_1_117' title="bbox 2474 5139 4043 5225; baseline 0.011 -35"><span class='ocrx_word' id='word_1_856' title='bbox 2474 5139 2689 5222; x_wconf 59' lang='grc' dir='ltr'>προεισι</span> <span class='ocrx_word' id='word_1_857' title='bbox 2719 5153 2751 5225; x_wconf 41' lang='grc' dir='ltr'><strong>’θ</strong></span> <span class='ocrx_word' id='word_1_858' title='bbox 2785 5141 3025 5225; x_wconf 44' lang='lat' dir='ltr'><strong>adfer?</strong></span> <span class='ocrx_word' id='word_1_859' title='bbox 3050 5143 3206 5225; x_wconf 50' lang='lat' dir='ltr'><strong>man</strong></span> <span class='ocrx_word' id='word_1_860' title='bbox 3239 5146 3509 5225; x_wconf 59' lang='grc' dir='ltr'><strong>ἐνέργειαι</strong></span> <span class='ocrx_word' id='word_1_861' title='bbox 3538 5150 3626 5225; x_wconf 65' lang='grc' dir='ltr'>ῥιὰ</span> <span class='ocrx_word' id='word_1_862' title='bbox 3688 5139 3893 5225; x_wconf 62' lang='grc' dir='ltr'><strong>ςαύέης</strong></span> <span class='ocrx_word' id='word_1_863' title='bbox 3945 5156 4043 5223; x_wconf 66' lang='grc' dir='ltr'><strong>τῆς</strong></span> 
     </span>
    </p>
   </div>
   <div class='ocr_carea' id='block_1_117' title="bbox 2474 5208 4041 5294">
    <p class='ocr_par' dir='ltr' id='par_1_117' title="bbox 2474 5208 4041 5294">
     <span class='ocr_line' id='line_1_118' title="bbox 2474 5208 4041 5294; baseline 0.012 -36"><span class='ocrx_word' id='word_1_864' title='bbox 2474 5208 2700 5293; x_wconf 55' lang='grc' dir='ltr'><strong>τιρώτης</strong></span> <span class='ocrx_word' id='word_1_865' title='bbox 2716 5208 2922 5287; x_wconf 58' lang='grc' dir='ltr'><strong>ῥηλαδὴ</strong></span> <span class='ocrx_word' id='word_1_866' title='bbox 2947 5212 3224 5294; x_wconf 42' lang='grc' dir='ltr'>ἐνεργείας</span> <span class='ocrx_word' id='word_1_867' title='bbox 3407 5219 3456 5270; x_wconf 80' lang='grc' dir='ltr'><strong>εἰ</strong></span> <span class='ocrx_word' id='word_1_868' title='bbox 3476 5220 3602 5294; x_wconf 63' lang='grc' dir='ltr'><strong>γοῦν</strong></span> <span class='ocrx_word' id='word_1_869' title='bbox 3633 5223 3725 5294; x_wconf 64' lang='lat' dir='ltr'><strong>xei</strong></span> <span class='ocrx_word' id='word_1_870' title='bbox 3753 5208 3858 5276; x_wconf 48' lang='lat'><strong>105.</strong></span> <span class='ocrx_word' id='word_1_871' title='bbox 3874 5208 4041 5294; x_wconf 55' lang='grc' dir='ltr'>στραέί</span> 
     </span>
    </p>
   </div>
   <div class='ocr_carea' id='block_1_118' title="bbox 2472 5276 4041 5354">
    <p class='ocr_par' dir='ltr' id='par_1_118' title="bbox 2472 5276 4041 5354">
     <span class='ocr_line' id='line_1_119' title="bbox 2472 5276 4041 5354; baseline 0.013 -27"><span class='ocrx_word' id='word_1_872' title='bbox 2472 5276 2622 5354; x_wconf 50' lang='grc' dir='ltr'>ἀέξου</span> <span class='ocrx_word' id='word_1_873' title='bbox 2649 5277 2742 5354; x_wconf 54' lang='grc' dir='ltr'><strong>τοῦ</strong></span> <span class='ocrx_word' id='word_1_874' title='bbox 2767 5276 3118 5354; x_wconf 51' lang='grc' dir='ltr'>πατρικοῦλῶ</span> <span class='ocrx_word' id='word_1_875' title='bbox 3154 5287 3470 5354; x_wconf 66' lang='grc' dir='ltr'><strong>προϐάλλειν</strong></span> <span class='ocrx_word' id='word_1_876' title='bbox 3486 5276 3608 5342; x_wconf 64' lang='grc' dir='ltr'>ἓστὶ</span> <span class='ocrx_word' id='word_1_877' title='bbox 3628 5292 3688 5342; x_wconf 75' lang='grc' dir='ltr'><strong>τὸ</strong></span> <span class='ocrx_word' id='word_1_878' title='bbox 3718 5276 4041 5347; x_wconf 71' lang='grc' dir='ltr'>συστατίκὸν</span> 
     </span>
    </p>
   </div>
   <div class='ocr_carea' id='block_1_119' title="bbox 2472 5341 4039 5432">
    <p class='ocr_par' dir='ltr' id='par_1_119' title="bbox 2472 5341 4039 5432">
     <span class='ocr_line' id='line_1_120' title="bbox 2472 5341 4039 5432; baseline 0.013 -35"><span class='ocrx_word' id='word_1_879' title='bbox 2472 5341 2634 5431; x_wconf 25' lang='grc' dir='ltr'><strong>εἷὶδοςὶ</strong></span> <span class='ocrx_word' id='word_1_880' title='bbox 2664 5341 2889 5432; x_wconf 24' lang='lat' dir='ltr'><strong>totast).</strong></span> <span class='ocrx_word' id='word_1_881' title='bbox 2922 5350 3020 5418; x_wconf 82' lang='grc' dir='ltr'><strong>μὲν</strong></span> <span class='ocrx_word' id='word_1_882' title='bbox 3048 5341 3272 5432; x_wconf 56' lang='grc' dir='ltr'>στϊεῦσις</span> <span class='ocrx_word' id='word_1_883' title='bbox 3313 5357 3345 5425; x_wconf 79' lang='grc' dir='ltr'><strong>ἢ</strong></span> <span class='ocrx_word' id='word_1_884' title='bbox 3375 5360 3708 5432; x_wconf 58' lang='grc' dir='ltr'><strong>⁸ἐδςςτόρειιπις</strong></span> <span class='ocrx_word' id='word_1_885' title='bbox 3756 5366 3789 5432; x_wconf 76' lang='grc' dir='ltr'>ἡ</span> <span class='ocrx_word' id='word_1_886' title='bbox 3848 5366 4039 5432; x_wconf 76' lang='grc' dir='ltr'><strong>πρώτη</strong></span> 
     </span>
    </p>
   </div>
   <div class='ocr_carea' id='block_1_120' title="bbox 2472 5417 4038 5492">
    <p class='ocr_par' dir='ltr' id='par_1_120' title="bbox 2472 5417 4038 5492">
     <span class='ocr_line' id='line_1_121' title="bbox 2472 5417 4038 5492; baseline 0.01 -23"><span class='ocrx_word' id='word_1_887' title='bbox 2472 5417 2666 5492; x_wconf 55' lang='grc' dir='ltr'><strong>αὑτοῦΔ</strong></span> <span class='ocrx_word' id='word_1_888' title='bbox 2686 5422 2785 5492; x_wconf 50' lang='lat' dir='ltr'><strong>an&quot;.</strong></span> <span class='ocrx_word' id='word_1_889' title='bbox 2815 5417 3014 5492; x_wconf 67' lang='grc' dir='ltr'>ἆμξσος</span> <span class='ocrx_word' id='word_1_890' title='bbox 3044 5417 3294 5492; x_wconf 66' lang='grc' dir='ltr'><strong>ἐνέργειά.</strong></span> <span class='ocrx_word' id='word_1_891' title='bbox 3324 5417 3345 5456; x_wconf 60' lang='grc' dir='ltr'><strong><em>ί</em></strong></span> <span class='ocrx_word' id='word_1_892' title='bbox 3369 5428 3458 5481; x_wconf 75' lang='grc' dir='ltr'><strong>διὰ</strong></span> <span class='ocrx_word' id='word_1_893' title='bbox 3490 5417 3546 5482; x_wconf 75' lang='grc' dir='ltr'><strong>δὲ</strong></span> <span class='ocrx_word' id='word_1_894' title='bbox 3596 5417 3703 5483; x_wconf 63' lang='grc' dir='ltr'><strong>’.τοῦ⁷</strong></span> <span class='ocrx_word' id='word_1_895' title='bbox 3750 5417 3906 5487; x_wconf 64' lang='grc' dir='ltr'><strong>πένεΞῦ</strong></span> <span class='ocrx_word' id='word_1_896' title='bbox 3947 5417 4038 5485; x_wconf 66' lang='grc' dir='ltr'><strong>καί</strong></span> 
     </span>
    </p>
   </div>
   <div class='ocr_carea' id='block_1_121' title="bbox 2474 5486 4038 5561">
    <p class='ocr_par' dir='ltr' id='par_1_121' title="bbox 2474 5486 4038 5561">
     <span class='ocr_line' id='line_1_122' title="bbox 2474 5486 4038 5561; baseline 0.012 -25"><span class='ocrx_word' id='word_1_897' title='bbox 2474 5486 2797 5561; x_wconf 28' lang='grc' dir='ltr'><strong>προξάὶλελιν</strong></span> <span class='ocrx_word' id='word_1_898' title='bbox 2856 5486 3242 5561; x_wconf 50' lang='grc' dir='ltr'><strong>γέξνηθήσέέαι</strong></span> <span class='ocrx_word' id='word_1_899' title='bbox 3293 5499 3321 5548; x_wconf 84' lang='grc' dir='ltr'>ὁ</span> <span class='ocrx_word' id='word_1_900' title='bbox 3378 5500 3538 5561; x_wconf 74' lang='grc' dir='ltr'><strong>Υἱὸς’</strong></span> <span class='ocrx_word' id='word_1_901' title='bbox 3600 5504 3693 5553; x_wconf 73' lang='grc' dir='ltr'><strong>καὶ</strong></span> <span class='ocrx_word' id='word_1_902' title='bbox 3741 5486 3923 5558; x_wconf 39' lang='lat' dir='ltr'><strong>obarsit:</strong></span> <span class='ocrx_word' id='word_1_903' title='bbox 3980 5508 4038 5555; x_wconf 77' lang='grc' dir='ltr'>τὸ</span> 
     </span>
    </p>
   </div>
   <div class='ocr_carea' id='block_1_122' title="bbox 2474 5556 4037 5639">
    <p class='ocr_par' dir='ltr' id='par_1_122' title="bbox 2474 5556 4037 5639">
     <span class='ocr_line' id='line_1_123' title="bbox 2474 5556 4037 5639; baseline 0.014 -34"><span class='ocrx_word' id='word_1_904' title='bbox 2474 5556 2695 5639; x_wconf 52' lang='grc' dir='ltr'><strong>Ηχεῦεέοι</strong></span> <span class='ocrx_word' id='word_1_905' title='bbox 2729 5557 2820 5635; x_wconf 57' lang='grc' dir='ltr'>διὲξ</span> <span class='ocrx_word' id='word_1_906' title='bbox 2856 5559 2948 5639; x_wconf 49' lang='grc' dir='ltr'><strong>ςερῦ</strong></span> <span class='ocrx_word' id='word_1_907' title='bbox 2982 5556 3135 5639; x_wconf 44' lang='grc' dir='ltr'><strong>β’ἱοῦ.</strong></span> <span class='ocrx_word' id='word_1_908' title='bbox 3168 5564 3243 5627; x_wconf 83' lang='grc' dir='ltr'><strong>ὡς</strong></span> <span class='ocrx_word' id='word_1_909' title='bbox 3279 5569 3326 5639; x_wconf 86' lang='grc' dir='ltr'>οἱ</span> <span class='ocrx_word' id='word_1_910' title='bbox 3364 5556 3602 5639; x_wconf 69' lang='grc' dir='ltr'>θεολογοι</span> <span class='ocrx_word' id='word_1_911' title='bbox 3634 5575 3820 5638; x_wconf 71' lang='grc' dir='ltr'><strong>φασὶν,</strong></span> <span class='ocrx_word' id='word_1_912' title='bbox 3851 5556 3979 5628; x_wconf 52' lang='grc' dir='ltr'><strong>ἁλλ’</strong></span> <span class='ocrx_word' id='word_1_913' title='bbox 4009 5576 4037 5627; x_wconf 84' lang='grc' dir='ltr'>ὁ</span> 
     </span>
    </p>
   </div>
   <div class='ocr_carea' id='block_1_123' title="bbox 2472 5626 3477 5706">
    <p class='ocr_par' dir='ltr' id='par_1_123' title="bbox 2472 5626 3477 5706">
     <span class='ocr_line' id='line_1_124' title="bbox 2472 5626 3477 5706; baseline 0.014 -29"><span class='ocrx_word' id='word_1_914' title='bbox 2472 5626 2706 5706; x_wconf 25' lang='grc' dir='ltr'><strong>Υἱὸέίςόιᾲ</strong></span> <span class='ocrx_word' id='word_1_915' title='bbox 2723 5628 2829 5706; x_wconf 33' lang='grc' dir='ltr'>,τοῦ</span> <span class='ocrx_word' id='word_1_916' title='bbox 2860 5631 3171 5706; x_wconf 73' lang='grc' dir='ltr'><strong>μνεύματος</strong></span> <span class='ocrx_word' id='word_1_917' title='bbox 3211 5637 3477 5706; x_wconf 74' lang='grc' dir='ltr'>πρόεισιν.</span> 
     </span>
    </p>
   </div>
   <div class='ocr_carea' id='block_1_124' title="bbox 2541 5697 4032 5784">
    <p class='ocr_par' dir='ltr' id='par_1_124' title="bbox 2541 5697 4032 5784">
     <span class='ocr_line' id='line_1_125' title="bbox 2541 5697 4032 5784; baseline 0.014 -36"><span class='ocrx_word' id='word_1_918' title='bbox 2541 5697 3527 5784; x_wconf 44' lang='grc' dir='ltr'>(96)]ιέιίριίιίιηιξξίιιιριιιδἼἸιυιιιειδ,</span> <span class='ocrx_word' id='word_1_919' title='bbox 3553 5709 3704 5767; x_wconf 75' lang='lat' dir='ltr'><strong>Sunt.</strong></span> <span class='ocrx_word' id='word_1_920' title='bbox 3748 5713 3800 5780; x_wconf 71' lang='lat'><strong>1,</strong></span> <span class='ocrx_word' id='word_1_921' title='bbox 3844 5730 3897 5784; x_wconf 90' lang='lat' dir='ltr'><strong>q.</strong></span> <span class='ocrx_word' id='word_1_922' title='bbox 3943 5715 4032 5779; x_wconf 75' lang='lat'><strong>55,</strong></span> 
     </span>
    </p>
   </div>
   <div class='ocr_carea' id='block_1_125' title="bbox 2468 5769 3235 5839">
    <p class='ocr_par' dir='ltr' id='par_1_125' title="bbox 2468 5769 3235 5839">
     <span class='ocr_line' id='line_1_126' title="bbox 2468 5769 3235 5839; baseline 0.014 -18"><span class='ocrx_word' id='word_1_923' title='bbox 2468 5769 2583 5822; x_wconf 69' lang='lat'><strong>11.4</strong></span> <span class='ocrx_word' id='word_1_924' title='bbox 2611 5769 2681 5823; x_wconf 87' lang='lat' dir='ltr'><strong>ad</strong></span> <span class='ocrx_word' id='word_1_925' title='bbox 2711 5769 2776 5833; x_wconf 79' lang='lat'><strong>5;</strong></span> <span class='ocrx_word' id='word_1_926' title='bbox 2813 5780 2867 5824; x_wconf 87' lang='lat' dir='ltr'><strong>et</strong></span> <span class='ocrx_word' id='word_1_927' title='bbox 2899 5773 3068 5839; x_wconf 66' lang='lat'><strong>«1.27,</strong></span> <span class='ocrx_word' id='word_1_928' title='bbox 3096 5789 3147 5827; x_wconf 90' lang='lat' dir='ltr'><strong>a.</strong></span> <span class='ocrx_word' id='word_1_929' title='bbox 3183 5777 3235 5831; x_wconf 69' lang='grc'><strong>4.</strong></span> 
     </span>
    </p>
   </div>
  </div>
