4242 6438
226 415 334 480 517

896 414 992 472 DE
1035 416 1090 472 S.
1139 416 1332 475 SPIR.
1375 417 1872 478 MYS’I‘AGOGIA.
1916 441 1981 451 -
2015 415 2750 476 ANIMADVERSIONES.

3337 419 3440 482 518

220 528 430 590 cyelum
475 529 782 596 auspicatur
809 529 1056 590 Photius,
1087 530 1138 581 in
1176 546 1284 597 quo
1323 532 1471 598 plura
1508 533 1617 598 jam
1646 532 1785 585 dicta
1814 539 1862 594 Α
1888 530 1989 582 erit
2013 530 2092 582 vel
2120 532 2342 582 similior
2369 530 2448 581 vel
2474 531 2782 581 dissimilior
2804 545 2906 582 avo
2932 531 3223 584 secundum
3253 549 3442 587 essen-

212 619 339 672 aliis
371 621 551 670 verbis
588 621 784 686 repetit
820 636 1067 688 novaque
1103 622 1166 672 iis
1195 622 1457 690 adjungit.
1496 625 1624 686 Quae
1661 641 1776 691 cap.

212 711 280 764 31
321 712 559 770 disserit,
606 713 779 778 reipsa
815 727 936 764 cum
976 713 1039 763 iis
1077 713 1405 764 conveniunt
1433 730 1551 779 qua!
1595 729 1714 782 cap.
1750 715 1780 765 7

211 804 523 870 disputarat
553 803 646 869 (cf.
665 805 690 870 ς
707 804 778 868 4).
807 803 1138 869 Supponitur
1159 812 1212 853 et
1233 805 1316 855 hic
1335 805 1530 871 duplex
1550 804 1782 874 προϐολὴ

212 904 279 946 ut
320 909 349 945 a
396 894 600 946 Latinis
675 903 1027 962 propugnata,
1072 895 1396 961 supponitur
1448 897 1516 947 ab
1557 904 1782 962 utroque

214 985 459 1051 Spirante
492 986 758 1052 peculiare
775 985 900 1052 quid
922 985 1154 1036 conferri
1185 1001 1247 1036 ex
1269 1001 1453 1038 eorum
1477 987 1762 1048 sententia,

217 1090 284 1127 ex
323 1085 474 1143 parte
505 1076 736 1136 Patrem,
759 1091 820 1127 ex
849 1086 998 1142 parte
1028 1074 1218 1127 Filium
1243 1077 1466 1144 spirare.
1493 1076 1595 1129 Sed
1621 1096 1638 1126 ε
1673 1093 1780 1129 non

215 1181 285 1216 ex
315 1174 482 1230 parte,
516 1184 531 1213 ι
555 1165 629 1215 ait
669 1164 816 1232 llugo
842 1164 1161 1217 Etherianus
1191 1166 1245 1231 (Ι.
1278 1181 1335 1228 ll,
1363 1181 1410 1220 c.
1435 1166 1490 1228 2,
1515 1168 1778 1235 p.1260),

223 1270 242 1300 ο
288 1252 448 1304 Pater
479 1262 532 1304 et
577 1252 742 1304 Filius
786 1253 1072 1318 Spiritum,
1114 1255 1206 1306 sed
1238 1271 1300 1306 ex
1332 1265 1436 1307 toto
1467 1267 1514 1308 et
1555 1259 1778 1324 perfecte

215 1351 437 1408 uterque
464 1343 663 1406 puriter
689 1343 916 1404 emittit;
945 1342 1090 1394 solus
1120 1344 1260 1395 enim
1289 1344 1453 1397 Filius
1475 1346 1685 1398 exsistit
1715 1345 1781 1398 de

220 1433 382 1486 Patre
428 1436 629 1502 absque
689 1435 884 1493 medio,
945 1435 1174 1501 ideoque
1221 1436 1454 1503 perferte
1515 1438 1777 1504 Spiritum

220 1526 420 1577 emittit
451 1525 588 1576 sicut
617 1526 793 1577 Pater.
820 1544 837 1574 ι
865 1525 1248 1594 lleliqua,quae
1269 1528 1504 1580 notanda
1533 1530 1779 1592 veniunt,

212 1616 328 1682 jam
362 1616 440 1684 μ
461 1618 598 1668 dicta
630 1625 774 1667 sunt.

296 1709 382 1760 15.
421 1707 568 1768 Quod
599 1708 663 1758 ad
685 1707 808 1759 illud
843 1717 1065 1774 spectat.
1098 1709 1338 1775 pluribus
1363 1711 1780 1777 proprietatibus

218 1815 248 1850 a
297 1799 452 1850 Patre
492 1797 805 1851 distinctutn
863 1800 977 1852 fore
1031 1801 1292 1868 Spiritum
1335 1817 1494 1870 quam
1544 1801 1776 1866 Filium,

221 1890 467 1956 adeoque
496 1899 550 1941 et
577 1905 605 1942 a
635 1889 791 1942 Patre
825 1893 1172 1944 remotiorem
1209 1894 1547 1962 cogitandum
1581 1909 1700 1948 esse
1727 1896 1781 1949 in
1815 1892 1858 1945 Β
1889 1893 1896 1941 Ι

1262 1894 1547 1962 ,gimndum
1581 1909 1700 1948 esse
1727 1896 1781 1949 in
1815 1892 1858 1945 Β
1889 1875 2178 1942 gentilibus
2234 1876 2405 1927 victas
2455 1875 2658 1926 dabunt
2702 1892 2894 1927 manus
2925 1893 2937 1939 ;

223 1980 340 2030 Lat.
375 1988 659 2048 systemate
697 1983 836 2050 (cap.
870 1984 983 2051 5'2).
1010 1983 1060 2036 id
1091 1983 1280 2038 falsum
1316 2001 1565 2040 essenon
1599 1989 1781 2040 minus

220 2072 476 2138 superius
508 2072 646 2126 dicta
688 2075 1038 2127 convincunt.
1083 2075 1206 2128 Sola
1256 2077 1400 2128 enim
1431 2079 1781 2144 processione

220 2178 317 2215 seu
352 2164 641 2230 spiratione
684 2163 895 2231 passiva
931 2164 1280 2232 distinguitur
1302 2165 1535 2232 Spiritus
1559 2183 1586 2219 a
1624 2167 1779 2221 Patre

218 2264 276 2306 et
307 2252 472 2315 Filio;
506 2269 605 2306 nec
638 2265 873 2321 paterna:
901 2254 1211 2308 substantia:
1252 2254 1418 2307 Filius
1451 2256 1665 2323 propior
1699 2265 1780 2308 est

218 2360 381 2412 quam
415 2343 671 2412 Spiritus;
714 2344 835 2412 quia
866 2345 1039 2412 reipsa
1066 2355 1289 2412 uterque
1312 2355 1391 2397 est
1411 2345 1558 2415 [2981
1585 2346 1777 2400 imme-

220 2437 366 2488 diate
402 2451 431 2488 a
461 2435 615 2487 Patre
645 2445 699 2488 et
733 2436 798 2489 ab
827 2451 892 2488 eo
915 2446 1078 2488 totam
1106 2436 1408 2489 divinitatis
1437 2437 1634 2504 accipit
1664 2437 1778 2504 ple-

221 2527 548 2580 nitudinem.
578 2526 685 2580 Nec
715 2528 890 2580 obstat
940 2528 1078 2595 quod
1103 2527 1290 2580 Patres
1315 2527 1502 2580 dicunt
1523 2527 1778 2596 Spiritum

222 2622 458 2674 inediate
484 2637 604 2674 esse
642 2637 670 2673 a
715 2619 891 2684 Patre,
928 2620 1236 2672 immediate
1279 2635 1308 2672 a
1356 2619 1522 2683 Filio;
1558 2636 1666 2687 quo
1728 2621 1780 2674 id

221 2727 388 2765 sensu
417 2713 647 2772 dicatur,
687 2713 815 2765 satis
838 2712 1013 2778 (artic.
1033 2711 1259 2779 przeced.
1290 2710 1315 2780 §
1345 2712 1408 2763 17
1433 2716 1570 2781 seq.)
1602 2714 1781 2768 decla-

221 2815 399 2857 ratum
433 2804 548 2856 fiiit.
583 2804 839 2856 Audiatur
870 2819 1014 2856 nunc
1053 2813 1105 2856 et
1149 2804 1356 2857 Manuel
1404 2804 1641 2869 Calecas,
1688 2806 1779 2874 qui

222 2896 281 2963 (l.
311 2911 389 2956 in,
419 2911 471 2961 p.
504 2895 625 2953 458,
655 2894 876 2958 ed.cit.)
903 2895 1003 2946 hoc
1033 2903 1187 2961 pacto
1205 2895 1492 2959 objectioni
1514 2897 1777 2949 occurrit:

227 3005 247 3037 ς
287 2989 357 3038 At
387 2988 486 3038 ista
517 2986 684 3038 sacris
726 2985 1038 3038 doctoribus
1081 2986 1261 3053 potius
1291 2986 1598 3052 imputanda
1633 2997 1778 3047 sunt,

221 3077 487 3145 siquidem
524 3076 756 3129 absurda
787 3076 1085 3128 videantur.
1126 3076 1230 3143 Ipsi
1262 3077 1460 3143 quippe
1507 3087 1652 3136 sunt,
1690 3079 1780 3145 qui

223 3168 483 3235 Spiritum
502 3182 528 3219 a
553 3165 706 3217 Patre
724 3165 931 3216 tertium
953 3165 1164 3225 docent,
1187 3175 1397 3232 sumpta
1422 3165 1537 3217 scil.
1559 3166 1625 3216 ab
1663 3165 1780 3231 ipso

221 3257 744 3311 Dominooecasione
768 3254 819 3306 in
841 3254 1084 3307 salutaris
1111 3254 1394 3305 traditione
1416 3254 1772 3321 baptismatis,

222 3368 287 3405 ac
313 3367 405 3419 per
427 3349 614 3402 Filium
642 3349 930 3415 procedere
965 3347 1166 3407 dicunt,
1201 3361 1402 3412 perque
1430 3346 1602 3411 ipsum
1631 3344 1772 3397 Patri

224 3441 499 3508 conjungi.
526 3479 538 3491 .
564 3479 576 3490 .
601 3479 613 3491 .
647 3439 908 3491 Praeterea
961 3437 1192 3504 Spiritus
1232 3446 1466 3497 sanctus,
1492 3437 1536 3489 si
1563 3453 1590 3488 a
1619 3436 1774 3489 Patre

222 3535 442 3603 quidem
470 3533 573 3583 alio
596 3545 846 3599 processu
865 3571 876 3590 ,
899 3544 926 3580 a
948 3527 1081 3579 Filio
1109 3538 1286 3580 autem
1315 3529 1418 3580 alio
1443 3529 1775 3595 procederet,

222 3635 472 3690 essetque
521 3637 803 3690 processus
837 3636 899 3672 ex
949 3621 1208 3672 ambobus
1256 3620 1473 3687 duplex,
1535 3619 1778 3670 fortassis

227 3715 447 3767 haberet
477 3713 755 3770 rationein,
776 3711 990 3777 culpare
1008 3709 1367 3762 diﬂerentiam
1389 3722 1737 3776 processuum
1759 3725 1772 3766 ;

223 3806 366 3876 quod
391 3806 549 3857 etiam
581 3804 891 3856 diilerenter
920 3818 949 3854 a
981 3803 1136 3854 Patre
1158 3814 1208 3853 et
1234 3803 1364 3854 Filio
1389 3805 1608 3857 distaret
1653 3805 1774 3874 Spi-

227 3900 383 3957 ritus,
433 3912 492 3947 ac
539 3902 818 3960 propterea
875 3894 1068 3961 gradus
1112 3892 1164 3944 ili
1221 3893 1465 3959 personis
1518 3896 1774 3961 quosdam

223 3988 478 4056 cogitare.
519 3983 612 4036 Sin
656 3999 781 4037 vero
812 3999 948 4034 unus
999 3983 1245 4049 idemque
1295 3983 1395 4036 sibi
1441 3984 1507 4037 ali
1553 3995 1776 4052 utroque

227 4094 513 4148 processus
539 4086 649 4139 est,
696 4076 940 4128 similiter
985 4077 1142 4126 etiam
1196 4077 1259 4127 ad
1301 4087 1586 4144 utrumque
1639 4078 1778 4131 refe-

225 4180 397 4222 retur.
427 4208 439 4220 .
463 4206 475 4217 .
518 4165 979 4229 Quemadmodum
1006 4162 1163 4216 Pater
1187 4181 1290 4216 non
1316 4167 1482 4233 magis
1514 4167 1779 4233 perfectus

223 4270 485 4326 estquam
513 4255 695 4319 Filius,
729 4255 869 4323 quod
904 4256 988 4306 ille
1018 4272 1199 4317 causa,
1234 4256 1332 4308 iste
1369 4256 1597 4308 causalis
1629 4260 1778 4321 (‘cau-

222 4357 397 4413 satus)
435 4347 531 4410 sit,
569 4360 742 4414 neque
782 4345 900 4397 ideo
937 4346 1002 4396 ab
1039 4346 1127 4396 illo
1158 4346 1335 4403 distat,
1372 4346 1468 4397 etsi
1512 4348 1780 4398 secundus

224 4439 294 4495 ab
310 4453 375 4490 eo
395 4437 600 4489 ratione
616 4451 789 4488 causa:
809 4435 1027 4494 dicitur;
1044 4434 1292 4487 divinitas
1311 4436 1453 4487 enim
1477 4436 1528 4486 in
1558 4445 1780 4503 utroque

1895 622 2018 673 tiam
2050 638 2207 688 quam
2237 619 2561 690 tilius.[299]
2591 620 2743 682 Quod
2769 622 2811 671 si
2838 623 2888 672 in
2918 622 3077 673 rebus
3104 624 3440 677 liumauisita

1891 710 2174 775 Contingit,
2213 709 2382 759 multo
2412 711 2580 775 magis
2615 710 2666 758 in
2703 709 2898 761 divinis
2927 726 3190 778 personis.
3220 715 3306 765 ubi
3333 732 3436 766 una

1889 800 2146 850 asseritur
2176 808 2402 859 natura,
2432 817 2493 850 ac
2534 810 2727 866 praeter
2750 801 2948 861 solam,
2984 818 3102 868 qua:
3141 805 3436 858 secundum

1890 903 2103 941 causam
2140 898 2193 940 ct
2222 890 2431 941 eausale
2460 900 2563 946 est.
2608 891 2962 941 dillereutiam
3008 893 3150 943 nulla
3195 894 3294 944 alia
3329 895 3438 946 dis-

1888 981 2058 1031 cretio
2087 989 2184 1030 est.
2228 997 2246 1027 »
2288 978 2398 1030 Iloc
2433 981 2638 1030 Calceie
2680 997 2939 1048 responso
2979 993 3163 1034 contra
3195 986 3439 1036 eamdem

1888 1069 2250 1141 dillicultatem
2310 1069 2476 1120 utitur
2524 1067 2723 1120 Natalis
2774 1071 3073 1119 Alexander
3120 1071 3179 1135 (l.
3222 1086 3270 1122 e.
3315 1085 3437 1138 pag.

1890 1158 2012 1218 529,
2045 1160 2166 1220 550)
2179 1198 2189 1208 .

1960 1248 2043 1300 16.
2073 1248 2225 1312 Quod
2269 1247 2492 1299 Photius
2530 1249 2668 1313 (cap.
2711 1248 2798 1311 55)
2830 1257 3015 1314 urget,
3055 1248 3312 1315 Spiritum
3369 1251 3438 1304 ad

1888 1339 2040 1407 plura
2077 1340 2262 1390 rel'erri
2294 1339 2560 1406 principi-.1
2587 1339 2914 1399 dill‘erentia,
2949 1340 2996 1390 id
3018 1341 3126 1406 jam
3153 1341 3282 1392 satis
3313 1343 3440 1407 (art.

1889 1427 2118 1491 praered.
2174 1427 2200 1493 §
2255 1427 2308 1491 4)
2359 1425 2658 1476 discussum
2702 1425 2831 1488 fuit;
2889 1441 3060 1492 neque
3103 1429 3205 1479 dici
3267 1438 3442 1495 potest

1888 1516 2187 1584 πολύαρχον
2214 1516 2387 1583 ἀρχὴν
2417 1517 2648 1573 admitti.
2693 1519 2780 1569 ubi
2815 1535 2919 1568 non
2955 1519 3053 1568 nisi
3089 1536 3252 1570 unum
3291 1521 3439 1587 prin-

1887 1607 2084 1674 cipium
2117 1618 2350 1674 apparet.
2390 1607 2575 1660 Dicant
2615 1620 2869 1675 praeterea
2908 1610 3150 1660 Photiaui
3175 1651 3187 1671 ,
3232 1626 3297 1662 an
3333 1621 3442 1665 tres

1889 1717 2130 1764 putatum:
2170 1701 2221 1748 in
2257 1700 2634 1750 communibus
2656 1703 2720 1749 ad
2740 1709 2887 1750 extra
2910 1701 3309 1766 operationibUs
3332 1703 3442 1755 sint

1887 1788 2187 1856 πολύαρχο;
2236 1790 2396 1856 ἀρχή.
2442 1789 2495 1839 Si
2537 1790 2852 1840 allirmarint
2880 1830 2892 1851 ,
2946 1790 3355 1843 Muhamedanis
3387 1802 3442 1843 et

3008 1879 3048 1928 si
3103 1879 3435 1945 negaverint.

1887 1967 2058 2016 multo
2097 1965 2276 2014 minus
2311 1963 2362 2015 id
2418 1965 2470 2014 in
2527 1966 2870 2032 processione
2903 1966 3135 2033 Spiritus
3179 1970 3346 2020 sancti
3373 1984 3437 2020 ex

1883 2055 2039 2108 Patre
2063 2065 2117 2108 et
2163 2057 2293 2108 Filio
2344 2071 2585 2109 asserere
2635 2066 2911 2124 poterunt.
2950 2060 3180 2111 ltursum
3233 2061 3296 2111 ad
3327 2063 3437 2124 jam

1882 2147 2023 2198 dicta
2071 2147 2378 2198 reducimur
2408 2187 2422 2208 ,
2473 2149 2598 2200 dum
2659 2164 2891 2216 sequens
2950 2151 3122 2202 Photii
3168 2155 3437 2219 sophisma

1882 2236 2022 2302 (cap.
2057 2235 2146 2302 54)
2177 2237 2577 2302 perpendimus,
2618 2239 2708 2290 ubi
2746 2239 2922 2307 arguit
2977 2241 3233 2308 Spiritum
3260 2259 3288 2294 a
3314 2260 3442 2296 eon-

1881 2328 2332 2379 substantialitate
2367 2343 2488 2380 cum
2528 2329 2688 2382 Patre
2743 2332 2973 2395 cxeludi,
3020 2348 3142 2385 cum
3197 2349 3439 2387 cominu-

1881 2419 1972 2470 nio
1998 2417 2166 2471 Patris
2188 2430 2241 2472 ct
2265 2421 2378 2472 Filii
2407 2422 2477 2473 sit
2507 2422 2801 2475 secundum
2837 2425 3208 2478 substantiam.
3241 2425 3439 2480 Verum

1881 2525 2010 2562 sane
2039 2523 2121 2564 est
2177 2513 2389 2564 Patrem
2430 2523 2484 2565 et
2515 2513 2707 2566 Filium
2753 2518 3188 2570 communionem
3240 2520 3440 2573 habere

1883 2605 2183 2654 secundum
2238 2605 2634 2666 substantiam,
2687 2608 2779 2659 sed
2831 2623 2894 2660 ex
2945 2610 3183 2676 probatis
3222 2626 3439 2679 quoque

1883 2694 2320 2744 communionem
2382 2694 2581 2744 habent
2642 2696 2694 2746 in
2745 2696 3004 2749 relatione
3051 2700 3115 2750 ad
3172 2699 3434 2765 Spiritum

1881 2793 2127 2834 sanetum
2148 2799 2266 2848 quae
2291 2784 2357 2836 ah
2383 2785 2617 2836 essentia
2645 2826 2658 2848 ,
2693 2787 2792 2837 etsi
2825 2803 2932 2839 non
2963 2790 3260 2841 secundum
3299 2806 3435 2856 rem,

1883 2874 1975 2924 sed
2009 2878 2304 2926 secundum
2340 2877 2600 2927 rationem
2650 2878 3014 2946 distinguitur.
3045 2880 3208 2933 Filius
3255 2884 3439 2935 exclu-

1881 2965 2026 3016 ditur
2069 2982 2097 3017 a
2133 2969 2478 3034 generatione
2533 2970 2704 3021 activa
2749 2973 2908 3022 etiam
2950 2974 3092 3039 apud
3141 2975 3356 3026 Graecos
3386 2987 3441 3028 et

1885 3061 2062 3105 tamen
2096 3057 2417 3106 κατόὺσίαν
2456 3073 2577 3109 cum
2609 3059 2767 3110 Patre
2818 3062 3216 3128 communicat;
3252 3066 3439 3117 eadem

1882 3150 2089 3196 ratione
2135 3147 2438 3200 excluditur
2476 3149 2713 3217 Spiritus
2746 3154 2812 3202 ab
2841 3153 3010 3204 activa
3052 3155 3345 3221 spiratione
3388 3168 3443 3209 et

1885 3249 2060 3290 tamen
2093 3255 2121 3291 a
2158 3242 2536 3293 communione
2569 3245 2866 3296 secundum
2910 3246 3266 3299 substantiam
3317 3266 3439 3301 cum

1877 3327 2032 3382 Patre
2061 3340 2114 3382 et
2151 3332 2283 3384 Filio
2325 3350 2429 3384 non
2452 3345 2688 3388 areetur.
2717 3335 2900 3403 Neque
2923 3338 3066 3389 enim
3118 3340 3254 3391 ratio
3285 3344 3439 3407 prin-

1887 3421 2012 3487 cipii
2043 3432 2096 3474 et
2131 3425 2434 3490 principiali
2475 3427 2766 3478 essentiam
2789 3430 3074 3480 constituit
3101 3471 3116 3494 ,
3176 3441 3234 3482 ut
3282 3435 3444 3485 toties

1898 3514 2204 3564 neulcatum
2250 3525 2330 3565 est
2360 3556 2372 3577 ,
2421 3531 2520 3567 nec
2579 3518 2839 3568 minorem
2890 3521 3181 3585 potentiam
3236 3522 3442 3574 faciunt

1887 3606 2164 3672 pauciores
2194 3607 2482 3659 relationes
2515 3609 2594 3660 vel
2624 3619 2869 3662 notiones
2893 3612 2982 3675 (ρι’.
3015 3613 3043 3679 §
3077 3613 3127 3673 ὃ,
3163 3613 3245 3677 ΙΙ).
3278 3613 3438 3668 Joau.

1877 3699 2238 3765 Argywpulus
2270 3715 2392 3750 vero
2420 3714 2528 3750 non
2554 3701 2753 3752 absone
2777 3710 2927 3753 notat
2954 3702 3050 3768 (De
3081 3720 3221 3770 proc.
3250 3704 3436 3772 Spirit.

1877 3799 2044 3839 sanet.
2075 3804 2122 3839 c.
2169 3789 2234 3850 9;
2272 3789 2332 3840 (ἰ.
2376 3791 2438 3842 0.
2468 3791 2511 3853 1,
2545 3792 2667 3853 413)
2693 3809 2720 3843 a
2766 3793 2924 3844 Patre
2957 3797 3320 3862 generativam
3357 3798 3439 3849 fa-

1879 3878 2129 3929 cultatem
2168 3878 2329 3938 Filio,
2381 3884 2747 3947 generativani
2775 3893 2827 3935 et
2856 3887 3221 3950 productivam
3264 3889 3431 3943 iaculo

1879 3978 2040 4022 tatem
2069 3971 2288 4038 Spiritui
2318 3987 2503 4024 saucio
2541 3976 2926 4027 communicari
2955 3994 3053 4028 non
3075 3989 3127 4028 ut
3157 3980 3433 4050 δυνάμεις,

1880 4077 2052 4111 verum
2083 4074 2134 4110 ut
2164 4064 2500 4130 τελειόῖητας
2526 4081 2538 4124 ;
2570 4067 2707 4116 unde
2737 4065 2925 4116 Filium
2972 4084 3081 4120 non
3112 4086 3268 4137 posse
3299 4074 3436 4127 alte-

1882 4168 1998 4203 rum
2036 4153 2225 4204 Filium
2262 4171 2519 4222 generare
2551 4173 2648 4208 nec
2679 4160 2938 4224 Spiritum
2969 4162 3132 4213 alium
3176 4165 3433 4230 Spiritum

1880 4248 2122 4296 emittere
2163 4246 2242 4295 vel
2272 4249 2504 4313 gignere.
2542 4249 2683 4300 Idem
2721 4251 2820 4301 sibi
2864 4254 2974 4303 vult
3010 4254 3160 4323 llugo
3190 4255 3436 4310 Etheriu-

1882 4349 2001 4396 nus,
2035 4335 2161 4385 dum
2203 4338 2388 4389 scribit
2430 4338 2484 4406 (l.
2524 4355 2564 4399 ι,
2598 4357 2645 4391 e.
2692 4341 2792 4400 15,
2851 4358 2900 4408 ρ.
2945 4344 3140 4406 1209):
3182 4365 3198 4395 ‹
3238 4347 3434 4402 Eadem

1881 4426 2106 4490 potentia
2129 4435 2208 4477 est
2238 4429 2286 4476 in
2316 4426 2492 4490 Patre,
2525 4429 2672 4500 [500}
2707 4436 3004 4485 secundum
3039 4452 3198 4502 quam
3255 4449 3436 4506 potest

228 4543 334 4580 una
403 4527 470 4578 ita
496 4535 548 4577 et
573 4525 802 4592 Spiritus
834 4531 1071 4582 sanctus,
1105 4523 1199 4572 etsi
1231 4522 1380 4588 juxta
1409 4523 1622 4573 unicum
1649 4524 1778 4573 sim-
1815 4544 1851 4596 ο
1883 4531 2144 4583 generare,
2173 4532 2291 4582 quae
2319 4528 2397 4568 est
2429 4518 2482 4570 in
2525 4520 2697 4582 Filio,
2745 4525 3039 4576 secundum
3071 4543 3230 4594 quam
3261 4541 3437 4596 potest

226 4618 529 4688 plieenique
570 4629 874 4682 processum
907 4628 968 4665 ex
1010 4611 1164 4664 Patre
1205 4628 1297 4679 per
1344 4612 1531 4664 Filium
1570 4622 1680 4677 est,
1729 4624 1779 4666 et

224 4709 292 4763 ad
325 4709 536 4760 Patrem
573 4714 626 4758 et
654 4703 842 4756 Filium
891 4703 1053 4756 veluti
1090 4703 1151 4755 ad
1198 4718 1358 4755 unum
1401 4703 1773 4769 productorem

226 4798 628 4867 Spirantemque
670 4794 919 4853 refertur,
971 4808 1196 4860 quorum
1239 4802 1292 4844 et
1319 4793 1550 4859 Spiritus
1596 4805 1678 4845 est
1729 4802 1780 4844 et

226 4885 551 4954 Spiracnlum
604 4882 826 4941 dicitur;
889 4892 1212 4933 nontamen
1262 4882 1437 4935 minor
1484 4891 1567 4934 est
1623 4880 1775 4943 Filio,

226 4990 405 5042 neque
442 4974 594 5026 Patre
630 4975 804 5026 minor
829 4982 948 5032 erit,
983 4973 1104 5025 licet
1136 4988 1228 5040 per
1253 4972 1440 5023 Filium
1474 4971 1616 5024 Patri
1645 4987 1780 5024 con-

220 5066 511 5133 jungatur;
549 5062 781 5129 alioquin
809 5072 860 5113 et
893 5060 1057 5113 Filius
1091 5062 1191 5112 erit
1220 5060 1492 5114 dissimilis
1521 5060 1682 5122 Patri,
1715 5076 1778 5113 eo

226 5153 372 5220 quod
405 5151 632 5203 causalis
664 5153 750 5214 sit,
784 5151 882 5203 etsi
920 5166 1023 5202 non
1071 5151 1138 5203 ita
1181 5151 1317 5204 sicut
1348 5152 1598 5218 Spiritus,
1628 5153 1778 5218 juxta

235 5254 414 5295 tamen
451 5243 805 5309 proportionis
838 5244 1114 5294 rationem.
1143 5284 1154 5296 .
1186 5285 1196 5296 .
1225 5280 1238 5293 .
1274 5244 1416 5294 Ordo
1437 5253 1613 5295 autem
1639 5254 1691 5296 et
1712 5245 1776 5297 ad

235 5332 436 5399 aliquid
469 5334 621 5400 (πρὸς
647 5348 696 5382 τι
724 5333 834 5384 sive
867 5333 1101 5398 relative)
1131 5334 1528 5400 quomodolibet
1552 5335 1774 5396 habere,

227 5435 545 5477 naturarum
604 5438 709 5474 non
769 5422 895 5475 facit
941 5423 1320 5476 diﬂercntiam.
1365 5425 1493 5477 Nam
1521 5443 1675 5494 v.gr.
1713 5442 1777 5479 eo

228 5516 370 5584 quod
403 5515 606 5566 amicus
632 5517 717 5576 sit,
753 5516 834 5566 vel
870 5515 1074 5568 vicinus
1115 5517 1194 5568 vel
1242 5518 1516 5584 magister,
1558 5519 1691 5570 nihil
1724 5519 1777 5571 in

230 5622 287 5658 se
324 5608 498 5673 ipsum
530 5605 686 5657 alicui
713 5606 934 5667 accedit,
963 5615 1020 5658 ut
1047 5615 1263 5674 propter
1319 5609 1561 5661 habitum
1597 5611 1774 5678 perfe-

229 5698 369 5751 ctior
399 5697 454 5748 in
487 5711 544 5748 se
575 5696 691 5763 ipso
728 5698 1018 5749 seeimdum
1048 5699 1333 5751 essentiam
1385 5702 1485 5762 sit;
1521 5716 1696 5769 neque
1730 5702 1773 5754 si

231 5787 499 5858 quispiam
529 5787 692 5840 tilium
729 5804 790 5843 ac
824 5797 1070 5857 nepotem
1100 5790 1312 5856 habeat,
1339 5792 1525 5845 tertius
1546 5794 1776 5848 maxime

1881 4605 2138 4667 generari,
2163 4609 2407 4671 quamvis
2434 4609 2661 4661 diversis
2693 4612 2944 4677 clIulgeat
2993 4621 3436 4687 proprietatibus,

1882 4699 2041 4749 veluti
2081 4715 2181 4750 una
2215 4703 2453 4768 potentia
2486 4713 2567 4756 est
2616 4707 2850 4759 hominis
2885 4709 3180 4776 disciplina:
3254 4729 3435 4780 peree-

1879 4791 2063 4853 ptihile
2082 4809 2099 4839 D
2127 4802 2230 4843 ctc.
2254 4792 2374 4845 llaec
2404 4811 2524 4846 cum
2559 4797 2621 4846 iis
2648 4800 3032 4862 connectenda,
3060 4819 3176 4870 qua:
3205 4804 3436 4858 Thomas

1879 4883 2113 4949 disputat
2154 4886 2197 4941 l,
2225 4901 2276 4952 q.
2313 4887 2398 4948 42,
2445 4904 2494 4938 a.
2521 4889 2550 4939 6
2577 4891 2642 4940 ad
2681 4892 2696 4941 1
2735 4900 2787 4943 et
2824 4893 2888 4944 ad
2918 4895 2967 4944 5.
3000 4894 3110 4948 Hoc
3153 4900 3433 4964 posteriori

1878 4971 1995 5024 loco
2027 4976 2137 5027 haec
2176 4976 2365 5028 habet:
2402 4997 2417 5030 ς
2459 4978 2607 5031 Sicut
2633 4982 2821 5034 eadem
2847 4985 3096 5047 essentia,
3129 5003 3247 5053 qua:
3279 5000 3360 5041 est
3384 4991 3433 5042 in

1879 5063 2033 5116 Patre
2066 5068 2376 5132 paternitas,
2420 5070 2467 5120 in
2506 5070 2635 5123 l’ilio
2670 5083 2753 5125 est
2792 5075 2994 5138 tiliatio,
3037 5077 3106 5128 ita
3140 5079 3323 5131 eadem
3353 5090 3435 5133 est

1878 5158 2124 5221 petentia,
2142 5175 2241 5225 qua
2266 5158 2421 5211 Pater
2442 5174 2660 5229 genuerat
2685 5175 2736 5217 et
2764 5162 2926 5217 Filius
2948 5179 3253 5234 generatur.
3283 5171 3435 5225 Unde

1879 5250 2220 5301 manifestum
2255 5264 2353 5315 est,
2386 5258 2524 5321 quod
2559 5259 2817 5324 quidquid
2847 5269 3024 5328 potest
3050 5261 3223 5326 Pater,
3257 5277 3434 5332 potest

1879 5339 2074 5403 Filius;
2109 5358 2211 5392 non
2251 5353 2425 5396 tamen
2470 5349 2730 5414 sequitur,
2765 5353 2905 5417 quod
2947 5355 3112 5420 possit
3141 5371 3428 5423 generare;

1877 5432 1967 5482 Sed
2004 5441 2241 5483 mutatur
2274 5435 2395 5500 quid
2430 5437 2479 5486 in
2505 5443 2566 5488 ad
2590 5441 2784 5506 aliquid
2814 5458 2826 5503 ;
2881 5461 2997 5494 nam
3042 5446 3318 5512 generatio
3355 5449 3430 5498 si-

1877 5527 2092 5590 gniticat
2149 5527 2457 5579 relationem
2503 5531 2553 5580 in
2598 5532 2813 5584 divinis.
2866 5532 3034 5587 Habet
3082 5551 3210 5603 ergo
3261 5537 3425 5591 Filius

1877 5616 2108 5666 eamdem
2133 5619 2435 5681 potentium,
2475 5638 2633 5686 quam
2666 5622 2838 5687 Pater,
2874 5628 2959 5676 sed
2995 5643 3109 5677 cum
3149 5627 3252 5678 alia
3291 5629 3429 5680 rela-

1878 5707 2032 5768 tione,
2073 5708 2193 5774 quia
2227 5708 2384 5761 Pater
2417 5711 2576 5764 habet
2601 5729 2717 5765 cam
2750 5724 2804 5766 ut
2835 5717 2987 5774 dans.
3029 5729 3080 5770 et
3124 5720 3223 5772 hoc
3266 5719 3430 5786 signi-

1879 5796 2086 5863 ﬁcatur,
2120 5814 2240 5851 cum
2273 5800 2487 5865 dicitur,
2530 5806 2671 5870 quod
2705 5815 2879 5873 potest
2923 5824 3205 5872 generare:
3254 5811 3425 5867 Filius
