4242 6438
825 390 929 454 519

1930 374 2191 436 PHOTII
2243 370 2749 433 PATRIARCII/E
2781 373 2888 432 (ΣΡ.

3967 385 4070 447 520

825 514 1007 557 autem
1036 497 1194 551 habet
1222 509 1341 548 eam
1385 501 1444 546 ιιι
1472 489 1773 558 accipiens;
1802 495 1861 541 et
1891 485 1995 540 hoc
2037 482 2398 554 signiﬁcatur,
2426 484 2477 543 Α
2505 480 2714 545 dimns;
2751 482 2800 534 id
2831 492 2887 536 ct
2921 484 3211 538 conﬁrmat
3246 483 3459 557 Georgii
3508 487 3856 558 Trapezuntii
3887 489 4071 560 dispu-

825 609 947 647 cnm
975 591 1196 651 dicitur,
1229 589 1370 656 quod
1408 593 1589 654 potest
1632 579 1901 651 generari.
1935 598 1954 630 ι
1987 578 2113 632 11ωο
2167 586 2223 630 et
2277 577 2395 629 aliis

829 682 1164 736 illustrandis
1204 677 1378 731 Photii
1419 673 1750 744 argumentis
1781 680 2030 739 prosunt.
2085 670 2307 721 Dentum
2341 677 2396 720 et

822 776 928 828 alia
952 777 1159 828 ratione
1183 769 1420 825 ostendit
1444 767 1592 820 card.
1620 764 1905 817 Bessarion
1934 761 2116 830 (epist.
2148 760 2215 812 ad
2237 759 2391 811 Alex.

827 867 981 921 Lasc.
1015 884 1063 920 c.
1095 868 1160 928 7;
1210 863 1376 916 llard.
1418 861 1522 924 IX,
1573 857 1732 920 1065)
1785 855 1989 907 nullam
2034 852 2185 921 sequi
2214 850 2393 919 quoad

825 969 1074 1012 naturam
1095 956 1535 1015 inlerioritatem,
1570 949 1715 1019 quod
1760 946 1988 1016 Spiritui
2019 947 2158 998 ratio
2189 943 2392 1011 princi-

825 1054 898 1122 pii
927 1052 1226 1118 denegatur
1255 1066 1267 1099 :
1305 1066 1322 1095 ι
1355 1044 1509 1110 Quod
1540 1043 1584 1096 si
1605 1042 1730 1111 quis
1761 1055 1975 1101 rursus,
2006 1036 2198 1105 inquit,
2225 1035 2390 1088 dicat:

825 1145 993 1213 Igitur
1016 1143 1192 1195 minor
1213 1149 1298 1192 est
1317 1138 1556 1205 Spiritus
1602 1144 1828 1187 sanctus
1855 1142 1910 1184 et
1935 1130 2094 1183 Patre
2138 1136 2194 1182 et
2233 1125 2390 1191 Filio,

825 1239 869 1291 si
901 1238 1119 1305 quidem
1152 1236 1306 1285 Pater
1336 1239 1559 1300 generat
1593 1226 1786 1280 Filium
1809 1264 1824 1288 ,
1853 1224 2022 1277 Filius
2045 1233 2100 1276 et
2121 1223 2235 1290 ipse
2271 1236 2392 1272 curn

826 1331 986 1384 Patre
1015 1328 1183 1395 spirat
1231 1324 1531 1392 Spiritum,
1576 1319 1814 1387 Spiritus
1863 1331 1995 1368 vero
2046 1329 2149 1366 nec
2198 1312 2392 1366 Filium

822 1431 1044 1493 generat
1079 1435 1180 1470 nec
1226 1434 1283 1469 sc
1316 1417 1489 1482 ipsum
1523 1427 1624 1464 nec
1669 1411 1833 1462 alium
1865 1407 2128 1476 Spiritum
2173 1404 2348 1473 Spirat
2379 1423 2391 1456 ε

821 1532 959 1570 vana
983 1513 1119 1565 ratio
1155 1511 1271 1577 ejus
1299 1517 1382 1560 est
1411 1514 1464 1559 et
1496 1515 1684 1558 contra
1711 1501 1950 1568 seipsum
1976 1538 1989 1559 ,
2035 1499 2126 1565 qui
2162 1499 2280 1550 haec
2307 1496 2392 1546 di—

821 1608 917 1668 cit,
948 1603 1243 1658 concludit.
1282 1600 1336 1650 Si
1368 1598 1515 1650 enim
1546 1596 1748 1647 nullius
1777 1606 2023 1661 persona:
2062 1588 2392 1657 principium

819 1712 942 1752 esse
969 1691 1394 1762 imperfectionis
1426 1698 1481 1740 et
1505 1684 1900 1740 innninutionis
1923 1683 2136 1751 signum
2179 1681 2232 1732 in
2273 1679 2393 1732 Tri-

819 1791 990 1842 nitate
1026 1785 1323 1854 putandum
1354 1783 1519 1843 esset,
1558 1780 1870 1845 pauciorum
1892 1791 2108 1844 quoque
2141 1790 2391 1843 persona-

819 1898 939 1933 rum
972 1894 1190 1930 causam
1219 1891 1327 1926 esse
1349 1869 1776 1940 imperfectionis
1811 1875 1986 1929 esset;
2017 1864 2180 1918 Filius
2207 1865 2387 1933 igitur,

820 1985 944 2024 cum
975 1968 1136 2020 unius
1180 1979 1427 2034 personae
1463 1962 1725 2013 duntaxat
1755 1998 1768 2019 ,
1831 1955 2066 2023 Spiritus
2121 1954 2390 2048 videlicet,

822 2057 1148 2130 principium
1182 2033 1270 2115 sit,
1304 2033 1482 2103 minor
1509 2056 1654 2100 esset
1705 2046 1806 2097 hac
1845 2043 2056 2096 ratione
2083 2040 2265 2101 Patre,
2297 2038 2391 2107 qui

819 2153 1101 2206 ambarum
1138 2157 1491 2216 personarum
1527 2149 1611 2193 est
1665 2137 2015 2206 principium.
2061 2134 2130 2187 At
2174 2134 2276 2187 hoc
2308 2132 2392 2186 in-

817 2244 1154 2301 conveniens
1180 2249 1262 2293 cst
1291 2238 1463 2291 solum
1512 2234 1770 2303 cogitare.
1809 2229 1977 2300 Igitur
2011 2228 2139 2282 illud
2174 2241 2390 2296 quoque

819 2336 1070 2391 similiter
1099 2331 1396 2385 absurdum
1429 2335 1531 2378 est.
1561 2323 1892 2391 Principium
1919 2319 2084 2384 cuitu,
2125 2328 2287 2388 prout
2309 2326 2392 2371 est

817 2428 960 2484 actui
988 2426 1362 2494 coniunctum,
1393 2419 1472 2472 vel
1510 2436 1541 2470 a
1563 2416 1821 2485 principio
1850 2430 1978 2475 esse,
2012 2428 2134 2508 cum
2167 2412 2236 2465 de
2265 2426 2390 2479 per-

817 2516 1097 2573 sonalibus
1144 2507 1570 2582 proprietatibus
1606 2504 1713 2564 sit.
1771 2517 1947 2569 neque
1987 2504 2162 2566 majus
2210 2511 2391 2565 neque

818 2611 1002 2663 minus
1023 2607 1252 2659 alterum
1283 2601 1454 2653 altero
1482 2598 1565 2652 vel
1602 2611 1724 2648 esse
1755 2593 1838 2646 vel
1877 2592 1980 2644 diei
2012 2590 2162 2644 facit.
2195 2607 2213 2639 ι

890 2697 1037 2772 [501]
1082 2699 1165 2749 17.
1189 2694 1340 2747 Novo
1373 2690 1683 2745 dilemtnate
1709 2685 1882 2738 utitur
1905 2683 2136 2735 Photius
2155 2695 2272 2748 cap.
2297 2679 2386 2732 55:

823 2815 844 2848 ι
889 2790 1170 2846 Processio
1202 2786 1438 2853 Spiritus
1484 2780 1654 2836 sancti
1691 2794 1754 2831 ex
1788 2777 1921 2829 Filio
1949 2785 2042 2828 attt
2089 2785 2171 2826 est
2200 2773 2388 2825 eadem

816 2902 942 2940 cum
973 2879 1322 2951 processione
1349 2892 1412 2928 ex
1448 2872 1629 2934 Patre,
1668 2879 1762 2922 aut
1802 2868 2012 2918 diversa
2047 2864 2126 2915 vel
2171 2872 2390 2915 contra-

819 2977 920 3029 ria.
962 2974 1016 3026 Si
1051 2973 1220 3040 prius.
1245 2966 1718 3021 contmunicantur
1748 2959 2006 3012 idiomata
2035 2964 2089 3008 et
2109 2955 2390 3008 characte-

817 3082 907 3121 res
939 3075 1338 3135 personarum;
1381 3056 1425 3108 si
1476 3056 1703 3106 alterum
1732 3092 1744 3114 ,
1807 3049 2095 3101 incidimus
2125 3047 2179 3098 in
2220 3044 2390 3096 Matti-

2499 572 2632 624 talio
2668 571 2766 641 (De
2794 588 2937 637 proc.
2972 575 3160 642 Spirit.
3185 594 3332 631 sane.
3357 595 3406 631 c.
3442 578 3508 631 9.7
3538 599 3551 642 ;
3579 579 3642 634 ϐ.
3669 586 3731 633 0.
3757 581 3914 642 κεῖ
3931 598 4074 651 seq.)

2498 673 2684 716 notatu
2736 665 2892 733 plane
2925 666 3108 736 digna.
3151 687 3167 718 ‹
3206 668 3442 723 Generat
3488 672 3683 725 Filium
3740 674 3898 728 Pater
3924 690 4072 732 vere.

2495 764 2702 808 etcum
2756 769 2983 827 generat
3043 761 3264 815 exhibet
3317 763 3415 831 ipsi
3471 781 3808 835 quaecunque
3867 768 4070 830 habet,

2496 858 2694 916 prteter
2749 866 2810 903 ea
2867 868 2985 919 quae
3032 854 3413 908 confusionem
3467 857 3712 911 inferunt
3766 861 3928 927 (πλὴν
3974 862 4074 930 τὴν

2498 940 2781 1010 σύγχυσιν)
2809 953 2863 995 et
2886 960 3004 1010 quae
3027 955 3154 998 ante
3187 956 3242 999 et
3264 958 3385 1016 post
3411 950 3728 1019 ltypostasin
3753 953 4073 1022 intelligun-

2496 1042 2583 1082 tur
2616 1030 2705 1098 (τά
2768 1033 3230 1104 προοεωρούμενά
3282 1041 3380 1105 τῆς
3435 1041 3786 1104 ὑποστάσεως
3849 1045 3943 1096 καὶ
4005 1049 4072 1098 τά

2495 1121 2957 1194 ἐπιθεωρούμενά)
3001 1137 3057 1180 et
3101 1128 3295 1181 rationi
3358 1131 3666 1198 hypostasis
3712 1136 4072 1188 adversantur

2497 1211 2736 1280 (ἐναντία
2781 1215 2860 1284 τῷ
2913 1216 3058 1287 λόγῳ
3116 1219 3217 1283 τῆς
3262 1220 3660 1294 ὑποστάσεως).
3720 1226 4073 1298 Quacunque

2496 1320 2627 1358 vero
2661 1312 2806 1372 (cum
2837 1308 3130 1379 liypostasi)
3157 1312 3533 1383 intelliguntur
3565 1333 3666 1370 nec
3693 1317 3844 1389 [302]
3875 1321 4071 1374 adver-

2495 1410 2703 1462 santur,
2729 1417 2835 1454 non
2867 1411 3076 1456 tantum
3098 1416 3252 1459 extra
3275 1422 3491 1460 onmem
3514 1409 3890 1465 confusionem
3918 1424 4070 1474 sunt.

2495 1493 2589 1543 sed
2624 1500 2680 1544 et
2705 1493 2950 1546 ordinem
2979 1497 3343 1550 constituunt.
3379 1498 3513 1552 Cum
3557 1499 3718 1569 igitur
3757 1503 3939 1556 divina
3969 1520 4076 1556 na-

2496 1592 2614 1635 tura
2646 1585 2815 1637 semel
2840 1585 2898 1636 τὸ
2933 1585 3170 1654 ἄναρχον
3211 1588 3462 1642 habuerit
3517 1590 3568 1643 in
3603 1590 3777 1646 Patris
3811 1610 4074 1661 persona,

2495 1674 2609 1726 ﬁeri
2645 1690 2752 1727 non
2803 1677 3014 1743 potuit,
3077 1688 3134 1732 ut
3187 1678 3315 1731 illud
3355 1678 3492 1733 Filio
3551 1668 4074 1740 communicaretur.

2496 1765 2936 1835 l’rteintelligitur
2973 1769 3121 1822 enim
3179 1769 3612 1841 adversaturque
3648 1775 3840 1828 rationi
3871 1777 4072 1831 Filii...

2494 1856 2680 1926 Neque
2701 1859 2864 1913 etiam
2899 1859 3014 1913 ﬁeri
3046 1870 3246 1928 potest.
3284 1872 3340 1917 ut
3371 1865 3473 1916 vim
3504 1868 3788 1934 generandi
3817 1883 4074 1921 commn-

2495 1949 2660 2012 nicet,
2687 1965 2774 2011 ne,
2811 1962 2864 2003 ut
2904 1951 3065 2005 tradit
3092 1952 3343 2017 Basilius,
3377 1954 3428 2006 in
3479 1955 3880 2010 multitudinem
3906 1960 4078 2012 innu-

2494 2054 2699 2091 meram
2727 2056 3058 2094 excrescens
3076 2041 3319 2098 Trinitas
3354 2044 3490 2099 ﬁlios
3519 2061 3583 2100 ex
3616 2048 3735 2102 ﬁliis
3758 2065 4072 2118 generaret.

2495 2128 2730 2198 llujusce
2770 2144 3034 2199 prmterea
3057 2150 3221 2188 causa
3246 2145 3347 2199 est,
3389 2139 3533 2206 quod
3559 2142 3838 2210 generatio
3863 2157 4072 2196 secun-

2492 2222 2619 2275 dum
2687 2224 3013 2293 principium
3068 2237 3124 2281 et
3166 2228 3327 2282 ﬁnctn
3362 2230 3456 2300 (cf.
3491 2242 3593 2286 art.
3642 2232 3694 2295 5,
3729 2232 3754 2304 §
3783 2234 3848 2288 15
3877 2237 4069 2290 eumd.

2493 2312 2742 2384 Trapez.)
2766 2318 3021 2371 sumitur.
3056 2319 3244 2374 Finem
3283 2337 3437 2384 voco,
3479 2323 3532 2376 in
3563 2340 3724 2392 quem
3751 2331 4072 2397 progressio

2495 2409 2550 2475 (ἡ
2579 2408 2823 2476 πρόοδος)
2856 2409 2971 2462 ﬁnit
3004 2412 3102 2479 (sc.
3139 2413 3479 2482 terminum),
3529 2417 3882 2486 principium,
3919 2423 4072 2474 unde

2493 2497 2702 2567 incipit,
2731 2516 2843 2554 non
2869 2501 3156 2570 interjecto
3187 2513 3450 2575 tempore,
3482 2508 3576 2562 sed
3600 2510 3926 2580 cogitatione
3950 2514 4071 2567 sola

2492 2591 2664 2660 ipsius
2685 2597 3105 2663 progressionis,
3149 2614 3270 2665 qua:
3316 2599 3368 2652 in
3423 2613 3715 2668 generante
3756 2613 3815 2657 ut
3863 2606 4074 2674 princi-

2494 2685 2639 2753 pium
2671 2687 2858 2757 (ἁρχὴ)
2887 2697 2968 2742 est
2991 2728 3005 2751 ,
3054 2699 3114 2742 ut
3169 2689 3293 2744 ﬁnis
3329 2692 3548 2760 (πέρας)
3579 2709 3708 2748 γει-ο
3771 2695 3820 2748 in
3859 2699 4068 2763 genito.

2492 2776 2782 2832 Generatio
2818 2781 2995 2850 itaque
3047 2792 3301 2851 tanquam
3336 2787 3664 2854 principium
3720 2791 4071 2844 considerata

2492 2880 2550 2923 ut
2577 2882 2657 2925 est
2682 2873 2732 2925 in
2768 2874 2945 2936 Patre,
2979 2877 3411 2946 praeiutelligitur
3439 2878 3528 2931 ﬁni
3554 2881 3853 2949 (termino),
3883 2885 3975 2951 qui
4016 2885 4071 2937 in

2498 2978 2560 3015 ea
2592 2975 2708 3020 est:
2739 2965 2969 3035 ideoque
2996 2969 3449 3036 pra-considerata
3479 2970 3599 3024 Filii
3645 2973 3916 3042 liypostasi
3951 2991 4070 3029 non

2493 3064 2673 3121 potest
2696 3056 2765 3107 illi
2795 3057 2994 3110 inesse.
3029 3056 3176 3111 Nihil
3217 3060 3362 3112 enim
3389 3075 3455 3113 ex
3508 3060 3571 3114 iis
3593 3103 3606 3125 ,
3663 3077 3783 3130 qua:
3815 3069 4073 3132 personis

815 3159 1092 3214 chaeorum
1134 3153 1216 3204 vel
1277 3147 1712 3202 Marcionitarum
1756 3142 2009 3196 haeresin.
2071 3158 2089 3190 ι
2147 3139 2456 3229 Concorsc
2494 3143 2548 3195 in
2614 3145 2800 3198 divina
2844 3147 3112 3201 Trinitate
3151 3147 3377 3213 insunt,
3418 3149 3850 3220 prteiutelligitur
3892 3154 4072 3224 hypo-

816 3266 949 3306 vero
969 3259 1050 3302 est
1074 3245 1477 3300 Catholicorum
1523 3251 1867 3306 responsum,
1899 3250 2008 3287 non
2037 3247 2156 3287 esse
2206 3231 2388 3284 diver-

817 3359 932 3398 sam
967 3337 1374 3409 processionem
1421 3331 1659 3399 Spiritus
1705 3328 1876 3380 sancti
1922 3343 1952 3378 a
2008 3323 2141 3376 Filio
2173 3324 2239 3375 ab
2276 3322 2386 3382 illa,

815 3455 920 3509 qua
951 3434 1195 3505 procedit
1228 3448 1292 3485 ex
1325 3429 1503 3491 Patre,
1545 3443 1609 3480 ac
1635 3426 1804 3478 multo
1826 3422 2006 3476 minus
2035 3419 2386 3520 contrariam;

816 3530 1042 3602 proinde
1072 3544 1100 3578 a
1131 3520 1512 3578 Maniclueismi
1550 3516 1808 3610 spectris,‘
1840 3529 1958 3610 qua:
1989 3513 2097 3610 jatn
2129 3511 2259 3610 satis
2287 3510 2385 3610 de-

816 3601 958 3674 ridet
991 3619 1192 3670 Beecus
1222 3615 1305 3681 (G.
1333 3612 1393 3667 0.
1421 3611 1463 3667 I.
1496 3609 1581 3672 80,
1617 3606 1727 3672 81),
1758 3605 1889 3657 nihil
1912 3603 2135 3656 omnino
2157 3601 2273 3654 fore
2315 3601 2386 3653 ti-

814 3712 1095 3774 mendum,
1134 3709 1225 3761 sed
1253 3721 1371 3759 esse
1415 3703 1637 3756 omnino
1673 3698 1916 3752 eamdem
1946 3696 2057 3760 (lll,
2096 3694 2122 3764 §
2158 3697 2179 3748 ἰ
2217 3693 2380 3761 seq),

815 3820 994 3874 neque
1022 3811 1200 3854 tamen
1219 3795 1607 3852 connnnnicari
1636 3807 1988 3862 personarum
2007 3791 2372 3849 characteres,

815 3897 956 3966 quod
985 3895 1214 3949 Photius
1247 3889 1463 3942 nonnisi
1498 3903 1561 3940 ex
1609 3885 1888 3954 supposito
1922 3882 2057 3935 falso
2111 3879 2381 3950 principio

817 3989 912 4058 (ib.
949 3984 1190 4059 §Sseq.)
1229 3980 1533 4034 allirmavit.
1579 3977 1765 4046 Neque
1822 3973 2060 4028 uberiori
2115 3986 2381 4039 responso

813 4091 952 4144 opus
977 4083 1060 4128 est
1093 4072 1157 4125 ad
1186 4087 1306 4139 cap.
1340 4070 1407 4122 ’56
1447 4078 1567 4136 post
1598 4081 1678 4128 ea,
1704 4081 1823 4134 quae
1856 4067 1978 4132 (art.
2017 4065 2071 4123 5,
2106 4061 2172 4132 §§
2207 4060 2380 4130 12-15)

809 4167 919 4236 jam
951 4166 1220 4232 diSputata
1251 4170 1398 4221 sunt,
1437 4159 1524 4211 ubi
1561 4166 1838 4210 ostensum
1873 4155 1992 4217 fuit,
2037 4168 2380 4221 nequaquam

813 4275 879 4313 ex
903 4274 970 4313 eo
1003 4256 1144 4325 quod
1173 4255 1206 4324 ὴ
1237 4251 1461 4314 πνεῦσις
1487 4251 1649 4303 trium
1682 4249 1988 4302 communis
2014 4264 2122 4300 non
2154 4247 2244 4309 sit,
2269 4245 2382 4298 col-

813 4350 903 4420 ligi
947 4363 1124 4417 posse,
1157 4361 1275 4398 eam
1310 4346 1467 4395 unius
1514 4355 1746 4411 persona?
1792 4340 2062 4408 propriam
2095 4338 2378 4391 exsistere.

811 4442 996 4510 Neque
1031 4439 1170 4492 Patri
1203 4436 1429 4504 eripitur
1467 4434 1695 4502 spiratio
1720 4472 1734 4492 ,
1791 4445 1968 4499 neque
2028 4429 2378 4499 hypostatica:

811 4534 1174 4606 proprietates
1210 4527 1616 4583 transferuntur
1655 4525 1746 4592 (cf.
1785 4539 1944 4592 supra
1978 4522 2004 4592 §
2038 4523 2151 4587 l5).

883 4625 969 4678 18.
1010 4623 1263 4674 Attamen
1297 4633 1397 4670 nec
1420 4617 1509 4670 hic
1540 4615 1769 4684 quiescit
1800 4613 2111 4666 schismatis
2150 4609 2372 4680 pessimi

807 4725 1000 4771 auctor
1022 4723 1074 4767 et
1103 4715 1208 4782 iam
1235 4711 1376 4764 dicta
1409 4709 1528 4762 aliis
1561 4707 1753 4760 inflexa
1783 4703 1974 4758 formis
2005 4703 2376 4772 reproducens

809 4828 931 4881 cap.
971 4809 1036 4862 ’57
1071 4819 1286 4859 rursum
1311 4805 1496 4864 instat,
1542 4801 1594 4853 in
1623 4800 1936 4852 Latinorum
1968 4794 2249 4865 hypothesi
2279 4794 2374 4846 de-

811 4907 938 4959 bere
965 4912 1019 4956 et
1047 4900 1306 4970 Spiritum
1342 4897 1498 4949 aliam
1537 4893 1836 4962 producere
1890 4904 2199 4958 personam,
2235 4888 2376 4941 hanc

813 5012 972 5067 porro
1003 4994 1200 5055 aliam,
1232 5001 1287 5044 et
1333 4989 1410 5041 sic
1445 4988 1704 5054 deinceps
1753 4985 1807 5038 in
1874 4982 2170 5042 infinitum,
2209 4981 2279 5034 ita
2316 4989 2374 5033 ιιι

812 5089 1090 5160 gentilium
1145 5083 1558 5154 polytheismuni
1605 5079 1779 5131 adhuc
1821 5082 2078 5144 superent
2129 5083 2182 5126 et
2223 5082 2374 5126 tran-

812 5179 1096 5234 scendant.
1130 5175 1259 5239 Qua:
1304 5173 1463 5242 plane
1493 5169 1720 5223 absurda
1754 5177 1900 5221 sunt.
1932 5165 2157 5219 Constat
2200 5164 2372 5232 primo

813 5272 1038 5326 minimc
1056 5268 1276 5322 Latinos
1290 5265 1402 5330 c0gi
1421 5262 1576 5315 aliam
1597 5261 1755 5313 etiam
1777 5272 2069 5328 personam
2089 5256 2373 5309 admittere

811 5380 842 5418 a
869 5361 1074 5432 Spiritu
1102 5367 1289 5411 sancto
1322 5355 1657 5424 productam.
1683 5351 1738 5405 ld
1762 5366 1921 5420 supra
1950 5347 2031 5420 (§§
2052 5348 2099 5411 l,
2123 5345 2174 5411 5)
2199 5354 2375 5400 osten-

883 5557 994 5643 <97>
1031 5573 1086 5624 ν·
1123 5554 1265 5634 δεδι
1305 5549 1602 5643 TW?“
1650 5545 1986 5643 πρξξιεὲλῑιῖ..
2014 5541 2372 5643 ξέῗῗῗξξίἷᾷ

848 5614 1074 5696 οὐμενδν
1113 5626 1211 5690 τῆς
1240 5623 1333 5675 τοῦ
1366 5614 1495 5673 Υἷοῦ
1520 5614 2113 5700 ὑχτοστάὶσεοξςπξάὶιούιξ
2136 5614 2373 5700 ξνάνξίον

848 5650 1074 5696 ουμενυν
1113 5650 1210 5690 της
1240 5650 1333 5675 Ἕυυ
1375 5650 1396 5673 ι
1417 5650 1495 5673 ιυυ
1522 5650 1653 5671 υιιυυ
1671 5650 1861 5679 ιιιυιω,
1902 5650 2112 5700 ’.νει-,υνη
2136 5650 2369 5691 δνᾺνίιν-

811 5650 950 5767 ςὸγῳ
974 5698 1079 5748 τινὶ
1106 5697 1490 5767 ὑτξοστάσεωςῌ·
1521 5689 1782 5767 obiri-«(ap
1873 5687 2062 5767 [1‘qu
2086 5683 2171 5735 διὰ
2201 5697 2374 5765 mura.

813 5756 938 5830 Υἰὶιξ
968 5768 1001 5836 ἦ
1031 5765 1376 5837 rtpdﬁkqua;
1414 5761 1594 5837 οὗτε-ο
1621 5756 1852 5820 Υἱὸςεὶς
1876 5756 2106 5837 ,Πατέρα
2146 5756 2374 5837 μεταπξο

812 5824 955 5905 mat,
983 5824 1106 5890 οὕτε
1135 5837 1194 5889 τὸ
1234 5824 1461 5903 Πνεῦμα
1507 5829 1782 5896 ἐξίσταται
1832 5825 1942 5880 τῶν
1994 5824 2137 5878 ἰδίων
2185 5824 2369 5877 αὑτοῦ.

2494 3236 2645 3298 stasi,
2684 3237 2736 3289 in
2768 3253 2872 3305 qua
2897 3248 3009 3301 est;
3040 3254 3109 3292 ne
3139 3240 3255 3293 scil.
3291 3255 3457 3293 unum
3488 3256 3553 3294 ex
3597 3243 3680 3295 his
3704 3243 3913 3298 duobus
3936 3249 4072 3300 sub-

2492 3340 2773 3398 sequatur,
2815 3342 2908 3384 aut
2939 3341 3066 3386 ante
3099 3341 3152 3386 et
3186 3343 3309 3401 post
3345 3333 3572 3402 intelligi
3608 3351 3773 3389 unum
3807 3349 3861 3390 et
3895 3339 4070 3399 idem,

2491 3431 2546 3473 et
2572 3437 2636 3473 ex
2669 3423 2849 3490 seipse
2879 3437 3001 3476 esse
3022 3464 3035 3486 ,
3066 3433 3159 3476 aut
3203 3426 3610 3480 multitudinem
3654 3428 3912 3482 Filiorum
3968 3434 4072 3484 ad-

2491 3513 2728 3566 mittere.
2764 3514 2879 3567 Non
2908 3525 3132 3583 generat
3169 3530 3297 3586 ergo
3322 3516 3494 3571 Filius
3516 3559 3531 3582 ,
3567 3535 3754 3572 verum
3789 3523 4068 3589 producit.

2488 3614 2544 3659 et
2570 3608 2706 3659 ratio
2736 3618 3106 3661 consentanea
3162 3618 3217 3662 et
3271 3625 3618 3679 consequens
3651 3622 3753 3666 est.
3805 3613 4070 3670 Producit

2488 3697 2648 3751 Pater
2675 3698 2933 3767 Spiritum
2962 3741 2977 3764 ,
3019 3710 3074 3755 et
3112 3717 3236 3756 cum
3285 3703 3557 3770 producit,
3590 3709 3960 3760 communicat
3989 3711 4068 3763 illi

2486 3792 2692 3852 omnia,
2750 3808 2864 3860 qua:
2920 3809 3021 3844 non
3074 3794 3553 3862 prwintelliguntur
3579 3797 3722 3850 illius
3750 3802 4021 3866 hypostasi
4050 3819 4069 3865 ;

2488 3889 2880 3948 proptereaque
2930 3880 3044 3934 ﬁeri
3099 3884 3319 3952 nequit,
3350 3893 3408 3937 ut
3446 3885 3493 3938 ei
3525 3888 3890 3942 communicet
3949 3893 4066 3944 vim

2487 3970 2817 4038 producendi
2869 3983 2961 4026 aut
3005 3975 3332 4043 generandi,
3376 3976 3833 4044 quemadmodum
3880 3995 4065 4049 neque

2486 4060 2623 4115 Filio
2650 4065 2980 4133 generandi;
3008 4081 3245 4134 namque
3293 4067 3408 4120 luce
3440 4066 3493 4119 in
3535 4066 3694 4121 Patre
3740 4071 4065 4138 praeintelli-

2484 4164 2707 4220 guntur.
2736 4153 2841 4208 Sed
2867 4170 3043 4224 neque
3072 4157 3336 4226 generari,
3357 4156 3499 4224 quod
3531 4157 3654 4211 ﬁnis
3689 4164 4063 4229 generationis

2484 4240 2790 4302 dicebatur.
2821 4243 3046 4313 Spiritui
3081 4247 3260 4299 inerit.
3311 4245 3752 4318 Prteintelligitur
3781 4253 4056 4321 siquidem

2485 4331 2787 4401 hypostasis
2811 4335 2927 4388 Filii
2958 4336 3230 4405 hypostasi
3259 4336 3514 4405 Spiritus.
3551 4339 3743 4392 Verum
3764 4345 4061 4410 producere

2484 4437 2592 4475 non
2625 4425 3056 4495 praeintelligitur
3088 4425 3203 4480 Filii
3232 4443 3460 4495 persona
3494 4444 3670 4498 neque
3709 4435 3904 4488 rationi
3956 4435 4057 4506 hy-

2408 4513 2721 4583 Dpostasis
2764 4517 2871 4570 ullo
2918 4518 3078 4570 modo
3117 4519 3454 4574 adversatur.
3500 4519 3681 4587 Neque
3735 4523 3884 4577 enim
3931 4526 4060 4580 ideo

2484 4605 2644 4659 Pater
2669 4605 2835 4660 Filius
2862 4607 2944 4660 vel
2978 4609 3258 4677 productio
3289 4619 3392 4673 est,
3429 4626 3529 4664 nec
3559 4611 3726 4665 Filius
3755 4613 3808 4666 in
3836 4616 4055 4671 Patrem

2483 4697 2803 4764 prolabitur,
2828 4714 3003 4767 neque
3033 4698 3268 4768 Spiritus
3298 4715 3363 4753 ex
3389 4701 3504 4754 suis
3549 4704 3785 4770 propriis
3814 4709 4051 4762 excedit.

2482 4785 2616 4839 Cum
2644 4788 2823 4857 itaque
2847 4789 3046 4842 nullam
3077 4791 3452 4845 confusionem
3478 4805 3700 4861 generet
3728 4798 4054 4864 producere,

2484 4878 2591 4931 ituo
2623 4888 2792 4933 totum
2821 4881 3154 4934 contrarium
3181 4923 3195 4946 ,
3238 4883 3283 4936 si
3329 4884 3465 4936 Filio
3498 4886 3640 4939 inest
3667 4925 3682 4946 ,
3715 4897 3770 4939 et
3795 4892 4055 4944 ordinem

2484 4979 2660 5023 servet
2688 4979 2742 5023 et
2782 4969 2993 5026 Triadis
3035 4985 3278 5026 mutuam
3318 4972 3468 5046 [505]
3520 4975 3838 5057 relationem
3884 4978 3937 5050 (§
3973 4982 4050 5041 6).

2484 5064 2614 5117 illud
2641 5080 2866 5133 prorsus
2902 5065 3226 5124 FilioPater
3256 5068 3684 5123 communicabit
3715 5070 3859 5139 (97):
3894 5084 3948 5126 et
3976 5075 4051 5126 sic

2485 5157 2721 5226 Spiritus
2753 5159 2859 5213 erit
2886 5170 2938 5212 et
2962 5160 3100 5225 Filii,
3129 5172 3184 5214 et
3208 5176 3314 5213 non
3359 5161 3725 5229 imperfectus,
3760 5167 3907 5232 quod
3940 5181 4049 5219 non

2482 5249 2764 5318 producat,
2820 5251 2977 5304 sicuti
3029 5268 3203 5320 neque
3250 5252 3437 5314 Filius,
3478 5253 3620 5321 quod
3654 5269 3760 5307 non
3801 5269 4046 5324 generet.

2482 5341 2593 5396 lmo
2626 5340 2669 5394 si
2728 5344 3062 5410 produceret,
3104 5357 3232 5398 esset
3263 5346 3636 5416 imperfectus;
3699 5359 3825 5397 nam
3879 5347 3962 5400 vel
3992 5362 4048 5400 se

2482 5539 2769 5608 Μηδεμὶαν
2801 5537 2894 5591 οὖν
2935 5538 3265 5608 ὲπεισφέρονί
3297 5536 3556 5608 σύγχυσιν
3589 5537 3650 5588 τὸ
3700 5536 4054 5606 προϐάλλειν,

2480 5607 2789 5662 τούναντίον
2821 5608 3069 5668 δ’,ᾶπιν,
3105 5607 3175 5659 εἴ
3203 5607 3278 5676 τῷ
3328 5607 3438 5674 Υἱῷ
3491 5607 3767 5674 πρόσεστι,
3816 5611 3908 5658 καὶ
3956 5611 4050 5668 τὴν

2480 5678 2631 5742 τάξιν
2664 5678 2959 5747 συκιτηροῦν
2994 5680 3087 5730 καὶ
3119 5679 3217 5745 τὴν
3263 5681 3362 5745 τῆς
3399 5678 3628 5747 Τριάδος
3677 5677 4050 5741 ἀκατάλληλον

2485 5751 2668 5820 σχέσιν
2693 5766 2706 5782 ·
2741 5746 3057 5820 κοινωνήσει
3093 5749 3309 5811 πάντως
3341 5747 3499 5801 τοῦτο
3527 5746 3605 5818 τῷ
3635 5747 3746 5817 mp
3773 5747 3802 5798 ὁ
3835 5747 4048 5815 ιιάτῄρ.
