4242 6438
238 405 340 471 521

916 423 1013 483 DE
1052 422 1111 482 S.
1155 424 1351 484 SPIR.
1398 424 1897 486 MYSTAGOGIA.
1936 453 2007 462 -
2037 431 2775 498 ANIMADVERSIONES.

3379 440 3482 504 522

238 523 556 593 ipsumipse
580 526 925 597 produceret,
949 534 1097 600 quod
1130 534 1246 589 fieri
1270 537 1480 605 nequit,
1504 538 1601 591 vel.
1620 536 1806 601 alium,
1838 540 1885 596 Α
1915 536 2101 607 Filius,
2155 542 2392 613 Spiritus
2427 556 2649 602 sanctus
2698 548 3022 618 procederet
3052 552 3119 605 ab
3154 553 3265 607 illo.
3314 572 3331 602 ι
3375 553 3484 608 Sed

238 623 298 668 et
321 618 397 669 sic
426 618 478 670 in
528 618 798 675 infinitum
853 625 1253 690 produceretur
1280 629 1586 698 progressio
1612 667 1626 687 .
1666 628 1811 697 quod

238 721 351 760 non
414 723 536 763 esse
593 712 943 780 perfectionis
1002 726 1116 772 tute
1161 719 1325 772 etiam
1369 720 1580 773 diceres
1616 720 1750 789 (98)-
1786 740 1804 771 ³

238 797 509 853 Praeterea
552 800 693 855 idem
738 815 931 860 auctor
961 808 1033 877 (c.
1067 810 1155 861 26.
1183 826 1235 877 p.
1266 809 1390 877 526)
1423 811 1491 864 ad
1545 812 1812 880 objectio-

237 904 390 953 nem,
421 892 680 959 Spiritum
730 906 980 951 sanctum
1030 915 1283 955 mancum
1339 912 1393 956 et
1431 903 1810 972 imperfectum

236 994 385 1045 esse,
413 982 454 1033 si
490 984 637 1036 solus
669 985 809 1039 inter
841 996 952 1041 tres
984 1004 1245 1058 personas
1290 1008 1399 1046 non
1438 1004 1582 1047 esset
1609 994 1810 1063 princi-

235 1071 389 1140 pium
424 1111 440 1134 ,
496 1074 597 1127 hoc
645 1084 803 1143 pacto
858 1079 1176 1147 respuiulet:
1215 1098 1233 1131 ‹
1296 1080 1599 1135 Perfectum
1646 1091 1810 1151 atque

238 1163 618 1233 imperfectum
653 1182 763 1220 non
800 1183 866 1221 ex
894 1170 1211 1230 diacriticis.
1246 1173 1340 1227 sed
1372 1188 1439 1227 ex
1471 1174 1810 1230 naturalibus

236 1256 531 1325 colligitur.
555 1256 685 1323 Qua:
707 1259 852 1313 enim
891 1264 1203 1317 necessario
1231 1273 1439 1320 naturae
1466 1266 1627 1320 insita
1658 1276 1807 1329 sunt,

236 1346 329 1400 illa
373 1349 419 1402 si
472 1349 748 1407 defuerint
783 1393 798 1417 ,
849 1354 1224 1422 imperfectam
1275 1366 1522 1413 naturam
1571 1360 1811 1414 efﬁciunt

236 1438 405 1504 illius,
433 1440 519 1494 cui
551 1458 659 1495 non
695 1444 900 1498 insunt.
936 1444 1134 1500 Verum
1165 1464 1286 1517 qua:
1325 1450 1644 1520 hypostases
1681 1468 1810 1506 con-

234 1529 493 1592 stituunt,
521 1540 576 1584 et
606 1547 870 1601 personas
914 1534 1256 1601 discernunt,
1292 1553 1571 1607 nunquam
1606 1540 1811 1610 imper-

234 1619 440 1674 fectum
462 1622 754 1692 quidquam
785 1624 1021 1680 efﬁcient
1051 1636 1268 1691 natura,
1294 1643 1417 1683 cum
1445 1640 1669 1685 naturas
1698 1649 1807 1687 non

235 1722 550 1777 secernant,
585 1714 678 1767 sed
708 1714 852 1770 circa
884 1726 1132 1772 naturam
1158 1730 1536 1786 secernantur,
1565 1732 1623 1777 ut
1655 1724 1809 1779 theo-

236 1800 410 1871 logica
438 1818 540 1857 vox
568 1804 802 1860 insonat.
839 1806 912 1860 Ex
940 1808 1383 1866 discernentibus
1414 1828 1543 1867 vero
1571 1825 1655 1869 est
1678 1832 1810 1885 pro-

1920 630 1965 683 si
2004 631 2077 686 ita
2106 644 2206 697 est,
2242 637 2414 706 pergit
2476 638 2737 703 Photius,
2780 641 2925 695 unde
2964 641 3043 705 ﬁt,
3082 660 3100 694 ι
3135 653 3194 698 ιιι
3225 645 3481 715 Spiritus.

1917 720 2040 777 licet
2072 725 2261 780 iisdem
2298 729 2507 783 fruatur
2543 731 2842 787 honoribus
2875 745 2929 787 et
2960 750 3026 788 ex
3055 750 3116 788 ea
3151 736 3262 805 ipsa
3298 753 3485 790 essen-

1921 814 1990 867 tia
2016 818 2132 885 pari
2165 819 2351 873 ordine
2383 822 2533 892 [505]
2568 839 2631 877 ac
2662 826 2773 892 pari
2800 825 2969 895 gloria
3000 828 3245 895 prodeat,
3278 828 3481 895 princi-

1919 908 2099 975 piandi
2138 914 2490 982 praerogativa
2530 916 2814 983 privetur?
2854 936 2872 966 ι
2916 916 3069 982 Quod
3099 934 3205 972 non
3240 918 3483 985 ejusdem

1918 1000 2191 1065 potentize,
2228 1019 2328 1057 nec
2377 1014 2460 1058 est
2503 1007 2746 1073 ejusdem
2794 1010 3076 1073 essentia};
3128 1019 3221 1062 aut
3252 1009 3486 1078 Spiritus

1917 1105 2045 1157 ergo
2079 1093 2265 1147 eadem
2306 1097 2541 1150 donatur
2576 1103 2924 1170 praerogativa
2964 1109 3056 1155 aut
3091 1102 3156 1155 ad
3204 1101 3485 1155 homousia

1917 1180 2187 1249 dejicitur.
2219 1184 2362 1248 Sane
2403 1189 2563 1241 simili
2615 1191 2825 1245 ratione
2855 1192 2957 1246 dici
2990 1201 3165 1262 petes!
3191 1211 3203 1246 :
3232 1192 3286 1245 Si
3317 1191 3483 1245 Filius

1916 1287 2025 1325 non
2052 1286 2275 1343 generat
2305 1278 2519 1344 Filium,
2551 1297 2661 1335 non
2697 1292 2779 1337 est
2806 1284 2950 1337 Patri
2980 1284 3481 1338 consubstantialis.

1918 1363 2254 1422 Recolantur
2294 1386 2355 1425 ea
2389 1389 2509 1441 quas
2540 1375 2672 1428 alias
2704 1391 2767 1429 ac
2810 1377 3151 1446 potissimum
3184 1392 3303 1446 quae
3334 1377 3360 1447 §
3395 1377 3481 1437 16.

1917 1456 2058 1512 dicta
2095 1468 2223 1513 sunt
2264 1470 2320 1515 et
2374 1465 2575 1519 solutio
2624 1467 2783 1536 plana
2839 1469 2962 1523 erit.
3002 1468 3263 1524 Nolumus
3307 1480 3485 1525 tamen

1917 1552 2215 1618 prmterire,
2256 1570 2377 1623 qua:
2425 1556 2478 1609 in
2526 1557 2668 1613 hanc
2707 1574 2819 1614 rem
2847 1560 3065 1615 disserit
3130 1560 3284 1632 llugo
3316 1562 3486 1617 Ethe-

1916 1641 2120 1709 rianus,
2152 1643 2563 1703 Methonensem
2608 1649 2863 1705 refellens
2897 1655 3181 1721 praesulem
3229 1656 3370 1724 (cap.
3396 1656 3483 1716 l6.

1915 1733 1982 1786 ad
2014 1750 2251 1802 praesens
2276 1736 2449 1793 Pbotii
2475 1751 2638 1810 caput
2696 1751 2823 1797 nota
2860 1745 2935 1813 5).
2997 1745 3053 1798 ln
3106 1748 3296 1815 primis
3331 1758 3486 1818 urget

1916 1822 2057 1876 idem
2093 1826 2492 1885 incommodum
2534 1834 2684 1901 sequi
2720 1850 2787 1888 ex
2823 1836 3121 1901 missione;
3152 1838 3350 1892 deinde
3378 1841 3482 1893 alia

235 1889 457 1946 ducere.
490 1889 608 1946 Non
647 1909 776 1963 ergo
830 1896 1211 1966 imperfectum
1254 1903 1381 1971 quid
1431 1914 1640 1958 natura:
1686 1905 1813 1999 Spi-
1846 1894 1885 1947 Β
1914 1917 2156 1983 quaedam
2186 1921 2449 1990 adjungit.
2496 1942 2512 1973 ι
2548 1889 2681 1978 Nam
2713 1925 2756 1978 si
2780 1927 2977 1991 Filius,
3019 1889 3479 1999 ait'(f.—n,vc.

237 1985 595 2051 ritus‘inerit,
629 1991 774 2057 quod
807 2005 916 2044 non
948 1994 1230 2061 producat,
1266 1996 1360 2049 sed
1392 2012 1494 2049 nec
1515 1998 1806 2065 hypostasi.

238 2076 558 2134 Secernitur
588 2080 735 2136 enim
766 2082 1101 2139 sufﬁcienter
1136 2090 1305 2156 magis
1334 2103 1363 2141 a
1393 2088 1555 2144 Patre
1588 2099 1643 2143 et
1670 2090 1809 2143 Filio

236 2187 341 2225 non
364 2168 669 2240 produceris,
710 2189 870 2243 quam
911 2186 1298 2233 secerneretur
1325 2195 1353 2233 a
1395 2180 1549 2245 Filio,
1581 2197 1645 2235 ex
1673 2182 1808 2236 Filio

234 2279 340 2316 non
372 2264 654 2333 productus
687 2267 820 2335 (99).
864 2286 883 2319 ι
919 2268 1159 2323 Tandem
1187 2270 1348 2341 digna
1381 2281 1509 2326 sunt
1540 2287 1660 2341 qua:
1681 2289 1808 2328 con-

234 2355 544 2410 siderentur
582 2357 807 2413 Thomaz
843 2358 992 2433 [305]
1032 2364 1191 2418 verba
1218 2404 1232 2427 ,
1270 2364 1468 2433 quibus
1507 2366 1669 2419 solvit
1701 2367 1807 2421 dif-

233 2447 530 2503 ficultatem
557 2466 569 2504 :
612 2468 630 2501 ι
669 2452 975 2522 Cujuslibet
1004 2458 1239 2512 amantis
1274 2469 1357 2513 est
1389 2460 1585 2529 aliquis
1613 2475 1805 2523 amor;

230 2539 331 2593 sed
365 2538 602 2609 Spiritus
635 2554 859 2598 sanctus
887 2555 972 2600 est
1016 2547 1216 2613 Amor;
1252 2564 1381 2620 ergo
1420 2561 1503 2606 est
1545 2552 1665 2620 ejus
1705 2553 1804 2606 ali-

230 2628 358 2697 quis
381 2644 551 2684 amor.
578 2630 633 2685 Si
660 2632 826 2701 igitur
864 2634 1102 2703 Spiritus
1128 2648 1349 2693 sanctus
1378 2649 1462 2695 est
1489 2640 1676 2705 Amor,
1700 2645 1807 2698 erit

232 2734 388 2774 amor
412 2723 631 2787 amoris,
658 2733 713 2778 et
747 2725 972 2795 spiritus
1017 2743 1046 2780 a
1107 2730 1317 2798 spiritu.
1360 2749 1377 2781 ›
1414 2732 1504 2787 Ait
1549 2735 1693 2788 enim
1729 2739 1802 2805 (q.

233 2811 326 2865 37.
377 2828 430 2867 a.
489 2813 580 2883 1):
639 2833 657 2866 ι
713 2817 794 2871 Ad
847 2829 1099 2887 quartum
1152 2823 1465 2890 dicendum,
1493 2830 1636 2897 quod
1666 2830 1807 2884 sicut

233 2904 397 2969 Filio,
429 2905 556 2959 licet
584 2907 867 2979 intelligat,
895 2927 1004 2965 non
1042 2922 1220 2967 tamen
1256 2916 1357 2970 sibi
1387 2922 1647 2988 competit
1678 2938 1804 2990 pro-

231 2995 437 3050 ducere
508 2998 784 3065 Verbum,
841 3004 967 3071 quia
1025 3006 1327 3077 intelligere
1380 3014 1631 3066 convenit
1668 3015 1717 3067 ei
1750 3026 1807 3069 ut

234 3086 416 3143 Verbo
445 3092 791 3158 procedenti:
836 3095 909 3149 ita
945 3096 1069 3152 licet
1112 3098 1347 3168 Spiritus
1382 3113 1604 3158 sanctus
1638 3118 1802 3167 amet.

230 3182 585 3235 essentialiter
634 3185 992 3253 accipiendo,
1050 3205 1159 3244 non
1220 3199 1397 3246 tamen
1448 3198 1702 3250 com'enit
1732 3198 1799 3261 ei,
1832 3222 1872 3279 ο

230 3274 380 3340 quod
413 3274 580 3342 spiret
607 3290 871 3339 amorem,
909 3281 1053 3348 quod
1087 3290 1169 3335 est
1198 3282 1421 3353 diligere
1468 3288 1804 3340 notiouaiiter

233 3372 531 3431 sumptum,
552 3366 679 3433 quia
709 3366 787 3421 sic
810 3368 986 3439 diligit
1016 3373 1395 3436 essentialiter,
1420 3386 1476 3429 ut
1502 3393 1652 3429 amor
1681 3394 1805 3444 pro-

229 3456 435 3521 cedens,
470 3472 574 3511 non
610 3467 721 3511 uta
750 3476 850 3529 quo
880 3464 1109 3529 procedit
1144 3481 1313 3518 amor.
1362 3485 1380 3517 ι
1420 3466 1509 3521 Sic
1547 3483 1694 3539 ergo,
1726 3469 1801 3523 uti

223 3546 341 3612 jam
374 3563 535 3617 supra
574 3549 777 3603 dictum
806 3562 911 3616 est,
944 3552 998 3605 in
1044 3552 1251 3623 Spiritu
1282 3566 1476 3611 sancto
1510 3559 1801 3613 terminum

233 3638 435 3693 habent
474 3642 878 3710 progressiones
919 3644 1279 3700 immanentes
1325 3647 1613 3716 nullusque
1651 3650 1801 3704 locus

229 3740 317 3784 est
341 3747 655 3799 progressus
694 3734 748 3787 in
782 3734 1071 3798 infinitum,
1105 3752 1264 3805 quem
1297 3738 1559 3793 divinitus
1589 3741 1800 3795 revela-

230 3830 322 3875 tus
355 3824 488 3878 ordo
507 3826 791 3893 proscribit
828 3828 1105 3882 radicitus.
1132 3847 1150 3880 ι
1170 3828 1366 3883 Verum
1394 3831 1560 3893 enim,
1587 3833 1662 3885 ait
1693 3832 1801 3886 Ma-

232 3915 758 3987 nuelCalccas(l.n,
782 3934 835 3988 p.
858 3919 1246 3987 421)ordinem
1277 3936 1495 3975 servare
1526 3937 1661 3990 opus
1696 3932 1798 3990 est,

229 4021 411 4075 neque
455 4006 628 4077 ipsius
670 4010 931 4064 terminos
963 4011 1285 4079 transgredi,
1341 4011 1434 4065 sed
1495 4013 1633 4066 intra
1676 4014 1799 4067 Tri-

232 4099 457 4152 nitatem
494 4110 634 4153 stare
662 4101 813 4169 juxta
846 4102 1099 4155 traditam
1138 4104 1295 4157 nobis
1324 4104 1445 4157 ﬁdei
1476 4106 1733 4175 regulam.
1774 4125 1791 4158 ι

307 4190 394 4245 19.
434 4190 586 4255 Quod
618 4192 775 4246 initio
801 4208 921 4262 cap.
952 4195 1019 4248 38
1045 4194 1276 4248 advertit
1305 4194 1549 4255 Photius.
1582 4197 1797 4250 nonnisi

230 4296 261 4335 a
297 4281 454 4336 Patre
487 4284 735 4352 accipere
763 4284 1005 4353 potuisse
1040 4284 1255 4348 Filium,
1280 4296 1337 4339 ut
1369 4285 1605 4354 Spiritus
1626 4288 1796 4340 sancti

230 4374 303 4426 sit
341 4374 689 4442 principium,
734 4374 786 4428 id
812 4376 1080 4428 Catholici
1117 4392 1224 4429 uno
1270 4392 1363 4431 ore
1404 4378 1617 4431 docent.
1654 4379 1800 4444 Quos

230 4466 373 4520 inter
406 4464 751 4530 llatramnus,
779 4466 836 4535 (l.
866 4467 929 4529 ll,
964 4482 1011 4521 c.
1045 4468 1099 4531 3,
1148 4483 1202 4536 p.
1228 4468 1326 4521 251
1364 4469 1428 4522 ad
1458 4484 1517 4522 ea
1568 4468 1799 4520 Nazian-

1912 2020 1966 2072 p.
2008 2007 2183 2077 1225),
2222 2028 2239 2059 ι
2272 2026 2612 2081 quaecunque
2659 2014 2839 2078 habet,
2888 2031 2919 2070 a
2965 2016 3123 2072 Patre
3162 2021 3391 2089 accepit.
3426 2031 3482 2077 et

1910 2096 2147 2166 Spiritus
2175 2102 2488 2158 missionem
2512 2107 2579 2159 ab
2598 2108 2787 2162 eodem
2818 2111 3060 2179 accepit;
3089 2113 3253 2167 mittit
3277 2116 3479 2183 quippe

1914 2190 2171 2259 Spiritum
2212 2206 2457 2251 sanetum
2491 2198 2749 2254 Filius...
2783 2200 2956 2267 Patet,
2980 2204 3124 2272 quod
3154 2204 3324 2258 Filius
3353 2206 3481 2261 mit-

1910 2291 1986 2336 tat
2024 2282 2287 2354 Spiritum
2329 2299 2575 2343 sanctum
2609 2300 2664 2344 et
2691 2292 2831 2361 quod
2862 2310 2891 2347 a
2932 2295 3089 2350 Patre
3124 2297 3262 2351 idem
3296 2300 3481 2352 mitta-

1911 2383 2017 2427 tur.
2070 2375 2351 2441 Quomodo
2391 2380 2556 2450 igitur
2610 2397 2638 2435 a
2698 2383 2856 2439 Patre
2908 2387 3184 2455 accipiens
3244 2388 3479 2457 Spiritus

1909 2465 2228 2521 missionem
2261 2468 2371 2537 (est
2404 2471 2548 2525 enim
2585 2474 2808 2529 mittens
2846 2486 2901 2530 et
2946 2479 3164 2548 missus)
3191 2520 3205 2540 .
3241 2480 3478 2549 Spiritus

1908 2566 2088 2611 autem
2123 2575 2230 2613 non
2283 2562 2493 2631 accepit
2547 2564 2867 2621 missionem
2921 2584 3093 2638 neque
3136 2570 3253 2624 Filii
3302 2588 3479 2642 neque

1908 2649 2130 2704 alterius
2161 2652 2241 2704 sui
2278 2652 2515 2707 similis?
2548 2654 2800 2711 Privatur
2826 2674 2956 2730 ergo
2990 2662 3143 2731 parili
3178 2663 3385 2718 honore
3407 2695 3478 2707 —

1908 2738 2205 2794 liberalitas
2236 2740 2370 2796 haec.
2404 2742 2585 2797 Potest
2648 2754 2827 2799 tamen
2871 2757 2926 2801 et
2954 2748 3021 2802 de
3052 2748 3192 2803 facili
3248 2750 3477 2805 solutio—

1906 2844 2032 2882 nem
2069 2830 2268 2885 habere
2313 2832 2431 2887 talis
2472 2835 2743 2903 objectio,
2787 2853 2908 2891 cum
2954 2840 3344 2895 convenienter
3389 2857 3477 2895 re-

1908 2923 2161 2989 sponderi
2195 2925 2382 2993 possit,
2428 2925 2551 2980 ideo
2580 2944 2689 2981 non
2750 2930 3026 2998 accepisse
3059 2931 3319 3001 Spiritum
3355 2931 3475 2988 Filii

1907 3028 2123 3067 causam
2156 3030 2298 3079 esse,
2322 3017 2448 3085 quia
2473 3018 2642 3073 Filius
2679 3028 2763 3073 est
2795 3020 2962 3089 ipsius
2986 3037 3150 3076 causa
3175 3066 3188 3089 ,
3242 3024 3479 3094 Spiritus

1908 3120 2036 3159 vero
2072 3106 2191 3174 ejus
2234 3124 2395 3161 causa
2430 3125 2552 3163 esse
2598 3127 2865 3179 nusquam
2922 3116 3191 3183 reperitur
3227 3160 3239 3181 ,
3300 3133 3479 3187 neque

1908 3196 2128 3251 alterius
2158 3199 2239 3251 sui
2268 3200 2478 3259 similis.
2510 3217 2577 3254 ne
2608 3212 2799 3270 quarta
2833 3204 2886 3257 in
2931 3204 3199 3262 Trinitate
3244 3224 3477 3277 persona

1908 3288 2089 3342 induci
2142 3291 2563 3346 demonstretur.
2618 3295 2891 3362 Amplius:
2943 3297 3228 3362 Quomodo
3280 3302 3479 3371 accipit

1901 3377 2162 3445 judicium
2197 3396 2359 3436 omne
2397 3381 2566 3436 Filius
2610 3400 2639 3437 a
2672 3384 2829 3439 Patre
2878 3395 2931 3439 et
2966 3387 3187 3454 Spiritui
3233 3406 3341 3442 non
3376 3392 3478 3443 im-

1903 3470 2173 3536 pertitur?
2224 3470 2499 3541 Scriptum
2556 3482 2637 3525 est
2668 3475 2847 3527 enim:
2909 3494 2927 3526 ι
2991 3478 3160 3530 Omne
3209 3477 3475 3545 judicium

1904 3561 2051 3613 dedit
2086 3560 2243 3625 Filio,
2280 3574 2339 3616 ut
2386 3579 2574 3619 omnes
2627 3567 2992 3621 honorificent
3040 3568 3237 3622 Filium
3274 3610 3288 3631 ,
3334 3573 3476 3625 sicut

1904 3650 2263 3705 honoriﬁcam
2305 3651 2517 3706 Patrem
2546 3654 2724 3722 (Joan.
2755 3673 2808 3717 ν,
2860 3656 2971 3724 22).
3006 3677 3022 3707 ι
3060 3657 3334 3728 Suspicor,
3367 3662 3476 3717 imo

1901 3741 2063 3793 credo
2090 3741 2336 3807 firmiter,
2370 3745 2512 3811 quod
2558 3746 2779 3798 emissio
2813 3745 3049 3815 Spiritus
3069 3790 3083 3812 ,
3133 3750 3176 3802 si
3205 3752 3271 3803 ad
3301 3752 3474 3805 hono—

1902 3846 2016 3884 rem
2048 3830 2223 3886 Patris
2261 3836 2517 3902 pertinet,
2548 3838 2611 3889 ad
2643 3836 2904 3891 honorem
2926 3838 3042 3892 Filii
3067 3841 3356 3907 referatur,
3380 3845 3474 3911 qui

1902 3922 2040 3975 sicut
2073 3939 2101 3976 a
2135 3924 2292 3978 Patre
2324 3926 2487 3979 vitam
2537 3927 2718 3991 habet,
2754 3929 3018 3996 judicium
3052 3932 3243 3994 habet,
3294 3934 3367 3987 ita
3421 3947 3477 3989 et

1906 4014 2141 4082 Spiritus
2191 4016 2541 4070 emissionem
2598 4019 2797 4084 habet;
2836 4029 2891 4073 et
2931 4022 3071 4075 sicut
3133 4024 3475 4079 nascibilitas

1901 4117 2011 4155 non
2054 4104 2277 4172 impedit
2327 4103 2544 4169 Filium,
2581 4107 2710 4173 quin
2754 4107 2949 4162 habeat
2992 4118 3242 4164 naturam
3277 4110 3472 4178 Patris,

1902 4192 2011 4246 imo
2046 4209 2109 4247 ex
2154 4194 2251 4248 hac
2301 4196 2498 4250 habere
2535 4198 2831 4264 probatur:
2874 4200 2952 4253 sic
2983 4202 3205 4254 emissio
3239 4202 3476 4271 Spiritus

1902 4300 1965 4336 ex
2006 4285 2162 4339 Patre
2190 4297 2244 4340 et
2274 4286 2408 4341 Filio
2444 4304 2549 4341 non
2584 4288 2814 4357 impedit
2869 4289 3156 4358 Spiritum.
3212 4293 3343 4361 quin
3376 4294 3473 4346 ha-

1901 4374 2026 4428 heat
2066 4374 2239 4429 Patris
2279 4375 2506 4445 Filiique
2542 4386 2825 4443 naturam;
2862 4380 3101 4448 alioquin
3154 4382 3387 4450 Spiritus
3421 4394 3475 4437 et

1904 4464 2071 4518 Filius
2107 4481 2213 4519 non
2261 4478 2387 4520 sunt
2417 4468 2656 4536 ejusdem
2691 4485 2812 4523 cum
2847 4469 3007 4525 Patre
3042 4481 3248 4527 natura-
3277 4512 3291 4535 ,
3349 4490 3473 4529 cum

232 4556 351 4609 leni
378 4558 541 4610 verba
569 4575 580 4609 :
616 4575 634 4607 ι
680 4558 831 4611 Etad
862 4558 1087 4626 primam
1117 4560 1359 4612 omnium
1392 4558 1677 4629 originem,
1707 4558 1799 4626 qui
1827 4562 1880 4621 D
1911 4555 2066 4608 Pater
2093 4554 2241 4627 [306]
2283 4559 2431 4611 solus
2471 4569 2728 4627 generet,
2772 4561 3027 4629 solusque
3075 4562 3335 4630 Spiritum
3360 4606 3374 4626 ,
3417 4576 3475 4618 ut

230 4653 315 4699 est
346 4644 525 4707 Pater,
555 4647 711 4700 sicuti
756 4646 1026 4716 Unigeniti
1057 4647 1275 4710 omnia,
1326 4648 1399 4700 ita
1432 4652 1591 4701 etiam
1623 4648 1794 4701 sancti

228 4737 463 4808 Spiritus
503 4740 687 4793 omnia
738 4741 1051 4793 referuntur
1084 4759 1101 4790 ι
1141 4743 1427 4794 observat:
1469 4760 1487 4791 ι
1535 4742 1681 4795 Talia
1714 4743 1796 4796 di-

227 4845 359 4884 cens
397 4832 633 4885 ostendit
658 4834 873 4897 omnia,
909 4849 1029 4901 quae
1080 4843 1205 4885 sunt
1247 4832 1409 4897 Filii,
1460 4834 1525 4887 ad
1582 4834 1794 4887 Patrem

228 4922 429 4975 habere
457 4923 792 4988 relationem,
825 4934 879 4977 et
908 4925 1108 4986 omnia,
1140 4940 1259 4994 qua:
1302 4935 1431 4979 sunt
1467 4926 1639 4979 sancti
1669 4926 1795 4995 Spi-

227 5013 384 5076 ritus,
410 5014 475 5067 ad
503 5015 754 5068 eumdem
805 5014 993 5069 referri
1027 5017 1170 5069 velut
1197 5020 1260 5070 ad
1294 5019 1520 5086 primam
1553 5021 1793 5074 omnium

224 5101 528 5169 originem;
564 5103 819 5169 quoniam
862 5103 963 5156 etsi
1007 5102 1242 5172 Spiritus
1273 5107 1529 5173 procedat
1570 5122 1599 5159 a
1636 5108 1794 5172 Filio,

227 5197 424 5264 accepit
452 5196 546 5248 hoc
580 5197 740 5250 Filius
770 5214 801 5248 a
850 5196 1040 5262 Patre,
1094 5208 1152 5252 ut
1211 5201 1483 5255 nascendo
1522 5202 1588 5254 de
1636 5202 1794 5257 Patre

301 5340 413 5411 (98)
644 5356 711 5413 p.77
747 5340 870 5405 528,
923 5343 1025 5397 529
1053 5361 1063 5394 :
1095 5344 1206 5395 Οὐκ
1238 5344 1447 5406 ἐλλιπὲς
1474 5345 1535 5397 τὸ
1574 5345 1793 5413 Πνεῦμα

229 5412 304 5481 μὴ
332 5411 868 5484 προϐάλλοννῷσπςρ
901 5413 1076 5484 opaea
1110 5413 1235 5484 Tib;
1272 5415 1347 5483 μὴ
1379 5415 1579 5480 γεννῶν
1606 5432 1618 5447 ·
1658 5411 1794 5484 μᾶ).-

222 5484 314 5534 ).ον
345 5482 454 5554 γᾴρ
487 5482 786 5554 πρρσὰλλον
814 5481 892 5554 ἦν
912 5482 977 5554 ἂν
1004 5482 1259 5554 ἐλλιπές·
1291 5481 1463 5554 ἢγὰρ
1483 5486 1611 5537 αὐτὸ
1636 5481 1795 5538 tam

224 5550 539 5620 προύϐαλεν
564 5550 650 5613 ἂν,
701 5550 847 5619 ὃπερ
873 5552 1131 5604 ἀδύνατον
1160 5569 1173 5583 ·
1206 5553 1237 5616 ἦ
1286 5550 1441 5613 ἄλλο(
1483 5557 1573 5606 καὶ
1625 5555 1795 5617 οὕτως

222 5623 304 5694 είς
332 5621 555 5694 ᾰτςειρον
575 5622 716 5694 μήμῖν
748 5621 932 5694 ἐξήκει
954 5624 981 5674 ὁ
1001 5622 1178 5689 λόγος,
1211 5624 1346 5686 ὅπερ
1373 5626 1431 5676 οὐ
1463 5626 1794 5694 τελειότητος

224 5692 321 5743 καὶ
351 5688 511 5750 αὐτὸς
544 5688 716 5753 εἴποις
740 5688 842 5745 ἄν]
888 5708 897 5717 “

299 5759 410 5827 (99)
438 5759 595 5821 lbid..
630 5776 681 5828 p.
720 5760 822 5814 526
851 5781 863 5814 :
897 5762 976 5813 Τὰ
1009 5761 1065 5814 δὲ
1103 5763 1436 5815 ὑποστατικὰ
1481 5763 1651 5816 ταῦτα
1703 5766 1795 5815 καὶ

225 5830 539 5902 διακριτικὰ
569 5831 667 5882 οὑκ
702 5831 765 5882 ἄν
800 5848 927 5882 ποτε
958 5832 1146 5894 ἀτελές
1186 5850 1238 5884 τι
1276 5834 1489 5903 ποιήσει
1517 5836 1582 5904 τῇ
1612 5832 1789 5902 φύσει,

593 5922 867 5983 ΡΑτιιοι.
908 5920 1027 5983 Gn.
1071 5926 1171 5988 CII

1907 4646 2128 4699 Graecus
2151 4646 2441 4700 arbitratur
2463 4690 2476 4712 ,
2513 4650 2746 4713 emittat,
2779 4650 3011 4720 Spiritus
3056 4667 3181 4705 vero
3210 4662 3265 4705 et
3307 4652 3473 4707 Filius

1905 4738 2055 4791 nullo
2089 4739 2265 4792 modo.
2308 4757 2325 4788 ι
2355 4769 2424 4779 --
2450 4738 2569 4792 Pari
2593 4743 2752 4794 modo
2776 4744 3090 4810 responderi
3119 4756 3293 4811 potest
3315 4747 3379 4798 ad
3421 4747 3473 4799 id

1905 4830 2048 4899 quod
2094 4845 2208 4898 cap.
2247 4831 2316 4884 40
2367 4831 2588 4885 Photius
2622 4834 2861 4901 profert:
2901 4853 2919 4885 ‹
2961 4837 3185 4903 Accepit
3234 4836 3400 4892 Filius
3442 4854 3471 4891 a

1907 4923 2063 4977 Patre
2100 4938 2165 4976 ex
2196 4923 2311 4991 ipso
2352 4940 2449 4993 per
2477 4925 2883 4993 generationem
2915 4928 3173 4995 prodiens
3194 4968 3207 4991 ,
3237 4938 3291 4982 et
3327 4930 3469 4983 aliud

1906 5014 2148 5081 ejusdem
2198 5024 2405 5068 natura:
2438 5015 2758 5084 producere.
2792 5017 3074 5082 Quomodo
3107 5018 3267 5088 igitur
3288 5062 3302 5084 ,
3348 5036 3472 5074 cum

1906 5114 1959 5159 ct
1986 5106 2097 5175 ipse
2122 5105 2288 5160 Filius
2316 5108 2834 5163 consubstantialem
2883 5111 3143 5178 producat
3186 5110 3469 5180 Spiritum,

1906 5212 2012 5249 non
2046 5199 2465 5253 communicavit
2496 5201 2594 5269 ipsi
2644 5196 2874 5255 similem
2912 5203 3167 5256 virtutem
3208 5213 3263 5256 et
3297 5204 3473 5256 hono;

1909 5347 1981 5415 μὴ
2010 5346 2587 5417 ἀφορίζοντανφύσεις,
2629 5347 2762 5400 ἀλλὰ
2800 5349 2927 5417 περὶ
2952 5349 3047 5417 τὴν
3075 5348 3237 5417 φύσιν
3282 5350 3469 5415 ἀφορι,

1904 5419 2106 5484 ζὸμενα
2142 5418 2281 5469 κατὰ
2312 5416 2410 5484 τὴν
2436 5418 2683 5483 θεολόγφν
2707 5416 2891 5487 φωνήν
2919 5436 2932 5488 ἡ
2969 5416 3095 5471 τῶν
3120 5419 3471 5488 διακριτικῶν

1903 5488 1957 5539 δὲ
1984 5487 2043 5539 τὸ
2071 5487 2397 5555 προϐάλλειν
2430 5502 2441 5512 ·
2475 5488 2574 5539 οὐκ
2612 5489 2719 5555 ἄρα
2751 5487 2965 5549 ἐλλιπές
2990 5506 3042 5539 τι
3074 5487 3375 5556 προσέσται
3405 5490 3468 5552 τῇ

1906 5558 2063 5620 φύσει
2096 5556 2189 5607 τοῦ
2246 5557 2556 5624 Πνεύματος
2602 5558 2679 5625 τῷ
2724 5558 2797 5626 μὴ
2845 5557 3188 5625 προϐάλλειν,
3239 5558 3357 5609 οὐδὲ
3406 5560 3469 5624 τῇ

1906 5627 2201 5679 ὑποστάσει
2226 5643 2240 5657 ·
2265 5626 2596 5696 διακρίνετᾳι
2620 5628 2727 5695 γὰρ
2760 5628 3071 5696 ἀρκούντως
3107 5627 3309 5696 μᾶλλον
3340 5628 3466 5696 Υῐφῦ

1906 5644 2201 5679 unos-tacet
2226 5644 2240 5657 υ
2265 5644 2596 5695 οιακρινεται
2620 5644 2727 5695 γαρ
2760 5644 2793 5677 α
2833 5644 3071 5689 κουντως
3107 5644 3309 5696 μαλλον
3347 5644 3366 5679 ι
3389 5644 3466 5677 ιου

1904 5700 1997 5769 ita).
2055 5696 2269 5769 [latrpr
2412 5694 2737 5769 grpo6a’zllnv,
2782 5644 2828 5767 ἦ)
2852 5699 2924 5769 μὴ
2959 5699 3016 5763 ἐξ
3055 5696 3178 5751 Υίοῑ
3233 5695 3468 5768 προεαλ-

1904 5766 2147 5835 λόμενον,
2178 5763 2272 5818 τοῦ
2308 5764 2459 5820 Υἰοῦ.

3028 5934 3100 5997 17
