4242 6438
788 395 894 458 523

1917 386 2179 447 ΡΗΟΤΙΙ
2220 385 2724 446 PATRIARCHIE
2763 386 2870 444 (ΖΡ.

3934 380 4047 445 594

788 519 924 564 rem,
953 499 1226 567 sicutipse
1256 498 1479 565 accepit,
1522 507 1581 551 ut
1616 505 1670 551 et
1714 497 1800 549 ille
1840 497 2087 564 ejusdem
2133 504 2343 549 natura:
2377 499 2415 554 Λ
2448 496 2534 546 nia
2565 494 2749 564 Cyrilli
2801 493 2951 548 Alex.
2992 495 3044 546 in
3078 492 3236 546 Joau.
3279 507 3388 557 xvt,
3439 493 3539 556 l5;
3593 491 3740 548 Dial.
3789 494 3855 545 de
3890 492 4046 545 Trin.

787 607 1028 661 persona:
1055 605 1341 658 progressu
1364 600 1416 641 et
1451 588 1805 642 subsistentia
1831 588 2001 641 laetari
2045 599 2097 642 et
2129 587 2345 657 gloriari

788 683 990 751 possit?
1037 701 1053 731 ι
1090 680 1272 748 Neque
1305 699 1321 729 ι
1366 680 1430 733 ad
1469 679 1787 732 imitandum
1830 677 2071 740 Patrem,
2106 697 2124 729 ι
2157 685 2216 729 ιιι
2250 676 2352 730 ibi-

787 776 908 825 dem
934 772 1099 832 addit,
1128 772 1176 823 id
1209 772 1446 824 tribuere
1473 770 1694 838 Spiritui
1719 770 2017 841 vel_potuit
2044 769 2126 822 vel
2159 768 2353 822 debuit

791 863 996 925 Filius;
1026 861 1263 930 perlecte
1309 862 1548 913 imitatur
1583 859 1796 914 Patrem
1828 844 2004 913 Pilius
2025 900 2039 922 ,
2085 859 2213 912 licet
2240 873 2351 911 non

789 963 1012 1022 generet
1039 961 1092 1005 et
1126 955 1239 1021 ipse
1271 952 1485 1011 Filium.
1521 961 1575 1005 et
1614 953 1728 1020 pari
1757 952 1924 1022 gloria
1948 950 2149 1004 fruitur
2178 949 2354 1018 Spiri-

792 1054 897 1104 tus,
933 1043 1061 1095 licet
1089 1059 1189 1096 nec
1211 1045 1471 1111 producat
1515 1058 1618 1096 nec
1654 1050 1908 1112 generet;
1957 1041 2193 1109 mquales
2226 1049 2356 1094 sunt

794 1145 900 1187 tres
930 1134 1274 1203 hypostases,
1326 1135 1450 1187 licet
1505 1151 1609 1186 una
1660 1135 1729 1186 sit
1789 1133 1992 1200 absque
2043 1132 2354 1200 principio,

795 1226 958 1277 altera
988 1227 1052 1278 de
1082 1227 1348 1294 principio
1380 1226 1708 1293 principium
1737 1265 1750 1287 ,
1790 1223 1946 1276 tertia
1980 1222 2246 1274 terminus
2273 1222 2358 1274 di-

797 1317 1043 1368 vinarutn
1105 1319 1533 1383 processiouum.
1589 1317 1773 1384 Neque
1839 1315 2360 1367 consubstantialitas

795 1424 886 1472 per
913 1426 966 1458 se
991 1418 1226 1474 spectata
1247 1423 1480 1474 unquam
1509 1408 1729 1477 ﬂagitat,
1756 1418 1808 1460 ut
1841 1419 1893 1461 et
1921 1407 2091 1460 tertia:
2115 1421 2361 1474 persona:

796 1498 1043 1565 principii
1089 1499 1224 1549 ratio
1251 1511 1546 1552 asseratur.

866 1590 953 1641 “2.0.
1035 1589 1228 1642 Verum
1292 1591 1390 1642 liae
1453 1591 1504 1642 iu
1573 1606 1630 1642 re
1688 1589 1874 1642 sedulo
1945 1588 2178 1664 notanda
2238 1599 2364 1641 sunt

799 1692 916 1742 quae
964 1675 1108 1727 varie
1154 1693 1182 1726 a
1236 1677 1465 1728 diversis
1523 1675 1889 1744 proferuntur.
1942 1667 2099 1727 Joa‘n.
2162 1674 2364 1726 Beccus

798 1765 1099 1833 disputans,
1156 1765 1228 1817 ιιε
1276 1783 1380 1817 una
1429 1765 1568 1817 Eccl.
1610 1780 1665 1818 .c.
1703 1765 1759 1817 5i
1801 1766 1881 1828 (ϐ.
1930 1763 2060 1828 0.1,
2111 1762 2364 1824 184-186)

2449 601 2503 652 ρ.
2535 587 2659 648 405,
2693 587 2814 648 tos,
2860 586 3070 654 aliaque
3095 602 3124 638 a
3155 584 3240 639 ιο.
3278 585 3474 644 Becco.
3533 585 3705 654 cpigr,
3740 601 3815 648 χι,
3851 583 3944 652 (G.
3987 583 4047 638 0.

2452 675 2514 738 ΙΙ,
2559 676 2662 730 (319
2688 677 2828 745 seq.)
2853 684 2909 729 et
2941 677 3123 731 Leone
3165 675 3361 730 Allalio
3406 675 3631 740 (Vindic.
3678 693 3796 746 sgn.
3838 675 4043 743 Ephes.

2452 781 2501 818 c.
2529 764 2621 824 56.
2651 781 2704 833 p.
2735 765 2840 818 172
2873 780 3014 833 seq.,
3037 780 3089 818 c.
3119 766 3210 826 46,
3235 783 3291 835 p.
3320 765 3428 819 225
3457 772 3596 834 seq.)
3630 761 4048 820 collecta.Nota

2453 866 2537 912 est
2567 857 2656 910 illa
2708 857 3054 910 ratiocinatio
3098 857 3398 927 theologica
3440 855 3623 911 :Filio
3671 857 4049 911 consubstan-

2456 949 2598 1002 tialis
2647 957 2732 1017 est
2767 947 3022 1017 Spiritus,
3074 949 3118 1001 si
3151 955 3238 1001 est
3266 963 3335 1002 ex
3362 949 3482 1016 ejus
3529 946 3787 1001 essentia.
3834 944 4046 997 Verum

2455 1039 2724 1108 posterius
2762 1050 3030 1093 assertum
3070 1055 3182 1092 non
3233 1039 3424 1093 eodem
3475 1036 3638 1090 modo
3689 1036 4046 1089 conceditur.

2459 1129 3010 1184 Consubstantialitas
3062 1129 3280 1198 quidem
3323 1144 3416 1196 per
3461 1144 3516 1180 se
3563 1136 3618 1180 et
3655 1142 3718 1178 ex
3761 1127 3928 1192 ipsius
4000 1128 4052 1177 ri

2461 1225 2600 1276 vocis
2624 1224 2829 1276 nullum
2875 1219 3008 1276 dicit
3051 1232 3358 1290 respectum
3388 1221 3452 1274 ad
3481 1220 3835 1274 habitudines
3875 1218 4052 1291 origi-

2462 1313 2566 1374 nis,
2601 1329 2665 1365 ex
2707 1313 2928 1366 notione
2977 1328 3072 1365 sua
3106 1327 3214 1365 non
3245 1311 3515 1380 exposcit.
3545 1319 3606 1363 ut
3630 1309 3848 1362 nonnisi
3881 1309 3950 1362 de
3986 1308 4052 1359 iis

2462 1405 2808 1472 praedicetur,
2857 1403 2994 1456 inter
3040 1419 3177 1471 quos
3226 1417 3398 1456 nexus
3449 1401 3699 1470 principii
3741 1409 3798 1454 ct
3842 1399 4052 1468 princi-

2465 1497 2594 1566 piati
2656 1495 2976 1558 intercedat,
3019 1511 3140 1549 cum
3172 1497 3334 1548 etiam
3387 1496 3577 1564 fratres
3626 1493 3736 1546 sint
3765 1508 3828 1546 ac
3854 1492 4050 1545 dican-

2467 1598 2555 1641 tur
2584 1587 2724 1640 inter
2759 1600 2816 1639 se
2845 1584 3373 1648 consubstantiales;
3411 1593 3648 1637 attamen
3677 1582 3720 1636 si
3755 1585 3818 1635 de
3850 1582 4050 1633 divini:

2475 1680 2742 1733 Trinitatis
2801 1680 3036 1747 personis
3105 1676 3640 1731 consubsmntialitas
3695 1673 4048 1743 priedicatur,

2471 1773 2656 1841 negari
2674 1786 2897 1840 prorsus
2921 1786 3030 1824 non
3059 1779 3257 1839 potest,
3289 1784 3408 1822 eam
3426 1784 3548 1822 cum
3576 1767 3799 1836 originis
3821 1766 4051 1818 notione

801 1829 984 1905 contra
1029 1852 1281 1905 Pliurnan
1335 1854 1479 1920 (vide
1535 1869 1652 1920 cap.
1703 1852 1735 1904 8
1796 1853 1971 1904 Plintii
2016 1861 2134 1904 not.
2184 1853 2264 1917 '2.)
2316 1859 2370 1903 et

2473 1829 2745 1915 cohaerere
2783 1870 2839 1914 et
2876 1876 2904 1913 a
2931 1829 3075 1930 [308]
3103 1829 3389 1924 posteriori
3425 1829 3718 1910 illationem
3769 1852 4051 1908 habitudi-

779 1940 977 1994 ‘cazteri
1041 1943 1213 1996 Graeci
1273 1947 1370 2012 τῆς
1405 1942 1650 2004 subeam;
1707 1952 1912 2003 tenent,
1943 1957 2005 1995 ex
2040 1943 2372 1994 inunaneute

800 2034 1006 2102 origine
1043 2034 1108 2086 ad
1136 2034 1777 2093 consubstantialitatem,
1800 2035 1893 2087 sed
1923 2049 2032 2085 non
2065 2034 2180 2086 vice
2216 2047 2370 2084 versa

818 2145 881 2184 ex
962 2128 1515 2182 consulistautialitate
1588 2128 1816 2180 duarum
1901 2139 2256 2194 personarum
2307 2124 2372 2176 ad

801 2227 960 2278 unius
1009 2223 1075 2275 ab
1128 2221 1292 2273 altera
1340 2219 1601 2288 originem
1651 2217 1898 2270 concludi
1952 2231 2127 2285 posse.
2182 2234 2198 2265 α
2239 2214 2373 2268 Tres

805 2315 1107 2370 Diviuitatis
1152 2326 1414 2380 persona,
1460 2311 1534 2363 ait
1567 2310 1766 2363 Beccus
1806 2308 1866 2379 (l.
1897 2311 1972 2375 c.)
2016 2309 2375 2362 communiter

803 2411 943 2462 inter
970 2423 1027 2460 se
1063 2405 1384 2474 participant
1432 2403 1676 2456 eamdem
1728 2412 1975 2455 naturam
2020 2402 2376 2470 eamdemque

804 2501 1169 2559 Divinitatem,
1220 2503 1275 2547 et
1306 2494 1448 2561 quod
1492 2493 1711 2545 insitum
1737 2503 1819 2546 est
1848 2493 1940 2546 uni
1982 2503 2202 2562 propter
2227 2507 2376 2547 eam-

803 2598 924 2648 dem
971 2607 1095 2645 cum
1129 2588 1351 2657 reliquis
1385 2597 1656 2650 naturam,
1704 2586 1807 2638 erit
1832 2595 1885 2639 et
1910 2587 2121 2639 duobus
2145 2586 2280 2639 aliis.
2310 2585 2377 2639 Et

805 2687 850 2738 si
883 2683 1114 2752 Spiritus
1156 2689 1297 2734 esset
1326 2695 1388 2732 ex
1417 2677 1554 2732 Filio
1611 2688 1832 2747 propter
1882 2676 1999 2729 Filii
2040 2692 2162 2729 eum
2216 2674 2376 2728 Patre

807 2772 1446 2833 consubstantialitatem,
1524 2780 1668 2824 esset
1717 2785 1932 2837 quoque
1981 2774 2036 2820 et
2090 2767 2262 2819 Filius
2310 2781 2376 2818 ex

807 2867 1010 2935 Spiritu
1065 2877 1284 2933 propter
1317 2862 1555 2931 Spiritus
1599 2861 1842 2913 eamdem
1873 2874 1994 2912 cum
2027 2857 2184 2911 Patre
2215 2868 2376 2911 natu-

810 2975 958 3020 ram;
991 2957 1070 3009 vel
1105 2957 1283 3024 potius
1313 2956 1426 3008 lucc
1455 2953 1552 3006 tria
1591 2968 1757 3005 unum
1797 2961 1939 3004 esset
1968 2968 2030 3004 ex
2058 2951 2162 3004 alio
2192 2950 2378 3020 ἢμᾶλ-

808 3054 897 3102 λον
945 3049 1001 3111 ἐξ
1034 3047 1276 3115 ἀλλήλων
1330 3045 1394 3097 ἂν
1421 3039 1561 3115 ἦσαν
1590 3043 1657 3096 τὰ
1695 3042 1863 3111 τρία).
1913 3045 1980 3094 At
2010 3057 2155 3094 nunc
2197 3043 2380 3110 sequi-

2473 1951 2558 2005 nis
2589 1951 2654 2005 ad
2688 1951 2949 2022 originem
2988 1950 3282 2018 spectantis
3309 1965 3374 2002 ex
3402 1948 3682 2002 homousia
3715 1945 3832 1998 ﬁeri
3863 1960 4048 2011 posse,

2476 2059 2580 2097 non
2624 2059 2723 2112 pro
2760 2044 2919 2098 insita
2957 2042 3204 2097 vocabuli
3247 2042 3417 2111 ipsius
3453 2041 3529 2102 vi,
3556 2040 3649 2094 sed
3699 2053 3798 2107 pro
3835 2039 4051 2091 ratione

2473 2148 2536 2188 ac
2561 2145 2751 2187 natura
2835 2132 3120 2186 Trinitatis
3193 2132 3346 2200 juxta
3407 2130 3672 2199 principia
3746 2127 4052 2195 theologica

2473 2225 2696 2279 omnino
2738 2234 2904 2279 certa.
2930 2223 3051 2288 Quo
3075 2224 3176 2276 ista
3202 2221 3485 2275 Ratramni
3541 2221 3814 2290 pertinere
3859 2219 4050 2272 viden-

2476 2327 2561 2370 tur
2589 2318 2624 2384 (l
2659 2334 2719 2378 ιι,
2749 2333 2798 2370 c.
2829 2316 2861 2369 ὅ
2901 2332 2953 2385 p.
2983 2315 3107 2384 252)
3135 2333 3149 2368 :
3195 2335 3213 2366 ‹
3246 2315 3606 2368 Monstratum
3645 2313 3832 2382 igitur,
3886 2313 3957 2364 ab
3986 2325 4052 2361 c0

2478 2407 2655 2475 (Filio)
2692 2409 2984 2477 procedere
3030 2407 3311 2476 Spiritum,
3365 2406 3522 2474 cujus
3567 2415 3651 2458 est
3698 2414 3907 2458 natum
3953 2418 4054 2457 seu

2476 2501 2826 2563 substantiae;
2874 2517 3036 2569 neque
3075 2502 3212 2553 enim
3247 2509 3413 2567 potest
3455 2499 3684 2564 ejusdem
3716 2506 3927 2550 naturre
3957 2510 4052 2548 seu

2475 2592 2801 2655 substantiae,
2839 2592 2988 2659 cujus
3014 2601 3086 2644 est
3118 2591 3304 2654 Filius,
3336 2607 3446 2643 esse
3474 2588 3783 2656 (ὀμοοὺσιον
3816 2587 3896 2657 τῷ
3939 2588 4054 2657 Υἱῷ

2478 2682 2657 2753 εἶναι),
2690 2685 2788 2736 nisi
2820 2683 3068 2753 procedat
3096 2684 3159 2736 ab
3191 2683 3302 2736 illo.
3337 2701 3356 2732 ι
3391 2682 3492 2747 Qui
3521 2683 3661 2735 hanc
3694 2683 4053 2750 posteriorem

2478 2775 2770 2829 illationem
2795 2791 2905 2828 non
2939 2775 3254 2836 admittunt,
3277 2774 3408 2828 illud
3439 2773 3674 2828 maxime
3694 2783 3976 2836 verentur,
3996 2782 4056 2825 ut

2477 2885 2543 2922 ex
2574 2868 2735 2921 Becco
2768 2867 2952 2921 videre
2976 2867 3123 2930 licet,
3152 2882 3222 2920 ne
3251 2876 3307 2921 et
3331 2866 3555 2936 Spiritui
3596 2873 3785 2920 saneto
3812 2866 4055 2935 προϐολὴ

2479 2960 2781 3012 ascribatur
2821 2973 2960 3012 neve
2984 2958 3044 3022 ἐξ
3077 2958 3326 3027 ἀλλήλων
3355 2967 3468 3011 tres
3497 2972 3746 3026 persona:
3772 2958 3845 3010 ita
3868 2958 4057 3010 existi-

2481 3061 2716 3115 mentur,
2746 3060 2801 3104 ut
2827 3051 3080 3119 quaelibet
3102 3065 3330 3119 persona
3364 3049 3587 3102 alterius
3611 3048 3878 3102 habeatur
3907 3048 4058 3116 prin-

725 3147 732 3164 "
811 3153 896 3192 tur
955 3138 1172 3206 quidem
1225 3134 1418 3188 Filium
1471 3149 1589 3188 esse
1658 3133 1800 3186 Patri
1867 3133 2376 3187 consubsmntialem
2406 3155 2448 3209 (ς
2484 3142 3051 3210 cipiumelreciproca
3076 3142 3358 3211 productio
3388 3139 4049 3195 slatualur.Sednonad.

811 3226 1092 3298 \detpUﬁ),
1137 3227 1260 3294 quia
1297 3241 1359 3277 ex
1395 3225 1628 3277 essentia
1656 3233 1739 3277 est
1773 3223 1966 3284 Patris,
2007 3238 2109 3275 nec
2135 3223 2255 3276 ideo
2285 3238 2378 3278 co—

809 3322 950 3388 gitur
1001 3319 1155 3371 Pater
1198 3333 1317 3370 esse
1367 3333 1429 3368 ex
1460 3316 1618 3373 Filio.
1666 3316 1789 3383 quia
1839 3316 2083 3368 eamdem
2127 3326 2376 3368 naturam

811 3412 976 3464 habet
1010 3410 1166 3463 Pater
1183 3408 1318 3462 "cum
1347 3406 1505 3461 Filio.
1531 3405 1679 3478 {307]
1714 3407 1768 3459 Si
1797 3407 1922 3475 quid
1953 3407 2096 3459 enim
2127 3422 2192 3459 ex
2221 3406 2377 3459 Patre

813 3499 975 3553 veluti
1026 3497 1212 3558 Filius,
1265 3497 1316 3550 id
1346 3509 1398 3549 et
1425 3497 1567 3549 Patri
1624 3496 2080 3550 consubstantiale
2110 3506 2210 3559 est,
2249 3496 2376 3564 quia

812 3591 938 3644 illud
970 3605 1032 3642 ex
1068 3588 1302 3643 essentia
1348 3587 1520 3640 Patris
1558 3596 1658 3648 est,
1697 3603 1803 3639 non
1835 3603 1960 3640 vero
2000 3586 2045 3640 si
2079 3588 2209 3655 quid
2246 3603 2376 3640 con-

810 3680 1161 3734 substantiale
1190 3690 1273 3731 est
1299 3695 1420 3731 cum
1466 3680 1666 3747 aliquo,
1711 3681 1811 3732 hoc
1845 3679 2006 3731 veluti
2036 3688 2089 3731 et
2120 3693 2183 3731 ex
2217 3677 2376 3732 Patre

809 3773 1049 3837 ejusdem
1077 3771 1326 3825 essentia:
1357 3783 1456 3824 est.
1489 3771 1577 3824 Sie
1609 3775 1769 3841 igitur
1801 3781 1852 3822 et
1883 3769 2113 3840 Spiritus
2151 3772 2376 3825 consub-

807 3865 1072 3916 stantialis
1105 3873 1177 3914 est
1209 3863 1376 3922 Filio;
1408 3865 1529 3930 quia
1560 3879 1622 3914 ea:
1651 3865 1872 3916 essentia
1908 3875 1978 3916 est
2008 3865 2163 3927 Filii;
2191 3873 2244 3914 at
2277 3879 2376 3914 non

809 3958 932 4023 quia
984 3954 1449 4006 consubstantialis
1496 3954 1651 4018 Filio,
1702 3957 1816 4007 ideo
1843 3966 1890 4007 et
1922 3973 1983 4008 ex
2019 3956 2172 4009 Filio.
2214 3951 2376 4006 Nam-

807 4061 912 4114 que
944 4044 986 4097 si
1020 4043 1070 4096 id
1111 4053 1275 4101 esset.
1334 4050 1478 4096 esset
1525 4051 1580 4094 et
1617 4057 1680 4094 ex
1716 4043 1919 4110 Spiritu
1969 4042 2155 4103 Filius,
2206 4038 2376 4107 siqui-

809 4139 928 4189 dem
962 4149 1022 4187 ea
1054 4149 1174 4202 quae
1219 4133 1460 4201 ejusdem
1502 4136 1752 4186 essentne
1790 4142 1937 4195 sunt,
1992 4134 2130 4185 inter
2158 4147 2213 4185 se
2245 4145 2376 4184 con-

809 4235 1092 4280 vertuntur
1147 4226 1245 4293 (l).
1278 4243 1294 4275 ι
1360 4224 1619 4276 Similiter
1671 4231 1726 4276 et
1770 4223 1858 4275 alii
1909 4222 2155 4275 catholici
2207 4221 2376 4275 ϐπ·ωεί

809 4319 1106 4370 decernunt
1147 4317 1242 4383 (2).
1292 4315 1432 4368 ΝυΗὶ
1486 4330 1615 4369 sane
1653 4315 2036 4368 controversia:
2085 4314 2138 4366 id
2203 4321 2379 4382 potest

806 4423 926 4459 esse
974 4405 1288 4467 obnoxium,
1331 4405 1846 4458 consubstantialem
1888 4404 2009 4458 ideo
2059 4420 2218 4457 unam
2256 4420 2378 4473 per-

2479 3241 2698 3286 vertunt
2730 3233 2953 3286 minime
2989 3233 3070 3302 agi
3096 3233 3162 3286 de
3195 3242 3377 3286 mutua
3410 3232 3791 3300 productione,
3824 3247 3946 3299 quae
3967 3235 4056 3282 ab-

2480 3324 2701 3376 surdum
2729 3323 2978 3386 includit,
2999 3323 3092 3377 sed
3122 3324 3189 3377 de
3215 3323 3527 3377 habitudine
3551 3340 3615 3376 ac
3636 3339 3781 3377 nexu
3803 3324 4053 3393 originis.

2480 3430 2587 3481 quo
2622 3430 2726 3466 una
2753 3429 2982 3482 persona
3003 3415 3246 3477 alterius,
3270 3430 3388 3482 quae
3412 3415 3459 3468 ei
3483 3415 4056 3469 consubstantialisdi-

2478 3503 2724 3566 citur,vel
2745 3503 3072 3571 principium
3094 3511 3177 3557 est
3197 3505 3277 3555 vel
3295 3505 3362 3557 ab
3383 3520 3444 3556 ea
3470 3503 3811 3570 principiata.
3831 3504 4044 3558 Manucl

2479 3596 2717 3651 Caleeas.
2749 3596 3032 3648 Bessarion
3055 3604 3108 3649 et
3151 3596 3452 3649 Demetrius
3492 3593 3766 3665 Cydonius
3793 3597 4052 3665 duplicem

2479 3696 2722 3738 statuunt
2755 3687 3370 3739 consubstantialitatem
3397 3687 3508 3754 jam
3544 3701 3573 3738 a
3609 3684 3782 3740 Becco
3804 3687 3884 3755 (3)
3921 3689 4055 3739 insi-

2479 3786 2716 3840 nuatam,
2760 3776 3065 3843 docentque
3101 3775 3336 3843 primum
3379 3775 3497 3843 ejus
3527 3789 3697 3843 genus
3727 3777 3792 3829 de
3825 3777 3892 3829 iis
3919 3793 4051 3845 prte-

2478 3866 2665 3928 dicari,
2717 3882 2836 3934 quae
2868 3867 3112 3920 eamdem
3175 3866 3374 3918 habent
3433 3876 3702 3930 naturam,
3738 3868 3840 3920 etsi
3890 3883 4053 3920 unum

2478 3959 2546 4010 ab
2575 3957 2678 4009 alio
2705 3967 3023 4026 prognatum
3071 3971 3176 4009 non
3209 3956 3391 4019 fuerit,
3432 3966 3490 4010 ut
3522 3957 3712 4010 Petrus
3739 3967 3794 4010 et
3822 3958 4054 4024 Paulus;

2471 4048 2703 4101 alterum
2751 4062 2877 4100 vero
2902 4062 3073 4116 genus
3111 4062 3278 4099 unum
3319 4061 3440 4099 cum
3476 4046 3646 4100 altero
3677 4046 3749 4100 ita
3776 4048 4051 4115 copulare,

2482 4148 2539 4192 ut
2590 4154 2684 4207 per
2723 4138 2899 4207 ipsum
2949 4147 3041 4191 aut
3085 4153 3150 4191 ex
3183 4139 3300 4206 ipso
3354 4139 3673 4191 naturaliter
3695 4139 3967 4193 exsistens
3992 4157 4051 4193 ac

2480 4231 2819 4284 substantive
2864 4231 3042 4297 (Allat.
3093 4230 3241 4286 Vind.
3274 4248 3391 4300 syn.
3425 4231 3559 4298 Eph.
3591 4247 3642 4285 c.
3679 4231 3767 4294 46,
3795 4248 3851 4300 p.
3891 4233 4050 4298 9.27);

2481 4321 2583 4374 hoc
2611 4322 2878 4388 posterius
2905 4337 3076 4390 genus
3111 4323 3326 4389 proprie
3351 4322 3485 4374 illud
3513 4338 3708 4375 nomen
3738 4324 3840 4377 sibi
3875 4341 4051 4377 mere-

2483 4410 2548 4474 ri,
2576 4421 2632 4464 et
2662 4410 2835 4463 solum
2873 4411 3044 4464 locum
3076 4411 3271 4463 habere
3304 4411 3588 4473 indivinis,
3620 4423 3674 4464 ut
3705 4412 4050 4474 Calecas(l=h.

811 4515 994 4552 nouam
1024 4513 1143 4552 esse
1168 4497 1344 4555 alteri.
1393 4499 1517 4564 quia
1542 4497 1685 4549 illam
1727 4498 1870 4549 inter
1893 4506 1945 4549 et
1973 4495 2114 4550 hanc
2155 4497 2377 4566 originis
2403 4501 2456 4557 D
2487 4517 2544 4566 Il,
2575 4517 2631 4569 p.
2666 4501 2788 4568 407)
2812 4503 3031 4568 exponit
3077 4503 3173 4570 (4).
3208 4502 3312 4553 Sed
3355 4503 3722 4555 necessarium
3771 4519 3878 4556 non
3911 4504 4056 4556 vidc-

810 4609 980 4647 nexus
1006 4592 1305 4645 intercedat
1335 4601 1388 4644 et
1420 4591 1637 4643 Patrum
1692 4590 1935 4645 doctrina
1961 4591 2181 4643 omnino
2223 4590 2377 4658 plana

809 4697 912 4745 est,
959 4683 1242 4750 ὀμοούσιον
1286 4685 1374 4733 τὸν
1412 4682 1538 4732 Υἰὸν
1571 4680 1649 4750 τῷ
1693 4682 1864 4748 “rapi.
1887 4679 2047 4744 εἶναι,
2082 4682 2163 4732 ὃτι
2195 4680 2253 4743 ἐξ
2282 4681 2380 4731 αὑ-

809 4777 900 4826 τοῦ
939 4777 970 4843 ἢ
1013 4775 1070 4836 ἐξ
1107 4775 1292 4835 09:51;
1314 4772 1476 4825 αὑτοῦ
1512 4772 1677 4824 ἐστίν.
1730 4772 1783 4824 ld
1816 4773 2112 4825 ostendunt
2142 4773 2384 4825 testimo-

879 4889 956 4952 (l)
1004 4885 1067 4936 Ei.’
1099 4904 1151 4936 τι
1197 4887 1304 4954 γὰρ
1357 4887 1418 4935 ὲκ
1467 4884 1561 4936 τοῦ
1616 4885 1848 4954 Πατρὸς,
1883 4883 2016 4954 ὡςρ
2057 4882 2196 4943 Υἱὸς,
2231 4883 2387 4954 τοῦτρ

809 4951 906 5008 καὶ
949 4955 1233 5024 ὁμοορσιον
1276 4951 1354 5022 ἐῷ
1399 4955 1576 5020 Ha.th
1618 4954 1704 5024 διὰ
1739 4953 1798 5004 τὸ
1833 4955 1896 5024 ty.
1943 4953 2040 5018 τῆς
2075 4954 2258 5024 quoia;
2292 4951 2384 5002 τοῦ

811 5021 1021 5091 "atrio;
1059 5021 1194 5075 εἶναι
1232 5021 1391 5075 αὑτὸο
1423 5024 1484 5074 οὐ
1518 5024 1623 5089 μὴν
1654 5023 1704 5074 εἰ
1733 5039 1784 5073 τι
1818 5022 1909 5072 καὶ
1942 5022 2225 5086 ὁμοούσιόν
2255 5038 2380 5080 τινι,

807 5090 966 5145 τοῦτίο
996 5097 1089 5144 καὶ
1115 5094 1187 5152 ὡς
1217 5095 1281 5143 ἐκ
1309 5093 1517 5160 Harpe;
1546 5090 1638 5143 τοῦ
1665 5091 2118 5160 ὀμοουσίουγὲστίν
2152 5107 2163 5120 ο
2200 5094 2293 5141 καὶ
2327 5091 2388 5160 τὸ

810 5165 1031 5228 Πνεῦμα
1078 5163 1208 5227 γοῦν
1249 5159 1533 5229 ὁμοούσιον
1577 5161 1654 5226 τῷ
1711 5160 1843 5228 Υἱῴ,
1889 5159 2004 5210 ἀλλ’
2055 5161 2137 5211 ὅτι
2186 5161 2249 5210 ἐκ
2286 5159 2388 5225 τῆς

808 5234 994 5292 οὐσίας
1032 5234 1121 5284 τοι)
1157 5230 1285 5281 ι’ἰοῦ
1320 5249 1332 5262 ⁸
1372 5234 1430 5281 οὺ
1484 5232 1589 5309 μὴν
1630 5231 1762 5313 {Mitt
1801 5229 2087 5312 opoou'ctov
2121 5229 2197 5298 τῷ
2250 5229 2384 5312 Υίιξ),

809 5304 898 5354 διὰ
924 5301 1079 5352 τοῦτο
1113 5302 1207 5352 καὶ
1231 5303 1293 5351 ὲκ
1325 5300 1418 5353 τοῦ
1443 5283 1570 5351 fieri}
1630 5296 1790 5369 ἡγὰρ
1814 5283 1876 5350 civ
1909 5295 1972 5364 ἦν
2001 5301 2094 5369 καὶ
2218 5283 2391 5350 Ilva};-

813 5389 979 5440 ματος
1023 5373 1049 5421 ὁ
1107 5372 1248 5430 Υἱὸς,
1296 5373 1456 5439 εἴπερ
1509 5368 1855 5439 ἀντιστρέφει
1889 5369 1949 5419 τὸ
1992 5368 2128 5438 πρὸς
2181 5369 2386 5436 ἄλληλα

808 5441 991 5492 αὐτῶν
1015 5440 1326 5506 disco-3mm.

879 5512 955 5572 (‘2)
1003 5510 1090 5563 Cl'.
1126 5510 1284 5562 Allat.
1321 5511 1634 5577 l"indir.syn.
1672 5510 1804 5576 Eph.
1839 5526 1886 5562 c.
1922 5509 2010 5569 45,
2042 5522 2096 5575 p.
2138 5507 2241 5558 219
2273 5522 2385 5574 seq.

809 5583 1002 5648 Georg.
1040 5580 1316 5633 Metocliit.
1354 5592 1533 5632 contra
1577 5580 1810 5633 Manuei.
1862 5581 2093 5634 Cretans.
2129 5592 2178 5631 c.
2218 5578 2270 5631 5.
2305 5577 2389 5644 (G.

803 5651 862 5704 Ο.
881 5651 941 5708 ll.
971 5667 1022 5718 p.
1046 5650 1148 5702 972
1174 5651 1314 5718 seq.)

898 5726 973 5804 (ἒξ)
1007 5722 1211 5804 [ferreus
1244 5721 1453 5804 (Epigr.
1487 5739 1576 5804 xu;
1606 5721 1669 5778 G.
1707 5722 1769 5776 Ο.
1792 5721 1863 5804 μ,
1895 5738 1946 5791 p.
1983 5721 2252 5804 6l9)_:'Ei_
2276 5722 2383 5790 γὰρ

827 5796 968 5845 κατὰ
1015 5794 1170 5846 ἄλλον
1212 5797 1325 5844 τινὰ
1359 5795 1514 5858 ὶὸγον
1558 5795 1987 5862 ὁμοουσιὸτητος,
2021 5795 2199 5855 ὁπιιῖός
2240 5796 2384 5844 ἐστιν

2485 4604 2589 4655 tur,
2607 4593 2798 4661 duplex
2816 4592 2962 4662 [509]
2978 4593 3552 4658 consubsuintialitatis
3565 4609 3732 4662 genus
3746 4609 4048 4656 ser-eruere,

2484 4696 2669 4734 verum
2724 4682 3060 4734 solummodo
3102 4682 3436 4749 distinguere
3468 4683 3609 4734 inter
3643 4684 3878 4736 nativam
3913 4688 4050 4735 vocs

2485 4771 2931 4841 signiﬁcationem
2962 4783 3016 4826 et
3043 4789 3181 4834 eam,
3215 4789 3334 4841 quae
3360 4790 3421 4826 ex
3451 4775 3693 4841 subjecto
3741 4777 4046 4830 attributio-

2485 4887 2670 4954 ρπερὶ
2695 4883 2786 4934 δύο
2817 4884 2981 4954 τινῶν
3011 4887 3312 4952 ὀμοουσίων
3361 4886 3670 4954 λεγόμενος,
3717 4888 3774 4937 ἐν
3820 4881 3902 4948 οἷς
3953 4893 4046 4940 οὶκ

2489 4953 2602 5026 ἕσῖι
2738 4953 2839 5026 ςεοῦ
2869 4953 3056 5026 ὲῖέρου
3091 4957 3151 5026 to
3192 4958 3401 5024 ἕτερον,
3550 4956 3611 5006 τὸ
3655 4955 3878 5026 ῌνερμα.
3927 4959 4048 5010 ἴδιον

2488 5022 2580 5073 τοῦ
2632 5023 2785 5085 Υἱοῦ,
2839 5024 2932 5093 καὶ
2964 5021 3044 5074 ἐκ
3081 5025 3177 5091 τῆς
3210 5021 3393 5086 cisia;
3427 5021 3520 5078 τὸῦ
3561 5025 3711 5084 Tisia,
3751 5021 3830 5093 ἧι),
3859 5027 3924 5077 ἂν
3967 5033 4048 5078 καὶ

2490 5094 2518 5144 ὁ
2545 5093 2668 5154 Υἱὸς
2697 5095 2824 5154 ἴδιος
2853 5092 2947 5143 τοῦ
2994 5093 3306 5160 Πνεύματος
3357 5099 3449 5147 καὶ
3491 5097 3553 5146 ἐκ
3598 5096 3694 5161 τῆς
3729 5092 3916 5156 οὐςίας
3963 5100 4048 5149 τοῦ

2495 5161 2829 5228 Πνεῦματος,
2855 5161 2941 5213 διὰ
2979 5164 3039 5214 τὸ
3085 5165 3439 5232 ἀντιστρέφον
3480 5167 3577 5232 τῆς
3626 5165 3882 5231 τοιαύτης
3931 5168 4049 5232 ὀμο-

2492 5233 2824 5304 οιιςιὸῖηῖος,
2852 5234 2987 5304 ὅπερ
3018 5233 3136 5283 οὒτε
3164 5236 3363 5302 ἐρῤὲθη
3393 5237 3542 5304 παρά
3584 5251 3725 5294 τινος
3758 5235 3867 5284 τῶν
3889 5237 4048 5300 ἁγίων

2493 5300 2614 5375 οἷιῃε
2647 5300 3118 5375 ρηοῄσετᾼαϊποτεέ
3152 5341 3164 5354 .
3270 5342 3284 5355 .
3317 5300 3680 5375 ἠδὲ-ἐοιαύτη
3705 5305 4048 5375 ὁμαουσιότης

2495 5371 2616 5440 οὐδὲ
2648 5371 2848 5440 κυρίως
2870 5373 3241 5440 ὁμοουσιότης,
3287 5391 3339 5426 κ.
3366 5390 3415 5425 τ.
3443 5373 3490 5429 λ.

2570 5439 2797 5506 (“Quae
2823 5439 3099 5504 Petavius,
3128 5439 3203 5495 De
3244 5442 3387 5495 Trin.
3431 5460 3522 5504 vn,
3559 5459 3608 5496 c.
3643 5446 3697 5500 4.
3738 5460 3793 5494 ιι.
3839 5444 3926 5504 Η,
3970 5447 4044 5506 l2,

2496 5509 2562 5562 de
2594 5509 2770 5562 Basilii
2807 5521 2860 5562 et
2881 5509 3061 5580 Cyrilli
3107 5513 3342 5567 testibus
3384 5513 3468 5566 hic
3503 5515 3694 5568 adduci
3728 5515 3902 5569 solitis
3944 5517 4046 5568 dis-

2499 5580 2651 5638 serit,
2689 5593 2750 5631 ea
2794 5595 2902 5631 non
2949 5582 3232 5654 immerito
3267 5599 3293 5635 a
3326 5584 3561 5636 conlatis
3610 5585 3900 5654 'llieologis
3938 5596 4046 5638 tau-

2496 5663 2657 5715 quam
2713 5652 2989 5707 nonsatis
3035 5663 3281 5706 accurata
3337 5653 3600 5718 expositio
3663 5652 4043 5714 traducuntur;

2495 5736 2665 5788 neque
2704 5722 2900 5844 itu-aiio
2954 5722 3084 5776 locis
3140 5725 3254 5778 cEtt.
3310 5723 3489 5778 dcliita
3536 5737 3752 5790 seraper
3807 5725 4044 5794 axpéozu

2495 5801 2690 5844 lil'mslo
2745 5807 2839 5844 ult.

2493 5801 2690 5860 pl‘mslo
2722 5794 2839 5844 fuit.
