4242 6438
250 403 359 469 5ἓ5

954 402 1049 463 DE
1090 404 1149 463 S.
1191 403 1385 463 SPIR.
1429 403 1929 465 MYS’I‘AGOGIA.
1976 428 2037 438 -·
2062 399 2803 464 ANIMADVERSIONES.

3402 393 3510 456 526

254 525 342 578 nis
375 522 552 578 eidem
585 520 816 577 accedit.
842 519 1102 590 Theologi
1150 518 1433 573 formalem
1470 520 1833 573 consubstan-
1862 526 1907 581 Α
1938 517 2089 570 Patri
2122 517 2371 585 Spiritus.
2402 516 2648 585 Amplius
2682 530 2694 564 :
2727 513 2993 579 Quoniam
3038 511 3511 565 consubsrantialis

257 615 504 670 tialitatis
524 615 793 669 rationem
810 613 862 667 in
878 613 1131 667 essentia:
1152 611 1357 665 unitate
1373 622 1665 680 reponunt,
1694 628 1793 666 cau
1811 644 1828 654 -

246 722 363 761 sam
411 706 745 761 materialem
779 706 833 759 in
865 706 1228 775 hypostaseon
1254 702 1831 771 pluralitate,cllicien-

248 808 357 855 tem
386 813 517 853 vero
543 799 596 852 in
638 794 959 852 habitudine
994 795 1246 866 principii
1272 804 1327 849 et
1349 796 1679 864 principiali.
1720 794 1830 849 Nec

242 904 435 943 eorum
466 888 810 943 ratiocinatio
856 888 1187 957 spernenda,
1218 903 1323 957 qua
1364 887 1437 941 ita
1470 888 1825 942 concludunt:

244 982 401 1048 Quod
434 982 477 1035 si
518 983 661 1036 inter
703 981 917 1035 divinas
968 995 1230 1047 personas
1292 980 1829 1036 consubstantialitas

247 1075 597 1141 praulicatur,
624 1087 686 1126 ea
724 1072 850 1127 inde
873 1073 1069 1138 oritur,
1112 1070 1256 1141 quod
1288 1086 1462 1126 nexus
1489 1072 1711 1143 originis
1743 1072 1829 1126 in-

248 1172 330 1217 ter
375 1179 467 1217 eas
525 1163 846 1229 intercedit;
898 1162 1127 1232 proinde
1176 1162 1222 1217 si
1284 1161 1451 1217 Filius
1501 1173 1556 1217 et
1594 1162 1827 1232 Spiritus

246 1256 390 1309 inter
413 1270 471 1309 se
502 1255 999 1309 consubstantiales
1042 1255 1317 1316 dicuntur,
1348 1253 1485 1307 ratio
1506 1268 1573 1307 ex
1607 1254 1829 1323 originis

244 1362 391 1400 nexu
424 1347 496 1399 ita
514 1347 829 1416 repetenda,
866 1354 926 1401 ut
956 1362 1097 1399 unus
1132 1347 1198 1399 ad
1226 1345 1457 1398 alterum
1488 1351 1548 1397 ut
1576 1344 1642 1397 ad
1680 1345 1828 1411 prin-

247 1438 453 1506 cipium
498 1440 786 1492 referatur.
823 1438 958 1490 Cum
1011 1452 1158 1499 vero,
1204 1434 1497 1504 quominus
1537 1433 1654 1487 Filii
1686 1434 1831 1487 dica-

248 1546 374 1584 mus
420 1531 746 1599 principium
786 1530 1047 1600 Spiritum
1095 1536 1342 1583 sanctum
1385 1527 1519 1580 ordo
1554 1525 1831 1582 Trinitatis

248 1624 555 1693 prohibeat,
610 1622 805 1676 Filium
852 1621 1088 1691 Spiritus
1154 1619 1327 1673 sancti
1370 1616 1698 1687 principium
1737 1616 1833 1670 ha-

247 1717 475 1769 beamus
532 1724 746 1782 oportet
798 1714 901 1783 (Cl.
940 1713 1247 1767 Bessarion.
1293 1710 1382 1765 0r.
1429 1709 1606 1779 dogm.
1656 1724 1708 1763 ς.
1760 1710 1827 1774 6;

249 1808 417 1862 llard.
448 1808 539 1871 IX,
566 1806 852 1860 555-556).

319 1900 411 1953 2|.
461 1899 533 1951 Ex
565 1898 723 1951 dictis
768 1897 997 1965 judicari
1054 1904 1231 1965 potest
1278 1895 1345 1950 de
1381 1896 1464 1961 iis,
1516 1911 1635 1965 qua:
1684 1893 1835 1962 Hugo

250 1989 583 2045 Etherianus
616 1990 675 2057 (Ι.
709 1988 771 2053 Il,
799 2004 849 2043 c.
879 1988 968 2051 20,
998 2003 1051 2056 p.
1083 1988 1239 2055 1235)
1278 1997 1463 2041 contra
1498 1987 1624 2041 illud
1660 2001 1837 2040 asser-

250 2092 366 2133 tum
396 2097 497 2132 non
523 2081 701 2132 eodem
726 2087 880 2145 pacto
911 2076 1170 2146 Spiritum
1208 2076 1704 2131 consubstantialem
1734 2075 1837 2128 dici

251 2172 412 2235 Filio,
456 2189 556 2234 quo
583 2172 1043 2224 consubstantialis
1069 2171 1267 2225 dicitur
1304 2169 1477 2235 Patri,
1511 2170 1565 2223 in
1599 2169 1836 2223 medium

250 2263 482 2334 profert.
516 2282 533 2314 ι
571 2263 640 2316 At
667 2279 813 2327 vero,
856 2264 954 2326 ait,
1002 2262 1138 2317 mihi
1165 2263 1381 2317 videtur
1410 2277 1519 2315 non
1552 2270 1697 2315 recte
1730 2257 1836 2315 dici

251 2354 715 2410 consubstantiale
761 2354 1039 2425 praedicari
1095 2356 1354 2423 cequivoce
1386 2354 1453 2408 de
1496 2353 1667 2407 tribus
1718 2368 1839 2423 per-

252 2448 423 2501 sonis.
457 2447 901 2501 lnconrenientia
936 2447 1082 2500 enim
1118 2456 1421 2515 sequuntur
1446 2455 1500 2499 et
1526 2445 1837 2513 impossibi-

254 2536 326 2589 lia
362 2537 611 2605 quamvis
644 2536 894 2605 plurima.
929 2536 1066 2589 Nam
1096 2538 1143 2589 si
1168 2535 1399 2604 Spiritus
1426 2538 1840 2590 consubstantia-

256 2626 325 2679 lia
350 2637 424 2678 ut
451 2625 624 2687 Patri,
652 2642 710 2677 eo
734 2627 871 2693 quod
899 2641 961 2678 ea:
988 2625 1119 2692 ipso,
1150 2625 1447 2693 procedere
1494 2622 1839 2677 aubstantiale

258 2724 346 2769 est
388 2714 637 2783 Spiritui.
681 2715 895 2768 Etenim
944 2716 988 2769 si
1046 2718 1299 2769 Socrates
1346 2715 1554 2769 Platoni
1601 2716 1839 2770 consub-

258 2808 548 2870 stantialis,
605 2808 731 2876 quia
775 2808 1051 2862 rationalis
1102 2817 1204 2869 est,
1261 2808 1527 2861 ambobus
1578 2807 1840 2860 rationale

258 2896 691 2953 subStantialiter
734 2898 913 2952 inesse
947 2899 1247 2968 contingit;
1285 2908 1340 2950 at
1372 2913 1499 2951 vero
1545 2897 1841 2966 procedere

260 3008 440 3061 neque
488 2991 630 3044 Patri
677 3006 853 3059 neque
903 2989 1039 3043 Filio
1100 2990 1459 3043 substantialc
1506 3000 1622 3052 est;
1678 2988 1841 3058 igitur

260 3096 372 3133 non
427 3090 553 3134 sunt
582 3081 824 3148 ejusdem
863 3090 1068 3133 natura:
1111 3095 1236 3134 cum
1270 3080 1425 3133 Patre
1464 3080 1632 3133 Filius
1680 3089 1841 3148 atque

262 3172 522 3239 Spiritus.
565 3171 720 3236 Quod
752 3171 795 3225 si
846 3188 1033 3225 verum
1076 3181 1311 3235 constet,
1360 3187 1469 3225 non
1518 3180 1645 3226 sunt
1699 3188 1839 3225 unus

261 3264 430 3325 Deus,
476 3265 732 3332 quoniam
789 3263 1253 3317 consubstantiale
1302 3278 1412 3316 non
1448 3262 1728 3330 aequaliter
1782 3272 1836 3317 et

262 3353 499 3409 univoee
514 3355 583 3409 de
614 3354 786 3409 tribus
808 3356 1129 3423 praedicatur
1150 3354 1413 3422 personis.
1434 3353 1587 3419 Quod
1615 3353 1835 3424 quidem

258 3457 320 3501 et
362 3445 726 3517 Photiol3|0j
762 3448 901 3515 (cap.
950 3446 1041 3513 55)
1086 3446 1297 3499 videtur
1339 3446 1583 3500 dicenti:
1640 3465 1658 3496 ι
1692 3446 1836 3499 Con-

260 3538 636 3593 suostantiale
659 3539 878 3607 quidem
924 3538 1148 3591 omnino
1180 3537 1249 3591 ad
1282 3546 1568 3605 utrumque
1590 3538 1833 3600 vocibus,

257 3639 321 3685 et
341 3646 448 3683 non
479 3629 893 3699 signiﬁcatione.
928 3628 1202 3682 reddimus
1229 3629 1328 3697 (5),
1363 3647 1381 3678 ι
1417 3629 1513 3681 sed
1544 3643 1650 3682 non
1678 3628 1833 3682 bene.

260 3722 399 3775 Nam
472 3721 844 3775 substantialia
896 3720 955 3788 (Ι.
1006 3720 1509 3786 consubstantialia)
1594 3719 1835 3789 ejusdem

262 3823 397 3868 sunt
427 3812 744 3865 substantiae
789 3824 952 3879 atque
998 3820 1239 3875 naturae;
1284 3826 1405 3879 qua:
1439 3826 1563 3863 vero
1594 3809 1836 3877 ejusdem

261 3903 582 3959 substantia:
620 3911 782 3970 atque
828 3912 1034 3956 natura:
1072 3911 1218 3964 sunt,
1277 3903 1525 3955 eamdem
1572 3901 1834 3955 rationem

263 3998 586 4052 substantiae
622 3995 955 4064 suscipiunt;
998 4010 1167 4063 quare
1220 3994 1330 4061 (ed.
1369 3994 1617 4062 quarum)
1656 3992 1837 4046 omnia

264 4087 747 4142 consubstantialia
778 4086 1024 4140 eamdem
1060 4086 1379 4139 substantia;
1422 4084 1724 4153 suscipiunt
1749 4100 1837 4137 ra-

265 4181 494 4234 tionem.
548 4178 667 4243 Quo
721 4179 799 4243 lit,
871 4188 931 4231 ut
963 4178 1424 4232 consubstantiale
1475 4177 1541 4230 de
1588 4176 1840 4230 omnibus

263 4269 821 4323 consubstantialibus
876 4268 1120 4321 similiter
1144 4276 1199 4322 et
1234 4269 1409 4321 eodem
1460 4268 1612 4320 modo
1664 4281 1839 4321 enun-

266 4365 457 4416 tietur.
512 4360 656 4415 Sane
682 4362 820 4414 sicut
850 4360 1236 4429 specialissitna
1278 4360 1487 4428 species
1512 4361 1577 4414 de
1599 4360 1710 4413 suis
1755 4360 1838 4412 in-

267 4452 509 4506 dividuis
564 4452 885 4521 praedicatur
916 4469 926 4503 :
961 4451 1040 4506 sic
1072 4452 1256 4519 utique
1302 4452 1440 4505 Deus
1462 4463 1516 4506 et
1541 4452 1837 4505 substantia

1933 620 2017 664 est
2043 610 2278 680 Spiritus
2322 608 2491 669 Patri,
2524 624 2634 661 non
2688 606 2871 661 dill'ert
2898 622 2927 659 a
2978 603 3175 669 Patre;
3217 621 3347 675 ergo
3377 621 3512 674 quo-

1934 704 2076 756 niam
2151 702 2417 770 prdcedit,
2488 718 2592 754 non
2646 709 2729 753 est
2784 700 2833 752 ei
2884 698 3377 753 consubstantialis.
3445 697 3514 752 At

1932 796 2211 849 enimvero
2296 793 2547 862 quamvis
2621 794 2802 855 detur,
2890 790 3511 845 consubstantialitatem

1932 885 2155 957 praecise
2202 901 2297 955 per
2323 901 2382 940 se
2407 892 2703 955 spectatam
2737 899 2845 938 non
2877 883 3060 937 dicere
3104 898 3303 936 nexum
3345 880 3509 952 origi-

1931 979 2039 1041 nis,
2092 986 2148 1031 et
2198 992 2321 1031 cum
2377 992 2483 1031 una
2536 978 2775 1031 essentia
2821 975 2892 1029 sit
2927 976 2980 1027 in
3014 974 3185 1027 tribus
3231 974 3507 1043 personis.

1931 1068 2108 1139 quoad
2154 1085 2306 1124 suam
2339 1069 2849 1139 quidditatem,eam
2883 1082 2990 1120 non
3016 1066 3291 1132 aequivoce
3320 1065 3386 1119 de
3418 1067 3511 1119 iis-

1931 1163 2054 1218 dem
2126 1163 2715 1232 pra‘dicaritattamen
2772 1161 2909 1213 ratio
2960 1160 3021 1212 ob
3072 1175 3233 1228 quam
3284 1157 3512 1211 habetur

1932 1252 2189 1322 distingui
2246 1253 2403 1321 plane
2454 1260 2631 1320 potest
2695 1250 2749 1304 iu
2810 1250 3057 1315 singulis,
3125 1259 3181 1303 et
3238 1248 3512 1303 immerito

1933 1361 2159 1415 prorsus
2188 1354 2435 1414 negatur,
2469 1344 2610 1397 illam
2640 1358 2764 1397 cum
2806 1342 3127 1395 habitudine
3155 1341 3407 1410 principii
3457 1352 3512 1395 et

1938 1438 2245 1507 principiati
2297 1437 2545 1490 connch
2582 1446 2638 1490 et
2669 1452 2734 1489 ex
2767 1436 2865 1489 hac
2910 1436 2976 1489 ad
3019 1436 3159 1487 illam
3204 1434 3513 1488 conclusio-

1935 1545 2057 1582 nem
2086 1528 2235 1600 [511]
2267 1527 2379 1582 ﬁeri
2415 1543 2596 1596 posse,
2626 1542 2747 1595 qua:
2774 1538 2950 1580 tamen
2978 1526 3032 1579 in
3056 1527 3271 1579 Patrum
3294 1526 3514 1595 scriptis

1934 1637 2311 1690 smpenumero
2353 1621 2592 1676 occurrit
2622 1619 2667 1687 (§
2695 1619 2806 1690 20).
2847 1618 3145 1673 Conlumlit
3187 1618 3513 1673 Etherianus

1936 1728 2154 1766 causam
2178 1712 2452 1782 formalem
2480 1728 2601 1765 cum
2630 1710 2893 1777 efﬁciente.
2913 1708 2970 1761 ln
2994 1710 3241 1777 exemplo
3269 1708 3513 1762 Socratis

1937 1814 1989 1857 rt
2044 1803 2298 1864 Platonis,
2367 1803 2510 1870 quod
2570 1802 2748 1861 affert,
2800 1800 2949 1868 prior
3005 1800 3269 1864 habetur;
3311 1800 3405 1853 sed
3458 1801 3513 1852 in

1938 1896 2310 1963 propositione
2348 1894 2433 1947 illa
2466 1915 2477 1948 :
2516 1892 2778 1961 Spiritum
2808 1907 2928 1946 esse
2975 1892 3115 1945 Patri
3148 1892 3513 1946 consubstan-

1940 1985 2116 2039 tialem
2158 1986 2246 2037 διὰ
2293 1984 2353 2037 τὸ
2396 1985 2453 2050 ἐξ
2494 1983 2660 2037 αὑτοῦ
2715 1980 2877 2046 εἶναι,
2929 1999 3090 2037 causa
3135 1982 3393 2039 eiliciens.
3437 1982 3514 2036 Ex

1938 2076 2270 2131 immanente
2312 2077 2456 2130 enim
2511 2077 2716 2146 origine
2754 2076 2829 2138 iit,
2884 2085 2939 2129 ut
2966 2076 3134 2129 Filius
3173 2090 3237 2128 ac
3277 2073 3513 2143 Spiritus

1936 2168 2181 2222 eamdem
2239 2168 2474 2221 habeant
2518 2182 2643 2220 cum
2702 2165 2861 2219 Patre
2900 2165 3217 2226 essentiam,
3271 2166 3514 2232 adeoque

1937 2261 2046 2317 sint
2094 2259 2143 2314 ei
2193 2259 2702 2314 consubstantiales.
2757 2256 3058 2312 Procedere
3110 2273 3239 2312 vero
3286 2257 3513 2326 Spiritui

1938 2348 2463 2412 substantialeresse,
2494 2347 2682 2416 nequit
2716 2347 2875 2416 plane
2913 2346 3129 2410 deduci,
3164 2347 3265 2400 nisi
3304 2346 3357 2398 in
3388 2362 3514 2415 pro-

1938 2440 2185 2495 cessione
2230 2438 2472 2493 formalis
2501 2439 2637 2493 ratio
2670 2438 3148 2493 consubstantialis
3198 2447 3512 2506 reponatur,

1938 2528 2082 2597 quod
2118 2543 2247 2582 sane
2291 2512 2487 2583 falsum
2539 2537 2641 2582 est.
2687 2527 2807 2581 .lam
2853 2528 2982 2582 satis
3040 2527 3351 2581 monuimus
3405 2544 3515 2582 non

1941 2634 2155 2688 semper
2170 2619 2339 2673 solida
2362 2628 2419 2673 et
2437 2628 2685 2673 accurata
2710 2634 2853 2682 esse,
2877 2634 2998 2687 qua:
3025 2619 3221 2673 nobilis
3242 2619 3344 2673 iste
3363 2619 3515 2673 theo-

1941 2715 2093 2784 logus
2136 2715 2355 2783 copiose
2388 2714 2623 2777 disserit,
2658 2715 2784 2768 licet
2814 2714 2869 2767 in
2901 2714 3149 2783 plurimis
3177 2714 3320 2769 felici
3349 2715 3517 2768 Marte

1940 2806 2228 2860 dimicasse
2254 2806 2517 2861 videatur.
2551 2805 2651 2860 llic
2669 2807 2861 2862 Photio
2886 2808 3294 2861 contradicendi
3316 2808 3515 2863 ardore

1941 2910 2229 2968 correptus
2249 2901 2394 2968 justo
2430 2900 2641 2969 longius
2667 2901 2998 2968 processisse
3020 2902 3281 2955 dicendus
3307 2911 3411 2956 est.

2011 2990 2101 3043 ἓξ.
2131 2989 2334 3055 Quaerit
2358 2989 2602 3053 Photius,
2624 3006 2744 3059 cap.
2768 2991 2857 3053 39,
2894 3001 3069 3044 utrum
3099 2992 3265 3063 magis
3299 3008 3514 3047 causam

1942 3096 2065 3134 esse
2115 3090 2373 3135 censeant
2406 3082 2604 3147 Latini,
2656 3081 2939 3136 Patremne
2978 3099 3043 3136 an
3073 3083 3288 3137 Filium.
3337 3085 3392 3139 Si
3421 3083 3518 3137 Pa-

1947 3182 2101 3233 érem,
2156 3173 2331 3226 honor
2356 3173 2443 3227 ille
2475 3174 2609 3227 Filio
2652 3184 2987 3242 praeparatus
3021 3176 3240 3243 spurius
3267 3185 3321 3230 et
3348 3178 3518 3247 magis

1941 3264 2292 3334 opprobrium
2331 3267 2435 3319 erit
2488 3267 2621 3334 ipsi;
2665 3268 2707 3320 si
2748 3282 2875 3321 vero
2915 3267 3130 3330 Filium,
3170 3268 3433 3339 gravioris
3463 3272 3518 3325 id

1942 3356 2255 3410 temeritatis
2297 3367 2400 3411 est.
2441 3354 2624 3426 Neque
2660 3358 2805 3411 enim
2837 3357 3084 3413 sulliccre
3112 3360 3244 3427 ipsis
3286 3376 3515 3417 censue-

1938 3448 2048 3498 rint
2103 3447 2171 3499 ad
2214 3447 2522 3515 impietatis,
2590 3464 2752 3516 quam
2834 3449 3147 3515 intendunt,
3226 3467 3512 3506 excessum

1938 3536 2073 3590 Filio
2096 3547 2373 3606 paternam
2403 3539 2776 3594 causalitatem
2823 3542 3097 3597 ascribere
3126 3557 3353 3614 eamque
3374 3546 3515 3599 divi-

1938 3630 2088 3694 dere,
2129 3632 2235 3685 nisi
2267 3641 2322 3685 et
2347 3634 2587 3702 potiores
2630 3643 2812 3703 partes
2843 3634 3093 3689 auferant
3117 3646 3172 3688 et
3195 3636 3311 3691 loco
3340 3636 3517 3691 Patris

1942 3723 2132 3777 Filium
2183 3724 2408 3793 Spiritui
2450 3726 2776 3795 principium
2809 3737 3069 3782 statuant.
3116 3727 3312 3783 Verum
3340 3746 3516 3800 neque

1943 3815 2025 3868 his
2052 3826 2377 3884 premuntur
2409 3816 2603 3877 Latini.
2651 3819 2742 3887 qui
2769 3820 2928 3872 toties
2955 3820 3248 3883 inculcant,
3292 3823 3516 3891 aequali-

1939 3918 2021 3962 ter
2042 3918 2096 3963 et
2120 3910 2235 3977 pari
2273 3911 2433 3963 modo
2477 3909 2691 3964 Patrem
2723 3921 2777 3964 et
2804 3911 2997 3964 Filium
3029 3926 3150 3966 esse
3169 3912 3520 3980 principium,

1938 4012 1994 4057 et
2039 4002 2212 4056 solum
2257 4012 2486 4056 eatenus
2532 4002 2745 4057 Patrem
2807 4006 3010 4072 primas
3062 4014 3244 4074 partes
3293 4006 3516 4066 habere.

1939 4104 2208 4163 quatenus
2247 4104 2329 4148 est
2360 4096 2475 4164 ipse
2499 4097 2669 4164 prima
2721 4100 2907 4158 causa,
2931 4113 2960 4149 a
2986 4114 3089 4165 qua
3122 4110 3176 4152 et
3201 4098 3369 4153 Filius
3404 4100 3520 4169 ipso

1941 4198 2044 4250 est,
2074 4203 2250 4255 neque
2280 4202 2411 4240 vero
2440 4188 2565 4241 inde
2599 4189 2851 4257 injuriam
2882 4190 2996 4242 fieri
3022 4189 3174 4257 Filio,
3212 4190 3354 4244 sif'nt
3384 4192 3518 4245 nihil

1940 4292 2062 4330 eum
2112 4270 2282 4342 laedit,
2320 4277 2464 4345 quod
2507 4293 2616 4330 non
2671 4278 2791 4331 sine
2838 4293 3000 4333 causa
3051 4294 3153 4334 nec
3184 4280 3519 4335 innascibilis

1940 4379 2039 4422 est.
2090 4367 2274 4436 Neque
2300 4368 2476 4421 honor
2521 4366 2658 4421 Filio
2686 4367 2844 4421 datus
2890 4369 3106 4434 spurius
3136 4380 3190 4423 et
3218 4370 3286 4423 ab
3316 4370 3519 4425 extrin-

1940 4476 2065 4514 seco
2110 4461 2354 4529 adjectus
2400 4461 2609 4514 censeri
2665 4469 2873 4528 potest;
2911 4461 3019 4514 imo
3053 4462 3413 4524 necessarius,
3451 4479 3520 4517 ex

264 4546 337 4598 de
392 4544 540 4596 ribus
573 4544 773 4597 dicunt
829 4544 1095 4613 personis.
1134 4544 1669 4612 etquemadmOdum
1722 4551 2153 4612 0m-Dinterna
2214 4550 2487 4619 prolectus
2529 4551 2870 4614 necessitate,
2918 4567 2982 4604 ex
3036 4553 3169 4621 ipsis
3209 4554 3515 4612 divinarum

268 4634 379 4697 nia,
412 4649 533 4702 qua:
572 4634 749 4702 specie
787 4634 1131 4702 participant,
1179 4633 1421 4702 ejusdem
1469 4641 1676 4687 natura:
1707 4649 1836 4687 cen-

268 4737 481 4789 sentur,
547 4740 611 4778 ac
674 4724 1151 4779 consubstantialia
1208 4725 1341 4778 :sic
1400 4724 1584 4792 utique
1658 4724 1834 4787 Pater,

266 4820 440 4874 Filius
494 4828 654 4887 atque
711 4815 945 4885 Spiritus
1002 4825 1220 4871 sanctus
1273 4817 1544 4886 mqualiter
1595 4817 1836 4885 ejusdem

265 4920 477 4964 natum
512 4910 767 4963 dicuntur
794 4916 955 4975 atque
1000 4908 1490 4961 consubstantiales
1540 4909 1837 4961 secundum

266 5001 586 5056 substantiae
634 5015 851 5063 nomen,
881 5008 936 5052 et
966 5015 1073 5051 non
1111 5000 1404 5067 aequivoce.
1455 4998 1593 5068 Ergo
1639 5014 1838 5053 secun-

266 5095 398 5148 dum
430 5108 589 5161 quem
645 5092 864 5145 modum
905 5091 1103 5145 dicitur
1136 5090 1369 5159 Spiritus
1403 5091 1839 5145 consubstantia-

268 5185 337 5238 lis
377 5183 541 5244 Patri,
593 5184 891 5238 secundum
934 5184 1183 5237 eumdem
1229 5193 1283 5237 et
1302 5183 1437 5236 Filio
1477 5182 1839 5236 consubstan-

270 5274 413 5329 tialis
494 5284 608 5340 est;
668 5285 719 5328 et
778 5275 920 5328 sicut
989 5273 1153 5328 Filius
1221 5274 1692 5329 consubstantialis
1758 5284 1840 5328 est

270 5364 519 5433 Spiritui,
574 5365 648 5418 ita
699 5364 934 5432 Spiritus
972 5362 1105 5417 Filio
1146 5374 1200 5418 et
1238 5364 1402 5418 Patri.
1451 5362 1663 5417 Nullam
1696 5364 1838 5417 enim

271 5456 549 5526 possident
593 5455 954 5511 dilferentiam
995 5456 1049 5509 in
1094 5470 1181 5520 eo,
1224 5456 1365 5525 quod
1408 5456 1840 5509 consubstantia-

271 5549 386 5613 les;
423 5562 591 5617 quare
633 5548 884 5612 nonquia
937 5547 1189 5615 procedit,
1250 5547 1711 5600 consubstantialis
1766 5556 1839 5599 est

343 5704 418 5773 (5)
450 5704 581 5773 Cap.
612 5706 670 5759 9i
724 5719 981 5773 expresse
1018 5704 1179 5758 docet
1228 5703 1494 5759 Photins:
1549 5724 1565 5755 ι
1608 5704 1840 5772 Spiritus

272 5775 417 5829 Patri
455 5774 953 5832 consubstantialis.
1000 5776 1123 5842 quia
1154 5790 1219 5827 ex
1266 5777 1382 5841 ipso
1429 5776 1707 5842 procedit;
1748 5778 1841 5829 sed

277 5859 373 5896 rum
404 5860 466 5899 er
504 5861 569 5899 eo
597 5846 825 5914 procedit
852 5845 977 5911 quia
1010 5845 1503 5899 consubstantialis.
1546 5867 1562 5897 ι
1602 5843 1839 5901 Priorem

1941 4657 2293 4711 personarum
2344 4641 2697 4695 relationibus
2749 4642 3015 4696 deductus
3054 4654 3156 4707 est,
3183 4653 3243 4697 ut
3275 4645 3517 4701 Catholi-

1940 4747 2127 4785 corum
2164 4747 2259 4800 pro
2288 4732 2389 4785 hoc
2418 4732 2670 4801 dogmate
2715 4733 2967 4787 universa
3017 4746 3334 4803 argumenta
3364 4753 3516 4791 com-

1942 4833 2263 4877 monstrant.
2296 4822 2487 4877 Nonne
2517 4823 2661 4892 quod
2711 4824 2883 4878 Filius
2917 4825 3057 4878 solus
3090 4826 3151 4879 de
3188 4827 3299 4879 solo
3332 4826 3511 4891 Patre,

1942 4928 2132 4981 magna
2186 4914 2303 4981 ejus
2354 4913 2705 4982 praerogativa
2762 4922 2866 4974 est,
2933 4929 3055 4981 qua:
3106 4915 3253 4968 hunc
3292 4919 3517 4973 omnino

1942 5010 2185 5074 exposcit
2219 5009 2514 5062 honorem?
2550 5009 2655 5077 (Cf.
2685 5019 2786 5063 art.
2820 5012 3049 5078 praeccd.
3082 5009 3209 5080 §0.)

2015 5097 2164 5171 [512]
2187 5101 2271 5152 25.
2296 5120 2313 5149 ι
2337 5101 2600 5167 Majorem
2618 5101 2817 5164 dicere,
2838 5102 2937 5159 etsi
2955 5118 3058 5155 non
3081 5113 3268 5155 natura
3289 5106 3511 5173 (apage;

1942 5189 2415 5243 consubstantialis
2468 5191 2611 5244 enim
2641 5200 2723 5245 est
2758 5190 3040 5261 Trinitas),
3086 5208 3269 5246 verum
3308 5197 3514 5248 ratione

1943 5294 2133 5342 cauare,
2165 5280 2345 5350 genito
2377 5282 2695 5351 genitorem,
2734 5282 2893 5337 docet
2925 5283 3141 5351 quidem
3176 5299 3275 5339 nos
3299 5284 3511 5343 Domini

1944 5385 2047 5423 vox
2099 5371 2258 5439 idque
2324 5372 2487 5425 tradit
2534 5372 2729 5427 exinde
2789 5374 3030 5428 initiatus
3076 5390 3229 5430 sacer
3292 5374 3512 5431 Patrum

1942 5473 2252 5517 nostrorum
2311 5464 2539 5528 chorus;
2612 5480 2782 5519 causa
2837 5475 3013 5520 autem
3063 5468 3266 5521 ratione
3320 5468 3513 5522 Filium

1944 5555 2144 5625 Spiritu
2198 5557 2451 5623 majorem
2495 5573 2670 5627 neque
2699 5575 2766 5614 ex
2804 5559 3006 5614 divinis
3054 5559 3297 5630 Eloquiis
3324 5560 3513 5615 audire

1947 5713 2381 5786 propositionem
2428 5724 2591 5781 negat
2639 5714 2808 5786 llugo,
2870 5717 2963 5771 sed
3012 5717 3317 5782 immerito;
3376 5716 3513 5773 alter

1948 5785 2124 5852 potius
2160 5785 2402 5853 neganda
2437 5793 2572 5839 erat.
