4242 6438
798 431 898 494 527

1913 425 2175 489 PHOTII
2217 421 2721 485 PATRIARCH/E
2754 421 2863 480 CP.

3942 417 4049 480 538

799 563 882 603 est
912 560 1083 614 neque
1114 547 1218 600 huc
1245 560 1414 615 usque
1445 546 1564 613 pius
1612 557 1804 597 sensus
1835 542 1886 596 id
1912 544 2147 612 cogitare
2184 541 2377 609 depre-
2407 545 2448 598 Α
2479 549 2665 590 rcnter
2697 537 2878 590 minor
2897 534 3034 590 Filio
3071 544 3126 589 et
3155 534 3316 589 simul
3363 535 3584 605 aaqualis
3626 533 3803 587 eidem
3855 531 4050 601 praui-

801 639 1198 693 hcndebatur.»
1260 637 1336 689 Ita
1388 634 1611 688 l‘hotius
1664 649 1781 701 cap.
1831 633 1919 686 41.
1969 633 2137 701 Negat
2174 631 2369 684 Filium

801 729 1022 798 μείζονα
1049 727 1142 779 τοῦ
1175 726 1485 796 magno;
1518 726 1644 789 dici,
1690 723 2143 793 quemadm‘odum
2212 723 2370 774 Pater

796 821 968 889 major
996 819 1132 873 Filio
1160 819 1381 881 dicitur,
1435 817 1645 871 ratione
1689 816 1939 869 videlicet
1963 813 2235 884 principii.
2270 812 2372 866 At-

796 913 887 980 qni
937 921 1050 965 tum
1098 911 1300 964 Bec¢us
1330 909 1442 977 (0r.
1472 911 1534 962 de
1563 924 1668 961 una
1711 906 1854 960 Eccl.
1897 923 1935 972 ι,
1967 907 2058 968 27,
2095 906 2182 969 63,
2214 904 2280 957 67
2314 905 2371 958 in

794 1003 1007 1057 Camat.
1080 1002 1358 1054 Animadv.
1412 1008 1467 1054 et
1529 999 1709 1066 Epigr.
1774 1014 1902 1062 xm;
1969 997 2013 1052 G
2057 995 2119 1050 0.
2160 994 2201 1061 I,
2248 995 2371 1060 137,

796 1095 918 1160 206,
947 1093 1084 1158 2l9;
1124 1091 1191 1155 ll,
1220 1092 1346 1155 585,
1368 1091 1645 1158 650),tum
1668 1089 2011 1143 Constantia.
2044 1087 2373 1141 Meliteniola

797 1180 886 1250 (G.
940 1180 1003 1234 0.
1041 1179 1104 1243 ll,
1141 1180 1302 1246 748);
1337 1179 1600 1249 Georgius
1630 1179 1914 1232 Metochita
1959 1175 2180 1247 (Contra
2225 1181 2372 1232 Man.

797 1272 935 1327 Cret.
983 1287 1034 1326 c.
1086 1273 1153 1338 7;
1187 1273 1262 1325 ib.
1297 1271 1361 1336 ΙΙ,
1411 1270 1568 1340 985);
1621 1271 1831 1323 Manuel
1889 1270 2110 1324 Calecas
2144 1268 2237 1322 lib.
2290 1284 2373 1326 ιιι.

797 1379 853 1432 p.
902 1362 1052 1431 438),
1096 1362 1361 1432 Georgius
1401 1360 1794 1430 Trapezuntius
1843 1360 1952 1430 (nd.
2001 1359 2086 1413 Jo.
2161 1357 2373 1412 Cubocl.

795 1471 849 1506 ιτ.
871 1454 980 1520 29.;
1010 1454 1072 1517 G,
1093 1453 1154 1509 0.
1186 1453 1227 1516 Ι,
1260 1454 1413 1522 5l7);
1443 1452 1602 1505 Joan.
1628 1451 1985 1505 Plnsiadcnns
2014 1449 2126 1504 sive
2147 1448 2372 1516 Joseph.

798 1544 1170 1600 Methonensis
1197 1545 1275 1614 (6)
1301 1545 1385 1598 vel
1414 1543 1660 1612 quisquis
1701 1553 1784 1596 est
1813 1552 2003 1596 auctor
2039 1541 2248 1610 Dialogi
2280 1556 2373 1608 pro

798 1637 1017 1689 concilio
1071 1633 1370 1689 Florentino
1418 1634 1480 1689 (ἱ.
1532 1633 1670 1699 0.1,
1717 1634 1841 1696 628,
1891 1633 2039 1695 6‘29),
2091 1642 2203 1685 tum
2265 1631 2376 1685 Leo

802 1727 1028 1781 Allatius
1091 1725 1330 1792 (Enchir.
1379 1741 1429 1779 c.
1469 1726 1560 1790 25,
1615 1742 1668 1795 p.
1707 1725 1828 1793 ρλς¹
1855 1739 1970 1792 seq.
2013 1722 2211 1777 l’indic.
2258 1739 2372 1793 σενι.

803 1819 937 1888 Eph.
967 1834 1016 1873 c.
1048 1818 1135 1883 66,
1167 1833 1220 1886 p.
1249 1818 1372 1884 481)
1419 1819 1618 1887 aliique
1662 1817 1912 1885 permulti
1954 1816 2153 1868 diserta
2202 1817 2367 1869 addu-

802 1920 935 1965 cunt
957 1909 1236 1964 Athanasii
1263 1910 1422 1963 verba
1447 1919 1584 1961 orat.
1613 1909 1662 1971 1,
1702 1909 2150 1971 εοηινα,ι1νὶαηοε,
2182 1924 2237 1961 n.
2261 1908 2328 1961 50
2352 1925 2365 1959 :

2479 638 2654 695 catur,
2685 637 2742 681 ut
2773 627 3033 697 Georgius
3081 627 3343 683 Metocita
3369 629 3429 696 (l.
3468 643 3517 681 c.
3555 642 3607 695 p.
3660 625 3786 692 985)
3835 627 4047 677 edisse-

2476 721 2562 773 rit.
2595 718 2714 783 Quo
2751 720 2988 788 pertinet
3026 729 3080 773 et
3106 719 3311 774 codicis
3343 719 3668 772 Basileensis
3703 718 3951 771 sclmlion
3982 717 4049 768 ad

2474 817 2771 887 marginem
2825 815 2991 882 hujus
3028 814 3130 868 loci
3180 815 3453 883 positum:
3515 813 3657 878 Ὅρα
3694 815 3722 864 ὁ
3758 812 3882 870 Υἱὸς
3925 806 4045 870 ἶσος

2475 907 2569 960 καὶ
2601 904 2801 974 μείζων
2831 904 2924 956 τοῦ
2950 903 3286 972 Πνεύματος,
3325 899 3443 967 ἴσος
3472 903 3570 971 μὲν
3611 902 3750 954 κατὰ
3778 904 3878 970 τὴν
3923 900 4048 951 θεό-

2474 1015 2632 1067 τητα,
2659 996 2860 1067 μείζων
2883 997 2940 1050 δὲ
2970 997 3058 1049 διὰ
3085 995 3184 1065 τὴν
3207 994 3410 1049 αἰτίαν.
3437 995 3766 1062 Utrumque,
3818 991 4051 1062 μείζονα

2475 1083 2687 1154 ειγῐσον,
2720 1087 3006 1157 legendum
3033 1101 3155 1140 esse
3194 1086 3426 1140 suadent
3455 1095 3511 1140 et
3548 1084 3842 1138 Bibliorum
3889 1085 4051 1138 testi-

2477 1180 2660 1233 monia
2686 1177 2917 1246 adjecta,
2948 1176 3148 1245 quibus
3189 1191 3248 1230 se
3281 1175 3580 1229 missurum
3613 1172 3901 1244 Spiritum,
3935 1175 4052 1227 imo

2475 1287 2534 1324 se
2578 1271 2706 1324 dare
2765 1268 2924 1322 docet
2961 1267 3238 1323 Christus.
3298 1266 3425 1321 Haec
3463 1267 3685 1321 demum
3734 1275 4054 1336 congruunt

2477 1361 2635 1430 plane
2653 1360 2935 1415 Athanasii
2965 1360 3248 1415 doctrina.
3277 1358 3378 1424 Qui
3402 1359 3548 1413 enim
3576 1360 3768 1413 statuit
3787 1356 4048 1412 eumdem

2476 1454 2749 1514 ordinem,
2795 1467 2956 1521 quem
3001 1450 3164 1504 habet
3224 1449 3394 1503 Filius
3438 1449 3504 1503 ad
3557 1447 3793 1511 Patrem,
3845 1447 4052 1502 habere

2478 1545 2740 1616 Spiritum
2772 1543 2840 1598 ad
2895 1542 3090 1597 Filium
3121 1551 3226 1596 art.
3253 1543 3306 1606 2,
3357 1541 3465 1611 δί,
3495 1551 3620 1595 nota
3648 1542 3727 1610 5),
3777 1540 3821 1594 is
3867 1539 4048 1594 mani-

2479 1637 2616 1691 feste
2648 1653 2755 1690 non
2783 1637 3002 1706 negabit
3041 1634 3247 1704 Spiritu
3276 1633 3473 1687 Filium
3499 1633 3688 1688 eadem
3731 1646 3910 1685 causa!
3958 1646 4050 1682 ra-

2481 1726 2628 1779 tione
2660 1726 2945 1793 majorem,
2975 1740 3082 1793 qua
3108 1725 3265 1778 Pater
3291 1721 3428 1776 Filio
3449 1724 3625 1792 major
3655 1722 3876 1784 dicitur,
3904 1733 4051 1788 prae-

2480 1817 2667 1871 sertim
2701 1833 2823 1870 cum
2865 1817 2999 1870 ordo
3041 1816 3243 1886 (τάξις)
3286 1815 3336 1868 in
3377 1815 3577 1868 divinis
3606 1829 3669 1867 ex
3705 1813 3960 1882 principii
3995 1821 4048 1865 et

2476 1908 2784 1978 principiati
2846 1907 3257 1962 habitudinibus
3329 1915 3607 1976 repetatur
3668 1904 3813 1975 (vide
3878 1919 4045 1972 supra

802 2004 928 2064 Τοῖς
956 2002 1013 2055 δὲ
1039 2000 1305 2070 μαθηταῖς
1338 1999 1435 2068 τὴν
1461 1999 1688 2067 θεότητα
1712 1999 1806 2049 καὶ
1830 1997 1928 2066 τὴν
1975 1999 2370 2067 μεγαλειότητα
2470 2001 2496 2070 §
2527 2005 2558 2054 6
2584 2002 2745 2069 seq.).

799 2093 1015 2154 δεικνὺς
1046 2089 1264 2152 ἑαυτοῦ,
1287 2090 1470 2142 οὐκέτι
1500 2090 1755 2141 ἐλάττονα
1785 2088 1975 2139 ἑαυτὸν
1998 2089 2090 2139 τοῦ
2116 2087 2368 2155 Πνεῦμα-

803 2200 916 2247 τος,
946 2182 1080 2235 ἀλλὰ
1112 2181 1332 2250 μείζονα
1356 2181 1448 2231 καὶ
1480 2175 1594 2230 ῐσον
1619 2178 1746 2230 ὄντα
1776 2177 2055 2246 σημαίνων
2077 2177 2244 2231 ἐδίδου
2273 2177 2372 2247 μὲν

803 2276 865 2327 τὸ
895 2275 1116 2344 Πνεῦμα
1141 2275 1233 2325 καὶ
1255 2272 1408 2340 ἔλεγε
1434 2287 1449 2302 ο
1490 2289 1508 2322 ‹
1544 2271 1752 2324 Λάϐετε
1790 2271 2013 2340 Πνεῦμα
2030 2271 2184 2337 ἅγιον
2202 2313 2216 2334 ,
2257 2271 2366 2323 καί·

819 2365 961 2432 Ἐγὼ
987 2363 1293 2418 ἀποστελῶ·
1354 2363 1604 2424 κάκεῖνος
1655 2361 1755 2430 ἐμὲ
1784 2359 1995 2425 δοξάσει
2051 2362 2143 2414 καὶ
2178 2363 2279 2414 ὃσα
2308 2362 2375 2414 ἂν

806 2457 1039 2526 ἀκούσῃ,
1088 2457 1331 2525 λαλήσει.
1364 2474 1382 2506 ›
1426 2453 1579 2519 Quod
1611 2469 1640 2507 c
1665 2452 1882 2506 Patrum
1934 2469 2082 2506 more
2111 2454 2182 2506 ita
2231 2462 2375 2508 recte

806 2549 1034 2617 exponit
1067 2547 1288 2615 przefata
1327 2545 1646 2612 Disceptatio
1675 2561 1768 2612 pro
1803 2561 1948 2596 conc.
1985 2544 2125 2597 Flor.
2162 2544 2377 2598 subno-

809 2642 954 2692 mine
980 2637 1289 2691 Plusiadeni
1320 2636 1535 2705 vulgata
1568 2654 1582 2689 :
1608 2631 1755 2688 Ἴσον
1796 2636 1890 2694 μὲν
1916 2635 2057 2688 κατὰ
2090 2635 2149 2686 τὸ
2177 2635 2374 2704 ὁμοσύ-

813 2748 956 2784 σιον·
1000 2731 1154 2782 οὐδὲν
1211 2729 1325 2799 γὰρ
1361 2728 1472 2781 τῶν
1499 2727 1668 2798 τριῶν
1722 2727 2026 2797 προσώπων
2065 2726 2247 2796 μεῖζον
2284 2726 2379 2779 καὶ

812 2822 1031 2875 ἔλαττον
1061 2824 1127 2891 τῇ
1152 2820 1314 2890 οὐσίᾳ
1350 2819 1441 2872 καὶ
1463 2821 1527 2889 τῇ
1561 2819 1796 2886 Θεότητι,
1832 2817 1946 2869 ἀλλ’
1970 2817 2114 2885 ἀέρα
2157 2818 2332 2884 ἰσότης
2361 2831 2374 2844 ο

815 2912 1033 2980 μείζονα
1067 2912 1142 2971 δὲ,
1189 2912 1269 2963 ὃτι
1315 2913 1409 2961 ἀπ’
1449 2910 1656 2961 ἐκείνου
1693 2909 1751 2959 τὸ
1799 2905 1936 2961 εἶναι
1976 2907 2107 2976 ἔχει.
2169 2905 2377 2972 Quodsi

814 3005 1179 3058 Montf'ancon.
1242 3003 1294 3055 in
1346 3018 1441 3055 sua
1489 3002 1728 3055 editione
1769 3002 1834 3070 (l,
1882 3016 1936 3068 p.
1983 3000 2107 3067 454)
2163 2999 2380 3068 μείζονα

815 3096 945 3150 illud
969 3095 1169 3157 omisit,
1206 3093 1492 3162 disceptari
1525 3094 1701 3146 adhuc
1732 3102 1929 3160 potest,
1967 3101 2144 3144 utrum
2185 3091 2381 3144 merito

2546 2097 2738 2170 [544]
2796 2098 2884 2151 24.
2941 2095 3141 2150 Verum
3212 2095 3371 2149 detur
3442 2091 3756 2155 Photianis,
3815 2107 3882 2145 ex
3941 2092 4046 2143 hoc

2476 2191 2791 2246 testimonio
2817 2198 3005 2257 utpote
3035 2189 3195 2241 unico
3250 2187 3333 2240 vel
3390 2201 3500 2239 non
3549 2185 3679 2238 satis
3733 2192 3885 2237 certo
3930 2197 4045 2234 rem

2476 2282 2824 2344 nonconfici,
2866 2281 2918 2335 id
2951 2296 3140 2350 parum
3173 2295 3268 2334 eos
3320 2278 3548 2348 juvabit.
3615 2275 3837 2329 Etiamsi
3898 2275 4044 2329 enim

2477 2390 2584 2426 non
2614 2373 2863 2440 explicite
2886 2372 3160 2425 diceretur
3193 2370 3364 2423 Filius
3419 2369 3591 2434 major
3619 2366 3846 2434 Spiritu,
3879 2365 4048 2432 :equi-

2475 2465 2732 2533 pollentia
2766 2472 2947 2516 tamen
2981 2462 3144 2515 verba
3179 2471 3290 2514 tmn
3318 2458 3598 2512 Athanasii
3643 2468 3756 2510 tum
3814 2457 4045 2510 aliorum

2477 2556 2694 2610 Patrum
2733 2565 2926 2624 prazsto
2952 2565 3096 2609 sunt.
3137 2555 3398 2607 Athanas.
3435 2553 3509 2605 De
3535 2552 3739 2604 incarn.
3784 2567 3842 2605 n.
3871 2550 3927 2612 9,
3963 2549 4046 2602 Fi-

2479 2649 2607 2701 lium
2629 2657 2782 2701 vocat
2807 2648 2988 2715 πηγὴν
3013 2647 3106 2698 τοῦ
3137 2646 3452 2714 “vetitum;
3476 2664 3490 2710 ;
3526 2646 3620 2698 sed
3641 2646 3823 2713 πηγῆς
3844 2659 4044 2696 nomen

2479 2737 2620 2805 apud
2665 2735 2884 2790 Graecos
2908 2735 3212 2805 Theologos
3242 2736 3341 2805 τὴν
3385 2736 3562 2788 αἰτίαν
3613 2735 3834 2787 omnino
3879 2732 4046 2801 signi-

2481 2830 2603 2883 ficat
2632 2828 2749 2898 (Cf.
2775 2828 2958 2881 Petav.
3021 2829 3083 2879 de
3110 2827 3257 2880 Trin.
3294 2843 3368 2881 vu
3397 2869 3410 2890 ,
3434 2827 3512 2896 4).
3541 2827 3743 2880 Eadem
3773 2841 3906 2878 voce
3941 2825 4047 2877 nti-

2482 2932 2569 2975 tur
2604 2920 2894 2990 Gregorius
2937 2919 3263 2989 Theologus,
3319 2920 3446 2972 dum
3511 2919 3720 2970 Patrem
3773 2916 4048 2983 ὀφθαλμὸν

2480 3012 2734 3081 appellat,
2784 3009 2976 3063 Filium
3003 3012 3205 3078 πηγὴν,
3233 3009 3496 3072 Spiritum
3519 3010 3778 3076 ποταμὸν,
3804 3023 3868 3060 ac
3923 3006 4048 3074 Spi-

2482 3103 2644 3155 ritum
2674 3102 2896 3155 exhibet
2922 3110 2982 3154 ut
3007 3099 3228 3154 ﬂuvium
3264 3114 3294 3153 e
3323 3099 3472 3154 fonte
3505 3099 3860 3168 profluentem
3885 3099 4044 3164 (orat.

813 3200 882 3237 an
947 3183 1137 3252 injuria
1199 3182 1403 3236 fecerit.
1477 3181 1618 3235 Sane
1668 3189 2026 3249 prxterquam
2098 3179 2240 3248 quod
2289 3179 2488 3265 illec:

2371 3198 2450 3265 3C
2484 3193 2572 3255 57,
2601 3192 2668 3246 de
2718 3191 2920 3259 Spiritu
2958 3199 3160 3254 sancto,
3192 3206 3245 3260 p.
3280 3190 3404 3254 611,
3436 3190 3524 3244 ed.
3561 3189 3676 3241 Bill.
3721 3188 3804 3241 Cf.
3855 3196 3958 3240 art.
3990 3187 4046 3247 ‘2,

817 3275 1033 3329 nonnisi
1075 3273 1235 3328 unius
1266 3272 1465 3326 codicis
1511 3272 1756 3341 Seguier.
1789 3282 1842 3323 et
1879 3271 2092 3324 Catena!
2120 3287 2250 3325 mss.
2279 3287 2380 3324 au-

820 3366 1067 3420 ctoritate
1086 3363 1237 3434 [515]
1269 3364 1321 3416 in
1353 3378 1447 3416 sua
1479 3364 1710 3415 lectione
1740 3362 2008 3423 innititur,
2028 3362 2234 3430 priores
2267 3361 2380 3414 edi-

819 3456 1000 3509 tiones
1043 3470 1230 3508 vocem
1263 3454 1332 3508 ab
1380 3454 1468 3507 illo
1513 3453 1730 3523 egregio
1781 3453 2020 3521 alioquin
2078 3451 2383 3516 eruditissi-

826 3563 1022 3616 moque
1065 3547 1179 3600 viro
1210 3557 1533 3615 expunclam
1578 3545 1836 3607 retinent,
1865 3555 1922 3597 et
1946 3543 2096 3596 citati
2126 3553 2380 3596 auctores

820 3639 975 3710 graeci
1004 3640 1080 3708 (7)
1116 3653 1228 3691 non
1267 3636 1422 3691 facile
1452 3647 1641 3691 contra
1672 3650 1896 3689 suorum
1930 3645 2236 3703 temporum
2282 3633 2380 3686 ad-

829 3730 1100 3784 versarios
1133 3744 1196 3782 ea
1229 3729 1458 3782 lectione
1486 3727 1568 3780 usi
1598 3727 1843 3792 fuissent,
1885 3725 2165 3780 sufﬁcienti
2192 3733 2382 3777 aucto-

823 3821 980 3874 ritate
1005 3819 1281 3884 destituti;
1311 3830 1366 3875 et
1401 3819 1528 3872 illud
1563 3817 2001 3886 perpendendum
2031 3824 2132 3883 est,
2163 3815 2304 3884 quod
2328 3824 2383 3868 et

823 3914 938 3982 ipse
965 3910 1308 3966 Andronicus
1344 3911 1658 3964 Camaterus
1684 3907 1893 3961 Latinis
1930 3907 2173 3959 infensus
2217 3904 2379 3974 (apud

822 4002 1073 4066 Beccum,
1107 4001 1172 4055 (ὲ.
1201 4001 1260 4056 0.
1293 4001 1356 4062 ll.
1385 4001 1509 4067 582)
1542 4015 1651 4053 non
1692 3999 1850 4052 aliter
1893 3998 2086 4067 legisse
2136 3996 2382 4050 videatur

821 4103 879 4147 et
905 4093 1046 4162 quod
1075 4102 1359 4147 contextus
1397 4091 1522 4144 huic
1544 4088 1999 4142 lectioniomnino
2044 4087 2239 4140 faveat.
2273 4085 2383 4139 Me-

824 4186 929 4254 lius
953 4184 1096 4238 enim
1122 4193 1173 4237 et
1199 4182 1397 4236 fortius
1416 4180 1495 4250 τῷ
1524 4180 1766 4234 ἐλάττονι
1790 4178 2083 4248 opponitur
2105 4176 2164 4229 τὸ
2197 4175 2381 4245 μεῖζον

823 4276 918 4327 καὶ
943 4269 1082 4336 ῐσον,
1115 4287 1277 4341 quam
1307 4272 1366 4324 τὸ
1387 4267 1505 4322 ἴσον
1547 4270 1760 4335 solum;
1793 4278 1848 4322 et
1901 4268 2094 4322 melius
2139 4267 2382 4320 ostendi-

825 4375 913 4419 tur
980 4361 1101 4416 Filii
1161 4362 1392 4432 dignitas
1442 4361 1532 4430 qui
1578 4359 1840 4428 Spiritum
1887 4359 2061 4428 ipsutu
2113 4357 2382 4427 elargiens

824 4456 1144 4519 exhibetur;
1190 4462 1450 4523 praeterea
1491 4453 1706 4522 phrasis
1734 4452 1990 4514 ἐλάττων,
2042 4450 2126 4504 vel
2181 4449 2382 4518 μείζων

2478 3278 2571 3347 §6,
2604 3286 2729 3332 nota
2746 3278 2777 3331 6
2802 3295 2817 3343 ;
2847 3277 3130 3331 Constant.
3151 3277 3382 3330 Meliten.
3407 3275 3560 3330 Orat.
3583 3292 3632 3328 c.
3663 3274 3761 3338 29;
3788 3276 4043 3336 Beccutn,

2482 3369 2665 3440 Epigr.
2717 3386 2767 3424 ιτ
2803 3387 2817 3434 ;
2866 3370 2930 3425 G.
2975 3369 3035 3424 0.
3074 3370 3139 3430 ll,
3171 3369 3292 3429 706,
3324 3369 3575 3433 707,607
3615 3369 3753 3435 seq.)
3808 3364 3875 3418 Et
3904 3364 4046 3417 Pho-

2483 3462 2613 3515 tiani
2663 3461 2772 3514 fere
2790 3463 2988 3529 ubique
3018 3461 3344 3516 inclamant:
3366 3460 3541 3522 Μόνος
3567 3462 3714 3530 πηγὴ
3753 3461 3782 3510 ὁ
3816 3457 4004 3525 Πατήρ
4031 3455 4042 3506 l

2483 3549 2561 3604 lle
2583 3551 2694 3619 ipsa
2724 3550 3046 3618 quandoque
3072 3547 3230 3602 Pater
3263 3565 3396 3600 unus
3429 3549 3652 3602 Deitatis
3704 3550 3821 3622 fons
3861 3544 4049 3614 appel-

2483 3643 2641 3704 latur,
2671 3641 2797 3711 quia
2847 3648 2931 3694 est
2980 3640 3140 3694 veluti
3189 3641 3359 3710 prima
3399 3641 3568 3704 radix,
3621 3655 3781 3693 causa
3835 3655 3943 3692 non
3983 3653 4050 3691 ex

2480 3748 2674 3798 causa,
2717 3731 3037 3802 principium
3056 3748 3165 3786 non
3192 3735 3258 3786 de
3289 3733 3574 3803 principio,
3613 3748 3676 3785 ex
3711 3748 3818 3800 quo
3843 3731 4045 3785 omnia.

2484 3824 2683 3878 Eodem
2727 3825 2973 3878 modoita
3008 3826 3231 3889 dicitur,
3259 3834 3316 3879 ut
3352 3827 3584 3879 advertit
3609 3825 3902 3895 Gregorius
3924 3825 4045 3894 Cpl.

2485 3916 2787 3985 patriarcha
2814 3926 2999 3971 contra
3045 3915 3283 3971 Marcum
3327 3916 3616 3986 Ephesium
3651 3917 3750 3985 (8),
3787 3932 3896 3986 quo
3926 3918 4048 3986 quis

2483 4015 2922 4074 protoparentem
2954 4007 3220 4061 Adamutn
3246 4008 3449 4061 diceret
3479 4008 3646 4061 solum
3705 4020 3908 4076 patrem
3953 4008 4048 4061 hu.

2483 4095 2779 4157 manitatis,
2825 4096 2916 4162 qui
2954 4104 3107 4150 certe
3167 4097 3300 4149 alios
3347 4096 3594 4150 homines
3633 4113 3662 4150 a
3721 4098 4047 4166 paternitate

2482 4185 2771 4240 excludere
2811 4202 2918 4239 non
2961 4187 3090 4252 vult,
3143 4188 3237 4241 sed
3274 4188 3638 4257 principaliter
3657 4190 3704 4243 ei
3747 4191 3889 4244 illam
3924 4191 4047 4242 vin-

2484 4273 2647 4337 dicat,
2680 4290 2709 4328 a
2741 4291 2850 4344 quo
2888 4286 3058 4330 totum
3088 4293 3256 4346 genus
3302 4289 3652 4349 propagatum
3682 4289 3787 4346 est,
3847 4297 3876 4334 a
3940 4297 4049 4351 quo

2485 4369 2676 4436 reliqui
2708 4369 2978 4438 genitores
3025 4370 3074 4422 id
3099 4369 3323 4433 habent,
3355 4380 3415 4424 ut
3462 4381 3642 4440 patres
3669 4388 3789 4426 esse
3822 4383 4044 4442 queant.

2488 4455 2622 4510 Hinc
2650 4457 3001 4512 nihilominus
3027 4459 3273 4514 doctores
3294 4459 3486 4524 Graeci,
3512 4472 3573 4515 ut
3599 4461 3853 4526 vidimus,
3872 4471 3928 4516 et
3961 4463 4048 4517 Fi-

822 4548 921 4599 καὶ
947 4541 1060 4604 tuo;
1086 4544 1335 4598 Patribus
1358 4543 1636 4596 familiaris
1656 4550 1759 4605 est,
1788 4540 2086 4611 praesertim
2137 4556 2260 4594 eum
2310 4541 2378 4594 de
2410 4531 2454 4584 Ι)
2485 4547 2614 4599 lium
2659 4557 2855 4601 vocant
2908 4551 3101 4618 fontem
3158 4551 3324 4606 relate
3380 4551 3445 4605 ad
3483 4554 3742 4621 Spiritum
3778 4564 4043 4608 sanctum.

825 4634 961 4688 Filio
983 4633 1298 4701 loquuntur,
1321 4631 1411 4701 qui
1441 4633 1642 4685 dicitur
1663 4632 1792 4700 ipsis
1819 4631 1996 4684 minor
2023 4629 2179 4685 Patre
2200 4630 2378 4698 (.faan.

825 4740 934 4787 xw,
958 4725 1049 4793 28)
1083 4734 1333 4791 respectu
1374 4723 1740 4793 generationis
1774 4730 1828 4774 et
1873 4722 2095 4790 :equalis
2130 4732 2380 4791 respectu

830 4814 1137 4869 communis
1164 4822 1374 4866 natura:
1404 4812 1585 4881 (Joan.
1635 4829 1687 4876 x,
1714 4812 1841 4880 20);
1880 4811 2009 4865 illud
2050 4812 2162 4880 ipse
2211 4811 2380 4866 Atha-

827 4905 1013 4958 nasius
1040 4904 1308 4958 declarat:
1337 4903 1576 4967 Μείζονα
1613 4903 1807 4955 ἑαυτοῦ
1842 4903 1932 4954 τὸν
1976 4903 2195 4971 Πατέρα
2215 4906 2243 4955 ό
2268 4903 2380 4955 Κύ-

829 5012 944 5064 ριος
968 4991 1119 5047 εἶπεν
1138 5035 1152 5058 ,
1182 4995 1242 5047 οὺ
1281 4995 1496 5064 μεγέθει
1522 4995 1629 5047 τινὶ
1650 4995 1768 5048 οὐδὲ
1797 4994 1994 5065 χρόνῳ,
2022 4994 2156 5048 ἀλλὰ
2176 4995 2263 5048 διὰ
2283 4997 2383 5066 τὴν

825 5086 887 5150 ἐξ
905 5085 1068 5140 αὑτοῦ
1098 5085 1192 5138 τοῦ
1211 5086 1419 5156 [ἰατρὸς
1436 5086 1709 5155 γέννησιν.
1734 5086 1824 5139 Sic
1851 5095 1904 5138 et
1934 5085 2172 5153 Spiritus
2197 5086 2380 5140 colla:-

898 5313 973 5382 (6)
1006 5307 1372 5382 VaAllatzgg
1400 5325 1538 5362 cons.
1573 5309 1606 5361 Ι.
1652 5323 1734 5371 m,
1775 5323 1828 5377 p.
1864 5308 1988 5362 955.
2033 5306 2107 5361 Lc
2161 5306 2382 5372 Quien.,

823 5377 916 5439 0r;
948 5377 1060 5436 chr.
1085 5381 1152 5443 ll,
1189 5397 1242 5448 p.
1270 5377 1398 5432 252.

897 5453 972 5530 (1)
998 5450 1110 5530 llis
1131 5444 1270 5530 adde
1290 5448 1533 5530 Nicetam
1559 5447 1756 5530 'I.hes_s.
1789 5445 1934 5530 Dial.
1964 5462 2026 5527 ιι,
2063 5444 2380 5530 ,(οοά.¹γ;ιι.

829 5515 967 5576 1115
994 5521 1031 5575 f.
1065 5523 1118 5583 9)
1155 5529 1210 5572 et
1233 5519 1393 5586 Greg.
1416 5518 1532 5586 Cpl.
1576 5518 1726 5586 Apol.
1778 5534 1828 5571 e.
1867 5517 2030 5570 Marci
2060 5515 2198 5585 Eph.
2239 5515 2383 5571 Con-

829 5593 956 5646 [εδδ.
987 5591 1129 5659 (cod.
1156 5589 1296 5659 Mon.
1328 5588 1394 5659 27
1427 5588 1464 5659 f.
1503 5587 1603 5659 {2’36
1635 5587 1714 5656 b.)

900 5662 974 5730 (8)
995 5651 1132 5715 Cod.
1163 5658 1310 5730 Moti.
1339 5657 1404 5730 g7
1433 5657 1471 5710 f.
1513 5657 1616 5730 120
1641 5651 1798 5730 Τὸ
1831 5656 1991 5725 μόνον
2023 5655 2228 5730 πηγὴνΔ
2243 5651 2381 5730 εἶναι

827 5724 918 5783 τὸν
953 5724 1296 5800 Πατέρατῆς
1332 5726 1653 5800 ὑπερουσίου
1689 5724 1934 5800 θεότητος
1983 5726 2080 5800 oin}
2130 5724 2380 5800 ξκδᾶλλει

826 5803 918 5855 τὸν
949 5801 1075 5854 Υξὸν
1102 5795 1193 5852 τοῦ
1236 5795 1373 5851 εἶναι
1435 5795 1616 5866 πηγὴν
1671 5795 1765 5849 τοῦ
1811 5796 1966 5862 ἁγίου
2025 5795 2334 5864 Πνιύματος
2362 5811 2375 5823 ·

2488 4637 2645 4693 Unde
2684 4639 2849 4694 Isaias
2873 4641 3118 4710 Cyprius,
3140 4641 3193 4694 in
3225 4642 3389 4710 epist.
3415 4643 3482 4697 ad
3513 4643 3682 4698 Nicol.
3718 4645 4041 4714 Sclcngiam:

2494 4729 2668 4782 «Dicis
2722 4745 2885 4798 porro
2917 4732 3088 4785 solum
3117 4733 3319 4786 fontem
3351 4735 3892 4804 supersubstantialis
3927 4737 4045 4790 dei-

2488 4819 2611 4872 tatis
2636 4833 2753 4872 esse
2783 4819 3019 4874 Patrem.
3060 4820 3125 4875 Et
3156 4838 3255 4876 nos
3277 4821 3328 4875 id
3357 4839 3571 4890 quoque
3626 4824 3880 4889 fatemur,
3913 4836 3967 4879 et
3997 4837 4046 4880 te

2488 4910 2656 4962 multo
2679 4910 2874 4978 aptius,
2909 4919 2964 4963 et
2998 4921 3057 4965 nt
3090 4913 3256 4983 magis
3286 4916 3562 4984 theologos
3607 4916 3829 4969 addecet
3855 4935 3870 4983 ;
3900 4916 4043 4988 [5m

2487 4999 2578 5052 sed
2636 4998 2868 5054 fatemur
2907 5012 3162 5068 praeterea
3195 5003 3387 5057 Filium
3419 5005 3622 5059 fontem
3655 5005 3891 5072 Spiritus
3921 5023 4043 5060 san-

2486 5089 2582 5152 cti,
2629 5104 2878 5160 magnum
2943 5090 3293 5146 Athanasium
3339 5103 3393 5147 et
3442 5093 3762 5164 Gregorium
3809 5095 4043 5150 Theolo-

2493 5331 2516 5386 τ
2553 5315 2737 5386 Πάντα
2766 5314 2873 5384 γὰρ
2903 5316 3003 5369 ὅσα
3041 5315 3154 5386 ἔχει
3189 5318 3216 5369 ό
3261 5317 3408 5380 Υῐδς,
3447 5319 3510 5372 ἐκ
3541 5318 3634 5371 τοῦ
3674 5319 3886 5383 Harpe;
3911 5317 4040 5386 ἔχει,

2486 5382 2562 5462 ὡς
2591 5383 2752 5462 αὑτός
2780 5382 2912 5462 (priet
2948 5422 2971 5462 ἒ
3010 5425 3024 5440 .
3053 5382 3312 5462 ,ζ’ᾂῶσπερ
3350 5388 3417 5439 ἂν
3445 5388 3610 5462 sint;
3635 5390 3726 5440 καὶ
3749 5382 3840 5462 τόν
3877 5382 4042 5462 Ἄδαρ,

2489 5453 2647 5532 μόνον
2671 5453 3012 5532 Πατέραῂτῆς
3041 5453 3479 5532 ἀνθρρπότητοςμ
3501 5457 3681 5532 λέγων
3715 5459 3951 5532 πάντων
3978 5453 4042 5514 ἄν

2485 5522 2631 5596 first
2679 5522 2793 5596 ciba
2824 5522 3412 5596 ἀνθρώπωνἩατέρα,
3447 5522 3589 5596 amp
3629 5527 3730 5580 οὐκ
3782 5532 3850 5582 ἄν
3905 5531 4042 5585 εἴποι

2485 5592 2701 5666 Πατέρα
2724 5590 3284 5666 πῄιτωνάνθρῴττων,
3307 5590 3504 5666 δομὴν
3529 5590 3622 5650 καί
3639 5613 3809 5666 τινων
3827 5600 4041 5664 τούτους

2485 5662 2736 5730 λέγεσθαι
2778 5661 3023 5734 Πατέρας
3053 5661 3304 5732 ὶωλύσει,
3337 5661 3429 5729 οὒξ
3460 5661 3573 5721 ὀὐκ
3609 5662 3749 5723 οἶδεν
3791 5670 3893 5722 οὐκ
3939 5661 4040 5725 an;

2485 5731 2635 5784 at6a:
2674 5731 2849 5784 ὄντας.

2483 5747 2635 5794 αιοας
2674 5747 2849 5794 οντας.
