4242 6438
805 369 903 433 531

1968 375 2228 437 PHOTII
2257 376 2758 439 PATRIARCH/E
2795 380 2903 443 CP.

3923 376 4033 442 532

801 485 949 537 enim
976 483 1099 553 est),
1126 483 1354 538 alterum
1382 482 1528 555 [3l8]
1563 498 1690 538 vero
1713 499 1776 538 ex
1808 485 2046 540 secundo
2079 494 2133 540 et
2167 486 2365 554 princi-
2390 485 2441 544 Α
2464 486 2586 540 dem
2612 488 2821 556 genitor
2879 493 2980 551 est,
3014 500 3123 540 non
3149 486 3460 556 productor,
3496 483 3730 554 Spiritus
3757 498 4027 555 veropro-

804 575 948 642 piato
975 576 1171 641 (neque
1209 574 1349 627 enim
1379 583 1462 629 est
1516 575 1718 643 absque
1783 574 2069 644 principio)
2114 576 2361 643 spiritum

804 663 1089 718 admittere
1117 664 1368 733 debent)»
1399 664 1540 732 (cap.
1585 665 1699 733 45).
1742 664 1942 718 Eadem
1991 666 2198 718 ratione
2223 666 2363 732 apud

805 751 1037 806 Beccum
1071 754 1154 821 (de
1188 771 1330 822 proc.
1365 754 1550 821 Spirit.
1599 771 1649 809 c.
1684 756 1746 819 6;
1788 756 1851 809 G.
1892 757 1954 810 0.
2002 756 2045 818 l,
2086 756 2192 810 288
2222 757 2362 823 seq.)

803 841 921 895 haec
952 842 1215 896 dubitatio
1244 844 1551 911 proponitur
1588 864 1601 898 :
1634 846 1687 898 Si
1721 844 1954 913 Spiritus
2008 856 2226 900 sanctus
2267 862 2364 914 per

804 928 1000 983 Filium
1058 931 1319 998 procedit,
1361 932 1632 999 quomodo
1658 948 1765 985 non
1789 933 2059 986 suntduz
2099 934 2363 985 exsistenv

807 1021 891 1073 tiae
925 1021 1224 1090 (ὑπάρξεις)
1269 1021 1520 1089 Spiritus,
1554 1027 1722 1076 altera
1757 1039 1824 1077 ex
1872 1024 2049 1086 l’atre,
2080 1024 2248 1077 altera
2296 1041 2361 1078 ex

806 1112 981 1165 Filio?
1012 1112 1109 1165 Cui
1152 1114 1443 1182 respondet
1514 1114 1603 1167 ille
1642 1114 1693 1167 id
1752 1116 2089 1183 potissimum
2143 1131 2361 1186 urgens,

806 1217 981 1270 neque
1009 1203 1061 1255 in
1108 1203 1637 1258 rebusinferioribus
1657 1214 1710 1258 et
1762 1205 1945 1258 sensui
1992 1206 2271 1273 subjectis,
2308 1207 2362 1259 in

805 1296 1000 1362 quibus
1031 1295 1136 1348 duo
1180 1294 1404 1349 eﬂectus
1440 1298 1850 1363 conspiciuntur
1890 1312 1953 1351 ex
1978 1300 2149 1367 prima
2200 1315 2364 1355 causa

806 1386 1207 1446 provenicntes,
1260 1401 1489 1453 quorum
1536 1401 1679 1439 unus
1731 1401 1826 1454 per
1876 1388 2038 1439 alimn
2088 1402 2190 1451 est,
2231 1389 2367 1442 duas

806 1473 1065 1541 ὑπάρξεις
1112 1473 1215 1526 dici
1243 1488 1398 1540 posse
1425 1474 1589 1537 illius,
1637 1477 1779 1543 quod
1805 1485 1884 1529 est
1915 1477 2127 1528 tertium
2178 1478 2367 1531 ordine

806 1574 991 1618 etnon
1021 1566 1364 1618 continenter
1396 1568 1722 1635 (npoasxdig)
1750 1584 1815 1621 ex
1848 1569 2017 1636 prima
2044 1584 2204 1621 causa
2235 1570 2366 1623 sub-

806 1658 966 1711 sistit.
1012 1656 1209 1709 «Dicite
1236 1658 1411 1721 nobis,
1444 1661 1519 1711 ait
1551 1657 1773 1719 Beccus,
1800 1674 1867 1709 an
1920 1660 2039 1712 dua:
2065 1660 2254 1713 solaris
2284 1661 2366 1712 lu—

806 1753 969 1805 minis
992 1752 1317 1804 exsistentive
1351 1760 1494 1811 sunt,
1538 1765 1643 1802 una
1692 1766 1758 1803 ex
1807 1750 1975 1815 disco,
2031 1751 2199 1804 altera
2270 1767 2367 1823 per

806 1843 1018 1896 radium
1054 1843 1076 1893 ?
1106 1842 1285 1894 Palam
1335 1840 1495 1894 facile
1524 1841 1706 1902 nobis,
1760 1858 1827 1894 an
1868 1840 1987 1895 duae
2035 1844 2364 1900 exsistentize

810 1933 973 1985 unius
1001 1939 1125 1984 sunt
1157 1929 1324 1991 fluvii,
1382 1944 1487 1981 una
1537 1944 1600 1982 ex
1642 1929 1819 1992 oculo,
1852 1928 2016 1983 altera
2062 1946 2126 1983 ex
2179 1930 2364 1985 fonte?

811 2022 1032 2089 (Alludit
1089 2022 1155 2072 ad
1203 2020 1462 2089 imagines
1496 2022 1716 2073 Patrum
1761 2030 1861 2074 art.
1918 2022 1953 2074 2
1984 2062 1999 2085 ,
2041 2022 2067 2090 §
2108 2022 2183 2089 6.)
2213 2022 2366 2088 Quod

809 2113 851 2166 si
884 2112 938 2165 in
989 2111 1252 2164 similibus
1283 2112 1463 2165 sensui
1494 2112 1753 2179 subjectis
1815 2120 1870 2165 ct
1927 2123 2133 2165 natura:
2173 2125 2367 2169 creatae

808 2205 1007 2257 finibus
1037 2203 1338 2257 terminatis
1364 2219 1471 2255 non
1500 2219 1792 2271 possumus
1845 2204 2025 2257 dicere
2062 2206 2193 2259 duas
2247 2221 2368 2262 esse

811 2299 974 2350 unius
1024 2298 1098 2349 rei
1127 2295 1493 2359 exsistentias,
1537 2311 1656 2363 qua:
1706 2312 1803 2365 per
1839 2297 2089 2351 effectum
2122 2315 2227 2352 una
2287 2314 2371 2354 se-

810 2406 934 2444 cum
960 2399 1296 2443 emanantem
1332 2404 1393 2441 ex
1426 2389 1597 2455 prima
1621 2404 1779 2443 causa
1823 2391 2189 2445 exsistentiam
2242 2407 2371 2462 pos-

810 2483 968 2546 sidet,
1008 2482 1277 2550 quomodo
1308 2481 1477 2543 dciis,
1518 2480 1582 2533 de
1612 2480 1807 2547 quibus
1852 2491 2058 2535 natura:
2102 2483 2237 2535 ratio
2266 2500 2370 2537 nu-

810 2582 905 2637 tat,
941 2573 1131 2626 similia
1170 2581 1224 2625 et
1250 2585 1585 2639 quacunque
1619 2570 1705 2623 illa
1731 2571 1867 2635 sint,
1902 2572 2225 2627 dubitatis?»
2254 2576 2373 2630 Alia

811 2680 918 2719 non
960 2664 1136 2717 minus
1168 2664 1391 2717 evidens
1426 2662 1706 2731 responsio
1737 2677 1798 2715 ex
1832 2662 2055 2733 Hugone
2086 2665 2375 2719 Etheriano

813 2756 923 2826 peti
989 2765 1164 2823 potest
1221 2756 1280 2821 (I.
1345 2770 1418 2813 ιι,
1483 2769 1531 2819 p.
1586 2752 1724 2806 1255
1782 2753 1866 2823 F.)
1934 2755 2005 2808 ita
2061 2757 2371 2812 scribente:

818 2865 835 2895 «
860 2844 1126 2898 Caeterum
1156 2845 1197 2898 si
1228 2845 1367 2908 ideo,
1392 2845 1516 2912 quia
1568 2859 1629 2897 ex
1664 2843 1877 2897 duobus
1910 2847 2181 2913 procedit,
2236 2850 2373 2901 divi-

814 2938 945 2988 duus
994 2935 1337 3003 sitSpiritus,
1383 2936 1597 2987 Patrem
1636 2936 1781 2990 dicat
1811 2937 1935 3006 quis
1964 2938 2157 2991 eodem
2214 2941 2376 2993 modo

814 3028 1080 3079 dividuum
1110 3026 1241 3089 fore,
1263 3042 1384 3079 cum
1410 3040 1474 3079 ex
1506 3041 1563 3080 se
1594 3025 1788 3080 Filium
1818 3038 2038 3097 generet
2060 3030 2375 3098 emittatque

2466 578 2677 640 ductor,
2718 588 2901 632 etnon
2938 577 3169 647 genitor,
3194 577 3335 631 alius
3359 586 3519 645 atque
3557 576 3698 629 alius
3739 590 3769 629 ι
3797 590 3855 629 se
3909 576 4027 643 ipso

2465 666 2621 720 Pater
2652 667 2776 728 erit,
2821 668 3050 737 indeque
3080 669 3242 721 etiam
3273 666 3625 734 compositus.
3652 667 3717 719 Et
3746 664 4026 717 nihilomi-

2463 773 2566 811 nus
2593 757 2823 825 Spiritus
2877 773 2945 812 ex
2997 767 3228 827 utroque
3258 772 3574 827 progressus
3596 757 3865 827 (πρόοδος)
3886 770 4027 809 unus

2465 849 2713 917 idemque
2736 861 2839 913 est,
2897 850 2990 903 sed
3012 849 3236 902 facultas
3266 848 3558 917 generandi
3607 859 3660 901 et
3690 846 4023 917 producendi

2465 942 2635 994 Patris
2656 941 2754 1009 alia
2779 951 2833 995 et
2883 941 3008 994 alia.
3060 941 3166 995 Sed
3223 940 3680 1009 quemadmodum
3739 949 4026 1008 propterea

2464 1032 2617 1086 Pater
2645 1032 2792 1085 nullo
2820 1033 2981 1086 modo
3011 1031 3063 1084 in
3100 1044 3279 1101 partes
3300 1032 3563 1085 scinditur
3587 1045 3761 1099 neqne
3802 1044 4027 1099 compo-

2464 1124 2640 1177 sitioni
2672 1124 2957 1191 subjicitur
2990 1123 3071 1190 (οὑ
3097 1123 3348 1192 μεριστὸς
3378 1122 3649 1185 ἐντεῦθεν,
3671 1122 3730 1173 οὐ
3767 1122 3871 1190 μὴν
3900 1119 4028 1173 σύν-

2465 1211 2659 1278 Θετος),
2703 1212 2829 1280 quia
2879 1212 2966 1266 illa
3016 1212 3239 1266 Deitatis
3293 1222 3467 1281 partes
3526 1211 3744 1265 minime
3778 1220 3924 1271 sunt,
3973 1220 4029 1263 et

2465 1312 2861 1371 consequenter
2897 1317 3077 1371 neque
3104 1303 3406 1371 compositio
3435 1319 3453 1364 ;
3484 1302 3707 1370 simplex
3747 1301 3891 1354 enim
3939 1315 4031 1352 su-

2466 1412 2561 1466 pra
2591 1411 2807 1449 omnem
2846 1394 3249 1464 simplicitatem
3297 1396 3475 1447 Deitas
3505 1401 3587 1446 est
3616 1402 3671 1446 et
3724 1406 3885 1461 supra
3914 1405 4032 1443 om-

2465 1502 2589 1541 nem
2630 1485 2949 1539 divisionem
2973 1485 3203 1539 indivisa
3237 1485 3403 1552 (ἁπλὴ
3440 1482 3547 1552 γὰρ
3581 1484 3613 1551 ἡ
3646 1482 3834 1550 θεότης
3889 1481 4030 1547 ὑπὲρ

2467 1579 2647 1628 πᾶσαν
2682 1577 2979 1643 ἁπλότητα,
3002 1574 3097 1626 καὶ
3116 1574 3327 1644 ἀμερὴς
3352 1573 3489 1641 ὑπὲρ
3516 1574 3692 1623 πᾶσαν
3715 1568 4026 1638 άμέρειαν),

2466 1668 2558 1721 sed
2590 1668 2946 1736 proprietates
2972 1666 3117 1719 circa
3157 1664 3329 1733 ipsam
3356 1663 3711 1717 considerata:
3746 1659 4029 1725 (ἰδιότητες

2466 1759 2593 1827 περὶ
2621 1757 2790 1827 αὐτὴν
2816 1755 3205 1825 θεωρούμεναι)
3237 1772 3252 1809 :
3289 1755 3402 1823 pari
3431 1754 3591 1807 modo
3636 1764 3811 1819 neque
3843 1748 3935 1818 qui
3963 1764 4027 1801 ex

2466 1848 2679 1901 duobus
2725 1856 2808 1900 est
2838 1860 3154 1915 progressus
3182 1843 3413 1913 Spiritus
3466 1857 3494 1894 a
3526 1856 3619 1895 sua
3664 1840 3828 1908 ipsius
3878 1838 4030 1890 iden—

2466 1938 2619 1990 titate
2652 1949 2775 1990 eum
2790 1934 3113 1987 exterminat
3138 1928 3605 1997 autcompositum
3620 1924 3898 1980 constituit
3930 1921 4033 1990 (ὲξο

2469 2026 2679 2096 ιστησιν
2708 2025 2838 2078 αὐτὸ
2862 2024 2959 2092 τῆς
2986 2022 3305 2091 ταυτότητος
3327 2017 3521 2071 ἑαυτοῦ
3552 2017 3582 2087 ἢ
3615 2015 3864 2068 σύνθετον
3888 2029 4028 2081 παρ-

2470 2118 2713 2187 ιστάνει),
2769 2117 2860 2170 sed
2895 2132 2958 2168 ex
2989 2113 3147 2168 Patre
3191 2124 3276 2166 est
3320 2122 3375 2165 et
3433 2127 3499 2163 ex
3544 2110 3698 2172 Filio,
3737 2123 3803 2160 ex
3870 2105 4029 2159 Patre

2467 2222 2662 2278 nempe
2694 2222 2792 2277 per
2822 2205 3041 2269 Filium,
3071 2204 3299 2273 simplex
3326 2217 3388 2256 ex
3413 2199 3769 2269 simplicibus,
3797 2213 3861 2250 ex
3898 2198 4028 2251 sim—

2468 2299 2593 2369 plici
2626 2299 2743 2352 scil.
2778 2313 2875 2367 per
2906 2297 3154 2364 simplex,
3208 2304 3265 2346 ut
3292 2294 3595 2347 divinorum
3656 2289 3876 2342 Patrum
3907 2304 4031 2341 sen-

2472 2390 2637 2444 tentia
2681 2399 2814 2442 est.»
2853 2385 2965 2452 Qua
3004 2385 3321 2440 dexteritate
3350 2382 3634 2437 Metochita
3656 2390 4028 2449 argumentum

2471 2482 2538 2536 ab
2586 2480 2810 2550 Hugone
2845 2478 3141 2532 indicatum
3196 2476 3283 2529 hic
3332 2474 3553 2537 evolvit,
3585 2472 3771 2525 eadem
3810 2470 4029 2522 Patrum

2471 2568 2958 2639 comparationibus
2992 2568 3206 2638 egregie
3231 2568 3399 2619 utitur
3442 2568 3521 2634 (p.
3570 2565 3692 2626 957,
3717 2564 3839 2623 948,
3882 2562 4030 2629 νιν).

2472 2664 2585 2717 Nec
2642 2661 2823 2714 minus
2880 2668 3101 2713 strenue
3160 2656 3444 2710 Bessarion
3472 2657 3716 2708 eamdem
3780 2653 4032 2706 Planuda:

2475 2752 2936 2806 ratiocinationem
2960 2748 3175 2811 evertit,
3206 2763 3365 2816 quam
3400 2746 3540 2799 haud
3572 2744 3845 2798 immerito
3880 2744 4024 2796 velut

2474 2845 2766 2900 materialia
2800 2858 2862 2896 ac
2894 2842 3163 2896 crassiora
3186 2841 3448 2893 duntazat
3477 2837 3805 2907 sapientium
3836 2845 3891 2887 et
3915 2850 4033 2886 car-

2473 2938 2685 2991 nalibus
2742 2934 3117 2988 inhaerentium
3150 2946 3270 2985 esse
3316 2945 3474 2999 posse
3506 2928 3691 2982 statuit
3718 2928 3855 2995 (H).
3904 2926 4036 2990 Qua:

2475 3042 2597 3082 cum
2626 3026 2699 3078 ita
2739 3024 2867 3087 sint,
2912 3023 3074 3075 inane
3123 3034 3346 3089 prorsus
3375 3028 3460 3072 est
3518 3018 3853 3087 figmentum,
3888 3013 4035 3091 [320]

817 3118 1095 3185 Spiritum.
1131 3116 1411 3180 Quomodo
1437 3117 1580 3169 enim
1610 3131 1675 3170 ex
1720 3118 2033 3172 indivisibili
2083 3120 2190 3172 duo
2217 3121 2365 3188 quasi
2398 3142 2441 3199 ο
2474 3119 2618 3187 quod
2642 3116 2864 3169 Pbotius
2887 3113 3010 3166 inde
3027 3112 3265 3174 deducit,
3295 3111 3413 3164 loco
3441 3108 3796 3162 fraternitatis
3817 3114 4036 3174 quater-

815 3209 1026 3263 diversa
1073 3205 1239 3260 Filius
1276 3207 1491 3276 quidem
1548 3223 1645 3275 per
1689 3210 2110 3277 generationem,
2142 3212 2374 3281 Spiritus

819 3315 945 3353 vero
976 3315 1072 3367 per
1101 3298 1500 3367 processionem
1532 3302 1978 3369 progrediantur?
2016 3302 2247 3358 Fallacia
2279 3320 2375 3371 pro

816 3402 965 3446 certo
997 3391 1045 3444 id
1083 3399 1188 3453 est,
1223 3406 1340 3442 cum
1368 3407 1429 3443 ea:
1461 3391 1695 3444 relativis
1725 3394 2022 3460 compositio
2060 3395 2173 3462 ﬁeri
2219 3406 2375 3464 puta-

817 3491 957 3533 tur»
1009 3479 1271 3533 Audiatur
1298 3488 1351 3532 ct
1376 3479 1635 3549 Georgius
1656 3480 1943 3533 Metochita
2012 3480 2223 3533 Maximi
2260 3482 2376 3535 Pla-

817 3573 975 3627 nuda:
998 3573 1248 3625 refellens
1285 3581 1659 3640 argumentum
1714 3572 1795 3638 (G.
1831 3571 1887 3625 0.
1934 3572 2001 3634 ll,
2050 3574 2174 3637 939,
2201 3574 2323 3641 940)
2361 3590 2373 3624 :

824 3664 1005 3718 «Sicut
1059 3664 1204 3717 enim
1246 3663 1405 3717 Pater
1433 3678 1607 3731 neque
1634 3664 1887 3717 dividuus
1915 3673 1998 3717 est
2023 3679 2199 3732 neque
2228 3680 2378 3717 com-

816 3756 1048 3826 positus,
1077 3755 1219 3824 quod
1242 3764 1457 3825 generet
1487 3753 1674 3807 Filium
1710 3764 1764 3807 et
1790 3754 2048 3823 Spiritum
2095 3756 2375 3824 producat,

817 3850 946 3904 licet
980 3848 1124 3901 aliud
1183 3857 1343 3915 atque
1367 3845 1509 3899 aliud
1548 3862 1805 3916 generare
1848 3856 1903 3899 et
1922 3847 2219 3915 producere
2245 3863 2380 3900 con-

818 3939 1090 3993 sideretur
1123 3955 1137 4001 ;
1170 3954 1236 3991 ex
1291 3936 1555 3991 ambobus
1591 3938 1718 3989 item
1765 3950 2019 4004 egressus
2042 3937 2184 3991 idem
2212 3948 2295 3990 est.
2326 3946 2382 3991 ct

819 4045 981 4092 unus,
1008 4028 1149 4098 quod
1182 4028 1295 4082 ista:
1325 4036 1503 4094 partes
1525 4041 1630 4078 non
1663 4035 1807 4090 sunt,
1844 4028 1935 4079 sed
1992 4028 2379 4095 proprietates;

819 4137 995 4191 neque
1025 4120 1318 4175 secundum
1352 4116 1497 4188 [5l9]
1553 4117 1783 4185 aliquam
1821 4118 2138 4172 recisionem
2186 4120 2383 4173 utrius-

818 4229 925 4283 que
991 4225 1308 4281 progressus
1354 4208 1692 4278 cognoscitur
1726 4209 1881 4276 :pari
1938 4209 2146 4263 ratione
2208 4226 2384 4280 neque

823 4304 1061 4373 Spiritus
1101 4302 1351 4356 dividuus
1394 4310 1478 4354 est
1527 4316 1702 4369 neque
1756 4302 2106 4369 compositus,
2142 4302 2285 4369 quod
2316 4318 2383 4356 ex

820 4394 981 4448 Patre
1050 4403 1105 4447 et
1148 4392 1302 4455 Filio,
1329 4407 1392 4445 ex
1420 4392 1755 4460 simplicibus
1786 4400 1888 4455 est,
1931 4403 2127 4459 nempe
2157 4409 2219 4445 ex
2258 4392 2386 4446 sim-

2474 3212 2695 3265 nitatem
2720 3204 3030 3261 cbristianis
3062 3203 3176 3257 fore
3203 3202 3505 3263 colendam,
3539 3199 3584 3254 si
3601 3198 3913 3252 Latinorum
3939 3196 4036 3249 do-

2474 3303 2645 3357 ctrina
2676 3300 2963 3353 obtineret.

2544 3389 2634 3442 27.
2679 3388 2810 3452 Qum
2838 3401 2956 3455 cap.
3014 3384 3081 3438 44
3126 3389 3451 3450 sequuntur,
3516 3378 3569 3430 in
3616 3375 3886 3429 Trinitate
3923 3372 4039 3427 fore

2480 3478 2797 3550 principium
2824 3475 3219 3545 imperfectum,
3252 3471 3460 3529 inutile.
3507 3483 3777 3530 mancum,
3820 3483 3882 3521 ex
3922 3482 4042 3535 per-

2478 3570 2619 3624 fectu
2644 3579 2701 3622 et
2752 3567 3071 3636 imperfecto
3126 3563 3504 3632 compositum,
3562 3560 3758 3612 Filium
3812 3559 4036 3620 scilicet,

2480 3659 2670 3730 partim
2717 3674 2782 3712 ex
2813 3657 2877 3710 iis
2928 3672 3049 3726 qua:
3102 3670 3247 3708 nunc
3307 3654 3540 3706 diximus
3588 3650 3639 3720 (θ
3672 3648 3784 3718 26),
3843 3648 4037 3717 partim

2478 3768 2543 3805 ex
2592 3761 2716 3805 ante
2741 3751 2900 3803 dictis
2930 3752 3054 3817 (art,
3095 3748 3151 3811 3,
3182 3746 3207 3816 ᾗ
3240 3746 3312 3810 4;
3363 3754 3464 3798 art.
3502 3744 3554 3808 4,
3592 3743 3618 3812 §
3649 3742 3699 3805 4,
3742 3740 3827 3808 Η)
3886 3739 4039 3793 facile

2480 3844 2705 3898 refutari
2734 3848 2982 3911 possunt.
3016 3839 3096 3893 Ad
3129 3854 3240 3891 rem
3274 3836 3425 3905 llugo
3456 3834 3777 3888 Etherianus
3811 3833 3868 3900 (Ι.
3920 3833 3993 3899 c.)
4024 3850 4037 3882 :

2489 3936 2615 3987 «Ast
2639 3933 2967 3991 indubitato,
2996 3930 3190 3999 inquit,
3222 3926 3434 3997 (Filius)
3461 3925 3677 3993 quidem
3715 3933 3849 3974 totus
3879 3938 4039 3974 causa

2482 4036 2538 4081 et
2558 4037 2693 4080 totus
2724 4043 2787 4079 ex
2813 4041 2973 4077 causa
3024 4033 3135 4085 est,
3176 4037 3298 4075 cum
3340 4018 3647 4071 individuus
3689 4016 3758 4068 sit
3782 4025 3837 4067 et
3862 4015 4040 4066 incor-

2484 4130 2703 4185 porcus.
2768 4112 3032 4179 Quoniam
3082 4126 3212 4164 vero
3261 4124 3419 4160 causa
3450 4116 3498 4160 et
3545 4106 3869 4158 causativum
3903 4092 4042 4156 com-

2484 4206 2787 4275 positionem
2831 4219 2933 4255 non
2979 4203 3251 4264 inducunt,
3306 4197 3667 4252 manifestum.
3714 4196 3850 4248 Ecce
3895 4211 4041 4247 nam-

2484 4313 2589 4368 que
2615 4294 2780 4349 Filius
2815 4304 2870 4348 et
2901 4293 3134 4362 Spiritus
3163 4290 3489 4361 principium
3526 4299 3579 4343 et
3594 4302 3752 4343 causa
3789 4301 3911 4339 cum
3941 4286 4042 4339 Pa—

2489 4398 2573 4442 tre
2603 4395 2730 4440 sunt
2784 4383 3049 4438 conditrix
3104 4382 3493 4446 universitatis,
3518 4398 3580 4435 ex
3631 4382 3787 4435 Patre
3826 4381 4039 4449 quidem

821 4486 959 4554 plice
990 4499 1089 4552 per
1117 4484 1417 4553 simplicem
1462 4482 1709 4550 simplex,
1763 4490 1817 4535 et
1848 4496 1915 4535 ex
1972 4481 2263 4536 individuis
2293 4482 2379 4535 iu-
2406 4495 2459 4554 ])
2485 4494 2647 4533 causa
2676 4476 2813 4531 Filio
2865 4486 2917 4530 et
2959 4486 3146 4529 sancto
3190 4474 3391 4543 Spiritu
3439 4476 3732 4528 secundum
3782 4473 3943 4525 aliam
3988 4482 4042 4523 et

822 4576 1095 4639 dividuus,
1135 4575 1457 4643 et'cjusdem
1502 4582 1708 4627 naturae
1733 4589 1855 4627 cum
1889 4573 1972 4635 iis,
2013 4574 2102 4642 qui
2143 4574 2383 4642 ejusdem

822 4674 1031 4718 natura:
1052 4679 1174 4717 cum
1208 4665 1325 4732 ipso
1364 4672 1543 4717 sunt.»
1586 4661 1650 4715 Et
1674 4676 1887 4714 rursum
1921 4660 2018 4727 (ib.
2053 4662 2179 4721 947,
2212 4660 2335 4727 948)
2369 4678 2381 4713 :

829 4753 916 4809 «Si
939 4756 1100 4809 Pater
1150 4754 1423 4823 ingenitus
1452 4769 1576 4807 cum
1606 4753 1694 4818 sit,
1726 4751 1938 4821 genitor
1974 4759 2055 4805 est
2080 4760 2135 4805 et
2183 4751 2386 4819 produ-

824 4857 961 4907 ctor,
994 4845 1096 4899 hoc
1146 4845 1364 4913 quidem
1419 4845 1675 4913 Spiritus,
1735 4843 1827 4897 illo
1852 4842 1992 4905 Filii,
2029 4851 2085 4897 et
2110 4841 2228 4895 Filii
2262 4843 2385 4911 qui-

898 5060 1009 5129 (ιι)
1038 5060 1250 5113 Bessar.
1286 5078 1329 5113 c.
1384 5058 1643 5129 Planud._
1668 5059 1802 5129 (ap.
1849 5058 2049 5129 Arcud_.
2083 5067 2137 5112 ct
2180 5059 2233 5129 in
2264 5058 2383 5114 cod.

826 5121 1078 5183 110‘an
1121 5129 1157 5182 f.
1190 5130 1256 5183 80
1278 5130 1337 5199 Ab.
1371 5130 1438 5181 75
1473 5145 1523 5199 a.
1554 5121 1831 5199 liﬁl’pqiat
1860 5167 1873 5184 .
1905 5121 2048 5199 dttj
2084 5128 2250 5199 μονὰς
2293 5129 2387 5181 καὶ

825 5200 958 5259 Θεὸς
989 5202 1067 5261 εἰς
1100 5202 1127 5253 ὁ
1157 5197 1340 5265 Πατὴρ
1371 5200 1461 5249 καὶ
1497 5198 1526 5247 ὁ
1562 5197 1687 5257 Υἱὸς
1739 5199 1828 5250 καὶ
1870 5197 1931 5247 τὸ
1975 5197 2196 5264 Πνεῦμα
2255 5215 2387 5265 προ-

828 5272 1020 5333 άγουσι
1048 5270 1137 5319 καὶ
1161 5268 1249 5320 διὰ
1294 5266 1451 5319 τοῦτο
1475 5268 1535 5319 οὺ
1566 5266 1783 5319 δύναται
1831 5266 1923 5318 καὶ
1966 5267 2157 5318 ταύτὸν
2192 5268 2385 5319 ἑαυτοῦ

828 5335 966 5390 εἶναι
998 5338 1058 5388 τὸ
1088 5337 1306 5406 Πνεῦμα
1336 5337 1396 5387 τὸ
1419 5337 1569 5406 ἅγιον
1593 5352 1607 5364 ⁸
1642 5336 1755 5387 ἀλλ’
1785 5336 1994 5403 ἀνάγκη
2028 5336 2223 5404 μᾶλλον
2249 5333 2385 5389 εἶναι

828 5408 1019 5460 ταύτὸν
1066 5405 1241 5474 ἑαυτῷ
1275 5422 1290 5437 ο
1332 5406 1418 5458 διὰ
1465 5405 1620 5457 τοῦτο
1674 5407 2021 5474 προϊέναιγὲκ
2066 5406 2266 5457 τούτων
2313 5408 2385 5468 ὼς

828 5481 894 5528 ἐκ
950 5477 1211 5543 μονάδοςο
1272 5477 1329 5526 τὸ
1379 5476 1487 5542 γάρ
1530 5477 1715 5541 ἕτερον
1772 5473 1962 5526 ἑαυτοῦ
2008 5477 2101 5526 καὶ
2138 5476 2387 5527 σύνθετον

830 5546 1194 5610 ὑπολαμϐάνει
1238 5546 1298 5596 τὸ
1340 5544 1553 5611 πνεῦμα
1595 5543 1653 5594 τὸ
1702 5543 1853 5608 ἅγιον
1895 5544 1981 5595 διὰ
2020 5544 2080 5595 τὸ
2110 5545 2235 5597 ἄλλο
2289 5546 2387 5612 μὲν

829 5616 937 5667 δεῖν
985 5613 1122 5668 εἶναι
1164 5616 1223 5667 τὸ
1273 5618 1335 5666 ἐκ
1371 5614 1604 5682 Πατρὸς,
1654 5614 1777 5665 ἄλλο
1814 5613 1870 5664 δὲ
1900 5614 1959 5664 τὸ
1993 5614 2048 5677 ἐξ
2103 5615 2242 5672 ι’ῑοῦ,
2276 5614 2386 5665 τῶν

832 5686 972 5737 πάνυ
1012 5684 1334 5750 σωματικῶν
1376 5684 1521 5735 ἔστιν
1570 5685 1767 5734 ἐννοεῖν
1797 5682 1890 5735 καὶ
1938 5682 2057 5733 λίαν
2097 5684 2295 5744 ὑλικῶς
2324 5700 2383 5734 τε

833 5756 927 5806 καὶ
970 5754 1242 5823 σαρκικῶς
1279 5755 1344 5806 τὰ
1383 5756 1559 5805 ἐκεῖσε
1595 5753 1872 5805 νοούντων·
1904 5752 1962 5803 οὐ
2002 5751 2103 5820 γάρ
2142 5751 2309 5813 οὕτως
2348 5754 2381 5820 ή

2485 4571 2643 4624 aliam
2666 4571 2897 4638 speciem
2918 4607 2932 4629 ,
2969 4568 3021 4621 in
3068 4583 3176 4637 quo
3196 4567 3366 4636 magis
3386 4582 3544 4634 quam
3562 4565 3741 4634 aliquo
3761 4564 3868 4617 alio
3892 4580 4042 4617 com-

2487 4661 2686 4731 positio
2720 4660 2824 4730 (ed.
2883 4659 3206 4728 composito)
3264 4666 3539 4726 appareat,
3607 4655 4039 4717 exsistentibus;

2485 4753 2685 4823 quippe
2707 4760 3079 4806 creaturarum
3113 4750 3371 4803 alteruter
3416 4750 3687 4817 (uterque)
3711 4762 3875 4801 causa
3910 4748 4042 4799 dici-

2486 4853 2593 4909 tur,
2628 4853 2687 4899 ut
2722 4844 2959 4899 efﬁciens
3006 4841 3275 4897 conditrix
3326 4841 3469 4903 scil.,
3527 4840 3823 4893 secundum
3881 4854 4039 4907 quam

2484 5064 2576 5117 τοῦ
2600 5062 2809 5132 Harpe;
2830 5060 3079 5132 ὲίνέργεεα
3104 5061 3200 5132 τῆς
3227 5061 3317 5113 τοῦ
3346 5058 3476 5132 Tini)
3507 5058 3938 5132 άπεᾳχοίνιαται,
3970 5060 4042 5132 ᾡς

2486 5136 2517 5203 ὴ
2557 5134 2663 5201 ἐμὴ
2693 5129 2934 5203 τῆςᾲσῆςζ
2960 5129 3257 5203 οὺᾶᾼοῦἶως
3282 5130 3434 5203 dgito;
3467 5130 3559 5203 δαὶ
3590 5130 3743 5203 ἄλλος
3780 5130 3939 5203 sistit,
3970 5130 4042 5203 ὡς

2485 5194 2600 5279 ε’γῶ
2627 5194 2719 5279 δία).
2745 5194 2833 5252 δύ’
2868 5194 2985 5279 ὲότε
3013 5201 3135 5279 Δγάρ
3166 5200 3229 5251 ἂν
3263 5201 3419 5279 μόνος
3443 5194 3554 5279 εἶχε
3592 5198 3773 5279 λιρραν
3801 5200 3851 5279 ἡ.
3876 5199 3941 5279 ἐν
3960 5198 4044 5279 ,τῷ

2484 5267 2882 5338 άέτοτεὶέσματι
2912 5270 3156 5329 σύνθεσις
3185 5285 3199 5300 ·
3244 5270 3291 5320 εἰ
3330 5270 3434 5335 γάρ
3465 5268 3555 5338 irai.
3583 5267 3738 5338 ἄλλος
3765 5268 3860 5338 καὶ
3891 5268 4045 5329 ἄλλος

2483 5344 2593 5402 τοῖς
2623 5332 2928 5408 προέὼποις
2965 5339 3118 5399 εἰσὶν,
3154 5338 3266 5408 ἀλλ’
3293 5332 3442 5408 post};
3470 5333 3630 5408 ἦττον
3662 5332 3741 5408 εἷς
3768 5337 3865 5387 καὶ
3894 5339 3921 5387 ὁ
3955 5338 4045 5388 αὺ-

2484 5401 2704 5472 τόςίεὶἁι
2725 5412 2788 5477 τῇ
2818 5408 3028 5475 θεότητι
3057 5410 3148 5477 καὶ
3183 5404 3261 5469 εἷς
3291 5401 3506 5475 ἀριθμῷ
3534 5424 3547 5436 ·
3575 5405 3651 5477 ᾡς
3672 5401 3822 5477 κεῖναι
3870 5407 4043 5477 αὐτῶν

2486 5469 2576 5561 καὶ
2610 5480 2741 5557 μίαν
2761 5469 2835 5545 ’ἶῴ
2864 5469 3080 5561 άριῦμῖᾦ
3099 5476 3195 5561 τῂν
3224 5469 3499 5561 ςνέργεςαν
3526 5492 3541 5506 δ
3568 5469 3641 5559 ὦ)
3664 5476 3775 5561 δὲῃὴ
3800 5475 4042 5555 ἐνὶέρςγεξα

2489 5545 2618 5617 μιαί
2668 5548 2781 5608 πῶς
2841 5545 2910 5598 οὔ
2952 5550 3043 5597 καὶ
3099 5547 3159 5597 τὸ
3223 5545 3546 5615 ὲκήταύτης
3603 5545 3661 5596 ἓν
3716 5545 3780 5597 ἂν
3841 5545 4042 5595 ἁπλοῦν

2486 5619 2590 5740 Ξῐη,
2626 5618 2721 5697 grai
2761 5617 2937 5686 πάντη
2988 5615 3279 5669 ἀσύνθετον
3319 5617 3413 5667 καὶ
3457 5617 3516 5680 ἐξ
3559 5616 3803 5685 ἀνάγκης
3849 5614 4043 5667 ταύτὸν

2518 5704 2693 5740 auro):

2518 5706 2659 5750 αυτῳ
2680 5704 2693 5750 ;
