4242 6438
264 439 371 504 533

969 447 1068 505 DE
1101 449 1159 507 S.
1204 447 1397 508 SPIR.
1434 449 1932 510 MYSTAGOGIA.
1963 473 2031 485 -
2065 450 2806 510 ANIMADVERSIONES.

3398 449 3502 514 534

256 547 494 617 speciem
549 547 888 605 habitudinis
926 554 1077 607 nullo
1104 555 1264 609 modo
1293 553 1527 625 Spiritus
1552 555 1635 608 vel
1662 554 1833 610 Filius
1862 569 1907 623 Α
1938 562 2050 607 tum
2083 553 2248 607 infert
2279 552 2545 617 filiationi,
2579 556 2721 620 quod
2751 569 2859 606 non
2890 568 2993 620 qua
3019 555 3184 607 Filius
3215 554 3378 623 Spirat
3415 557 3502 610 1⁸1-

253 654 323 693 ex
356 638 512 693 Patre
564 642 877 710 prodeunt;
912 658 1101 698 eorum
1152 645 1295 700 enim
1346 647 1575 716 quisque
1617 659 1828 704 creator

252 743 359 796 est,
391 750 499 787 non
530 743 847 791 creatura...
895 737 1060 806 Igitur
1107 739 1151 794 si
1196 756 1361 795 causa
1390 749 1444 794 et
1494 743 1827 797 causativum

253 826 580 895 (causatum)
609 828 907 881 secundum
940 829 1280 885 ditl‘erentem
1308 832 1680 887 habitudinem
1706 834 1827 903 Spi-

251 914 395 967 ritus
444 915 579 969 Filio
606 916 947 987 Spirituique
983 923 1354 989 competentia
1378 924 1581 977 nullam
1608 925 1662 978 in
1713 926 1825 980 eis-

250 1007 376 1060 dem
403 1009 611 1064 laciunt
657 1015 1126 1081 compositionem,
1157 1018 1531 1082 manifestum,
1558 1020 1701 1086 quod
1726 1036 1825 1074 ne-

249 1116 358 1169 que
387 1099 560 1156 Filius
591 1118 657 1156 ex
686 1119 755 1157 eo
772 1107 917 1173 quod
949 1108 1200 1164 similiter
1232 1110 1378 1165 Patri
1408 1110 1640 1179 Spiritus
1667 1128 1825 1167 causa

250 1202 620 1262 nuncupetur,
667 1198 1115 1266 compositionem
1168 1203 1415 1258 habeat.»
1468 1203 1568 1258 llic
1592 1219 1826 1273 sequens

252 1284 433 1339 Photii
488 1274 867 1357 argumiéntum
918 1293 991 1360 (c.
1024 1292 1114 1363 45)
1170 1311 1279 1364 quo
1326 1298 1505 1367 arguit
1533 1314 1820 1353 causarum

250 1376 567 1431 dualitatem
614 1379 840 1434 minime
872 1398 1176 1454 congruere
1200 1388 1393 1442 unitati
1421 1398 1476 1443 et
1496 1389 1823 1458 simplicitati

256 1473 494 1540 Spiritus
548 1476 716 1529 sancti
770 1477 1020 1549 hancque
1076 1481 1219 1535 illam
1268 1484 1574 1547 excludere,
1625 1487 1829 1556 pariter

252 1564 646 1633 expediendum
678 1577 799 1633 est;
841 1585 1009 1625 unum
1064 1587 1193 1628 sane
1230 1586 1314 1630 est
1343 1576 1690 1647 principium,
1720 1596 1824 1641 una

251 1655 428 1710 virtus
457 1667 511 1711 et
531 1660 673 1714 actio
692 1661 948 1729 spirativa
979 1678 1151 1733 eaque
1175 1666 1425 1736 simplex.
1460 1685 1602 1724 unus
1627 1682 1681 1726 et
1696 1673 1824 1727 sim-

252 1749 376 1815 plex
405 1760 489 1803 est
517 1752 675 1819 hujus
721 1753 951 1809 actionis
995 1758 1281 1812 terminus.
1326 1761 1405 1815 Ad
1447 1761 1499 1815 id
1537 1764 1677 1832 quod
1712 1764 1825 1819 Me-

254 1840 538 1896 tbonensis
588 1844 701 1898 ait:
741 1845 923 1911 «Quod
974 1864 1042 1903 ex
1071 1850 1435 1913 duobus'est,
1467 1856 1515 1909 ei
1550 1860 1692 1926 quod
1755 1875 1817 1913 ex

1932 646 2078 708 lius;
2112 661 2287 713 neque
2323 646 2464 699 enim
2500 646 2686 698 ﬁliatio
2714 644 2943 699 ulterius
2962 660 3020 698 se
3051 647 3311 709 extendit,
3342 662 3501 715 quam

1929 735 2188 789 diximus.
2215 734 2337 788 llwc
2360 746 2550 789 contra
2578 735 2817 789 Nicetam
2850 737 3167 806 Byzantium
3215 738 3325 808 (l7)
3352 749 3503 793 notat

1909 825 2084 895 'llugo
2136 825 2462 879 Etherianus
2513 826 2571 894 (l.
2621 844 2655 879 ι.
2698 841 2747 879 c.
2792 826 2876 890 l7,
2926 842 2978 895 p.
3022 826 3203 894 1211),
3238 828 3500 884 obscurus

1929 912 2224 977 interdum.
2272 917 2364 970 sed
2396 933 2670 985 nunquam
2720 916 2834 970 sale
2887 926 2943 970 et
2981 918 3233 971 acumine
3286 921 3500 987 penitus

1928 1005 2245 1061 destitutus.
2283 1026 2301 1057 ι
2335 1006 2557 1071 Quaerit,
2588 1025 2709 1075 quae
2737 1008 3147 1061 exhereditatio
3178 1009 3299 1072 ista,
3332 1021 3387 1062 et
3411 1011 3498 1062 Fi-

1928 1097 1982 1149 lii
2007 1096 2415 1160 detrimentum,
2448 1107 2506 1151 ut
2543 1099 2725 1150 nonin
2773 1114 2832 1151 eo
2862 1098 2997 1163 quod
3024 1096 3196 1151 Filius
3219 1099 3376 1152 Pater
3408 1100 3495 1153 sit.

1926 1190 2081 1255 Quod
2106 1192 2321 1259 quidem
2358 1194 2708 1262 quaerendum
2739 1208 2846 1245 non
2881 1201 3019 1254 erat,
3054 1193 3148 1246 sed
3195 1195 3365 1246 multo
3394 1196 3497 1247 mi-

1930 1298 2036 1335 nus
2073 1282 2435 1348 inferendum,
2472 1294 2531 1339 ut
2567 1272 2906 1353 ext-pluribus
2930 1286 3047 1338 aliis
3078 1286 3245 1339 videri
3276 1297 3453 1354 potest
3479 1305 3493 1350 ;

1928 1374 2087 1427 velut
2116 1374 2157 1427 si
2185 1373 2345 1429 Pater
2379 1376 2433 1427 in
2465 1391 2532 1429 eo
2561 1376 2705 1444 quod
2738 1375 2909 1429 factor
2937 1377 3102 1429 lilium
3132 1376 3390 1431 factorem
3418 1395 3499 1432 os-

1928 1464 2118 1517 tendat
2150 1465 2355 1533 (omnia
2398 1465 2543 1518 enim
2573 1481 2670 1533 per
2705 1465 2881 1532 ipsum
2916 1465 3053 1519 facta
3085 1468 3255 1534 sunt),
3300 1483 3493 1521 ncces-

1925 1556 2126 1610 sarium
2175 1558 2264 1621 sit,
2307 1557 2501 1611 Filium
2553 1556 2765 1611 Patrem
2817 1573 2937 1611 esse
2988 1558 3055 1611 ad
3103 1559 3494 1612 ostendendum

1926 1661 2050 1701 eum
2092 1646 2242 1719 [323]
2280 1648 2334 1701 in
2394 1663 2460 1701 eo
2496 1649 2639 1716 quod
2688 1646 2864 1701 factor
2911 1649 3237 1718 genitorem,
3290 1650 3493 1703 nullum

1925 1753 2056 1792 vero
2089 1740 2474 1793 detrimentum
2508 1740 2649 1793 circa
2706 1739 2940 1793 divinam
2966 1750 3212 1793 naturam
3251 1741 3495 1795 invenia-

1926 1837 2053 1883 tur:
2108 1846 2227 1898 qua:
2282 1830 2509 1892 fallacia,
2548 1831 2591 1883 si
2630 1831 2696 1883 de
2743 1831 2774 1882 h
2801 1846 2971 1898 squae
3027 1831 3167 1899 apud
3205 1847 3303 1884 nos
3345 1842 3490 1891 sunt,

253 1947 365 1985 uno
410 1943 641 1998 tantum,
670 1902 947 2007 nunquam
980 1902 1515 2012 mammis};
1534 1902 1824 2018 respondent
1850 1904 1893 1958 Β
1931 1917 2238 2018 “impium
2278 1926 2545 2018 summ-ur:
2575 1918 2913 2018 θρεῖίίδῗὲῗ¹³³
2942 1926 3023 2018 es"
3048 1919 3149 1971 hoc
3189 1918 3382 2018 modo}

254 2025 408 2097 Hugo
426 2027 749 2087 Etherianus
777 2034 837 2101 (Ι.
864 2033 930 2100 ll,
962 2050 1011 2089 c.
1048 2036 1135 2099 l2,
1163 2052 1217 2105 p.
1258 2037 1414 2106 1226)
1446 2053 1818 2110 argumentutr

250 2119 324 2173 ita
374 2132 693 2191 retorquens
731 2144 746 2180 :
786 2144 803 2174 ι
842 2125 996 2190 Quod
1024 2143 1091 2181 ex
1140 2144 1270 2191 uno,
1316 2132 1365 2184 ei
1408 2133 1553 2200 quod
1582 2150 1646 2187 ex
1678 2134 1824 2188 nullo

250 2219 355 2271 est,
372 2228 646 2282 nunquam
678 2226 761 2269 est
785 2217 1006 2286 aequale.
1030 2218 1098 2271 At
1128 2234 1256 2272 vero
1275 2219 1441 2275 Filius
1461 2238 1528 2276 ex
1551 2240 1661 2278 uno
1682 2225 1819 2291 solo,

251 2300 411 2358 Patre
441 2308 583 2372 scil.,
605 2308 694 2377 qui
725 2323 754 2361 a
785 2309 931 2362 nullo
958 2310 1118 2364 habet
1142 2313 1546 2380 exsistentiam;
1584 2317 1821 2386 inaequa-

252 2397 331 2451 les
356 2410 485 2453 sunt
517 2415 646 2469 ergo
676 2401 832 2456 Pater
861 2413 916 2457 et
944 2402 1163 2461 Filius.»
1195 2408 1300 2462 Sed
1343 2428 1361 2458 ι
1407 2426 1515 2464 non
1539 2423 1663 2466 sunt
1704 2415 1817 2469 haec

251 2488 307 2540 in
349 2492 710 2557 quantitatum
742 2495 1099 2562 proprietate,
1161 2498 1289 2566 quia
1332 2515 1509 2569 neque
1563 2517 1817 2560 mensura

252 2595 428 2649 neque
456 2584 726 2651 quantitas
756 2585 809 2638 in
833 2586 1029 2641 divinis
1060 2596 1163 2643 est.

320 2672 411 2726 28.
451 2693 470 2725 ι
505 2674 611 2729 Sed
644 2676 813 2731 Filius
840 2694 992 2732 suam
1032 2691 1214 2736 servat
1240 2683 1647 2753 proprietatem,
1680 2690 1815 2744 ﬁlia-

255 2766 481 2829 tionem,
512 2775 565 2819 et
593 2767 828 2835 Spiritus
882 2785 1035 2825 suam
1083 2777 1486 2842 processionem
1516 2795 1583 2834 ex
1613 2780 1769 2837 Patre
1798 2800 1811 2849 ;

252 2865 309 2911 et
367 2859 509 2912 sicut
545 2861 779 2930 Spiritus
825 2879 855 2919 a
886 2865 1042 2921 Patre
1089 2871 1390 2937 procedens
1432 2875 1630 2930 nullam
1679 2879 1815 2932 acti-

255 2964 374 3001 vam
411 2952 820 3017 productionem
871 2957 955 3010 vel
988 2962 1390 3028 generationem
1428 2968 1687 3034 possidet,
1742 2973 1813 3025 ita

253 3056 353 3095 nec
401 3043 570 3097 Filius
610 3060 639 3097 a
671 3043 829 3101 Patre
864 3051 1076 3117 genitus
1121 3054 1295 3109 activa
1336 3060 1679 3126 generatione
1730 3065 1813 3119 vel

251 3133 547 3187 emissione
570 3138 975 3207 praerogativam
1005 3141 1278 3198 ﬁliationis
1306 3148 1575 3203 adulterat
1615 3171 1633 3202 ι
1666 3153 1810 3223 (cap.

254 3224 362 3292 4(3).
388 3226 531 3280 Sane
557 3228 942 3295 proprietatem
983 3233 1478 3291 characteristicam
1506 3250 1617 3294 tum
1649 3244 1814 3300 Filius
1843 3256 1882 3309 ς

254 3326 365 3370 tum
409 3318 639 3385 Spiritus
679 3330 900 3377 sanctus
925 3324 1087 3378 etiam
1124 3326 1176 3379 in
1209 3328 1525 3385 Latinorum
1571 3334 1816 3391 doctrina

252 3419 612 3475 conservant;
663 3426 851 3466 verum
891 3415 1035 3483 quod
1088 3416 1177 3471 hic
1208 3419 1410 3473 nullius
1458 3438 1703 3491 persona:
1748 3428 1818 3481 sit

254 3499 602 3569 principium,
629 3502 719 3555 ille
740 3518 871 3558 vero
898 3520 1021 3559 cum
1054 3507 1212 3563 Patre
1240 3511 1310 3564 sit
1335 3511 1661 3582 principium
1695 3516 1818 3585 Spi-

252 3590 404 3650 ritus,
450 3591 502 3644 id
541 3592 607 3645 ad
653 3594 900 3649 neutrius
948 3598 1297 3653 constitutiva
1347 3603 1603 3671 pertinet.
1652 3606 1810 3660 Nulla

254 3690 512 3745 praeterea
570 3681 625 3734 in
670 3697 736 3737 eo
796 3695 881 3737 est
917 3689 1294 3752 contradictio,
1349 3692 1491 3760 quod
1536 3693 1702 3749 Filius
1745 3698 1813 3751 sit

255 3773 577 3842 principium
610 3776 771 3829 simul
814 3787 869 3831 et
901 3780 1303 3850 principiatum.
1338 3788 1462 3853 quia
1492 3803 1600 3843 non
1631 3801 1712 3845 est
1746 3793 1810 3845 ad

252 3864 390 3917 idem
420 3881 514 3918 seu
536 3867 602 3920 ad
632 3869 879 3923 eamdem
909 3886 1195 3939 personam
1232 3876 1380 3945 (15);
1412 3891 1657 3949 respectu
1689 3885 1809 3951 qni-

251 3955 370 4009 dem
417 3956 567 4028 [322]
614 3959 791 4013 Patris
832 3972 913 4018 est
960 3967 1219 4028 αἱτιατὸς.
1274 3980 1521 4038 respectu
1574 3972 1811 4041 Spiritus

250 4046 411 4110 αἰτιος
442 4049 550 4119 (16)
577 4066 593 4116 ;
618 4052 780 4108 habet
802 4072 929 4126 ergo
946 4058 1117 4112 solum
1135 4060 1470 4116 dit‘l'ercntem
1494 4065 1807 4119 relationem

251 4142 314 4193 ad
346 4142 560 4197 Patrem
588 4156 644 4199 et
672 4148 739 4200 ad
774 4147 1056 4216 Spiritum.
1086 4150 1239 4204 Nulla
1270 4153 1502 4221 denique
1533 4157 1584 4208 in
1613 4159 1690 4210 eo‘
1726 4168 1807 4211 est

254 4229 525 4286 liliatinnis
570 4235 910 4304 adulteratio,
953 4241 1095 4309 quod
1140 4241 1397 4309 Spiritum
1438 4246 1604 4300 Filius
1639 4249 1807 4315 spirat

252 4337 368 4374 cum
401 4322 597 4389 Patre;
631 4326 815 4383 filiatio
843 4331 987 4384 enim
1030 4334 1310 4388 constituit
1331 4353 1453 4389 eum
1487 4337 1537 4389 in
1570 4355 1691 4394 esse
1718 4338 1805 4393 Fi-

253 4412 305 4465 lii
342 4424 396 4467 et
425 4417 645 4471 denotat
691 4420 809 4487 ejus
840 4422 1151 4477 relationem
1183 4426 1248 4479 ad
1284 4429 1496 4481 Patrem
1553 4441 1758 4484 tantum
1786 4451 1799 4497 ;

251 4518 423 4572 neque
463 4507 694 4575 Spiritus
737 4513 906 4565 sancti
941 4512 1082 4567 filius
1122 4513 1287 4569 Filius
1318 4527 1419 4578 est.
1452 4536 1627 4588 neque
1667 4539 1800 4590 qua-

251 4602 392 4647 tenus
442 4598 608 4651 Filius
637 4601 756 4668 ejus
800 4603 1052 4670 spirator.
1097 4605 1315 4661 Nullum
1356 4609 1459 4663 hoc
1508 4611 1804 4666 detrimen-
1839 4595 1879 4647 D

319 4727 427 4816 (1.15.)
466 4729 626 4816 genta
660 4733 901 4816 Schnolar.
935 4736 1127 4816 potura
1159 4738 1327 4816 ﬂare.
1377 4741 1565 4816 I'Ipltes.
1615 4747 1800 4816 syllog.

255 4794 694 4885 i.‘rr((lrod..Mon.
751 4805 817 4885 ξπ
862 4807 901 4859 f.
936 4810 1026 4885 ist
1074 4809 1125 4885 ti.
1184 4811 1283 4885 ts-z
1310 4794 1397 4885 5.)"
1426 4794 1805 4885 ’Ὰζρὲικέἳιὶεξά

256 4864 349 4943 ἓξὲξ
369 4866 459 4943 οὗ)
495 4871 598 4921 εισι
628 4873 688 4943 τὸ
714 4875 884 4927 αἴτιον
930 4879 1022 4929 καὶ
1067 4879 1125 4929 τὸ
1167 4872 1424 4943 αἰτιατδν,
1484 4884 1576 4935 καὶ
1626 4864 1695 4935 Evr
1728 4887 1805 4938 τῶ

254 4930 363 5022 Titi)
390 4936 527 5022 εῐγαι
549 4942 735 5022 ,αι-ξῦτά
767 4962 930 5022 cio-acts
963 4949 1009 4998 ei
1041 4948 1254 5001 Λατῖνοι
1284 4954 1376 5003 καὶ
1410 4930 1528 5022 ἃμα
1552 4971 1566 4984 ·
1601 4955 1717 5007 ἀλλ’
1745 4943 1804 5006 οὗ

254 5006 465 5093 πρὸξῒτὸ
490 5010 753 5093 ἀύτὺικςξ
780 5006 1062 5093 ὠσᾳύτῳξ-
1078 5034 1090 5045 ·
1132 5019 1191 5093 Sb
1220 5020 1319 5085 μὲν
1350 5006 1465 5092 γάρι
1500 5025 1617 5093 ἐστι
1673 5025 1806 5093 πρὶς

253 5072 599 5161 ξῖατέρα,
617 5081 673 5131 τὸ
697 5084 755 5161 (Si.
783 5086 916 5161 πρὸς
937 5072 1239 5161 τξΑΪΙνιεῦ-μά
1262 5105 1287 5161 '_
1302 5072 1401 5142 κοίὶί

252 5139 459 5231 Εἶπέρᾶ
488 5139 780 5231 Ῠεγέθγμῷὲτ
815 5139 947 5231 έπρᾷς
968 5154 1024 5205 δὲ
1054 5156 1114 5231 :3.
1153 5139 1797 5231 itvsapé‘apro'éxﬁﬂclim;

252 5216 385 5288 obrui
412 5216 468 5300 is}
512 5219 634 5270 οὐδὲ
686 5216 941 5274 ἀδύναὲόν
978 5241 1030 5274 τι
1067 5216 1530 5291 ἓπεται,ὀὺδὲ’τὸ
1584 5216 1797 5302 ἀξία)μᾶ

251 5293 563 5350 αναιρεῐτιι.
1633 5293 1647 5296 ⁷
1723 5293 1735 5302 ’

253 5351 1186 5450 "(Laida-tuScholaﬁnts‘paulo
1242 5375 1369 5450 ante
1421 5368 1581 5450 citata
1638 5373 1804 5450 verba

253 5426 492 5491 exemplo
528 5428 803 5485 illustrat:
857 5433 917 5485 'H
946 5426 1052 5502 γὰρ
1089 5438 1361 5506 carptim;
1404 5441 1495 5490 καὶ
1525 5443 1557 5521 ῄ
1602 5442 1802 5510 υιάτηςν

255 5486 376 5581 Et};
389 5495 560 5581 αθίτΙιον
582 5501 631 5550 εἰ
648 5500 943 5581 βουλῇ-καὶ
961 5506 1022 5581 re
1044 5504 1298 5581 girtnbv)
1323 5507 1390 5581 ἦν
1412 5510 1467 5581 ἐν
1489 5528 1565 5579 τῳ
1586 5513 1771 5564 Ἰσαάκ
1788 5528 1800 5540 ·

409 5564 539 5651 δξότι
568 5556 701 5651 πρδς
760 5573 1009 5651 mang
1040 5574 1165 5651 ᾇλλο
1203 5556 1560 5651 ξξδτζγεῗχεῖθῖ
1583 5556 1805 5651 o'iclIoZv

259 5627 508 5723 ᾗξγώγράρ
736 5643 826 5723 τὸν
873 5644 1171 5723 ξΑξραᾲμη

284 5696 612 5781 lautam-“pta.
640 5707 707 5780 ἦν
741 5715 770 5779 ἡ
808 5715 899 5765 τοῦ
944 5696 1463 5781 Ἰὶῖαὰἶύπὸστά-σις,
1488 5737 1539 5773 κ.
1568 5696 1621 5774 ’.εἰ
1648 5696 1697 5777 ἰ.

323 5774 364 5854 (Δί
379 5776 427 5840 7)
454 5774 1054 5849 Νἱορι;ε’;ιι·ίξυιιιθιιῐιιηι
1079 5788 1216 5853 apud
1250 5774 1523 5854 llugonem
1554 5792 1655 5843 tale
1683 5774 1799 5845 est:

266 5855 283 5888 ι
321 5843 423 5901 Aut
452 5863 557 5903 non
595 5869 661 5905 ex
695 5843 851 5906 causa
883 5843 1145 5909 ρκδίδιυιίε
1178 5843 1529 5915 Ιιίιὺρι”1⁴ἐ1“υ5
1562 5843 1796 5931 Spiritus

1931 2015 2084 2075 pater
2134 2007 2189 2059 in
2219 2022 2284 2060 eo
2322 2008 2463 2076 quod
2511 2008 2731 2077 desipit.
2768 2007 2937 2061 ﬁlium
2974 2009 3309 2061 demonstrat
3359 2010 3493 2063 insi-

1929 2096 2190 2164 pientem,
2247 2098 2391 2150 nulla
2450 2108 2597 2152 certo
2631 2099 2845 2152 videtur
2886 2098 3181 2152 necessitas
3226 2098 3355 2151 fatui
3396 2098 3491 2152 ﬁlii

1928 2192 2336 2257 generationem
2371 2191 2589 2254 inferre,
2620 2208 2689 2246 ne
2724 2193 2813 2246 fiat
2847 2203 3084 2261 paterna:
3106 2194 3489 2247 detrimentum

1926 2280 2209 2335 fatuitatis.
2246 2281 2450 2335 Putoin
2479 2280 2645 2352 figura
2674 2282 2927 2337 dictionis
2965 2282 3276 2351 hujusmodi
3308 2297 3493 2351 pecca-

1928 2378 2038 2423 tum
2092 2371 2331 2435 obvolvi,
2363 2386 2429 2425 eo
2459 2373 2600 2440 quod
2633 2388 2739 2425 non
2789 2373 2931 2426 idem
2960 2373 3146 2427 eadem
3189 2380 3491 2442 exponatur

1926 2459 2391 2527 interpretatione.
2420 2458 2631 2513 Etenim
2662 2461 2891 2529 hujusce
2919 2461 3232 2516 consecutio
3252 2461 3493 2513 substan-

1924 2547 2134 2600 tialium
2188 2558 2291 2615 est,
2323 2566 2423 2602 non
2451 2552 2865 2617 proprietatum;
2919 2553 3061 2621 quod
3089 2552 3316 2605 reclusis
3358 2566 3488 2605 con-

1922 2638 2149 2692 siderari
2174 2649 2350 2709 potest
2386 2640 2645 2705 latibulis,
2686 2642 2730 2695 si
2763 2643 2961 2696 omissa
2994 2643 3251 2712 religione
3276 2643 3339 2696 ad
3369 2658 3487 2696 mo-

1920 2730 2100 2784 dicum
2141 2732 2321 2785 divina
2353 2741 2587 2788 mentem
2622 2734 2688 2787 ad
2726 2734 2945 2788 humani
2990 2736 3204 2804 generis
3228 2750 3488 2805 propaga-

1922 2821 2127 2874 tionem
2193 2823 2313 2891 quis
2365 2834 2598 2877 revocet.
2664 2823 2861 2878 Nonne
2906 2826 3195 2893 cujuslibet
3256 2826 3491 2879 hominis

1920 2909 2083 2972 ﬁlius,
2128 2927 2249 2965 cum
2302 2915 2503 2977 omnia,
2557 2930 2675 2982 qua:
2723 2915 2860 2981 patri
2913 2917 3286 2970 substantialia
3340 2928 3485 2979 sunt.

1922 2999 2137 3065 habeat,
2172 3016 2361 3055 eorum
2392 3018 2514 3070 qua:
2544 3003 2667 3056 talia
2700 3020 2807 3058 non
2844 3013 2989 3065 sunt,
3025 3005 3302 3058 minimam
3330 3006 3491 3059 inter-

1919 3092 2067 3159 dum,
2123 3096 2421 3163 portionem
2471 3096 2715 3150 retinet?
2770 3097 2825 3151 Si
2881 3097 3017 3151 Patri
3068 3099 3487 3151 substantialiter

1919 3185 1993 3253 (id
2034 3194 2121 3238 est
2150 3196 2403 3254 tanquam
2438 3187 2761 3252 substantia)
2804 3189 3003 3242 inesset
3037 3189 3155 3242 Filii
3210 3192 3487 3259 generatio

1916 3274 2243 3343 emissioque
2300 3275 2556 3344 Spiritus,
2605 3291 2671 3329 ex
2718 3277 3045 3331 necessitate
3088 3277 3259 3331 Filius
3310 3280 3484 3346 ipsum

1922 3362 2063 3415 idem
2094 3375 2284 3417 nactus
2330 3364 2490 3426 foret,
2514 3365 2644 3433 quin
2687 3368 2847 3419 etiam
2885 3376 2939 3420 et
2970 3366 3202 3435 Spiritus
3242 3377 3483 3428 sanctus.

1918 3462 1974 3507 et
2002 3453 2105 3508 hoc
2140 3454 2193 3507 in
2238 3454 2509 3507 inﬁnitum
2541 3472 2555 3519 ;
2588 3456 2681 3509 sed
2717 3456 2937 3525 (neque)
2968 3457 3127 3511 Pater
3156 3457 3207 3510 in
3241 3472 3306 3510 eo
3341 3459 3483 3526 quod

1914 3546 2209 3600 substantia
2263 3556 2485 3616 generat
2527 3558 2622 3602 aut
2652 3549 2913 3618 Spiritum
2944 3551 3162 3615 emittit,
3200 3567 3374 3619 neque
3430 3553 3482 3604 in

1912 3650 1977 3690 eo
2010 3637 2153 3705 quod
2204 3636 2343 3692 Deus
2378 3638 2574 3692 aFilio
2618 3641 2703 3694 vel
2740 3656 2771 3694 a
2823 3641 3023 3710 Spiritu
3076 3642 3289 3707 diﬂ‘ert;
3340 3658 3483 3696 unus

1912 3728 2057 3781 enim
2085 3738 2138 3782 et
2171 3728 2311 3782 idem
2361 3728 2505 3784 Deus
2535 3732 2589 3784 hi
2618 3740 2726 3787 tres
2755 3742 2922 3795 sunt;
2958 3734 3051 3787 sed
3077 3734 3127 3787 in
3158 3750 3221 3789 eo
3266 3736 3480 3804 quidem

1910 3818 2053 3886 quod
2101 3818 2257 3872 Pater
2295 3830 2537 3889 generat,
2588 3837 2616 3875 a
2650 3820 2785 3876 Filio
2815 3823 3035 3888 ditIert;
3074 3825 3124 3877 in
3183 3840 3250 3878 eo
3301 3835 3477 3880 autem

1909 3911 2052 3977 quod
2077 3911 2297 3972 emittit,
2327 3929 2357 3963 a
2385 3910 2588 3979 Spiritu
2618 3914 2745 3966 solo.
2771 3915 2885 3980 Qua
2915 3918 2982 3969 de
3013 3932 3070 3969 re
3106 3918 3475 3982 manifestum,

1910 4001 2052 4068 quod
2086 4018 2239 4069 penes
2274 4003 2652 4056 substantialia
2700 4013 2908 4058 tantum
2936 4006 3057 4058 talis
3097 4007 3275 4060 locum
3317 4008 3479 4061 habet

1907 4092 2239 4144 consecutio.
2296 4092 2428 4144 Nam
2469 4093 2827 4149 indubitabile
2870 4109 2951 4151 est
2992 4100 3304 4166 personales
3364 4100 3477 4153 sive

1910 4179 2274 4250 hypostaticas
2317 4183 2683 4250 proprietates
2751 4189 3197 4255 impcrmutabiles
3265 4204 3383 4242 esse
3424 4198 3478 4241 et

1906 4286 2094 4324 earum
2158 4273 2610 4340 permutationem
2643 4286 2843 4331 tantam
2868 4279 3238 4333 confusionem
3274 4290 3329 4334 et
3363 4280 3477 4333 dis-

1905 4363 2226 4428 paritionem
2262 4378 2616 4431 personarum
2642 4366 2840 4429 facere,
2863 4369 3057 4436 quibus
3084 4370 3211 4422 solis
3246 4371 3487 4423 circum-

1906 4453 2124 4522 scriptis
2151 4454 2405 4507 omnibus
2424 4455 2543 4510 aliis
2574 4456 2889 4513 ditl’erentcs
2918 4470 3321 4529 eognoscuntur
3355 4476 3475 4530 per-

1904 4559 2093 4605 some;
2148 4555 2202 4597 at
2246 4561 2407 4599 causa
2434 4556 2509 4607 et,
2557 4557 2615 4602 ut
2670 4550 2741 4602 ita
2772 4552 2967 4606 dicant.
3018 4554 3373 4614 causativum,
3419 4562 3474 4605 et

1907 4636 2121 4687 mittere
2170 4645 2221 4686 et
2253 4636 2413 4697 mitti,
2455 4646 2511 4691 et
2554 4654 2713 4707 quam
2744 4640 2926 4707 plurae
2968 4642 3086 4694 alia:
3138 4643 3473 4709 [typostatictz

1907 4762 2133 4815 emissor
2175 4778 2293 4815 esse
2329 4775 2424 4817 aut
2474 4781 2536 4819 cx
2584 4782 2742 4821 causa
2786 4780 3077 4829 exsmtens.
3133 4769 3290 4826 Patre
3345 4776 3463 4829 scil.

1908 4832 2067 4901 étqui
2106 4832 2147 4883 si
2185 4848 2284 4883 non
2332 4835 2597 4889 exsistens
2645 4853 2707 4888 ea:
2756 4854 2939 4901 causa,
2990 4850 3149 4893 erunt
3186 4858 3371 4895 rursus
3410 4847 3463 4896 in

1908 4898 2168 4952 Trinitate
2198 4902 2318 4972 _t|ll0
2366 4904 2619 4972 principia
2674 4914 2726 4958 et
2774 4908 2893 4960 duae
2928 4898 3139 4961 causae.
3193 4908 3245 4961 Si
3283 4921 3464 4965 autem

1906 4984 1968 5044 ea;
2007 4970 2363 5044 causanFtlius
2392 4970 2659 5027 exsistens
2690 4974 2925 5042 Spiritus
2953 4978 3181 5031 emissor
3217 4980 3306 5044 sit,
3348 4997 3463 5033 om-

1907 5039 2037 5089 nino
2065 5056 2126 5091 εχ
2162 5039 2319 5091 Patre
2338 5042 2437 5093 hoc
2460 5044 2684 5096 sortitus
2709 5039 2857 5098 est...
2885 5045 2975 5097 Sin
3006 5056 3186 5100 autem
3211 5039 3463 5104 ex'Patre

1909 5107 2011 5161 hoc
2038 5108 2215 5167 habet,
2242 5125 2359 5175 qua:
2388 5120 2472 5163 est
2510 5112 2609 5165 ista
2639 5115 3026 5168 ex/ucreditatio
3074 5124 3130 5169 et
3176 5118 3461 5170 detrimen-

1908 5185 2015 5254 tum
2054 5178 2232 5243 ﬁlialis
2274 5178 2602 5254 exsistentiw,
2656 5193 2712 5234 ut
2753 5200 2853 5235 non
2907 5186 2961 5236 in
3012 5203 3069 5238 eo
3116 5188 3251 5254 quod
3296 5189 3459 5242 Filius

1907 5243 2099 5298 Filium
2142 5256 2380 5315 generet.
2415 5259 2467 5302 et
2511 5251 2667 5303 Pater
2711 5263 3013 5315 censeatur,
3056 5243 3176 5310 cuin
3211 5257 3370 5310 Pater
3405 5258 3458 5311 in

1906 5329 1971 5366 eo
1989 5316 2131 5382 quod
2154 5316 2380 5368 entissor
2400 5316 2593 5371 Filium
2620 5336 2809 5374 rursus
2835 5325 3147 5379 emissorem
3179 5328 3459 5381 ostendat?

1908 5382 1965 5435 Si
1983 5384 2125 5436 enim
2141 5400 2203 5435 ex
2224 5385 2377 5463 Patre
2395 5388 2663 5463 indemnis
2680 5401 2763 5463 est
2780 5390 2892 5444 Filii
2908 5395 3182 5459 generatio
3196 5398 3458 5463 Spiritus-

1904 5467 2009 5524 que
2046 5456 2337 5520 processio,
2371 5460 2820 5524 quemadmodum
2842 5456 3067 5515 emissor
3084 5456 3252 5518 Filius
3271 5477 3455 5518 osten—

1905 5522 2062 5575 detur
2093 5541 2105 5576 :
2132 5538 2356 5579 necesse
2387 5522 2628 5588 omnino,
2664 5540 2723 5583 ut
2755 5532 3137 5585 detrimentum
3186 5534 3327 5586 circa
3374 5536 3457 5588 di-

1904 5592 2083 5670 vinam
2112 5601 2485 5670 naturamnon
2515 5597 2817 5653 inveniatur
2833 5602 2977 5668 quod
2999 5611 3220 5670 generet
3238 5602 3454 5668 Filium,

1904 5672 1959 5714 et
1995 5663 2069 5739 _sit
2114 5664 2445 5739 neposhine
2503 5663 2919 5735 complasmafus
2963 5663 3176 5739 aliquis,
3230 5688 3350 5725 cum
3401 5663 3456 5729 et

1902 5732 2131 5783 emissor
2164 5733 2481 5807 Spiritusjtt
2508 5752 2565 5788 eo
2595 5732 2730 5805 quod
2776 5755 2838 5791 ea:
2877 5732 3067 5807 Patre,
3099 5732 3262 5794 Filius
3297 5760 3453 5796 mon-

1892 5804 2121 5875 stretur;
2174 5799 2315 5863 quod
2373 5799 2415 5849 si
2458 5799 2539 5875 ita
2589 5799 2691 5864 est,
2723 5806 3006 5873 congeries
3049 5799 3345 5875 impietatis
3401 5823 3455 5867 et

1894 5866 2157 5932 prolunda
2183 5879 2420 5937 emerget
2454 5869 2623 5926 fovea.
2663 5892 2679 5922 ι
