4242 6438
750 406 853 470 535

1869 408 2129 470 PHOTII
2165 408 2665 471 PATRIARCHZE
2704 409 2810 471 (ΞΡ.

3893 408 4000 475 336

749 539 857 578 non
890 533 1017 578 sunt
1064 524 1178 577 sive
1209 523 1520 594 personalcs
1546 540 1560 589 ;
1599 523 1828 593 ideoque
1865 540 1974 580 non
1998 524 2056 579 fit
2081 524 2328 579 confusio
2355 530 2399 589 Α
2431 527 2629 581 emittit
2686 525 2966 596 Spiritum,
2998 525 3193 581 Filium
3219 525 3402 593 habet,
3427 540 3549 596 qum
3595 524 3998 583 indemonstra-

748 628 1126 684 personarum.
1153 613 1370 682 quando
1398 614 1596 668 dicitur
1621 633 1635 668 :
1663 613 1782 669 Una
1813 629 1973 668 causa
2001 616 2170 668 sancti
2193 615 2317 684 Spi-

749 708 884 760 ritus
935 704 1108 759 Filius
1145 715 1201 759 et
1239 705 1395 760 Pater
1433 717 1535 760 est.
1579 725 1597 756 ι
1644 706 1866 759 Demum
1897 707 2041 774 quod
2088 723 2206 776 cap.
2251 706 2318 760 47

745 798 994 868 adjungit
1038 798 1284 864 Photius,
1319 799 1369 850 id
1426 799 1619 867 partim
1660 813 1726 851 ex
1759 798 1846 851 hic
1889 798 2068 860 dictis,
2123 800 2317 868 partim

745 906 811 944 ex
870 891 953 952 iis,
1005 907 1126 959 qua:
1159 891 1225 945 ad
1256 891 1477 944 effatum
1516 891 1602 944 hic
1645 905 1833 944 rursus
1862 891 2149 959 repetitum
2193 892 2316 959 (art.

742 980 798 1045 5,
832 979 910 1049 §8
940 982 1081 1050 seq.)
1117 981 1370 1034 adnotata
1402 990 1548 1044 sunt,
1586 979 1718 1033 solvi
1758 979 1916 1033 facile
1952 988 2148 1048 potest.

818 1069 968 1140 [524]
1019 1069 1107 1122 29.
1146 1070 1252 1124 Sed
1281 1069 1521 1123 nondum
1552 1068 1811 1122 exhausta
1845 1068 2174 1123 schismatici
2226 1083 2321 1138 pa.

743 1161 997 1215 triarchte
1023 1161 1356 1229 sophismata
1383 1179 1395 1214 :
1430 1161 1643 1214 tertiam
1681 1169 1799 1228 post
1833 1159 2092 1228 prolixam
2121 1161 2187 1214 de
2211 1160 2320 1213 Ga-

746 1252 837 1305 lat.
875 1269 949 1315 ιν,
981 1251 1034 1317 6,
1065 1252 1489 1320 disputationem
1521 1259 1966 1320 argumentorum
1995 1250 2322 1320 theologico-

747 1362 866 1399 rum
924 1348 1119 1400 seriem
1157 1347 1467 1415 auspicatur
1498 1359 1774 1408 novasque
1813 1346 2100 1398 auxiliares
2137 1344 2321 1414 c0pias

749 1439 802 1491 in
838 1455 1028 1508 agmen
1065 1441 1334 1508 producit.
1368 1461 1385 1489 ι
1421 1437 1473 1492 Si
1527 1438 1760 1508 genitus,
1795 1437 1869 1491 ait
1893 1452 2012 1505 cap.
2037 1436 2124 1501 σι,
2157 1435 2322 1490 Filius

750 1545 812 1582 ex
841 1529 1022 1594 Patre,
1050 1533 1296 1600 procedit
1326 1547 1452 1585 vero
1488 1529 1724 1599 Spiritus
1768 1545 1828 1583 ex
1866 1527 2022 1594 Filio,
2049 1529 2322 1597 quomodo

753 1623 1007 1692 impietas
1029 1640 1136 1677 non
1172 1625 1473 1678 secundum
1516 1623 1792 1692 propriam
1817 1623 2144 1675 sententiam
2197 1621 2320 1690 Spi-

753 1716 918 1768 ritum
981 1725 1215 1782 nepotem
1247 1716 1540 1769 constituet
1584 1724 1638 1768 et
1664 1714 2004 1768 tremendutn
2044 1712 2322 1781 theologia:

752 1816 955 1858 nostrae
1005 1806 1321 1874 mysterium
1371 1804 1422 1857 in
1460 1805 1644 1872 longas
1675 1811 1730 1856 et
1760 1819 1935 1856 meras
1963 1817 2132 1870 nugas
2171 1801 2321 1854 able-

2421 618 2544 673 bilis
2597 627 2680 672 est
2721 628 2775 672 et
2809 617 3232 687 itnpossibiliter,
3271 617 3396 687 quia
3425 633 3602 687 neque
3627 619 3862 671 nraxima
3914 627 4000 672 est

2420 724 2600 778 neque
2631 709 2790 763 (idem
2829 706 2976 779 [325]
3009 707 3078 761 ab
3109 708 3287 776 aliqua
3327 708 3558 760 maxima
3587 706 3654 774 (ε.
3700 705 3996 768 axiomate)

2421 799 2699 869 suscipere
2745 801 2990 868 (potest).
3034 797 3268 852 Emissio
3300 797 3535 866 Spiritus
3576 813 3683 850 non
3735 797 3864 851 facit
3895 795 3998 849 Pa-

2423 901 2559 947 trem
2586 907 2707 947 essc
2733 906 2909 960 neque
2943 889 3162 952 Filitun,
3197 890 3452 958 quoniam
3485 903 3594 943 non
3625 895 3708 943 est
3734 888 3999 942 nascibili-

2423 991 2510 1034 tas
2551 980 2781 1051 Spiritus
2829 979 3135 1050 progressio
3180 995 3209 1032 a
3250 978 3429 1044 Patre,
3472 994 3578 1047 qua
3610 979 3720 1033 sola
3754 978 3922 1032 Filius
3967 992 3998 1031 a

2423 1072 2580 1127 Patre
2604 1071 2802 1126 diﬂ'ert.
2838 1091 2855 1122 ι
2883 1071 2950 1124 Et
2979 1083 3191 1124 rursum
3217 1070 3313 1140 (ib.
3347 1085 3397 1126 c.
3428 1070 3514 1124 17.
3542 1086 3596 1140 p.
3632 1070 3998 1138 42H)contra

2423 1165 2567 1219 idem
2617 1172 3030 1233 argumentum:
3095 1182 3112 1213 ι
3155 1160 3270 1216 lloc
3308 1177 3489 1231 neque
3540 1162 3594 1232 in
3653 1161 3997 1216 naturalibus

2421 1256 2866 1310 consecutionem
2917 1255 3113 1320 habet;
3147 1265 3208 1308 ut
3247 1255 3356 1308 ales
3379 1255 3598 1324 quidem
3639 1253 3813 1323 prima
3844 1270 3997 1307 ovum

2422 1347 2654 1417 peperit,
2683 1361 2748 1401 ex
2779 1345 2906 1400 alite
2935 1356 3116 1400 autem
3144 1355 3197 1400 et
3218 1359 3321 1400 oro
3341 1361 3521 1414 passer
3552 1345 3752 1415 prodiit
3785 1361 3801 1410 ;
3836 1344 3999 1416 igitur

2423 1458 2543 1512 qua:
2573 1458 2856 1512 progressa
2883 1450 2968 1496 est
2999 1443 3230 1507 avicula,
3275 1445 3439 1510 neptis
3467 1443 3803 1512 judicahitur
3829 1443 3994 1496 alitis.

2422 1533 2585 1588 Multo
2611 1535 2781 1586 minus
2803 1534 2856 1585 in
2884 1534 3072 1586 divinis
3104 1533 3281 1587 locum
3318 1536 3519 1604 reperit
3541 1534 3850 1604 reclargutio
3893 1533 3998 1587 hu-

2422 1625 2743 1693 juscemodi,
2771 1624 2858 1678 ubi
2891 1640 3067 1690 neque
3096 1639 3354 1694 corporea
3389 1625 3666 1694 generatio
3695 1633 3798 1688 est,
3819 1639 3999 1692 neque

2423 1715 2722 1784 passibile;
2760 1730 2922 1770 omne
2965 1725 3147 1769 autem
3192 1716 3336 1784 quod
3384 1715 3582 1770 talibus
3629 1715 3998 1786 generationi-

2425 1807 2527 1860 bus
2555 1807 2818 1874 subjacet,
2845 1789 3068 1860 necesse
3107 1817 3189 1860 est
3220 1806 3422 1871 secari;
3455 1822 3615 1860 omne
3643 1816 3823 1859 autem
3853 1805 3998 1874 quod

754 1898 900 1965 gabil
930 1896 952 1947 ?
993 1916 1010 1946 ι
1066 1895 1266 1949 verum
1292 1911 1320 1948 e
1367 1903 1552 1946 contra
1591 1893 1761 1947 Latini
1795 1909 2020 1962 arguere
2069 1901 2316 1962 possunt,
2352 1867 2394 1920 Β
2424 1908 2654 1961 secatur,
2686 1899 2960 1966 passibile.
2989 1916 3006 1948 ι
3061 1898 3262 1951 Deinde
3285 1908 3424 1951 notat
3459 1899 3569 1966 jam
3595 1897 4001 1964 antiquissimos

754 1987 1006 2040 Photimn
1053 1986 1309 2054 Spiritum
1351 1985 1528 2038 facere
1576 1982 1749 2037 Patris
1786 1985 1979 2051 ﬁlium,
2022 2000 2144 2037 cum
2197 1999 2320 2037 eum

755 2095 818 2131 ex
872 2079 1027 2131 Patre
1059 2092 1162 2145 qua
1194 2075 1352 2129 Pater
1398 2087 1481 2130 est
1514 2076 1804 2144 procedere
1837 2083 2056 2140 statuat,
2111 2085 2166 2128 et
2199 2076 2325 2130 hinc

756 2171 953 2226 Filium
992 2179 1047 2224 et
1068 2170 1328 2238 Spiritum
1359 2169 1692 2222 constituere
1727 2169 1940 2238 fratres,
1967 2184 2087 2222 cum
2114 2179 2322 2221 utrum-

755 2279 860 2331 que
917 2278 982 2315 ex
1029 2263 1144 2316 solo
1174 2262 1330 2315 Patre
1359 2276 1477 2314 esse
1510 2261 1812 2314 decernat:
1868 2259 2104 2328 Ἀδελφὰ
2148 2261 2215 2312 τὰ
2267 2261 2325 2325 ἐξ

758 2357 875 2418 ἐνὸς
916 2353 1222 2422 ὑφεστῶτα,
1253 2363 1312 2406 ut
1353 2352 1581 2407 Basilius
1624 2353 1698 2405 ait
1731 2352 1839 2421 (ep.
1873 2352 1937 2406 ad
1991 2367 2188 2405 canon.
2238 2352 2324 2416 52,

757 2451 828 2503 al.
882 2449 1030 2517 500),
1065 2447 1155 2500 hic
1193 2462 1379 2500 revera
1420 2446 1594 2498 locum
1623 2445 1844 2498 habere.
1894 2443 2158 2499 Praeterea
2210 2459 2326 2497 res-

758 2540 1000 2611 pondent
1025 2538 1291 2594 Catholici
1323 2556 1335 2590 :
1367 2555 1384 2587 ι
1427 2536 1499 2591 Ut
1543 2551 1714 2604 nepos
1747 2537 2012 2605 quispiam
2061 2537 2150 2601 sit,
2184 2536 2326 2606 gigni

759 2646 884 2685 eum
931 2637 1149 2699 Oportet
1205 2643 1234 2681 a
1266 2635 1442 2696 patre,
1489 2637 1542 2679 et
1574 2627 1791 2680 diversa
1832 2626 2051 2693 quidem
2100 2641 2328 2694 genera-

761 2724 907 2777 tione
942 2722 1011 2775 ah
1062 2721 1172 2784 illa,
1202 2735 1308 2787 qua
1360 2719 1406 2771 is
1439 2718 1530 2786 qui
1566 2726 1819 2786 nepotem
1869 2717 2112 2785 proxime
2145 2716 2332 2785 genuit

763 2825 982 2886 pater,a
1012 2829 1111 2867 suo
1142 2822 1316 2882 patre,
1351 2809 1565 2879 nepotis
1595 2825 1716 2870 avo,
1745 2809 1959 2878 genitus
1982 2815 2082 2862 est.
2108 2811 2178 2860 At
2206 2807 2331 2876 Spi-

763 2905 901 2957 ritus
953 2902 1126 2956 sancti
1173 2901 1452 2969 processio
1479 2913 1655 2967 neque
1681 2897 1959 2967 generatio
1997 2905 2100 2958 est,
2159 2911 2333 2964 neque

765 2994 941 3047 Patris
984 3001 1040 3046 et
1073 2990 1190 3044 Filii
1221 2991 1362 3043 actio
1387 2990 1619 3043 diversa.
1661 3007 1680 3039 ι
1742 2987 1930 3056 (Natal.
1961 2986 2116 3040 Alex.
2149 2985 2218 3038 Η.
2266 2984 2329 3039 E.

767 3087 805 3139 1.
861 3101 908 3139 c.
951 3101 1002 3153 p.
1038 3083 1182 3150 552).
1216 3081 1373 3134 Joan.
1408 3081 1611 3133 Beccus
1656 3080 1844 3133 eodem
1885 3080 2045 3132 modo
2091 3079 2332 3148 arguenti

2427 1991 2712 2044 haereticos
2735 1991 2984 2044 eumdem
3016 1991 3429 2060 paralogismum
3455 1990 3716 2042 ellutiisse
3751 1989 3884 2056 (l8).
3914 1998 3999 2042 at-

2425 2096 2531 2150 que
2561 2082 2628 2136 ad
2656 2081 2908 2150 superius
2930 2082 3200 2150 disliutata
3247 2079 3394 2152 {526]
3448 2096 3745 2148 provocans
3772 2081 3844 2132 ita
3877 2095 4000 2147 per-

2426 2174 2502 2243 git
2529 2190 2540 2225 :
2585 2191 2602 2223 ι
2648 2170 2800 2236 Quod
2828 2171 2872 2223 si
2922 2171 3131 2240 genitor
3165 2171 3216 2222 in
3249 2186 3314 2224 eo
3349 2170 3489 2238 quod
3518 2169 3676 2223 Pater
3709 2179 3812 2232 est,
3845 2167 4002 2221 babi-

2430 2264 2676 2319 tudinem
2714 2262 3142 2330 relationemque
3197 2262 3359 2315 habet
3384 2263 3448 2313 ad
3489 2259 3775 2328 Spiritum,
3802 2273 4000 2312 conseo

2428 2359 2615 2427 quitur
2661 2372 2726 2410 ex
2758 2357 3082 2410 necessitate
3121 2363 3340 2424 propter
3382 2353 3722 2407 identitatcm
3780 2351 3996 2404 habitu-

2429 2450 2574 2502 diuis
2629 2449 2894 2518 genitoris
2941 2446 3202 2516 Spiritum
3239 2445 3479 2516 genitum
3531 2459 3652 2497 esse
3691 2452 3747 2496 et
3788 2442 3998 2505 ﬁlium;

2431 2537 2660 2607 ideoque
2710 2547 2803 2591 aut
2838 2537 3095 2590 confundi
3153 2551 3414 2605 personas
3463 2545 3558 2588 aut
3603 2534 3825 2588 fratrem
3882 2530 3998 2584 Filii

2431 2630 2689 2699 Spiritum
2724 2629 3053 2698 confingere,
3077 2627 3217 2696 quod
3244 2626 3385 2680 idem
3411 2640 3671 2695 personas
3696 2623 3997 2678 confundit.

2432 2725 2618 2792 Itaque
2665 2723 2875 2792 genitor
2902 2737 3012 2774 non
3056 2722 3108 2773 in
3147 2736 3212 2774 eo
3257 2721 3400 2788 quod
3439 2719 3673 2788 genitor,
3703 2732 3867 2770 causa
3919 2725 4000 2770 est

2437 2816 2695 2884 Spiritus,
2740 2814 2834 2866 sed
2865 2815 3004 2866 ineo
3029 2812 3170 2880 quod
3205 2827 3365 2865 causa
3399 2810 3829 2879 principiumque
3871 2806 4002 2876 (spi-

2436 2909 2608 2970 rans),
2633 2914 2689 2957 ut
2719 2906 2918 2974 saepius
2950 2904 3280 2958 inculcatum
3306 2911 3406 2956 cst.
3443 2900 3620 2964 Quare
3651 2915 3827 2969 neque
3867 2899 4000 2951 alie-

2435 3008 2538 3047 nus
2592 3007 2621 3045 a
2655 2991 2785 3045 Filio
2834 2992 3068 3061 Spiritus
3114 3001 3197 3044 est
3232 3006 3408 3058 neque
3435 2989 3644 3057 absque
3688 2987 4003 3042 habitudine

2435 3085 2499 3137 ad
2533 3085 2707 3152 ipsum
2741 3084 3086 3152 iudicandus.
3117 3083 3221 3136 Sed
3250 3097 3426 3150 neque
3459 3083 3562 3135 hoc
3593 3080 3999 3140 inconveniens,

768 3173 1053 3228 Camalcro
1092 3170 1162 3224 ita
1189 3170 1428 3224 occurrit
1454 3167 1540 3240 (G.
1587 3173 1651 3222 0-
1685 3168 1753 3233 Π,
1790 3167 1912 3234 399.
1943 3168 2068 3264 ιφ)
2097 3190 2110 3222 :
2169 3187 2185 3219 ι
2218 3167 2334 3221 NOII
2362 3206 2404 3264 ο
2438 3175 2483 3228 si
2540 3174 2707 3229 Filius
2756 3189 2860 3226 non
2897 3174 2950 3227 in
2995 3189 3060 3227 eo
3087 3173 3230 3242 quod
3257 3172 3424 3226 Filius
3450 3172 3708 3242 Spiritum
3767 3170 4000 3228 emittat.

769 3276 852 3320 est
877 3279 1046 3333 nepos
1081 3262 1342 3333 (ἔκγονος)
1372 3261 1544 3316 Patris
1575 3261 1824 3329 Spiritus,
1861 3260 1952 3329 qui
1990 3258 2158 3314 Filius
2187 3269 2336 3326 pater

775 3359 1010 3429 Spiritus
1034 3372 1139 3410 non
1172 3367 1272 3411 est.
1300 3357 1433 3411 Cum
1465 3371 1593 3409 vero
1623 3354 1760 3409 dicis
1785 3373 1797 3407 :
1830 3353 1885 3407 Si
1915 3369 2022 3407 non
2049 3364 2133 3408 est
2172 3352 2336 3408 Filius

774 3460 947 3519 pater,
994 3450 1267 3517 quomodo
1298 3465 1362 3500 ex
1413 3448 1530 3516 ipso
1563 3447 1798 3515 Spiritus
1833 3447 2044 3500 fuerit?
2093 3446 2338 3515 profecto

777 3556 938 3610 negas
991 3541 1157 3593 etiam
1209 3539 1473 3608 Spiritum
1520 3553 1584 3591 ex
1614 3537 1772 3592 Patre
1817 3553 1957 3591 esse.
1993 3538 2149 3590 Pater
2191 3538 2336 3590 enim

776 3646 882 3681 non
911 3637 995 3682 est
1023 3627 1257 3698 Spiritus
1294 3637 1444 3697 pater
1490 3638 1544 3682 et
1579 3627 1935 3680 nihilominus
1959 3643 2025 3681 ex
2066 3628 2182 3696 ipso
2217 3627 2338 3696 Spi-

776 3721 912 3772 ritus
968 3728 1070 3772 est.
1117 3736 1134 3767 ι
1169 3719 1228 3772 ld
1275 3721 1376 3788 iam
1406 3719 1642 3773 declarat
1680 3728 1898 3772 sanctus
1938 3716 2203 3772 Maximus
2254 3719 2337 3772 di-

776 3827 906 3867 cens
941 3830 953 3864 :
1000 3829 1018 3862 s
1059 3810 1294 3879 Sp'ritus
1349 3810 1556 3863 Patrem
1586 3826 1692 3863 non
1720 3810 1917 3877 habet;
1968 3825 2144 3874 neque
2194 3810 2356 3864 enim.

779 3903 996 3974 genitus
1037 3909 1118 3954 cst
1148 3898 1228 3969 (rb
1264 3900 1372 3968 γὰρ
1397 3899 1616 3968 Πνεῦμα
1659 3899 1877 3968 Πατέρα
1902 3899 2002 3950 οὐκ
2032 3899 2174 3966 ἔχει’
2217 3897 2340 3950 οὐδὲ

776 3995 887 4065 γὰρ
917 3992 1222 4061 ἐγεννήθη).
1265 4009 1284 4042 ι
1324 3992 1586 4044 Audiatur
1614 4001 1668 4044 ct
1693 3991 1844 4060 Hugo
1871 3991 2190 4046 Etherianus
2217 3991 2272 4058 (l.
2299 3990 2337 4056 l,

779 4103 830 4142 c.
857 4086 908 4151 8,
937 4103 990 4156 p.
1026 4085 1184 4152 1205)
1219 4099 1242 4138 :'
1266 4104 1284 4134 ι
1321 4083 1620 4152 Pr0positio
1651 4099 1770 4151 qua:
1800 4083 1967 4136 dicit:
2000 4082 2152 4146 Quod
2184 4083 2341 4136 emit-

781 4178 846 4231 tit
874 4177 1153 4246 Spiritum,
1186 4175 1377 4228 Filiutu
1413 4175 1592 4233 habet.
1628 4175 1801 4243 major
1841 4174 2214 4228 universaliter
2249 4174 2342 4228 de-

784 4269 938 4324 beret
978 4283 1098 4322 esse
1138 4275 1192 4320 et
1236 4265 1633 4335 particulariter
1673 4266 1960 4334 accipitur.
2006 4265 2138 4317 Nam
2184 4263 2343 4318 illata

785 4358 1151 4416 conclusionis
1177 4371 1340 4410 causa
1370 4357 1683 4425 propositio,
1717 4371 1837 4424 quae
1885 4359 2029 4408 rec'te
2054 4354 2213 4408 debet
2235 4353 2342 4423 syl-

783 4453 1067 4521 logismum
1121 4449 1278 4502 talem
1335 4449 1612 4517 perlicere,
1664 4449 1777 4500 hinc
1822 4455 1948 4500 est:
1993 4445 2164 4500 Omne
2197 4445 2343 4515 quod

859 4625 968 4695 (l8)
1001 4625 1199 4679 Revera
1227 4619 2097 4695 Macedoniam_apud__Gregorium
2118 4617 2348 4695 Nazianf

786 4689 980 4752 zenum
1025 4703 1161 4747 orat.
1209 4693 1297 4755 57,
1327 4707 1380 4760 p.
1417 4691 1519 4746 596
1552 4689 1661 4743 ed.’
1691 4689 1809 4743 Bill.
1848 4691 2038 4760 (Clem.
2082 4699 2220 4742 orat.
2257 4689 2347 4757 51)

786 4772 1038 4834 arguunt,
1074 4759 1339 4834 Spiritum
1373 4762 1417 4814 si
1455 4761 1726 4834 ingenitus
1763 4775 1868 4812 non
1909 4759 1999 4834 sit,
2040 4760 2348 4834 necessario

784 4827 879 4891 auvt
907 4851 934 4887 a
973 4827 1129 4886 Patre
1160 4833 1396 4898 genitum
1433 4839 1488 4884 et
1518 4827 1654 4883 tunc
1686 4829 1901 4882 fratrem
1933 4829 2047 4881 fore
2078 4827 2219 4898 Filii,
2255 4838 2348 4881 aut

785 4925 814 4959 a
844 4903 1000 4967 Filio,
1033 4913 1086 4955 et
1112 4897 1244 4956 tunc
1271 4915 1390 4955 esse
1409 4900 1598 4953 υἱωνὸν
1630 4899 1822 4952 Patris.
1865 4898 2016 4960 Quod
2055 4897 2349 4965 Gregorius

789 4974 991 5028 refellit
1019 4973 1220 5025 docens
1251 4970 1487 5024 medium
1517 4983 1638 5022 esse
1665 4969 1804 5022 inter
1827 4969 2117 5032 ἀγέννητον
2145 4976 2199 5018 et
2228 4983 2348 5032 γεν-

787 5044 968 5111 νητὸν,
1003 5049 1059 5092 ιιι
1089 5037 1859 5111 Scriptura:manifestant,_sb
1903 5036 2248 5111 éxttoflsu‘tbv,
2293 5044 2347 5111 et

787 5103 1434 5182 processionem'diﬂ‘errc
1487 5126 1518 5182 τι
1552 5106 1923 5182 generatimte.
1973 5103 2100 5182 (Cll.
2136 5105 2227 5182 Gr.

787 5173 852 5245 it,
885 5182 1168 5245 565-567.)
1219 5180 1448 5232 Basilius
1492 5173 1811 5231 dubitationi
1854 5175 1972 5245 illi:
2018 5173 2114 5225 Διά
2165 5174 2215 5226 τί
2270 5176 2344 5244 μὴ

785 5244 847 5305 τδ
880 5250 1100 5316 Πνεῦμα
1135 5244 1195 5302 τὸ
1242 5251 1394 5315 ἆγιον
1440 5249 1564 5308 Υἱὸς
1603 5247 1696 5297 τοῦ
1735 5245 1861 5316 Υἱοῇ
1892 5244 2039 5316 ,ιιιι-
2065 5246 2299 5316 occurrit
2328 5262 2341 5297 :

788 5325 862 5374 Οὔ
891 5322 976 5372 διὰ
1005 5312 1064 5370 ’ἐὺ
1098 5320 1171 5388 μὴ
1201 5312 1341 5372 εἷνὰι
1371 5321 1434 5370 ὲκ
1458 5317 1590 5368 θεθῦ
1625 5317 1688 5367 δι’
1726 5313 1877 5388 ﬁeri
1909 5312 2092 5388 (verba
2141 5315 2194 5365 in
2243 5314 2343 5388 hoc

789 5397 1045 5443 contextu
1081 5384 1238 5458 pla-ne
1290 5387 1648 5453 decretoria),
1688 5385 1801 5458 ἀλλ’
1838 5384 1942 5458 ivi!
1990 5384 2064 5458 μὴ
2113 5384 2337 5458 vapido?)

788 5459 990 5529 πλῆθᾳς
1019 5453 1242 5527 ἄτξειρον
1272 5461 1304 5529 ἡ
1337 5461 1490 5526 τριὰς
1522 5457 1679 5529 Υῐᾳὺς
1731 5456 1788 5518 ἐξ
1838 5453 1980 5529 Ilth
2020 5455 2093 5512 ὼς
2147 5453 2238 5529 ira).

788 5521 1097 5596 ἀνθρώποις
1153 5521 1304 5598 ’ἔχειεὶ
1358 5521 1781 5598 ὑποπτευοεῖςα,
1826 5524 1913 5598 ΫΑά
1966 5522 2131 5598 hunc
2162 5521 2338 5598 Basnlii

789 5593 994 5653 textum
1025 5600 1094 5652 cl.
1131 5593 1382 5659 Beccum,
1417 5599 1492 5650 De
1522 5613 1661 5664 proc.
1693 5595 1919 5661 Spiritus
1965 5595 2131 5664 sancti
2175 5608 2222 5645 c.
2286 5593 2336 5654 1,

791 5687 844 5738 ii.
894 5669 994 5732 ll;
1040 5667 1216 5738 Epigr.
1243 5687 1278 5722 ι.
1333 5667 1395 5722 G.
1435 5667 1498 5722 0.
1523 5663 1572 5730 7|,
1604 5663 2335 5738 253;_ll,_555;ut;mrstant.

790 5731 1029 5803 Meliten.
1082 5731 1216 5792 orat.
1268 5740 1318 5802 l,
1375 5753 1424 5791 c.
1481 5738 1546 5791 l5
1599 5735 1683 5803 (G.
1735 5735 1793 5788 0.
1833 5734 1898 5793 ll,
1950 5733 2109 5800 665);
2141 5731 2334 5803 Georg.

793 5802 1015 5875 T.apcz.
1064 5809 1140 5863 De
1186 5823 1322 5873 proc.
1360 5806 1587 5862 Spiritus
1609 5802 1784 5859 rsancti
1823 5805 1888 5858 ad
1920 5804 2073 5858 Joan.
2113 5802 2332 5858 Cubocl.

2437 3282 2560 3322 cum
2605 3265 2765 3320 Pater
2814 3282 2920 3320 non
2955 3267 3008 3318 in
3049 3281 3116 3319 eo
3162 3266 3307 3333 quod
3356 3264 3516 3319 Pater
3563 3263 3796 3333 Spiritus
3842 3276 4002 3315 causa

2437 3359 2679 3411 exsistat.
2725 3376 2742 3407 ι
2790 3357 3028 3410 Breviter
3057 3365 3112 3408 et
3158 3371 3385 3409 nervoso
3435 3353 3758 3407 llatramnus
3799 3351 3858 3418 (Ι.
3924 3364 4000 3410 ιιι,

2439 3464 2484 3501 c.
2515 3449 2568 3509 5,
2607 3465 2660 3517 p.
2705 3447 2878 3516 988)?
2919 3465 2935 3497 ι
2970 3447 3060 3500 Sic
3084 3446 3323 3499 evidenti
3347 3446 3553 3498 ratione
3587 3452 3918 3497 monstratur
3936 3441 4006 3493 ab

2441 3552 2669 3609 utroque
2695 3539 2988 3608 procedere
3021 3537 3258 3608 Spiritus
3289 3547 3528 3598 sanctus,
3558 3537 3683 3591 dum
3719 3534 4003 3588 manifeste

2439 3631 2662 3685 docetur
2714 3648 2814 3683 non
2866 3645 2988 3685 eum
3021 3647 3053 3682 ιι
3084 3630 3192 3684 solo
3221 3629 3381 3683 Patre
3412 3628 3720 3698 proeedcae,
3747 3641 3817 3680 ne
3863 3625 4005 3692 ﬁlias

2440 3737 2560 3776 esse
2596 3722 2768 3776 Patris
2799 3722 3028 3785 dicatur,
3061 3723 3155 3776 sed
3206 3738 3296 3775 nec
3334 3738 3364 3772 α
3399 3721 3508 3773 solo
3532 3720 3684 3781 Filio,
3716 3734 3786 3773 ne
3839 3718 4008 3772 Filius

2439 3822 2591 3882 pater
2620 3830 2740 3867 esse
2772 3813 3198 3881 blasphemetur,
3229 3813 3324 3867 sed
3371 3812 3572 3867 dicitur
3608 3811 3844 3881 Spiritus
3877 3825 4004 3863 san-

2441 3912 2562 3958 ctus
2586 3914 2634 3956 et
2661 3905 2938 3972 procedens
2955 3914 3002 3956 et
3019 3906 3082 3957 de
3105 3915 3322 3974 utroque
3341 3907 3635 3972 procedens.
3664 3902 3800 3972 1(Cf.
3820 3901 4004 3956 Petav.

2441 3996 2505 4049 de
2527 3995 2668 4049 Trin.
2711 4011 2805 4059 vn,
2843 3995 2928 4060 16,
2952 3996 3029 4064 5).
3059 3997 3193 4050 Cum
3222 3996 3308 4050 his
3339 4012 3400 4050 ea
3434 3996 3804 4050 conneetcnda
3857 4008 4006 4056 sunt,

2441 4102 2561 4156 qua:
2587 4103 2748 4156 supra
2779 4088 2904 4155 (art.
2931 4087 3161 4156 praeced.
3193 4085 3218 4156 §
3243 4087 3307 4140 17
3339 4086 3480 4155 seq.)
3510 4087 3577 4140 de
3607 4086 3786 4144 Patre.
3815 4092 4008 4153 quate-

2442 4192 2545 4230 nus
2589 4176 2786 4229 dicitur
2843 4175 3169 4245 principium
3220 4177 3305 4230 vel
3355 4178 3658 4246 proximum
3707 4175 3790 4229 vel
3833 4191 4010 4228 remo.

2445 4275 2581 4328 tum,
2616 4265 2758 4320 diota
2797 4265 3018 4319 fuerunt
3048 4267 3350 4336 quibusque
3382 4281 3618 4335 sequens
3650 4265 3826 4320 Photii
3849 4266 4010 4333 sylloo

2443 4372 2646 4426 glomus
2679 4358 2820 4424 (cap.
2845 4356 2933 4425 (ἢ)
2970 4356 3252 4412 refutatur.

2513 4445 2598 4500 50.
2640 4445 2700 4499 In
2736 4447 2945 4501 duobus
2995 4463 3113 4515 qua:
3139 4457 3439 4516 sequuntur
3467 4446 3799 4518 argumentis
3838 4462 3905 4502 ex
3949 4461 4014 4503 eo

2454 4627 2609 4694 (ibid.
2663 4626 2702 4696 Ι,
2755 4626 2920 4691 500);
2971 4626 3342 4696 Bessarionem
3390 4628 3559 4696 (Orat.
3614 4629 3786 4696 dogm.
3849 4643 3899 4682 c.
3949 4629 4011 4692 6;

2453 4697 2618 4749 Hard.
2676 4695 2764 4760 IX,
2823 4697 2968 4765 556).
3010 4695 3120 4750 Nec
3151 4699 3333 4750 minus
3366 4695 3526 4766 digna
3579 4695 4015 4752 consideratione

2450 4775 2597 4830 sunt,
2637 4781 2757 4834 qua:
2792 4765 2844 4818 in
2892 4768 3153 4819 Ancorato
3199 4767 3388 4836 scribit
3432 4765 3806 4836 Epiphanius:
3876 4769 4016 4820 Ἀλλ’

2451 4835 2567 4905 ἑ.ρεί
2595 4833 2677 4896 τιζῖ
2709 4852 2720 4864 ·
2747 4836 2953 4888 Οὐκοῦν
2980 4836 3073 4886 δύο
3107 4837 3286 4905 φαμὲῖ
3325 4833 3659 4898 εἶναι’Υἱούς
3685 4855 3700 4901 ;
3749 4839 3857 4890 Καὶ
3898 4837 4015 4898 πῶς

2494 4906 2786 4973 ονογενής,
2831 4945 2844 4958 .
2891 4944 2904 4959 .
2948 4942 2963 4957 .
3003 4906 3074 4956 Σὺ
3115 4901 3201 4968 sic
3241 4901 3289 4956 εἶ
3336 4907 3364 4957 ὁ
3417 4906 3890 4974 ἀντιλογιςόμενος
3940 4907 4016 4974 τῷ

2449 4921 2786 5025 ἓονογενης,
2831 4945 2844 4958 .
2891 4944 2904 4959 .
2948 4942 2963 4957 .
3003 4921 3074 4956 ιιυ
3115 4921 3196 4968 τις
3241 4922 3289 4956 ει
3336 4921 3364 4957 o
3417 4921 3890 4974 αντιιογιςομενος
3940 4925 4016 4974 τῳ

2495 4974 2604 5042 εῷ;
2638 4975 2697 5025 Et
2731 4978 2837 5043 γὰρ
2882 4977 2971 5026 τὸν
3008 4974 3134 5025 Υῑὸν
3183 4976 3338 5027 καλεῖ
3385 4976 3474 5026 τὸν
3513 4975 3571 5038 ἐξ
3621 4975 3809 5037 αὑτοῦ,
3856 4977 3917 5028 τὸ
3962 4977 4018 5028 δὲ

2450 5043 2602 5114 ᾰγιρν
2635 5045 2861 5114 Πνεῦμα
2883 5046 2942 5096 τὸ
2973 5045 3102 5113 παρ’
3134 5045 3457 5114 ἀμφοτέρων
3488 5060 3618 5099 itur:
3635 5046 3683 5096 λ.
3707 5045 3784 5099 De
3813 5047 4016 5114 quibus

2448 5111 2793 5183 cf.7Beccum‘
2829 5113 3010 5183 Epigr.
3054 5111 3110 5177 i;
3148 5111 3434 5167 Constant.
3489 5115 3728 5170 Meliten.
3775 5111 3919 5170 orat.
3959 5117 4017 5179 2,

2447 5197 2496 5234 c.
2531 5182 2635 5243 29;
2668 5193 2723 5235 et
2748 5182 3216 5252 GeorgfiMeftoch.
3243 5183 3304 5234 (ἐ.
3347 5186 3571 5238 Maxim.
3610 5184 3768 5238 Plan.
3798 5195 3855 5239 et
3883 5186 4020 5240 Con-

2449 5259 2530 5304 tra
2565 5254 2714 5305 Man.
2741 5251 3010 5322 Cret.’(C.
3043 5251 3104 5306 0.
3144 5253 3207 5316 ll,
3241 5254 3365 5316 552,
3402 5257 3526 5316 857.
3557 5257 3682 5319 956,
3729 5255 3856 5317 957.
3891 5256 4017 5320 977,

2449 5322 2633 5394 1050)ἐ
2675 5322 2999 5394 Deniqueet
3026 5324 3307 5376 Athanasii
3335 5323 3484 5394 locus
3515 5326 3581 5380 ad
3608 5325 3822 5394 ὓδωρ..
3854 5341 4015 5394 quem

2446 5392 2576 5444 citat
2605 5392 2808 5464 Beccus
2843 5391 3022 5464 Epigr.
3061 5409 3176 5464 ιιιι.
3219 5394 3298 5456 (G.
3322 5392 3400 5464 0.
3435 5395 3504 5456 ll,
3540 5397 3685 5463 659),
3727 5391 3833 5448 huc
3873 5391 4017 5464 'spe-

2447 5471 2560 5536 ctat
2587 5463 2735 5536 :09);
2763 5463 2908 5514 ἔστιν
2939 5463 3450 5536 ἅλὶιυις-ἢ-ᾠςᾲξπιν
3485 5468 3513 5517 ὁ
3546 5467 3755 5536 Πατὴρ)
3802 5463 4012 5536 lini-‘9.

2445 5535 2539 5584 καὶ
2564 5533 2625 5583 οὐ
2661 5533 2904 5593 πάππος,
2937 5534 3028 5584 καὶ
3060 5534 3086 5584 ὁ
3120 5533 3246 5595 Υἱὸς
3285 5533 3411 5595 Υἱός
3438 5537 3554 5587 ἐστι
3582 5533 3880 5592 τοιΤΘεοῦ,
3928 5539 4021 5587 καὶ

2443 5603 2504 5676 ob
2539 5601 2728 5676 ῌατὴρ
2759 5602 2850 5653 τοῦ
2884 5601 3221 5676 Πνερμᾳτος,
3256 5605 3350 5656 καὶ
3393 5603 3454 5656 τὸ
3485 5604 3706 5676 Πνεῦμα
3748 5605 3810 5676 τὸ
3841 5603 4014 5676 ἅγιον,

2445 5671 2664 5746 mappa
2704 5670 2886 5746 ἅγιος),⁸
2919 5672 3014 5746 afui.
3043 5673 3140 5725 οὐκ
3199 5673 3420 5744 ἔκγονον
3473 5675 3565 5728 τοῦ
3627 5670 3841 5746 Πατρὸς
3892 5670 4020 5728 ‘osss

2440 5742 2663 5810 ἀδελφὸς
2701 5742 2792 5794 τ’θῦ
2826 5741 2975 5795 Υἱοῦ.
