4242 6438
210 435 314 504 537

923 429 1021 495 DE
1061 432 1122 493 S.
1163 429 1360 493 SPIR.
1397 428 1900 494 MYSTAGOGIA.
1932 455 2003 469 —
2025 428 2769 495 ANIMADVERSIONES.

3369 429 3474 499 538

211 538 574 615 profiscicitur
613 536 793 595 Photii
829 538 1192 601 ratiocinatio,
1228 538 1373 608 quod
1404 538 1555 609 prius
1586 546 1640 594 et
1665 552 1793 608 pos-
1820 542 1867 600 Α
1896 535 2103 607 Spiritu
2137 537 2404 593 affirmant
2439 535 2551 608 (IV.
2582 537 2608 608 ᾗ
2656 537 2726 592 ει
2752 534 2871 607 fin.)
2902 554 2916 605 ;
2949 537 3202 595 refellunt
3232 541 3472 599 rationes

212 634 386 688 terius
426 648 455 684 a
490 631 824 699 sempiterna
862 625 1128 684 Trimtate
1156 644 1379 698 prorsus
1427 629 1497 684 sit
1527 628 1785 691 alienum,

208 724 355 795 quod
386 740 548 793 quam
583 722 896 793 longissime
926 722 1215 791 pradicata
1240 731 1457 791 tempus
1487 721 1790 791 signiﬁcan-

212 820 288 871 tia
322 832 350 868 a
376 830 592 868 summe
616 824 820 867 :eterna
844 812 1025 867 absint
1063 812 1377 868 Divinitatc.
1418 814 1545 869 inde
1569 816 1791 870 deduci-

210 916 321 971 tur,
347 905 509 958 simul
540 905 883 975 cogitandam
918 919 1039 957 esse
1066 914 1121 958 et
1147 906 1553 975 generationem
1585 916 1638 961 et
1666 922 1791 975 pro-

209 996 540 1058 cessionem,
574 1010 681 1048 non
714 996 939 1048 alteram
967 996 1136 1049 altera
1178 998 1262 1051 vel
1288 999 1523 1067 priorem
1552 999 1635 1051 vel
1664 1014 1789 1067 pos-

212 1089 471 1143 teriorem
498 1087 893 1156 accipiendam.
931 1086 1052 1151 Quo
1080 1088 1257 1157 posito
1297 1089 1348 1142 in
1373 1090 1543 1143 altero
1572 1089 1788 1159 quidem

211 1179 391 1247 capite
420 1180 532 1249 (05)
554 1181 623 1231 ita
648 1188 1064 1247 argumentatur
1090 1195 1102 1229 :
1130 1199 1146 1229 ι
1175 1178 1457 1243 Quomodo
1476 1196 1579 1234 non
1606 1180 1792 1234 theor-

212 1268 455 1340 gi.arum
500 1286 783 1323 causarum
817 1269 1122 1323 differentia
1148 1269 1463 1326 differentes
1497 1274 1794 1325 constituet

213 1377 478 1432 personas
525 1370 580 1415 et
605 1361 902 1416 sectionem
944 1361 1142 1415 inferet
1176 1373 1365 1417 contra
1415 1363 1791 1426 insecabilem,

212 1453 518 1521 simplicem
564 1462 620 1506 et
648 1454 866 1508 unicam
914 1453 1150 1524 Spiritus
1177 1454 1537 1526 hypostasin?
1566 1453 1645 1508 Ex
1701 1470 1794 1508 ea-

212 1546 338 1597 dem
378 1546 525 1599 enim
559 1559 793 1614 persona
832 1546 1078 1600 diversas
1110 1548 1326 1615 prodire
1355 1549 1700 1615 operationes
1741 1554 1797 1599 et

1889 642 1920 682 c
1945 629 2019 683 rei
2048 629 2344 684 visceribus
2383 630 2585 699 petiue,
2615 644 2735 697 quae
2765 629 3172 700 generationem
3196 643 3323 689 ante
3345 650 3471 704 pro-

1890 720 2193 775 cessionem
2242 723 2586 790 presupponi
2640 724 2955 776 ostendunt.
3005 721 3121 793 μν,
3168 722 3195 793 §
3240 726 3304 781 15
3350 725 3468 799 fin.]

1887 812 2188 883 (21).Qnod
2213 814 2254 867 si
2279 812 2465 867 Patres
2483 814 2642 867 simul
2668 829 2790 868 cum
2812 813 2950 869 Filio
2968 816 3182 884 prodire
3197 817 3468 888 (συμπρο-

1892 906 2065 972 ιέναι)
2120 905 2380 974 Spiritum
2412 904 2702 971 affirmant,
2754 904 2804 959 id
2856 906 2979 959 ideo
3013 906 3087 970 fit,
3123 916 3179 960 ut
3223 911 3466 975 temporis

1892 997 2186 1068 posteritas
2222 1005 2494 1049 arceatur.
2529 996 2677 1069 Dicta
2710 995 2975 1065 ejusmodi
3010 1012 3131 1049 cum
3163 998 3302 1061 aliis,
3349 1014 3469 1069 qua:

1892 1088 2279 1143 mediationem
2348 1087 2470 1142 Filii
2510 1068 2622 1159 (l’ll,
2668 1087 2694 1157 ᾗ
2750 1087 2835 1155 16)
2866 1088 3197 1157 exprimunt,
3247 1068 3471 1144 omnino

1891 1179 2223 1234 concordare
2258 1178 2479 1242 Beecus,
2514 1180 2590 1234 De
2638 1169 2781 1247 proc.
2824 1178 3056 1247 Spiritus
3085 1181 3276 1241 sancti,
3308 1197 3357 1235 e.
3389 1182 3421 1235 9
3450 1199 3465 1247 ;

1893 1279 1946 1325 et
1979 1269 2372 1323 Constantinus
2423 1270 2776 1333 Meliteniota,
2814 1283 2955 1324 orat.
2986 1270 3040 1333 ε,
3071 1286 3119 1325 c.
3162 1273 3232 1325 28
3262 1272 3347 1341 (6'.
3402 1272 3464 1327 0.

1893 1359 1934 1425 ι,
1966 1361 2240 1422 508-513ς
2278 1360 2341 1425 fl,
2368 1360 2468 1413 704
2497 1365 2634 1430 seq.)
2667 1363 2928 1431 praeclare
2953 1363 3267 1417 ostendunt.
3301 1361 3467 1434 Egre-

1894 1452 1979 1521 gie
2000 1466 2065 1505 ex
2091 1454 2196 1521 iam
2227 1454 2471 1507 adductis
2490 1452 2733 1523 Gregorii
2760 1453 2983 1524 Nysseni
3014 1455 3194 1508 verbis
3227 1454 3277 1524 (§
3307 1455 3394 1524 34)
3415 1466 3470 1511 et

1895 1559 1961 1596 ex
1989 1544 2331 1614 prmstilutaa
2354 1561 2411 1599 se
2442 1544 2808 1599 declaratione
2832 1545 2879 1614 (ᾗ
2910 1546 2993 1613 18)
3014 1546 3186 1615 arguit
3206 1545 3468 1615 Georgius

212 1639 466 1702 virtutes,
502 1638 805 1706 prasertim
836 1637 889 1689 in
921 1637 988 1691 iis
1019 1652 1141 1705 qua:
1169 1645 1417 1690 naturam
1447 1646 1609 1705 atque
1643 1633 1793 1704 1527]
1896 1634 2294 1704 Trapezuntius
2350 1635 2433 1701 (υ.
2472 1635 2537 1689 0.
2571 1637 2613 1696 ἰ.
2656 1636 2781 1699 529)
2814 1654 2826 1690 :
2862 1654 2879 1685 ι
2922 1634 3153 1703 Uterque
3184 1636 3367 1702 (Pater
3413 1647 3469 1691 et

214 1729 486 1783 rationem
540 1728 698 1797 plane
723 1736 1006 1796 superant,
1039 1728 1253 1782 facilius
1291 1738 1374 1782 est
1399 1729 1699 1799 intelligere
1741 1736 1795 1781 et
1899 1728 2086 1794 Filius)
2138 1727 2562 1796 prwintelligitnr
2604 1724 2838 1795 Spiritus
2871 1727 3143 1796 hypostasi
3202 1727 3467 1796 (προοεω-

216 1818 505 1870 innumera
565 1819 682 1881 ejus
730 1818 807 1870 rei
834 1816 1246 1884 deprehendere
1276 1817 1643 1879 documenta;
1696 1815 1791 1869 sed

1902 1820 2067 1887 ρεῖτασ
2096 1817 2194 1885 τῆς
2222 1817 2314 1870 τοῦ
2338 1818 2652 1886 Πνεύματος
2690 1819 3084 1883 ὑποστάσεως).
3119 1828 3177 1872 ttt
3196 1819 3468 1889 Nyssenus

214 1912 409 1965 nultibi
464 1911 733 1977 reperitur
762 1924 920 1978 posse
957 1910 1093 1973 fieri,
1131 1908 1259 1976 quin
1294 1906 1618 1977 hypostasis,
1670 1922 1791 1976 qua:
1825 1887 1867 1941 Β
1892 1910 2126 1975 asserit;
2162 1920 2443 1978 propterea
2474 1910 2541 1962 ab
2570 1922 2799 1977 utroque
2845 1910 2925 1977 (ἐξ
2952 1911 3174 1977 ἀμφοῖν)
3209 1887 3441 1978 Spiritus

211 2004 281 2055 ad
320 2000 631 2055 differentia
675 2000 910 2053 refertur
937 1998 1219 2068 principia,
1265 1998 1573 2052 differentia
1599 2014 1663 2051 ac
1710 1998 1791 2051 di-

216 2093 476 2146 versitate
496 2107 779 2146 causarum
803 2105 908 2143 non
941 2097 996 2143 et
1033 2090 1145 2159 ipsa
1171 2106 1199 2141 a
1228 2104 1286 2143 se
1313 2090 1525 2143 differat
1546 2099 1601 2143 et
1631 2090 1789 2143 simul

214 2182 540 2235 dissecetur.
584 2200 601 2232 ι
628 2181 683 2233 In
716 2184 886 2233 altero
914 2194 1044 2233 vero
1075 2180 1146 2248 (c.
1177 2177 1266 2247 64)
1297 2178 1473 2248 arguit
1527 2178 1789 2247 Spiritum

216 2273 333 2327 fore
376 2283 431 2326 et
470 2273 815 2343 caugenitum
844 2271 979 2324 Filio
1008 2279 1064 2325 et
1101 2271 1483 2339 procedentem
1533 2285 1597 2323 ex
1649 2270 1787 2339 ipso,

218 2367 289 2418 ita
327 2374 390 2418 ut
434 2364 594 2417 sitnul
626 2365 841 2433 genitus
868 2372 921 2416 et
948 2364 1251 2431 procedens
1278 2363 1383 2419 sit:
1427 2379 1445 2412 ι
1478 2377 1540 2415 ac
1590 2363 1790 2431 genitus

218 2458 461 2525 quidem,
510 2458 597 2525 qui
639 2457 799 2510 simul
847 2456 1189 2524 progreditur
1216 2469 1339 2508 cum
1388 2454 1523 2507 Filio
1582 2456 1786 2523 genito,

219 2552 501 2618 procedens
534 2567 679 2613 vero,
704 2551 827 2619 quia
849 2550 1117 2621 duplicem
1141 2549 1287 2602 subit
1308 2550 1733 2618 proeessionem.
1765 2569 1783 2602 ι

221 2646 362 2697 Sane
421 2644 473 2697 id
520 2658 712 2696 omnes
752 2644 946 2696 docent
996 2658 1059 2694 ac
1103 2650 1444 2711 propugnant
1506 2642 1785 2707 lleitatem,

222 2736 452 2803 ideoque
484 2745 538 2789 et
579 2747 687 2788 trvs
724 2750 981 2803 personas
1027 2743 1177 2787 extra
1211 2743 1423 2803 tempus
1465 2748 1583 2788 esse
1623 2734 1790 2787 nihil-

221 2842 323 2897 que
368 2828 421 2879 in
460 2828 525 2880 iis
571 2843 692 2881 esse
736 2827 1131 2893 temporarium.
1170 2844 1185 2875 ι
1220 2824 1376 2878 Nulla
1429 2826 1502 2879 ibi
1546 2835 1788 2895 tempora

221 2922 549 2991 cogitantur,
594 2920 667 2972 ait
716 2918 1043 2987 Augustinus
1075 2916 1176 2982 (De
1208 2916 1346 2971 Trin.
1386 2932 1474 2978 xv,
1511 2915 1626 2985 26),
1671 2932 1790 2987 qua:

224 3014 427 3068 habent
458 3012 606 3081 prius
633 3023 687 3065 et
730 3012 1001 3081 posterius
1032 3010 1142 3080 (f9)
1184 3028 1230 3063 ι.
1270 3010 1335 3064 Et
1369 3009 1478 3063 Leo
1520 3009 1588 3062 M.
1622 3024 1785 3064 serm.

223 3107 275 3170 3,
323 3106 391 3160 de
442 3106 663 3160 Pentec.
720 3120 770 3158 c.
822 3104 855 3155 4
889 3104 1043 3172 (Ball.
1091 3119 1254 3157 serm.
1300 3105 1387 3166 77,
1443 3119 1496 3173 p.
1542 3106 1646 3158 M5
1698 3106 1787 3159 cd.

222 3195 478 3259 Dircam):
526 3212 545 3246 α
580 3195 715 3249 Cum
763 3195 828 3249 ad
868 3194 1233 3248 confitendum
1272 3193 1481 3247 Patrem
1511 3204 1565 3249 et
1594 3194 1785 3249 Filium

223 3297 278 3342 et
326 3287 589 3357 Spiritum
630 3294 901 3347 sanctum,
960 3284 1131 3337 aciem
1192 3284 1391 3336 mentis
1431 3282 1785 3348 intendimus,

224 3377 409 3445 procul
451 3377 520 3429 ab
544 3375 722 3429 animo
755 3374 955 3427 fortnas
976 3372 1264 3427 visibilium
1300 3389 1481 3427 rerum
1511 3383 1569 3427 et
1607 3382 1787 3427 a'tates

227 3470 597 3535 temporalium
641 3478 977 3529 naturarum,
1025 3464 1212 3533 procul
1259 3479 1486 3533 corpora
1542 3466 1788 3518 locorum

226 3573 277 3617 et
298 3564 411 3617 loca
440 3577 726 3630 corporum
749 3559 1093 3627 repellamus.
1126 3557 1371 3611 Discedat
1390 3572 1417 3610 a
1441 3558 1622 3619 corde,
1646 3556 1789 3626 quod

225 3657 398 3724 spatio
450 3654 781 3709 extenditur,
820 3650 964 3719 quod
997 3649 1101 3703 fine
1138 3649 1500 3712 concluditur,
1536 3658 1590 3702 et
1635 3649 1790 3716 quid-

224 3748 349 3816 quid
375 3762 479 3799 nec
506 3759 720 3813 semper
744 3742 938 3809 ubique
968 3755 1071 3794 nec
1098 3748 1265 3793 totum
1296 3750 1397 3793 est.
1432 3739 1696 3808 Cogitatio
1722 3740 1790 3793 de

226 3840 428 3895 Deitate
471 3837 752 3890 Trinitatis
779 3843 1037 3903 concepta
1067 3832 1201 3886 nihil
1242 3848 1337 3903 per
1363 3833 1668 3886 distantiam
1704 3832 1787 3884 in-

228 3935 450 4000 telligat,
500 3931 635 3983 nihil
667 3946 761 3998 per
790 3928 986 3997 gradus
1016 3934 1237 3996 quaerat.
1278 3945 1295 3975 ι
1329 3924 1430 3979 Sed
1462 3925 1506 3979 si
1553 3924 1790 3977 excludi-

228 4035 313 4078 tur
363 4024 416 4076 in
464 4021 663 4076 divinis
711 4020 961 4089 prioritas
1014 4018 1277 4085 temporis,
1330 4032 1437 4071 non
1488 4017 1790 4071 excluditur

228 4116 379 4183 plane
431 4114 682 4181 prioritas
730 4111 949 4162 rationis
983 4108 1117 4179 (ΞΟ).
1161 4127 1180 4159 s
1233 4108 1373 4161 Sane
1403 4109 1551 4176 prius
1610 4120 1789 4163 mente

229 4208 528 4277 concipitur
576 4219 735 4257 causa
781 4218 942 4272 quam
989 4202 1234 4265 effectus,
1279 4200 1429 4270 prius
1468 4200 1787 4269 principium

228 4313 385 4366 quam
444 4293 851 4365 principiatum,
904 4292 1055 4361 prius
1096 4291 1254 4343 Pater
1287 4304 1446 4358 quam
1493 4288 1677 4354 Filius,
1736 4297 1791 4342 et

230 4388 379 4456 prius
428 4386 591 4439 Pater
618 4393 675 4437 et
697 4383 865 4436 Filius
896 4396 1056 4449 quam
1091 4379 1239 4451 [528]
1275 4378 1508 4448 Spiritus
1548 4391 1786 4433 sanctus.

230 4476 662 4547 Progressionem
697 4472 1075 4527 simultaneam
1108 4471 1224 4524 Filii
1259 4480 1314 4524 et
1342 4469 1575 4540 Spiritus
1601 4486 1667 4524 ex
1690 4469 1789 4523 Pa-

1894 2002 2086 2055 Sinon
2128 2002 2197 2054 ab
2254 2011 2502 2069 utroque,
2561 2017 2669 2053 non
2724 2000 3212 2069 pmintellignntur
3261 2002 3464 2062 amlm;

1890 2098 1976 2148 sed
2007 2095 2490 2163 prwintelliguntnr
2516 2110 2534 2155 ;
2562 2108 2623 2146 ex
2656 2104 2883 2160 utroque
2915 2092 3097 2162 igitur.
3135 2110 3151 2143 ι
3195 2092 3298 2145 Sed
3329 2091 3467 2145 diffi-

1892 2188 2144 2241 cultatem
2194 2194 2415 2239 movent
2446 2185 2740 2238 adversarii
2778 2204 2788 2237 :
2831 2204 2847 2234 ‹
2895 2185 3066 2237 Causa
3100 2183 3464 2254 przeintelligi-

1893 2285 1980 2331 tur
2008 2276 2219 2330 effectui
2247 2292 2261 2339 ;
2322 2276 2551 2328 effectus
2578 2289 2707 2327 vero
2739 2273 3020 2342 (αἰτιατὸς)
3054 2273 3221 2327 Filius
3249 2282 3303 2326 et
3341 2288 3465 2342 pro-

1891 2367 2091 2421 ducere
2154 2364 2523 2435 (προῦἁλλειν)
2580 2378 2759 2417 causa:
2813 2372 2898 2417 est
2957 2381 2971 2427 ;
3032 2363 3466 2433 pra-intelligitur

1890 2456 2326 2527 ergo-hypostasi
2380 2454 2523 2509 Filii.
2561 2474 2579 2505 ι
2644 2455 2847 2508 Auctor
2891 2464 3074 2507 noster
3115 2455 3403 2519 respondet
3450 2472 3463 2507 :

1897 2569 1915 2600 ι
1957 2548 2110 2600 Ratio
2155 2546 2253 2599 ista
2285 2562 2347 2599 ex
2380 2561 2523 2615 penu
2576 2546 2955 2613 Sophistarum
2986 2555 3086 2599 est.
3143 2544 3465 2599 Praeintelli-

1890 2640 2033 2711 gitur
2056 2640 2199 2693 enim
2238 2638 2394 2691 Pater
2426 2637 2560 2690 Filio
2600 2652 2761 2689 causa
2787 2652 2887 2689 non
2917 2653 2979 2688 ea
3008 2651 3124 2705 qua
3152 2646 3226 2689 est
3278 2654 3464 2689 secun-

1890 2732 2017 2783 dum
2042 2728 2190 2801 [319]
2215 2729 2592 2795 proccssionem
2624 2726 2721 2795 (τῷ
2761 2726 2919 2796 αἰτίῳ
2948 2727 3007 2778 οὺ
3041 2726 3118 2794 τῷ
3148 2728 3267 2779 κατ’
3297 2726 3463 2778 ἐκπό-

1891 2826 2134 2889 ρευσιν);
2184 2834 2418 2887 natnque
2468 2818 2557 2872 hic
2584 2819 2782 2871 modus
2811 2818 2949 2871 alius
3002 2818 3333 2873 essistentiaa
3383 2825 3466 2873 est

1891 2910 2065 2981 (ἄλλος
2085 2909 2283 2979 τρόπος
2314 2908 2618 2977 ὑπάρξεως)
2644 2924 2658 2970 ;
2684 2923 2845 2961 causa
2872 2924 3000 2961 vero
3020 2925 3139 2977 qua:
3165 2910 3464 2963 secundum

1893 3004 2290 3073 processionem
2339 3011 2396 3055 et
2457 3000 2725 3069 προϐολὴν
2755 3009 2855 3062 est,
2888 3014 3064 3068 neque
3116 3012 3242 3055 ante
3288 3018 3465 3071 neque

1890 3103 2014 3165 post
2057 3094 2375 3165 intelligitur
2425 3092 2569 3163 (οὔτε
2608 3092 2991 3159 ἰπιθεωρεῐται
3045 3090 3170 3143 οὗτε
3222 3095 3464 3163 apotheo-

1895 3186 2084 3253 ρεῖται)
2123 3186 2281 3236 Pater
2308 3181 2462 3235 Filio.
2496 3180 2665 3234 Nemo
2685 3181 2830 3234 enim
2875 3194 2939 3233 ex
2987 3180 3118 3247 ipsis
3142 3196 3267 3248 erga
3296 3181 3463 3235 alium

1889 3283 1984 3327 aut
2016 3274 2176 3326 veluti
2212 3273 2537 3341 principium
2581 3280 2674 3325 aut
2704 3273 2867 3325 veluti
2902 3272 3022 3326 finis
3056 3272 3343 3341 (terminus
3388 3270 3461 3325 cf.

1890 3364 1916 3435 ς
1945 3364 2028 3433 l8)
2056 3374 2139 3417 est
2164 3362 2537 3431 hujuscemodi
2574 3376 2917 3431 progressus,
2966 3379 3034 3416 ne
3067 3378 3288 3431 prorsus
3321 3379 3462 3417 unus

1889 3472 1953 3511 ex
2017 3456 2100 3509 his
2149 3454 2383 3523 Spiritus
2437 3454 2527 3507 sit.
2587 3453 2659 3504 Τὸ
2722 3454 3120 3524 προϐάλλεσθαι
3162 3468 3289 3527 vero
3343 3464 3464 3522 post

1894 3557 2181 3615 utrumque
2211 3546 2546 3615 intelligitur.
2574 3563 2592 3595 ι
2628 3545 2731 3599 Sed
2768 3554 2973 3598 Instant
2995 3562 3209 3598 rursum
3236 3563 3248 3597 :
3284 3564 3301 3595 ι
3340 3544 3462 3598 Dci-

1892 3647 1991 3699 tas,
2036 3652 2153 3703 quin
2198 3636 2249 3688 in
2294 3634 2447 3687 Patre
2492 3644 2595 3698 est,
2633 3634 3064 3704 praaintelligitur
3102 3635 3173 3687 illi
3210 3651 3331 3703 quas
3375 3645 3462 3688 est

1891 3730 1943 3783 in
1976 3728 2109 3781 Filio
2156 3737 2209 3780 et
2236 3727 2287 3779 in
2326 3725 2551 3795 Spiritu,
2585 3735 2639 3779 et
2673 3726 3027 3779 nihilominus
3052 3742 3168 3780 eam
3216 3742 3461 3781 commu-

1888 3820 2033 3874 nicat
2061 3820 2217 3872 Pater
2238 3818 2317 3871 eis
2339 3833 2459 3885 quae
2480 3833 2543 3871 ex
2579 3832 2637 3871 se
2668 3826 2815 3871 sunt.
2858 3836 2875 3867 ι
2918 3816 3115 3871 Verum
3148 3819 3260 3872 hac
3289 3818 3459 3872 solida

1890 3928 1996 3966 non
2054 3927 2173 3965 esse
2222 3910 2514 3978 respondet
2548 3908 2983 3977 Trapezuntius:
3019 3930 3037 3961 ‹
3085 3909 3264 3963 Deitas
3312 3909 3457 3964 enim

1887 4019 2009 4073 qua;
2031 4005 2082 4055 in
2108 4002 2263 4055 Patre
2294 4012 2397 4065 est,
2428 4017 2531 4070 qua
2566 4000 2748 4053 Deitas
2796 3996 2850 4073 (ᾖ
2880 4000 3109 4069 Θεότης),
3135 4016 3243 4053 non
3266 4001 3462 4070 prasin-

1892 4091 2149 4158 telligitur
2176 4090 2268 4150 illi,
2290 4106 2409 4157 qua:
2435 4089 2487 4141 in
2516 4087 2651 4141 Filio
2684 4098 2798 4148 est..
2817 4105 2939 4142 cum
2963 4089 3151 4142 eadem
3174 4091 3242 4143 sit
3264 4104 3463 4143 secun-

1888 4184 2015 4238 dum
2042 4182 2219 4236 omnia
2246 4183 2497 4250 nullaque
2546 4181 2737 4235 relatio
2762 4180 3152 4249 interjiciatur;
3182 4181 3276 4235 sed
3321 4196 3461 4250 pra:-

1891 4274 2207 4343 intelligitur
2231 4273 2447 4342 quidem
2462 4287 2583 4340 qua:
2613 4270 2665 4323 in
2685 4272 2842 4325 Patre
2874 4280 2956 4324 est
2979 4269 3157 4323 Deitas
3184 4288 3284 4340 qna
3315 4288 3463 4339 gene-

1890 4382 1995 4433 rat,
2025 4362 2081 4440 (ᾖ
2103 4367 2309 4434 γεννᾷ),
2334 4373 2518 4433 postea
2539 4363 2855 4431 intelligitur
2871 4361 2925 4414 in
2946 4361 3098 4427 Filio,
3118 4378 3222 4431 qua
3249 4378 3461 4431 genera-

1891 4468 1978 4512 tur
2001 4452 2056 4530 (ᾖ
2084 4456 2381 4524 γεννᾶται),

232 4544 499 4635 tre,—qua:
548 4580 655 4618 non
688 4564 860 4617 solum
915 4563 1191 4630 temporis,
1228 4562 1321 4615 sed
1372 4570 1425 4614 et
1464 4561 1791 4629 cogitationis
1824 4564 1867 4618 D

1782 4564 1867 4618 ιι)
1966 4551 2053 4604 3|.
2099 4549 2189 4601 Est
2232 4563 2359 4617 ergo
2408 4546 2685 4617 generatio
2729 4545 2875 4613 prior
2917 4544 3301 4614 processione,
3347 4560 3457 4599 non

234 4654 562 4723 prioritatem
616 4652 887 4715 excludat,
939 4649 1191 4704 refellunt
1244 4666 1306 4703 ea
1361 4651 1581 4703 Patrum
1629 4651 1791 4715 dicta,

234 4761 349 4812 qua:
397 4746 597 4799 docent
629 4744 894 4812 Spiritum
950 4743 1020 4795 ita
1049 4758 1106 4796 se
1135 4742 1333 4796 habere
1378 4743 1443 4795 ad
1470 4741 1687 4805 Filium,
1737 4752 1795 4795 ut

235 4836 394 4892 Filius
425 4854 483 4891 se
511 4836 675 4891 habet
707 4836 771 4889 ad
794 4834 1005 4889 Patrem
1032 4833 1118 4901 (ll,
1143 4833 1168 4904 ᾗ
1194 4836 1247 4899 2,
1274 4843 1397 4888 nota
1421 4834 1472 4900 5)
1501 4852 1513 4897 ;
1546 4834 1795 4887 refellunt

234 4928 427 4985 diserta
474 4928 799 4991 testimonia,
838 4927 1035 4996 quibus
1081 4924 1271 4978 Filium
1311 4925 1641 4994 prwintelligi
1684 4940 1793 4993 pra:

303 5142 410 5213 (l9)
442 5143 639 5213 Totum
664 5142 767 5195 hoc
796 5138 1079 5209 Augustini
1112 5147 1273 5213 caput
1312 5138 1377 5213 ad
1407 5152 1518 5213 rem
1556 5138 1793 5213 pertinet

235 5208 489 5274 nostram,
542 5212 608 5265 de
662 5226 769 5279 quo
816 5208 979 5262 et'ex
1029 5224 1135 5272 quo
1186 5209 1327 5261 haud
1370 5208 1508 5261 male
1556 5210 1793 5277 disputat

238 5280 579 5339 Ratranmus,
605 5281 641 5335 l.
684 5296 741 5342 tt,
770 5296 819 5334 t‘.
851 5279 904 5339 3,
930 5295 983 5346 p.
1016 5280 1138 5331 285.

303 5352 410 5420 (ἳο)
460 5352 660 5403 Praeter
708 5350 1040 5420 prioritatem
1103 5347 1359 5416 temporis
1414 5358 1498 5401 est
1542 5349 1791 5417 prioritas

238 5419 446 5483 ordinis,
487 5437 595 5488 quo
625 5434 791 5472 unum
828 5429 955 5471 ante
986 5419 1128 5470 aliud
1163 5427 1480 5471 numeratur
1534 5428 1588 5472 et
1638 5420 1791 5487 poni-

238 5499 338 5552 tur,
369 5493 449 5543 vel
485 5501 711 5553 παίω-ω,
754 5505 862 5557 quo
903 5489 1189 5540 exhibetur
1236 5500 1531 5557 conceptus
1563 5500 1788 5551 naturas,

238 5575 351 5627 quin
378 5561 642 5629 completa
697 5569 781 5612 est
828 5569 883 5611 et
928 5558 1122 5629 abalia
1151 5558 1405 5629 distincta
1441 5558 1669 5629 exsistit.
1710 5559 1789 5611 vel

240 5626 465 5697 originis,
500 5626 604 5697 qua
652 5645 819 5681 unum
861 5630 927 5681 ab
960 5628 1065 5681 alio
1096 5638 1272 5681 ortum
1309 5626 1491 5681 habet.
1528 5627 1581 5680 Si
1617 5640 1701 5681 est
1737 5629 1787 5680 in

240 5695 490 5752 Trinitata
519 5695 667 5758 ordo.
708 5699 937 5753 habetur
964 5708 1018 5751 et
1048 5699 1299 5764 prioritas
1326 5698 1569 5764 quazdam
1598 5699 1787 5750 saltem

241 5765 419 5839 logica.
452 5769 611 5839 Greg.
644 5766 799 5839 Nyss.
829 5768 864 5821 l.
894 5769 911 5821 1
942 5768 1004 5821 C.
1038 5765 1259 5839 Eunoni.
1295 5768 1395 5839 (ϐ,
1434 5765 1494 5821 0.
1547 5766 1609 5831 ll,
1664 5768 1788 5836 524)

244 5835 436 5893 diserte
468 5835 629 5895 habet
654 5856 666 5893 :
693 5835 957 5908 *Ἐπινοεᾳ
996 5838 1133 5909 μόνῃ
1180 5837 1319 5891 κατὰ
1341 5837 1431 5892 τὸν
1472 5842 1567 5907 τῆς
1612 5835 1790 5900 αἰτίας

1898 4650 2173 4710 tempore,
2213 4641 2304 4693 sed
2353 4638 2586 4708 ἐπινοίᾳ,
2620 4638 2970 4706 cogitatione,
2996 4637 3226 4701 ordine;
3258 4638 3461 4706 praain-

1898 4733 2153 4802 telligitur
2207 4730 2509 4783 intellectus
2561 4729 2875 4791 voluntate,
2930 4727 3165 4782 Verbum
3221 4731 3457 4792 Amore,

1894 4822 2101 4892 Spiritu
2146 4819 2333 4873 Filius.
2368 4819 2508 4888 Ergo
2553 4818 2679 4871 licet
2724 4819 2933 4871 nullum
2976 4828 3191 4887 tempus
3231 4818 3455 4883 dividat,

1896 4926 2074 4969 tamen
2112 4928 2219 4967 non
2260 4912 2421 4965 simul
2459 4911 2831 4980 intelliguntur
2856 4921 3037 4965 mente
3074 4920 3261 4965 nostra
3292 4925 3458 4980 gene-

1892 5131 2047 5197 λόγον
2077 5122 2556 5198 προηεωρονμὲνου
2589 5121 2683 5176 τοῦ
2709 5123 2859 5196 Υῐοζι.
2896 5122 3103 5195 (Vide§
3138 5124 3189 5189 7,
3218 5133 3346 5179 nota
3389 5122 3449 5190 1;

1947 5202 2035 5263 24,
2061 5197 2189 5251 nota
2220 5197 2295 5250 ‘2l.

1897 5202 2035 5273 μέν,
2061 5209 2189 5251 nota
2220 5202 2295 5250 2).

1966 5270 2073 5340 (it)
2107 5270 2261 5340 Greg.
2285 5264 2413 5340 _(_3p_i.
2441 5264 2589 5340 Apol.
2624 5280 2670 5340 ς.
2718 5263 2889 5340 Marci
2942 5263 3075 5340 Epit.
3119 5262 3282 5340 _Conf.‘
3306 5262 3451 5340 (cod.

1892 5332 2034 5397 Moti.
2060 5332 2131 5393 ΞἹ
2168 5332 2343 5391 [⁷115
2372 5337 2421 5387 h.
2452 5335 2549 5387 Hii
2580 5335 2685 5401 a.):
2747 5333 2883 5385 Ἀλλ’
2914 5334 3033 5385 οὐδὲ
3084 5332 3188 5402 μὴν
3224 5334 3285 5385 αι
3323 5332 3454 5399 πρό-

1892 5418 1998 5469 οδοι
2030 5414 2145 5479 ἅμα
2175 5405 2324 5479 alii"
2361 5405 2566 5479 βεϐαοοῖ
2604 5403 2762 5479 τοῦτο
2802 5404 3096 5479 Γρηγόριος
3126 5402 3455 5479 ὁ-Θεολάγρς

1892 5470 2135 5552 ῳὰσκολν3
2191 5497 2207 5552 _t
2241 5476 2313 5528 “re
2349 5470 2447 5552 τῆς
2496 5475 2805 5552 ὲκφᾴνσεως
2845 5470 3108 5552 ίδιᾴφορον
3153 5472 3211 5552 ᾗ-
3238 5472 3298 5524 τὸ
3352 5470 3455 5540 τῆς

1892 5541 2025 5624 ’ἱερὸς
2054 5545 2531 5624 ἀλληλξμοχέσεῳς
2562 5545 2813 5624 βιάφορρν
2854 5546 2946 5624 x1):
2979 5541 3082 5624 τὴν
3118 5541 3305 5624 ξλῆσιγ
3356 5557 3452 5624 πρ-

1892 5609 2085 5683 πξίῇκε
2118 5636 2131 5650 ο
2175 5609 2192 5667 ἱ
2226 5609 2381 5683 δῆλον
2414 5614 2521 5679 γὰρ
2550 5614 2623 5678 ὡς
2652 5609 2702 5683 si
2724 5609 2852 5683 ’ἅμα
2890 5614 2943 5665 ai
2982 5609 3217 5683 xpdooot,
3247 5609 3453 5683 obuia

2162 5688 2257 5754 τῆς
2279 5670 3058 5762 ’ἐκφᾶνέεωςξῖνειιξιάςξορον.
3094 5679 3295 5762 Deinde
3321 5680 3454 5762 citat

1892 5750 2091 5819 Ath'an.
2123 5750 2261 5814 orat.
2288 5757 2347 5811 δ..
2372 5750 2419 5808 c.
2455 5754 2546 5806 Ar.
2578 5753 2659 5820 (G.
2691 5756 2750 5803 0.
2784 5752 2846 5806 ιι.
2882 5752 2980 5805 550
3008 5767 3021 5815 ;
3045 5759 3183 5803 orat.
3209 5751 3263 5812 ι,
3290 5750 3451 5820 epist.

1895 5837 1917 5889 1
1953 5836 2017 5890 ad
2053 5833 2244 5899 Serap.
2268 5826 2421 5896 (ibid.
2460 5824 2607 5893 552),
2632 5821 2791 5893 Greg.
2831 5820 2984 5893 Nyss.
3012 5822 3277 5889 aliosque.
