4242 6438
802 404 907 466 539

1925 391 2185 451 ΡΗΟΤΙῐ
2217 386 2724 449 PATRIARCH/E
2762 387 2870 447 CP.

3923 371 4025 435 M0

804 507 942 561 ratio
995 503 1374 575 proccssioque
1394 542 1408 566 ,
1464 499 1556 555 sed
1611 497 1914 567 concipitur
1966 499 2246 567 generatio
2303 507 2362 551 ut
2392 512 2435 563 Α
2463 496 2742 564 ceptioues
2768 502 2822 547 et
2846 491 3091 547 veritatis
3113 505 3292 545 sermo
3314 489 3569 545 declarat.
3602 508 3621 540 ι
3651 488 3727 543 Ad
3757 488 3871 541 haec
3897 502 4023 539 vero

802 596 1112 666 praecedens
1171 592 1599 663 processionem.
1634 590 1693 642 In
1734 597 1857 641 actu
1892 604 2021 641 vero
2056 588 2360 655 processio.

802 689 887 740 uis
931 685 1093 740 simul
1136 685 1403 753 spirantes
1445 681 1826 749 concipiuntur
1863 679 2019 733 Pater
2058 687 2112 731 et
2155 676 2356 742 Filius,

800 779 927 831 dum
964 776 1173 845 spirant
1214 783 1274 827 ut
1320 788 1485 825 unum
1538 770 1895 839 principium,
1931 769 2088 823 unica
2129 770 2356 831 virtute,

802 869 959 923 unica
995 865 1328 936 operatione.
1376 882 1394 913 ι
1452 862 1575 915 Non
1620 872 1694 914 est
1741 861 1971 929 Spiritus
2008 872 2249 923 sanctus,
2283 861 2360 914 ait

798 959 1086 1011 Anselmus
1120 956 1218 1025 (De
1244 971 1462 1022 process.
1494 952 1679 1023 Spirit.
1709 954 1894 1015 sancti,
1922 967 1972 1005 c.
2005 952 2092 1020 16)
2121 955 2265 1020 prius
2295 954 2358 1005 de

797 1050 957 1103 Patre
996 1066 1156 1119 quam
1184 1048 1246 1100 de
1276 1045 1440 1103 Filio,
1469 1062 1561 1097 nec
1593 1047 1656 1097 de
1693 1044 1828 1097 Filio
1864 1060 2023 1112 quam
2056 1043 2119 1095 de
2160 1040 2357 1108 Patre;

797 1151 900 1190 nec
933 1135 1102 1202 major
1139 1147 1238 1186 nec
1282 1132 1458 1200 minor
1478 1140 1559 1184 est
1588 1130 1857 1183 exsistens
1888 1130 1955 1183 de
1987 1129 2165 1193 Patre,
2195 1143 2357 1197 quam

796 1224 1063 1277 exsistens
1087 1222 1153 1275 de
1176 1221 1331 1285 Filio,
1359 1236 1461 1274 nec
1483 1219 1653 1289 magis
1675 1234 1778 1273 nec
1808 1219 1987 1271 minus
2015 1227 2100 1272 est
2127 1219 2195 1273 de
2225 1234 2357 1283 uno,

797 1328 957 1381 quam
992 1312 1057 1365 de
1092 1312 1283 1365 altero.
1328 1331 1345 1362 ι
1387 1310 1439 1363 Id
1470 1321 1622 1379 urget
1655 1320 1844 1363 contra
1877 1308 2122 1363 Nicetam
2151 1310 2357 1379 Byzan-

798 1405 929 1456 tium
962 1402 1112 1473 Hugo
1147 1403 1473 1456 Etherianus
1499 1406 1558 1470 (ι.
1597 1420 1659 1462 ι..
1693 1417 1742 1455 c.
1776 1402 1862 1465 15,
1892 1416 1945 1469 p.
1982 1400 2138 1466 1208,
2174 1401 2353 1471 1209).

794 1496 1289 1565 Argumentabatur
1316 1494 1404 1547 ille
1432 1495 1577 1547 hunc
1602 1495 1652 1546 in
1682 1493 1901 1546 modum
1929 1511 1942 1546 :
1982 1510 2000 1542 ι
2037 1493 2092 1546 Si
2123 1493 2356 1563 Spiritus

794 1601 860 1639 ex
899 1586 1056 1638 Patre
1096 1583 1340 1653 Filioque
1374 1585 1653 1653 procedit,
1679 1598 1903 1638 necesse
1940 1593 2042 1646 est,
2074 1592 2167 1637 aut
2200 1582 2356 1636 simul

792 1675 902 1727 sine
949 1684 1178 1739 tempore
1218 1680 1273 1726 et
1310 1683 1565 1726 aeternam
1607 1686 1727 1726 esse
1772 1672 2204 1741 progressionem
2233 1672 2357 1739 Spi-

794 1764 931 1817 ritus
959 1778 1024 1816 ex
1057 1763 1213 1816 Patre
1239 1773 1293 1816 et
1326 1761 1479 1825 Filio,
1509 1772 1601 1816 aut
1633 1765 1913 1816 secundum
1941 1764 2085 1831 prius
2111 1772 2159 1815 et
2186 1773 2356 1829 poste-

2462 585 2616 655 llugo
2648 583 2938 652 respondet
2991 582 3211 636 Latinos
3243 582 3439 635 merito
3465 581 3532 634 de
3561 579 3671 634 Deo
3690 596 3797 633 non
3856 594 4023 633 enun—

2463 677 2597 730 tiare
2644 675 2864 744 proprie
2902 674 3067 728 verba
3110 674 3255 740 prius
3302 681 3357 725 et
3406 672 3697 741 posterius.
3738 669 4023 724 secundum

2464 776 2704 834 tempus,
2760 763 3124 833 principaliter
3176 773 3231 817 et
3286 763 3628 823 secundario;
3676 776 3782 814 nou
3841 761 4021 814 dicere

2462 856 2723 927 Spiritum
2767 856 3131 924 principaliter
3160 853 3271 923 (22)
3310 852 3457 924 [551]
3493 854 3562 907 ab
3595 853 3887 914 alterutro,
3924 850 4019 904 sed

2459 949 2523 1001 de
2554 956 2772 1015 utroque
2808 945 3101 1015 aequaliter.
3141 943 3346 998 Deinde
3401 952 3590 997 notat:
3638 962 3657 993 ι
3700 942 3852 1007 Quod
3896 956 4021 995 vero

2460 1020 2728 1103 sequitur,
2761 1034 2970 1087 scilicet
3002 1032 3357 1101 propinquam
3392 1032 3614 1100 quidem
3653 1046 3871 1085 causam
3907 1046 4020 1083 ma-

2459 1123 2539 1193 gis
2591 1138 2713 1176 esse
2761 1138 3016 1183 causam,
3066 1122 3247 1175 minus
3303 1134 3433 1174 vero
3476 1136 3597 1188 quae
3649 1132 3854 1173 remoua
3907 1128 4017 1180 est,

2460 1213 2547 1283 (ad
2580 1212 2655 1285 id)
2685 1214 3073 1269 absolvendum
3119 1212 3392 1268 sufﬁciens
3430 1227 3551 1267 esse
3593 1212 3843 1276 arbitror,
3875 1208 4019 1279 quod

2459 1304 2511 1359 id
2552 1305 2655 1359 tale
2687 1306 2741 1359 in
2775 1306 3133 1367 naturalibus,
3160 1304 3345 1374 logicis
3383 1302 3779 1372 similibusque,
3812 1302 3866 1356 in
3897 1302 4019 1372 qui-

2458 1396 2560 1450 bus
2583 1412 2691 1449 non
2724 1397 2913 1450 eadem
2944 1411 3105 1449 causa
3140 1396 3341 1464 ubique
3372 1394 3675 1466 propinqua
3706 1403 4021 1462 remotaque

2458 1496 2574 1551 est,
2604 1488 2781 1541 locum
2824 1487 3025 1551 habet;
3065 1487 3121 1540 in
3150 1486 3349 1540 divinis
3382 1502 3513 1541 vero
3541 1486 3788 1555 personis
3820 1501 4020 1554 nequa-

2457 1594 2619 1648 quam
2643 1618 2658 1643 ,
2697 1589 2811 1633 tum
2868 1588 3091 1648 propter
3130 1579 3233 1632 alia
3276 1579 3479 1644 multa,
3514 1594 3634 1647 qua:
3677 1578 3837 1631 silere
3878 1593 4021 1631 nunc

2458 1678 2703 1738 praestat,
2742 1679 2857 1723 tum
2898 1684 2997 1738 pro
3044 1684 3143 1733 eo,
3176 1669 3319 1738 quod
3363 1670 3663 1737 propinqua
3709 1677 4023 1736 remotaque

2452 1778 2618 1819 causa
2667 1779 2880 1831 prorsus
2926 1764 3109 1815 eadem
3139 1772 3469 1817 censeantur
3498 1762 3656 1815 Pater
3692 1771 3748 1815 et
3811 1760 3980 1816 Filius
4004 1801 4020 1822 .

795 1854 924 1905 rius.
962 1850 1115 1917 Quod
1161 1854 1205 1906 si
1255 1851 1400 1923 [550]
1441 1853 1742 1907 secundum
1786 1854 1935 1920 prius
1972 1863 2027 1906 et
2068 1852 2357 1921 posterius,
2393 1846 2435 1900 Β
2459 1862 2620 1922 atque
2660 1868 2838 1922 neque
2874 1854 3177 1907 secundum
3219 1861 3461 1922 tempus,
3504 1867 3679 1921 neque
3718 1854 4020 1906 secundum

792 1944 848 1998 in
890 1960 1210 2014 quocunque
1252 1945 1481 1998 duorum
1513 1946 1603 2009 sit,
1632 1946 1854 1998 evidens
1881 1955 1963 1999 est
1988 1945 2353 2013 blasphemia;

793 2038 895 2090 erit
926 2036 1067 2089 enim
1110 2036 1344 2105 Spiritus
1374 2052 1433 2091 se
1469 2037 1585 2106 ipso
1616 2038 1766 2105 prior
1790 2046 1845 2090 et
1875 2037 2164 2105 p0sterior,
2193 2044 2353 2089 aeter-

792 2142 896 2180 nus
932 2136 985 2181 et
1018 2127 1392 2195 temporalis...
1437 2127 1533 2181 Sin
1559 2136 1740 2180 autem
1774 2128 1961 2189 simul,
1992 2137 2185 2195 prater
2222 2136 2354 2178 tem-

792 2234 912 2284 pus,
955 2218 1275 2269 wternaliter
1316 2232 1379 2271 ex
1420 2218 1708 2279 ambobus,
1748 2219 1903 2270 Patre
1936 2218 2058 2271 dico
2102 2226 2157 2271 et
2194 2215 2350 2280 Filio,

792 2308 1065 2377 procedit,
1114 2307 1199 2362 cui
1249 2317 1305 2362 ut
1354 2309 1760 2379 propugnaculo
1804 2308 2111 2361 innituntur
2153 2309 2245 2377 qui
2285 2324 2352 2362 ex

790 2403 1017 2453 adverso
1056 2401 1344 2465 dimicant,
1378 2401 1727 2468 quaerendum
1764 2409 1846 2452 est
1875 2400 1942 2451 ab
1978 2398 2140 2467 ipsis,
2169 2408 2353 2452 utrum

790 2490 948 2542 simul
980 2500 1171 2558 prmter
1195 2500 1393 2559 tempus
1422 2503 1470 2543 et
1497 2491 1840 2554 wternaliter,
1868 2505 1933 2542 au
1974 2490 2245 2555 quomodo
2268 2489 2354 2542 di-

792 2589 939 2634 cant.
988 2581 1122 2634 Nam
1182 2582 1226 2634 si
1286 2582 1649 2649 principaliter
1693 2596 1755 2633 ex
1808 2581 2070 2633 ambobus
2126 2581 2350 2645 dicant,

792 2678 976 2737 aperta
1022 2680 1103 2723 est
1146 2670 1499 2738 blasphemia.
1537 2671 1709 2723 Erunt
1749 2670 1891 2722 enim
1940 2671 2060 2723 in...
2092 2669 2355 2724 Trinitate

793 2764 914 2815 duae
954 2762 1278 2830 principales
1308 2770 1362 2815 et
1393 2763 1511 2815 sine
1550 2762 1817 2831 principio
1840 2804 1853 2825 ,
1888 2762 2005 2816 sine
2035 2779 2194 2817 causa
2231 2779 2356 2832 per-

794 2867 973 2915 sonte,
1006 2852 1234 2920 ideoque
1283 2854 1400 2908 dua
1441 2868 1651 2913 causm,
1686 2853 1928 2921 duoque,
1970 2854 2263 2922 principia,
2301 2863 2355 2909 et

794 2943 902 2996 duo
934 2958 1039 2997 nou
1077 2944 1329 2997 habentia
1356 2959 1531 3012 neque
1558 2959 1774 2997 causam
1804 2958 1981 3012 neque
2005 2943 2351 3013 principium.

796 3033 980 3100 Itaque
1022 3034 1075 3086 in
1123 3034 1345 3088 deorum
1390 3036 1498 3102 (ed.
1541 3034 1793 3099 duorum)
1844 3034 2203 3103 pluralitatem
2235 3050 2356 3103 quae

796 3122 1118 3177 Christianae
1152 3134 1277 3177 sunt
1312 3124 1585 3193 religionis
1620 3124 2036 3187 transferentur,
2068 3135 2121 3178 ct
2157 3125 2353 3192 injuria

2462 1953 2732 2005 naturam,
2760 1958 2937 2013 neque
2989 1943 3271 1997 secundum
3321 1945 3549 2011 aliquem
3608 1944 3773 1996 alium
3813 1947 4021 1997 modum

2461 2033 2622 2087 Pater
2652 2033 2790 2087 Filio
2818 2036 2966 2102 prior
2988 2045 3070 2091 est
3097 2036 3210 2107 (25)
3239 2046 3294 2089 ut
3318 2035 3387 2089 de
3420 2036 3577 2089 Patre
3609 2035 3825 2105 quidem
3855 2035 4023 2104 Spiri-

2463 2134 2548 2178 tus
2581 2126 2969 2194 principaliter,
2996 2125 3125 2182 de-F
3130 2127 3220 2181 ilio
3251 2142 3381 2181 vero
3399 2126 3718 2181 secundario
3748 2136 3841 2180 aut
3872 2125 4021 2198 [352]

2460 2217 2605 2271 nulla
2627 2218 2858 2281 ratione,
2890 2226 2951 2271 ut
2981 2218 3154 2273 (ἱποί
3182 2218 3412 2271 nimium
3446 2218 3849 2287 inopinabiliter
3870 2218 4021 2273 afIir-

2459 2316 2641 2369 mant,
2686 2306 2976 2375 procedat;
3012 2317 3071 2361 ut
3109 2308 3254 2361 enim
3296 2318 3421 2361 ante
3458 2308 3637 2361 omnia
3680 2318 3918 2377 tempora
3956 2310 4020 2362 si-

2460 2398 2570 2450 mul
2608 2406 2734 2450 sunt
2772 2406 2968 2451 natura
3018 2395 3175 2451 Pater
3220 2408 3275 2451 et
3316 2395 3486 2450 Filius
3535 2396 3882 2466 ejusdetuque
3923 2398 4021 2450 bo-

2460 2488 2641 2553 noris,
2686 2489 2757 2542 ita
2798 2488 3061 2558 quidquid
3105 2489 3211 2559 (ed.
3255 2488 3565 2558 quidquam)
3612 2498 3789 2557 potest
3837 2490 4011 2553 Pater,

2458 2588 2641 2647 potest
2677 2589 2733 2633 et
2771 2578 2977 2645 Filius,
3014 2596 3083 2635 ne
3124 2581 3226 2649 (ed.
3262 2581 3336 2651 et)
3369 2580 3658 2648 quidquam
3690 2596 3719 2633 a
3760 2579 3932 2634 Patris
3963 2589 4019 2635 et

2461 2665 2580 2720 Filii
2612 2668 2852 2736 potentia
2884 2679 3278 2724 removeretur.
3308 2688 3327 2721 ι
3372 2669 3491 2723 lam
3519 2684 3645 2723 vero
3677 2670 3835 2723 inane
3862 2686 4019 2740 pror-

2460 2774 2555 2813 sus
2582 2769 2702 2823 est,
2733 2760 2875 2829 quod
2923 2758 3147 2815 Pbotius
3190 2761 3263 2828 (c.
3295 2762 3384 2825 6'5)
3422 2762 3491 2815 de
3531 2778 3817 2816 causarum
3861 2761 4018 2817 dilic-

2460 2848 2633 2902 reutia
2664 2850 2886 2918 profert,
2918 2866 3038 2919 qua:
3074 2851 3217 2904 nulla
3250 2853 3471 2905 omnino
3501 2863 3618 2919 est;
3666 2853 3898 2922 indeque
3926 2854 4020 2909 de-

2459 2939 2619 2993 ducta
2651 2942 2967 2995 consecutio
2990 2982 3002 3004 ,
3031 2941 3326 2995 sectionem
3359 2953 3414 2997 et
3450 2944 3769 2997 divisionem
3812 2945 3866 2997 in
3907 2944 4021 3014 ipsa

2462 3029 2696 3099 Spiritus
2721 3048 2953 3101 persona
2986 3033 3193 3086 inferri.
3227 3032 3527 3102 Utrumque
3548 3052 3669 3103 quae
3696 3035 3855 3089 toties
3882 3037 4021 3090 dixi-

2462 3135 2583 3172 mus
2611 3121 2940 3175 convellunt.
2974 3120 3159 3190 Neque
3192 3137 3317 3176 vero
3357 3124 3598 3191 sequitur
3640 3124 3710 3193 (c.
3753 3125 3861 3192 64),
3903 3122 4022 3193 Spi-

798 3230 905 3267 non
948 3215 1199 3283 quaelibet
1240 3217 1534 3269 zoarchicaa
1581 3224 1636 3269 et
1678 3215 2180 3283 supersubstantiali
2224 3216 2359 3269 irro-
2385 3207 2428 3263 ο
2461 3211 2623 3263 ritum
2667 3210 2784 3265 fore
2830 3211 2990 3266 simul
3042 3212 3280 3282 genitum
3336 3224 3391 3267 et
3445 3214 3856 3283 procedentem;
3910 3224 4019 3268 tum

797 3306 1007 3375 gabitur
1050 3305 1322 3361 Trinitati.
1364 3307 1518 3371 Quod
1561 3307 1605 3362 si
1656 3324 1758 3359 non
1799 3306 2190 3375 principaliter,
2231 3307 2358 3361 licet

799 3396 954 3449 simul
999 3405 1054 3449 et
1096 3398 1443 3462 aeternaliter,
1482 3398 1575 3452 sed
1618 3399 1829 3466 propius
1877 3407 2037 3465 atque
2087 3400 2355 3464 remotius,

798 3494 891 3538 aut
920 3488 1089 3553 primo
1124 3495 1179 3541 et
1214 3492 1545 3551 secundario,
1571 3500 1623 3543 et
1646 3491 1722 3542 sic
1745 3491 2043 3559 parturitur
2072 3490 2356 3559 impietas;

801 3576 1030 3643 primum
1058 3576 1299 3644 quidem,
1333 3580 1477 3646 quod
1508 3580 1679 3648 magis
1715 3580 1816 3632 erit
1848 3578 2014 3635 Filius
2038 3598 2199 3636 causa
2233 3580 2360 3651 Spi-

801 3666 967 3731 ritus,
1010 3667 1188 3720 minus
1234 3677 1414 3721 autem
1466 3668 1645 3724 Pater.
1699 3670 1834 3723 Nam
1878 3687 1998 3739 qua:
2057 3673 2358 3741 propinqua

802 3772 961 3811 causa
992 3767 1107 3821 est,
1140 3758 1310 3828 magis
1343 3774 1505 3813 causa
1533 3770 1644 3825 est,
1684 3771 1845 3828 prout
1873 3777 2188 3816 communes
2227 3778 2360 3816 con-

876 3967 1428 4043 (iﬂjgcragcauNicette
1456 3972 1619 4026 verba
1654 3974 1810 4027 nobis
1839 3990 1947 4026 non
1981 3985 2181 4043 praesto
2212 3986 2358 4042 sunt,

801 4052 864 4114 ex
896 4040 1089 4114 quibus
1112 4039 1339 4114 judicari
1372 4052 1551 4114 queat,
1578 4044 1704 4110 quid
1740 4044 1838 4112 ipsi
1864 4045 1934 4097 sit
1964 4039 2071 4114 lioc
2092 4039 2361 4114 principe;

804 4108 920 4185 liter
955 4109 1236 4185 (apxmtbg,
1274 4108 2010 4185 ἀρχρςτιδῶςζκυρίὼςᾼθιᾳ)
2042 4108 2172 4185 Quae
2206 4108 2357 4185 llugo

805 4176 900 4252 ait,
936 4177 1106 4252 prima
1141 4176 1321 4252 fronte
1342 4176 1883 4252 videntur‘contraria
1921 4176 2241 4252 Augustino,
2268 4176 2357 4252 (ιῖιί

807 4245 1069 4311 Spiritum
1098 4248 1465 4318 principaliter
1496 4250 1563 4302 de
1599 4249 1752 4303 Patre
1785 4245 2076 4318 procedere
2114 4245 2359 4308 dixitfld

804 4322 984 4389 tamen
1028 4318 1163 4389 ipse_
1188 4316 1545 4389 llipponensis
1576 4316 2059 4389 pnesul—exposuit
2102 4324 2185 4389 (de
2218 4324 2359 4378 Trin.

802 4385 1044 4459 35v,
1075 4405 1101 4459 ε
1149 4384 1271 4459 ideo
1310 4396 1489 4439 autem
1531 4384 1709 4441 addidi
1754 4384 2116 4458 principaliter
2139 4391 2261 4459 quia
2307 4403 2363 4446 et

801 4454 869 4529 de
906 4451 1041 4506 Filio
1072 4454 1561 4529 Spiritus_sanctus
1600 4451 1891 4526 procedere
1926 4451 2227 4529 reperitur;
2265 4463 2355 4515 sed

2458 3302 2581 3369 quia
2626 3304 2903 3370 generatio
2943 3312 2997 3357 et
3030 3304 3306 3372 processio
3338 3314 3465 3357 sunt
3504 3304 3624 3357 diue
3668 3304 3913 3357 actiones
3940 3304 4023 3358 di-

2458 3406 2649 3456 versae,
2681 3402 2792 3446 tum
2830 3394 2956 3462 quia
2978 3395 3189 3464 concipi
3220 3396 3411 3463 nequit
3438 3394 3675 3463 Spiritus
3712 3396 3875 3449 simul
3900 3392 4021 3449 cum

2460 3486 2595 3541 Filio
2646 3489 2974 3559 procedens,
3018 3491 3111 3544 sed
3151 3490 3361 3559 concipi
3407 3490 3570 3543 debet
3617 3488 4022 3557 generationem

2460 3593 2694 3647 sequens
2726 3595 2788 3634 ac
2827 3596 3251 3650 praesuppouens
3283 3580 3575 3649 processio.
3616 3578 3771 3643 Quod
3810 3588 4024 3647 tempus

2460 3686 2567 3723 non
2624 3672 2817 3726 dividit
2869 3673 3009 3726 inter
3048 3672 3447 3743 generationem
3501 3680 3554 3724 et
3600 3670 4021 3740 processionem,

2462 3762 2514 3815 id
2561 3780 2693 3817 sane
2742 3764 2955 3819 eﬂicere
2983 3765 3196 3833 nequit,
3224 3773 3283 3818 ut
3308 3763 3573 3819 terminus
3610 3764 3770 3817 unius
3792 3764 4026 3817 actionis

2461 3976 2753 4046 cultatem,
2801 3975 3057 4046 Spiritum
3122 3984 3371 4031 sanctum
3432 3977 3598 4046 magis
3654 3978 3951 4046 procedere
3994 3992 4022 4028 a

2460 4044 2638 4109 Patre,
2672 4044 2896 4115 quanta
2937 4044 3090 4115 Filio,
3119 4048 3190 4100 ita
3225 4044 3726 4115 respondetvlsum.
3763 4048 3811 4100 1.
3847 4066 3901 4115 (ι.
3934 4048 4022 4108 56,

2461 4131 2488 4167 a
2534 4115 2586 4167 5.
2636 4118 2701 4168 ad
2743 4116 2837 4177 2):
2878 4134 2895 4164 ι
2944 4114 3002 4173 Si
3042 4114 3209 4169 Filius
3250 4116 3519 4183 acciperet
3550 4131 3578 4168 a
3632 4114 3817 4172 Patre.
3857 4114 4023 4169 aliam

2462 4201 2676 4236 numero
2712 4186 2948 4237 virtutem
2991 4187 3055 4238 ad
3093 4184 3406 4254 spirantium
3455 4184 3711 4252 Spiritum
3750 4198 4022 4245 sanctum,

2462 4263 2799 4321 sequeretur.
2827 4257 2969 4323 quod
3000 4264 3147 4309 esset
3170 4269 3330 4308 causa
3354 4256 3591 4323 secunda
3611 4264 3665 4307 et
3689 4255 4023 4308 instrumen-

2463 4324 2604 4393 talis,
2630 4333 2685 4377 et
2718 4325 2796 4378 sic
2823 4322 2991 4393 magis
3012 4326 3327 4393 procederet
3351 4339 3378 4375 a
3413 4322 3592 4384 Patre,
3615 4339 3775 4390 quam
3803 4341 3831 4377 a
3862 4323 4019 4378 Filio.

2463 4391 2566 4445 Sed
2614 4410 2718 4445 uua
2758 4403 2804 4445 et
2846 4391 3026 4446 eadem
3060 4409 3273 4445 numero
3324 4394 3487 4444 virtus
3530 4394 3787 4457 spirativa
3838 4405 3916 4447 est
3970 4397 4022 4448 in

2465 4460 2622 4532 Patre
2663 4473 2717 4515 et
2751 4462 2915 4527 Filio;
2947 4464 3068 4515 ideo
3099 4462 3371 4531 a'qualiter
3393 4463 3635 4532 procedit
3662 4464 3731 4515 ab
3770 4474 4018 4532 utroque.

802 4522 894 4573 θεοῦ
934 4540 1136 4601 9000"}!
1169 4523 1259 4601 fili
1302 4522 1669 4601 Palfr_dedi_t_.
1707 4544 1814 4601 non
1842 4529 1950 4601 iam
1989 4522 2267 4601 exsiste‘uti
2304 4541 2354 4584 et
2390 4529 2433 4584 D
2462 4530 2613 4584 Licet
2663 4522 2952 4601 aliquando
3009 4522 3221 4586 dicatur
3266 4522 3626 4599 principaliter
3674 4533 3752 4584 vel
3812 4522 4023 4600 proprie

803 4593 1490 4667 n0t_iduiu_lialientiased
1538 4597 1796 4665 quidquid
1846 4597 2132 4667 Uuigeuito
2182 4597 2358 4654 Verbo

802 4659 981 4737 dedit,
1018 4661 1291 4737 gignendo
1343 4664 1507 4717 dedit.
1556 4659 1649 4719 Sic
1688 4659 1822 4736 ergo
1870 4659 1991 4721 eum
2045 4670 2263 4735 genuit,
2300 4677 2359 4722 ut

798 4730 960 4805 etiam
999 4730 1065 4782 de
1106 4731 1194 4783 illo
1235 4733 1426 4785 donum
1465 4751 1731 4787 commune
1761 4730 2092 4805 procederet
2134 4748 2189 4791 et
2233 4738 2357 4806 Spi-

802 4797 939 4876 ritus
983 4810 1210 4876 sanctus
1259 4812 1403 4876 esset
1448 4797 1817 4876 apdmrumf.
1876 4806 2185 4860 Declaratur
2230 4797 2358 4876 ergo

799 4868 941 4933 apud
969 4870 1770 4946 Aug._adverbioprincipaliter
1792 4879 1949 4931 Pater
1974 4886 2030 4928 ut
2057 4877 2202 4929 αἰτία
2229 4868 2359 4946 τιρό-

802 4939 1159 5014 ξί-ᾳταρκτικὴ,
1193 4940 1334 5014 unde
1361 4938 1498 5014 Filio
1529 4938 1606 4995 vis
1634 4945 1880 5011 spiratrix
1909 4938 2353 5014 communicatur.

802 5002 1366 5079 llinc'et‘Anselmus
1409 5002 1676 5065 tlautuar:
1711 5014 1767 5079 (Ι.
1811 5016 1930 5079 c.):
1972 5032 1990 5062 ι
2044 5012 2098 5067 Si
2141 5016 2358 5075 dicitur.

800 5075 940 5148 quod
972 5074 1203 5148 Spiritus
1233 5089 1453 5131 sanctus
1488 5074 1917 5148 principaliter'a
1953 5082 2107 5137 Patre
2132 5084 2220 5145 sit,
2249 5074 2356 5138 non

800 5144 946 5226 aliud
986 5147 1336 5226 signiﬁcatur.
1369 5144 1528 5226 quam
1552 5144 1698 5226 “quia
1740 5154 1863 5226 ipse
1905 5151 2104 5226 Filius.
2140 5144 2213 5206 de
2251 5170 2359 5221 quo

799 5222 895 5293 est.
916 5211 1148 5293 Spiritus
1186 5211 1446 5293 sanctusl,
1486 5211 1704 5293 a_Patre
1739 5211 1900 5293 habet
1931 5222 2032 5293 hoc
2066 5211 2281 5289 ipsum;
2302 5233 2361 5276 ut

801 5281 1285 5359 Sp_iritus_sanctus
1319 5289 1390 5340 sit
1417 5290 1483 5359 de
1524 5289 1650 5341 illo:
1684 5292 1935 5358 quoniam
1969 5292 2039 5349 id.
2072 5281 2216 5359 quod
2250 5281 2355 5356 est,

801 5349 965 5431 habet
990 5369 1017 5405 a
1048 5353 1239 5431 Patre;
1268 5371 1377 5408 non
1408 5358 1557 5431 sicut
1581 5349 1825 5431 ingrébus
1858 5349 2225 5431 creatis,'cum
2259 5349 2359 5414 ali-'-

800 5421 927 5499 quid
964 5424 1257 5499 asserimus
1309 5441 1452 5499 esse
1478 5428 1868 5499 principaliter,
1909 5421 2158 5483 volumus
2195 5431 2359 5499 signi-

803 5487 993 5569 ficare,
1022 5493 1373 5569 quod__nia_gis
1401 5487 1494 5569 _sit'
1514 5498 1615 5569 hoc
1634 5487 1827 5566 [quod
1856 5487 2065 5569 dicitur
2092 5487 2359 5569 principa-

800 5556 947 5616 liter.
978 5556 1135 5632 quarn
1167 5556 1322 5627 illud:
1348 5566 1413 5617 ad
1442 5568 1584 5632 quod
1621 5556 1873 5621 refertur.
1906 5588 1923 5618 ι
1969 5556 2164 5621 Eodem
2194 5556 2357 5623 sei'isu

799 5642 986 5707 vnocem
1034 5631 1253 5707 adhibet
1288 5645 1353 5707 _et
1390 5631 1643 5703 explanat
1679 5639 1965 5691 Anselmus
2020 5638 2355 5707 llalvelberg.

803 5694 945 5778 Qial.
979 5699 1246 5778 ἐξίσωσε,
1288 5703 1322 5755 1.
1377 5694 1634 5778 ιᾷιρέςηξξδ
1671 5707 1943 5778 (Spicilcgy.
1980 5708 2239 5778 d'Achery
2269 5694 2355 5765 ed.

796 5761 946 5821 Paris
974 5769 1132 5835 i725,
1157 5781 1195 5824 l.
1225 5761 1266 5835 i,
1295 5790 1348 5841 p.
1386 5761 1501 5837 189,
1541 5761 1701 5844 190)‘;
1828 5761 2092 5839 Tii'omas,
2120 5779 2183 5832 ad
2212 5761 2355 5831 "uim;

2463 4602 2751 4667 procedere
2794 4603 2861 4653 de
2907 4602 3095 4667 Patre,
3143 4612 3351 4669 propter
3385 4602 3652 4669 hocrquod
3692 4603 3843 4654 habet
3888 4605 4022 4655 lianc

2458 4671 2700 4722 virtutem
2723 4687 2753 4721 a
2776 4669 2956 4724 Patre.
2990 4691 3007 4721 ι
3033 4668 3195 4725 Porro
3215 4670 3354 4738 quod
3379 4672 3444 4723 ad
3470 4668 3743 4739 llugonem
3772 4682 4019 4724 nostrum

2459 4747 2685 4806 spectat,
2720 4740 2765 4791 is
2798 4755 2905 4793 non
2940 4742 3111 4793 solum
3144 4741 3250 4791 alio
3280 4742 3504 4792 omnino
3535 4757 3696 4793 sensu
3730 4740 4018 4795 formulam

2461 4808 2601 4861 hanc
2644 4809 2863 4874 rejecit,
2898 4820 2956 4861 ut
2992 4811 3073 4863 vel
3118 4810 3229 4863 lucc
3268 4810 3384 4877 ejus
3427 4809 3582 4861 verba
3628 4812 4017 4863 manifestam:

2468 4895 2487 4927 ε
2527 4877 2782 4945 lnquiunt
2803 4879 2947 4931 enim
2982 4879 3223 4941 (Latini,
3252 4880 3294 4932 si
3326 4895 3432 4933 non
3463 4891 3543 4931 est
3582 4880 3632 4931 in
3667 4891 3852 4932 sancta
3898 4880 4022 4933 Tri-

2459 4946 2631 4999 nitate
2671 4948 2821 5014 prius
2866 4950 3159 5001 secundum
3205 4958 3449 5015 tempus,
3497 4963 3670 5016 neque
3718 4950 4018 5002 secundum

2459 5026 2707 5068 naturam
2756 5018 3087 5070 honoremve
3134 5020 3521 5083 potentiamve.
3573 5032 3679 5070 non
3720 5028 3799 5070 est
3842 5020 4019 5086 aliqua

2460 5086 2623 5137 trium
2674 5101 3026 5153 personarum
3066 5088 3427 5154 principaliter
3470 5091 3537 5137 ab
3578 5088 3715 5146 alia,
3756 5105 3775 5136 ι
3831 5104 4019 5141 verum

2459 5154 2621 5206 etiam
2669 5154 3006 5207 dilicreutem
3054 5172 3273 5209 sensum
3323 5156 3530 5209 notavit
3590 5158 3705 5224 ipse
3754 5157 3873 5219 (lib.
3927 5160 4019 5210 cit.

2459 5225 2634 5345 :hlti,
2671 5240 2725 5292 p.
2762 5224 2897 5278 1210
2934 5224 2991 5279 l".
3025 5224 3111 5295 (ἶ.)
3134 5265 3149 5289 ,
3181 5227 3269 5279 ubi
3299 5242 3360 5280 ea
3392 5227 3503 5294 ipsa
3540 5226 3826 5295 Augustini
3861 5229 4019 5280 verba

2531 5308 2590 5345 er
2620 5334 2633 5345 .

2458 5301 2633 5345 aﬂert.

2529 5360 2641 5430 (23)
2677 5360 2799 5415 Haec
2838 5363 3019 5417 minus
3048 5365 3271 5432 prtecise
3309 5365 3449 5417 dicta
3478 5365 3761 5430 videntur;
3791 5368 4021 5419 restrin-

2458 5433 2629 5499 genda
2662 5442 2871 5497 tamen,
2912 5442 2968 5485 ut
3000 5434 3112 5500 ipsa
3146 5438 3302 5487 verba
3343 5438 3652 5495 ostendunt,
3686 5440 3751 5487 ad
3788 5438 4021 5503 Spiritus

2462 5504 2882 5575 process_i_o_nem.
2941 5503 3093 5575 Licet
3147 5506 3292 5557 enim
3339 5504 3550 5558 Patrem
3604 5506 3753 5572 prius
3799 5506 4018 5575 cogitari

2459 5586 2618 5643 quam
2651 5570 2841 5625 Filium
2878 5574 3010 5625 ordo
3044 5573 3157 5642 ipse
3198 5575 3459 5642 postulet,
3495 5570 3669 5627 tamen
3702 5570 3893 5643 quoad'
3911 5578 4020 5643 Spi-

2460 5642 2725 5695 rationem
2764 5643 2994 5695 activam
3038 5653 3265 5711 uterque
3299 5645 3509 5713 concipi
3549 5642 3799 5697 debet’ut
3826 5642 4018 5711 jauriu

2458 5725 2553 5789 sua
2586 5713 2968 5777 personalitate
3006 5714 3333 5767 constitutus
3368 5722 3421 5766 et
3456 5723 3515 5767 ut
3544 5714 3703 5767 simul
3741 5715 4019 5784 aequaliter

2459 5796 2691 5848 spirans.
