4242 6438
212 371 324 432 διε)

998 370 1322 430 HOMILIA
1373 368 1421 428 Ι.
1461 392 1525 403 --
1568 366 1646 427 1N
1682 367 1786 426 SS.
1826 366 2088 427 ΜΛΗΙΛΞ
2128 370 2671 439 NATIVITATEM;

3368 385 3473 447 550

214 480 636 551 ρεσσ›ς,.οὐδεμία
668 480 775 533 τῶν
797 480 853 545 ἐξ
886 480 1055 549 αὐτῆς
1097 480 1623 548 ἀναϐλαστησᾶντων
1668 478 1789 529 ἓπι-
1820 479 1863 533 Δ

1820 479 1863 533 Δ
1896 478 2008 548 ipsa
2056 482 2499 550 germinautium,
2538 485 2684 540 nulla
2731 484 3028 543 illucescet.
3069 488 3197 545 Ideo
3237 506 3473 562 namque

220 574 496 641 φαίνεται.
560 574 883 635 Ἀνάστασις
945 575 1075 640 γὰρ,
1115 574 1194 624 ὅτι
1247 571 1513 633 θάνατος·
1569 571 1795 631 θάνατος

212 668 295 727 δὲ,
318 667 398 718 ὅτι
430 666 756 735 σταύρωσιςο
786 664 1092 733 σταύρωσις
1121 665 1198 727 δὲ,
1223 666 1304 716 ὅτι
1331 664 1576 733 Λάζαρος
1601 678 1794 731 τεταρ-

214 760 370 818 ταῖος
399 756 525 827 ᾅδου
558 757 742 809 πυλῶν
771 756 1085 826 ἀνελήλυθε·
1138 757 1230 809 καὶ
1282 755 1473 821 τυφλοὶ
1504 753 1756 822 βλέπουσι

217 850 317 902 καὶ
346 850 536 918 κλίνην
563 851 649 917 ἐφ’
685 844 753 920 ἧς
780 851 977 913 ἔκειτο,
1000 852 1154 920 φέρει
1182 848 1391 917 τρέχων
1414 850 1443 899 6
1467 846 1791 916 παράλυτος·

217 942 450 993 καὶτῶν
478 942 968 1011 παραδοξουμένων
1005 941 1181 1010 έργων
1202 956 1217 969 ⁸
1260 940 1320 991 οὐ
1365 938 1475 1006 γὰρ
1513 936 1797 1006 ἐπίκαιρον

220 1035 398 1087 πάντα
435 1035 775 1101 καταλέγειν
804 1033 875 1085 τα
896 1033 1171 1095 ἐπίλοιπα,
1195 1031 1230 1085 ἃ.
1261 1032 1323 1084 τὸ
1355 1029 1625 1083 Ἰουδαίων
1648 1027 1797 1089 ἔθνος

217 1125 341 1177 δέον
368 1124 610 1189 δοξάζειν
660 1125 755 1177 καὶ
788 1126 1067 1191 ἀνυμνεῖν,
1108 1124 1187 1185 εἰς
1222 1122 1416 1190 φθόνον
1465 1120 1793 1184 ἐξέκαυσεν·

220 1217 315 1283 ἀφ’
346 1209 406 1267 οὗ
435 1217 524 1266 τὸν
551 1216 689 1267 κατὰ
716 1215 808 1266 τοῦ
845 1216 1094 1283 Σωτῆρος
1125 1216 1212 1265 ἐπ’
1244 1212 1448 1281 ὀλέθρῳ
1494 1211 1640 1279 σφῶν
1668 1209 1797 1277 φθό-

220 1325 311 1361 νον
348 1320 371 1347 ι
398 1307 837 1375 ἐπαλαμήσαντο.
872 1305 1059 1357 Ταῦτα
1101 1306 1185 1368 δὲ,
1226 1306 1306 1356 ότι
1339 1304 1570 1374 Χριστὸς
1602 1301 1798 1369 βαπτι-

227 1395 477 1461 σαμενυς,
514 1396 604 1444 καὶ
627 1394 751 1454 τοὺς
774 1391 1091 1460 ἀνθρώπους
1126 1392 1222 1459 τῆς
1273 1392 1484 1460 πλάνης
1530 1389 1800 1441 ἀπολυσά-

229 1502 409 1553 μενος,
470 1486 613 1552 ἔργῳ
666 1486 759 1536 καὶ
814 1486 955 1553 λόγῳ
978 1485 1077 1553 τὴν
1114 1483 1441 1548 θεογνωσίαν
1477 1481 1753 1533 ἐδίδασκεν
1779 1495 1795 1509 ·

227 1579 479 1645 βάπτισις
509 1580 587 1637 δὲ,
606 1580 692 1630 ὅτι
720 1579 991 1646 γέννησιςο
1027 1576 1261 1645 Χριστοῦ
1293 1576 1349 1628 δὲ
1386 1574 1657 1642 γέννησις,
1680 1590 1800 1625 συν-

225 1671 408 1737 τόμως
437 1670 530 1720 καὶ
561 1668 738 1730 καλῶς
772 1671 970 1731 εἰπεῖν,
1001 1668 1079 1721 ὅτι
1114 1667 1389 1734 Παρθένου
1420 1665 1669 1731 γέννησις
1689 1680 1702 1693 ·
1743 1668 1800 1716 ὲν

226 1758 259 1835 ᾖ
288 1762 661 1830 καινιζόμεθα,
693 1762 788 1813 καὶ
816 1763 882 1829 ἣν
903 1760 1182 1829 ἑορτάξειν
1209 1758 1511 1827 ἡξιώμεθα.
1536 1756 1692 1809 Οὕτω
1721 1755 1800 1826 ῥί-

228 1854 348 1920 ζης,
381 1854 413 1922 ἡ
444 1854 647 1921 πηγῆς,
682 1852 715 1922 ἢ
743 1852 1008 1921 θεμελίων
1042 1851 1219 1915 λόγον,
1259 1850 1291 1918 ἢ
1337 1850 1434 1901 οὐκ
1467 1844 1559 1900 οἷδ’
1591 1848 1672 1899 ὅτι
1708 1848 1800 1897 καὶ

225 1946 553 2014 οἰκειότερον
585 1944 743 2007 εἴπω,
777 1946 810 2012 ή
834 1943 1135 2012 παρθενικὴ
1160 1941 1440 2009 πληροῦσα
1471 1941 1796 2007 πανήγυρις,

229 2038 468 2097 ἐκείναις
502 2054 561 2088 τε
595 2038 795 2098 πάσαις
830 2036 1056 2096 εἰκότως
1083 2034 1423 2102 ἀγλαΐζεται,
1466 2032 1558 2084 καὶ
1588 2030 1801 2091 πολλοῖς

228 2126 325 2177 καὶ
385 2126 639 2193 μεγάλοις
686 2125 1037 2193 ἐνδιαπρέπει
1092 2123 1413 2192 χαρίσμασι,
1475 2122 1568 2174 καὶ
1606 2136 1802 2188 παγκο-

235 2214 397 2283 σμίου
426 2213 700 2284 σωτηρίας
734 2214 915 2283 ἡμέρα
948 2214 1291 2284 γνωρίζεται.

303 2566 549 2635 Σήμερον
580 2566 688 2634 γὰρ
722 2566 1057 2636 ήῐΙαρθένος
1089 2564 1290 2634 μήτηρ,
1334 2565 1398 2617 ἐκ
1445 2564 1660 2633 στείρας
1701 2576 1805 2629 μη-

230 2659 359 2729 τρὸς
384 2657 757 2720 ἁποτίκτεται,
791 2657 885 2709 καὶ
918 2656 1017 2724 τῆς
1047 2654 1381 2722 Δεσποτικῆς
1423 2652 1715 2722 ἐπιδημίας
1744 2648 1806 2701 τὸ

234 2748 495 2802 παλάτιον
527 2747 925 2815 εὐτρεπίζεται.
956 2747 1201 2816 Σήμερον
1241 2746 1415 2814 δεσμά
1468 2742 1806 2813 στειρώσεως

232 2843 439 2899 λύεται.
467 2841 560 2893 καὶ
590 2841 689 2908 τῆς
720 2840 1015 2908 παρθενίας
1053 2840 1118 2890 τε
1164 2838 1386 2907 κλεῖθρα
1426 2837 1802 2905 σφραγίξεται.

235 2929 329 2996 Οἷς
361 2935 469 3003 γὰρ
492 2934 652 3001 νηδὺς
678 2934 886 2999 ἄγονος,
913 2932 1007 2984 ml
1023 2930 1214 2997 λόγους
1240 2928 1580 2999 νεκρωθεϊσα
1603 2928 1806 2980 τεκνώ-

238 3044 397 3089 σεως,
430 3027 637 3094 καρπόν
666 3026 791 3094 παρ’
816 3023 1036 3085 ἐλπίδας
1060 3023 1259 3091 ὡραῖον
1291 3022 1623 3090 προήνεγκεν
1645 3037 1659 3051 ·
1686 3018 1807 3071 τοὺ-

1897 575 2223 629 resurrectio
2248 584 2349 637 est,
2384 577 2510 644 quia
2538 593 2685 633 mors
2711 598 2722 631 :
2758 595 2905 633 mors
2928 591 3137 645 autem,
3193 584 3317 651 quia
3345 600 3469 640 cru-

1900 665 2081 720 citixio
2114 683 2128 719 :
2168 667 2470 732 cruxilisio,
2517 669 2643 736 quia
2694 668 2930 724 Lazarus
2972 672 3378 739 quadriduanus
3405 677 3475 731 ab

1894 757 2089 811 iufcrni
2145 760 2316 827 portis
2372 775 2627 814 reversus
2675 771 2788 824 est;
2825 776 2887 814 ac
2931 763 3054 830 quia
3098 762 3222 817 caeci
3267 765 3471 830 vident,

1896 849 2347 919 paralyticusque,
2389 851 2587 904 lectum
2641 851 2697 905 in
2743 866 2852 921 quo
2892 851 3109 920 jacebat
3143 863 3321 923 portat
3350 865 3473 908 cur'

1896 958 2023 996 rens
2086 959 2101 995 :
2164 958 2227 997 ac
2280 943 2499 997 demum
2552 944 2679 1012 quia
2732 944 3051 998 admiranda
3103 946 3205 998 alia
3266 955 3475 1015 patrata

1894 1050 2058 1104 opera
2105 1034 2228 1105 (nec
2266 1034 2415 1087 enim
2466 1050 2563 1104 per
2592 1043 2809 1104 tempus
2836 1035 2963 1089 licet
2993 1051 3315 1104 percensere
3343 1053 3465 1090 om-

1897 1128 2008 1191 nia)
2038 1127 2236 1194 quibus
2268 1125 2583 1180 Iudaeorum
2618 1128 2875 1194 populus,
2907 1142 3031 1179 cum
3065 1128 3128 1180 ad
3166 1127 3377 1179 laudem
3410 1142 3474 1181 ac

1897 1218 2107 1273 cantica
2156 1218 2435 1285 provocari
2484 1207 2784 1280 debuisset,
2840 1218 3043 1269 invidia
3090 1218 3330 1279 exarsit;
3369 1234 3473 1285 qua

1899 1313 2267 1372 permoveute,
2313 1306 2367 1358 in
2401 1319 2559 1357 suum
2592 1304 2693 1372 ipsi
2729 1305 3009 1358 interitum
3054 1303 3346 1358 Salvatoris
3374 1322 3470 1358 ne-

1899 1413 2015 1452 cem
2063 1399 2230 1452 moliti
2272 1408 2420 1451 sunt.
2456 1397 2579 1449 Ilazc
2612 1404 2791 1449 autem
2832 1413 2898 1450 eo
2934 1398 3105 1460 fuere,
3139 1398 3277 1463 quod
3307 1396 3473 1448 Cbri»

1900 1500 2014 1543 stus
2039 1492 2339 1559 baptizans.
2371 1500 2531 1559 atque
2558 1492 2625 1544 ab
2652 1488 2988 1543 inﬁdelitatis
3014 1503 3199 1540 errore
3226 1487 3473 1539 homines

1901 1581 2156 1644 liberans,
2201 1594 2365 1647 opere
2420 1579 2625 1647 pariter
2662 1587 2824 1645 atquc
2865 1590 3140 1637 sermone,
3178 1574 3267 1625 Dei
3301 1574 3476 1625 scicn-

1903 1673 2030 1724 tiam
2092 1686 2154 1723 ac
2200 1672 2359 1723 fidem
2400 1670 2622 1723 doceret
2663 1686 2677 1722 :
2727 1668 3032 1735 baptismus
3082 1674 3299 1728 autem,
3346 1663 3473 1731 quia

1902 1762 2201 1815 nativitas:
2251 1760 2450 1815 Christi
2499 1769 2680 1813 autem
2730 1758 3005 1818 nativitas,
3061 1766 3118 1808 ut
3167 1770 3378 1808 summa
3412 1770 3475 1806 ac

1902 1852 2157 1922 praeclare
2200 1852 2398 1914 dicam,
2451 1850 2573 1919 quia
2619 1848 2855 1918 Virginis
2913 1846 3167 1899 nativitas
3216 1861 3229 1897 :
3278 1844 3331 1896 in
3368 1858 3475 1912 qua

1902 1944 2199 2006 initiamur,
2263 1956 2534 2012 quamque
2581 1940 2881 1994 meruimus
2929 1939 3222 1991 celebrare.
3270 1936 3474 2001 Quatu—

1888 2034 2107 2095 obrem,
2131 2032 2347 2093 radicis,
2380 2030 2631 2092 fontisve,
2662 2037 2757 2082 aut
2789 2026 3149 2085 fundamenti.
3169 2025 3254 2078 vel
3286 2026 3475 2079 nescio

1901 2125 2027 2193 quid
2076 2123 2386 2193 germanius
2435 2136 2499 2175 ac
2541 2120 2709 2190 magis
2745 2120 3024 2188 proprium
3075 2117 3276 2180 dicam,
3308 2117 3472 2169 ratio-

1903 2230 2058 2278 nem,
2124 2212 2397 2282 virginalis
2456 2209 2724 2264 festivitas
2778 2208 3045 2276 implens,
3113 2206 3217 2260 illis
3273 2207 3473 2274 pariter

1903 2306 2172 2361 universis
2222 2306 2562 2367 bonestatur,
2622 2317 2685 2356 ac
2736 2300 3019 2369 splendet,
3081 2300 3369 2366 multisque
3407 2313 3473 2352 ac

1903 2397 2112 2468 magnis
2156 2395 2439 2466 praepollet
2479 2394 2660 2460 donis,
2690 2408 2752 2448 ac
2784 2392 2970 2446 mundi
3008 2390 3248 2445 universi
3275 2390 3467 2444 salutis

1904 2491 2021 2545 dies
2051 2490 2311 2542 noscitur.

1974 2580 2148 2634 Hodie
2169 2579 2313 2633 enim
2334 2578 2496 2650 Virgo
2513 2588 2705 2643 mater,
2732 2594 2797 2633 ex
2823 2588 2995 2631 matre
3016 2574 3188 2631 sterili
3208 2573 3472 2639 nascitur,

1909 2672 2279 2741 Dominicique
2321 2676 2587 2727 adventus
2626 2671 2884 2741 palatium
2916 2676 3271 2738 praeparatur.
3300 2664 3476 2719 Hodie

1907 2765 2190 2820 solvuntur
2234 2762 2539 2817 sterilitatis
2583 2759 2817 2823 vincula,
2865 2774 2927 2812 ac
2970 2756 3294 2826 virginitatis
3320 2756 3471 2809 clau-

1907 2866 2018 2910 stra
2057 2855 2434 2925 obsignantur.
2487 2852 2696 2918 Quibus
2722 2850 2869 2903 enim
2906 2848 3230 2902 infecundus
3262 2856 3474 2909 uterus,

1908 2960 1973 2999 ac
2006 2945 2165 3011 cujus
2188 2942 2445 3013 proliﬁcae
2475 2942 2715 2995 rationes
2742 2948 3001 2993 emortua:
3025 2944 3227 2998 essent.
3260 2937 3476 3006 ιιι-ωειδ-

1909 3048 2028 3085 rum
2068 3032 2301 3085 fructum
2333 3030 2577 3100 protulit,
2615 3045 2739 3083 cum
2771 3044 2897 3098 spes
2926 3028 3105 3081 omnis
3130 3028 3377 3091 abesset;
3409 3025 3476 3080 iis

235 3135 348 3178 τοις
380 3119 470 3169 καὶ
499 3118 557 3168 τὸ
583 3117 678 3184 τῆς
706 3114 999 3184 παρθενίας
1050 3114 1405 3183 μνηστεύεται
1456 3113 1801 3181 ἀδιάφθορον,
1831 3132 1879 3195 c
1906 3149 1910 3174 η

1800 3132 1879 3195 κο
1906 3140 2121 3195 quoque
2173 3123 2447 3194 virginalis
2495 3122 2832 3190 incorruptio
2876 3120 3228 3188 promittitur,
3264 3113 3475 3188 paruis-

236 3212 333 3263 καὶ
362 3211 422 3262 τὸ
453 3210 635 3277 θαῦμα
665 3210 760 3277 τῆς
801 3209 1094 3279 κυοφορίας
1138 3207 1409 3276 ἐπιδήλοις
1451 3208 1631 3277 ἔργοις
1674 3223 1807 3276 προ-

237 3301 580 3368 αγγέλλεται.
612 3301 917 3369 ’Υπερφυές
950 3300 1048 3369 μὲν
1074 3300 1232 3361 τόκος
1256 3298 1644 3363 ἇνανδρος.καὶ
1666 3314 1808 3365 παρ-

240 3390 421 3451 θενίας
450 3389 665 3457 φυλακὴ
698 3388 835 3455 μετὰ
868 3388 1154 3455 γέννησιν
1186 3388 1309 3455 νικᾷ
1338 3386 1393 3437 δὲ
1437 3386 1672 3454 θεσμοὺς
1705 3385 1808 3454 φύ-

241 3498 378 3542 σεως
410 3482 503 3532 καὶ
532 3483 721 3548 στεῖρα
751 3480 888 3546 μετὰ
923 3479 1099 3548 γῆρας
1153 3476 1543 3545 γεωργουμένη
1578 3477 1673 3528 καὶ
1724 3477 1808 3527 τί·

238 3589 464 3633 κτόνσα,
518 3572 613 3623 καὶ
638 3571 734 3636 τῆς
764 3568 1038 3638 Παρθένου
1071 3569 1159 3619 τὸν
1209 3568 1386 3631 τόκον,
1413 3566 1478 3617 δι’
1537 3559 1612 3616 ὧν
1637 3582 1800 3634 τερα-

240 3665 577 3730 τουργείται,
616 3660 1051 3729 προοιμιάζεται.
1101 3660 1344 3727 Σήμερον
1397 3658 1485 3709 τὸν
1513 3657 1809 3725 ὀνειδισμὸν

240 3757 340 3824 τῆς
371 3757 619 3815 ἀτεκνίας
650 3756 679 3822 ἡ
721 3755 886 3805 Ἀννα
914 3753 1207 3819 θερίζεται,
1238 3754 1329 3804 καὶ
1352 3751 1451 3819 τῆς
1490 3751 1661 3819 χαρᾶς
1684 3750 1807 3810 τοὺς

245 3848 450 3914 στάχυς
510 3848 542 3913 ἡ
592 3845 884 3913 οἰκουμένη
942 3843 1289 3914 καρπίζεται.
1326 3841 1512 3911 Πατὴρ
1566 3839 1749 3902 παιδὸς
1781 3839 1808 3890 6

254 3934 511 4002 Ἱωακεὶμ
541 3933 883 4000 ὀνομάζεται,
920 3933 1011 3983 καὶ
1031 3931 1128 3999 τῆς
1154 3930 1420 3990 υἱοθεσίας
1448 3930 1608 3998 ἡμεῖς
1638 3928 1809 3997 ἀρρα-

244 4024 587 4094 ϐωνιζόμεθα
621 4024 681 4075 τὸ
710 4021 944 4091 ἀξίωμα.
976 4023 1216 4091 Σήμερον
1237 4024 1269 4090 ή
1310 4019 1576 4089 Παρθένος
1598 4016 1658 4080 ἐξ
1679 4018 1809 4084 ἀγό-

244 4135 351 4170 νων
398 4116 634 4182 λαγύνιον
679 4114 1023 4182 προέρχεται,
1047 4112 1141 4165 καὶ
1178 4112 1275 4174 τὰς
1306 4111 1469 4179 γονὰς
1504 4111 1602 4180 τῆς
1632 4111 1811 4179 ἁμαρ-

242 4209 428 4276 τίαςή
485 4206 771 4275 στείρωσις
823 4204 1158 4272 διαδέχεται·
1190 4202 1283 4255 καὶ
1336 4203 1435 4270 τῆς
1484 4201 1810 4268 Συναγωγῆς

244 4300 354 4352 τῶν
420 4298 685 4350 Ἰουδαίων
735 4296 957 4366 χηρεύει
1012 4297 1071 4347 τὸ
1108 4296 1399 4364 πλήρωμα,
1454 4296 1547 4345 καὶ
1578 4292 1687 4343 τῶν
1711 4292 1810 4360 τῆς

258 4388 582 4457 Ἐκκλησίας
617 4388 830 4439 κόλπων
866 4388 931 4438 τὰ
961 4388 1123 4438 τέκνα
1145 4386 1515 4453 προκύπτουσι
1542 4425 1557 4447 ,
1593 4384 1811 4453 Χριστῷ

1907 3231 2013 3285 que
2077 3216 2395 3269 miraculum
2463 3212 2769 3283 perspicuis
2825 3213 2988 3265 rebus
3056 3214 3473 3280 praenuntiatum

1908 3306 2168 3376 Equidem
2218 3306 2415 3359 eximia
2462 3319 2572 3366 res,
2626 3319 2689 3357 ac
2726 3312 2836 3357 tota
2881 3302 3014 3370 quid
3044 3302 3217 3370 majus
3254 3310 3473 3363 natura,

1909 3406 2095 3466 partus
2142 3396 2261 3449 sine
2309 3396 2464 3459 viro,
2514 3409 2577 3449 ac
2622 3401 2834 3447 servata
2886 3392 3169 3460 virginitas
3218 3392 3286 3444 ab
3332 3390 3474 3444 edita

1910 3488 2095 3557 prole;
2125 3502 2310 3541 verum
2334 3496 2542 3541 natura:
2570 3502 2785 3556 quoque
2805 3487 2925 3555 jura
2961 3496 3201 3555 superat,
3236 3497 3291 3539 ut
3314 3489 3476 3541 steri-

1910 3578 1976 3631 lis
2022 3593 2052 3629 a
2087 3577 2240 3629 senio
2271 3575 2602 3629 fecunditate
2643 3585 2925 3644 augeatur,
2959 3577 3275 3644 pariatquc;
3305 3591 3368 3628 ac
3398 3578 3473 3629 rei

1910 3667 2247 3737 prodigium,
2286 3666 2531 3735 virginali
2586 3666 2762 3733 partui
2812 3665 3036 3719 exordio
3078 3668 3251 3733 pneit.
3304 3666 3476 3720 Iiodie

1909 3760 2062 3811 Anna
2112 3758 2413 3811 sterilitatis
2462 3757 2815 3825 opprobrium
2864 3766 3146 3825 amputat;
3189 3757 3475 3826 gaudiique

1911 3858 2122 3918 segetes
2161 3858 2427 3901 terrarum
2469 3848 2617 3900 orbis
2664 3848 2839 3900 metit.
2884 3846 3128 3900 Joacbim
3162 3849 3352 3915 puellae
3381 3864 3476 3915 ap-

1911 3940 2143 4008 pellatur
2180 3947 2355 4006 patcr,
2397 3952 2606 4005 nosque
2644 3938 2954 4006 adoptionis
2979 3938 3342 3990 arrhabonem
3377 3938 3478 3991 bo-

1912 4030 2059 4084 noris
2116 4029 2335 4083 cumulo
2361 4030 2677 4099 accipimus.
2712 4029 2887 4106 Hodie
2915 4027 3076 4099 Virgo
3112 4045 3177 4082 ex
3221 4030 3476 4082 infecun-

1910 4124 1995 4177 dis
2044 4123 2243 4176 lumbis
2282 4121 2561 4190 procedit,
2618 4122 2934 4189 peccatique
2976 4122 3235 4174 fecundos
3291 4132 3478 4190 partus

1911 4214 2165 4269 sterilitas
2204 4212 2443 4281 excipit,
2498 4212 2789 4281 Synagoga:
2828 4212 3139 4265 Judmorum
3176 4222 3351 4265 ctetus
3394 4214 3479 4265 vi-

1911 4306 2051 4357 duus
2098 4310 2298 4363 manet,
2351 4314 2526 4368 exque
2580 4298 2831 4352 Ecclesia:
2877 4298 2998 4351 sinu
3050 4297 3141 4350 lilii
3186 4298 3472 4365 prodeunt,

1912 4391 2001 4458 qui
2043 4389 2259 4442 Christo
2308 4401 2509 4454 sponso
2549 4387 2729 4439 divine
2772 4395 3039 4449 crescant,
3086 4400 3146 4437 ac
3191 4386 3348 4453 pleno
3374 4402 3473 4439 nu-

247 4481 324 4549 τῷ
346 4482 562 4548 νυμφίῳ
593 4478 906 4549 θεοπρεπῶς
933 4477 1271 4547 αὐξανόμενά
1310 4494 1371 4528 τε
1416 4478 1510 4527 καὶ
1550 4475 1808 4545 πληθυνό-
1835 4464 1888 4522 Ῑ)
1916 4500 1922 4535 ι

1800 4510 1808 4519 -
1835 4464 1888 4522 Ῑ)
1916 4496 2066 4539 mero
2095 4487 2413 4550 augeantur.
2446 4477 2699 4531 Procedit
2730 4477 2879 4546 virgo
2912 4477 3008 4530 abs
3038 4478 3311 4530 sterilibus
3343 4477 3475 4530 lum-

252 4588 407 4641 μενα.
452 4570 539 4633 Ἐξ
568 4570 775 4636 ἀγόνων
806 4569 1044 4635 λαγόνων
1077 4569 1109 4635 ή
1151 4566 1422 4637 Παρθένος
1463 4567 1811 4635 προέρχεται,

245 4666 334 4714 ὅτε
385 4662 478 4714 καὶ
517 4661 755 4729 γονίμων
808 4659 973 4711 ὄντων
1002 4662 1029 4711 ὁ
1062 4657 1217 4721 τόκος
1253 4656 1575 4725 παράδοξος.
1601 4658 1663 4707 Ὤ
1715 4654 1811 4707 τοῦ

246 4751 551 4819 θαύματοςί
608 4751 696 4802 ὅτε
742 4750 838 4818 τῆς
871 4750 1077 4816 σπορᾶς
1132 4750 1160 4799 6
1193 4749 1380 4817 χρόνος
1433 4746 1811 4809 ἐξέλιπε,τότε

246 4843 338 4895 τοῦ
371 4840 584 4910 καρποῦ
615 4842 706 4907 τῆς
740 4842 908 4909 φορᾶς
939 4842 966 4891 6
1005 4840 1192 4907 καιρὸς
1235 4838 1609 4905 ἐπεδήμησεν·
1638 4838 1724 4887 ὅτε
1754 4835 1813 4885 τὸ

250 4934 361 5001 πῦρ
391 4933 624 5000 ἐσϐέσθη
652 4932 750 5001 τῆς
782 4930 1097 4999 ἐπιθυμίας,
1122 4931 1241 4981 τότε
1324 4929 1547 4996 λαμπὰς
1600 4926 1813 4995 ἀνήφθη

247 5027 349 5093 τῆς
376 5025 737 5085 παιδοποιΐας.
773 5023 979 5092 Νεότης
1010 5022 1166 5083 ἄνθος
1192 5022 1288 5073 οὐκ
1322 5021 1537 5089 ήνεγκε,
1578 5019 1668 5070 καὶ
1697 5018 1821 5087 βλα-

250 5117 377 5168 στὸν
400 5117 460 5166 τὸ
485 5114 658 5183 γῆρας
686 5114 1069 5184 προὸἁλλεται,
1097 5112 1327 5178 γαστρὸς
1353 5110 1512 5177 ὄγκος
1538 5107 1818 5177 ἀκμαζούο

250 5223 350 5272 σης
393 5206 492 5256 οὐκ
548 5204 793 5273 ἐγνώσθη
850 5204 1081 5271 φύσεως,
1139 5202 1230 5253 καὶ
1263 5202 1582 5269 ὑπεράκμου
1630 5198 1820 5268 νηδΰος

250 5295 614 5364 ἀειπάρθενον
652 5296 849 5365 βρέφος
875 5294 1198 5365 γνωρίζεται
1228 5293 1435 5362 κύημα.

335 5390 475 5443 Ἀλλ’
536 5393 781 5460 ἀπορεῖς,
811 5388 1085 5458 ἄνθρωπε,
1144 5389 1191 5440 εἰ
1245 5390 1279 5457 ή
1333 5389 1517 5456 στεῖρα
1568 5385 1821 5449 τέτοκεν;

1913 4574 2019 4635 bis,
2061 4581 2194 4634 tum,
2237 4585 2361 4624 cum
2394 4571 2557 4622 etiam
2600 4568 2665 4621 iis
2709 4567 2954 4620 fecundis
2998 4576 3185 4635 partus
3218 4567 3481 4621 mirabilis

1914 4679 1978 4719 ac
2024 4662 2268 4715 insolitus
2316 4659 2476 4713 foret.
2521 4660 2563 4711 0
2587 4673 2699 4710 rem
2729 4656 3061 4710 mirabilem!
3096 4672 3218 4709 cum
3251 4656 3482 4710 defecis-

1916 4763 1999 4807 set
2047 4750 2306 4806 sementis
2350 4758 2586 4817 tempus,
2616 4758 2745 4801 tunc
2774 4748 3028 4800 editionis
3053 4746 3259 4799 fructus
3282 4760 3483 4815 oppor-

1919 4843 2119 4895 tunitas
2165 4839 2386 4893 advenit
2431 4857 2445 4893 :
2499 4839 2588 4891 ubi
2640 4838 2953 4907 cupiditatis
2995 4836 3133 4905 ignis
3182 4838 3482 4890 exstinctus

1917 4946 2081 4999 esset,
2132 4942 2260 4987 tunc
2309 4931 2653 4985 fecunditatis
2695 4931 2777 4983 fax
2825 4944 3049 4983 accensa
3080 4939 3181 4983 est.
3216 4929 3481 4985 Juventus

1918 5040 2027 5077 non
2080 5024 2305 5093 pratulit
2355 5022 2565 5087 ﬂorem,
2619 5037 2948 5091 germenque
3001 5033 3252 5075 senet-tus
3306 5022 3419 5075 edit
3464 5040 3478 5075 :

1917 5117 2089 5185 vegeti
2141 5114 2275 5167 uteri
2317 5123 2496 5166 tumor
2549 5110 2762 5181 ignotus
2802 5112 2924 5177 fuit,
2971 5112 3247 5180 ell'mtique
3280 5114 3485 5165 ventris

1916 5209 2068 5277 virgo
2096 5213 2354 5276 perpetua
2388 5204 2568 5258 infans
2601 5204 2845 5257 noscitur
2877 5214 3086 5273 partus.

2002 5382 2312 5444 Enimvero,
2354 5381 2568 5435 dubitas
2608 5380 2793 5447 homo,
2840 5395 2969 5435 num
3011 5380 3213 5434 sterilis
3258 5392 3484 5447 pepere-

1526 5587 1761 5645 νΑῐιιΑε
1791 5584 2194 5641 LECTlONES.

363 5792 390 5820 ι
442 5777 580 5838 Lego
609 5774 791 5841 φόνον.-
