4242 6438
756 408 857 474 551

1860 401 2122 464 ΡΗΟΤΙΙ
2163 398 2669 461 ΡΑΤΒΙΑΒΟΗᾹΞ
2708 401 2819 461 CP.

3915 395 4037 459 552

760 519 872 572 rit?
927 515 1182 580 Quinimo
1231 514 1465 584 qureris,
1519 513 1718 583 quibus
1774 521 1824 565 te
1878 525 2096 580 quoque
2151 508 2336 562 mirari
2369 513 2413 571 Α

2448 508 2646 577 μᾶλλον
2672 508 2729 560 δὲ
2757 508 2963 577 ζητεῖς,
2999 501 3081 570 οἷς
3110 505 3205 560 καὶ
3241 505 3300 558 σὲ
3325 503 3625 575 θαυμάζειν
3649 505 3815 574 ἐχρῆν
3858 502 3926 554 δι’
3952 497 4038 556 ὧν

761 609 1067 678 oportebat,
1112 609 1311 677 quibus
1357 606 1691 660 admiramur
1733 605 1856 673 ipsi,
1886 604 2186 675 utdtgnam
2219 619 2333 656 rem

759 698 1022 751 miraculo
1075 698 1360 751 ridiculam
1418 697 1619 762 facias,
1670 711 2032 764 Spernasque,
2086 710 2148 748 ac
2206 710 2336 748 num

762 789 961 843 sterilis
990 789 1183 857 pariat,
1224 790 1402 843 verbis
1436 789 1765 843 contendis?
1794 788 1848 841 Si
1877 789 2020 841 enim
2061 804 2163 841 non
2197 788 2340 856 parit

763 880 993 937 sterilis,
1018 894 1118 930 nec
1144 894 1263 945 qua:
1288 879 1650 947 paritsterilis
1676 886 1758 929 est
1780 893 1794 940 ;
1827 878 2099 945 quomodo
2127 878 2335 931 arentia

765 972 927 1024 ubera
982 971 1033 1023 in
1093 972 1245 1024 lactis
1288 971 1467 1025 fontes
1510 972 1819 1025 acuuntur?
1869 970 2148 1040 Siquidem
2191 972 2338 1025 enim

764 1072 1019 1115 senectus
1070 1063 1351 1133 sanguinis
1416 1052 1701 1116 thesauros
1760 1063 1935 1117 nescit
2000 1062 2339 1127 recondere,

764 1152 1040 1220 quomodo
1081 1154 1222 1221 quod
1279 1170 1525 1207 mamma:
1569 1170 1676 1207 non
1708 1161 2059 1222 acceperunt,
2096 1154 2150 1207 in
2183 1153 2341 1208 lactis

764 1240 1019 1294 dealbant
1072 1242 1355 1309 speciem?
1402 1242 1505 1307 Qui
1546 1260 1673 1296 vero
1701 1244 1864 1296 etiam
1889 1244 2046 1297 vulva
2072 1253 2338 1309 emortua,

758 1343 1031 1387 maturant
1082 1334 1368 1403 vivamque
1409 1336 1614 1403 prolem
1646 1335 1777 1399 edit,
1811 1351 2041 1405 eamque
2068 1336 2182 1405 ipsa
2208 1352 2340 1391 con-

769 1425 921 1486 tinet,
971 1434 1027 1479 et
1075 1426 1203 1480 alit?
1255 1426 1381 1481 llaec
1416 1437 1471 1480 tu
1497 1428 1762 1481 adversus
1794 1429 2051 1498 teipsum,
2084 1437 2342 1498 tuamque

768 1517 1039 1570 subtiliter
1091 1520 1313 1571 consuis
1350 1518 1577 1571 salutem
1607 1520 1767 1587 :quis
1796 1534 1996 1588 nempe
2026 1520 2339 1575 exsistens?

770 1609 881 1663 Nec
922 1610 1069 1663 enim
1112 1626 1253 1662 unus
1294 1610 1417 1678 quis
1466 1609 1707 1663 ﬁdelium
1746 1611 1995 1673 exsistas,
2032 1627 2096 1665 ac
2129 1626 2343 1677 eorum,

772 1702 864 1767 qui
910 1700 1168 1753 miraculo
1198 1700 1346 1769 digiti
1381 1701 1510 1754 sint.
1557 1699 1690 1754 Nam
1738 1716 1913 1769 neque
1943 1701 2115 1756 ﬁdelis
2143 1703 2345 1770 produ-

769 1802 945 1855 catur,
968 1794 1060 1861 qui
1086 1792 1151 1846 iis
1172 1794 1397 1860 abroget
1421 1795 1603 1857 fidem,
1632 1810 1725 1863 per
1744 1811 1865 1864 qua:
1892 1794 2025 1849 ﬁdes
2051 1797 2342 1862 astruitur;

2441 600 2819 669 θαυμάζομεν,
2856 598 3004 667 παρᾶ
3038 597 3243 665 φαῦλον
3281 596 3467 650 θέσθαι
3498 597 3559 648 τὸ
3588 594 4035 664 θαυμαζόμενον,

2441 693 2533 743 καὶ
2569 691 2687 751 πῶς
2713 693 2899 760 στεῖρα
2926 692 3074 743 τέκοι
3100 690 3458 759 λογομαχείς;
3499 690 3560 742 Εἰ
3604 688 3709 758 γάρ
3741 692 3926 758 στεῖρα
3966 690 4034 740 οὐ

2439 784 2645 836 τίκτειο
2677 784 2934 837 τίκτουσα
2971 784 3024 836 δὲ
3052 785 3113 837 οὐ
3146 787 3330 853 στείρα
3352 800 3366 813 °
3393 784 3510 846 πῶς
3535 784 3589 836 δὲ
3632 782 3793 853 μαζοὶ
3822 783 4036 851 ξηραν-

2442 871 2625 936 Θέντες
2661 876 2742 937 είς
2770 875 2952 944 πηγάς
3002 875 3432 945 ἀναστομοῦνται
3471 876 3769 942 γάλακτοςς
3810 876 3869 927 El
3915 876 4037 944 γὰρ

2443 963 2793 1033 θησαυρίζειν
2836 960 2973 1034 αἷμα
3016 966 3077 1018 τὸ
3110 966 3290 1035 γῆρας
3321 966 3419 1019 οὐκ
3448 963 3577 1028 οἶδε,
3616 964 3732 1027 πῶς
3758 966 3894 1033 ὅπερ
3922 966 4037 1017 οὐκ

2443 1055 2635 1108 ἔλαϐον
2658 1058 2715 1109 αί
2746 1056 2927 1125 θηλαὶ,
2952 1056 3330 1109 λευκαίνουσιν
3362 1060 3442 1119 εἰς
3477 1056 3651 1123 τάλας
3685 1055 3804 1119 Πῶς
3832 1055 3886 1107 δὲ
3922 1056 4038 1124 μή·

2441 1164 2547 1219 τρα
2572 1150 2907 1219 νεκρωθείσα
2936 1151 3307 1220 τελεσιουργεί
3344 1149 3437 1201 καὶ
3469 1149 3752 1213 ζωοποιεῖ,
3782 1150 3876 1201 καὶ
3902 1165 4037 1199 συν.

2444 1242 2557 1311 ἔχει
2580 1242 2675 1294 καὶ
2701 1243 2893 1311 τρέφει
2921 1243 2978 1295 τὸ
3007 1244 3277 1314 ἔμϐρυονς
3302 1243 3487 1296 Ταῦτα
3510 1243 3573 1296 σὺ
3605 1244 3742 1295 κατά
3774 1242 4033 1305 σεαυτοῦ,

2444 1339 2539 1388 καὶ
2565 1336 2666 1406 τῆς
2692 1335 2793 1403 σῆς
2818 1338 3265 1406 μηχανορῤιιφεῖς
3297 1337 3599 1408 σωτηρίας·
3628 1336 3710 1396 τίς
3748 1336 3858 1400 ῶνς
3902 1336 4036 1387 Τῶν

2446 1426 2656 1480 πιστῶν
2686 1428 2794 1496 γάρ
2830 1430 2923 1479 καὶ
2943 1428 3108 1494 ἀξίων
3156 1430 3251 1483 τοῦ
3304 1428 3603 1498 θαύματος,
3631 1432 3731 1480 οὑκ
3775 1430 3839 1481 ἂν
3866 1428 3991 1498 εἴης
4018 1442 4032 1455 ⁸

2445 1517 2565 1571 οὐδὲ
2587 1518 2697 1587 γάρ
2722 1519 2843 1571 οὐδὲ
2872 1522 3001 1581 τοῖς,
3035 1520 3102 1573 δι’
3125 1513 3200 1573 ὧν
3226 1521 3259 1589 ή
3302 1521 3503 1584 πίστις,
3553 1520 3799 1573 ἀπιστεῖν
3824 1520 4035 1589 οὐμεν-

2445 1602 2537 1660 οὗν
2562 1609 2591 1660 ὁ
2613 1608 2802 1671 πιστὸς
2825 1610 3258 1679 παρασθήσεται,
3279 1610 3413 1664 ἀλλά
3441 1610 3709 1670 Ἰουδαῖος.
3758 1610 3819 1661 'll
3840 1610 4038 1681 Σᾶρρα

2445 1699 2523 1763 δὲ,
2549 1699 2685 1761 πῶς,
2717 1700 2749 1769 ἦ
2780 1700 2882 1751 ποῦ
2915 1718 2996 1753 σοι
3020 1702 3429 1767 διαπέπτωκενς
3458 1697 3603 1772 Ἆρα
3627 1702 3735 1770 γὰρ
3758 1701 3818 1753 οὐ
3842 1703 4037 1771 γήρως

2449 1791 2542 1843 καὶ
2578 1790 2913 1861 στειρώσεως
2947 1789 3054 1846 εἶδε
3090 1794 3255 1848 παῖδα
3294 1794 3385 1846 τὸν
3432 1792 3651 1857 Ἰσαάκς
3686 1793 3750 1845 ἂν
3787 1794 3819 1861 ή
3857 1794 4034 1844 ’Λννα

771 1884 866 1939 sed
902 1883 1143 1939 Iudaeus.
1184 1886 1253 1938 At
1280 1884 1572 1954 quomodo,
1606 1902 1668 1939 ac
1701 1886 1789 1940 ubi
1819 1887 1913 1940 tibi
1944 1887 2147 1941 excidit
2174 1887 2347 1941 Sara?
2380 1866 2422 1923 Β

2452 1898 2534 1934 σοι
2564 1884 2754 1950 συγχεῖ
2808 1884 2902 1936 καὶ
2937 1886 3197 1954 ταράσσει
3230 1886 3359 1948 τοὺς
3416 1884 3734 1952 λογισμοὺς,
3778 1884 3809 1954 ἢ
3840 1885 4034 1955 Eappa

774 1974 963 2029 Nonne
988 1977 1131 2029 enim
1174 1976 1283 2036 illa.
1312 1977 1608 2031 senectutis
1628 1992 1690 2031 ac
1712 1977 2011 2031 sterilitatis
2040 1978 2351 2046 dispendiis

774 2068 975 2121 editam
1031 2067 1261 2135 prolem,
1314 2066 1463 2121 Isaac
1511 2068 1685 2121 vidit?
1729 2067 2006 2137 Siquidem
2038 2071 2195 2123 Anna
2228 2070 2351 2123 ani-

773 2176 923 2212 mum
967 2159 1064 2212 tibi
1112 2159 1429 2222 confundit,
1466 2174 1529 2212 ac
1558 2160 1778 2224 turbat,
1812 2160 2008 2229 potiori
2034 2162 2157 2229 jure
2191 2161 2345 2226 Sara,

773 2250 992 2319 quando
1017 2251 1179 2305 etiam
1214 2252 1378 2320 prior.
1402 2249 1557 2315 Quod
1586 2252 1630 2305 si
1658 2253 1760 2306 hoc
1784 2253 2176 2307 dubitationem
2202 2254 2347 2318 facit,

776 2343 865 2396 ille
921 2351 998 2406 tu,
1051 2356 1227 2411 neque
1268 2344 1559 2413 persentis,
1607 2353 1751 2397 tuam
1798 2353 1849 2395 te
1898 2346 2250 2412 praescribere
2287 2360 2353 2399 ac

773 2437 1099 2491 submovere
1130 2437 1529 2505 cognationem,
1570 2437 1889 2506 radicesque
1928 2454 1996 2492 ex
2021 2440 2221 2507 quibus
2254 2439 2350 2492 tibi

776 2544 927 2581 ramo
973 2544 1091 2582 esse
1135 2529 1399 2591 accessit,
1448 2538 1765 2598 amputare,
1825 2539 1987 2597 atque
2039 2546 2070 2583 a
2114 2531 2351 2585 Judaicis

769 2616 986 2686 juribus
1018 2616 1317 2669 revinceris
1337 2616 1606 2669 excidisse
1629 2616 1651 2667 ?

848 2708 919 2763 Ut
967 2709 1185 2777 quidem
1235 2723 1333 2777 ego
1370 2718 1580 2763 uatum
1625 2708 1767 2761 serio
1797 2719 2008 2777 partum
2039 2707 2238 2761 factum
2265 2706 2351 2761 di-

774 2815 927 2864 cens,
980 2812 1167 2868 postea
1208 2815 1456 2869 rogarem
1500 2800 1553 2852 in
1600 2816 1777 2853 meam
1810 2800 2041 2867 pedibus
2068 2799 2351 2851 manibus-

775 2902 881 2955 que
925 2886 1033 2940 ires
1067 2888 1390 2940 sententiam
1411 2925 1424 2949 ,
1456 2889 1649 2941 merito
1684 2889 1942 2941 sterilitas
1965 2898 2307 2941 senectutem

776 2987 991 3033 natura.
1035 2978 1303 3030 rationum
1360 2977 1600 3032 laborem
1640 2980 2033 3048 progigneret:
2081 2994 2203 3031 cum
2255 2994 2351 3031 au-

778 3079 884 3122 tem
918 3069 1117 3123 divinae
1144 3070 1329 3137 gratia
1359 3085 1497 3137 opus
1525 3070 1770 3133 doceam,
1796 3070 1923 3137 quid
1952 3069 2173 3139 gratiam
2200 3069 2349 3138 cogis

778 3158 982 3212 servire
1032 3168 1260 3220 natura,
1292 3160 1447 3226 cujus
1472 3158 1558 3211 illa
1588 3175 1801 3226 semper
1828 3159 2090 3213 dominari
2117 3173 2338 3227 compa-

778 3261 891 3304 rata
931 3252 1056 3303 est?
1092 3251 1229 3304 Num
1270 3252 1528 3304 Adamum
1559 3250 1797 3304 admittis
1828 3267 1857 3304 e
1888 3252 1999 3305 luto
2028 3251 2341 3315 formatum,

778 3358 843 3397 ac
868 3345 1071 3411 absque
1102 3344 1382 3395 nativitate
1413 3344 1733 3410 productum
1760 3358 1878 3396 esse
1900 3345 1922 3395 ?
1944 3343 2078 3397 Num
2110 3344 2348 3399 admittis

778 3444 834 3489 et
864 3436 1026 3489 Evam
1061 3436 1261 3504 absque
1288 3436 1477 3504 copula
1508 3436 1729 3494 editam.
1760 3452 1822 3488 ac
1846 3436 2049 3501 lateris,
2076 3448 2347 3505 costaaque

780 3542 998 3597 germen
1052 3528 1215 3579 esse?
1267 3535 1322 3578 ut
1378 3526 1533 3591 plane
1584 3542 1691 3577 non
1742 3527 1856 3578 ha-c
1904 3525 2051 3579 dicas
2078 3527 2345 3579 rationem

781 3627 1007 3671 natura.
1034 3617 1163 3681 Quae
1194 3617 1337 3668 enim
1375 3617 1609 3669 humana
1641 3616 1988 3669 successione
2028 3617 2257 3669 accretio
2285 3632 2347 3669 ac

780 3708 1083 3778 procreatio
1121 3717 1225 3769 est,
1259 3708 1478 3759 modum
1515 3707 1678 3758 alium
1708 3707 2073 3774 processionis
2099 3723 2344 3771 servans,

782 3815 892 3852 non
949 3799 1076 3852 sinit
1143 3808 1203 3852 ut
1244 3799 1458 3853 illorum
1505 3801 1904 3867 proccssionem
1953 3808 2161 3854 natura;
2210 3815 2348 3869 opus

782 3889 1060 3941 existimes
1106 3906 1120 3941 :
1170 3896 1225 3941 at
1264 3904 1440 3955 neque
1493 3906 1705 3942 rursum
1741 3900 2008 3943 utcontra
2045 3900 2292 3943 naturain
2330 3908 2343 3943 :

783 3981 1047 4050 siquidem
1138 3981 1224 4034 illa
1270 3983 1529 4035 naturalis
1592 3983 1872 4035 hominum
1944 3981 2349 4035 constitutionis

785 4073 1108 4141 principium
1157 4082 1259 4124 est.
1313 4072 1485 4125 Divini
1531 4090 1657 4142 ergo
1694 4073 1901 4126 consilii
1933 4074 2021 4135 sit,
2057 4083 2218 4141 atque
2252 4089 2347 4141 po-

782 4165 984 4217 tentiaa.
1022 4165 1160 4228 Quid
1191 4165 1357 4216 vero?
1380 4163 1514 4217 Tum
1546 4166 1763 4232 quidem
1806 4166 2047 4233 potuisse
2071 4165 2344 4226 concedis.

783 4255 835 4307 in
867 4256 930 4307 iis
954 4271 1168 4325 quoque
1192 4272 1311 4324 quae
1338 4258 1597 4323 majorem
1619 4257 2029 4309 admirationem
2057 4257 2345 4322 habebant,

783 4348 1024 4401 divinum
1084 4334 1470 4409 Numen,‘nec
1530 4357 1737 4401 natura:
1786 4348 2031 4401 ordinem
2087 4348 2349 4402 adversus

781 4440 899 4507 ejus
929 4437 1193 4493 Fictorem
1249 4437 1509 4501 instruis;
1557 4454 1705 4491 nunc
1730 4447 1932 4501 autem,
1968 4448 2217 4507 tanquam
2251 4454 2348 4507 po—

784 4529 1143 4582 tentissimum
1199 4544 1263 4581 ac
1306 4528 1660 4581 immortalem
1710 4528 1961 4580 virtutem
2005 4528 2149 4597 gravi
2196 4528 2348 4581 senio
2380 4567 2425 4624 ο

781 4620 1046 4675 defectam
1094 4621 1454 4681 existimares,
1498 4621 1617 4673 istis
1658 4620 2067 4674 imbecilliorem
2099 4637 2343 4689 pronun-

782 4713 915 4765 tias?
955 4727 1079 4765 cum
1123 4712 1391 4780 prioribus
1441 4713 1791 4774 exercitatus,
1839 4729 1935 4782 par
1971 4722 2115 4767 esset
2146 4722 2201 4767 nt
2226 4714 2346 4768 aliis

778 4820 995 4874 quoque
1039 4806 1219 4873 potius
1258 4804 1537 4865 videreris,
1580 4805 1935 4859 indubitatam
1987 4806 2038 4858 in
2076 4806 2341 4871 ejusmodi

2366 3216 2413 3276 C

2456 1974 2656 2042 μᾶλλον
2686 1976 2767 2027 ὃτι
2797 1976 2891 2027 καὶ⁵
2920 1976 3155 2045 πρῶτον.
3184 1978 3282 2029 "Av
3305 1976 3463 2028 τοῦτο
3487 1980 3611 2047 ποιῇ
3649 1976 3747 2046 τὴν
3786 1979 4034 2045 nemo-

2452 2067 2589 2131 λίαν,
2624 2070 2826 2131 ἐκεῖνος
2858 2070 2946 2133 σὺ,
2978 2070 3189 2139 καὶτῆς
3217 2070 3317 2139 σῆς
3341 2072 3441 2123 οὐκ
3470 2070 3701 2141 αἰσθάνῃ
3735 2070 4035 2139 παραγρά-

2453 2175 2567 2225 φων
2596 2160 2934 2226 συγγενείας,
2964 2161 3057 2213 καὶ
3081 2162 3290 2230 τέμνων
3319 2162 3417 2223 τὰς
3448 2159 3600 2230 ῥίζας
3633 2162 3689 2226 ἐξ
3732 2153 3807 2213 ὧν
3850 2178 3929 2212 σοι
3967 2162 4035 2211 τὸ

2452 2243 2590 2301 εἶναι
2615 2248 2810 2318 κλάδῳ,
2870 2250 2965 2303 καὶ
3015 2250 3122 2302 τῶν
3169 2250 3471 2305 Ἰουδαϊκῶν
3496 2252 3710 2322 θεσμῶν
3764 2252 4035 2321 ἐξελέγχῃ

2454 2344 2936 2410 κατενηνεγμένος.

2535 2692 2673 2761 Ἐγὼ
2700 2694 2777 2758 δὲ,
2819 2694 2867 2746 εί
2892 2694 2991 2763 μὲν
3022 2694 3199 2766 είρμῷ
3241 2697 3457 2765 φύσεως
3503 2698 3816 2768 πεπράχθαι
3853 2699 4034 2767 λέγων

2451 2784 2543 2835 τὸν
2568 2786 2746 2847 τόκον,
2783 2784 2977 2838 ἔπειτά
3012 2802 3071 2837 σε
3098 2786 3342 2853 ὁμονοεῖν
3376 2788 3741 2857 παρεκάλουν,
3771 2789 3951 2851 καλῶς
3996 2792 4033 2860 ή

2454 2878 2639 2944 στεῖρα
2668 2876 2728 2927 τὸ
2757 2877 2936 2944 γῆρας
2956 2892 2968 2905 ·
3000 2878 3033 2945 ή
3065 2876 3222 2945 φύσις
3268 2878 3377 2930 τῶν
3408 2879 3783 2947 συλλογισμῶν
3835 2882 4033 2949 ἐγέννα

2450 2966 2539 3018 τὸν
2571 2967 2729 3018 πόνον
2748 2983 2761 2997 ·
2794 2969 2840 3019 εί
2868 2967 2925 3020 δὲ
2946 2968 3169 3037 χάριτος
3193 2968 3344 3033 θείας
3373 2970 3657 3039 πρεσϐεύω
3681 2971 3777 3041 τὴν
3804 2972 4030 3038 πρᾶξιν,

2447 3058 2500 3109 τί
2526 3058 2620 3127 τὴν
2644 3059 2801 3129 χάριν
2832 3059 3057 3130 ὲκὸιάζῃ
3079 3060 3349 3113 δουλεύειν
3376 3064 3440 3131 τῇ
3472 3061 3652 3129 φύσει,
3684 3058 3750 3133 ἦς
3772 3065 3859 3115 ἀεὶ
3886 3062 4030 3132 αὕτη

2452 3150 2660 3219 πέφυκε
2692 3152 2891 3218 κυρίας
2926 3154 3065 3225 Δέχῃ
3092 3154 3371 3222 τὸνἌδάμ
3401 3155 3552 3225 πηλῷ
3581 3158 3908 3219 πλασθέντα,
3932 3168 4032 3223 καὶ

2448 3244 2614 3313 χωρὶς
2640 3246 2988 3315 παραχθέντα
3038 3250 3373 3315 γεννήσεως;
3404 3250 3545 3322 Δέχῃ
3574 3251 3672 3321 τὴν
3730 3251 3871 3305 Εὕαν
3898 3253 4030 3306 ἄνευ

2452 3340 2765 3406 συναφείας,
2801 3340 2895 3391 καὶ
2922 3340 3161 3408 πλευρᾶς
3201 3342 3547 3410 ὑπάρχουσαν
3572 3344 3842 3413 γέννημα;
3871 3346 4031 3411 λόγον

2448 3427 2621 3480 ταῦτα
2642 3428 2853 3496 φύσεως
2884 3429 2982 3481 οὐκ
3012 3429 3078 3481 ἂν
3112 3432 3285 3480 εἰπεῖν
3315 3429 3470 3499 έχων.
3508 3431 3569 3483 Ἠ
3600 3432 3706 3501 γάρ
3738 3434 3877 3484 κατὰ
3905 3434 4027 3487 δια-

2449 3520 2610 3587 δοχὴν
2633 3522 2741 3571 τῶν
2762 3519 3063 3589 ἀνθρώπων
3094 3521 3317 3590 αὗξησίς
3347 3538 3405 3573 τε
3432 3524 3523 3574 καὶ
3553 3524 3825 3592 γέννησις,
3859 3525 4027 3595 ἄλλην

2448 3612 2600 3674 τάξιν
2625 3610 2723 3680 τῆς
2745 3613 2968 3680 προόδου
2996 3613 3357 3678 διασῴζουσα,
3394 3616 3491 3667 οὐκ
3520 3617 3584 3685 ὲᾷ
3614 3618 3711 3685 τὴν
3752 3618 4026 3689 προϐολὴν

2449 3703 2671 3755 ἐκείνων
2702 3704 2917 3770 φύσεως
2958 3704 3199 3767 δοξάζειν
3222 3706 3380 3775 ἔργον
3400 3725 3413 3738 ’
3472 3707 3585 3759 ἀλλ’
3612 3709 3729 3761 οὐδέ
3758 3727 3822 3777 γε
3870 3713 4023 3780 παρά

2451 3792 2610 3861 φύσιν
2633 3794 2795 3846 πάλιν
2817 3810 2833 3825 ’
2867 3794 3009 3865 ἀρχὴ
3044 3797 3150 3862 γάρ
3180 3798 3279 3865 τῆς
3317 3796 3455 3849 κατά
3486 3798 3645 3865 φύσιν
3672 3800 3780 3852 τῶν
3805 3801 4024 3876 άνθρώτ

2452 3906 2567 3940 πων
2599 3890 2931 3950 συστάσεως.
2967 3890 3128 3953 Θείας
3158 3892 3263 3958 ἀρα
3295 3892 3533 3961 βουλῆς,’
3565 3895 3657 3946 καὶ
3715 3895 3919 3964 ίσχύος.
3956 3896 4023 3948 τί

2448 3970 2538 4043 δές
2571 3980 2701 4032 Τότε
2737 3981 2835 4048 μὲν
2876 3980 3079 4049 ἰσχύειν
3108 3982 3210 4033 κᾶν
3244 3986 3353 4045 τοῖς
3382 3984 3833 4055 παραδοξοτέροις
3862 3988 4022 4051 δίδως

2449 4070 2507 4121 τὸ
2530 4070 2700 4133 Θεῖον,
2732 4072 2824 4123 καὶ
2844 4071 2939 4141 τὴν
2974 4072 3124 4135 τάξιν
3157 4074 3252 4142 τῆς
3280 4073 3494 4141 φύσεως
3529 4076 3666 4127 κατά
3696 4079 3787 4128 τοῦ
3818 4078 4025 4148 ταύτης

2450 4162 2544 4231 οὐχ
2574 4162 2811 4226 ὁπλίζεις
2840 4164 3081 4217 [Ιλάστου
3102 4182 3114 4195 ⁸
3138 4165 3229 4218 νῦν
3249 4167 3303 4218 δὲ
3326 4166 3511 4235 ὥσπερ
3530 4170 3703 4237 γῆρας
3731 4169 3866 4238 βαθὺ
3892 4190 4025 4223 κατ-

2450 4256 2703 4323 εγνωκὼς
2752 4258 2849 4325 τῆς
2883 4256 3351 4329 πανσθενεστάτης
3400 4262 3495 4313 καὶ
3534 4263 3809 4331 ἀκηράτου
3862 4265 4024 4317 δυνά-

2454 4366 2618 4417 μεως,
2653 4349 3045 4417 ἀσθενεστέραν
3071 4352 3277 4413 τούτοις
3305 4354 3622 4420 ἀποφαίνεις
3650 4374 3663 4421 ;
3694 4356 3777 4423 ἐφ’
3806 4352 3881 4409 ὧν
3908 4364 4023 4422 τοῖς

2450 4442 2756 4513 ἔμπροσθεν
2811 4446 3343 4513 ἐγγεγυμνασμένος,
3383 4449 3587 4513 δίκαιος
3616 4451 3682 4503 ἂν
3707 4448 3849 4523 ἦσθα
3886 4457 4025 4523 μάλα

2450 4534 2539 4586 λον
2570 4538 2663 4587 καὶ
2691 4539 2804 4598 τοῖς
2834 4537 3008 4599 ἄλλοις
3040 4538 3272 4607 ὀφθῆναι
3302 4541 3401 4609 τὴν
3441 4545 3569 4613 περὶ
3607 4546 3811 4597 τούτων
3838 4549 4024 4600 πίστιν

2451 4626 2769 4678 άδίστακτον
2803 4631 3234 4699 παρεσχημένος.
3282 4632 3488 4685 Οὐκοῦν
3519 4636 3637 4687 οὐδὲ
3697 4636 3945 4700 Ἰουδαῖος
3995 4643 4024 4692 ὁ

2450 4717 2881 4786 ἀμφισόητήσων
2939 4719 3045 4789 εἴη,
3093 4721 3265 4791 ἀνπερ
3326 4724 3577 4787 Ἰουδαῖος
3600 4728 3717 4795 εἴη·
3774 4728 3912 4781 ἀλλά
3941 4749 4025 4793 τις

2451 4808 2556 4860 τῶν
2586 4810 2822 4879 Ἕλληνα
2856 4811 2978 4864 νοῦν
3016 4814 3110 4865 καὶ
3141 4814 3365 4883 γνώμην
3400 4819 3777 4887 κεκτημένων.

780 4897 1022 4965 praebere
1068 4894 1245 4947 fidem.
1302 4895 1565 4958 Quocirca
1598 4909 1664 4947 ne
1702 4894 1922 4947 Iudaeus
1953 4895 2169 4961 quidem
2215 4895 2566 4960 dubitaverit,
2611 4907 2670 4951 ut
2711 4898 2930 4967 quidem
2973 4899 3194 4955 Judmus
3221 4902 3324 4964 sit;
3393 4904 3486 4958 sed
3550 4922 3735 4960 eorum
3801 4910 4025 4979 aliquis,

779 4988 871 5057 qui
937 4986 1179 5040 animum
1217 5002 1281 5039 ac
1320 4996 1556 5040 mentem
1606 4986 1805 5039 habent
1843 4986 2107 5055 gentilitio
2156 5001 2339 5041 errore
2380 4996 2612 5041 tentum.

852 5083 967 5139 Non
1014 5084 1189 5136 credis
1230 5098 1357 5152 ergo
1385 5091 1461 5143 tu,
1492 5082 1925 5148 subsannasque,
1957 5090 2017 5134 ut
2048 5082 2221 5150 puella
2251 5082 2348 5136 abs

781 5174 953 5229 sterili
994 5172 1275 5243 prodierit,
1322 5172 1411 5239 qui
1454 5172 1701 5225 homines
1729 5171 2013 5237 putredine
2042 5182 2193 5224 ortos
2219 5186 2349 5224 con-

782 5265 977 5333 ﬁngis?
1016 5264 1105 5333 qui
1147 5263 1398 5317 draconis
1432 5262 1622 5315 dentes
1663 5262 1955 5329 majoribus
1991 5263 2098 5315 tuis
2138 5264 2346 5327 vulvas,

780 5355 979 5421 quibus
1018 5355 1129 5408 sint
1172 5353 1434 5421 suscepti.
1482 5351 1695 5406 eflicis:
1744 5352 1985 5420 adeoque
2015 5354 2219 5405 utinam
2251 5353 2345 5405 tibi

781 5445 898 5514 ipse
934 5444 1155 5507 dicenti,
1198 5460 1292 5499 eos
1336 5445 1583 5513 sepulcra
1629 5444 1983 5505 ostendisses,
2021 5445 2111 5513 qui
2142 5444 2347 5513 lapides

779 5536 937 5604 jubes
988 5550 1341 5589 concrescere
1390 5536 1442 5587 in
1485 5534 1753 5597 homines,
1806 5545 2127 5605 tuorumque
2174 5538 2346 5604 majo-

784 5641 903 5679 rum
951 5642 1121 5695 genus
1168 5626 1327 5695 digna
1375 5636 1427 5680 te
1460 5627 1599 5680 serie
1621 5642 1894 5690 recenses,
1922 5628 1973 5680 in
1999 5627 2345 5682 formicarum

785 5717 1100 5785 sanguinem
1142 5716 1404 5771 referens.
1454 5715 1537 5769 Tu
1586 5717 1700 5771 haec
1744 5718 1995 5786 sapiens,
2038 5734 2344 5787 quanquam

786 5817 911 5861 sunt
950 5810 1240 5864 maximum
1266 5807 1515 5863 delirium
1542 5825 1559 5874 ι
1599 5824 1699 5863 nec
1730 5825 1953 5879 usquam
1981 5812 2204 5879 aliquid,
2235 5826 2343 5865 non

2529 5085 2803 5147 ’Δπιστεῖς
2845 5086 2899 5138 δὲ
2944 5087 3051 5155 ἄρα
3086 5090 3171 5150 σὺ,
3224 5090 3317 5142 καὶ
3370 5090 3651 5157 φαυλίζεις
3692 5094 3756 5145 ἐκ
3803 5096 4023 5165 στείρας

2445 5175 2612 5227 παῖδα
2639 5175 3084 5245 προεληλυθέναι,
3114 5182 3143 5231 ὁ
3167 5180 3383 5249 σήψεως
3412 5184 3575 5235 τέκνα
3622 5183 3874 5236 πλάττων
3897 5188 4023 5251 τοὺς

2444 5262 2792 5333 ἁνθρώπουςς
2824 5268 2851 5317 ὁ
2871 5266 3249 5334 δρακοντείους
3281 5269 3497 5333 ὀδόντας
3544 5272 3757 5341 μήτρας
3792 5274 4024 5343 αὐτουρο

2443 5356 2620 5424 γήσας
2652 5359 2761 5419 τοῖς
2789 5360 2900 5419 σοῖς
2930 5375 2993 5424 γε
3023 5360 3336 5427 προγόνοιςς
3364 5362 3439 5419 ὡς
3480 5362 3588 5414 εἴθε
3622 5365 3821 5430 τάφους
3852 5366 4022 5419 ταῦτα

2448 5448 2657 5515 λέγοντί
2684 5466 2764 5501 σοι
2792 5450 3015 5513 τούτους
3047 5453 3309 5514 ὲὸείκνυς,
3334 5456 3361 5505 ὁ
3382 5453 3560 5516 λίθους
3578 5454 4021 5522 άνθρωπῖζεσθαι

2449 5540 2821 5608 προστάττων,
2886 5542 2979 5594 καὶ
3028 5542 3135 5594 τῶν
3195 5544 3300 5595 σῶν
3353 5547 3711 5613 προπατόρων
3754 5548 3815 5597 τὸ
3864 5548 4020 5613 γένος

2448 5631 2613 5694 ἀξίως
2646 5649 2707 5698 γε
2739 5633 2935 5685 σαυτοῦ
2971 5635 3327 5702 γενεαλογῶν,
3364 5638 3441 5696 εἰς
3489 5636 3547 5688 τὸ
3574 5636 3677 5688 τῶν
3712 5641 4021 5706 μυρμήκωι

2450 5722 2737 5789 ἀναφέρων
2762 5718 2922 5789 αἷμα.
2943 5724 3012 5775 ΣΞ)
3034 5725 3205 5775 ταῦτα
3226 5724 3457 5794 φρονῶν,
3487 5726 3587 5778 κᾶν
3610 5730 3818 5796 μακρὸς
3846 5729 4024 5796 ὑπάρ-

2450 5829 2534 5880 χει
2570 5812 2767 5881 λῆρος·
2796 5814 2888 5867 καὶ
2937 5815 3167 5884 οὐδαμῆ,
3211 5816 3396 5867 οὐδέν*
3431 5817 3492 5868 οὐ
3534 5816 3723 5885 χάριν·
3757 5819 3819 5869 οὐ
3874 5818 4019 5876 νοῦν,
