  <div class='ocr_page' id='page_1' title='image "/cluster/home/n/w/nwhite01/storage/ocr_20150623/102/nnc1.0046979620/286.png"; bbox 0 0 4242 6438; ppageno 0'>
   <div class='ocr_carea' id='block_1_1' title="bbox 255 388 370 453">
    <p class='ocr_par' dir='ltr' id='par_1_1' title="bbox 255 388 370 453">
     <span class='ocr_line' id='line_1_1' title="bbox 255 388 370 453; baseline 0 0"><span class='ocrx_word' id='word_1_1' title='bbox 255 388 370 453; x_wconf 87' lang='grc'><strong>553</strong></span> 
     </span>
    </p>
   </div>
   <div class='ocr_carea' id='block_1_2' title="bbox 1038 390 2693 458">
    <p class='ocr_par' dir='ltr' id='par_1_2' title="bbox 1038 390 2693 458">
     <span class='ocr_line' id='line_1_2' title="bbox 1038 390 2693 458; baseline 0.003 -8"><span class='ocrx_word' id='word_1_2' title='bbox 1038 390 1361 453; x_wconf 83' lang='lat' dir='ltr'><strong>HOMILIA</strong></span> <span class='ocrx_word' id='word_1_3' title='bbox 1398 394 1446 454; x_wconf 92' lang='grc' dir='ltr'><strong>Ι.</strong></span> <span class='ocrx_word' id='word_1_4' title='bbox 1494 419 1561 429; x_wconf 83' lang='grc'><strong>-</strong></span> <span class='ocrx_word' id='word_1_5' title='bbox 1594 395 1675 453; x_wconf 81' lang='lat' dir='ltr'><strong>IN</strong></span> <span class='ocrx_word' id='word_1_6' title='bbox 1718 396 1819 454; x_wconf 90' lang='lat' dir='ltr'><strong>SS.</strong></span> <span class='ocrx_word' id='word_1_7' title='bbox 1862 397 2123 458; x_wconf 69' lang='lat' dir='ltr'><strong>MARLE</strong></span> <span class='ocrx_word' id='word_1_8' title='bbox 2163 398 2693 457; x_wconf 74' lang='lat' dir='ltr'><strong>NATIVITATEM.</strong></span> 
     </span>
    </p>
   </div>
   <div class='ocr_carea' id='block_1_3' title="bbox 255 497 1930 576">
    <p class='ocr_par' dir='ltr' id='par_1_3' title="bbox 255 497 1930 573">
     <span class='ocr_line' id='line_1_3' title="bbox 255 497 1930 573; baseline 0.004 -23"><span class='ocrx_word' id='word_1_9' title='bbox 255 500 321 550; x_wconf 77' lang='grc' dir='ltr'>οὐ</span> <span class='ocrx_word' id='word_1_10' title='bbox 360 497 542 566; x_wconf 79' lang='grc' dir='ltr'>φύσιν,</span> <span class='ocrx_word' id='word_1_11' title='bbox 565 497 664 550; x_wconf 82' lang='grc' dir='ltr'>οὐκ</span> <span class='ocrx_word' id='word_1_12' title='bbox 703 497 973 568; x_wconf 73' lang='grc' dir='ltr'>αἴσθησιν,</span> <span class='ocrx_word' id='word_1_13' title='bbox 1004 501 1103 552; x_wconf 84' lang='grc' dir='ltr'>οὐκ</span> <span class='ocrx_word' id='word_1_14' title='bbox 1131 502 1412 573; x_wconf 81' lang='grc' dir='ltr'><strong>ἀλλοτρίαν</strong></span> <span class='ocrx_word' id='word_1_15' title='bbox 1442 503 1617 569; x_wconf 77' lang='grc' dir='ltr'>δόξαν,</span> <span class='ocrx_word' id='word_1_16' title='bbox 1650 508 1710 557; x_wconf 73' lang='grc' dir='ltr'>οὐ</span> <span class='ocrx_word' id='word_1_17' title='bbox 1728 506 1825 573; x_wconf 83' lang='grc' dir='ltr'>τὴν</span> <span class='ocrx_word' id='word_1_18' title='bbox 1855 514 1897 565; x_wconf 81' lang='grc' dir='ltr'>Α</span> <span class='ocrx_word' id='word_1_19' title='bbox 1927 531 1930 571; x_wconf 61' lang='grc' dir='ltr'><em>ε</em></span> 
     </span>
    </p>
   </div>
   <div class='ocr_carea' id='block_1_4' title="bbox 1810 497 3485 576">
    <p class='ocr_par' dir='ltr' id='par_1_4' title="bbox 1810 509 3485 576">
     <span class='ocr_line' id='line_1_4' title="bbox 1810 509 3485 576; baseline 0.009 -21"><span class='ocrx_word' id='word_1_20' title='bbox 1810 522 1825 555; x_wconf 68' lang='grc' dir='ltr'><em>θ</em></span> <span class='ocrx_word' id='word_1_21' title='bbox 1855 514 1897 565; x_wconf 81' lang='grc' dir='ltr'>Α</span> <span class='ocrx_word' id='word_1_22' title='bbox 1927 509 2174 576; x_wconf 86' lang='lat' dir='ltr'><strong>gratiam,</strong></span> <span class='ocrx_word' id='word_1_23' title='bbox 2223 523 2329 561; x_wconf 85' lang='lat' dir='ltr'><strong>non</strong></span> <span class='ocrx_word' id='word_1_24' title='bbox 2370 517 2626 566; x_wconf 89' lang='lat' dir='ltr'><strong>mentem.</strong></span> <span class='ocrx_word' id='word_1_25' title='bbox 2663 523 2770 562; x_wconf 89' lang='lat' dir='ltr'><strong>non</strong></span> <span class='ocrx_word' id='word_1_26' title='bbox 2802 518 3070 575; x_wconf 87' lang='lat' dir='ltr'><strong>naturam,</strong></span> <span class='ocrx_word' id='word_1_27' title='bbox 3102 526 3209 565; x_wconf 92' lang='lat' dir='ltr'><strong>non</strong></span> <span class='ocrx_word' id='word_1_28' title='bbox 3242 526 3485 570; x_wconf 82' lang='lat' dir='ltr'><strong>sensum.</strong></span> 
     </span>
    </p>
   </div>
   <div class='ocr_carea' id='block_1_5' title="bbox 256 589 1825 668">
    <p class='ocr_par' dir='ltr' id='par_1_5' title="bbox 256 589 1825 668">
     <span class='ocr_line' id='line_1_5' title="bbox 256 589 1825 668; baseline 0.006 -28"><span class='ocrx_word' id='word_1_29' title='bbox 256 589 514 650; x_wconf 84' lang='grc' dir='ltr'>σεαυτοῦ.</span> <span class='ocrx_word' id='word_1_30' title='bbox 540 591 641 643; x_wconf 83' lang='grc' dir='ltr'>οὐκ</span> <span class='ocrx_word' id='word_1_31' title='bbox 667 590 795 644; x_wconf 72' lang='grc' dir='ltr'>ἄλλο</span> <span class='ocrx_word' id='word_1_32' title='bbox 825 592 975 646; x_wconf 83' lang='grc' dir='ltr'>οὐδὲν</span> <span class='ocrx_word' id='word_1_33' title='bbox 1016 596 1312 664; x_wconf 84' lang='grc' dir='ltr'>συνήγορον</span> <span class='ocrx_word' id='word_1_34' title='bbox 1356 595 1514 665; x_wconf 75' lang='grc' dir='ltr'>ἔχων,</span> <span class='ocrx_word' id='word_1_35' title='bbox 1564 596 1701 668; x_wconf 75' lang='grc' dir='ltr'>πλὴν</span> <span class='ocrx_word' id='word_1_36' title='bbox 1728 602 1825 668; x_wconf 83' lang='grc' dir='ltr'>τῆς</span> 
     </span>
    </p>
   </div>
   <div class='ocr_carea' id='block_1_6' title="bbox 253 678 1826 759">
    <p class='ocr_par' dir='ltr' id='par_1_6' title="bbox 253 678 1826 759">
     <span class='ocr_line' id='line_1_6' title="bbox 253 678 1826 759; baseline 0.008 -28"><span class='ocrx_word' id='word_1_37' title='bbox 253 678 360 748; x_wconf 83' lang='grc' dir='ltr'>σῆς</span> <span class='ocrx_word' id='word_1_38' title='bbox 386 682 771 750; x_wconf 78' lang='grc' dir='ltr'><strong>ἀναισχυντίας</strong></span> <span class='ocrx_word' id='word_1_39' title='bbox 808 684 841 751; x_wconf 74' lang='grc' dir='ltr'>ἢ</span> <span class='ocrx_word' id='word_1_40' title='bbox 888 685 1278 754; x_wconf 78' lang='grc' dir='ltr'>ἀναισθησίαςο</span> <span class='ocrx_word' id='word_1_41' title='bbox 1329 688 1499 754; x_wconf 84' lang='grc' dir='ltr'>ὅμως,</span> <span class='ocrx_word' id='word_1_42' title='bbox 1546 690 1826 759; x_wconf 81' lang='grc' dir='ltr'>περιέπεις</span> 
     </span>
    </p>
   </div>
   <div class='ocr_carea' id='block_1_7' title="bbox 251 770 1824 849">
    <p class='ocr_par' dir='ltr' id='par_1_7' title="bbox 251 770 1824 849">
     <span class='ocr_line' id='line_1_7' title="bbox 251 770 1824 849; baseline 0.006 -24"><span class='ocrx_word' id='word_1_43' title='bbox 251 770 355 825; x_wconf 78' lang='grc' dir='ltr'>καὶ</span> <span class='ocrx_word' id='word_1_44' title='bbox 383 771 706 842; x_wconf 72' lang='grc' dir='ltr'>πρεσϐεύεις</span> <span class='ocrx_word' id='word_1_45' title='bbox 726 788 741 803; x_wconf 74' lang='grc' dir='ltr'><strong>ο</strong></span> <span class='ocrx_word' id='word_1_46' title='bbox 769 774 879 827; x_wconf 76' lang='grc' dir='ltr'><strong>ἃδὲ</strong></span> <span class='ocrx_word' id='word_1_47' title='bbox 904 774 998 827; x_wconf 78' lang='grc' dir='ltr'>καὶ</span> <span class='ocrx_word' id='word_1_48' title='bbox 1037 775 1186 839; x_wconf 83' lang='grc' dir='ltr'>δόξαι</span> <span class='ocrx_word' id='word_1_49' title='bbox 1223 777 1453 848; x_wconf 85' lang='grc' dir='ltr'>κυροῦσι</span> <span class='ocrx_word' id='word_1_50' title='bbox 1499 781 1824 849; x_wconf 76' lang='grc' dir='ltr'><strong>μαχόμεναι,</strong></span> 
     </span>
    </p>
   </div>
   <div class='ocr_carea' id='block_1_8' title="bbox 248 861 1823 938">
    <p class='ocr_par' dir='ltr' id='par_1_8' title="bbox 248 861 1823 938">
     <span class='ocr_line' id='line_1_8' title="bbox 248 861 1823 938; baseline 0.008 -25"><span class='ocrx_word' id='word_1_51' title='bbox 248 861 431 914; x_wconf 86' lang='grc' dir='ltr'>ταυτά</span> <span class='ocrx_word' id='word_1_52' title='bbox 450 864 579 933; x_wconf 76' lang='grc' dir='ltr'>περὶ</span> <span class='ocrx_word' id='word_1_53' title='bbox 605 862 808 917; x_wconf 87' lang='grc' dir='ltr'>τούτων</span> <span class='ocrx_word' id='word_1_54' title='bbox 840 864 945 916; x_wconf 78' lang='grc' dir='ltr'><strong>ὑπὸ</strong></span> <span class='ocrx_word' id='word_1_55' title='bbox 964 864 1064 934; x_wconf 85' lang='grc' dir='ltr'>τῆς</span> <span class='ocrx_word' id='word_1_56' title='bbox 1095 867 1353 936; x_wconf 74' lang='grc' dir='ltr'><strong>ἀληθείας</strong></span> <span class='ocrx_word' id='word_1_57' title='bbox 1391 870 1823 938; x_wconf 71' lang='grc' dir='ltr'>ωνφθέγγεσθαι</span> 
     </span>
    </p>
   </div>
   <div class='ocr_carea' id='block_1_9' title="bbox 250 944 1824 1029">
    <p class='ocr_par' dir='ltr' id='par_1_9' title="bbox 250 944 1824 1029">
     <span class='ocr_line' id='line_1_9' title="bbox 250 944 1824 1029; baseline 0.006 -24"><span class='ocrx_word' id='word_1_58' title='bbox 250 949 609 1022; x_wconf 78' lang='grc' dir='ltr'>βιαζόμεναιο</span> <span class='ocrx_word' id='word_1_59' title='bbox 647 952 743 1005; x_wconf 80' lang='grc' dir='ltr'>καὶ</span> <span class='ocrx_word' id='word_1_60' title='bbox 771 944 845 1005; x_wconf 80' lang='grc' dir='ltr'>ὧν</span> <span class='ocrx_word' id='word_1_61' title='bbox 870 952 1059 1023; x_wconf 80' lang='grc' dir='ltr'>πρώτη</span> <span class='ocrx_word' id='word_1_62' title='bbox 1113 956 1323 1026; x_wconf 83' lang='grc' dir='ltr'><strong>μάρτυς</strong></span> <span class='ocrx_word' id='word_1_63' title='bbox 1368 960 1402 1029; x_wconf 87' lang='grc' dir='ltr'><strong>ή</strong></span> <span class='ocrx_word' id='word_1_64' title='bbox 1456 959 1687 1029; x_wconf 77' lang='grc' dir='ltr'>αὐτοψία</span> <span class='ocrx_word' id='word_1_65' title='bbox 1730 964 1824 1014; x_wconf 66' lang='grc' dir='ltr'><strong>κα)⁸</strong></span> 
     </span>
    </p>
   </div>
   <div class='ocr_carea' id='block_1_10' title="bbox 249 1038 1824 1121">
    <p class='ocr_par' dir='ltr' id='par_1_10' title="bbox 249 1038 1824 1121">
     <span class='ocr_line' id='line_1_10' title="bbox 249 1038 1824 1121; baseline 0.007 -25"><span class='ocrx_word' id='word_1_66' title='bbox 249 1043 528 1114; x_wconf 72' lang='grc' dir='ltr'>αἴσθησις,</span> <span class='ocrx_word' id='word_1_67' title='bbox 558 1043 654 1097; x_wconf 78' lang='grc' dir='ltr'>καὶ</span> <span class='ocrx_word' id='word_1_68' title='bbox 680 1038 762 1107; x_wconf 85' lang='grc' dir='ltr'>οἷς</span> <span class='ocrx_word' id='word_1_69' title='bbox 789 1043 959 1097; x_wconf 87' lang='grc' dir='ltr'>πολλά</span> <span class='ocrx_word' id='word_1_70' title='bbox 982 1045 1089 1098; x_wconf 83' lang='grc' dir='ltr'>τῶν</span> <span class='ocrx_word' id='word_1_71' title='bbox 1114 1049 1485 1119; x_wconf 83' lang='grc' dir='ltr'><strong>ὁμοιοτρόπως</strong></span> <span class='ocrx_word' id='word_1_72' title='bbox 1529 1052 1693 1106; x_wconf 89' lang='grc' dir='ltr'>πάλαι</span> <span class='ocrx_word' id='word_1_73' title='bbox 1729 1070 1824 1121; x_wconf 85' lang='grc' dir='ltr'>γε·</span> 
     </span>
    </p>
   </div>
   <div class='ocr_carea' id='block_1_11' title="bbox 249 1134 1822 1216">
    <p class='ocr_par' dir='ltr' id='par_1_11' title="bbox 249 1134 1822 1216">
     <span class='ocr_line' id='line_1_11' title="bbox 249 1134 1822 1216; baseline 0.008 -30"><span class='ocrx_word' id='word_1_74' title='bbox 249 1134 509 1201; x_wconf 85' lang='grc' dir='ltr'>γονότων,</span> <span class='ocrx_word' id='word_1_75' title='bbox 539 1135 630 1187; x_wconf 78' lang='grc' dir='ltr'>καὶ</span> <span class='ocrx_word' id='word_1_76' title='bbox 666 1136 834 1205; x_wconf 73' lang='grc' dir='ltr'>χωρὶς</span> <span class='ocrx_word' id='word_1_77' title='bbox 872 1136 981 1189; x_wconf 82' lang='grc' dir='ltr'><strong>τῶν</strong></span> <span class='ocrx_word' id='word_1_78' title='bbox 1004 1140 1308 1209; x_wconf 68' lang='grc' dir='ltr'>είρημένων</span> <span class='ocrx_word' id='word_1_79' title='bbox 1336 1142 1435 1214; x_wconf 80' lang='grc' dir='ltr'>τὴν</span> <span class='ocrx_word' id='word_1_80' title='bbox 1466 1144 1647 1197; x_wconf 89' lang='grc' dir='ltr'>πίστιν</span> <span class='ocrx_word' id='word_1_81' title='bbox 1681 1163 1822 1216; x_wconf 85' lang='grc' dir='ltr'>παρ-</span> 
     </span>
    </p>
   </div>
   <div class='ocr_carea' id='block_1_12' title="bbox 250 1225 1824 1308">
    <p class='ocr_par' dir='ltr' id='par_1_12' title="bbox 250 1225 1824 1308">
     <span class='ocr_line' id='line_1_12' title="bbox 250 1225 1824 1308; baseline 0.01 -31"><span class='ocrx_word' id='word_1_82' title='bbox 250 1225 457 1296; x_wconf 79' lang='grc' dir='ltr'>έχεται·</span> <span class='ocrx_word' id='word_1_83' title='bbox 514 1226 686 1279; x_wconf 83' lang='grc' dir='ltr'>ταῦτα</span> <span class='ocrx_word' id='word_1_84' title='bbox 735 1227 1016 1297; x_wconf 73' lang='grc' dir='ltr'><strong>χλευάζειν</strong></span> <span class='ocrx_word' id='word_1_85' title='bbox 1062 1232 1378 1303; x_wconf 76' lang='grc' dir='ltr'>ἐπιχειρεῖς,</span> <span class='ocrx_word' id='word_1_86' title='bbox 1429 1237 1521 1289; x_wconf 74' lang='grc' dir='ltr'><strong>καὶ</strong></span> <span class='ocrx_word' id='word_1_87' title='bbox 1548 1240 1604 1290; x_wconf 85' lang='grc' dir='ltr'>ὲν</span> <span class='ocrx_word' id='word_1_88' title='bbox 1636 1239 1824 1308; x_wconf 80' lang='grc' dir='ltr'>φαύλῳ</span> 
     </span>
    </p>
   </div>
   <div class='ocr_carea' id='block_1_13' title="bbox 250 1314 1821 1393">
    <p class='ocr_par' dir='ltr' id='par_1_13' title="bbox 250 1314 1821 1393">
     <span class='ocr_line' id='line_1_13' title="bbox 250 1314 1821 1393; baseline 0.011 -26"><span class='ocrx_word' id='word_1_89' title='bbox 250 1314 534 1381; x_wconf 62' lang='lat' dir='ltr'><strong>demeat;</strong></span> <span class='ocrx_word' id='word_1_90' title='bbox 567 1318 657 1369; x_wconf 76' lang='grc' dir='ltr'>καὶ</span> <span class='ocrx_word' id='word_1_91' title='bbox 679 1318 738 1369; x_wconf 86' lang='grc' dir='ltr'><strong>ού</strong></span> <span class='ocrx_word' id='word_1_92' title='bbox 764 1320 920 1371; x_wconf 76' lang='grc' dir='ltr'>τοῦτο</span> <span class='ocrx_word' id='word_1_93' title='bbox 950 1320 1113 1391; x_wconf 83' lang='grc' dir='ltr'>φαίην</span> <span class='ocrx_word' id='word_1_94' title='bbox 1142 1323 1207 1375; x_wconf 86' lang='grc' dir='ltr'>ἂν</span> <span class='ocrx_word' id='word_1_95' title='bbox 1230 1324 1423 1393; x_wconf 76' lang='grc' dir='ltr'>ἔγωγε,</span> <span class='ocrx_word' id='word_1_96' title='bbox 1461 1328 1535 1391; x_wconf 84' lang='grc' dir='ltr'>ὡς</span> <span class='ocrx_word' id='word_1_97' title='bbox 1563 1325 1642 1392; x_wconf 82' lang='grc' dir='ltr'>οἷς</span> <span class='ocrx_word' id='word_1_98' title='bbox 1676 1332 1821 1383; x_wconf 81' lang='grc' dir='ltr'>ἐκεῖ·</span> 
     </span>
    </p>
   </div>
   <div class='ocr_carea' id='block_1_14' title="bbox 252 1407 1822 1491">
    <p class='ocr_par' dir='ltr' id='par_1_14' title="bbox 252 1407 1822 1491">
     <span class='ocr_line' id='line_1_14' title="bbox 252 1407 1822 1491; baseline 0.011 -33"><span class='ocrx_word' id='word_1_99' title='bbox 252 1424 337 1459; x_wconf 80' lang='grc' dir='ltr'><strong>νοι</strong></span> <span class='ocrx_word' id='word_1_100' title='bbox 359 1407 427 1459; x_wconf 78' lang='grc' dir='ltr'>τὰ</span> <span class='ocrx_word' id='word_1_101' title='bbox 457 1407 778 1462; x_wconf 82' lang='grc' dir='ltr'>ἀτοπώτατα</span> <span class='ocrx_word' id='word_1_102' title='bbox 802 1413 1267 1480; x_wconf 78' lang='grc' dir='ltr'>πεπρεσὸεύκασι,</span> <span class='ocrx_word' id='word_1_103' title='bbox 1298 1417 1507 1481; x_wconf 81' lang='grc' dir='ltr'>τούτοις</span> <span class='ocrx_word' id='word_1_104' title='bbox 1537 1422 1682 1490; x_wconf 79' lang='grc' dir='ltr'>ἡμᾶς</span> <span class='ocrx_word' id='word_1_105' title='bbox 1706 1421 1822 1491; x_wconf 83' lang='grc' dir='ltr'>δεή-</span> 
     </span>
    </p>
   </div>
   <div class='ocr_carea' id='block_1_15' title="bbox 254 1500 1820 1577">
    <p class='ocr_par' dir='ltr' id='par_1_15' title="bbox 254 1500 1820 1577">
     <span class='ocr_line' id='line_1_15' title="bbox 254 1500 1820 1577; baseline 0.01 -28"><span class='ocrx_word' id='word_1_106' title='bbox 254 1514 341 1549; x_wconf 85' lang='grc' dir='ltr'>σει</span> <span class='ocrx_word' id='word_1_107' title='bbox 397 1500 742 1567; x_wconf 87' lang='grc' dir='ltr'>σεμνολογεῖν</span> <span class='ocrx_word' id='word_1_108' title='bbox 784 1500 853 1553; x_wconf 87' lang='grc' dir='ltr'><strong>τά</strong></span> <span class='ocrx_word' id='word_1_109' title='bbox 910 1504 1191 1574; x_wconf 70' lang='grc' dir='ltr'>ἡμέτερα*</span> <span class='ocrx_word' id='word_1_110' title='bbox 1238 1507 1355 1560; x_wconf 80' lang='grc' dir='ltr'>οὐδὲ</span> <span class='ocrx_word' id='word_1_111' title='bbox 1384 1509 1579 1563; x_wconf 81' lang='grc' dir='ltr'>πολλοῦ</span> <span class='ocrx_word' id='word_1_112' title='bbox 1610 1511 1708 1577; x_wconf 86' lang='grc' dir='ltr'><strong>δεῖ,</strong></span> <span class='ocrx_word' id='word_1_113' title='bbox 1760 1513 1820 1565; x_wconf 74' lang='grc' dir='ltr'>τὸ</span> 
     </span>
    </p>
   </div>
   <div class='ocr_carea' id='block_1_16' title="bbox 252 1588 1819 1667">
    <p class='ocr_par' dir='ltr' id='par_1_16' title="bbox 252 1588 1819 1667">
     <span class='ocr_line' id='line_1_16' title="bbox 252 1588 1819 1667; baseline 0.012 -29"><span class='ocrx_word' id='word_1_114' title='bbox 252 1588 369 1654; x_wconf 77' lang='grc' dir='ltr'>φῶς</span> <span class='ocrx_word' id='word_1_115' title='bbox 403 1588 479 1659; x_wconf 83' lang='grc' dir='ltr'>τῷ</span> <span class='ocrx_word' id='word_1_116' title='bbox 506 1590 684 1641; x_wconf 87' lang='grc' dir='ltr'>σκότει</span> <span class='ocrx_word' id='word_1_117' title='bbox 717 1590 1151 1661; x_wconf 87' lang='grc' dir='ltr'>λαμπρύνεσθαι,</span> <span class='ocrx_word' id='word_1_118' title='bbox 1193 1598 1224 1666; x_wconf 80' lang='grc' dir='ltr'>ἢ</span> <span class='ocrx_word' id='word_1_119' title='bbox 1254 1598 1331 1667; x_wconf 84' lang='grc' dir='ltr'>τῷ</span> <span class='ocrx_word' id='word_1_120' title='bbox 1356 1600 1539 1667; x_wconf 78' lang='grc' dir='ltr'>ψεύδει</span> <span class='ocrx_word' id='word_1_121' title='bbox 1568 1604 1819 1656; x_wconf 87' lang='grc' dir='ltr'>συνίστα-</span> 
     </span>
    </p>
   </div>
   <div class='ocr_carea' id='block_1_17' title="bbox 253 1679 1822 1766">
    <p class='ocr_par' dir='ltr' id='par_1_17' title="bbox 253 1679 1822 1766">
     <span class='ocr_line' id='line_1_17' title="bbox 253 1679 1822 1766; baseline 0.013 -37"><span class='ocrx_word' id='word_1_122' title='bbox 253 1679 378 1766; x_wconf 82' lang='grc' dir='ltr'>σθαι</span> <span class='ocrx_word' id='word_1_123' title='bbox 411 1681 509 1749; x_wconf 81' lang='grc' dir='ltr'>τὴν</span> <span class='ocrx_word' id='word_1_124' title='bbox 539 1682 791 1751; x_wconf 78' lang='grc' dir='ltr'>ἀλήθειαν</span> <span class='ocrx_word' id='word_1_125' title='bbox 812 1701 827 1714; x_wconf 91' lang='grc'><strong>·</strong></span> <span class='ocrx_word' id='word_1_126' title='bbox 857 1685 890 1752; x_wconf 82' lang='grc' dir='ltr'>ἢ</span> <span class='ocrx_word' id='word_1_127' title='bbox 915 1689 978 1753; x_wconf 83' lang='grc' dir='ltr'>τῇ</span> <span class='ocrx_word' id='word_1_128' title='bbox 1013 1688 1187 1759; x_wconf 79' lang='grc' dir='ltr'>πλάνῃ</span> <span class='ocrx_word' id='word_1_129' title='bbox 1220 1690 1316 1760; x_wconf 78' lang='grc' dir='ltr'>τὴν</span> <span class='ocrx_word' id='word_1_130' title='bbox 1349 1694 1530 1745; x_wconf 89' lang='grc' dir='ltr'>πίστιν</span> <span class='ocrx_word' id='word_1_131' title='bbox 1577 1698 1822 1766; x_wconf 75' lang='grc' dir='ltr'>στηρίζε-</span> 
     </span>
    </p>
   </div>
   <div class='ocr_carea' id='block_1_18' title="bbox 252 1765 1818 1843">
    <p class='ocr_par' dir='ltr' id='par_1_18' title="bbox 252 1765 1818 1843">
     <span class='ocr_line' id='line_1_18' title="bbox 252 1765 1818 1843; baseline 0.015 -27"><span class='ocrx_word' id='word_1_132' title='bbox 252 1765 409 1818; x_wconf 82' lang='grc' dir='ltr'>σθαι’</span> <span class='ocrx_word' id='word_1_133' title='bbox 440 1766 554 1819; x_wconf 87' lang='grc' dir='ltr'>ἀλλ’</span> <span class='ocrx_word' id='word_1_134' title='bbox 582 1769 656 1830; x_wconf 78' lang='grc' dir='ltr'>ὡς</span> <span class='ocrx_word' id='word_1_135' title='bbox 685 1770 818 1833; x_wconf 85' lang='grc' dir='ltr'>ὅλως</span> <span class='ocrx_word' id='word_1_136' title='bbox 853 1774 951 1825; x_wconf 81' lang='grc' dir='ltr'>οὐκ</span> <span class='ocrx_word' id='word_1_137' title='bbox 987 1773 1114 1843; x_wconf 79' lang='grc' dir='ltr'><strong>ἐξῆν</strong></span> <span class='ocrx_word' id='word_1_138' title='bbox 1152 1778 1384 1843; x_wconf 81' lang='grc' dir='ltr'>ἐκείνοις</span> <span class='ocrx_word' id='word_1_139' title='bbox 1436 1783 1584 1836; x_wconf 82' lang='grc' dir='ltr'>κάτω</span> <span class='ocrx_word' id='word_1_140' title='bbox 1619 1765 1818 1839; x_wconf 74' lang='grc' dir='ltr'>παντεο</span> 
     </span>
    </p>
   </div>
   <div class='ocr_carea' id='block_1_19' title="bbox 248 1845 1923 1948">
    <p class='ocr_par' dir='ltr' id='par_1_19' title="bbox 248 1845 1923 1945">
     <span class='ocr_line' id='line_1_19' title="bbox 248 1845 1923 1945; baseline 0.014 -36"><span class='ocrx_word' id='word_1_141' title='bbox 248 1858 359 1920; x_wconf 87' lang='grc' dir='ltr'>λῶς</span> <span class='ocrx_word' id='word_1_142' title='bbox 388 1859 779 1928; x_wconf 87' lang='grc' dir='ltr'>κατενεχθεῖσι,</span> <span class='ocrx_word' id='word_1_143' title='bbox 805 1864 899 1916; x_wconf 74' lang='grc' dir='ltr'>καὶ</span> <span class='ocrx_word' id='word_1_144' title='bbox 926 1864 1048 1917; x_wconf 83' lang='grc' dir='ltr'>ὅσον</span> <span class='ocrx_word' id='word_1_145' title='bbox 1093 1868 1252 1935; x_wconf 82' lang='grc' dir='ltr'><strong>ἡμεῖς</strong></span> <span class='ocrx_word' id='word_1_146' title='bbox 1283 1871 1393 1923; x_wconf 83' lang='grc' dir='ltr'>ἄνω</span> <span class='ocrx_word' id='word_1_147' title='bbox 1421 1875 1519 1944; x_wconf 81' lang='grc' dir='ltr'>τῆς</span> <span class='ocrx_word' id='word_1_148' title='bbox 1562 1874 1773 1940; x_wconf 83' lang='grc' dir='ltr'>φύσεως</span> <span class='ocrx_word' id='word_1_149' title='bbox 1797 1920 1811 1945; x_wconf 90' lang='grc'><strong>,</strong></span> <span class='ocrx_word' id='word_1_150' title='bbox 1849 1845 1891 1898; x_wconf 77' lang='grc' dir='ltr'><strong><em>Β</em></strong></span> <span class='ocrx_word' id='word_1_151' title='bbox 1922 1912 1923 1917; x_wconf 61' lang='grc' dir='ltr'><strong>η</strong></span> 
     </span>
    </p>
   </div>
   <div class='ocr_carea' id='block_1_20' title="bbox 1130 1845 2805 1948">
    <p class='ocr_par' dir='ltr' id='par_1_20' title="bbox 1134 1845 2805 1948">
     <span class='ocr_line' id='line_1_20' title="bbox 1134 1845 2805 1948; baseline 0.01 -29"><span class='ocrx_word' id='word_1_152' title='bbox 1134 1872 1252 1935; x_wconf 78' lang='grc' dir='ltr'>μείς</span> <span class='ocrx_word' id='word_1_153' title='bbox 1283 1871 1393 1923; x_wconf 83' lang='grc' dir='ltr'>ἄνω</span> <span class='ocrx_word' id='word_1_154' title='bbox 1421 1875 1519 1944; x_wconf 80' lang='grc' dir='ltr'>τῆς</span> <span class='ocrx_word' id='word_1_155' title='bbox 1562 1874 1773 1940; x_wconf 83' lang='grc' dir='ltr'>φύσεως</span> <span class='ocrx_word' id='word_1_156' title='bbox 1797 1920 1811 1945; x_wconf 87' lang='grc'><strong>,</strong></span> <span class='ocrx_word' id='word_1_157' title='bbox 1849 1845 1891 1898; x_wconf 77' lang='grc' dir='ltr'><strong><em>Β</em></strong></span> <span class='ocrx_word' id='word_1_158' title='bbox 1922 1879 2155 1934; x_wconf 87' lang='lat' dir='ltr'><strong>delitatis</strong></span> <span class='ocrx_word' id='word_1_159' title='bbox 2194 1895 2379 1934; x_wconf 88' lang='lat' dir='ltr'><strong>errore</strong></span> <span class='ocrx_word' id='word_1_160' title='bbox 2422 1882 2741 1936; x_wconf 92' lang='lat' dir='ltr'><strong>conﬁrmare</strong></span> <span class='ocrx_word' id='word_1_161' title='bbox 2791 1900 2805 1948; x_wconf 90' lang='lat'><strong>;</strong></span> 
     </span>
    </p>
   </div>
   <div class='ocr_carea' id='block_1_21' title="bbox 246 1946 1819 2035">
    <p class='ocr_par' dir='ltr' id='par_1_21' title="bbox 246 1946 1819 2035">
     <span class='ocr_line' id='line_1_21' title="bbox 246 1946 1819 2035; baseline 0.017 -41"><span class='ocrx_word' id='word_1_162' title='bbox 246 1947 319 2001; x_wconf 78' lang='grc' dir='ltr'><strong>τὰ</strong></span> <span class='ocrx_word' id='word_1_163' title='bbox 345 1946 442 2016; x_wconf 82' lang='grc' dir='ltr'><strong>μὲν</strong></span> <span class='ocrx_word' id='word_1_164' title='bbox 472 1950 621 2018; x_wconf 81' lang='grc' dir='ltr'>παρὰ.</span> <span class='ocrx_word' id='word_1_165' title='bbox 651 1948 832 2016; x_wconf 80' lang='grc' dir='ltr'>φύσιν,</span> <span class='ocrx_word' id='word_1_166' title='bbox 857 1953 952 2004; x_wconf 67' lang='grc' dir='ltr'><strong>καὶ⁵</strong></span> <span class='ocrx_word' id='word_1_167' title='bbox 976 1953 1012 2007; x_wconf 79' lang='grc' dir='ltr'>ἃ</span> <span class='ocrx_word' id='word_1_168' title='bbox 1042 1956 1164 2023; x_wconf 86' lang='grc' dir='ltr'>μηδ’</span> <span class='ocrx_word' id='word_1_169' title='bbox 1188 1958 1335 2022; x_wconf 83' lang='grc' dir='ltr'>ὅστις</span> <span class='ocrx_word' id='word_1_170' title='bbox 1352 1956 1443 2015; x_wconf 81' lang='grc' dir='ltr'>οὖν</span> <span class='ocrx_word' id='word_1_171' title='bbox 1466 1964 1664 2033; x_wconf 84' lang='grc' dir='ltr'>τρόπος</span> <span class='ocrx_word' id='word_1_172' title='bbox 1690 1985 1819 2035; x_wconf 81' lang='grc' dir='ltr'>συγ-</span> 
     </span>
    </p>
   </div>
   <div class='ocr_carea' id='block_1_22' title="bbox 248 2038 1817 2127">
    <p class='ocr_par' dir='ltr' id='par_1_22' title="bbox 248 2038 1817 2127">
     <span class='ocr_line' id='line_1_22' title="bbox 248 2038 1817 2127; baseline 0.011 -35"><span class='ocrx_word' id='word_1_173' title='bbox 248 2041 589 2110; x_wconf 85' lang='grc' dir='ltr'>κροτήσειεν,</span> <span class='ocrx_word' id='word_1_174' title='bbox 622 2038 791 2091; x_wconf 80' lang='grc' dir='ltr'>ταῦτα</span> <span class='ocrx_word' id='word_1_175' title='bbox 814 2044 998 2113; x_wconf 83' lang='grc' dir='ltr'>τιμᾷν,</span> <span class='ocrx_word' id='word_1_176' title='bbox 1022 2046 1114 2096; x_wconf 80' lang='grc' dir='ltr'>καὶ</span> <span class='ocrx_word' id='word_1_177' title='bbox 1137 2048 1431 2118; x_wconf 80' lang='grc' dir='ltr'>θαυμάζειν</span> <span class='ocrx_word' id='word_1_178' title='bbox 1450 2069 1465 2083; x_wconf 76' lang='grc' dir='ltr'><strong>ο</strong></span> <span class='ocrx_word' id='word_1_179' title='bbox 1492 2054 1528 2107; x_wconf 77' lang='grc' dir='ltr'><strong>ἃ</strong></span> <span class='ocrx_word' id='word_1_180' title='bbox 1558 2056 1614 2107; x_wconf 82' lang='grc' dir='ltr'>δὲ</span> <span class='ocrx_word' id='word_1_181' title='bbox 1641 2057 1817 2127; x_wconf 87' lang='grc' dir='ltr'>πολλῷ</span> 
     </span>
    </p>
   </div>
   <div class='ocr_carea' id='block_1_23' title="bbox 244 2133 1816 2217">
    <p class='ocr_par' dir='ltr' id='par_1_23' title="bbox 244 2133 1816 2217">
     <span class='ocr_line' id='line_1_23' title="bbox 244 2133 1816 2217; baseline 0.01 -32"><span class='ocrx_word' id='word_1_182' title='bbox 244 2133 491 2202; x_wconf 76' lang='grc' dir='ltr'><strong>κρείσσω</strong></span> <span class='ocrx_word' id='word_1_183' title='bbox 513 2134 605 2187; x_wconf 84' lang='grc' dir='ltr'>καὶ</span> <span class='ocrx_word' id='word_1_184' title='bbox 634 2136 793 2203; x_wconf 87' lang='grc' dir='ltr'>λόγου</span> <span class='ocrx_word' id='word_1_185' title='bbox 835 2139 929 2190; x_wconf 81' lang='grc' dir='ltr'>καὶ</span> <span class='ocrx_word' id='word_1_186' title='bbox 961 2139 1194 2208; x_wconf 86' lang='grc' dir='ltr'>φύσεως,</span> <span class='ocrx_word' id='word_1_187' title='bbox 1240 2147 1333 2198; x_wconf 79' lang='grc' dir='ltr'>καὶ</span> <span class='ocrx_word' id='word_1_188' title='bbox 1366 2148 1600 2212; x_wconf 85' lang='grc' dir='ltr'>ἀνέσεως</span> <span class='ocrx_word' id='word_1_189' title='bbox 1629 2149 1691 2217; x_wconf 46' lang='grc' dir='ltr'><strong>δ”</strong></span> <span class='ocrx_word' id='word_1_190' title='bbox 1722 2150 1816 2202; x_wconf 77' lang='grc' dir='ltr'>καὶ</span> 
     </span>
    </p>
   </div>
   <div class='ocr_carea' id='block_1_24' title="bbox 246 2224 1815 2308">
    <p class='ocr_par' dir='ltr' id='par_1_24' title="bbox 246 2224 1815 2308">
     <span class='ocr_line' id='line_1_24' title="bbox 246 2224 1815 2308; baseline 0.013 -34"><span class='ocrx_word' id='word_1_191' title='bbox 246 2224 418 2276; x_wconf 79' lang='grc' dir='ltr'>είσέτι</span> <span class='ocrx_word' id='word_1_192' title='bbox 440 2226 733 2297; x_wconf 78' lang='grc' dir='ltr'>μαρτύρων</span> <span class='ocrx_word' id='word_1_193' title='bbox 770 2228 946 2297; x_wconf 83' lang='grc' dir='ltr'>τάφοι,</span> <span class='ocrx_word' id='word_1_194' title='bbox 991 2231 1135 2285; x_wconf 80' lang='grc' dir='ltr'>ἔστιν</span> <span class='ocrx_word' id='word_1_195' title='bbox 1162 2227 1222 2286; x_wconf 79' lang='grc' dir='ltr'><strong>οὗ</strong></span> <span class='ocrx_word' id='word_1_196' title='bbox 1252 2236 1353 2305; x_wconf 83' lang='grc' dir='ltr'>τῆς</span> <span class='ocrx_word' id='word_1_197' title='bbox 1378 2239 1575 2308; x_wconf 80' lang='grc' dir='ltr'>’χρείας</span> <span class='ocrx_word' id='word_1_198' title='bbox 1621 2242 1815 2293; x_wconf 86' lang='grc' dir='ltr'>καλού-</span> 
     </span>
    </p>
   </div>
   <div class='ocr_carea' id='block_1_25' title="bbox 244 2318 1815 2403">
    <p class='ocr_par' dir='ltr' id='par_1_25' title="bbox 244 2318 1815 2403">
     <span class='ocr_line' id='line_1_25' title="bbox 244 2318 1815 2403; baseline 0.013 -37"><span class='ocrx_word' id='word_1_199' title='bbox 244 2332 370 2385; x_wconf 82' lang='grc' dir='ltr'>σης.</span> <span class='ocrx_word' id='word_1_200' title='bbox 386 2318 476 2369; x_wconf 80' lang='grc' dir='ltr'>καὶ</span> <span class='ocrx_word' id='word_1_201' title='bbox 497 2318 596 2387; x_wconf 80' lang='grc' dir='ltr'>τῆς</span> <span class='ocrx_word' id='word_1_202' title='bbox 624 2320 882 2389; x_wconf 81' lang='grc' dir='ltr'>Προνοίας</span> <span class='ocrx_word' id='word_1_203' title='bbox 908 2325 1815 2403; x_wconf 83' lang='grc' dir='ltr'>οἰκονομούσης,τερατουργοῦντες</span> 
     </span>
    </p>
   </div>
   <div class='ocr_carea' id='block_1_26' title="bbox 242 2409 1814 2496">
    <p class='ocr_par' dir='ltr' id='par_1_26' title="bbox 242 2409 1814 2496">
     <span class='ocr_line' id='line_1_26' title="bbox 242 2409 1814 2496; baseline 0.015 -39"><span class='ocrx_word' id='word_1_204' title='bbox 242 2409 735 2479; x_wconf 81' lang='grc' dir='ltr'>ὲπιμαρτύρονται,</span> <span class='ocrx_word' id='word_1_205' title='bbox 790 2412 965 2466; x_wconf 84' lang='grc' dir='ltr'>ταῦτα</span> <span class='ocrx_word' id='word_1_206' title='bbox 1015 2416 1072 2468; x_wconf 79' lang='grc' dir='ltr'>δὲ</span> <span class='ocrx_word' id='word_1_207' title='bbox 1105 2418 1245 2489; x_wconf 87' lang='grc' dir='ltr'>λόγῳ</span> <span class='ocrx_word' id='word_1_208' title='bbox 1274 2424 1367 2475; x_wconf 75' lang='grc' dir='ltr'>καὶ</span> <span class='ocrx_word' id='word_1_209' title='bbox 1406 2424 1579 2496; x_wconf 76' lang='grc' dir='ltr'>πλάνῃ</span> <span class='ocrx_word' id='word_1_210' title='bbox 1625 2429 1814 2496; x_wconf 83' lang='grc' dir='ltr'>πειρί-</span> 
     </span>
    </p>
   </div>
   <div class='ocr_carea' id='block_1_27' title="bbox 246 2498 826 2571">
    <p class='ocr_par' dir='ltr' id='par_1_27' title="bbox 246 2498 826 2571">
     <span class='ocr_line' id='line_1_27' title="bbox 246 2498 826 2571; baseline 0.01 -20"><span class='ocrx_word' id='word_1_211' title='bbox 246 2498 375 2551; x_wconf 69' lang='grc' dir='ltr'>σθαι</span> <span class='ocrx_word' id='word_1_212' title='bbox 407 2501 826 2571; x_wconf 80' lang='grc' dir='ltr'>παρασαλεύειν.</span> 
     </span>
    </p>
   </div>
   <div class='ocr_carea' id='block_1_28' title="bbox 318 2772 1809 2859">
    <p class='ocr_par' dir='ltr' id='par_1_28' title="bbox 318 2772 1809 2859">
     <span class='ocr_line' id='line_1_28' title="bbox 318 2772 1809 2859; baseline 0.015 -35"><span class='ocrx_word' id='word_1_213' title='bbox 318 2772 461 2841; x_wconf 83' lang='grc' dir='ltr'>Ὅρα</span> <span class='ocrx_word' id='word_1_214' title='bbox 511 2774 568 2828; x_wconf 73' lang='grc' dir='ltr'>δὲ</span> <span class='ocrx_word' id='word_1_215' title='bbox 600 2778 836 2832; x_wconf 80' lang='grc' dir='ltr'>κάκεῖνο.</span> <span class='ocrx_word' id='word_1_216' title='bbox 886 2782 959 2833; x_wconf 80' lang='grc' dir='ltr'><strong>Οὐ</strong></span> <span class='ocrx_word' id='word_1_217' title='bbox 1000 2782 1169 2845; x_wconf 82' lang='grc' dir='ltr'>πάθος</span> <span class='ocrx_word' id='word_1_218' title='bbox 1225 2792 1417 2853; x_wconf 84' lang='grc' dir='ltr'>κρατεῖ</span> <span class='ocrx_word' id='word_1_219' title='bbox 1466 2790 1715 2859; x_wconf 73' lang='grc' dir='ltr'>φύσεωςς</span> <span class='ocrx_word' id='word_1_220' title='bbox 1750 2795 1809 2847; x_wconf 81' lang='grc' dir='ltr'>οὐ</span> 
     </span>
    </p>
   </div>
   <div class='ocr_carea' id='block_1_29' title="bbox 248 2862 1814 2949">
    <p class='ocr_par' dir='ltr' id='par_1_29' title="bbox 248 2862 1814 2949">
     <span class='ocr_line' id='line_1_29' title="bbox 248 2862 1814 2949; baseline 0.012 -33"><span class='ocrx_word' id='word_1_221' title='bbox 248 2862 431 2929; x_wconf 69' lang='grc' dir='ltr'>δόσος;</span> <span class='ocrx_word' id='word_1_222' title='bbox 480 2864 541 2916; x_wconf 85' lang='grc' dir='ltr'><strong>ού</strong></span> <span class='ocrx_word' id='word_1_223' title='bbox 588 2866 806 2937; x_wconf 84' lang='grc' dir='ltr'>γῆρας;</span> <span class='ocrx_word' id='word_1_224' title='bbox 870 2870 971 2923; x_wconf 80' lang='grc' dir='ltr'>οὐκ</span> <span class='ocrx_word' id='word_1_225' title='bbox 1022 2872 1159 2942; x_wconf 84' lang='grc' dir='ltr'>αὐτὴ</span> <span class='ocrx_word' id='word_1_226' title='bbox 1191 2873 1246 2925; x_wconf 83' lang='grc' dir='ltr'>δὲ</span> <span class='ocrx_word' id='word_1_227' title='bbox 1276 2877 1463 2945; x_wconf 84' lang='grc' dir='ltr'>νεότης</span> <span class='ocrx_word' id='word_1_228' title='bbox 1508 2880 1647 2934; x_wconf 79' lang='grc' dir='ltr'>οὕτω</span> <span class='ocrx_word' id='word_1_229' title='bbox 1679 2882 1814 2949; x_wconf 74' lang='grc' dir='ltr'><strong>ἡϐά-</strong></span> 
     </span>
    </p>
   </div>
   <div class='ocr_carea' id='block_1_30' title="bbox 248 2958 1814 3041">
    <p class='ocr_par' dir='ltr' id='par_1_30' title="bbox 248 2958 1814 3041">
     <span class='ocr_line' id='line_1_30' title="bbox 248 2958 1814 3041; baseline 0.013 -36"><span class='ocrx_word' id='word_1_230' title='bbox 248 2971 458 3007; x_wconf 80' lang='grc' dir='ltr'>σκουσα</span> <span class='ocrx_word' id='word_1_231' title='bbox 487 2958 535 3008; x_wconf 90' lang='grc' dir='ltr'><strong>εί</strong></span> <span class='ocrx_word' id='word_1_232' title='bbox 561 2958 654 3010; x_wconf 86' lang='grc' dir='ltr'><strong>καί</strong></span> <span class='ocrx_word' id='word_1_233' title='bbox 685 2976 739 3011; x_wconf 91' lang='grc' dir='ltr'><strong>τι</strong></span> <span class='ocrx_word' id='word_1_234' title='bbox 766 2960 913 3025; x_wconf 80' lang='grc' dir='ltr'>ἄλλο,</span> <span class='ocrx_word' id='word_1_235' title='bbox 941 2963 1192 3018; x_wconf 85' lang='grc' dir='ltr'>ἀσθένεια</span> <span class='ocrx_word' id='word_1_236' title='bbox 1224 2969 1544 3022; x_wconf 84' lang='grc' dir='ltr'>καθεστῶσα</span> <span class='ocrx_word' id='word_1_237' title='bbox 1593 2973 1689 3041; x_wconf 87' lang='grc' dir='ltr'>τῆς</span> <span class='ocrx_word' id='word_1_238' title='bbox 1728 2991 1814 3025; x_wconf 81' lang='grc' dir='ltr'>τε·</span> 
     </span>
    </p>
   </div>
   <div class='ocr_carea' id='block_1_31' title="bbox 245 3044 1812 3134">
    <p class='ocr_par' dir='ltr' id='par_1_31' title="bbox 245 3044 1812 3134">
     <span class='ocr_line' id='line_1_31' title="bbox 245 3044 1812 3134; baseline 0.013 -38"><span class='ocrx_word' id='word_1_239' title='bbox 245 3044 535 3115; x_wconf 72' lang='grc' dir='ltr'>κνὼσεωςς</span> <span class='ocrx_word' id='word_1_240' title='bbox 568 3050 659 3102; x_wconf 79' lang='grc' dir='ltr'>καὶ</span> <span class='ocrx_word' id='word_1_241' title='bbox 703 3053 763 3104; x_wconf 86' lang='grc' dir='ltr'>τὸ</span> <span class='ocrx_word' id='word_1_242' title='bbox 800 3055 1118 3123; x_wconf 81' lang='grc' dir='ltr'>παράδοξον,</span> <span class='ocrx_word' id='word_1_243' title='bbox 1151 3059 1197 3109; x_wconf 85' lang='grc' dir='ltr'><strong>εί</strong></span> <span class='ocrx_word' id='word_1_244' title='bbox 1223 3059 1297 3129; x_wconf 84' lang='grc' dir='ltr'><strong>μὴ</strong></span> <span class='ocrx_word' id='word_1_245' title='bbox 1328 3060 1404 3128; x_wconf 85' lang='grc' dir='ltr'>τῷ</span> <span class='ocrx_word' id='word_1_246' title='bbox 1453 3064 1666 3130; x_wconf 82' lang='grc' dir='ltr'>συνήθει</span> <span class='ocrx_word' id='word_1_247' title='bbox 1714 3066 1812 3134; x_wconf 81' lang='grc' dir='ltr'>τὴν</span> 
     </span>
    </p>
   </div>
   <div class='ocr_carea' id='block_1_32' title="bbox 1927 598 3488 669">
    <p class='ocr_par' dir='ltr' id='par_1_32' title="bbox 1927 598 3488 669">
     <span class='ocr_line' id='line_1_32' title="bbox 1927 598 3488 669; baseline 0.004 -18"><span class='ocrx_word' id='word_1_248' title='bbox 1927 614 2034 653; x_wconf 90' lang='lat' dir='ltr'><strong>non</strong></span> <span class='ocrx_word' id='word_1_249' title='bbox 2086 599 2316 653; x_wconf 88' lang='lat' dir='ltr'><strong>alienam</strong></span> <span class='ocrx_word' id='word_1_250' title='bbox 2367 598 2710 667; x_wconf 88' lang='lat' dir='ltr'><strong>opinionem,</strong></span> <span class='ocrx_word' id='word_1_251' title='bbox 2761 613 2871 653; x_wconf 91' lang='lat' dir='ltr'><strong>non</strong></span> <span class='ocrx_word' id='word_1_252' title='bbox 2921 607 3067 653; x_wconf 89' lang='lat' dir='ltr'><strong>tuam</strong></span> <span class='ocrx_word' id='word_1_253' title='bbox 3123 600 3322 669; x_wconf 86' lang='lat' dir='ltr'><strong>ipsius,</strong></span> <span class='ocrx_word' id='word_1_254' title='bbox 3378 620 3488 659; x_wconf 90' lang='lat' dir='ltr'><strong>non</strong></span> 
     </span>
    </p>
   </div>
   <div class='ocr_carea' id='block_1_33' title="bbox 1925 689 3489 766">
    <p class='ocr_par' dir='ltr' id='par_1_33' title="bbox 1925 689 3489 766">
     <span class='ocr_line' id='line_1_33' title="bbox 1925 689 3489 766; baseline 0.006 -23"><span class='ocrx_word' id='word_1_255' title='bbox 1925 689 2069 745; x_wconf 85' lang='lat' dir='ltr'><strong>aliud</strong></span> <span class='ocrx_word' id='word_1_256' title='bbox 2108 690 2401 760; x_wconf 84' lang='lat' dir='ltr'><strong>quidquam</strong></span> <span class='ocrx_word' id='word_1_257' title='bbox 2445 690 2654 744; x_wconf 85' lang='lat' dir='ltr'><strong>habens</strong></span> <span class='ocrx_word' id='word_1_258' title='bbox 2678 692 2822 759; x_wconf 85' lang='lat' dir='ltr'><strong>quod</strong></span> <span class='ocrx_word' id='word_1_259' title='bbox 2872 692 3218 764; x_wconf 81' lang='lat' dir='ltr'><strong>suffragetur,</strong></span> <span class='ocrx_word' id='word_1_260' title='bbox 3263 704 3489 766; x_wconf 70' lang='lat' dir='ltr'><strong>excepta</strong></span> 
     </span>
    </p>
   </div>
   <div class='ocr_carea' id='block_1_34' title="bbox 1924 783 3485 854">
    <p class='ocr_par' dir='ltr' id='par_1_34' title="bbox 1924 783 3485 854">
     <span class='ocr_line' id='line_1_34' title="bbox 1924 783 3485 854; baseline 0.004 -17"><span class='ocrx_word' id='word_1_261' title='bbox 1924 783 2185 837; x_wconf 74' lang='lat' dir='ltr'><strong>duntaxat</strong></span> <span class='ocrx_word' id='word_1_262' title='bbox 2236 783 2569 853; x_wconf 86' lang='lat' dir='ltr'><strong>impudentia</strong></span> <span class='ocrx_word' id='word_1_263' title='bbox 2615 793 2729 847; x_wconf 91' lang='lat' dir='ltr'><strong>tua,</strong></span> <span class='ocrx_word' id='word_1_264' title='bbox 2764 783 2881 839; x_wconf 84' lang='lat' dir='ltr'><strong>sive</strong></span> <span class='ocrx_word' id='word_1_265' title='bbox 2912 785 3359 854; x_wconf 79' lang='lat' dir='ltr'><strong>insensibilitate;</strong></span> <span class='ocrx_word' id='word_1_266' title='bbox 3390 805 3485 845; x_wconf 85' lang='lat' dir='ltr'><strong>ve-</strong></span> 
     </span>
    </p>
   </div>
   <div class='ocr_carea' id='block_1_35' title="bbox 1924 872 3488 944">
    <p class='ocr_par' dir='ltr' id='par_1_35' title="bbox 1924 872 3488 944">
     <span class='ocr_line' id='line_1_35' title="bbox 1924 872 3488 944; baseline 0.002 -16"><span class='ocrx_word' id='word_1_267' title='bbox 1924 875 2133 928; x_wconf 86' lang='lat' dir='ltr'><strong>neraris</strong></span> <span class='ocrx_word' id='word_1_268' title='bbox 2183 882 2385 937; x_wconf 88' lang='lat' dir='ltr'><strong>tamen,</strong></span> <span class='ocrx_word' id='word_1_269' title='bbox 2430 888 2493 927; x_wconf 88' lang='lat' dir='ltr'><strong>ac</strong></span> <span class='ocrx_word' id='word_1_270' title='bbox 2541 872 2734 927; x_wconf 87' lang='lat' dir='ltr'><strong>honori</strong></span> <span class='ocrx_word' id='word_1_271' title='bbox 2784 873 2952 927; x_wconf 89' lang='lat' dir='ltr'><strong>habes</strong></span> <span class='ocrx_word' id='word_1_272' title='bbox 2981 891 2995 927; x_wconf 90' lang='lat'><strong>:</strong></span> <span class='ocrx_word' id='word_1_273' title='bbox 3024 890 3087 928; x_wconf 85' lang='lat' dir='ltr'><strong>ea</strong></span> <span class='ocrx_word' id='word_1_274' title='bbox 3126 890 3257 930; x_wconf 87' lang='lat' dir='ltr'><strong>vero</strong></span> <span class='ocrx_word' id='word_1_275' title='bbox 3285 891 3406 944; x_wconf 63' lang='lat' dir='ltr'><strong>qua</strong></span> <span class='ocrx_word' id='word_1_276' title='bbox 3432 885 3488 931; x_wconf 92' lang='lat' dir='ltr'><strong>et</strong></span> 
     </span>
    </p>
   </div>
   <div class='ocr_carea' id='block_1_36' title="bbox 1922 965 3486 1037">
    <p class='ocr_par' dir='ltr' id='par_1_36' title="bbox 1922 965 3486 1037">
     <span class='ocr_line' id='line_1_36' title="bbox 1922 965 3486 1037; baseline 0.003 -18"><span class='ocrx_word' id='word_1_277' title='bbox 1922 976 2224 1037; x_wconf 80' lang='lat' dir='ltr'><strong>pugnantes</strong></span> <span class='ocrx_word' id='word_1_278' title='bbox 2271 965 2594 1021; x_wconf 88' lang='lat' dir='ltr'><strong>conﬁrmant</strong></span> <span class='ocrx_word' id='word_1_279' title='bbox 2636 967 2944 1036; x_wconf 80' lang='lat' dir='ltr'><strong>Opiniones,</strong></span> <span class='ocrx_word' id='word_1_280' title='bbox 2994 982 3221 1037; x_wconf 79' lang='lat' dir='ltr'><strong>cogente</strong></span> <span class='ocrx_word' id='word_1_281' title='bbox 3258 969 3486 1023; x_wconf 80' lang='lat' dir='ltr'><strong>veritate</strong></span> 
     </span>
    </p>
   </div>
   <div class='ocr_carea' id='block_1_37' title="bbox 1922 1056 3486 1127">
    <p class='ocr_par' dir='ltr' id='par_1_37' title="bbox 1922 1056 3486 1127">
     <span class='ocr_line' id='line_1_37' title="bbox 1922 1056 3486 1127; baseline 0.003 -17"><span class='ocrx_word' id='word_1_282' title='bbox 1922 1068 1983 1110; x_wconf 88' lang='lat' dir='ltr'><strong>ut</strong></span> <span class='ocrx_word' id='word_1_283' title='bbox 2038 1056 2105 1111; x_wconf 92' lang='lat' dir='ltr'><strong>de</strong></span> <span class='ocrx_word' id='word_1_284' title='bbox 2154 1056 2237 1110; x_wconf 88' lang='lat' dir='ltr'><strong>his</strong></span> <span class='ocrx_word' id='word_1_285' title='bbox 2283 1056 2469 1111; x_wconf 89' lang='lat' dir='ltr'><strong>eadem</strong></span> <span class='ocrx_word' id='word_1_286' title='bbox 2524 1058 2923 1111; x_wconf 87' lang='lat' dir='ltr'><strong>consentienter</strong></span> <span class='ocrx_word' id='word_1_287' title='bbox 2968 1060 3323 1127; x_wconf 89' lang='lat' dir='ltr'><strong>pronuntient</strong></span> <span class='ocrx_word' id='word_1_288' title='bbox 3366 1079 3379 1113; x_wconf 91' lang='lat'><strong>:</strong></span> <span class='ocrx_word' id='word_1_289' title='bbox 3423 1077 3486 1115; x_wconf 88' lang='lat' dir='ltr'><strong>ac</strong></span> 
     </span>
    </p>
   </div>
   <div class='ocr_carea' id='block_1_38' title="bbox 1920 1150 3481 1221">
    <p class='ocr_par' dir='ltr' id='par_1_38' title="bbox 1920 1150 3481 1221">
     <span class='ocr_line' id='line_1_38' title="bbox 1920 1150 3481 1221; baseline 0.003 -18"><span class='ocrx_word' id='word_1_290' title='bbox 1920 1166 2149 1219; x_wconf 90' lang='lat' dir='ltr'><strong>quorttm</strong></span> <span class='ocrx_word' id='word_1_291' title='bbox 2180 1150 2384 1218; x_wconf 91' lang='lat' dir='ltr'><strong>primus</strong></span> <span class='ocrx_word' id='word_1_292' title='bbox 2409 1150 2560 1204; x_wconf 82' lang='lat' dir='ltr'><strong>testis</strong></span> <span class='ocrx_word' id='word_1_293' title='bbox 2589 1159 2673 1204; x_wconf 89' lang='lat' dir='ltr'><strong>est</strong></span> <span class='ocrx_word' id='word_1_294' title='bbox 2699 1151 2813 1218; x_wconf 89' lang='lat' dir='ltr'><strong>ipse</strong></span> <span class='ocrx_word' id='word_1_295' title='bbox 2842 1161 3111 1220; x_wconf 89' lang='lat' dir='ltr'><strong>aspectus,</strong></span> <span class='ocrx_word' id='word_1_296' title='bbox 3144 1167 3443 1221; x_wconf 88' lang='lat' dir='ltr'><strong>sensusque</strong></span> <span class='ocrx_word' id='word_1_297' title='bbox 3466 1198 3481 1219; x_wconf 92' lang='lat'><strong>,</strong></span> 
     </span>
    </p>
   </div>
   <div class='ocr_carea' id='block_1_39' title="bbox 1920 1241 3479 1310">
    <p class='ocr_par' dir='ltr' id='par_1_39' title="bbox 1920 1241 3479 1310">
     <span class='ocr_line' id='line_1_39' title="bbox 1920 1241 3479 1310; baseline 0.003 -16"><span class='ocrx_word' id='word_1_298' title='bbox 1920 1241 2116 1310; x_wconf 89' lang='lat' dir='ltr'><strong>quibus</strong></span> <span class='ocrx_word' id='word_1_299' title='bbox 2162 1241 2425 1310; x_wconf 89' lang='lat' dir='ltr'><strong>denique,</strong></span> <span class='ocrx_word' id='word_1_300' title='bbox 2474 1241 2625 1310; x_wconf 90' lang='lat' dir='ltr'><strong>plura</strong></span> <span class='ocrx_word' id='word_1_301' title='bbox 2664 1242 2792 1295; x_wconf 92' lang='lat' dir='ltr'><strong>olim</strong></span> <span class='ocrx_word' id='word_1_302' title='bbox 2836 1243 2996 1296; x_wconf 88' lang='lat' dir='ltr'><strong>simili</strong></span> <span class='ocrx_word' id='word_1_303' title='bbox 3049 1244 3255 1297; x_wconf 84' lang='lat' dir='ltr'><strong>ratione</strong></span> <span class='ocrx_word' id='word_1_304' title='bbox 3302 1244 3479 1309; x_wconf 87' lang='lat' dir='ltr'><strong>facta,</strong></span> 
     </span>
    </p>
   </div>
   <div class='ocr_carea' id='block_1_40' title="bbox 1920 1331 3483 1401">
    <p class='ocr_par' dir='ltr' id='par_1_40' title="bbox 1920 1331 3483 1401">
     <span class='ocr_line' id='line_1_40' title="bbox 1920 1331 3483 1401; baseline 0 -14"><span class='ocrx_word' id='word_1_305' title='bbox 1920 1332 2158 1401; x_wconf 83' lang='lat' dir='ltr'><strong>exceptis</strong></span> <span class='ocrx_word' id='word_1_306' title='bbox 2186 1333 2347 1387; x_wconf 90' lang='lat' dir='ltr'><strong>etiam</strong></span> <span class='ocrx_word' id='word_1_307' title='bbox 2379 1331 2461 1396; x_wconf 91' lang='lat' dir='ltr'><strong>iis,</strong></span> <span class='ocrx_word' id='word_1_308' title='bbox 2494 1347 2611 1401; x_wconf 64' lang='lat' dir='ltr'><strong>quae</strong></span> <span class='ocrx_word' id='word_1_309' title='bbox 2640 1342 2767 1385; x_wconf 90' lang='lat' dir='ltr'><strong>sunt</strong></span> <span class='ocrx_word' id='word_1_310' title='bbox 2787 1332 2952 1395; x_wconf 91' lang='lat' dir='ltr'><strong>dicta,</strong></span> <span class='ocrx_word' id='word_1_311' title='bbox 2982 1332 3137 1385; x_wconf 91' lang='lat' dir='ltr'><strong>ﬁdem</strong></span> <span class='ocrx_word' id='word_1_312' title='bbox 3168 1335 3483 1396; x_wconf 88' lang='lat' dir='ltr'><strong>conciliant,</strong></span> 
     </span>
    </p>
   </div>
   <div class='ocr_carea' id='block_1_41' title="bbox 1921 1423 3483 1492">
    <p class='ocr_par' dir='ltr' id='par_1_41' title="bbox 1921 1423 3483 1492">
     <span class='ocr_line' id='line_1_41' title="bbox 1921 1423 3483 1492; baseline 0.004 -15"><span class='ocrx_word' id='word_1_313' title='bbox 1921 1423 2257 1477; x_wconf 87' lang='lat' dir='ltr'><strong>subsannare</strong></span> <span class='ocrx_word' id='word_1_314' title='bbox 2297 1424 2602 1485; x_wconf 88' lang='lat' dir='ltr'><strong>contendis,</strong></span> <span class='ocrx_word' id='word_1_315' title='bbox 2632 1439 2693 1477; x_wconf 90' lang='lat' dir='ltr'><strong>ac</strong></span> <span class='ocrx_word' id='word_1_316' title='bbox 2728 1423 3165 1492; x_wconf 86' lang='lat' dir='ltr'><strong>ﬁoccipendere?</strong></span> <span class='ocrx_word' id='word_1_317' title='bbox 3214 1424 3323 1481; x_wconf 87' lang='lat' dir='ltr'><strong>Nec</strong></span> <span class='ocrx_word' id='word_1_318' title='bbox 3350 1444 3483 1482; x_wconf 84' lang='lat' dir='ltr'><strong>sane</strong></span> 
     </span>
    </p>
   </div>
   <div class='ocr_carea' id='block_1_42' title="bbox 1920 1516 3482 1585">
    <p class='ocr_par' dir='ltr' id='par_1_42' title="bbox 1920 1516 3482 1585">
     <span class='ocr_line' id='line_1_42' title="bbox 1920 1516 3482 1585; baseline 0.006 -18"><span class='ocrx_word' id='word_1_319' title='bbox 1920 1530 2018 1585; x_wconf 79' lang='lat' dir='ltr'><strong>ego</strong></span> <span class='ocrx_word' id='word_1_320' title='bbox 2070 1516 2121 1569; x_wconf 92' lang='lat' dir='ltr'><strong>id</strong></span> <span class='ocrx_word' id='word_1_321' title='bbox 2171 1516 2422 1581; x_wconf 81' lang='lat' dir='ltr'><strong>dixerim,</strong></span> <span class='ocrx_word' id='word_1_322' title='bbox 2474 1526 2535 1569; x_wconf 93' lang='lat' dir='ltr'><strong>ut</strong></span> <span class='ocrx_word' id='word_1_323' title='bbox 2575 1517 2774 1585; x_wconf 87' lang='lat' dir='ltr'><strong>quibus</strong></span> <span class='ocrx_word' id='word_1_324' title='bbox 2817 1518 2889 1569; x_wconf 87' lang='lat' dir='ltr'><strong>illi</strong></span> <span class='ocrx_word' id='word_1_325' title='bbox 2932 1533 3019 1571; x_wconf 93' lang='lat' dir='ltr'><strong>res</strong></span> <span class='ocrx_word' id='word_1_326' title='bbox 3061 1519 3482 1576; x_wconf 87' lang='lat' dir='ltr'><strong>absurdissimas</strong></span> 
     </span>
    </p>
   </div>
   <div class='ocr_carea' id='block_1_43' title="bbox 1920 1606 3474 1678">
    <p class='ocr_par' dir='ltr' id='par_1_43' title="bbox 1920 1606 3474 1678">
     <span class='ocr_line' id='line_1_43' title="bbox 1920 1606 3474 1678; baseline 0.005 -19"><span class='ocrx_word' id='word_1_327' title='bbox 1920 1606 2278 1670; x_wconf 88' lang='lat' dir='ltr'><strong>honorarunt,</strong></span> <span class='ocrx_word' id='word_1_328' title='bbox 2324 1608 2389 1662; x_wconf 91' lang='lat' dir='ltr'><strong>iis</strong></span> <span class='ocrx_word' id='word_1_329' title='bbox 2436 1624 2536 1661; x_wconf 93' lang='lat' dir='ltr'><strong>nos</strong></span> <span class='ocrx_word' id='word_1_330' title='bbox 2589 1617 2838 1676; x_wconf 84' lang='lat' dir='ltr'><strong>oporteat</strong></span> <span class='ocrx_word' id='word_1_331' title='bbox 2876 1609 3166 1664; x_wconf 89' lang='lat' dir='ltr'><strong>honestare</strong></span> <span class='ocrx_word' id='word_1_332' title='bbox 3220 1621 3474 1678; x_wconf 87' lang='lat' dir='ltr'><strong>nostras;</strong></span> 
     </span>
    </p>
   </div>
   <div class='ocr_carea' id='block_1_44' title="bbox 1918 1697 3476 1769">
    <p class='ocr_par' dir='ltr' id='par_1_44' title="bbox 1918 1697 3476 1769">
     <span class='ocr_line' id='line_1_44' title="bbox 1918 1697 3476 1769; baseline 0.006 -21"><span class='ocrx_word' id='word_1_333' title='bbox 1918 1711 2114 1764; x_wconf 91' lang='lat' dir='ltr'><strong>neque,</strong></span> <span class='ocrx_word' id='word_1_334' title='bbox 2147 1697 2290 1764; x_wconf 89' lang='lat' dir='ltr'><strong>quod</strong></span> <span class='ocrx_word' id='word_1_335' title='bbox 2325 1698 2483 1765; x_wconf 86' lang='lat' dir='ltr'><strong>longe</strong></span> <span class='ocrx_word' id='word_1_336' title='bbox 2506 1698 2678 1760; x_wconf 89' lang='lat' dir='ltr'><strong>abest,</strong></span> <span class='ocrx_word' id='word_1_337' title='bbox 2709 1698 2944 1752; x_wconf 85' lang='lat' dir='ltr'><strong>tenebris</strong></span> <span class='ocrx_word' id='word_1_338' title='bbox 2968 1700 3149 1754; x_wconf 92' lang='lat' dir='ltr'><strong>lumen</strong></span> <span class='ocrx_word' id='word_1_339' title='bbox 3172 1701 3476 1769; x_wconf 81' lang='lat' dir='ltr'><strong>illustrare;</strong></span> 
     </span>
    </p>
   </div>
   <div class='ocr_carea' id='block_1_45' title="bbox 1919 1788 3479 1849">
    <p class='ocr_par' dir='ltr' id='par_1_45' title="bbox 1919 1788 3479 1849">
     <span class='ocr_line' id='line_1_45' title="bbox 1919 1788 3479 1849; baseline 0.004 -10"><span class='ocrx_word' id='word_1_340' title='bbox 1919 1796 2011 1839; x_wconf 89' lang='lat' dir='ltr'><strong>aut</strong></span> <span class='ocrx_word' id='word_1_341' title='bbox 2060 1788 2341 1841; x_wconf 86' lang='lat' dir='ltr'><strong>veritatem</strong></span> <span class='ocrx_word' id='word_1_342' title='bbox 2384 1790 2666 1842; x_wconf 86' lang='lat' dir='ltr'><strong>mendacio</strong></span> <span class='ocrx_word' id='word_1_343' title='bbox 2704 1801 2991 1844; x_wconf 85' lang='lat' dir='ltr'><strong>astruere:</strong></span> <span class='ocrx_word' id='word_1_344' title='bbox 3028 1792 3110 1844; x_wconf 90' lang='lat' dir='ltr'><strong>vel</strong></span> <span class='ocrx_word' id='word_1_345' title='bbox 3141 1792 3298 1846; x_wconf 90' lang='lat' dir='ltr'><strong>ﬁdem</strong></span> <span class='ocrx_word' id='word_1_346' title='bbox 3354 1793 3479 1849; x_wconf 89' lang='lat' dir='ltr'><strong>inﬁ-</strong></span> 
     </span>
    </p>
   </div>
   <div class='ocr_carea' id='block_1_46' title="bbox 2854 1883 3478 1953">
    <p class='ocr_par' dir='ltr' id='par_1_46' title="bbox 2854 1883 3478 1953">
     <span class='ocr_line' id='line_1_46' title="bbox 2854 1883 3478 1953; baseline 0.005 -17"><span class='ocrx_word' id='word_1_347' title='bbox 2854 1883 2947 1937; x_wconf 91' lang='lat' dir='ltr'><strong>sed</strong></span> <span class='ocrx_word' id='word_1_348' title='bbox 2995 1884 3153 1953; x_wconf 85' lang='lat' dir='ltr'><strong>plane</strong></span> <span class='ocrx_word' id='word_1_349' title='bbox 3194 1885 3344 1940; x_wconf 80' lang='lat' dir='ltr'><strong>nefas</strong></span> <span class='ocrx_word' id='word_1_350' title='bbox 3386 1904 3478 1941; x_wconf 79' lang='lat' dir='ltr'><strong>eos</strong></span> 
     </span>
    </p>
   </div>
   <div class='ocr_carea' id='block_1_47' title="bbox 1920 1973 3477 2046">
    <p class='ocr_par' dir='ltr' id='par_1_47' title="bbox 1920 1973 3477 2046">
     <span class='ocr_line' id='line_1_47' title="bbox 1920 1973 3477 2046; baseline 0.002 -18"><span class='ocrx_word' id='word_1_351' title='bbox 1920 1989 2266 2043; x_wconf 67' lang='lat' dir='ltr'><strong>praesumere,</strong></span> <span class='ocrx_word' id='word_1_352' title='bbox 2300 1973 2521 2026; x_wconf 90' lang='lat' dir='ltr'><strong>omnino</strong></span> <span class='ocrx_word' id='word_1_353' title='bbox 2552 1987 2714 2026; x_wconf 90' lang='lat' dir='ltr'><strong>sensu</strong></span> <span class='ocrx_word' id='word_1_354' title='bbox 2737 1974 2803 2027; x_wconf 90' lang='lat' dir='ltr'><strong>ad</strong></span> <span class='ocrx_word' id='word_1_355' title='bbox 2827 1974 2930 2027; x_wconf 90' lang='lat' dir='ltr'><strong>ima</strong></span> <span class='ocrx_word' id='word_1_356' title='bbox 2948 1975 3252 2043; x_wconf 90' lang='lat' dir='ltr'><strong>depressos,</strong></span> <span class='ocrx_word' id='word_1_357' title='bbox 3277 1987 3477 2046; x_wconf 88' lang='lat' dir='ltr'><strong>quanto</strong></span> 
     </span>
    </p>
   </div>
   <div class='ocr_carea' id='block_1_48' title="bbox 1918 2068 3473 2136">
    <p class='ocr_par' dir='ltr' id='par_1_48' title="bbox 1918 2068 3473 2136">
     <span class='ocr_line' id='line_1_48' title="bbox 1918 2068 3473 2136; baseline 0.002 -16"><span class='ocrx_word' id='word_1_358' title='bbox 1918 2083 2017 2121; x_wconf 90' lang='lat' dir='ltr'><strong>nos</strong></span> <span class='ocrx_word' id='word_1_359' title='bbox 2061 2075 2267 2120; x_wconf 68' lang='lat' dir='ltr'><strong>naturae</strong></span> <span class='ocrx_word' id='word_1_360' title='bbox 2315 2068 2626 2135; x_wconf 87' lang='lat' dir='ltr'><strong>superiores</strong></span> <span class='ocrx_word' id='word_1_361' title='bbox 2648 2080 2854 2131; x_wconf 91' lang='lat' dir='ltr'><strong>sumus,</strong></span> <span class='ocrx_word' id='word_1_362' title='bbox 2891 2075 2947 2119; x_wconf 94' lang='lat' dir='ltr'><strong>ut</strong></span> <span class='ocrx_word' id='word_1_363' title='bbox 2983 2083 3102 2136; x_wconf 66' lang='lat' dir='ltr'><strong>qua;</strong></span> <span class='ocrx_word' id='word_1_364' title='bbox 3128 2078 3255 2122; x_wconf 90' lang='lat' dir='ltr'><strong>sunt</strong></span> <span class='ocrx_word' id='word_1_365' title='bbox 3287 2080 3473 2124; x_wconf 90' lang='lat' dir='ltr'><strong>contra</strong></span> 
     </span>
    </p>
   </div>
   <div class='ocr_carea' id='block_1_49' title="bbox 1916 2158 3471 2227">
    <p class='ocr_par' dir='ltr' id='par_1_49' title="bbox 1916 2158 3471 2227">
     <span class='ocr_line' id='line_1_49' title="bbox 1916 2158 3471 2227; baseline 0.003 -15"><span class='ocrx_word' id='word_1_366' title='bbox 1916 2170 2187 2218; x_wconf 78' lang='lat' dir='ltr'><strong>naturam.</strong></span> <span class='ocrx_word' id='word_1_367' title='bbox 2229 2174 2457 2227; x_wconf 61' lang='lat' dir='ltr'><strong>quaeque</strong></span> <span class='ocrx_word' id='word_1_368' title='bbox 2500 2158 2631 2209; x_wconf 91' lang='lat' dir='ltr'><strong>nulli</strong></span> <span class='ocrx_word' id='word_1_369' title='bbox 2686 2158 3155 2225; x_wconf 87' lang='lat' dir='ltr'><strong>comprobaverint</strong></span> <span class='ocrx_word' id='word_1_370' title='bbox 3182 2176 3379 2224; x_wconf 87' lang='lat' dir='ltr'><strong>mores,</strong></span> <span class='ocrx_word' id='word_1_371' title='bbox 3407 2178 3471 2216; x_wconf 84' lang='lat' dir='ltr'><strong>ea</strong></span> 
     </span>
    </p>
   </div>
   <div class='ocr_carea' id='block_1_50' title="bbox 1916 2244 3473 2315">
    <p class='ocr_par' dir='ltr' id='par_1_50' title="bbox 1916 2244 3473 2315">
     <span class='ocr_line' id='line_1_50' title="bbox 1916 2244 3473 2315; baseline 0.003 -16"><span class='ocrx_word' id='word_1_372' title='bbox 1916 2247 1988 2299; x_wconf 89' lang='lat' dir='ltr'><strong>illi</strong></span> <span class='ocrx_word' id='word_1_373' title='bbox 2015 2245 2207 2301; x_wconf 91' lang='lat' dir='ltr'><strong>honori</strong></span> <span class='ocrx_word' id='word_1_374' title='bbox 2238 2247 2489 2308; x_wconf 88' lang='lat' dir='ltr'><strong>habeant,</strong></span> <span class='ocrx_word' id='word_1_375' title='bbox 2522 2259 2586 2297; x_wconf 87' lang='lat' dir='ltr'><strong>ac</strong></span> <span class='ocrx_word' id='word_1_376' title='bbox 2610 2244 2949 2298; x_wconf 90' lang='lat' dir='ltr'><strong>admirentur</strong></span> <span class='ocrx_word' id='word_1_377' title='bbox 2975 2261 2988 2298; x_wconf 90' lang='lat'>:</span> <span class='ocrx_word' id='word_1_378' title='bbox 3015 2262 3136 2315; x_wconf 69' lang='lat' dir='ltr'><strong>qua:</strong></span> <span class='ocrx_word' id='word_1_379' title='bbox 3158 2258 3339 2303; x_wconf 87' lang='lat' dir='ltr'><strong>autem</strong></span> <span class='ocrx_word' id='word_1_380' title='bbox 3362 2264 3473 2303; x_wconf 84' lang='lat' dir='ltr'><strong>ma-</strong></span> 
     </span>
    </p>
   </div>
   <div class='ocr_carea' id='block_1_51' title="bbox 1910 2334 3471 2406">
    <p class='ocr_par' dir='ltr' id='par_1_51' title="bbox 1910 2334 3471 2406">
     <span class='ocr_line' id='line_1_51' title="bbox 1910 2334 3471 2406; baseline 0.001 -15"><span class='ocrx_word' id='word_1_381' title='bbox 1910 2337 2011 2406; x_wconf 87' lang='lat' dir='ltr'><strong>jori</strong></span> <span class='ocrx_word' id='word_1_382' title='bbox 2039 2348 2091 2391; x_wconf 90' lang='lat' dir='ltr'><strong>et</strong></span> <span class='ocrx_word' id='word_1_383' title='bbox 2130 2337 2375 2391; x_wconf 84' lang='lat' dir='ltr'><strong>oratione</strong></span> <span class='ocrx_word' id='word_1_384' title='bbox 2400 2344 2452 2388; x_wconf 92' lang='lat' dir='ltr'><strong>et</strong></span> <span class='ocrx_word' id='word_1_385' title='bbox 2480 2345 2689 2399; x_wconf 89' lang='lat' dir='ltr'><strong>natura,</strong></span> <span class='ocrx_word' id='word_1_386' title='bbox 2725 2349 2788 2388; x_wconf 90' lang='lat' dir='ltr'><strong>ac</strong></span> <span class='ocrx_word' id='word_1_387' title='bbox 2811 2334 2987 2401; x_wconf 88' lang='lat' dir='ltr'><strong>laude,</strong></span> <span class='ocrx_word' id='word_1_388' title='bbox 3022 2338 3312 2405; x_wconf 64' lang='lat' dir='ltr'><strong>praeconio,</strong></span> <span class='ocrx_word' id='word_1_389' title='bbox 3341 2339 3471 2394; x_wconf 87' lang='lat' dir='ltr'><strong>hac-</strong></span> 
     </span>
    </p>
   </div>
   <div class='ocr_carea' id='block_1_52' title="bbox 1917 2427 3471 2500">
    <p class='ocr_par' dir='ltr' id='par_1_52' title="bbox 1917 2427 3471 2500">
     <span class='ocr_line' id='line_1_52' title="bbox 1917 2427 3471 2500; baseline 0.005 -20"><span class='ocrx_word' id='word_1_390' title='bbox 1917 2437 2074 2482; x_wconf 89' lang='lat' dir='ltr'><strong>tenus</strong></span> <span class='ocrx_word' id='word_1_391' title='bbox 2114 2444 2326 2497; x_wconf 91' lang='lat' dir='ltr'><strong>quoque</strong></span> <span class='ocrx_word' id='word_1_392' title='bbox 2375 2435 2665 2496; x_wconf 86' lang='lat' dir='ltr'><strong>martyrum</strong></span> <span class='ocrx_word' id='word_1_393' title='bbox 2702 2427 2967 2496; x_wconf 90' lang='lat' dir='ltr'><strong>sepulcra,</strong></span> <span class='ocrx_word' id='word_1_394' title='bbox 3017 2431 3340 2500; x_wconf 80' lang='lat' dir='ltr'><strong>quandoque</strong></span> <span class='ocrx_word' id='word_1_395' title='bbox 3370 2448 3471 2487; x_wconf 87' lang='lat' dir='ltr'><strong>usu</strong></span> 
     </span>
    </p>
   </div>
   <div class='ocr_carea' id='block_1_53' title="bbox 1914 2519 3471 2592">
    <p class='ocr_par' dir='ltr' id='par_1_53' title="bbox 1914 2519 3471 2592">
     <span class='ocr_line' id='line_1_53' title="bbox 1914 2519 3471 2592; baseline 0.003 -19"><span class='ocrx_word' id='word_1_396' title='bbox 1914 2530 2163 2583; x_wconf 82' lang='lat' dir='ltr'><strong>vocante,</strong></span> <span class='ocrx_word' id='word_1_397' title='bbox 2202 2535 2265 2573; x_wconf 87' lang='lat' dir='ltr'><strong>ac</strong></span> <span class='ocrx_word' id='word_1_398' title='bbox 2289 2519 2612 2587; x_wconf 90' lang='lat' dir='ltr'><strong>disponente</strong></span> <span class='ocrx_word' id='word_1_399' title='bbox 2635 2519 2994 2587; x_wconf 87' lang='lat' dir='ltr'><strong>providentia,</strong></span> <span class='ocrx_word' id='word_1_400' title='bbox 3029 2521 3287 2592; x_wconf 90' lang='lat' dir='ltr'><strong>prodigiis</strong></span> <span class='ocrx_word' id='word_1_401' title='bbox 3311 2524 3471 2579; x_wconf 83' lang='lat' dir='ltr'><strong>editis</strong></span> 
     </span>
    </p>
   </div>
   <div class='ocr_carea' id='block_1_54' title="bbox 1914 2612 3471 2681">
    <p class='ocr_par' dir='ltr' id='par_1_54' title="bbox 1914 2612 3471 2681">
     <span class='ocr_line' id='line_1_54' title="bbox 1914 2612 3471 2681; baseline 0.004 -18"><span class='ocrx_word' id='word_1_402' title='bbox 1914 2612 2077 2671; x_wconf 84' lang='lat' dir='ltr'><strong>clara,</strong></span> <span class='ocrx_word' id='word_1_403' title='bbox 2122 2618 2466 2674; x_wconf 87' lang='lat' dir='ltr'><strong>attestantur,</strong></span> <span class='ocrx_word' id='word_1_404' title='bbox 2510 2625 2570 2662; x_wconf 90' lang='lat' dir='ltr'><strong>ea</strong></span> <span class='ocrx_word' id='word_1_405' title='bbox 2615 2626 2866 2665; x_wconf 83' lang='lat' dir='ltr'><strong>sermone</strong></span> <span class='ocrx_word' id='word_1_406' title='bbox 2904 2619 3068 2681; x_wconf 87' lang='lat' dir='ltr'><strong>atque</strong></span> <span class='ocrx_word' id='word_1_407' title='bbox 3114 2628 3297 2669; x_wconf 92' lang='lat' dir='ltr'><strong>errore</strong></span> <span class='ocrx_word' id='word_1_408' title='bbox 3339 2630 3471 2669; x_wconf 86' lang='lat' dir='ltr'><strong>con-</strong></span> 
     </span>
    </p>
   </div>
   <div class='ocr_carea' id='block_1_55' title="bbox 1914 2703 2400 2756">
    <p class='ocr_par' dir='ltr' id='par_1_55' title="bbox 1914 2703 2400 2756">
     <span class='ocr_line' id='line_1_55' title="bbox 1914 2703 2400 2756; baseline -0.006 0"><span class='ocrx_word' id='word_1_409' title='bbox 1914 2703 2112 2756; x_wconf 80' lang='lat' dir='ltr'><strong>vellere</strong></span> <span class='ocrx_word' id='word_1_410' title='bbox 2139 2703 2400 2755; x_wconf 87' lang='lat' dir='ltr'><strong>nitantur.</strong></span> 
     </span>
    </p>
   </div>
   <div class='ocr_carea' id='block_1_56' title="bbox 1984 2787 3468 2863">
    <p class='ocr_par' dir='ltr' id='par_1_56' title="bbox 1984 2787 3468 2863">
     <span class='ocr_line' id='line_1_56' title="bbox 1984 2787 3468 2863; baseline 0.005 -21"><span class='ocrx_word' id='word_1_411' title='bbox 1984 2790 2117 2843; x_wconf 90' lang='lat' dir='ltr'><strong>Illud</strong></span> <span class='ocrx_word' id='word_1_412' title='bbox 2167 2804 2378 2858; x_wconf 92' lang='lat' dir='ltr'><strong>quoque</strong></span> <span class='ocrx_word' id='word_1_413' title='bbox 2409 2788 2548 2842; x_wconf 88' lang='lat' dir='ltr'><strong>vide.</strong></span> <span class='ocrx_word' id='word_1_414' title='bbox 2586 2787 2775 2844; x_wconf 84' lang='lat' dir='ltr'><strong>Nonne</strong></span> <span class='ocrx_word' id='word_1_415' title='bbox 2807 2791 3024 2846; x_wconf 77' lang='lat' dir='ltr'><strong>affectio</strong></span> <span class='ocrx_word' id='word_1_416' title='bbox 3061 2805 3279 2863; x_wconf 90' lang='lat' dir='ltr'><strong>superat</strong></span> <span class='ocrx_word' id='word_1_417' title='bbox 3309 2804 3468 2850; x_wconf 61' lang='lat' dir='ltr'><strong>natu-</strong></span> 
     </span>
    </p>
   </div>
   <div class='ocr_carea' id='block_1_57' title="bbox 1914 2881 3469 2956">
    <p class='ocr_par' dir='ltr' id='par_1_57' title="bbox 1914 2881 3469 2956">
     <span class='ocr_line' id='line_1_57' title="bbox 1914 2881 3469 2956; baseline 0.005 -20"><span class='ocrx_word' id='word_1_418' title='bbox 1914 2882 2060 2936; x_wconf 90' lang='lat' dir='ltr'><strong>ram?</strong></span> <span class='ocrx_word' id='word_1_419' title='bbox 2082 2898 2260 2936; x_wconf 90' lang='lat' dir='ltr'><strong>nonne</strong></span> <span class='ocrx_word' id='word_1_420' title='bbox 2290 2881 2549 2934; x_wconf 90' lang='lat' dir='ltr'><strong>morbus?</strong></span> <span class='ocrx_word' id='word_1_421' title='bbox 2571 2897 2749 2936; x_wconf 89' lang='lat' dir='ltr'><strong>nonne</strong></span> <span class='ocrx_word' id='word_1_422' title='bbox 2780 2884 2989 2937; x_wconf 91' lang='lat' dir='ltr'><strong>senium</strong></span> <span class='ocrx_word' id='word_1_423' title='bbox 3012 2885 3034 2937; x_wconf 89' lang='lat'><strong>?</strong></span> <span class='ocrx_word' id='word_1_424' title='bbox 3061 2901 3243 2940; x_wconf 90' lang='lat' dir='ltr'><strong>nonne</strong></span> <span class='ocrx_word' id='word_1_425' title='bbox 3271 2888 3469 2956; x_wconf 84' lang='lat' dir='ltr'><strong>juven-</strong></span> 
     </span>
    </p>
   </div>
   <div class='ocr_carea' id='block_1_58' title="bbox 1914 2973 3472 3047">
    <p class='ocr_par' dir='ltr' id='par_1_58' title="bbox 1914 2973 3472 3047">
     <span class='ocr_line' id='line_1_58' title="bbox 1914 2973 3472 3047; baseline 0.005 -20"><span class='ocrx_word' id='word_1_426' title='bbox 1914 2985 2001 3027; x_wconf 92' lang='lat' dir='ltr'><strong>tus</strong></span> <span class='ocrx_word' id='word_1_427' title='bbox 2043 2975 2175 3042; x_wconf 86' lang='lat' dir='ltr'><strong>ipsa,</strong></span> <span class='ocrx_word' id='word_1_428' title='bbox 2218 2974 2291 3026; x_wconf 90' lang='lat' dir='ltr'><strong>ita</strong></span> <span class='ocrx_word' id='word_1_429' title='bbox 2349 2973 2535 3042; x_wconf 81' lang='lat' dir='ltr'><strong>vigens</strong></span> <span class='ocrx_word' id='word_1_430' title='bbox 2578 2988 2640 3025; x_wconf 90' lang='lat' dir='ltr'><strong>ac</strong></span> <span class='ocrx_word' id='word_1_431' title='bbox 2683 2973 2827 3027; x_wconf 89' lang='lat' dir='ltr'><strong>aliud</strong></span> <span class='ocrx_word' id='word_1_432' title='bbox 2867 2975 3115 3043; x_wconf 87' lang='lat' dir='ltr'><strong>quodvis,</strong></span> <span class='ocrx_word' id='word_1_433' title='bbox 3153 2981 3472 3047; x_wconf 72' lang='lat' dir='ltr'><strong>generandte</strong></span> 
     </span>
    </p>
   </div>
   <div class='ocr_carea' id='block_1_59' title="bbox 1913 3064 3468 3137">
    <p class='ocr_par' dir='ltr' id='par_1_59' title="bbox 1913 3064 3468 3137">
     <span class='ocr_line' id='line_1_59' title="bbox 1913 3064 3468 3137; baseline 0.004 -16"><span class='ocrx_word' id='word_1_434' title='bbox 1913 3068 2080 3135; x_wconf 91' lang='lat' dir='ltr'><strong>prolis</strong></span> <span class='ocrx_word' id='word_1_435' title='bbox 2133 3064 2447 3132; x_wconf 83' lang='lat' dir='ltr'><strong>impotentia</strong></span> <span class='ocrx_word' id='word_1_436' title='bbox 2490 3065 2796 3119; x_wconf 76' lang='lat' dir='ltr'><strong>exsistens?</strong></span> <span class='ocrx_word' id='word_1_437' title='bbox 2847 3067 3099 3137; x_wconf 92' lang='lat' dir='ltr'><strong>quodque</strong></span> <span class='ocrx_word' id='word_1_438' title='bbox 3150 3070 3468 3127; x_wconf 87' lang='lat' dir='ltr'><strong>miraculum</strong></span> 
     </span>
    </p>
   </div>
   <div class='ocr_carea' id='block_1_60' title="bbox 243 3135 1918 3239">
    <p class='ocr_par' dir='ltr' id='par_1_60' title="bbox 243 3135 1918 3239">
     <span class='ocr_line' id='line_1_60' title="bbox 243 3135 1918 3239; baseline 0.016 -53"><span class='ocrx_word' id='word_1_439' title='bbox 243 3135 506 3239; x_wconf 75' lang='grc' dir='ltr'>ἔκπληξιν</span> <span class='ocrx_word' id='word_1_440' title='bbox 542 3142 909 3208; x_wconf 81' lang='grc' dir='ltr'>διεκλέπτετο,</span> <span class='ocrx_word' id='word_1_441' title='bbox 957 3148 1040 3200; x_wconf 85' lang='grc' dir='ltr'>ὅτι</span> <span class='ocrx_word' id='word_1_442' title='bbox 1073 3150 1137 3201; x_wconf 80' lang='grc' dir='ltr'><strong>δι’</strong></span> <span class='ocrx_word' id='word_1_443' title='bbox 1171 3144 1236 3220; x_wconf 84' lang='grc' dir='ltr'>ἦς</span> <span class='ocrx_word' id='word_1_444' title='bbox 1271 3152 1487 3222; x_wconf 75' lang='grc' dir='ltr'>ἔρχεταί</span> <span class='ocrx_word' id='word_1_445' title='bbox 1544 3172 1625 3218; x_wconf 88' lang='grc' dir='ltr'><strong>τις</strong></span> <span class='ocrx_word' id='word_1_446' title='bbox 1672 3152 1808 3209; x_wconf 73' lang='grc' dir='ltr'>εἶναι</span> <span class='ocrx_word' id='word_1_447' title='bbox 1837 3182 1880 3239; x_wconf 75' lang='lat' dir='ltr'><strong>c</strong></span> <span class='ocrx_word' id='word_1_448' title='bbox 1916 3164 1918 3215; x_wconf 69' lang='grc' dir='ltr'>ξ</span> 
     </span>
    </p>
   </div>
   <div class='ocr_carea' id='block_1_61' title="bbox 1797 3135 3472 3239">
    <p class='ocr_par' dir='ltr' id='par_1_61' title="bbox 1797 3162 3472 3239">
     <span class='ocr_line' id='line_1_61' title="bbox 1797 3162 3472 3239; baseline 0.007 -30"><span class='ocrx_word' id='word_1_449' title='bbox 1797 3175 1808 3209; x_wconf 88' lang='grc' dir='ltr'><strong>ι</strong></span> <span class='ocrx_word' id='word_1_450' title='bbox 1837 3182 1880 3239; x_wconf 73' lang='lat' dir='ltr'><strong><em>C</em></strong></span> <span class='ocrx_word' id='word_1_451' title='bbox 1916 3163 2158 3225; x_wconf 86' lang='lat' dir='ltr'><strong>haberet,</strong></span> <span class='ocrx_word' id='word_1_452' title='bbox 2196 3162 2297 3214; x_wconf 92' lang='lat' dir='ltr'><strong>nisi</strong></span> <span class='ocrx_word' id='word_1_453' title='bbox 2340 3165 2538 3216; x_wconf 90' lang='lat' dir='ltr'><strong>sensim</strong></span> <span class='ocrx_word' id='word_1_454' title='bbox 2564 3162 2978 3220; x_wconf 86' lang='lat' dir='ltr'><strong>consuetudine.</strong></span> <span class='ocrx_word' id='word_1_455' title='bbox 3004 3162 3377 3219; x_wconf 86' lang='lat' dir='ltr'><strong>admirationis</strong></span> <span class='ocrx_word' id='word_1_456' title='bbox 3399 3183 3472 3221; x_wconf 77' lang='lat' dir='ltr'><strong>ac</strong></span> 
     </span>
    </p>
   </div>
   <div class='ocr_carea' id='block_1_62' title="bbox 242 3227 1808 3315">
    <p class='ocr_par' dir='ltr' id='par_1_62' title="bbox 242 3227 1808 3315">
     <span class='ocr_line' id='line_1_62' title="bbox 242 3227 1808 3315; baseline 0.014 -37"><span class='ocrx_word' id='word_1_457' title='bbox 242 3227 452 3298; x_wconf 81' lang='grc' dir='ltr'>πατὴρ,</span> <span class='ocrx_word' id='word_1_458' title='bbox 492 3232 626 3303; x_wconf 83' lang='grc' dir='ltr'>αὑτὴ</span> <span class='ocrx_word' id='word_1_459' title='bbox 660 3234 797 3298; x_wconf 85' lang='grc' dir='ltr'>τέως</span> <span class='ocrx_word' id='word_1_460' title='bbox 822 3237 922 3290; x_wconf 80' lang='grc' dir='ltr'>οὐκ</span> <span class='ocrx_word' id='word_1_461' title='bbox 950 3240 1013 3309; x_wconf 85' lang='grc' dir='ltr'><strong>ὲᾷ</strong></span> <span class='ocrx_word' id='word_1_462' title='bbox 1038 3242 1288 3309; x_wconf 84' lang='grc' dir='ltr'>γενέσθαι</span> <span class='ocrx_word' id='word_1_463' title='bbox 1320 3247 1547 3315; x_wconf 81' lang='grc' dir='ltr'>πατέρα.</span> <span class='ocrx_word' id='word_1_464' title='bbox 1581 3247 1644 3298; x_wconf 88' lang='grc' dir='ltr'>Τί</span> <span class='ocrx_word' id='word_1_465' title='bbox 1672 3245 1764 3301; x_wconf 82' lang='grc' dir='ltr'>οὖν</span> <span class='ocrx_word' id='word_1_466' title='bbox 1792 3267 1808 3315; x_wconf 83' lang='grc'><strong>;</strong></span> 
     </span>
    </p>
   </div>
   <div class='ocr_carea' id='block_1_63' title="bbox 240 3319 1809 3405">
    <p class='ocr_par' dir='ltr' id='par_1_63' title="bbox 240 3319 1809 3405">
     <span class='ocr_line' id='line_1_63' title="bbox 240 3319 1809 3405; baseline 0.016 -34"><span class='ocrx_word' id='word_1_467' title='bbox 240 3319 479 3392; x_wconf 75' lang='grc' dir='ltr'>τὰπάθη</span> <span class='ocrx_word' id='word_1_468' title='bbox 511 3327 637 3396; x_wconf 73' lang='grc' dir='ltr'>νικᾷ</span> <span class='ocrx_word' id='word_1_469' title='bbox 662 3326 765 3398; x_wconf 86' lang='grc' dir='ltr'>τὴν</span> <span class='ocrx_word' id='word_1_470' title='bbox 796 3330 975 3396; x_wconf 86' lang='grc' dir='ltr'>φύσιν,</span> <span class='ocrx_word' id='word_1_471' title='bbox 1026 3335 1073 3385; x_wconf 89' lang='grc' dir='ltr'><strong>εί</strong></span> <span class='ocrx_word' id='word_1_472' title='bbox 1121 3336 1193 3405; x_wconf 90' lang='grc' dir='ltr'>μή</span> <span class='ocrx_word' id='word_1_473' title='bbox 1255 3354 1308 3390; x_wconf 88' lang='grc' dir='ltr'><strong>τι</strong></span> <span class='ocrx_word' id='word_1_474' title='bbox 1354 3338 1479 3391; x_wconf 80' lang='grc' dir='ltr'>ἄλλο</span> <span class='ocrx_word' id='word_1_475' title='bbox 1512 3340 1678 3404; x_wconf 89' lang='grc' dir='ltr'>πάθος</span> <span class='ocrx_word' id='word_1_476' title='bbox 1713 3343 1809 3396; x_wconf 59' lang='grc' dir='ltr'><strong>καλ⁵</strong></span> 
     </span>
    </p>
   </div>
   <div class='ocr_carea' id='block_1_64' title="bbox 243 3415 1810 3502">
    <p class='ocr_par' dir='ltr' id='par_1_64' title="bbox 243 3415 1810 3502">
     <span class='ocr_line' id='line_1_64' title="bbox 243 3415 1810 3502; baseline 0.015 -38"><span class='ocrx_word' id='word_1_477' title='bbox 243 3415 569 3487; x_wconf 85' lang='grc' dir='ltr'>περίττωμα</span> <span class='ocrx_word' id='word_1_478' title='bbox 594 3418 795 3489; x_wconf 85' lang='grc' dir='ltr'>ταύτης</span> <span class='ocrx_word' id='word_1_479' title='bbox 823 3422 881 3473; x_wconf 81' lang='grc' dir='ltr'><strong>δν</strong></span> <span class='ocrx_word' id='word_1_480' title='bbox 901 3440 913 3452; x_wconf 89' lang='grc'><strong>·</strong></span> <span class='ocrx_word' id='word_1_481' title='bbox 946 3426 978 3493; x_wconf 84' lang='grc' dir='ltr'>ὴ</span> <span class='ocrx_word' id='word_1_482' title='bbox 1002 3424 1057 3478; x_wconf 83' lang='grc' dir='ltr'>δὲ</span> <span class='ocrx_word' id='word_1_483' title='bbox 1080 3430 1238 3498; x_wconf 91' lang='grc' dir='ltr'>χάρις</span> <span class='ocrx_word' id='word_1_484' title='bbox 1259 3430 1325 3499; x_wconf 85' lang='grc' dir='ltr'>ἦν</span> <span class='ocrx_word' id='word_1_485' title='bbox 1354 3430 1582 3483; x_wconf 70' lang='grc' dir='ltr'>ἔπλασεν</span> <span class='ocrx_word' id='word_1_486' title='bbox 1604 3434 1663 3485; x_wconf 83' lang='grc' dir='ltr'>οὐ</span> <span class='ocrx_word' id='word_1_487' title='bbox 1695 3432 1810 3502; x_wconf 87' lang='grc' dir='ltr'>βελ-</span> 
     </span>
    </p>
   </div>
   <div class='ocr_carea' id='block_1_65' title="bbox 242 3506 1809 3593">
    <p class='ocr_par' dir='ltr' id='par_1_65' title="bbox 242 3506 1809 3593">
     <span class='ocr_line' id='line_1_65' title="bbox 242 3506 1809 3593; baseline 0.014 -38"><span class='ocrx_word' id='word_1_488' title='bbox 242 3507 351 3557; x_wconf 67' lang='lat' dir='ltr'><strong>tto!</strong></span> <span class='ocrx_word' id='word_1_489' title='bbox 376 3506 576 3574; x_wconf 75' lang='grc' dir='ltr'>φύσινς</span> <span class='ocrx_word' id='word_1_490' title='bbox 606 3509 667 3562; x_wconf 82' lang='grc' dir='ltr'>τὸ</span> <span class='ocrx_word' id='word_1_491' title='bbox 690 3512 865 3582; x_wconf 88' lang='grc' dir='ltr'>γῆρας</span> <span class='ocrx_word' id='word_1_492' title='bbox 888 3514 1077 3585; x_wconf 80' lang='grc' dir='ltr'>ψύχον,</span> <span class='ocrx_word' id='word_1_493' title='bbox 1111 3519 1211 3587; x_wconf 79' lang='grc' dir='ltr'>τῆς</span> <span class='ocrx_word' id='word_1_494' title='bbox 1266 3521 1427 3590; x_wconf 86' lang='grc' dir='ltr'>γονῆς</span> <span class='ocrx_word' id='word_1_495' title='bbox 1464 3524 1809 3593; x_wconf 78' lang='grc' dir='ltr'>ἀναξηραίνει</span> 
     </span>
    </p>
   </div>
   <div class='ocr_carea' id='block_1_66' title="bbox 241 3599 1810 3682">
    <p class='ocr_par' dir='ltr' id='par_1_66' title="bbox 241 3599 1810 3682">
     <span class='ocr_line' id='line_1_66' title="bbox 241 3599 1810 3682; baseline 0.011 -33"><span class='ocrx_word' id='word_1_496' title='bbox 241 3599 345 3660; x_wconf 70' lang='grc' dir='ltr'><strong>τὰς</strong></span> <span class='ocrx_word' id='word_1_497' title='bbox 370 3601 573 3668; x_wconf 81' lang='grc' dir='ltr'>πηγάς,</span> <span class='ocrx_word' id='word_1_498' title='bbox 631 3602 727 3655; x_wconf 77' lang='grc' dir='ltr'>καὶ</span> <span class='ocrx_word' id='word_1_499' title='bbox 769 3604 797 3655; x_wconf 84' lang='grc' dir='ltr'><strong>ὁ</strong></span> <span class='ocrx_word' id='word_1_500' title='bbox 832 3605 1073 3676; x_wconf 88' lang='grc' dir='ltr'>πλάστης</span> <span class='ocrx_word' id='word_1_501' title='bbox 1113 3608 1331 3667; x_wconf 86' lang='grc' dir='ltr'>θάλπων</span> <span class='ocrx_word' id='word_1_502' title='bbox 1368 3613 1466 3664; x_wconf 84' lang='grc' dir='ltr'>οὐκ</span> <span class='ocrx_word' id='word_1_503' title='bbox 1513 3613 1722 3682; x_wconf 85' lang='grc' dir='ltr'>ἀρδεύει</span> <span class='ocrx_word' id='word_1_504' title='bbox 1750 3617 1810 3667; x_wconf 78' lang='grc' dir='ltr'>τὸ</span> 
     </span>
    </p>
   </div>
   <div class='ocr_carea' id='block_1_67' title="bbox 243 3692 1805 3772">
    <p class='ocr_par' dir='ltr' id='par_1_67' title="bbox 243 3692 1805 3772">
     <span class='ocr_line' id='line_1_67' title="bbox 243 3692 1805 3772; baseline 0.012 -32"><span class='ocrx_word' id='word_1_505' title='bbox 243 3692 587 3759; x_wconf 81' lang='grc' dir='ltr'>γεγηρακός;</span> <span class='ocrx_word' id='word_1_506' title='bbox 625 3695 808 3746; x_wconf 78' lang='grc' dir='ltr'>ἐκεῖνα</span> <span class='ocrx_word' id='word_1_507' title='bbox 839 3698 971 3766; x_wconf 81' lang='grc' dir='ltr'>πρὸς</span> <span class='ocrx_word' id='word_1_508' title='bbox 995 3698 1029 3750; x_wconf 83' lang='grc' dir='ltr'>ἃ</span> <span class='ocrx_word' id='word_1_509' title='bbox 1054 3700 1218 3769; x_wconf 85' lang='grc' dir='ltr'>μήπω</span> <span class='ocrx_word' id='word_1_510' title='bbox 1250 3703 1573 3772; x_wconf 79' lang='grc' dir='ltr'>κατηνέχθη,</span> <span class='ocrx_word' id='word_1_511' title='bbox 1594 3706 1688 3757; x_wconf 71' lang='grc' dir='ltr'>καὶ</span> <span class='ocrx_word' id='word_1_512' title='bbox 1714 3706 1805 3758; x_wconf 85' lang='grc' dir='ltr'>τοῦ</span> 
     </span>
    </p>
   </div>
   <div class='ocr_carea' id='block_1_68' title="bbox 244 3782 1806 3867">
    <p class='ocr_par' dir='ltr' id='par_1_68' title="bbox 244 3782 1806 3867">
     <span class='ocr_line' id='line_1_68' title="bbox 244 3782 1806 3867; baseline 0.01 -33"><span class='ocrx_word' id='word_1_513' title='bbox 244 3782 439 3851; x_wconf 76' lang='grc' dir='ltr'>καιροῦ</span> <span class='ocrx_word' id='word_1_514' title='bbox 473 3786 637 3854; x_wconf 87' lang='grc' dir='ltr'>μήπω</span> <span class='ocrx_word' id='word_1_515' title='bbox 657 3789 1054 3856; x_wconf 84' lang='grc' dir='ltr'>παραστάντος,</span> <span class='ocrx_word' id='word_1_516' title='bbox 1088 3792 1179 3844; x_wconf 69' lang='grc' dir='ltr'><strong>καὶ</strong></span> <span class='ocrx_word' id='word_1_517' title='bbox 1202 3795 1457 3864; x_wconf 79' lang='grc' dir='ltr'>χειρόνων</span> <span class='ocrx_word' id='word_1_518' title='bbox 1482 3796 1649 3849; x_wconf 77' lang='grc' dir='ltr'>ὄντων</span> <span class='ocrx_word' id='word_1_519' title='bbox 1673 3800 1806 3867; x_wconf 82' lang='grc' dir='ltr'>πρὸς</span> 
     </span>
    </p>
   </div>
   <div class='ocr_carea' id='block_1_69' title="bbox 242 3873 1801 3960">
    <p class='ocr_par' dir='ltr' id='par_1_69' title="bbox 242 3873 1801 3960">
     <span class='ocr_line' id='line_1_69' title="bbox 242 3873 1801 3960; baseline 0.012 -35"><span class='ocrx_word' id='word_1_520' title='bbox 242 3873 281 3926; x_wconf 75' lang='grc' dir='ltr'>ἃ</span> <span class='ocrx_word' id='word_1_521' title='bbox 320 3875 663 3941; x_wconf 77' lang='grc' dir='ltr'>καθέλκεται,</span> <span class='ocrx_word' id='word_1_522' title='bbox 699 3878 853 3947; x_wconf 79' lang='grc' dir='ltr'>φέρει</span> <span class='ocrx_word' id='word_1_523' title='bbox 878 3880 1023 3948; x_wconf 81' lang='grc' dir='ltr'>ὅμως</span> <span class='ocrx_word' id='word_1_524' title='bbox 1057 3883 1345 3955; x_wconf 72' lang='grc' dir='ltr'>εὐμαρῶςο</span> <span class='ocrx_word' id='word_1_525' title='bbox 1386 3890 1413 3939; x_wconf 89' lang='grc' dir='ltr'><strong>ό</strong></span> <span class='ocrx_word' id='word_1_526' title='bbox 1443 3888 1497 3939; x_wconf 80' lang='grc' dir='ltr'>δὲ</span> <span class='ocrx_word' id='word_1_527' title='bbox 1540 3889 1801 3960; x_wconf 85' lang='grc' dir='ltr'>πλάστης,</span> 
     </span>
    </p>
   </div>
   <div class='ocr_carea' id='block_1_70' title="bbox 242 3963 1803 4048">
    <p class='ocr_par' dir='ltr' id='par_1_70' title="bbox 242 3963 1803 4048">
     <span class='ocr_line' id='line_1_70' title="bbox 242 3963 1803 4048; baseline 0.009 -27"><span class='ocrx_word' id='word_1_528' title='bbox 242 3970 302 4021; x_wconf 80' lang='grc' dir='ltr'>ὲν</span> <span class='ocrx_word' id='word_1_529' title='bbox 339 3963 420 4028; x_wconf 71' lang='grc' dir='ltr'>οἷς</span> <span class='ocrx_word' id='word_1_530' title='bbox 452 3969 511 4033; x_wconf 78' lang='grc' dir='ltr'><strong>ἐξ</strong></span> <span class='ocrx_word' id='word_1_531' title='bbox 544 3971 719 4040; x_wconf 83' lang='grc' dir='ltr'>ἀρχῆς</span> <span class='ocrx_word' id='word_1_532' title='bbox 740 3972 885 4042; x_wconf 83' lang='grc' dir='ltr'>ὅροις</span> <span class='ocrx_word' id='word_1_533' title='bbox 916 3971 1161 4045; x_wconf 69' lang='grc' dir='ltr'>ἔστησεν,</span> <span class='ocrx_word' id='word_1_534' title='bbox 1200 3978 1297 4031; x_wconf 82' lang='grc' dir='ltr'>οὐκ</span> <span class='ocrx_word' id='word_1_535' title='bbox 1336 3981 1595 4048; x_wconf 77' lang='grc' dir='ltr'>ἐπανάγει</span> <span class='ocrx_word' id='word_1_536' title='bbox 1638 3983 1803 4035; x_wconf 85' lang='grc' dir='ltr'>θέλων</span> 
     </span>
    </p>
   </div>
   <div class='ocr_carea' id='block_1_71' title="bbox 243 4058 1799 4139">
    <p class='ocr_par' dir='ltr' id='par_1_71' title="bbox 243 4058 1799 4139">
     <span class='ocr_line' id='line_1_71' title="bbox 243 4058 1799 4139; baseline 0.01 -29"><span class='ocrx_word' id='word_1_537' title='bbox 243 4058 486 4131; x_wconf 84' lang='grc' dir='ltr'>εὐχερῶς</span> <span class='ocrx_word' id='word_1_538' title='bbox 509 4077 524 4125; x_wconf 90' lang='lat'><strong>;</strong></span> <span class='ocrx_word' id='word_1_539' title='bbox 548 4061 791 4123; x_wconf 81' lang='grc' dir='ltr'>ἀπιστεῖς</span> <span class='ocrx_word' id='word_1_540' title='bbox 812 4066 925 4127; x_wconf 87' lang='grc' dir='ltr'>τοῖς</span> <span class='ocrx_word' id='word_1_541' title='bbox 957 4066 1263 4137; x_wconf 78' lang='grc' dir='ltr'>εἰρημένοις</span> <span class='ocrx_word' id='word_1_542' title='bbox 1283 4089 1296 4134; x_wconf 87' lang='lat'><strong>;</strong></span> <span class='ocrx_word' id='word_1_543' title='bbox 1318 4071 1493 4134; x_wconf 79' lang='grc' dir='ltr'>καλῶς</span> <span class='ocrx_word' id='word_1_544' title='bbox 1522 4090 1582 4139; x_wconf 91' lang='grc' dir='ltr'><strong>γε</strong></span> <span class='ocrx_word' id='word_1_545' title='bbox 1614 4076 1799 4125; x_wconf 75' lang='grc' dir='ltr'>ποιῶψ</span> 
     </span>
    </p>
   </div>
   <div class='ocr_carea' id='block_1_72' title="bbox 241 4145 1802 4228">
    <p class='ocr_par' dir='ltr' id='par_1_72' title="bbox 241 4145 1802 4228">
     <span class='ocr_line' id='line_1_72' title="bbox 241 4145 1802 4228; baseline 0.01 -27"><span class='ocrx_word' id='word_1_546' title='bbox 241 4150 303 4201; x_wconf 77' lang='grc' dir='ltr'>οὐ</span> <span class='ocrx_word' id='word_1_547' title='bbox 333 4149 442 4220; x_wconf 84' lang='grc' dir='ltr'><strong>γὰρ</strong></span> <span class='ocrx_word' id='word_1_548' title='bbox 464 4148 672 4218; x_wconf 78' lang='grc' dir='ltr'>ἔμοιγε,</span> <span class='ocrx_word' id='word_1_549' title='bbox 704 4145 765 4204; x_wconf 72' lang='grc' dir='ltr'><strong>οὗ</strong></span> <span class='ocrx_word' id='word_1_550' title='bbox 799 4153 990 4205; x_wconf 82' lang='grc' dir='ltr'>πολλοῦ</span> <span class='ocrx_word' id='word_1_551' title='bbox 1020 4155 1100 4207; x_wconf 85' lang='grc' dir='ltr'><strong>δεῖ</strong></span> <span class='ocrx_word' id='word_1_552' title='bbox 1128 4157 1232 4209; x_wconf 84' lang='grc' dir='ltr'>τῶν</span> <span class='ocrx_word' id='word_1_553' title='bbox 1272 4162 1482 4228; x_wconf 82' lang='grc' dir='ltr'>σεμνῶν</span> <span class='ocrx_word' id='word_1_554' title='bbox 1517 4179 1607 4213; x_wconf 83' lang='grc' dir='ltr'><strong>σου</strong></span> <span class='ocrx_word' id='word_1_555' title='bbox 1633 4163 1802 4217; x_wconf 83' lang='grc' dir='ltr'>ταῦτα</span> 
     </span>
    </p>
   </div>
   <div class='ocr_carea' id='block_1_73' title="bbox 246 4239 1797 4321">
    <p class='ocr_par' dir='ltr' id='par_1_73' title="bbox 246 4239 1797 4321">
     <span class='ocr_line' id='line_1_73' title="bbox 246 4239 1797 4321; baseline 0.011 -31"><span class='ocrx_word' id='word_1_556' title='bbox 246 4239 655 4308; x_wconf 79' lang='grc' dir='ltr'>μεταπλάσεων,</span> <span class='ocrx_word' id='word_1_557' title='bbox 688 4241 753 4304; x_wconf 77' lang='grc' dir='ltr'>ἃς</span> <span class='ocrx_word' id='word_1_558' title='bbox 790 4244 897 4311; x_wconf 77' lang='grc' dir='ltr'><strong>ἐγώ</strong></span> <span class='ocrx_word' id='word_1_559' title='bbox 938 4263 1017 4297; x_wconf 90' lang='grc' dir='ltr'><strong>σοι</strong></span> <span class='ocrx_word' id='word_1_560' title='bbox 1056 4248 1458 4320; x_wconf 87' lang='grc' dir='ltr'>ἀριθμήσομαι·</span> <span class='ocrx_word' id='word_1_561' title='bbox 1498 4254 1692 4321; x_wconf 84' lang='grc' dir='ltr'>μᾶλλον</span> <span class='ocrx_word' id='word_1_562' title='bbox 1721 4255 1797 4321; x_wconf 87' lang='grc' dir='ltr'>δὲ,</span> 
     </span>
    </p>
   </div>
   <div class='ocr_carea' id='block_1_74' title="bbox 248 4332 1799 4411">
    <p class='ocr_par' dir='ltr' id='par_1_74' title="bbox 248 4332 1799 4411">
     <span class='ocr_line' id='line_1_74' title="bbox 248 4332 1799 4411; baseline 0.01 -27"><span class='ocrx_word' id='word_1_563' title='bbox 248 4332 339 4385; x_wconf 92' lang='grc' dir='ltr'><strong>σόν</strong></span> <span class='ocrx_word' id='word_1_564' title='bbox 364 4334 481 4385; x_wconf 73' lang='grc' dir='ltr'>ἐστι</span> <span class='ocrx_word' id='word_1_565' title='bbox 504 4334 825 4403; x_wconf 80' lang='grc' dir='ltr'>καταλέγειν</span> <span class='ocrx_word' id='word_1_566' title='bbox 850 4337 1039 4405; x_wconf 78' lang='grc' dir='ltr'>ταῦτα,</span> <span class='ocrx_word' id='word_1_567' title='bbox 1069 4339 1131 4391; x_wconf 81' lang='grc' dir='ltr'><strong>ἵν’</strong></span> <span class='ocrx_word' id='word_1_568' title='bbox 1156 4340 1283 4411; x_wconf 80' lang='grc' dir='ltr'>έχῃς</span> <span class='ocrx_word' id='word_1_569' title='bbox 1316 4342 1474 4396; x_wconf 81' lang='grc' dir='ltr'>πλέον</span> <span class='ocrx_word' id='word_1_570' title='bbox 1507 4347 1564 4396; x_wconf 80' lang='grc' dir='ltr'>ἐν</span> <span class='ocrx_word' id='word_1_571' title='bbox 1582 4348 1690 4406; x_wconf 87' lang='grc' dir='ltr'>τοῖς</span> <span class='ocrx_word' id='word_1_572' title='bbox 1721 4364 1799 4399; x_wconf 85' lang='grc' dir='ltr'><strong>σοι</strong></span> 
     </span>
    </p>
   </div>
   <div class='ocr_carea' id='block_1_75' title="bbox 248 4421 1740 4506">
    <p class='ocr_par' dir='ltr' id='par_1_75' title="bbox 248 4421 1740 4506">
     <span class='ocr_line' id='line_1_75' title="bbox 248 4421 1740 4506; baseline 0.011 -32"><span class='ocrx_word' id='word_1_573' title='bbox 248 4421 698 4491; x_wconf 82' lang='grc' dir='ltr'>βιωφελεστάτοις</span> <span class='ocrx_word' id='word_1_574' title='bbox 735 4429 1092 4499; x_wconf 85' lang='grc' dir='ltr'>ἀφηγήμασιν</span> <span class='ocrx_word' id='word_1_575' title='bbox 1116 4434 1270 4501; x_wconf 84' lang='grc' dir='ltr'>ήμῶν</span> <span class='ocrx_word' id='word_1_576' title='bbox 1299 4437 1740 4506; x_wconf 86' lang='grc' dir='ltr'>κατεπαίρεσθαι.</span> 
     </span>
    </p>
   </div>
   <div class='ocr_carea' id='block_1_76' title="bbox 1918 3251 3472 3320">
    <p class='ocr_par' dir='ltr' id='par_1_76' title="bbox 1918 3251 3472 3320">
     <span class='ocr_line' id='line_1_76' title="bbox 1918 3251 3472 3320; baseline 0.003 -16"><span class='ocrx_word' id='word_1_577' title='bbox 1918 3252 2153 3319; x_wconf 92' lang='lat' dir='ltr'><strong>stuporis</strong></span> <span class='ocrx_word' id='word_1_578' title='bbox 2206 3266 2423 3303; x_wconf 87' lang='lat' dir='ltr'><strong>sensum</strong></span> <span class='ocrx_word' id='word_1_579' title='bbox 2457 3251 2712 3315; x_wconf 81' lang='lat' dir='ltr'><strong>auferret,</strong></span> <span class='ocrx_word' id='word_1_580' title='bbox 2751 3266 2855 3320; x_wconf 91' lang='lat' dir='ltr'><strong>qua</strong></span> <span class='ocrx_word' id='word_1_581' title='bbox 2886 3251 3007 3319; x_wconf 89' lang='lat' dir='ltr'><strong>quis</strong></span> <span class='ocrx_word' id='word_1_582' title='bbox 3036 3252 3285 3320; x_wconf 88' lang='lat' dir='ltr'><strong>provehit</strong></span> <span class='ocrx_word' id='word_1_583' title='bbox 3310 3261 3369 3307; x_wconf 87' lang='lat' dir='ltr'><strong>ut</strong></span> <span class='ocrx_word' id='word_1_584' title='bbox 3400 3255 3472 3309; x_wconf 88' lang='lat' dir='ltr'><strong>sit</strong></span> 
     </span>
    </p>
   </div>
   <div class='ocr_carea' id='block_1_77' title="bbox 1917 3341 3471 3411">
    <p class='ocr_par' dir='ltr' id='par_1_77' title="bbox 1917 3341 3471 3411">
     <span class='ocr_line' id='line_1_77' title="bbox 1917 3341 3471 3411; baseline 0.003 -17"><span class='ocrx_word' id='word_1_585' title='bbox 1917 3352 2102 3409; x_wconf 89' lang='lat' dir='ltr'><strong>pater,</strong></span> <span class='ocrx_word' id='word_1_586' title='bbox 2149 3343 2260 3409; x_wconf 90' lang='lat' dir='ltr'><strong>ipsa</strong></span> <span class='ocrx_word' id='word_1_587' title='bbox 2303 3341 2562 3396; x_wconf 89' lang='lat' dir='ltr'><strong>hactenus</strong></span> <span class='ocrx_word' id='word_1_588' title='bbox 2601 3352 2805 3410; x_wconf 90' lang='lat' dir='ltr'><strong>patrem</strong></span> <span class='ocrx_word' id='word_1_589' title='bbox 2853 3341 2967 3396; x_wconf 88' lang='lat' dir='ltr'><strong>ﬁeri</strong></span> <span class='ocrx_word' id='word_1_590' title='bbox 3011 3344 3283 3411; x_wconf 88' lang='lat' dir='ltr'><strong>prohibet.</strong></span> <span class='ocrx_word' id='word_1_591' title='bbox 3329 3344 3471 3409; x_wconf 85' lang='lat' dir='ltr'><strong>Quid</strong></span> 
     </span>
    </p>
   </div>
   <div class='ocr_carea' id='block_1_78' title="bbox 1918 3430 3471 3503">
    <p class='ocr_par' dir='ltr' id='par_1_78' title="bbox 1918 3430 3471 3503">
     <span class='ocr_line' id='line_1_78' title="bbox 1918 3430 3471 3503; baseline 0.004 -20"><span class='ocrx_word' id='word_1_592' title='bbox 1918 3432 2080 3499; x_wconf 87' lang='lat' dir='ltr'><strong>ergo?</strong></span> <span class='ocrx_word' id='word_1_593' title='bbox 2125 3431 2440 3484; x_wconf 70' lang='lat' dir='ltr'><strong>affectiones</strong></span> <span class='ocrx_word' id='word_1_594' title='bbox 2472 3442 2721 3485; x_wconf 88' lang='lat' dir='ltr'><strong>naturam</strong></span> <span class='ocrx_word' id='word_1_595' title='bbox 2753 3430 2996 3494; x_wconf 80' lang='lat' dir='ltr'><strong>vincunt,</strong></span> <span class='ocrx_word' id='word_1_596' title='bbox 3029 3433 3132 3485; x_wconf 87' lang='lat' dir='ltr'><strong>nisi</strong></span> <span class='ocrx_word' id='word_1_597' title='bbox 3165 3433 3293 3503; x_wconf 91' lang='lat' dir='ltr'><strong>quid</strong></span> <span class='ocrx_word' id='word_1_598' title='bbox 3323 3434 3471 3490; x_wconf 86' lang='lat' dir='ltr'><strong>aliud</strong></span> 
     </span>
    </p>
   </div>
   <div class='ocr_carea' id='block_1_79' title="bbox 1916 3522 3471 3592">
    <p class='ocr_par' dir='ltr' id='par_1_79' title="bbox 1916 3522 3471 3592">
     <span class='ocr_line' id='line_1_79' title="bbox 1916 3522 3471 3592; baseline 0.005 -19"><span class='ocrx_word' id='word_1_599' title='bbox 1916 3522 2072 3586; x_wconf 87' lang='lat' dir='ltr'><strong>adsit,</strong></span> <span class='ocrx_word' id='word_1_600' title='bbox 2118 3522 2261 3591; x_wconf 92' lang='lat' dir='ltr'><strong>quod</strong></span> <span class='ocrx_word' id='word_1_601' title='bbox 2310 3522 2427 3590; x_wconf 87' lang='lat' dir='ltr'><strong>ejus</strong></span> <span class='ocrx_word' id='word_1_602' title='bbox 2458 3523 2526 3576; x_wconf 93' lang='lat' dir='ltr'><strong>sit</strong></span> <span class='ocrx_word' id='word_1_603' title='bbox 2560 3523 2773 3577; x_wconf 82' lang='lat' dir='ltr'><strong>ail‘ectio</strong></span> <span class='ocrx_word' id='word_1_604' title='bbox 2805 3539 2869 3577; x_wconf 90' lang='lat' dir='ltr'><strong>ac</strong></span> <span class='ocrx_word' id='word_1_605' title='bbox 2898 3535 3336 3592; x_wconf 87' lang='lat' dir='ltr'><strong>recrementum;</strong></span> <span class='ocrx_word' id='word_1_606' title='bbox 3368 3541 3471 3580; x_wconf 86' lang='lat' dir='ltr'><strong>nee</strong></span> 
     </span>
    </p>
   </div>
   <div class='ocr_carea' id='block_1_80' title="bbox 1914 3612 3470 3683">
    <p class='ocr_par' dir='ltr' id='par_1_80' title="bbox 1914 3612 3470 3683">
     <span class='ocr_line' id='line_1_80' title="bbox 1914 3612 3470 3683; baseline 0.004 -19"><span class='ocrx_word' id='word_1_607' title='bbox 1914 3615 2102 3683; x_wconf 84' lang='lat' dir='ltr'><strong>gratia,</strong></span> <span class='ocrx_word' id='word_1_608' title='bbox 2130 3629 2288 3681; x_wconf 88' lang='lat' dir='ltr'><strong>quam</strong></span> <span class='ocrx_word' id='word_1_609' title='bbox 2323 3612 2476 3665; x_wconf 79' lang='lat' dir='ltr'><strong>ﬁnxit</strong></span> <span class='ocrx_word' id='word_1_610' title='bbox 2502 3629 2562 3667; x_wconf 83' lang='lat' dir='ltr'><strong>ae</strong></span> <span class='ocrx_word' id='word_1_611' title='bbox 2592 3614 2849 3679; x_wconf 87' lang='lat' dir='ltr'><strong>condidit,</strong></span> <span class='ocrx_word' id='word_1_612' title='bbox 2888 3623 3137 3669; x_wconf 88' lang='lat' dir='ltr'><strong>naturam</strong></span> <span class='ocrx_word' id='word_1_613' title='bbox 3173 3618 3226 3670; x_wconf 94' lang='lat' dir='ltr'><strong>in</strong></span> <span class='ocrx_word' id='word_1_614' title='bbox 3278 3618 3470 3671; x_wconf 79' lang='lat' dir='ltr'><strong>melio-</strong></span> 
     </span>
    </p>
   </div>
   <div class='ocr_carea' id='block_1_81' title="bbox 1915 3705 3469 3776">
    <p class='ocr_par' dir='ltr' id='par_1_81' title="bbox 1915 3705 3469 3776">
     <span class='ocr_line' id='line_1_81' title="bbox 1915 3705 3469 3776; baseline 0.004 -18"><span class='ocrx_word' id='word_1_615' title='bbox 1915 3722 2027 3759; x_wconf 87' lang='lat' dir='ltr'><strong>rem</strong></span> <span class='ocrx_word' id='word_1_616' title='bbox 2079 3705 2333 3775; x_wconf 83' lang='lat' dir='ltr'><strong>augebit?</strong></span> <span class='ocrx_word' id='word_1_617' title='bbox 2368 3706 2631 3758; x_wconf 86' lang='lat' dir='ltr'><strong>Senectus</strong></span> <span class='ocrx_word' id='word_1_618' title='bbox 2659 3705 2976 3775; x_wconf 87' lang='lat' dir='ltr'><strong>infrigidans</strong></span> <span class='ocrx_word' id='word_1_619' title='bbox 3007 3708 3265 3776; x_wconf 83' lang='lat' dir='ltr'><strong>genitales</strong></span> <span class='ocrx_word' id='word_1_620' title='bbox 3290 3708 3469 3765; x_wconf 83' lang='lat' dir='ltr'><strong>fontes</strong></span> 
     </span>
    </p>
   </div>
   <div class='ocr_carea' id='block_1_82' title="bbox 1914 3797 3463 3871">
    <p class='ocr_par' dir='ltr' id='par_1_82' title="bbox 1914 3797 3463 3871">
     <span class='ocr_line' id='line_1_82' title="bbox 1914 3797 3463 3871; baseline 0.003 -21"><span class='ocrx_word' id='word_1_621' title='bbox 1914 3797 2180 3863; x_wconf 81' lang='lat' dir='ltr'><strong>exsiccat;</strong></span> <span class='ocrx_word' id='word_1_622' title='bbox 2222 3813 2323 3851; x_wconf 91' lang='lat' dir='ltr'><strong>nec</strong></span> <span class='ocrx_word' id='word_1_623' title='bbox 2360 3799 2533 3861; x_wconf 86' lang='lat' dir='ltr'><strong>ﬁctor,</strong></span> <span class='ocrx_word' id='word_1_624' title='bbox 2562 3798 2920 3867; x_wconf 84' lang='lat' dir='ltr'><strong>conditorque</strong></span> <span class='ocrx_word' id='word_1_625' title='bbox 2949 3799 3162 3861; x_wconf 86' lang='lat' dir='ltr'><strong>fovens,</strong></span> <span class='ocrx_word' id='word_1_626' title='bbox 3203 3800 3463 3871; x_wconf 80' lang='lat' dir='ltr'><strong>irriguum</strong></span> 
     </span>
    </p>
   </div>
   <div class='ocr_carea' id='block_1_83' title="bbox 1912 3890 3465 3957">
    <p class='ocr_par' dir='ltr' id='par_1_83' title="bbox 1912 3890 3465 3957">
     <span class='ocr_line' id='line_1_83' title="bbox 1912 3890 3465 3957; baseline 0.003 -16"><span class='ocrx_word' id='word_1_627' title='bbox 1912 3890 2072 3943; x_wconf 82' lang='lat' dir='ltr'><strong>faciet</strong></span> <span class='ocrx_word' id='word_1_628' title='bbox 2120 3890 2261 3957; x_wconf 89' lang='lat' dir='ltr'><strong>quod</strong></span> <span class='ocrx_word' id='word_1_629' title='bbox 2308 3890 2633 3942; x_wconf 88' lang='lat' dir='ltr'><strong>consenuit?</strong></span> <span class='ocrx_word' id='word_1_630' title='bbox 2671 3890 2761 3942; x_wconf 82' lang='lat' dir='ltr'><strong>illa</strong></span> <span class='ocrx_word' id='word_1_631' title='bbox 2812 3890 2878 3943; x_wconf 91' lang='lat' dir='ltr'><strong>ad</strong></span> <span class='ocrx_word' id='word_1_632' title='bbox 2930 3905 3048 3957; x_wconf 67' lang='lat' dir='ltr'><strong>quae</strong></span> <span class='ocrx_word' id='word_1_633' title='bbox 3085 3890 3201 3945; x_wconf 76' lang='lat' dir='ltr'><strong>htec</strong></span> <span class='ocrx_word' id='word_1_634' title='bbox 3234 3892 3465 3946; x_wconf 83' lang='lat' dir='ltr'><strong>necdum</strong></span> 
     </span>
    </p>
   </div>
   <div class='ocr_carea' id='block_1_84' title="bbox 1909 3979 3467 4049">
    <p class='ocr_par' dir='ltr' id='par_1_84' title="bbox 1909 3979 3467 4049">
     <span class='ocr_line' id='line_1_84' title="bbox 1909 3979 3467 4049; baseline 0.002 -17"><span class='ocrx_word' id='word_1_635' title='bbox 1909 3979 2157 4033; x_wconf 87' lang='lat' dir='ltr'><strong>devoluta</strong></span> <span class='ocrx_word' id='word_1_636' title='bbox 2188 3988 2287 4042; x_wconf 89' lang='lat' dir='ltr'><strong>est,</strong></span> <span class='ocrx_word' id='word_1_637' title='bbox 2318 3995 2380 4032; x_wconf 93' lang='lat' dir='ltr'><strong>ac</strong></span> <span class='ocrx_word' id='word_1_638' title='bbox 2407 3995 2529 4032; x_wconf 91' lang='lat' dir='ltr'><strong>cum</strong></span> <span class='ocrx_word' id='word_1_639' title='bbox 2558 3980 2732 4032; x_wconf 84' lang='lat' dir='ltr'><strong>adhuc</strong></span> <span class='ocrx_word' id='word_1_640' title='bbox 2756 3996 2864 4033; x_wconf 93' lang='lat' dir='ltr'><strong>non</strong></span> <span class='ocrx_word' id='word_1_641' title='bbox 2894 3981 3032 4034; x_wconf 91' lang='lat' dir='ltr'><strong>adsit</strong></span> <span class='ocrx_word' id='word_1_642' title='bbox 3058 3991 3288 4049; x_wconf 83' lang='lat' dir='ltr'><strong>tempus,</strong></span> <span class='ocrx_word' id='word_1_643' title='bbox 3322 3999 3467 4036; x_wconf 87' lang='lat' dir='ltr'><strong>cum-</strong></span> 
     </span>
    </p>
   </div>
   <div class='ocr_carea' id='block_1_85' title="bbox 1910 4071 3465 4139">
    <p class='ocr_par' dir='ltr' id='par_1_85' title="bbox 1910 4071 3465 4139">
     <span class='ocr_line' id='line_1_85' title="bbox 1910 4071 3465 4139; baseline 0.003 -17"><span class='ocrx_word' id='word_1_644' title='bbox 1910 4086 2013 4139; x_wconf 92' lang='lat' dir='ltr'><strong>que</strong></span> <span class='ocrx_word' id='word_1_645' title='bbox 2058 4086 2118 4123; x_wconf 86' lang='lat' dir='ltr'><strong>ea</strong></span> <span class='ocrx_word' id='word_1_646' title='bbox 2156 4071 2221 4123; x_wconf 89' lang='lat' dir='ltr'><strong>ad</strong></span> <span class='ocrx_word' id='word_1_647' title='bbox 2260 4086 2378 4139; x_wconf 67' lang='lat' dir='ltr'><strong>quae</strong></span> <span class='ocrx_word' id='word_1_648' title='bbox 2424 4072 2748 4139; x_wconf 88' lang='lat' dir='ltr'><strong>pertrahunt</strong></span> <span class='ocrx_word' id='word_1_649' title='bbox 2791 4071 2899 4125; x_wconf 90' lang='lat' dir='ltr'><strong>sint</strong></span> <span class='ocrx_word' id='word_1_650' title='bbox 2950 4071 3212 4124; x_wconf 90' lang='lat' dir='ltr'><strong>deteriora</strong></span> <span class='ocrx_word' id='word_1_651' title='bbox 3240 4114 3255 4137; x_wconf 92' lang='lat'><strong>,</strong></span> <span class='ocrx_word' id='word_1_652' title='bbox 3306 4072 3465 4127; x_wconf 84' lang='lat' dir='ltr'><strong>facile</strong></span> 
     </span>
    </p>
   </div>
   <div class='ocr_carea' id='block_1_86' title="bbox 1912 4161 3465 4231">
    <p class='ocr_par' dir='ltr' id='par_1_86' title="bbox 1912 4161 3465 4231">
     <span class='ocr_line' id='line_1_86' title="bbox 1912 4161 3465 4231; baseline 0.001 -15"><span class='ocrx_word' id='word_1_653' title='bbox 1912 4174 2089 4216; x_wconf 88' lang='lat' dir='ltr'><strong>tamen</strong></span> <span class='ocrx_word' id='word_1_654' title='bbox 2135 4161 2347 4227; x_wconf 87' lang='lat' dir='ltr'><strong>ferent;</strong></span> <span class='ocrx_word' id='word_1_655' title='bbox 2381 4162 2533 4215; x_wconf 85' lang='lat' dir='ltr'><strong>ﬁctor</strong></span> <span class='ocrx_word' id='word_1_656' title='bbox 2561 4173 2764 4223; x_wconf 89' lang='lat' dir='ltr'><strong>autem,</strong></span> <span class='ocrx_word' id='word_1_657' title='bbox 2797 4170 2858 4214; x_wconf 86' lang='lat' dir='ltr'><strong>ac</strong></span> <span class='ocrx_word' id='word_1_658' title='bbox 2887 4163 3156 4225; x_wconf 76' lang='lat' dir='ltr'><strong>conditor,</strong></span> <span class='ocrx_word' id='word_1_659' title='bbox 3182 4163 3237 4215; x_wconf 90' lang='lat' dir='ltr'><strong>in</strong></span> <span class='ocrx_word' id='word_1_660' title='bbox 3267 4165 3465 4231; x_wconf 87' lang='lat' dir='ltr'><strong>quibus</strong></span> 
     </span>
    </p>
   </div>
   <div class='ocr_carea' id='block_1_87' title="bbox 1910 4254 3465 4313">
    <p class='ocr_par' dir='ltr' id='par_1_87' title="bbox 1910 4254 3465 4313">
     <span class='ocr_line' id='line_1_87' title="bbox 1910 4254 3465 4313; baseline 0.001 -5"><span class='ocrx_word' id='word_1_661' title='bbox 1910 4256 1977 4309; x_wconf 86' lang='lat' dir='ltr'><strong>ab</strong></span> <span class='ocrx_word' id='word_1_662' title='bbox 2023 4254 2174 4308; x_wconf 89' lang='lat' dir='ltr'><strong>initio</strong></span> <span class='ocrx_word' id='word_1_663' title='bbox 2218 4254 2500 4309; x_wconf 86' lang='lat' dir='ltr'><strong>constituit</strong></span> <span class='ocrx_word' id='word_1_664' title='bbox 2547 4254 2739 4313; x_wconf 84' lang='lat' dir='ltr'><strong>modis.</strong></span> <span class='ocrx_word' id='word_1_665' title='bbox 2794 4265 2853 4307; x_wconf 91' lang='lat' dir='ltr'><strong>ut</strong></span> <span class='ocrx_word' id='word_1_666' title='bbox 2900 4255 3028 4308; x_wconf 89' lang='lat' dir='ltr'><strong>velit</strong></span> <span class='ocrx_word' id='word_1_667' title='bbox 3062 4271 3167 4309; x_wconf 90' lang='lat' dir='ltr'><strong>non</strong></span> <span class='ocrx_word' id='word_1_668' title='bbox 3198 4256 3465 4311; x_wconf 82' lang='lat' dir='ltr'><strong>reducet?</strong></span> 
     </span>
    </p>
   </div>
   <div class='ocr_carea' id='block_1_88' title="bbox 1906 4346 3461 4417">
    <p class='ocr_par' dir='ltr' id='par_1_88' title="bbox 1906 4346 3461 4417">
     <span class='ocr_line' id='line_1_88' title="bbox 1906 4346 3461 4417; baseline 0.002 -16"><span class='ocrx_word' id='word_1_669' title='bbox 1906 4348 2027 4402; x_wconf 86' lang='lat' dir='ltr'><strong>Non</strong></span> <span class='ocrx_word' id='word_1_670' title='bbox 2070 4347 2238 4400; x_wconf 88' lang='lat' dir='ltr'><strong>habes</strong></span> <span class='ocrx_word' id='word_1_671' title='bbox 2274 4346 2437 4400; x_wconf 91' lang='lat' dir='ltr'><strong>dictis</strong></span> <span class='ocrx_word' id='word_1_672' title='bbox 2488 4346 2687 4400; x_wconf 82' lang='lat' dir='ltr'><strong>ﬁdem?</strong></span> <span class='ocrx_word' id='word_1_673' title='bbox 2731 4346 2990 4415; x_wconf 66' lang='lat' dir='ltr'><strong>praeclare</strong></span> <span class='ocrx_word' id='word_1_674' title='bbox 3018 4347 3231 4415; x_wconf 89' lang='lat' dir='ltr'><strong>quidem</strong></span> <span class='ocrx_word' id='word_1_675' title='bbox 3261 4363 3424 4417; x_wconf 82' lang='lat' dir='ltr'><strong>agens</strong></span> <span class='ocrx_word' id='word_1_676' title='bbox 3446 4392 3461 4405; x_wconf 90' lang='lat'><strong>.</strong></span> 
     </span>
    </p>
   </div>
   <div class='ocr_carea' id='block_1_89' title="bbox 1907 4438 3462 4507">
    <p class='ocr_par' dir='ltr' id='par_1_89' title="bbox 1907 4438 3462 4507">
     <span class='ocr_line' id='line_1_89' title="bbox 1907 4438 3462 4507; baseline 0.001 -15"><span class='ocrx_word' id='word_1_677' title='bbox 1907 4450 1962 4492; x_wconf 89' lang='lat' dir='ltr'><strong>at</strong></span> <span class='ocrx_word' id='word_1_678' title='bbox 1990 4454 2097 4492; x_wconf 91' lang='lat' dir='ltr'><strong>non</strong></span> <span class='ocrx_word' id='word_1_679' title='bbox 2124 4439 2277 4497; x_wconf 82' lang='lat' dir='ltr'><strong>mihi.</strong></span> <span class='ocrx_word' id='word_1_680' title='bbox 2312 4438 2398 4491; x_wconf 79' lang='lat' dir='ltr'><strong>c‘ui</strong></span> <span class='ocrx_word' id='word_1_681' title='bbox 2435 4439 2549 4491; x_wconf 62' lang='lat' dir='ltr'><strong>haec</strong></span> <span class='ocrx_word' id='word_1_682' title='bbox 2579 4439 2735 4507; x_wconf 91' lang='lat' dir='ltr'><strong>longe</strong></span> <span class='ocrx_word' id='word_1_683' title='bbox 2756 4438 2863 4490; x_wconf 91' lang='lat' dir='ltr'><strong>sint</strong></span> <span class='ocrx_word' id='word_1_684' title='bbox 2886 4439 3129 4492; x_wconf 91' lang='lat' dir='ltr'><strong>honestis</strong></span> <span class='ocrx_word' id='word_1_685' title='bbox 3150 4439 3257 4491; x_wconf 92' lang='lat' dir='ltr'><strong>tuis</strong></span> <span class='ocrx_word' id='word_1_686' title='bbox 3279 4448 3462 4493; x_wconf 86' lang='lat' dir='ltr'><strong>trans-</strong></span> 
     </span>
    </p>
   </div>
   <div class='ocr_carea' id='block_1_90' title="bbox 244 4516 3459 4600">
    <p class='ocr_par' dir='ltr' id='par_1_90' title="bbox 244 4516 3459 4600">
     <span class='ocr_line' id='line_1_90' title="bbox 244 4516 3459 4600; baseline 0.005 -31"><span class='ocrx_word' id='word_1_687' title='bbox 244 4516 681 4581; x_wconf 86' lang='lat' dir='ltr'><strong>formationihus,</strong></span> <span class='ocrx_word' id='word_1_688' title='bbox 721 4536 854 4588; x_wconf 92' lang='lat' dir='ltr'><strong>quas</strong></span> <span class='ocrx_word' id='word_1_689' title='bbox 897 4523 987 4575; x_wconf 91' lang='lat' dir='ltr'><strong>tibi</strong></span> <span class='ocrx_word' id='word_1_690' title='bbox 1037 4539 1155 4576; x_wconf 90' lang='lat' dir='ltr'><strong>sum</strong></span> <span class='ocrx_word' id='word_1_691' title='bbox 1212 4538 1669 4583; x_wconf 89' lang='lat' dir='ltr'><strong>enumeraturus:</strong></span> <span class='ocrx_word' id='word_1_692' title='bbox 1737 4532 1978 4599; x_wconf 91' lang='lat' dir='ltr'><strong>quinimo</strong></span> <span class='ocrx_word' id='word_1_693' title='bbox 2028 4541 2178 4585; x_wconf 89' lang='lat' dir='ltr'><strong>tuum</strong></span> <span class='ocrx_word' id='word_1_694' title='bbox 2224 4530 2327 4583; x_wconf 89' lang='lat' dir='ltr'><strong>erit</strong></span> <span class='ocrx_word' id='word_1_695' title='bbox 2363 4544 2707 4599; x_wconf 79' lang='lat' dir='ltr'><strong>percensere,</strong></span> <span class='ocrx_word' id='word_1_696' title='bbox 2772 4544 2879 4598; x_wconf 93' lang='lat' dir='ltr'><strong>quo</strong></span> <span class='ocrx_word' id='word_1_697' title='bbox 2943 4530 3129 4600; x_wconf 86' lang='lat' dir='ltr'><strong>magis,</strong></span> <span class='ocrx_word' id='word_1_698' title='bbox 3170 4531 3459 4586; x_wconf 89' lang='lat' dir='ltr'><strong>humanam</strong></span> 
     </span>
    </p>
   </div>
   <div class='ocr_carea' id='block_1_91' title="bbox 244 4612 2279 4698">
    <p class='ocr_par' dir='ltr' id='par_1_91' title="bbox 244 4612 2279 4698">
     <span class='ocr_line' id='line_1_91' title="bbox 244 4612 2279 4698; baseline 0.005 -31"><span class='ocrx_word' id='word_1_699' title='bbox 244 4612 409 4667; x_wconf 86' lang='lat' dir='ltr'><strong>vitam</strong></span> <span class='ocrx_word' id='word_1_700' title='bbox 434 4613 751 4682; x_wconf 75' lang='lat' dir='ltr'><strong>iuvantibus</strong></span> <span class='ocrx_word' id='word_1_701' title='bbox 781 4618 1185 4672; x_wconf 88' lang='lat' dir='ltr'><strong>narrationibus</strong></span> <span class='ocrx_word' id='word_1_702' title='bbox 1224 4622 1350 4686; x_wconf 87' lang='lat' dir='ltr'><strong>tuis,</strong></span> <span class='ocrx_word' id='word_1_703' title='bbox 1388 4623 1672 4679; x_wconf 89' lang='lat' dir='ltr'><strong>adversum</strong></span> <span class='ocrx_word' id='word_1_704' title='bbox 1707 4643 1804 4682; x_wconf 91' lang='lat' dir='ltr'><strong>nos</strong></span> <span class='ocrx_word' id='word_1_705' title='bbox 1842 4627 2055 4698; x_wconf 82' lang='lat' dir='ltr'><strong>gloriari</strong></span> <span class='ocrx_word' id='word_1_706' title='bbox 2086 4625 2279 4695; x_wconf 90' lang='lat' dir='ltr'><strong>possis.</strong></span> 
     </span>
    </p>
   </div>
   <div class='ocr_carea' id='block_1_92' title="bbox 313 4706 1988 4787">
    <p class='ocr_par' dir='ltr' id='par_1_92' title="bbox 313 4706 1988 4787">
     <span class='ocr_line' id='line_1_92' title="bbox 313 4706 1988 4787; baseline 0.007 -27"><span class='ocrx_word' id='word_1_707' title='bbox 313 4706 456 4773; x_wconf 77' lang='grc' dir='ltr'>Λέγε</span> <span class='ocrx_word' id='word_1_708' title='bbox 477 4706 576 4769; x_wconf 86' lang='grc' dir='ltr'><strong>τάς</strong></span> <span class='ocrx_word' id='word_1_709' title='bbox 597 4706 656 4771; x_wconf 74' lang='grc' dir='ltr'><strong>ἐξ</strong></span> <span class='ocrx_word' id='word_1_710' title='bbox 682 4708 979 4778; x_wconf 79' lang='grc' dir='ltr'>ἀνθρώπων</span> <span class='ocrx_word' id='word_1_711' title='bbox 1002 4712 1274 4782; x_wconf 77' lang='grc' dir='ltr'>αἰγείρους</span> <span class='ocrx_word' id='word_1_712' title='bbox 1299 4730 1310 4742; x_wconf 98' lang='grc'><strong>·</strong></span> <span class='ocrx_word' id='word_1_713' title='bbox 1334 4707 1408 4767; x_wconf 82' lang='grc' dir='ltr'>ὧν</span> <span class='ocrx_word' id='word_1_714' title='bbox 1442 4718 1677 4787; x_wconf 79' lang='grc' dir='ltr'>ἀπορρεῖ</span> <span class='ocrx_word' id='word_1_715' title='bbox 1695 4720 1802 4772; x_wconf 85' lang='grc' dir='ltr'>τῶν</span> <span class='ocrx_word' id='word_1_716' title='bbox 1832 4728 1880 4781; x_wconf 80' lang='grc' dir='ltr'>υ</span> <span class='ocrx_word' id='word_1_717' title='bbox 1975 4719 1988 4771; x_wconf 90' lang='grc'><strong>1</strong></span> 
     </span>
    </p>
   </div>
   <div class='ocr_carea' id='block_1_93' title="bbox 1781 4706 3456 4787">
    <p class='ocr_par' dir='ltr' id='par_1_93' title="bbox 1781 4715 3456 4784">
     <span class='ocr_line' id='line_1_93' title="bbox 1781 4715 3456 4784; baseline -0.001 -12"><span class='ocrx_word' id='word_1_718' title='bbox 1781 4740 1802 4772; x_wconf 91' lang='grc' dir='ltr'><strong>ν</strong></span> <span class='ocrx_word' id='word_1_719' title='bbox 1832 4728 1880 4781; x_wconf 80' lang='grc' dir='ltr'>υ</span> <span class='ocrx_word' id='word_1_720' title='bbox 1975 4719 2070 4773; x_wconf 90' lang='lat' dir='ltr'><strong>Dic</strong></span> <span class='ocrx_word' id='word_1_721' title='bbox 2097 4720 2262 4771; x_wconf 80' lang='lat' dir='ltr'><strong>factas</strong></span> <span class='ocrx_word' id='word_1_722' title='bbox 2288 4732 2353 4771; x_wconf 80' lang='lat' dir='ltr'><strong>ex</strong></span> <span class='ocrx_word' id='word_1_723' title='bbox 2390 4716 2699 4770; x_wconf 90' lang='lat' dir='ltr'><strong>hominibus</strong></span> <span class='ocrx_word' id='word_1_724' title='bbox 2729 4715 2976 4784; x_wconf 91' lang='lat' dir='ltr'><strong>populos,</strong></span> <span class='ocrx_word' id='word_1_725' title='bbox 3011 4731 3041 4769; x_wconf 91' lang='lat' dir='ltr'><strong>e</strong></span> <span class='ocrx_word' id='word_1_726' title='bbox 3074 4732 3302 4784; x_wconf 90' lang='lat' dir='ltr'><strong>quarum</strong></span> <span class='ocrx_word' id='word_1_727' title='bbox 3325 4734 3456 4774; x_wconf 89' lang='lat' dir='ltr'><strong>ocu-</strong></span> 
     </span>
    </p>
   </div>
   <div class='ocr_carea' id='block_1_94' title="bbox 243 4798 1801 4874">
    <p class='ocr_par' dir='ltr' id='par_1_94' title="bbox 243 4798 1801 4874">
     <span class='ocr_line' id='line_1_94' title="bbox 243 4798 1801 4874; baseline 0.006 -22"><span class='ocrx_word' id='word_1_728' title='bbox 243 4798 560 4869; x_wconf 85' lang='grc' dir='ltr'>ὀμμάτωνή</span> <span class='ocrx_word' id='word_1_729' title='bbox 582 4798 677 4851; x_wconf 78' lang='grc' dir='ltr'>τοῦ</span> <span class='ocrx_word' id='word_1_730' title='bbox 716 4801 885 4869; x_wconf 84' lang='grc' dir='ltr'>μύθου</span> <span class='ocrx_word' id='word_1_731' title='bbox 909 4802 1187 4873; x_wconf 79' lang='grc' dir='ltr'>ῆλεκτρος,</span> <span class='ocrx_word' id='word_1_732' title='bbox 1222 4805 1313 4874; x_wconf 77' lang='grc' dir='ltr'><strong>ἀφ’</strong></span> <span class='ocrx_word' id='word_1_733' title='bbox 1340 4801 1400 4859; x_wconf 74' lang='grc' dir='ltr'><strong>οὗ</strong></span> <span class='ocrx_word' id='word_1_734' title='bbox 1451 4809 1514 4861; x_wconf 82' lang='grc' dir='ltr'>σὺ</span> <span class='ocrx_word' id='word_1_735' title='bbox 1552 4808 1801 4873; x_wconf 85' lang='grc' dir='ltr'>πλουτεῖς</span> 
     </span>
    </p>
   </div>
   <div class='ocr_carea' id='block_1_95' title="bbox 243 4888 1800 4966">
    <p class='ocr_par' dir='ltr' id='par_1_95' title="bbox 243 4888 1800 4966">
     <span class='ocr_line' id='line_1_95' title="bbox 243 4888 1800 4966; baseline 0.011 -28"><span class='ocrx_word' id='word_1_736' title='bbox 243 4888 343 4959; x_wconf 80' lang='grc' dir='ltr'>τὴν</span> <span class='ocrx_word' id='word_1_737' title='bbox 373 4888 647 4958; x_wconf 80' lang='grc' dir='ltr'>εὐήθειαν.</span> <span class='ocrx_word' id='word_1_738' title='bbox 702 4891 945 4961; x_wconf 82' lang='grc' dir='ltr'>’Δ-ρίθμει</span> <span class='ocrx_word' id='word_1_739' title='bbox 993 4894 1089 4945; x_wconf 78' lang='grc' dir='ltr'>καὶ</span> <span class='ocrx_word' id='word_1_740' title='bbox 1134 4895 1230 4958; x_wconf 81' lang='grc' dir='ltr'><strong>τὰς</strong></span> <span class='ocrx_word' id='word_1_741' title='bbox 1282 4897 1505 4965; x_wconf 79' lang='grc' dir='ltr'>δάφνας.</span> <span class='ocrx_word' id='word_1_742' title='bbox 1538 4900 1632 4952; x_wconf 82' lang='grc' dir='ltr'>καὶ</span> <span class='ocrx_word' id='word_1_743' title='bbox 1675 4904 1800 4966; x_wconf 82' lang='grc' dir='ltr'>τοὺς</span> 
     </span>
    </p>
   </div>
   <div class='ocr_carea' id='block_1_96' title="bbox 246 4982 1803 5064">
    <p class='ocr_par' dir='ltr' id='par_1_96' title="bbox 246 4982 1803 5064">
     <span class='ocr_line' id='line_1_96' title="bbox 246 4982 1803 5064; baseline 0.008 -31"><span class='ocrx_word' id='word_1_744' title='bbox 246 4982 490 5049; x_wconf 80' lang='grc' dir='ltr'>φοίνικας</span> <span class='ocrx_word' id='word_1_745' title='bbox 511 4998 526 5012; x_wconf 76' lang='grc'><strong>⁸</strong></span> <span class='ocrx_word' id='word_1_746' title='bbox 548 4982 646 5046; x_wconf 81' lang='grc' dir='ltr'><strong>τὰς</strong></span> <span class='ocrx_word' id='word_1_747' title='bbox 677 4984 929 5054; x_wconf 81' lang='grc' dir='ltr'>ἀηδόνας,</span> <span class='ocrx_word' id='word_1_748' title='bbox 957 4990 1048 5039; x_wconf 82' lang='grc' dir='ltr'>καί</span> <span class='ocrx_word' id='word_1_749' title='bbox 1077 4988 1172 5049; x_wconf 79' lang='grc' dir='ltr'><strong>τὰς</strong></span> <span class='ocrx_word' id='word_1_750' title='bbox 1200 4990 1469 5059; x_wconf 86' lang='grc' dir='ltr'>χελιδόνας</span> <span class='ocrx_word' id='word_1_751' title='bbox 1488 5009 1501 5022; x_wconf 66' lang='grc' dir='ltr'><em>υ</em></span> <span class='ocrx_word' id='word_1_752' title='bbox 1525 4996 1648 5057; x_wconf 77' lang='grc' dir='ltr'>τοὺς</span> <span class='ocrx_word' id='word_1_753' title='bbox 1678 4995 1803 5064; x_wconf 79' lang='grc' dir='ltr'>ᾠδι-</span> 
     </span>
    </p>
   </div>
   <div class='ocr_carea' id='block_1_97' title="bbox 244 5075 1803 5155">
    <p class='ocr_par' dir='ltr' id='par_1_97' title="bbox 244 5075 1803 5155">
     <span class='ocr_line' id='line_1_97' title="bbox 244 5075 1803 5155; baseline 0.009 -30"><span class='ocrx_word' id='word_1_754' title='bbox 244 5075 376 5136; x_wconf 83' lang='grc' dir='ltr'>κούς</span> <span class='ocrx_word' id='word_1_755' title='bbox 410 5091 503 5127; x_wconf 90' lang='grc' dir='ltr'><strong>σου</strong></span> <span class='ocrx_word' id='word_1_756' title='bbox 527 5075 776 5142; x_wconf 77' lang='grc' dir='ltr'>κύκνους,</span> <span class='ocrx_word' id='word_1_757' title='bbox 804 5080 895 5130; x_wconf 74' lang='grc' dir='ltr'>καὶ</span> <span class='ocrx_word' id='word_1_758' title='bbox 921 5080 1020 5141; x_wconf 75' lang='grc' dir='ltr'>τὰς</span> <span class='ocrx_word' id='word_1_759' title='bbox 1047 5080 1329 5148; x_wconf 81' lang='grc' dir='ltr'>ἀλκύονας,</span> <span class='ocrx_word' id='word_1_760' title='bbox 1375 5087 1468 5138; x_wconf 74' lang='grc' dir='ltr'>καὶ</span> <span class='ocrx_word' id='word_1_761' title='bbox 1526 5087 1650 5147; x_wconf 77' lang='grc' dir='ltr'>τοὺς</span> <span class='ocrx_word' id='word_1_762' title='bbox 1681 5088 1803 5155; x_wconf 86' lang='grc' dir='ltr'>φιλ-</span> 
     </span>
    </p>
   </div>
   <div class='ocr_carea' id='block_1_98' title="bbox 244 5165 1803 5244">
    <p class='ocr_par' dir='ltr' id='par_1_98' title="bbox 244 5165 1803 5244">
     <span class='ocr_line' id='line_1_98' title="bbox 244 5165 1803 5244; baseline 0.005 -27"><span class='ocrx_word' id='word_1_763' title='bbox 244 5165 564 5236; x_wconf 82' lang='grc' dir='ltr'>ανθρώπους</span> <span class='ocrx_word' id='word_1_764' title='bbox 592 5184 683 5219; x_wconf 90' lang='grc' dir='ltr'><strong>σου</strong></span> <span class='ocrx_word' id='word_1_765' title='bbox 708 5167 974 5235; x_wconf 82' lang='grc' dir='ltr'>δελφῖνας.</span> <span class='ocrx_word' id='word_1_766' title='bbox 1016 5171 1213 5239; x_wconf 83' lang='grc' dir='ltr'>’Υμνει</span> <span class='ocrx_word' id='word_1_767' title='bbox 1245 5190 1337 5225; x_wconf 90' lang='grc' dir='ltr'><strong>σου</strong></span> <span class='ocrx_word' id='word_1_768' title='bbox 1376 5177 1502 5237; x_wconf 77' lang='grc' dir='ltr'>τοὺς</span> <span class='ocrx_word' id='word_1_769' title='bbox 1545 5174 1803 5244; x_wconf 71' lang='grc' dir='ltr'>ἀνδρογύ-</span> 
     </span>
    </p>
   </div>
   <div class='ocr_carea' id='block_1_99' title="bbox 246 5255 1808 5335">
    <p class='ocr_par' dir='ltr' id='par_1_99' title="bbox 246 5255 1808 5335">
     <span class='ocr_line' id='line_1_99' title="bbox 246 5255 1808 5335; baseline 0.007 -30"><span class='ocrx_word' id='word_1_770' title='bbox 246 5273 372 5318; x_wconf 89' lang='grc' dir='ltr'>νους</span> <span class='ocrx_word' id='word_1_771' title='bbox 418 5255 719 5325; x_wconf 74' lang='grc' dir='ltr'>Τειρεσίας,</span> <span class='ocrx_word' id='word_1_772' title='bbox 776 5258 862 5311; x_wconf 85' lang='grc' dir='ltr'>ἵνα</span> <span class='ocrx_word' id='word_1_773' title='bbox 908 5258 1044 5311; x_wconf 83' lang='grc' dir='ltr'>θεῶν</span> <span class='ocrx_word' id='word_1_774' title='bbox 1088 5261 1223 5331; x_wconf 74' lang='grc' dir='ltr'>ἔριν,</span> <span class='ocrx_word' id='word_1_775' title='bbox 1255 5262 1409 5327; x_wconf 80' lang='grc' dir='ltr'>ἀξίαν</span> <span class='ocrx_word' id='word_1_776' title='bbox 1442 5266 1535 5335; x_wconf 85' lang='grc' dir='ltr'>τῆς</span> <span class='ocrx_word' id='word_1_777' title='bbox 1586 5266 1808 5318; x_wconf 81' lang='grc' dir='ltr'>ἐκείνων</span> 
     </span>
    </p>
   </div>
   <div class='ocr_carea' id='block_1_100' title="bbox 247 5345 1809 5425">
    <p class='ocr_par' dir='ltr' id='par_1_100' title="bbox 247 5345 1809 5425">
     <span class='ocr_line' id='line_1_100' title="bbox 247 5345 1809 5425; baseline 0.006 -28"><span class='ocrx_word' id='word_1_778' title='bbox 247 5345 533 5412; x_wconf 85' lang='grc' dir='ltr'>ἀσελγείας</span> <span class='ocrx_word' id='word_1_779' title='bbox 558 5346 847 5401; x_wconf 88' lang='grc' dir='ltr'>διαλύωσιν</span> <span class='ocrx_word' id='word_1_780' title='bbox 868 5365 881 5379; x_wconf 73' lang='grc' dir='ltr'><strong>ο</strong></span> <span class='ocrx_word' id='word_1_781' title='bbox 913 5350 961 5401; x_wconf 80' lang='lat' dir='ltr'><strong>oi</strong></span> <span class='ocrx_word' id='word_1_782' title='bbox 995 5352 1156 5404; x_wconf 82' lang='grc' dir='ltr'>πλέον</span> <span class='ocrx_word' id='word_1_783' title='bbox 1173 5354 1271 5423; x_wconf 82' lang='grc' dir='ltr'>τὴν</span> <span class='ocrx_word' id='word_1_784' title='bbox 1300 5354 1491 5424; x_wconf 78' lang='grc' dir='ltr'>ἡδονὴν</span> <span class='ocrx_word' id='word_1_785' title='bbox 1513 5359 1809 5425; x_wconf 74' lang='grc' dir='ltr'>ἐπιμετρη-</span> 
     </span>
    </p>
   </div>
   <div class='ocr_carea' id='block_1_101' title="bbox 250 5438 1808 5517">
    <p class='ocr_par' dir='ltr' id='par_1_101' title="bbox 250 5438 1808 5517">
     <span class='ocr_line' id='line_1_101' title="bbox 250 5438 1808 5517; baseline 0.006 -28"><span class='ocrx_word' id='word_1_786' title='bbox 250 5438 471 5507; x_wconf 83' lang='grc' dir='ltr'>σάμενοι</span> <span class='ocrx_word' id='word_1_787' title='bbox 506 5441 569 5508; x_wconf 78' lang='grc' dir='ltr'>τῇ</span> <span class='ocrx_word' id='word_1_788' title='bbox 607 5438 733 5509; x_wconf 79' lang='grc' dir='ltr'>θεῷ,</span> <span class='ocrx_word' id='word_1_789' title='bbox 764 5442 842 5504; x_wconf 87' lang='grc' dir='ltr'><strong>είς</strong></span> <span class='ocrx_word' id='word_1_790' title='bbox 881 5442 1047 5497; x_wconf 75' lang='grc' dir='ltr'>κακὸν</span> <span class='ocrx_word' id='word_1_791' title='bbox 1080 5443 1177 5514; x_wconf 82' lang='grc' dir='ltr'>τῆς</span> <span class='ocrx_word' id='word_1_792' title='bbox 1222 5447 1533 5517; x_wconf 77' lang='grc' dir='ltr'>παρρησίας</span> <span class='ocrx_word' id='word_1_793' title='bbox 1557 5448 1808 5501; x_wconf 84' lang='grc' dir='ltr'>άπώναν-</span> 
     </span>
    </p>
   </div>
   <div class='ocr_carea' id='block_1_102' title="bbox 1898 4807 3461 4876">
    <p class='ocr_par' dir='ltr' id='par_1_102' title="bbox 1898 4807 3461 4876">
     <span class='ocr_line' id='line_1_102' title="bbox 1898 4807 3461 4876; baseline -0.001 -11"><span class='ocrx_word' id='word_1_794' title='bbox 1898 4813 1963 4865; x_wconf 91' lang='lat' dir='ltr'><strong>lis</strong></span> <span class='ocrx_word' id='word_1_795' title='bbox 1988 4812 2288 4865; x_wconf 86' lang='lat' dir='ltr'><strong>fabulosum</strong></span> <span class='ocrx_word' id='word_1_796' title='bbox 2318 4808 2445 4861; x_wconf 89' lang='lat' dir='ltr'><strong>illud</strong></span> <span class='ocrx_word' id='word_1_797' title='bbox 2479 4808 2737 4861; x_wconf 88' lang='lat' dir='ltr'><strong>electrum</strong></span> <span class='ocrx_word' id='word_1_798' title='bbox 2772 4807 2978 4871; x_wconf 86' lang='lat' dir='ltr'><strong>deﬂuit,</strong></span> <span class='ocrx_word' id='word_1_799' title='bbox 3011 4822 3075 4861; x_wconf 78' lang='lat' dir='ltr'><strong>ex</strong></span> <span class='ocrx_word' id='word_1_800' title='bbox 3108 4824 3215 4876; x_wconf 92' lang='lat' dir='ltr'><strong>quo</strong></span> <span class='ocrx_word' id='word_1_801' title='bbox 3240 4820 3297 4862; x_wconf 90' lang='lat' dir='ltr'><strong>tu</strong></span> <span class='ocrx_word' id='word_1_802' title='bbox 3327 4813 3461 4864; x_wconf 89' lang='lat' dir='ltr'><strong>stul-</strong></span> 
     </span>
    </p>
   </div>
   <div class='ocr_carea' id='block_1_103' title="bbox 1902 4898 3460 4969">
    <p class='ocr_par' dir='ltr' id='par_1_103' title="bbox 1902 4898 3460 4969">
     <span class='ocr_line' id='line_1_103' title="bbox 1902 4898 3460 4969; baseline -0.001 -12"><span class='ocrx_word' id='word_1_803' title='bbox 1902 4904 2031 4957; x_wconf 71' lang='lat' dir='ltr'><strong>titiae</strong></span> <span class='ocrx_word' id='word_1_804' title='bbox 2073 4902 2285 4956; x_wconf 84' lang='lat' dir='ltr'><strong>divitias</strong></span> <span class='ocrx_word' id='word_1_805' title='bbox 2314 4900 2540 4969; x_wconf 83' lang='lat' dir='ltr'><strong>colligis.</strong></span> <span class='ocrx_word' id='word_1_806' title='bbox 2601 4898 2855 4967; x_wconf 88' lang='lat' dir='ltr'><strong>Daphnas</strong></span> <span class='ocrx_word' id='word_1_807' title='bbox 2886 4913 3099 4967; x_wconf 92' lang='lat' dir='ltr'><strong>quoque</strong></span> <span class='ocrx_word' id='word_1_808' title='bbox 3131 4914 3361 4955; x_wconf 84' lang='lat' dir='ltr'><strong>numera</strong></span> <span class='ocrx_word' id='word_1_809' title='bbox 3397 4918 3460 4956; x_wconf 86' lang='lat' dir='ltr'><strong>ac</strong></span> 
     </span>
    </p>
   </div>
   <div class='ocr_carea' id='block_1_104' title="bbox 1901 4988 3459 5062">
    <p class='ocr_par' dir='ltr' id='par_1_104' title="bbox 1901 4988 3459 5062">
     <span class='ocr_line' id='line_1_104' title="bbox 1901 4988 3459 5062; baseline -0.001 -17"><span class='ocrx_word' id='word_1_810' title='bbox 1901 4993 2182 5062; x_wconf 83' lang='lat' dir='ltr'><strong>phoenices</strong></span> <span class='ocrx_word' id='word_1_811' title='bbox 2226 5011 2237 5045; x_wconf 93' lang='lat'>:</span> <span class='ocrx_word' id='word_1_812' title='bbox 2296 4990 2551 5043; x_wconf 83' lang='lat' dir='ltr'><strong>luscinias</strong></span> <span class='ocrx_word' id='word_1_813' title='bbox 2591 5004 2653 5043; x_wconf 90' lang='lat' dir='ltr'><strong>ac</strong></span> <span class='ocrx_word' id='word_1_814' title='bbox 2696 4988 3059 5042; x_wconf 90' lang='lat' dir='ltr'><strong>hirundines:</strong></span> <span class='ocrx_word' id='word_1_815' title='bbox 3110 5003 3339 5044; x_wconf 88' lang='lat' dir='ltr'><strong>canoros</strong></span> <span class='ocrx_word' id='word_1_816' title='bbox 3367 5006 3459 5061; x_wconf 81' lang='lat' dir='ltr'><strong>cy—</strong></span> 
     </span>
    </p>
   </div>
   <div class='ocr_carea' id='block_1_105' title="bbox 1903 5080 3457 5152">
    <p class='ocr_par' dir='ltr' id='par_1_105' title="bbox 1903 5080 3457 5152">
     <span class='ocr_line' id='line_1_105' title="bbox 1903 5080 3457 5152; baseline 0.001 -15"><span class='ocrx_word' id='word_1_817' title='bbox 1903 5099 2056 5146; x_wconf 90' lang='lat' dir='ltr'><strong>cnos,</strong></span> <span class='ocrx_word' id='word_1_818' title='bbox 2088 5099 2150 5137; x_wconf 88' lang='lat' dir='ltr'><strong>ac</strong></span> <span class='ocrx_word' id='word_1_819' title='bbox 2179 5083 2447 5152; x_wconf 88' lang='lat' dir='ltr'><strong>alcyones,</strong></span> <span class='ocrx_word' id='word_1_820' title='bbox 2478 5080 2865 5149; x_wconf 90' lang='lat' dir='ltr'><strong>hominumque</strong></span> <span class='ocrx_word' id='word_1_821' title='bbox 2888 5088 3131 5135; x_wconf 88' lang='lat' dir='ltr'><strong>amantes</strong></span> <span class='ocrx_word' id='word_1_822' title='bbox 3152 5081 3457 5148; x_wconf 86' lang='lat' dir='ltr'><strong>delphinos.</strong></span> 
     </span>
    </p>
   </div>
   <div class='ocr_carea' id='block_1_106' title="bbox 1903 5169 3457 5238">
    <p class='ocr_par' dir='ltr' id='par_1_106' title="bbox 1903 5169 3457 5238">
     <span class='ocr_line' id='line_1_106' title="bbox 1903 5169 3457 5238; baseline -0.001 -11"><span class='ocrx_word' id='word_1_823' title='bbox 1903 5174 2128 5227; x_wconf 87' lang='lat' dir='ltr'><strong>Celebra</strong></span> <span class='ocrx_word' id='word_1_824' title='bbox 2158 5188 2222 5225; x_wconf 91' lang='lat' dir='ltr'><strong>ac</strong></span> <span class='ocrx_word' id='word_1_825' title='bbox 2250 5171 2404 5225; x_wconf 89' lang='lat' dir='ltr'><strong>lauda</strong></span> <span class='ocrx_word' id='word_1_826' title='bbox 2446 5179 2568 5223; x_wconf 90' lang='lat' dir='ltr'><strong>tuos</strong></span> <span class='ocrx_word' id='word_1_827' title='bbox 2604 5169 2719 5223; x_wconf 88' lang='lat' dir='ltr'><strong>illos</strong></span> <span class='ocrx_word' id='word_1_828' title='bbox 2750 5170 2981 5238; x_wconf 81' lang='lat' dir='ltr'><strong>ambigui</strong></span> <span class='ocrx_word' id='word_1_829' title='bbox 3015 5184 3178 5223; x_wconf 81' lang='lat' dir='ltr'><strong>sexus</strong></span> <span class='ocrx_word' id='word_1_830' title='bbox 3198 5169 3457 5228; x_wconf 86' lang='lat' dir='ltr'><strong>Tiresias.</strong></span> 
     </span>
    </p>
   </div>
   <div class='ocr_carea' id='block_1_107' title="bbox 1903 5260 3457 5332">
    <p class='ocr_par' dir='ltr' id='par_1_107' title="bbox 1903 5260 3457 5332">
     <span class='ocr_line' id='line_1_107' title="bbox 1903 5260 3457 5332; baseline -0.003 -15"><span class='ocrx_word' id='word_1_831' title='bbox 1903 5280 2009 5332; x_wconf 89' lang='lat' dir='ltr'><strong>quo</strong></span> <span class='ocrx_word' id='word_1_832' title='bbox 2052 5263 2276 5317; x_wconf 91' lang='lat' dir='ltr'><strong>deorum</strong></span> <span class='ocrx_word' id='word_1_833' title='bbox 2319 5262 2489 5323; x_wconf 90' lang='lat' dir='ltr'><strong>litem,</strong></span> <span class='ocrx_word' id='word_1_834' title='bbox 2536 5276 2721 5313; x_wconf 87' lang='lat' dir='ltr'><strong>eorum</strong></span> <span class='ocrx_word' id='word_1_835' title='bbox 2767 5260 2982 5329; x_wconf 85' lang='lat' dir='ltr'><strong>dignam</strong></span> <span class='ocrx_word' id='word_1_836' title='bbox 3032 5260 3238 5314; x_wconf 78' lang='lat' dir='ltr'><strong>luxuria</strong></span> <span class='ocrx_word' id='word_1_837' title='bbox 3267 5260 3457 5315; x_wconf 86' lang='lat' dir='ltr'><strong>dissol-</strong></span> 
     </span>
    </p>
   </div>
   <div class='ocr_carea' id='block_1_108' title="bbox 1905 5352 3455 5425">
    <p class='ocr_par' dir='ltr' id='par_1_108' title="bbox 1905 5352 3455 5425">
     <span class='ocr_line' id='line_1_108' title="bbox 1905 5352 3455 5425; baseline -0.002 -16"><span class='ocrx_word' id='word_1_838' title='bbox 1905 5367 2035 5410; x_wconf 87' lang='lat' dir='ltr'><strong>vant</strong></span> <span class='ocrx_word' id='word_1_839' title='bbox 2080 5374 2095 5409; x_wconf 87' lang='lat'><strong>:</strong></span> <span class='ocrx_word' id='word_1_840' title='bbox 2138 5356 2225 5425; x_wconf 86' lang='lat' dir='ltr'><strong>qui</strong></span> <span class='ocrx_word' id='word_1_841' title='bbox 2269 5354 2546 5416; x_wconf 85' lang='lat' dir='ltr'><strong>nimirum,</strong></span> <span class='ocrx_word' id='word_1_842' title='bbox 2598 5352 2738 5420; x_wconf 87' lang='lat' dir='ltr'><strong>quod</strong></span> <span class='ocrx_word' id='word_1_843' title='bbox 2777 5352 3092 5421; x_wconf 88' lang='lat' dir='ltr'><strong>ampliorem</strong></span> <span class='ocrx_word' id='word_1_844' title='bbox 3126 5352 3455 5422; x_wconf 78' lang='lat' dir='ltr'><strong>voluptatem</strong></span> 
     </span>
    </p>
   </div>
   <div class='ocr_carea' id='block_1_109' title="bbox 1906 5442 3453 5513">
    <p class='ocr_par' dir='ltr' id='par_1_109' title="bbox 1906 5442 3453 5513">
     <span class='ocr_line' id='line_1_109' title="bbox 1906 5442 3453 5513; baseline -0.002 -11"><span class='ocrx_word' id='word_1_845' title='bbox 1906 5448 2020 5502; x_wconf 66' lang='lat' dir='ltr'><strong>deae</strong></span> <span class='ocrx_word' id='word_1_846' title='bbox 2047 5447 2381 5511; x_wconf 84' lang='lat' dir='ltr'><strong>tribuissent,</strong></span> <span class='ocrx_word' id='word_1_847' title='bbox 2420 5449 2557 5499; x_wconf 87' lang='lat' dir='ltr'><strong>mala</strong></span> <span class='ocrx_word' id='word_1_848' title='bbox 2588 5444 2854 5498; x_wconf 87' lang='lat' dir='ltr'><strong>libertatis</strong></span> <span class='ocrx_word' id='word_1_849' title='bbox 2883 5443 3103 5513; x_wconf 75' lang='lat' dir='ltr'><strong>praemia</strong></span> <span class='ocrx_word' id='word_1_850' title='bbox 3132 5442 3453 5499; x_wconf 86' lang='lat' dir='ltr'><strong>retulerunt.</strong></span> 
     </span>
    </p>
   </div>
   <div class='ocr_carea' id='block_1_110' title="bbox 1508 5620 2188 5678">
    <p class='ocr_par' dir='ltr' id='par_1_110' title="bbox 1508 5620 2188 5678">
     <span class='ocr_line' id='line_1_110' title="bbox 1508 5620 2188 5678; baseline 0.003 -3"><span class='ocrx_word' id='word_1_851' title='bbox 1508 5620 1737 5677; x_wconf 69' lang='lat' dir='ltr'><strong>VARIA‘Z</strong></span> <span class='ocrx_word' id='word_1_852' title='bbox 1791 5620 2188 5678; x_wconf 82' lang='lat' dir='ltr'><strong>LECTIONES.</strong></span> 
     </span>
    </p>
   </div>
   <div class='ocr_carea' id='block_1_111' title="bbox 323 5788 835 5864">
    <p class='ocr_par' dir='ltr' id='par_1_111' title="bbox 323 5788 835 5864">
     <span class='ocr_line' id='line_1_111' title="bbox 323 5788 835 5864; baseline 0.008 -17"><span class='ocrx_word' id='word_1_853' title='bbox 323 5788 354 5833; x_wconf 67' lang='grc'><strong><em>³</em></strong></span> <span class='ocrx_word' id='word_1_854' title='bbox 393 5790 533 5864; x_wconf 84' lang='lat' dir='ltr'><strong>Lege</strong></span> <span class='ocrx_word' id='word_1_855' title='bbox 557 5797 835 5860; x_wconf 85' lang='grc' dir='ltr'>αἰνέσεως.</span> 
     </span>
    </p>
   </div>
   <div class='ocr_carea' id='block_1_112' title="bbox 492 5890 1086 5952">
    <p class='ocr_par' dir='ltr' id='par_1_112' title="bbox 492 5890 1086 5952">
     <span class='ocr_line' id='line_1_112' title="bbox 492 5890 1086 5952; baseline 0.003 -4"><span class='ocrx_word' id='word_1_856' title='bbox 492 5890 757 5952; x_wconf 48' lang='lat' dir='ltr'><strong>Puncta</strong></span> <span class='ocrx_word' id='word_1_857' title='bbox 808 5894 923 5951; x_wconf 87' lang='lat' dir='ltr'><strong>Gn.</strong></span> <span class='ocrx_word' id='word_1_858' title='bbox 968 5890 1036 5951; x_wconf 89' lang='lat' dir='ltr'><strong>Cl</strong></span> <span class='ocrx_word' id='word_1_859' title='bbox 1050 5892 1086 5950; x_wconf 91' lang='lat' dir='ltr'><strong>l.</strong></span> 
     </span>
    </p>
   </div>
   <div class='ocr_carea' id='block_1_113' title="bbox 2980 5892 3059 5957">
    <p class='ocr_par' dir='ltr' id='par_1_113' title="bbox 2980 5892 3059 5957">
     <span class='ocr_line' id='line_1_113' title="bbox 2980 5892 3059 5957; baseline 0.051 -4"><span class='ocrx_word' id='word_1_860' title='bbox 2980 5892 3059 5957; x_wconf 85' lang='grc'><strong>18</strong></span> 
     </span>
    </p>
   </div>
  </div>
