4242 6438
816 376 921 440 555

1954 370 2215 433 ΡΗΟΤΙΙ
2246 371 2747 435 PATRIARCH/‘E
2777 376 2887 439 CP.

3925 396 4039 462 556

816 492 905 545 Vis
948 488 1161 543 abunde
1202 487 1258 539 in
1308 482 1621 539 memoriam
1679 479 1934 535 reducam
1991 490 2175 534 tauros
2223 494 2371 533 mare
2402 485 2441 539 Α
2471 497 2491 531 1

2362 485 2441 539 :A
2471 497 2562 574 το.Δ
2600 480 2787 536 Βούλει
2844 501 2927 538 σοι
2980 491 3418 562 προσαναμνήσω
3477 494 3608 561 τοὺς
3664 502 4037 574 ποντοπόρους

809 584 1156 653 trajicientes,
1218 578 1436 633 misella:
1495 577 1687 646 puellae
1736 586 1921 628 amore
1986 574 2362 641 gubernante;

805 679 1095 746 longasque
1144 670 1545 742 profectiones;
1593 684 1654 721 ac
1696 668 1905 720 viarum
1946 666 2147 718 multos
2172 664 2367 716 circui-

803 782 926 832 tus,
962 780 1248 833 morasque
1296 778 1456 833 quam
1504 760 1687 830 procul
1726 757 1995 829 Olympo?
2037 756 2213 810 Taceo
2240 755 2362 808 alia.

801 859 912 913 Nec
948 862 1228 912 enimvero
1280 871 1377 926 par
1426 862 1508 908 est
1552 860 1611 905 ut
1648 850 1769 905 ﬁdei
1823 856 2121 920 unguento,
2164 846 2365 901 erroris

804 968 1017 1007 omnum
1067 949 1560 1007 commisceamus;
1610 942 1697 996 vel
1742 950 1800 995 ut
1844 938 2061 1011 pietatis
2087 939 2364 993 elucentes

803 1046 1013 1107 radios,
1058 1040 1318 1110 profunda
1367 1036 1658 1105 impietatis
1686 1033 1912 1105 caligine
1935 1032 2135 1102 probro
2165 1029 2363 1084 allicia-

802 1153 941 1193 mns.
993 1135 1331 1203 Quapropter
1374 1128 1568 1197 amplis
1596 1120 1702 1180 illis
1733 1126 1889 1194 nugis
1916 1140 1979 1178 ac
2009 1123 2204 1177 fabulis
2235 1137 2361 1192 pro-

802 1232 887 1284 cul
919 1229 1095 1280 valere
1124 1224 1307 1292 jussis,
1338 1234 1655 1287 eorumque,
1681 1217 1771 1284 qui
1797 1214 1856 1267 ea
1878 1214 2215 1267 admirantur
2236 1226 2357 1266 cum

802 1318 1087 1373 amentiam
1133 1314 1492 1371 miserantes,
1545 1319 1656 1361 tum
1705 1305 1829 1359 odio
1879 1306 2140 1358 habentes
2169 1316 2359 1371 super-

801 1414 963 1474 biam,
994 1411 1058 1463 ad
1094 1408 1325 1477 priorem
1358 1401 1615 1455 orationis
1642 1413 1859 1451 cursum
1894 1396 2212 1464 dirigantur.

874 1504 1013 1554 (illm
1047 1502 1223 1567 itaque
1252 1498 1486 1547 humano
1510 1507 1727 1561 genere,
1761 1497 2125 1559 peccatorum,
2156 1484 2355 1554 quibus

802 1610 859 1649 se
890 1594 1045 1662 primi
1082 1598 1333 1657 parentes
1362 1583 1799 1642 obstrinxissent,
1837 1580 2077 1637 victoria,
2108 1575 2352 1629 servituti

798 1688 1030 1747 addicto,
1053 1681 1227 1750 neptis
1266 1680 1446 1748 proles
1470 1690 1657 1730 eorum
1702 1673 1940 1726 futurum
1958 1670 2351 1723 destructorem

800 1781 1119 1836 subtonans,
1173 1789 1235 1827 ac
1279 1773 1509 1825 obscuro
1562 1767 1709 1821 velut
1776 1764 2025 1833 clangore
2080 1761 2347 1823 indicans,

799 1874 915 1926 fore.
949 1879 1008 1921 ut
1031 1867 1160 1921 illud
1199 1868 1499 1931 emergeret
1526 1874 1555 1912 a
1598 1856 1904 1928 tyrannide,
1932 1869 1994 1908 ac
2034 1869 2062 1905 a
2091 1854 2352 1907 servitute

796 1967 1137 2021 liberaretur,
1189 1958 1333 2011 claro
1373 1954 1526 2022 signo
1587 1949 1948 2003 monstrabat.
2011 1944 2352 2014 Quapropter

796 2056 958 2107 etiam
988 2049 1153 2101 Adam
1189 2059 1295 2099 una
1328 2058 1451 2096 cum
1477 2040 1605 2102 Eva,
1638 2040 1888 2105 antiquas
1928 2036 2043 2089 illas
2093 2035 2346 2104 praevari-

794 2144 1023 2199 cationis
1087 2140 1448 2207 depurgantes
1503 2132 1709 2194 sordes,
1758 2130 2075 2197 tristemque
2131 2142 2162 2180 a
2213 2142 2347 2181 mce-

795 2235 938 2288 stitia
978 2232 1186 2285 vultum
1212 2228 1568 2296 deponentcs,
1625 2222 1792 2274 libera
1852 2229 1965 2272 tum
2019 2232 2171 2279 voce,
2235 2226 2348 2270 tum

794 2326 954 2386 facie,
988 2322 1126 2376 lactis
1164 2318 1379 2373 choreis
1420 2313 1739 2383 virginalem
1764 2319 2030 2366 coronant
2086 2309 2347 2363 festivita-

794 2430 933 2472 tem:
962 2415 1091 2483 quin
1113 2412 1230 2480 ejus
1258 2405 1717 2478 potiusexsistunt
1745 2402 2014 2470 auspices.
2045 2399 2179 2453 Cum
2202 2399 2348 2452 cnim

802 2506 1011 2577 peccati
1045 2516 1229 2557 senem
1256 2501 1352 2554 toti
1381 2497 1635 2551 adnatum
1668 2492 1874 2563 generi,
1917 2490 2047 2544 illud
2082 2490 2346 2554 vitiasset,

794 2614 860 2651 eo
888 2594 1148 2648 radicitus
1178 2591 1498 2657 exstirpato,
1546 2585 1739 2639 merito
1770 2582 1948 2652 potius
1996 2581 2246 2652 gaudium
2284 2595 2347 2635 ac

794 2691 990 2743 choros
1019 2685 1387 2754 auspicantur,
1418 2687 1831 2744 accersantque,
1875 2689 1937 2728 ac
1985 2673 2161 2727 socios
2211 2687 2345 2726 con-

793 2788 1006 2840 vocent,
1054 2777 1335 2830 universos
1360 2771 1429 2825 ab
1459 2771 1538 2824 eis
1570 2777 1902 2837 procreatos.
1936 2766 2013 2819 Ex
2051 2781 2158 2834 quo
2186 2781 2345 2818 nam-

792 2889 896 2943 que
926 2868 1284 2941 prolapsionis
1315 2864 1621 2928 inﬁrmitas,
1652 2861 1720 2914 ab
1752 2859 1840 2921 iis,
1872 2859 1961 2927 qui
1989 2859 2150 2927 primi
2201 2873 2344 2927 pra:-

792 2962 1015 3018 varicati
1044 2966 1227 3014 essent
1255 2959 1307 3011 in
1352 2969 1541 3010 omnes
1570 2952 1840 3007 transfusa
1884 2950 2187 3013 diduxerat,
2220 2950 2345 3003 uni-

789 3056 1040 3123 versique
1086 3050 1313 3105 similem
1364 3047 1699 3103 curationem
1750 3043 2112 3097 necessariam
2162 3042 2333 3096 habe-

792 3155 1041 3217 bant;ac
1079 3146 1266 3202 mundi
1301 3144 1464 3197 totius
1481 3140 1689 3201 salutis,
1719 3138 1880 3191 hodie
1922 3134 2158 3204 Virginis
2184 3144 2341 3204 partu
2374 3171 2415 3229 ϐ

792 3254 1069 3315 ponuntur
1100 3239 1471 3295 fundamenta,
1498 3249 1678 3303 opera:
1698 3232 1933 3300 pretium
1968 3236 2080 3281 erat
2106 3237 2163 3281 ut
2191 3244 2342 3281 com-

795 3337 995 3401 munis,
1029 3349 1091 3387 ac
1122 3331 1335 3403 generis
1366 3328 1532 3382 totius
1562 3323 1985 3379 constitueretur
2024 3321 2343 3385 celebritas;

793 3437 960 3495 utque
995 3422 1179 3494 pepuli
1216 3420 1401 3481 totius,
1433 3432 1496 3471 ac
1540 3413 1830 3469 mundanis
1858 3412 2085 3479 majora,
2145 3410 2345 3480 gratia-

790 3535 911 3573 rum
944 3516 1170 3569 actionis
1240 3517 1610 3570 monumento,
1668 3504 1879 3559 cantica
1952 3509 2341 3571 pangerentur.

791 3610 973 3664 Mundi
1008 3606 1153 3661 enim
1180 3604 1344 3657 totius
1374 3600 1540 3662 salus,
1576 3594 1863 3650 mundanis
1896 3592 2131 3661 majores
2157 3590 2342 3660 exigit,

788 3720 851 3759 ac
880 3702 1125 3757 vendicat
1150 3699 1442 3770 gratiarum
1479 3694 1739 3748 actiones.

856 3797 1158 3851 Gratiarum
1182 3790 1408 3845 actionis
1470 3788 1677 3843 cantica
1727 3784 2146 3850 sulimittamus;
2196 3782 2340 3851 quod

787 3890 955 3943 Adam
989 3887 1330 3946 reformetur,
1364 3898 1424 3937 ac
1451 3882 1776 3934 instanretur
1804 3877 1909 3929 Eva
1932 3893 1947 3941 ;
1971 3876 2208 3944 diraeque
2229 3875 2341 3928 dis-

786 3978 1082 4035 solvantur,
1124 3989 1187 4028 ac
1219 3974 1511 4027 humanum
1576 3982 1767 4039 genus,
1810 3975 2078 4019 mortuam
2131 3963 2340 4033 peccati

786 4086 849 4123 ac
885 4069 1163 4139 pelliceam
1222 4079 1423 4119 exuens
1476 4074 1782 4132 personam,
1839 4058 1894 4111 in
1938 4058 2222 4126 pristinam
2273 4070 2339 4108 ac

785 4162 1058 4229 antiquam
1090 4156 1378 4210 Dominica:
1414 4152 1661 4221 imaginis
1709 4158 2045 4204 restauretur
2090 4147 2338 4218 dignita-

786 4260 914 4305 tem.
946 4248 1251 4303 Gratiarum
1293 4244 1519 4298 actionis
1578 4242 1959 4297 submittamus
1988 4238 2218 4302 cantica,
2271 4253 2335 4291 ac

783 4342 967 4412 populi
1010 4338 1247 4393 universi
1279 4336 1472 4390 choros
1498 4334 1915 4394 constituamus,
1951 4331 2094 4399 quod
2150 4330 2332 4399 Virgo,

2467 570 2721 641 ταύρους,
2754 574 2921 646 κόρης
2948 576 3247 650 δυστυχοῦς
3274 584 3684 655 οἰακιζομένους
3710 590 3871 661 ἔρωτι
3895 570 3916 626 ί

2466 662 2563 723 τὰς
2594 664 2814 734 μακράς
2849 667 3160 738 ἀποδημίας
3185 686 3198 700 °
3227 674 3321 726 καὶ
3346 675 3442 737 τὰς
3487 678 3688 742 πολλὰς
3718 685 4002 753 περιόδους
4022 706 4036 721 ·

2466 754 2677 816 καὶτὰς
2704 759 3040 828 πορρωτάτω
3069 760 3166 812 τοῦ
3208 762 3478 834 Ὀλύμπου
3522 771 3841 841 διατριϐάς;
3898 778 4039 845 σιγῶ

2462 846 2509 898 τ’
2539 846 2670 899 ἄλλα
2691 862 2706 878 '
2736 848 2856 901 οὐδὲ
2881 850 2988 922 γάρ
3017 852 3135 905 οὐδὲ
3158 859 3407 927 προσεῖχε
3440 860 3597 930 μύρῳ
3628 865 3862 931 πίστεως
3894 871 4037 925 πλά-

2464 954 2559 1006 νης
2590 942 3079 1011 συνανακρινᾶσθαι
3109 945 3362 1015 βόρϐορον
3381 965 3395 979 ·
3427 950 3459 1021 ἢ
3485 950 3581 1015 τὰς
3602 954 3699 1024 τῆς
3752 957 4038 1026 εὐσεϐείας

2462 1028 2651 1094 αὐγὰς,
2688 1029 2766 1099 τῷ
2791 1030 2947 1099 βαθεί
2978 1035 3074 1103 τῆς
3103 1036 3357 1100 ἀσεϐείας
3395 1039 3542 1110 ζόφῳ
3587 1046 4035 1117 καθυϐρίζεσθαι.

2460 1120 2550 1171 Διὸ
2570 1122 2680 1213 τοῖς
2716 1127 2944 1193 μακροῖς
2977 1126 3157 1191 ῦθλοις
3189 1131 3281 1182 καὶ
3336 1131 3525 1201 μύθοις
3587 1139 3772 1208 μακρὰ
3817 1142 4035 1213 χαίρειν

2458 1212 2720 1279 εἰπόντες,
2746 1216 2841 1267 καὶ
2866 1217 2991 1280 τοὺς
3018 1221 3386 1291 ἐπτοημένους
3418 1227 3546 1295 περὶ
3580 1229 3751 1282 ταῦτα
3782 1233 3880 1302 τῆς
3918 1212 4036 1287 ἀπα-

2462 1307 2679 1375 ρανοίας
2730 1307 3025 1373 ἐλεοῦντες,
3075 1316 3169 1366 καὶ
3220 1314 3503 1383 μισοῦντες
3547 1312 3647 1388 τῆς
3686 1321 4031 1390 ἀλαζονείας,

2457 1398 2551 1449 ἐπὶ
2578 1399 2668 1451 τὸν
2694 1399 2928 1469 ὲεαρχῆς
2956 1402 3049 1454 τοῦ
3079 1402 3240 1473 λόγου
3265 1407 3464 1477 δρόμον
3495 1411 3586 1463 καὶ
3610 1412 3673 1482 δὴ
3697 1415 4028 1486 ἰθυνώμεθα.

2528 1489 2699 1541 Πάλαι
2757 1491 3044 1561 τοιγαροῦν
3082 1494 3181 1562 τῆς
3241 1499 3587 1571 ἀνθρωπίνης
3642 1505 3856 1571 φύσεως
3916 1509 4029 1559 τῶν

2455 1583 2803 1681 προγονικῶν.
2818 1584 3040 1681 ,ἀμαρτη
3051 1586 3235 1654 μάτων
3265 1590 3342 1658 τῷ
3378 1593 3567 1661 κράττι
3596 1595 4026 1669 δεδουλωμένης,

2452 1670 2481 1719 ό
2512 1672 2608 1739 τῆς
2634 1675 2898 1741 ἀπογόνου
2926 1678 3079 1740 τόκος
3111 1679 3203 1731 τὸν
3248 1682 3580 1754 καθαιρέτην
3630 1689 3833 1742 τούτων
3883 1692 4023 1745 ὐπο-

2455 1763 2751 1828 σαλπίζων,
2780 1768 3092 1835 ἀνενεγκεῖν
3120 1772 3217 1842 τῆς
3238 1777 3549 1843 τυραννίδος
3582 1783 3673 1833 καὶ
3701 1784 4024 1855 ἀπαλλαγῆο

2458 1870 2544 1904 ναι
2575 1856 2671 1922 τῆς
2709 1856 2950 1920 δουλείας
2979 1859 3206 1931 λαμπρά
3236 1866 3528 1936 παρείχετο
3570 1872 3638 1922 τὰ
3682 1874 4023 1943 συνθήματα.

2456 1944 2546 1997 Διὸ
2584 1946 2677 1997 καὶ
2709 1946 2877 2017 Ἀδάμ
2918 1951 3012 2002 σὺν
3053 1954 3119 2023 τῇ
3152 1952 3264 2025 Εὔα
3310 1958 3435 2019 τοὺς
3479 1960 3740 2025 παλαιοὺς
3781 1967 4025 2028 ἐκείνους

2454 2036 2554 2136 της
2580 2038 2944 2136 παραϐάσεως
2972 2041 3455 2116 ἀποκαθηράμενοι
3493 2051 3825 2122 μολυσμούς,
3852 2058 4025 2109 καὶτὸ

2453 2129 2551 2194 τῆς
2570 2129 2872 2196 κατηφείας
2919 2132 3431 2205 άποσκτυασάμενοι
3475 2141 3814 2212 σκυθρωπὸν,
3870 2147 4024 2199 ἑλευο

2455 2216 2588 2288 θέρᾳ
2620 2220 2714 2272 καὶ
2738 2224 2889 2293 φωνῇ
2920 2224 3012 2276 καὶ
3044 2224 3188 2293 ὄψει,
3242 2228 3342 2299 τὴν
3398 2233 3731 2304 παρθενικὴν
3757 2254 4022 2306 χοροστα-

2453 2310 2602 2364 τοῦσι
2643 2315 2949 2385 πανήγυριν
2998 2319 3313 2387 χαίροντες·
3350 2323 3550 2392 μᾶλλον
3594 2326 3685 2389 δὲ,
3736 2334 4022 2399 κορυφαῖοι

2452 2402 2653 2473 ταύτης
2705 2405 3121 2476 καθεστηκότες.
3158 2410 3236 2462 Δι’
3262 2404 3337 2465 ὦν
3384 2414 3489 2484 γὰρ
3530 2418 3561 2484 ὴ
3612 2417 3709 2485 τῆς
3743 2419 4023 2489 ἁμαρτίας

2453 2495 2630 2563 σπορά
2657 2494 2763 2564 ὅλῳ
2786 2501 3134 2565 παραφυεὴα
3181 2498 3258 2570 τῷ
3288 2502 3456 2569 γένει,
3486 2504 3581 2557 καὶ
3631 2507 3788 2561 τοῦτο
3835 2510 4021 2563 νοθεύι

2453 2605 2593 2641 σασα
2612 2604 2624 2618 ’
2645 2583 2787 2641 οὗτοι
2812 2592 3007 2659 μᾶλλον
3035 2593 3237 2661 ταύτης
3275 2597 3770 2668 ἀπορριξουμένης,
3814 2604 4021 2673 κατάρ-

2450 2695 2566 2772 χειν
2596 2678 2696 2749 τῆς
2722 2681 2917 2750 χαρᾶς,
2949 2680 3044 2733 καὶ
3076 2682 3176 2752 τῆς
3209 2681 3585 2772 χοροστασίας,
3633 2691 3727 2743 κα)⁵
3758 2695 4018 2765 μετέρχεο

2452 2769 2596 2835 σθαι,
2626 2772 2723 2823 καὶ
2750 2772 3041 2841 συγκαλεῖν
3060 2776 3189 2838 τοὺς
3236 2769 3297 2841 ἐξ
3322 2778 3497 2831 αὐτῶν
3528 2785 3854 2850 πεφυκότας,
3879 2804 3983 2856 τυγ
4008 2818 4019 2829 -

2454 2862 2675 2932 χάνουσι
2699 2863 2917 2919 δίκαιοι.
2968 2866 3075 2919 Καὶ
3108 2867 3216 2938 γὰρ
3255 2869 3345 2923 διά
3389 2873 3604 2926 πάντων
3637 2877 3733 2945 μὲν
3772 2877 3878 2931 ἀπὸ
3902 2880 4019 2932 τῶν

2448 2954 2678 3023 πρώτως
2707 2956 3194 3027 παραϐεϐηκότων,
3223 2961 3318 3013 τοῦ
3339 2963 3438 3032 τῆς
3458 2968 3870 3035 παραπτώσεως
3907 2972 4014 3042 ἀρ-

2453 3048 2806 3117 ρωστήματος
2860 3050 3255 3120 μεταῤῥυέντος
3278 3068 3292 3082 ⁸
3340 3056 3560 3109 πάντων
3610 3057 3666 3110 δὲ
3692 3062 3791 3129 τῆς
3819 3063 4014 3130 όμοίας

2449 3140 2741 3210 θεραπείας
2770 3141 3160 3211 ὲπιδεομένωνο
3203 3145 3299 3215 τῆς
3339 3146 3395 3199 δὲ
3436 3151 3778 3219 παγκοσμίου
3828 3169 4012 3223 σωτη-

2450 3233 2570 3301 ρῐας
2600 3234 2838 3303 σήμερον
2861 3233 2938 3302 τῷ
2965 3234 3063 3305 τῆς
3092 3236 3369 3306 Παρθένου
3394 3238 3537 3309 τόκῳ
3559 3241 4010 3315 θεμελιουμένης,

2447 3324 2629 3393 κοινὴν
2672 3325 2770 3392 μὲν
2796 3324 2891 3376 καὶ
2920 3327 3165 3397 παγγενῆ
3198 3331 3439 3398 προσῆκε
3495 3332 3866 3402 συστήσασθαι
3906 3336 4009 3404 τὴν

2446 3415 2783 3485 πανήγυριν*
2830 3414 3143 3485 δημοτελεῖς
3197 3418 3253 3471 δὲ
3290 3421 3387 3472 καὶ
3450 3422 3854 3494 ὐπερκοσμίους
3905 3427 4007 3490 τάς

2444 3509 2895 3581 εὐχαριστηρίους
2942 3510 3084 3581 ᾠδὰς
3114 3512 3585 3585 ἀνακρούσασθαι·
3638 3520 4005 3589 ὐπερκόσμιον

2442 3599 2548 3670 γὰρ
2576 3600 2796 3654 ἀπαιτεῖ
2814 3601 2911 3673 τὴν
2931 3604 3304 3674 εὐχαριστίαν,
3340 3607 3401 3660 τὸ
3424 3608 3522 3679 τῆς
3551 3611 3824 3680 σωτηρίας
3860 3629 4005 3680 παγ-

2442 3692 2685 3761 κόσμιον.

2524 3783 2957 3856 ’Δναπέμψωμεν
3013 3787 3458 3859 εὐχαριστηρίους
3507 3790 3668 3861 ᾠδάς,
3702 3793 3785 3846 ὅτι
3827 3795 4001 3867 ’Δδὰμ

2440 3876 2856 3943 ἀναπλάττεται,
2888 3881 3034 3950 καὶή
3064 3878 3175 3933 Εὔα
3194 3883 3597 3947 ἀνακαινίζεται
3616 3922 3631 3947 ,
3672 3886 3765 3939 καὶ
3799 3889 3830 3955 ἡ
3886 3890 3999 3958 ἀρὰ

2437 3966 2739 4021 διαλύεταιο
2775 3971 2868 4023 καί
2890 3973 2923 4041 ἡ
2956 3971 3114 4040 φύσις
3144 3974 3300 4043 ἡμῶν
3344 3974 3403 4025 τὸ
3457 3977 3647 4045 νεκρὸν
3684 3978 3781 4047 τῆς
3812 3980 3997 4051 ἀμαρ-

2436 4059 2554 4121 τίας
2583 4061 2676 4111 καὶ
2708 4060 3026 4131 δερμάτινον
3053 4063 3429 4135 ἀποδυσαμένη
3475 4067 3784 4137 πρόσωπον,
3809 4072 3902 4124 ἐπὶ
3932 4074 3997 4127 τδ

2436 4150 2660 4220 ἀρχαῖον
2688 4152 2784 4221 τῆς
2810 4154 3145 4222 Δεσποτικῆς
3166 4156 3369 4220 εἰκόνος
3390 4158 3799 4229 ἀναμορφοῦται
3827 4165 3996 4231 ἀξίω-

2439 4259 2533 4311 μα.
2572 4242 3003 4315 ’Δναπέμψωμεν
3048 4246 3498 4318 εὐχαριστηρίους
3549 4249 3721 4319 ᾠδὰς,
3770 4254 3865 4306 καὶ
3900 4274 3993 4327 χο-

2438 4334 2560 4401 ροὺς
2600 4335 2913 4404 πανδήμους
2943 4336 3355 4406 συστησώμεθα,
3378 4339 3461 4392 ὅτι
3514 4340 3728 4394 κόλπων
3779 4343 3995 4412 ἀγόνων

781 4435 848 4488 ab
887 4430 1176 4486 infecundo
1198 4430 1317 4482 sinu
1346 4426 1615 4497 prodiens,
1678 4434 1883 4476 natura:
1914 4422 2130 4475 vulvam
2202 4420 2334 4474 infe-
2436 4424 2456 4475 Ι

2315 4449 2334 4461 -
2436 4424 2706 4493 Παρθένος
2734 4426 3145 4497 προκύπτουσα,
3170 4428 3267 4499 τὴν
3288 4430 3482 4497 ἄγονον
3533 4433 3746 4504 μήτραν
3775 4435 3990 4504 ἁγιάζει

780 4527 1009 4580 cunilam
1036 4520 1354 4582 sanctiﬁcet,
1395 4517 1622 4585 ejusque
1651 4514 2008 4576 sterilitatem,
2044 4511 2111 4565 ad
2161 4510 2329 4564 virtu-
2363 4504 2404 4559 ί)
2431 4534 2455 4568 τ

2317 4539 2329 4549 -
2363 4504 2404 4559 θ
2431 4516 2531 4585 τῆς
2561 4516 2791 4586 φύσεως,
2824 4521 2905 4582 εἰς
2937 4520 3146 4589 ἀρετῶν
3173 4523 3478 4592 εὐκαρπίαν
3500 4526 3559 4577 τὸ
3584 4527 3784 4596 ταύτης
3820 4530 3992 4601 ἀκαρ-

782 4628 894 4669 tnm
924 4617 1117 4667 uberes
1147 4611 1353 4663 fructus
1386 4606 1716 4661 exstimulet.
1763 4602 1969 4668 Quibus
2018 4602 2164 4655 enim
2211 4601 2333 4655 uni-

780 4722 1059 4764 versorum
1097 4703 1324 4757 Domino
1355 4715 1418 4753 ac
1446 4697 1713 4768 agricolae,
1743 4695 2158 4765 purissimorum
2206 4707 2331 4747 san-

780 4802 1003 4871 guinum
1078 4795 1280 4850 rivulos
1326 4794 1391 4847 ad
1445 4806 1635 4845 massa:
1688 4789 1855 4843 totius
1915 4787 2078 4840 arida:
2138 4785 2332 4853 irriga-

783 4896 980 4945 tionem
1008 4885 1401 4946 commodavit;
1436 4884 1500 4937 iis
1538 4881 1733 4935 merito
1773 4879 2067 4934 feracitatis
2117 4875 2335 4930 benedi-

779 4987 1013 5039 ctionem
1056 4980 1269 5048 recipit.
1296 4975 1450 5030 Scala
1477 4976 1532 5029 in
1562 4974 1757 5029 cmlum
1782 4972 2089 5026 subvehens
2117 4977 2332 5037 coapta-

783 5088 867 5131 tur
908 5088 1232 5140 terrenaque
1278 5078 1469 5124 natura
1503 5082 1632 5122 suos
1678 5068 1791 5135 ipsa
1834 5064 2095 5118 terminos
2142 5060 2330 5131 praesi-

778 5170 934 5229 liens,
968 5169 1021 5219 in
1055 5166 1301 5219 ccelestes
1329 5161 1640 5216 mansiones
1667 5156 2011 5212 transfertur.
2050 5153 2329 5207 Dominica

777 5260 935 5313 sedes
968 5257 1020 5309 in
1054 5266 1196 5309 terra
1230 5263 1468 5323 paratur,
1510 5261 1843 5318 terrenaque
1894 5246 2321 5309 sanctiﬁcantur,

777 5367 840 5405 ac
869 5349 1163 5403 caelestium
1196 5346 1416 5399 ordines
1454 5342 1734 5396 nobiscum
1786 5347 2225 5410 congregantur;
2267 5338 2330 5391 il-

778 5443 990 5509 liusque
1021 5450 1275 5506 nequam,
1310 5450 1375 5487 ac
1406 5433 1496 5501 qui
1524 5446 1621 5485 nos
1645 5430 1881 5500 primum
1912 5427 2143 5497 decepit,
2203 5424 2328 5479 fuit-

776 5549 880 5602 que
913 5539 1101 5584 auctor
1142 5528 1459 5582 insidiarum
1507 5525 1744 5578 humano
1773 5522 2068 5592 positarum
2120 5518 2323 5588 generi,

776 5625 912 5678 dolis
934 5624 1050 5690 ejus
1082 5636 1143 5675 ac
1170 5619 1535 5674 molitionibus
1563 5614 2036 5680 evanescentibus,
2076 5610 2313 5683 potentia

777 5714 1062 5769 colliditur.

2434 4624 2534 4660 πον
2554 4609 2993 4680 ὲγκεπρίζουσα.
3028 4610 3106 4662 Δι’
3150 4604 3224 4664 ὧν
3246 4612 3355 4683 γὰρ
3391 4612 3471 4682 τῷ
3500 4616 3741 4687 Δεσπότῃ
3773 4619 3991 4672 πάντων

2435 4701 2526 4752 καὶ
2554 4700 2803 4770 γεωργῷ,
2828 4699 2895 4752 τά
2920 4700 3025 4752 τῶν
3048 4702 3333 4772 ἀκράντων
3369 4703 3539 4773 αὐτῆς
3586 4708 3831 4776 αἱμάτων
3876 4713 3990 4780 ρεῖ-

2434 4790 2537 4860 θρα
2558 4792 2638 4853 εἰς
2672 4790 2890 4860 ἀρδείαν
2940 4792 3062 4844 ὅλου
3119 4793 3619 4863 καταξηρανθέντος
3646 4797 3845 4869 ἔχρησε
3896 4802 3990 4856 τοῦ

2433 4880 2785 4950 φυράματος,
2835 4881 3042 4945 τούτοις
3088 4883 3310 4947 εἰκότως
3340 4890 3434 4937 καὶ
3479 4886 3578 4956 τῆς
3615 4892 3992 4961 καρποφορεας

2431 4974 2678 5042 εὐλογίαν
2730 4974 3066 5045 ἀναδέχεται.
3137 4977 3202 5029 Ἦ
3233 4978 3435 5048 κλίμαξ
3466 4982 3499 5050 ἠ
3556 4980 3690 5048 πρὸς
3728 4983 3992 5053 οὐρανοὺς

2430 5068 2775 5139 ἀναφέρουσα
2800 5069 3208 5139 καταρτίζεται,
3242 5072 3337 5124 καὶ
3379 5074 3412 5141 ἡ
3458 5074 3634 5142 γεηρά
3677 5074 3837 5143 φύσις
3882 5078 3993 5131 τῶν

2429 5161 2640 5213 οἰκείων
2662 5162 2801 5231 ὅρων
2828 5161 3261 5233 ὐπεραλλομένη,
3287 5164 3422 5234 πρὸς
3457 5165 3552 5228 τάς
3584 5166 3868 5235 οὐρανίους
3892 5188 3989 5237 μο-

2428 5251 2525 5315 νὰς
2548 5252 2889 5315 ἐνοικίζεται.
2925 5253 2984 5306 '0
3007 5254 3329 5317 Δεσποτικὸς
3356 5256 3543 5326 θρόνος
3579 5256 3670 5309 ἐπὶ
3707 5260 3810 5328 γῆς
3854 5260 3992 5312 ἑτοι-

2432 5344 2685 5413 μάζεται,
2718 5345 2811 5397 καὶ
2847 5343 2916 5397 τὰ
2966 5345 3184 5413 ἐπίγεια
3244 5348 3563 5415 ἁγιάζεται·
3612 5349 3706 5402 καὶ
3761 5350 3830 5403 τά
3882 5352 3991 5404 τῶν

2428 5438 2668 5508 οὐρανῶν
2700 5439 2732 5507 ἡ
2742 5440 2831 5507 μίν
2858 5437 3280 5506 συναγελάξεται
3305 5439 3557 5507 τάγματα
3582 5455 3595 5469 ο
3645 5439 3736 5491 καὶ
3766 5442 3794 5492 ὁ
3820 5458 3988 5509 πονη-

2430 5532 2543 5602 ρὸς,
2571 5530 2661 5583 καὶ
2696 5530 2925 5601 πρώτως
2944 5532 3089 5601 ἡμᾶς
3114 5532 3418 5601 ἀπατήσας,
3449 5530 3539 5583 καί
3568 5530 3663 5597 τῆς
3684 5530 3806 5583 καθ’
3832 5531 3990 5600 ἡμῶν

2428 5617 2723 5687 ἐπιϐουλῆς
2749 5619 3086 5689 ἀρχιτέκτων
3125 5620 3439 5689 γενόμενος,
3489 5618 3594 5671 τῶν
3621 5619 3788 5673 δόλων
3821 5621 3987 5674 αὐτοῦ

2427 5713 2523 5765 καὶ
2563 5711 2668 5763 τῶν
2691 5711 3102 5783 μηχανημάτων
3132 5710 3643 5783 ὑποσαθρουμένων,
3692 5712 3792 5785 τὴν
3837 5713 3989 5786 ἰσχὺν

2428 5801 2833 5873 περιθραύεται.
