4242 6438
266 406 375 472 557

1050 402 1375 464 HOMILIA
1418 403 1468 462 Ι.
1505 426 1574 437 -
1604 401 1683 462 ΙΝ
1727 403 1831 462 SS.
1873 403 2136 463 MARI/E
2176 401 2715 463 NATIVITATEM.

3407 410 3509 471 558

340 520 436 585 Τίς
467 519 674 589 ίσχύσει
704 516 839 571 Θεοῦ
867 515 1140 586 θαυμάσια
1164 513 1524 584 διηγήσασθαι
1550 531 1565 579 ;
1598 515 1753 577 Ποῖος
1784 514 1841 566 δὲ
1871 523 1919 578 Α

1831 532 1841 566 :
1871 523 1919 578 Α
2020 512 2156 579 Quis
2188 512 2283 566 Dei
2314 513 2580 567 mirabilia
2613 528 2869 571 enarrare
2898 515 3137 586 poterit?
3162 515 3293 582 Quis
3326 529 3506 575 autem

264 613 424 680 λόγος
449 612 713 683 έκφράσει
746 610 816 663 τά
846 610 985 681 ὑπὲρ
1016 608 1189 676 λόγων
1213 608 1312 677 τὴν
1338 606 1566 676 δύναμιν
1589 624 1603 671 ;
1638 607 1760 669 Πῶς
1787 605 1844 658 δὲ

264 704 394 767 νοῦς
425 704 566 765 άπας
596 704 656 755 οὐ
688 704 975 773 ναρκήσει,
1007 698 1084 769 τῷ
1123 698 1344 768 μεγέθει
1366 698 1475 749 τῶν
1500 697 1676 764 ἔργων
1704 714 1844 766 συμ-

266 796 734 866 παρατεινόμενος
755 792 851 862 τὴν
887 789 1212 858 κατάληψινς
1246 788 1487 841 Ἔπλασε
1513 789 1604 840 τὺν
1632 786 1843 856 ἄνθρω-

264 906 372 941 πον
401 888 683 957 καταρχὰς
712 888 738 938 ὁ
762 884 913 947 Θεὸς,
943 883 1134 952 ἀφάτῳ
1177 880 1586 952 φιλανθρωπίας
1630 878 1845 948 πλούτῳ

265 977 588 1047 κινούμενος
612 993 625 1007 ο
659 973 837 1045 χειρὸς
870 974 1076 1034 οἰκείας
1112 973 1359 1041 πλάσμα,
1400 972 1493 1024 καὶ
1524 972 1708 1025 εἰκόνα
1746 971 1844 1039 φέ-

268 1087 391 1141 ρειν
422 1063 734 1139 χαριτὼσας
758 1065 851 1117 τοῦ
884 1063 1189 1126 πλάσαντος
1213 1079 1227 1092 ·
1254 1056 1328 1114 ὧν
1356 1064 1417 1113 τὸ
1440 1063 1537 1131 μὲν
1563 1063 1662 1132 τῆς
1710 1078 1846 1133 σαρ-

266 1163 388 1225 κὸς.
428 1161 490 1212 τὶ)
544 1159 598 1211 δὲ
640 1157 733 1211 τοῦ
791 1158 1101 1226 πνεύματος
1140 1155 1311 1208 ἐδίδου
1344 1155 1534 1225 δηλοῦν
1566 1155 1662 1225 τὴν
1684 1154 1845 1222 εὐγέο

267 1267 422 1301 νειαν
443 1264 455 1276 ·
488 1246 813 1317 παράδεισος
843 1246 898 1296 δὲ
928 1249 1116 1314 χρῆμα
1141 1243 1376 1314 τερπνὸν
1402 1244 1498 1296 καὶ
1522 1242 1843 1314 ἐπέραστον,

269 1343 415 1396 κατὰ
446 1340 736 1399 unum;
756 1336 1082 1404 πεφύτευτο,
1096 1333 1372 1405 λειμώνων
1396 1336 1493 1403 μὲν
1512 1334 1848 1405 άμαράντοις

270 1432 714 1499 καταπνεόμενος
765 1429 987 1482 ἄνθεσι·
1045 1427 1226 1496 φυτῶν
1273 1427 1329 1479 δὲ
1362 1429 1593 1496 καρποῖς
1627 1426 1847 1497 ὡραίοις

271 1526 370 1578 καὶ
394 1520 748 1582 παντοδαποῖς
778 1518 1238 1587 ἐνευθηνούμενος
1257 1534 1271 1546 °
1301 1519 1393 1569 xui.
1424 1518 1661 1585 ποταμοὶ⁵
1692 1518 1846 1587 μέσοι

274 1618 515 1685 ῥέοντες,
545 1615 640 1666 καὶ
677 1612 908 1681 καθαρῷ
964 1611 1043 1681 τῷ
1077 1611 1278 1682 ῥείθρῳ
1324 1610 1385 1662 τὸ
1433 1610 1722 1680 πρόσωπον
1751 1611 1847 1663 τοῦ

273 1706 461 1759 πεδίου
502 1702 956 1774 καταρδεύοντες,
1009 1702 1292 1771 ἀμήχανόν
1355 1718 1477 1751 τινα
1525 1699 1620 1752 τοῦ
1649 1700 1846 1769 χωρίου

271 1804 375 1872 τὴν
397 1801 705 1868 ὡραιότητα
736 1796 1155 1859 κατεσκεύαζον.
1198 1795 1285 1847 Ἐν
1318 1794 1492 1862 τούτῳ
1516 1796 1615 1862 τῆς
1637 1796 1847 1845 Δεσποο

1948 621 2128 661 sermo
2175 621 2238 660 ea
2296 606 2549 675 explicet,
2611 621 2735 675 quae
2799 608 2907 661 vim
2961 616 3129 662 totam
3191 626 3506 666 sermonum

1947 697 2256 753 excedunt?
2292 698 2395 763 Qui
2434 712 2565 751 vero
2597 699 2813 752 animus
2843 714 2953 753 non
2980 701 3286 770 obtorpeat,
3325 703 3393 757 ad
3424 720 3508 757 re-

1946 805 2067 844 rum
2144 789 2593 860 magnitudinem,
2666 791 3210 860 comprehensionem
3278 804 3507 849 conten-

1947 882 2120 938 dens?
2144 881 2285 936 Deus
2320 897 2350 934 a
2380 881 2648 951 principio
2681 882 2935 936 formavit
2985 882 3284 947 hominem,
3311 886 3500 941 ineffa-

1946 973 2153 1065 bilihug
2198 971 2541 1041 impensioris
2598 972 2653 1025 in
2721 972 3017 1027 humanum
3082 990 3253 1045 genus
3309 978 3509 1031 amoris

1944 1066 2152 1121 divitiis
2190 1074 2498 1136 permotus;
2544 1072 2771 1119 suasmet
2819 1065 3136 1133 ﬁgmentum
3184 1082 3399 1134 manus,
3445 1086 3510 1126 ac

1948 1157 2159 1216 lictori.
2206 1158 2440 1227 largiens
2475 1158 2617 1211 ferre
2651 1156 2938 1227 imaginem
2968 1174 2983 1211 :
3017 1174 3247 1228 quorum
3279 1162 3511 1216 alterum

1948 1251 2127 1305 carnis
2153 1290 2170 1317 ,
2202 1250 2429 1303 alterum
2452 1249 2675 1318 spiritus
2700 1249 3048 1304 manifestare
3071 1250 3234 1306 dabat
3261 1254 3511 1323 ingenui-

1952 1349 2138 1393 tatem.
2169 1339 2335 1392 Porro
2364 1340 2670 1408 paradisus,
2703 1354 2791 1393 res
2814 1340 3153 1396 delectabilis
3198 1358 3262 1397 ac
3310 1346 3511 1400 amoris

1948 1432 2131 1501 plena,
2166 1430 2232 1484 ad
2262 1430 2540 1485 Orientem
2570 1432 2841 1499 plantatus
2870 1440 3019 1498 erat;
3048 1448 3208 1501 quem
3228 1446 3509 1503 pratorum

1949 1523 2423 1576 immarcessibiles
2473 1521 2632 1576 flores
2671 1522 3004 1591 perflarent;
3056 1524 3402 1593 pulchrique.
3448 1543 3512 1581 ac

1950 1613 2223 1683 omnigeni
2248 1614 2502 1669 arborum
2540 1612 2750 1667 fructus
2792 1614 2946 1683 copia
2982 1614 3253 1680 ditarent;
3294 1633 3358 1671 ac
3408 1617 3512 1670 flu-

1951 1706 2097 1759 mina
2139 1705 2773 1767 niedium'decurrentia,
2808 1704 3150 1774 limpidisque
3194 1708 3347 1776 aquis
3411 1709 3511 1763 soli

1950 1798 2141 1851 faciem
2183 1794 2483 1867 irrigantia,
2528 1798 2793 1849 immenso
2840 1797 3075 1866 quodam
3105 1799 3300 1853 decore
3346 1816 3513 1869 auge-

270 1892 437 1960 τικῆς
476 1890 735 1959 παλάμης
783 1891 811 1941 ὁ
845 1888 1091 1956 πλάστης
1146 1888 1515 1954 ἐγκατοικίζει
1549 1888 1610 1940 τὸ
1638 1887 1846 1956 φιλοτέ-
1881 1874 1924 1929 Β

1836 1918 1846 1927 -
1881 1874 1924 1929 Β
1954 1898 2096 1942 rent.
2150 1888 2205 1940 In
2249 1904 2314 1940 eo
2354 1888 2526 1951 ﬁctor,
2554 1887 2849 1943 Dominica:
2900 1905 3093 1944 manus
3132 1901 3249 1945 arte
3289 1908 3511 1962 compo-

272 2003 377 2054 χνη
388 2001 482 2054 μα·
516 1984 733 2036 πάντων
767 1982 866 2051 μὲν
891 1982 1169 2050 Δεσπότην
1196 1982 1694 2049 καταστησάμενος·
1717 1981 1848 2032 πᾶσι

272 2079 335 2131 δὲ
388 2079 501 2138 τοῖς
557 2074 779 2143 ἀγαθοῖς
834 2075 1081 2143 ἀφθόνως
1149 2074 1326 2138 δείξας
1400 2074 1846 2144 περιρρεόμενον.

281 2172 518 2223 Ἔπειτα
575 2169 631 2222 δὲ
678 2169 924 2222 σύνοικον
974 2170 1038 2220 ἐκ
1078 2169 1319 2238 πλευρᾶς
1376 2168 1657 2235 άφράστου
1687 2168 1849 2220 τόκου

280 2264 683 2333 μαιευσάμενος
743 2263 1112 2331 ὑπεστήσατο,
1173 2261 1258 2313 ἴνα
1309 2261 1368 2326 ἐξ
1417 2253 1586 2329 οὗπερ
1616 2259 1846 2327 ἐλήφθη,

277 2355 522 2426 κεφαλὴν
546 2353 787 2424 γινώσκῃ
820 2354 911 2405 τὸν
962 2354 1305 2413 δανείσαντα,
1348 2352 1439 2403 καὶ
1482 2350 1614 2419 πρὸς
1647 2352 1850 2402 ἐκεῖνον

276 2448 544 2516 ἀφορῶσα
578 2446 687 2516 εἴη.
725 2444 1152 2512 συλλογιζομένη
1198 2442 1258 2494 τὸ
1299 2441 1599 2510 ὑπόχρεον·
1642 2442 1736 2493 καὶ
1776 2440 1852 2510 τῷ

282 2539 566 2608 συνδέσμῳ
597 2537 697 2606 τῆς
736 2536 971 2604 φύσεως,
1006 2535 1034 2586 ό
1056 2534 1154 2603 τῆς
1188 2532 1437 2603 ὁμονοίας
1466 2532 1650 2594 αὐτοῖς
1682 2532 1853 2600 ἐμπο-

278 2631 545 2685 λιτεύοιτο
580 2629 899 2698 σύνδεσμος.

364 2722 528 2776 Ἀλλά
558 2738 622 2791 γε
650 2722 868 2774 πάντων
904 2720 1012 2773 τῶν
1042 2720 1101 2774 ἐν
1131 2718 1448 2789 παραδείσῳ
1472 2720 1570 2788 τὴν
1615 2716 1853 2769 ἀπόλαυ-

285 2834 370 2870 σιν
404 2817 501 2869 καὶ
551 2815 874 2867 δεσποτείαν
919 2815 1303 2884 χαρισάμενος,
1345 2813 1572 2881 ἐπείπερ
1621 2810 1728 2862 ἔδει
1760 2810 1855 2862 καὶ

282 2910 471 2979 ἐντολῇ
522 2926 629 2961 τινι
688 2906 1199 2976 παιδαγωγηθῆναι,
1249 2905 1345 2957 καὶ
1388 2904 1853 2972 ὲγγυμνασθῆναι,

281 3004 372 3054 τὸν
400 2999 731 3071 τηλικαύτης
760 2999 855 3051 καὶ
879 2997 1151 3066 τοσαύτης
1191 2994 1438 3059 ἐξουσίας
1485 3009 1855 3046 καταπιστευ-

284 3096 448 3146 θέντα
474 3095 535 3145 τὸ
562 3092 810 3162 μέγεθος,
834 3089 1079 3159 εἰσφέρει
1108 3090 1271 3157 νόμον
1302 3086 1470 3157 αὐτῷ,
1502 3086 1623 3139 καθ’
1651 3087 1709 3139 ὃν
1731 3084 1854 3138 οὔτε

285 3185 525 3255 χαλεπὸν
552 3181 1071 3252 έμπολιτεύσασθαι,
1100 3179 1221 3233 οὕτε
1260 3182 1456 3250 ῥᾷστον
1484 3178 1656 3231 διόλου
1687 3178 1854 3245 φυλά-

285 3275 481 3340 ξασθαι
508 3290 522 3303 ⁸
552 3272 618 3325 δι’
638 3266 713 3325 ὧν
740 3272 800 3323 τό
830 3287 894 3337 γε
923 3268 1211 3339 ἔμμισθον,
1246 3268 1278 3337 ἢ
1305 3269 1363 3320 τὸ
1403 3268 1655 3320 ὑπόδικον
1684 3268 1850 3338 ἑϐρα-

282 3367 498 3419 6εύετο.
531 3350 701 3417 Φῦτὸν
736 3364 845 3431 γάρ
874 3378 925 3413 τι
946 3360 1055 3412 τῶν
1096 3360 1402 3412 ἀνθούντων
1441 3359 1748 3430 ὡραιότητα
1776 3360 1853 3429 τῷ

284 3459 430 3526 λόγῳ
459 3455 568 3508 τῶν
602 3454 775 3506 ἄλλων
823 3451 1244 3521 ἀφορισάμενος,
1297 3448 1488 3501 τούτου
1539 3450 1613 3518 μὴ
1664 3452 1855 3517 φαγεῖν

287 3547 454 3618 μόνου
477 3547 573 3616 τὴν
604 3545 822 3614 ἐντολὴν
852 3544 1112 3614 παρεῖχεν
1139 3539 1633 3604 άποθεσπίζουσαν.
1656 3541 1856 3610 Θηρίον

284 3640 342 3690 δὲ
392 3635 629 3706 πονηρὸν
678 3634 774 3687 καὶ
831 3632 1162 3701 ἀρχέκακον,
1197 3628 1256 3680 ὃν
1312 3630 1346 3697 ἡ
1386 3627 1583 3695 πρᾶξις
1613 3626 1858 3678 διάϐολον

286 3728 663 3797 ἐπωνόμασεν,
719 3724 778 3787 ἐξ
826 3723 995 3791 αὐτῆς
1025 3720 1275 3780 πλάσεως
1326 3717 1737 3786 ὲποφθαλμίσας
1766 3716 1856 3767 τὸν

286 3820 599 3891 ἄνθρωπον,
639 3816 781 3885 άλλφ
814 3813 990 3883 θηρίῳ
1020 3812 1128 3864 τῶν
1161 3810 1437 3880 ἑρπόντων
1484 3807 1699 3878 ὀργάνῳ
1722 3822 1858 3877 χρη-

289 3914 546 3981 σαμενος,
578 3908 671 3961 καὶ
700 3910 769 3977 τῇ
799 3904 1018 3974 γυναικὶ
1042 3900 1451 3969 προσομιλήσας
1476 3896 1737 3964 ἐπαγωγὰ
1764 3894 1859 3948 καὶ

289 4005 605 4075 θελκτήρια,
634 4002 728 4055 καὶ
759 4001 893 4053 πολὺ
926 3999 1022 4051 τοῦ
1050 3997 1342 4067 νομοθέτου
1373 3993 1783 4053 κατασκεδάσας
1796 3990 1858 4043 τὸ

291 4098 634 4165 βλάσφημον,
675 4092 850 4146 πείθει
878 4092 976 4161 τὴν
1000 4093 1256 4159 γυναῖκα,
1314 4089 1406 4140 καὶ
1438 4087 1506 4138 δι’
1556 4087 1725 4155 αὐτῆς
1768 4082 1858 4136 τὸν

290 4188 555 4257 ὁμόζυγα,
597 4186 694 4255 τῆς
751 4184 848 4251 μὲν
881 4184 1103 4252 ἐντολῆς
1146 4179 1616 4249 κατολιγωρῆσαιο
1666 4176 1860 4244 φαγεῖν

285 4282 345 4333 δὲ
371 4274 433 4333 οὗ
459 4279 532 4349 μὴ
557 4280 751 4345 φαγεῖν
765 4275 1130 4328 ὲτεθέσπιστο.
1156 4274 1219 4326 Οί
1240 4271 1315 4333 δὲ,
1337 4271 1451 4337 ἃμα
1476 4286 1533 4322 τε
1561 4268 1622 4321 τὸ
1634 4284 1861 4337 προστα-

292 4372 419 4440 χθὲν
436 4369 817 4439 ὑπερέϐαινον,
860 4368 953 4419 καὶ
977 4367 1194 4419 πάντων
1224 4365 1331 4416 τῶν
1349 4363 1702 4432 χαρισμάτων
1723 4360 1862 4422 διεξ-

291 4464 541 4514 έπιπτον·
570 4460 706 4529 ὅπερ
736 4453 804 4527 ἦν
830 4456 907 4526 τῷ
939 4454 1343 4509 ἐπιϐουλεύοντι
1393 4450 1735 4517 σπούδασμα.
1769 4449 1862 4509 Ei;

1951 1980 2115 2034 situm
2139 1980 2371 2033 collocat
2394 1995 2560 2048 opus;
2610 1981 2992 2034 universorum
3048 1983 3265 2051 quidem
3307 1986 3512 2039 consti-

1953 2080 2110 2124 tuens
2167 2072 2479 2137 Dominum;
2552 2073 2928 2142 bonorumque
3000 2075 3241 2128 omnium
3307 2077 3511 2132 aliatim

1953 2164 2282 2218 allluentiam
2315 2165 2578 2218 tribuens.
2611 2166 2746 2218 Tum
2765 2181 2895 2220 vero
2912 2167 3220 2238 conjugem,
3254 2169 3511 2225 ineﬂahili

1952 2263 2108 2325 partu
2158 2256 2345 2309 lateris
2385 2256 2772 2310 obstetricatus
2798 2258 3071 2324 produxit,
3128 2269 3186 2313 ut
3226 2277 3371 2324 eum,
3420 2262 3512 2331 qui

1953 2348 2005 2402 id
2034 2349 2449 2413 commodasset,
2486 2363 2551 2401 ex
2582 2364 2692 2417 quo
2720 2347 2914 2403 fuisset
2951 2360 3186 2419 sumpta,
3218 2361 3381 2421 caput
3405 2353 3513 2407 sei-

1952 2444 2055 2497 ret,
2100 2452 2163 2490 ac
2191 2437 2433 2491 debitum
2467 2448 2728 2507 reputans
2756 2439 2810 2491 in
2836 2439 2992 2494 illum
3022 2440 3321 2510 aspiceret;
3350 2453 3515 2497 natu-

1954 2544 2133 2598 raeque
2185 2530 2421 2595 vinculo,
2479 2531 2783 2584 concordiae
2838 2531 2992 2600 ipsis,
3043 2533 3319 2589 individua
3388 2536 3515 2591 vita:

1955 2622 2233 2685 societate,
2271 2622 2547 2676 vinculum
2572 2632 2869 2677 constaret.

2024 2715 2314 2778 Caeterum,
2344 2729 2467 2767 cum
2493 2714 2749 2771 omnibus
2785 2714 2839 2767 in
2860 2712 3111 2784 paradiso
3142 2718 3335 2787 positis
3378 2734 3517 2775 con-

1954 2807 2210 2862 cessisset
2240 2807 2368 2873 frui,
2400 2822 2464 2861 ac
2488 2807 2869 2862 universorum
2900 2809 3143 2864 dominio
3170 2812 3365 2881 potiri;
3387 2815 3515 2883 quia

1955 2904 2117 2958 etiam
2153 2910 2424 2970 praecepto
2451 2901 2653 2956 erudiri
2669 2901 2975 2971 oportebat,
3007 2919 3073 2957 ac
3091 2905 3333 2960 exerceri
3364 2922 3513 2970 eum,

1955 2994 2042 3048 cui
2076 2994 2198 3047 talis
2232 3007 2295 3046 ac
2339 3000 2501 3046 tantae
2542 2995 2826 3061 potestatis
2855 2995 3169 3064 magnitudo
3209 2998 3515 3053 concredita

1954 3094 2120 3150 esset,
2155 3085 2260 3138 fert
2292 3084 2341 3137 ei
2377 3084 2570 3153 legem,
2614 3099 2646 3137 e
2678 3087 2836 3151 cujus
2876 3088 3107 3148 ratione,
3150 3102 3251 3142 nec
3299 3088 3517 3144 difficile

1956 3176 2243 3230 admodum
2277 3175 2399 3228 vita:
2444 3176 2682 3228 rationes
2730 3192 3096 3244 componere;
3140 3194 3244 3233 nec
3291 3182 3517 3236 omnino

1954 3270 2111 3323 facile
2144 3283 2398 3330 servare;
2429 3266 2626 3335 quibus
2657 3274 2770 3320 tum
2802 3270 3105 3335 praemium,
3148 3280 3261 3324 tum
3302 3286 3515 3340 poenam

1953 3361 2204 3413 mercede
2265 3367 2616 3429 proponeret.
2672 3359 2937 3413 Arborem
2998 3376 3234 3430 namque
3291 3364 3520 3432 pulchra

1954 3457 2239 3502 venustate
2299 3448 2576 3501 florentem
2631 3464 2881 3503 sermone
2931 3449 2999 3503 ah
3041 3451 3161 3505 aliis
3206 3468 3513 3523 segregans.

1954 3550 2283 3610 praeceptum
2313 3540 2487 3609 ponit,
2518 3555 2627 3609 quo
2674 3556 2781 3594 una
2821 3542 2924 3596 hac
2965 3544 3108 3597 vesci
3144 3545 3516 3612 prohibeatur.

1956 3631 2091 3685 Mala
2138 3641 2318 3685 autem
2358 3632 2555 3695 bestia,
2596 3648 2660 3686 ac
2688 3634 2815 3686 mali
2866 3634 3077 3688 auctrix
3119 3652 3135 3688 :
3176 3636 3378 3690 diaboli
3420 3653 3517 3690 co-

1955 3739 2187 3790 gnomen
2247 3724 2388 3777 actio
2462 3724 2656 3777 tribuit
2696 3740 2710 3777 :
2752 3725 2823 3778 ab
2876 3725 2992 3795 ipsa
3040 3726 3353 3783 conditione
3396 3728 3519 3783 livi-

1956 3815 2041 3868 dis
2107 3815 2278 3869 oculis
2329 3816 2598 3884 aspiciens
2674 3818 2975 3884 hominem,
3034 3820 3245 3890 aliaque
3309 3821 3378 3876 de
3428 3838 3519 3876 re-

1957 3906 2168 3973 ptilium
2222 3921 2420 3975 genere
2476 3907 2646 3961 bestia
2691 3924 2894 3977 organo
2962 3920 3143 3973 utens,
3197 3912 3515 3982 blandaque

1958 4012 2022 4050 ac
2059 3997 2354 4051 mulcentia
2380 4013 2501 4051 cum
2524 3999 2748 4053 muliere
2776 4001 3064 4065 collocuta,
3099 4002 3263 4071 inque
3300 4003 3518 4072 legisla-

1960 4095 2132 4139 torem
2207 4085 2430 4140 multam
2489 4103 2750 4158 spargens
2816 4089 3240 4160 blasphemiam,
3302 4096 3515 4150 mulieri

1960 4177 2172 4242 suadet,
2222 4193 2286 4231 ac
2323 4194 2421 4247 per
2462 4195 2581 4233 eam
2630 4182 2870 4251 conjugi,
2908 4192 2969 4236 ut
2992 4194 3254 4253 spernant
3291 4188 3515 4255 quidem

1961 4280 2311 4337 praeceptum,
2352 4269 2517 4324 edant
2548 4286 2679 4326 vero
2706 4273 2773 4326 de
2801 4274 2995 4328 arbore
3049 4274 3117 4329 de
3158 4291 3264 4345 qua
3301 4293 3371 4332 ne
3427 4293 3521 4332 co-

1963 4359 2243 4413 mederent
2270 4361 2536 4415 sancitum
2594 4372 2729 4417 erat.
2765 4364 2934 4418 Porro
2985 4366 3082 4431 illi,
3118 4384 3240 4421 mox
3270 4378 3329 4423 ut
3377 4386 3518 4439 prat-

1964 4460 2180 4519 ceptum
2232 4454 2551 4521 transgressi
2620 4465 2825 4517 essent,
2887 4457 3025 4511 dona
3068 4474 3283 4529 quoque
3336 4464 3517 4515 omnia

291 4549 451 4604 ⁶εοίἰτο
466 4548 575 4619 γὰρ
599 4549 747 4618 αὐτῷ
786 4548 1007 4616 σύμπαν
1034 4544 1437 4599 κατεσκεύαστο
1460 4544 1519 4595 τὸ
1541 4543 1857 4613 μηχάνημαο
1894 4566 1940 4623 D
1964 4582 1966 4590 λ

1844 4556 1857 4570 ο
1894 4566 1940 4623 ο
1964 4542 2395 4611 amisere;quod
2430 4545 2616 4613 utique
2657 4548 2909 4614 ponentis
2957 4549 3181 4604 insidias
3232 4553 3516 4607 consilium

288 4642 592 4696 κάντεῦθεν
650 4642 755 4693 άπὸ
788 4641 895 4692 τῶν
932 4640 1211 4709 προγόνων
1253 4640 1331 4698 εἰς
1384 4638 1507 4699 τοὺς
1558 4633 1857 4702 ἀπογόνους

293 4733 803 4803 κατασπειρομένου
833 4730 927 4784 τοῦ
978 4728 1447 4801 παραπτώματος,
1470 4728 1589 4780 ὅλον
1610 4726 1770 4795 ἡμῶν
1801 4724 1860 4775 τὸ

292 4827 450 4895 γένος
478 4827 505 4877 ὁ
534 4824 919 4886 ὲπιὸουλεύσας
948 4823 1052 4876 ὑπὸ
1094 4825 1252 4892 χεῖρα
1285 4817 1397 4889 εἶχε
1432 4820 1857 4888 δουλωσάμενος.

365 5021 433 5073 Τί
459 5020 504 5072 δ’
527 5019 619 5074 οὖν
669 5021 698 5072 ὁ
746 5019 990 5088 πλάστης
1036 5019 1129 5071 καὶ
1158 5017 1441 5086 κηδεμών;
1472 5012 1582 5086 ἆρα
1612 5016 1862 5084 παρεῖδεν

293 5116 375 5178 είς
400 5114 554 5177 τέλος
578 5113 638 5165 τὸ
671 5112 897 5181 πλάσμα
918 5110 1428 5181 ταλαιπωρούμενον
1448 5149 1462 5171 ,
1493 5110 1587 5161 καὶ
1627 5110 1862 5178 τοσαύτῃ

295 5206 474 5276 πλάνῃ
509 5204 888 5273 βυθιζόμενον,
946 5203 1039 5256 καὶ
1094 5202 1436 5271 καθεκάστην
1489 5203 1601 5262 τοῖς
1638 5199 1861 5252 πάθεσιν

294 5294 854 5365 ἁνδραποδιζόμενονς
880 5294 953 5347 Οὐ
985 5294 1084 5362 μὲν
1105 5289 1219 5346 οὖν.
1249 5293 1369 5355 Πῶς
1404 5294 1512 5362 γὰρ
1550 5294 1686 5362 ὅπερ
1716 5292 1863 5359 φιλο-

292 5386 621 5455 τιμούμενος
677 5386 930 5449 ἔπλασεν,
963 5385 1206 5456 ἠνέσχετ’
1242 5385 1305 5437 ἂν
1358 5386 1529 5453 ἡδέως
1574 5386 1706 5453 ὁρᾷν
1741 5384 1863 5435 συλ-

297 5478 516 5545 ειγωγού
526 5494 681 5545 μενον
698 5478 791 5529 καὶ
812 5477 1160 5545 πλανώμενον
1179 5494 1193 5542 ;
1216 5477 1304 5529 Διὸ
1320 5477 1455 5545 πρὸς
1482 5477 1680 5545 ἑαυτὴν
1709 5477 1804 5544 μὲν
1826 5478 1858 5545 ἡ

298 5571 397 5639 τῆς
428 5570 652 5639 Τριάδος
680 5570 887 5637 ἑνότης,
911 5570 959 5621 εί
992 5569 1149 5636 θέμις
1183 5571 1377 5632 εἰπεῖν,
1408 5569 1813 5637 ἑκκλησιάσασα
1842 5585 1854 5597 ·

297 5661 456 5727 θέμις
479 5661 535 5713 δὲ
564 5662 722 5714 τοῦτο
749 5663 928 5728 λέγειν
958 5663 1053 5714 ἐπὶ
1103 5662 1200 5731 τῆς
1232 5661 1606 5723 ἀναπλάσεως,
1656 5664 1738 5713 ὃτι
1768 5662 1860 5713 καὶ

295 5751 380 5816 τὸ,
430 5752 777 5820 Ποιήσωμεν
816 5753 1128 5819 ἄνθρωπον
1163 5754 1287 5805 κατ’
1335 5754 1537 5807 εἰκόνα
1573 5754 1863 5821 ἡμετέραν

298 5844 394 5896 καί
430 5845 732 5913 ὁμοίωσιν,
755 5846 845 5897 ἐπὶ
872 5843 970 5914 τῆς
994 5843 1241 5908 πλάσεως
1272 5845 1519 5915 εἴρηται·
1566 5844 1642 5914 τῷ
1680 5846 1861 5915 ένιαίῳ

1965 4645 2100 4688 erat.
2131 4634 2188 4687 ln
2219 4650 2341 4687 eum
2372 4651 2609 4705 namque
2635 4637 2795 4691 finem
2833 4648 2941 4692 tota
2972 4642 3179 4695 molitio
3212 4654 3519 4711 comparata

1960 4734 2113 4777 erat:
2149 4724 2379 4793 indeque
2408 4741 2438 4778 a
2471 4726 2769 4794 majoribus
2807 4727 2862 4781 in
2888 4739 3119 4799 nepotes
3168 4732 3520 4787 disseminata

1961 4815 2420 4883 praevaricatione,
2476 4818 2788 4871 universum
2826 4819 3126 4875 humanum
3176 4836 3349 4892 genus
3394 4828 3514 4878 sub-

1958 4907 2164 4975 jectum
2190 4907 2568 4977 captivumque
2596 4908 2877 4965 insidiator
2906 4913 3147 4967 tenebat.

2031 5019 2169 5084 Quid
2201 5035 2327 5088 ergo
2376 5019 2528 5073 fictor
2580 5025 2945 5092 curatorque?
2985 5024 3120 5078 Num
3155 5024 3208 5078 in
3242 5026 3426 5091 ﬁnem,
3468 5027 3521 5080 in

1964 5110 2234 5163 miseriam
2259 5112 2568 5180 prolapsum
2599 5114 2802 5182 sprevit
2828 5115 3164 5184 figmentum,
3197 5116 3359 5186 inque
3389 5118 3523 5171 tanti

1964 5203 2163 5255 erroris
2194 5202 2462 5269 profundo
2504 5204 2834 5269 demersum,
2873 5222 2937 5259 ac
2968 5208 3212 5276 quotidie
3254 5209 3524 5277 passioni-

1964 5294 2066 5348 hus
2094 5295 2355 5363 malisque
2387 5296 2790 5365 mancipatum?
2823 5297 3040 5353 Minime
3069 5299 3331 5369 gentium.
3376 5301 3524 5365 Quo-

1966 5388 2127 5440 modo
2155 5386 2297 5439 enim
2326 5386 2471 5454 quod
2498 5388 2782 5457 magnifice
2804 5389 3157 5454 condidisset,
3189 5390 3381 5445 lubens
3402 5406 3527 5460 spo—

1968 5478 2085 5532 liari
2112 5485 2273 5546 atque
2300 5492 2485 5531 errare
2517 5478 2709 5532 videns
2747 5479 3130 5534 sustinuisset?
3166 5481 3525 5545 Quamobrem

1967 5568 2374 5636 apudseipsam
2408 5568 2624 5637 quidem
2657 5584 2824 5623 sacrae
2856 5570 3068 5624 Triadis
3108 5572 3321 5635 Unitas,
3355 5581 3415 5625 ut
3445 5572 3524 5627 fas

1969 5662 2037 5714 sit
2088 5660 2159 5713 ita
2189 5660 2354 5727 loqui.
2397 5670 2723 5714 conventum
2759 5678 2923 5731 agens
2956 5682 2969 5716 :
3002 5679 3165 5731 porro
3205 5666 3339 5718 nihil
3372 5665 3526 5719 nefas

1967 5755 2145 5807 dicere
2194 5753 2245 5805 in
2283 5757 2649 5816 recreatione,
2689 5755 2906 5821 quando
2948 5755 3108 5809 etiam
3155 5757 3208 5809 in
3252 5756 3526 5811 creatione

1966 5847 2096 5901 illud
2131 5846 2333 5901 dictum
2375 5856 2477 5901 est:
2522 5846 2795 5901 Faciamus
2830 5848 3089 5901 hominem
3133 5850 3203 5901 ad
3244 5849 3525 5919 imaginem
