4242 6438
762 388 865 451 559

1921 380 2181 442 ΡΗΟΤΙΙ
2220 379 2720 440 ΡΑΤΒΙΑΒΕΙΙίῈ
2758 382 2867 442 CP.

3901 382 4010 447 560

762 514 807 557 et
829 499 1205 555 similitudincn
1231 506 1461 552 nostram
1481 500 1529 531 "
1561 516 1576 552 :
1599 496 1791 551 eodem
1810 538 1825 560 ,
1849 510 1911 550 ac
1943 494 2202 565 singulari
2232 509 2327 548 vo-
2354 494 2404 554 Α

2425 496 2524 563 τῆς
2554 493 2777 563 γνώμης
2803 493 3126 564 βουλήματι,
3170 495 3269 565 τὴν
3292 495 3596 550 ἀνάπλασιν
3632 495 3728 548 τοῦ
3785 515 4009 570 συντρι-

762 593 987 648 Iuntatis
1024 592 1287 652 consilio,
1324 590 1624 644 reformare
1672 588 1818 658 quod
1849 588 2143 642 contritum
2182 595 2333 654 erat,

766 687 1078 753 ﬁgmentum
1106 682 1410 736 constituit.
1430 682 1527 735 llla
1550 690 1734 734 autem
1766 698 1778 733 :
1804 679 1960 734 valde
1988 679 2185 749 quippe
2206 676 2339 733 επε-

768 783 941 827 ratum
971 788 1035 826 ac
1059 770 1356 825 desolatum
1387 778 1503 824 erat
1520 769 1814 822 humanum
1845 780 2039 836 genus,
2067 765 2209 836 quod
2241 779 2339 818 ne-

766 882 869 933 que
903 864 1088 927 minis,
1107 878 1287 933 neque
1312 860 1509 931 pinnis,
1534 875 1710 929 neque
1731 860 1959 930 legibus,
1989 874 2090 912 nec
2117 856 2339 911 monitis

769 956 1152 1025 prophetarum
1184 951 1370 1007 reduci
1406 950 1709 1021 potuisset;
1746 949 2021 1003 hominem
2060 946 2339 1015 quaerebat

767 1049 1010 1117 ejusdem
1047 1046 1329 1099 nobiscum
1358 1050 1665 1099 consortem
1698 1050 1909 1095 natura
1929 1080 1942 1100 .
1979 1039 2033 1093 in
2062 1052 2173 1108 quo
2203 1038 2337 1108 legis

772 1142 891 1195 lata:
957 1139 1359 1194 observantiam
1432 1135 1578 1191 nulla
1643 1132 2087 1204 praavaricatione
2152 1132 2338 1186 liceret

770 1233 1109 1301 perspicere;
1139 1246 1248 1300 quo
1282 1230 1578 1282 humanum
1616 1227 1754 1281 idem
1788 1240 1989 1294 genus,
2020 1224 2222 1292 quibus
2254 1223 2335 1277 sui

772 1321 984 1391 generis
1020 1320 1296 1372 hominem
1318 1321 1478 1371 vitam
1503 1317 1873 1370 instituentem
1907 1315 2147 1379 videret,
2183 1330 2339 1367 eum-

774 1415 893 1467 dem
933 1413 1109 1481 ipsum
1162 1412 1498 1473 imitaretur;
1535 1420 1699 1478 utque
1719 1410 1837 1477 ipso
1868 1424 1933 1462 eo
1957 1448 1971 1471 ,
2006 1408 2092 1460 cui
2128 1409 2337 1462 inachi-

775 1519 965 1556 narum
999 1503 1291 1555 instructor
1324 1501 1585 1553 adversus
1618 1514 1718 1553 nos
1742 1500 2019 1553 victoriam
2061 1509 2337 1568 acceptant

777 1594 1044 1647 referebat
1065 1633 1080 1656 ,
1102 1592 1339 1661 legitima
1359 1592 1580 1645 victoria
1600 1606 1663 1643 ac
1686 1591 2336 1660 certamineprolligatus,

774 1686 1015 1739 dominio
1045 1684 1284 1738 caderet.

845 1776 986 1846 Ergo
1026 1791 1193 1830 unum
1253 1776 1485 1844 aliquem
1534 1791 1565 1830 e
1597 1775 1865 1829 Trinitate
1900 1774 2187 1844 oportebat
2222 1774 2339 1827 ﬁeri

778 1866 1054 1920 hominem
1083 1906 1097 1930 ,
1133 1879 1195 1919 ut
1227 1866 1381 1934 cujus
1416 1874 1533 1918 erat
1566 1863 1817 1917 formatio
1839 1904 1853 1926 ,
1886 1877 1949 1916 ac
1980 1877 2118 1931 Opus
2142 1902 2157 1926 ,
2191 1860 2338 1928 ejus—
2368 1850 2415 1909 Β

777 1962 897 2011 dem
920 1959 1193 2011 videretur
1210 1972 1329 2010 esse
1358 1955 1673 2009 reformatio
1703 1970 1766 2008 ac
1788 1953 2109 2007 instauratio
2134 1951 2337 2021 operis.

777 2051 931 2104 lllum
963 2064 1123 2117 porro
1148 2048 1371 2101 omnino
1398 2046 1682 2114 oportebat
1703 2045 1756 2095 in
1787 2053 1927 2097 terra
1957 2043 2127 2095 ﬁlium
2154 2041 2341 2110 appel-

779 2139 914 2203 lari,
984 2152 1088 2189 nec
1142 2150 1433 2203 supernam
1484 2143 1665 2187 tamen
1731 2131 1933 2200 violare
1985 2130 2340 2201 dignitatem,

777 2230 869 2298 qui
903 2229 970 2282 ab
992 2238 1192 2281 aeterno
1212 2228 1313 2280 hoc
1338 2226 1537 2294 pariter
1563 2231 1730 2285 esset,
1748 2238 1813 2277 ac
1840 2222 2171 2276 laudaretur.
2200 2221 2343 2275 Cen-

778 2320 884 2373 seri
937 2329 1115 2372 autem
1164 2321 1304 2370 inter
1336 2317 1473 2369 ﬁlios
1517 2315 1796 2367 hominum
1848 2313 2183 2382 impossibile
2229 2320 2345 2366 erat

780 2414 983 2480 absque
1028 2409 1420 2463 incarnatione.
1460 2405 1763 2460 lncarnatio
1800 2406 1983 2463 enim.
2020 2406 2103 2459 via
2152 2414 2237 2458 est
2277 2404 2345 2458 ad

780 2504 1227 2573 generationem:
1281 2500 1560 2570 generatio
1599 2514 1760 2563 vero,
1815 2498 2223 2567 conceptionis.
2282 2511 2345 2550 ac

781 2595 967 2665 gestati
992 2595 1129 2647 uteri
1151 2592 1415 2645 terminans
1435 2598 1517 2643 est
1542 2606 1554 2642 :
1578 2604 1808 2657 cumque
1834 2589 1920 2641 illa
1952 2590 2345 2658 complectatur

782 2696 1011 2739 matrem
1039 2723 1054 2747 ,
1099 2684 1217 2753 ejus
1249 2682 1441 2735 merito
1479 2682 1929 2749 praeparationem
1963 2681 2111 2734 velut
2148 2680 2345 2733 funda-

782 2791 967 2833 mento
991 2777 1183 2846 prmire
1216 2776 1371 2845 petit.
1401 2773 1526 2827 Erat
1552 2774 1732 2842 itaque
1762 2773 1968 2826 ﬁctoris
1997 2774 2346 2842 praeparanda

784 2877 959 2921 mater
978 2909 991 2931 ,
1020 2882 1127 2935 quo
1156 2866 1236 2920 sic
1263 2865 1635 2933 reﬁngeretur,
1660 2863 1802 2933 quod
1829 2863 2163 2917 confractum
2191 2872 2344 2929 erat,

784 2971 1011 3024 eamque
1035 2956 1305 3025 Virginem
1324 2970 1445 3008 esse
1484 2954 1808 3024 oportebat,
1841 2963 1900 3008 ut
1946 2954 2088 3008 sicut
2138 2956 2347 3024 primus

787 3050 949 3103 homo
998 3066 1029 3102 e
1064 3057 1204 3101 terra
1244 3047 1451 3115 virgine
1497 3047 1654 3101 ﬁctus
1712 3046 1914 3109 fuerat,
1957 3046 2035 3100 sic
2083 3061 2147 3100 ex
2188 3047 2347 3101 vulva

785 3139 991 3207 virgine
1026 3151 1165 3189 nova
1200 3136 1393 3189 iterum
1424 3136 1570 3189 ﬁctio
1599 3137 1851 3190 ederetur
1872 3177 1886 3201 ,
1918 3144 2081 3205 atque
2110 3144 2167 3188 ut
2204 3137 2346 3191 nulla

786 3244 1008 3300 prorsus
1059 3227 1351 3298 voluptatis
1390 3227 1720 3292 insinuatio,
1772 3227 1858 3281 vel
1909 3226 1953 3281 si
1997 3243 2059 3281 ea
2108 3229 2347 3298 legitima

788 3324 964 3387 foret,
994 3323 1046 3376 in
1072 3322 1343 3377 Creatoris
1371 3330 1523 3391 partu
1559 3321 1967 3390 intelligeretur.
1998 3321 2207 3391 Quippe
2232 3331 2351 3375 erat

788 3412 1075 3482 voluptatis
1130 3412 1409 3481 captivus,
1456 3426 1615 3480 quem
1668 3411 1922 3464 Dominus
1963 3421 2022 3465 ut
2065 3412 2347 3475 liberaret,

788 3505 937 3558 nasci
982 3505 1242 3559 voluerat.
1303 3502 1591 3556 Enimvero
1629 3519 1874 3572 quaenam
1913 3506 2150 3575 mysterii
2190 3508 2351 3575 digna

790 3599 857 3649 sit
895 3612 1015 3650 esse
1050 3596 1330 3650 ministra?
1359 3596 1613 3660 Quanam
1654 3596 1815 3664 digna
1853 3595 1986 3650 ellici
2020 3597 2113 3651 Dei
2143 3597 2311 3652 Mater
2332 3637 2348 3662 ,

790 3706 850 3745 ac
877 3690 924 3743 ei
947 3690 1287 3743 commodare
1305 3704 1526 3743 carnem
1552 3731 1567 3755 ,
1595 3691 1648 3743 in
1669 3690 1826 3759 cujus
1855 3691 2105 3744 universa
2129 3706 2352 3745 censen-

791 3793 879 3837 tur
921 3783 1156 3837 divitiis?
1185 3783 1441 3848 Quaanam
1476 3799 1605 3854 ergo
1634 3784 1837 3855 digna?
1866 3784 1968 3839 nisi
2015 3785 2204 3854 utique
2235 3785 2351 3840 haec

790 3891 911 3945 qua:
949 3875 1211 3929 miraculo
1258 3875 1417 3929 hodie
1473 3890 1540 3929 ex
1579 3873 1825 3929 Joachim
1895 3890 1959 3929 ac
2014 3876 2184 3928 Annae
2233 3891 2353 3945 ger-

792 3968 962 4021 minat
999 3967 1290 4021 infecunda
1335 3965 1556 4021 radice?
1590 3968 1748 4036 cujus
1794 3967 1930 4020 laetis
1967 3967 2177 4038 gaudiis
2207 3968 2351 4022 diem

793 4060 1135 4113 celebramus
1186 4059 1456 4124 natalem;
1510 4074 1573 4114 ac
1618 4060 1775 4127 cujus
1838 4069 2061 4128 partus,
2116 4061 2357 4131 mysterii

794 4150 1054 4215 maximi,
1110 4150 1314 4214 Verbi,
1376 4152 1629 4220 inquam,
1693 4152 1745 4203 in
1802 4166 1968 4205 carne
2013 4152 2352 4217 nativitatis,

794 4244 1119 4296 miraculum
1145 4242 1405 4296 inchoat:
1437 4243 1594 4310 cujus
1631 4243 1870 4311 denique
1899 4243 2091 4314 gratia,
2127 4243 2356 4298 celebris

796 4333 887 4388 hic
917 4333 1081 4387 totius
1128 4333 1309 4402 populi
1350 4348 1655 4396 concursu,
1714 4349 1977 4403 sacerque
2006 4335 2241 4389 indictus
2274 4344 2357 4389 est

796 4439 861 4479 ac
885 4434 1106 4479 coactus
1134 4434 1459 4478 conventus.

866 4518 1163 4588 Oportebat
1192 4519 1335 4573 enim
1360 4558 1376 4583 ,
1415 4520 1577 4589 plane
1604 4522 1887 4590 oportebat
1928 4532 1987 4576 ut
2013 4538 2095 4587 ea,
2138 4537 2259 4591 quat
2283 4522 2351 4577 ab
2383 4519 2425 4574 D

798 4609 930 4677 ipsis
977 4608 1295 4673 cunabulis,
1342 4618 1550 4663 castum
1579 4624 1777 4680 corpus
1798 4650 1814 4676 ,
1847 4620 2049 4666 castam
2085 4613 2354 4679 animam;

798 4710 974 4754 castas
1014 4700 1250 4768 denique
1283 4700 1642 4771 cogitationes
1674 4717 1855 4771 ,supra
1888 4720 2048 4773 quam
2091 4706 2358 4761 sermonis

798 4792 851 4844 vi
873 4791 1099 4860 exprimi
1125 4799 1312 4860 queat,
1338 4793 1985 4858 conscrvasset,Fictoris
2016 4794 2183 4849 Mater
2217 4812 2357 4865 pra:-

799 4884 1181 4936 destinaretur.
1234 4881 1531 4952 Oportebat
1573 4893 1632 4938 ut
1658 4900 1778 4954 qua:
1802 4900 1832 4938 a
1863 4901 2033 4955 puero
2072 4886 2127 4939 in
2161 4887 2359 4955 templo

805 4974 981 5026 oblata
1012 4981 1174 5036 esset,
1210 4973 1432 5043 locaque
1461 4975 1733 5030 inaccessa
1760 4985 2116 5045 penetrasset,
2146 4978 2354 5030 anima-

802 5074 912 5118 tum
938 5066 1056 5133 ejus
1081 5066 1339 5134 templum
1367 5066 1460 5134 qui
1491 5065 1760 5121 indiderat
1781 5067 2040 5131 animam,
2066 5071 2354 5137 conspice-

801 5168 968 5212 retur.
1002 5157 1297 5226 Oportebat
1342 5169 1401 5212 ut
1426 5174 1566 5228 qua,
1601 5174 1739 5213 nova
1770 5174 1833 5212 ac
1866 5160 2081 5214 insolita
2114 5162 2354 5226 ratione,

801 5252 869 5302 ab
916 5249 1218 5304 inlecundis
1265 5250 1463 5304 lumbis
1507 5260 1631 5305 nata
1672 5253 1994 5321 prodiisset,
2041 5263 2355 5320 parentum-

800 5358 906 5411 que
947 5342 1203 5411 probrum
1247 5343 1596 5410 abstulisset,
1638 5360 1863 5399 avorum
1893 5361 2108 5415 quoque
2143 5347 2355 5400 ruinam

800 5437 1144 5489 instauraret.
1189 5434 1376 5513 Neptis
1399 5436 1546 5491 enim
1584 5438 1849 5507 majorum
1886 5439 2068 5493 habuit
2105 5454 2357 5508 reparare

806 5540 989 5579 casum
1018 5569 1031 5591 ,
1058 5526 1270 5596 generis
1300 5528 1629 5582 Salvatorem
1658 5538 1815 5598 partu
1839 5529 1940 5583 viri
1961 5529 2143 5583 nescio
2168 5530 2356 5591 edens,

817 5635 878 5674 ac
921 5636 1043 5672 eum
1100 5636 1296 5690 corpus
1358 5622 1608 5677 inducns.
1672 5622 1959 5691 Oportebat
2030 5632 2087 5676 ut
2135 5638 2253 5691 quae
2303 5639 2359 5677 se

912 5825 953 5853 ⁹⁰
995 5822 1129 5875 Gen.
1171 5838 1209 5885 ι,
1244 5821 1332 5875 '26.

2437 586 2627 649 ϐέντος
2658 585 2920 639 διετίθετο
2947 586 3287 657 πλάσματος.
3323 588 3388 641 Ἦ
3416 588 3471 641 δὲ
3503 587 3915 660 (χαλεπῶς,γάρ
3945 592 4011 644 τὸ

2436 676 2771 742 ἀνθρώπινον
2800 676 3105 748 ἐξηγρίωτο
3129 680 3226 733 καὶ
3271 680 3595 752 ἐξηρήμωτο
3619 722 3634 746 ,
3684 682 3808 735 οὔτε
3848 686 4010 736 ἀπειο

2435 766 2573 829 λαῖς,
2603 766 2725 820 οὔτε
2757 773 2987 835 ποιναῖς,
3016 770 3139 823 οὔτε
3168 771 3374 840 νόμοις,
3403 772 3526 824 οὔτε
3570 774 3882 843 προφήταις
3910 778 4011 825 επ-

2435 860 2789 928 αναγόμενον)
2810 860 3093 931 ἄνθρωπον
3112 863 3293 933 ἐζήτει
3318 866 3416 935 τῆς
3440 863 3610 934 αὐτῆς
3626 867 3755 934 ἡμῖν
3776 865 4011 937 λαχόντα

2436 950 2671 1019 φύσεως,
2704 955 2762 1007 ἐν
2866 956 2963 1023 τῆς
2994 957 3315 1025 νομοθεσίας
3345 960 3468 1029 ἐνῆν
3494 959 3621 1009 ίδεῖν
3651 958 4011 1029 ἀπαράϐατον

2434 1041 2532 1111 τὴν
2556 1045 2884 1114 συντήρησιν
2905 1064 2916 1076 ·
2942 1046 3017 1109 ὡς
3043 1048 3108 1099 ἂν
3134 1047 3247 1117 ἔχοι
3274 1065 3331 1100 τε
3355 1049 3415 1100 τὸ
3438 1048 3775 1119 ἀνθρώπινον
3804 1045 3883 1113 οἷς
3905 1052 4013 1120 ὁρᾷ

2435 1134 2494 1187 τὸ
2515 1137 2773 1204 ὁμογενὲς
2796 1140 3229 1207 πολιτευόμενον,
3256 1143 3383 1209 ὲκμι
3393 1142 3609 1210 μεῖσθαι
3629 1144 3688 1194 τὸ
3711 1144 4007 1213 ὁμόφυλον·

2437 1228 2531 1279 καὶ
2562 1228 2647 1279 ἵνα
2685 1227 2752 1279 δι’
2778 1223 2839 1279 οὗ
2871 1230 2931 1281 τὸ
2959 1230 3080 1282 καθ’
3124 1232 3284 1301 ήμῶν
3311 1233 3530 1301 κράτος,
3575 1234 3602 1286 ό
3630 1234 3729 1296 τὰς
3762 1236 4012 1304 μηχανὰς

2440 1321 2751 1390 ραψάμενος
2794 1323 3113 1392 ἀνεδήσατο,
3168 1325 3256 1376 διά
3290 1326 3481 1378 τούτου
3524 1326 3883 1398 καθαιρεθείη
3910 1331 4037 1394 τῆς

2439 1414 2683 1481 κυρεὶας.
2712 1416 2921 1483 ἐννόμῳ
2948 1416 3071 1487 νίκη
3094 1422 3183 1470 καὶ
3210 1420 3568 1489 ἀγωνίσματι.

2513 1773 2722 1827 Οὐκοῦν
2748 1773 2854 1825 ἔδει
2883 1774 3005 1827 τινὰ
3056 1775 3145 1826 τὸν
3176 1773 3276 1842 τῆς
3307 1774 3537 1844 Τριάδος
3583 1774 3663 1836 είς
3692 1775 4016 1845 ἀνθρώπους

2442 1864 2675 1921 τελέσαι.
2704 1864 2771 1916 ἵν’
2789 1860 2967 1935 ἧσπερ
2998 1859 3066 1934 ἦν
3093 1865 3154 1916 τὸ
3187 1864 3640 1935 πλαστούργημα,
3665 1868 3871 1935 ταύτης
3904 1870 4011 1921 ὕπ-

2443 1958 2609 2026 άρχον
2634 1957 2826 2025 ὀφθείη
2862 1957 2952 2009 καὶ
2975 1957 3036 2009 τὸ
3064 1957 3415 2027 ἀνάπλασμα.
3462 1959 3696 2010 Ἐκεῖνον
3716 1959 3772 2010 δὲ
3796 1961 4016 2021 πάντως

2442 2049 2555 2101 υίδν
2579 2048 2687 2100 ἔδει
2717 2051 2865 2103 κάτω
2893 2050 3249 2120 χρηματίσαι,
3302 2053 3396 2102 καὶ
3452 2051 3525 2119 μὴ
3579 2051 3905 2119 καθυϐρίσαι
3954 2053 4018 2107 τὸ

2443 2140 2553 2193 ἀνω
2578 2139 2814 2208 ἀξίωμα,
2841 2140 2931 2191 τὸν
2963 2141 3019 2203 ἐξ
3058 2142 3227 2194 ἀϊδίου
3262 2142 3422 2195 τοῦτο
3452 2144 3546 2195 καὶ
3570 2144 3697 2196 ὄντα
3730 2146 3819 2196 καὶ
3863 2143 4019 2209 δοξα-

2444 2233 2690 2301 ζόμενον.
2718 2232 2907 2284 Τελεῖν
2927 2233 2983 2285 δὲ
3024 2235 3105 2295 είς
3138 2234 3440 2305 ἀνθρώπων
3489 2237 3657 2299 υἱοὺς.
3694 2239 3792 2289 οὐκ
3821 2237 3888 2289 ἂν
3918 2242 4015 2304 ὲγ-

2444 2322 2653 2392 χωροῦν
2680 2324 2764 2391 εῐη
2790 2324 2957 2392 χωρίς
2978 2341 3039 2391 γε
3068 2326 3415 2394 σαρκώσεως.
3438 2327 3717 2395 Σάρκωσις
3734 2328 3869 2398 γάρ,
3893 2330 4015 2390 ὁδὸς

2445 2415 2538 2466 ἐπὶ
2570 2415 2843 2482 γέννησινο
2862 2414 3108 2484 γέννησις
3123 2417 3201 2479 δὲ,
3222 2418 3516 2486 κυοφορίας
3535 2419 3774 2488 ὑπάρχει
3797 2436 3861 2470 συ
3869 2420 4013 2488 μπέ-

2448 2519 2648 2574 ρασμα.
2666 2504 2728 2555 Ἢ
2762 2502 2839 2565 δὲ,
2867 2506 3080 2574 μητέρα
3112 2509 3655 2577 συμπεριγράφουσα,
3678 2511 3777 2578 τὴν
3798 2510 4021 2578 ἑτοιμα-

2449 2598 2570 2648 σίαν
2588 2597 2790 2665 ταύτης
2814 2599 3037 2659 εἰκότως
3062 2600 3286 2651 ἀπαιτεῖ
3307 2601 3868 2670 προκαταϐἀλ).εσθαι.
3900 2604 4018 2669 Μη-

2446 2690 2578 2759 τέρα
2611 2690 2716 2742 ἔδει
2752 2692 2901 2742 κάτω
2930 2690 3402 2761 διευτρεπισθῆναι
3433 2692 3526 2744 τοῦ
3554 2694 3799 2746 Πλάστου
3843 2695 3923 2757 είς
3958 2697 4019 2747 τὸ

2446 2781 2507 2834 τὸ
2534 2782 2818 2852 συντριϐὲν
2844 2783 3260 2837 ἀναπλάσασθαι
3288 2800 3301 2813 ⁸
3335 2784 3429 2836 καὶ
3471 2783 3679 2854 ταύτην
3722 2784 4019 2856 παρθένον,

2450 2875 2515 2926 ἵν’
2538 2874 2728 2941 ὥσπερ
2781 2877 2844 2926 ἐκ
2876 2875 3146 2944 παρθένου
3181 2875 3285 2944 γῆς
3309 2876 3336 2926 ὁ
3364 2876 3576 2945 πρῶτος
3612 2878 3900 2947 ἄνθρωπος
3936 2880 4017 2931 δι-

2449 2966 2777 3029 επέπλαστο,
2796 2965 2937 3019 οὕτω
2958 2967 3045 3019 διὰ
3075 2967 3342 3036 παρθένου
3371 2970 3598 3035 μήτρας,
3618 2972 4016 3039 πραγματευθῇ

2448 3060 2481 3127 ἠ
2514 3058 2851 3121 ἀνάπλασις·
2915 3060 3004 3111 καὶ
3042 3060 3128 3113 ἵνα
3162 3060 3403 3130 μηδεμία
3440 3060 3562 3129 μηδ’
3616 3062 3841 3129 ἐννόμου
3874 3063 4020 3131 πάρ-

2376 3183 2419 3241 c
2452 3151 2569 3213 οδος
2603 3152 2815 3220 ἡδονῆς,
2850 3151 2972 3220 μηδ’
2994 3152 3304 3222 ἐπινοηθείη
3326 3151 3402 3219 τῷ
3426 3153 3570 3221 τόκῳ
3594 3154 3687 3205 τοῦ
3711 3154 4018 3215 κτίσαντος·

2451 3242 2645 3311 ἡδονῆς
2674 3238 2862 3311 γὰρῆν
2893 3244 3254 3311 αἰχμάλωτος,
3287 3243 3345 3295 ὃν
3370 3247 3396 3296 ό
3422 3246 3693 3313 Δεσπότης
3716 3245 4022 3315 ἐλευθερῶ-

2453 3351 2541 3386 σαι
2566 3336 2664 3402 τὴν
2690 3336 2941 3403 γέννησιν
2972 3336 3315 3400 κατεδέξατο.
3358 3336 3515 3389 Ἀλλά
3536 3339 3616 3397 τίς
3638 3336 3764 3402 ἀξία
3796 3354 4019 3407 χρημα-

2451 3426 2597 3479 τίσαι
2631 3426 2721 3479 τοῦ
2748 3428 3042 3497 μυστηρίου
3067 3430 3339 3491 διάκονοςς
3374 3428 3468 3491 Τίς
3494 3428 3614 3493 ἀξία
3645 3430 3844 3498 Μήτηρ
3866 3430 4022 3496 γενέ-

2455 3523 2578 3574 σθαι
2606 3521 2762 3585 Θεοῦ,
2808 3523 2900 3575 καὶ
2935 3523 3112 3590 σάρκα
3166 3523 3405 3575 δανεῖσαι
3457 3524 3534 3592 τῷ
3591 3524 3911 3576 πλουτοῦντι
3953 3524 4021 3575 τά

2455 3612 2785 3681 σύμπαντα;
2821 3613 2917 3676 Τίς
2969 3614 3061 3666 οὖν
3107 3614 3269 3681 ἀξῐα;
3307 3614 3338 3683 ἢ
3389 3614 3547 3683 δῆλον
3597 3616 3677 3667 ὅτι
3711 3615 3847 3685 αὕτη
3904 3616 4024 3684 ήὲξ

2466 3703 2721 3772 Ἰωακεὶμ
2754 3705 2847 3757 καὶ
2880 3706 3077 3776 Ἀννης
3102 3709 3199 3775 τῆς
3232 3708 3480 3776 ἀκάρπου
3514 3708 3667 3777 ῥίζης
3702 3709 4021 3779 παραδόξως

2457 3794 2805 3865 βλαστήσασα
2827 3799 3065 3867 σήμερον
3084 3814 3099 3863 ;
3134 3793 3199 3869 ἧς
3220 3800 3379 3867 ήμεῖς
3401 3798 3667 3868 λαμπρῶς
3689 3800 4022 3870 ἑορτάζομεν

2454 3886 2522 3938 τά
2550 3886 2820 3953 γενέθλια,
2874 3889 2967 3938 καὶ
2993 3882 3061 3957 ἦς
3094 3888 3123 3939 ὀ
3154 3889 3343 3950 τόκος,
3377 3888 3472 3940 τοῦ
3511 3891 3767 3957 μεγίστου
3817 3909 4023 3961 μυστη-

2461 3978 2597 4045 ρίου,
2623 3978 2726 4047 τῆς
2749 3980 2806 4029 ὲν
2837 3978 3023 4048 σαρκὶ,
3061 3981 3221 4047 φημὶ,
3255 3980 3347 4032 τοῦ
3377 3980 3552 4047 Λόγου
3591 3983 3921 4051 γεννήσεως,
3962 3985 4021 4034 τὸ

2458 4067 2641 4138 θαῦμα
2674 4070 3111 4141 προοιμιάζεται·
3164 4072 3259 4124 καὶ
3309 4072 3375 4124 δι’
3400 4073 3466 4143 ἥν
3508 4075 3539 4143 ή
3576 4073 3857 4144 πάνδημος
3882 4074 4019 4147 αὕτη

2458 4161 2552 4213 καί⁵
2576 4161 2695 4213 θεία
2720 4163 3024 4234 πανήγυρις
3054 4165 3504 4234 συγκεκρότηται.

2529 4517 2674 4571 Ἔδει
2706 4518 2834 4587 γὰρ,
2862 4519 2967 4571 ἔδει
2996 4518 3093 4589 τὴν
3154 4519 3213 4585 ἐξ
3261 4520 3439 4573 αὐτῶν
3484 4523 3811 4593 σπαργάνων
3858 4527 4019 4595 ἁγνὸν

2457 4610 2557 4679 μὲν
2583 4612 2645 4663 τὸ
2674 4611 2855 4680 σῶμα,
2899 4612 3067 4682 ἁγνὴν
3095 4612 3149 4665 δὲ
3172 4616 3271 4682 τὴν
3309 4613 3485 4683 ψυχὴν
3506 4656 3521 4674 ,
3566 4616 3762 4683 ἁγνοὺς
3803 4618 3859 4670 δὲ
3898 4623 4023 4683 τοὺς

2454 4701 2767 4770 λογισμοὺς,
2800 4703 3102 4773 κρεῖττονῆ
3133 4703 3294 4774 λόγῳ,
3327 4708 3757 4777 συντηρήσασαν,
3793 4709 4023 4781 Μητέρα

2454 4792 2657 4863 ταύτην
2704 4793 3091 4864 πρωρισθῆναι
3126 4794 3219 4847 τοῦ
3268 4798 3590 4860 Πλάσαντος.
3650 4800 3798 4853 Ἔδει
3827 4802 3930 4869 τήν
3962 4805 4023 4855 ὲκ

2458 4885 2690 4955 βρέφους
2716 4886 2828 4955 ναῷ
2850 4888 3270 4957 προσαχθεῖσαν,
3305 4889 3398 4942 καὶ
3424 4893 3537 4952 τοῖς
3578 4892 3799 4954 ἀϐάτοις
3836 4895 4021 4956 τόποις

2460 4977 2894 5045 ἐμϐατεύσασαν,
2950 4978 3192 5048 ἔμψυχον
3241 4980 3365 5032 ναὸν
3412 4980 3638 5052 ὀφθῆναι
3696 4981 3791 5034 τοῦ
3814 4985 4019 5053 ταύτην

2460 5069 2829 5139 ψυχώσαντος.
2855 5069 3001 5123 Ἔδει
3030 5070 3128 5142 τὴν
3153 5071 3213 5135 ἑξ
3239 5073 3447 5141 ἀγόνων
3472 5075 3711 5142 λαγόνων
3731 5078 4020 5147 παραδόξῳ

2461 5160 2602 5230 λόγῳ
2628 5161 2931 5231 τεχθεῖσαν,
2955 5164 3048 5215 καὶ
3088 5163 3147 5215 τὸ
3167 5164 3275 5217 τῶν
3313 5165 3579 5232 τεκόντων
3629 5168 4021 5239 περιελομένην

2462 5252 2696 5319 ὕνειδος,
2758 5255 2851 5306 καὶ
2905 5253 3014 5307 τῶν
3055 5257 3413 5327 προπατόρων
3468 5258 3909 5313 ἀνακαλέσασθαι
3962 5264 4021 5313 τὸ

2464 5342 2771 5413 ἐλάττωμα.
2800 5344 3209 5398 Ἀνασώσασθαι
3239 5348 3347 5416 γὰρ
3387 5346 3511 5416 ἔσχε
3539 5348 3601 5399 τὸ
3640 5352 3964 5418 προγονικὸν
3990 5354 4020 5420 ή

2460 5436 2724 5502 ἀπόγονος
2762 5438 3003 5505 ἥττημα,
3032 5438 3121 5489 τὸν
3172 5440 3398 5510 Σωτῆρα
3426 5440 3519 5492 τοῦ
3559 5441 3751 5507 γένους
3780 5443 4019 5512 ἀνάνδρῳ

2459 5529 2603 5598 τόκῳ
2656 5531 3054 5600 γεννησαμένη,
3110 5534 3204 5585 καὶ
3250 5532 3435 5585 τοῦτον
3485 5537 4013 5603 σωματουργήσασα.

2465 5621 2608 5672 Ἔδει
2642 5622 2737 5690 τὴν
2772 5622 2846 5690 τῷ
2893 5623 3073 5675 κάλλει
3106 5624 3204 5691 τῆς
3233 5625 3408 5693 ψυχῆς
3453 5626 3651 5695 ἑαυτὴν
3682 5627 3902 5697 ὠραέως
3931 5630 4011 5696 ἐμ,
