4242 6438
270 428 369 493 56)

1044 439 1389 501 HOMILIA
1432 442 1482 504 Ι.
1518 468 1588 478 -
1618 444 1700 503 ΙΝ
1736 444 1847 505 SS.
1889 445 2153 506 MARI/E
2191 444 2730 505 NATIVITATEM.

3397 441 3499 504 569.

274 544 664 619 μορφώσασαν,
697 550 900 621 λογάδα
937 554 1156 626 νύμφην
1201 559 1598 630 ἐμφανισθῆναι
1634 562 1713 632 τῷ
1753 563 1838 615 οὐ·
1864 569 1912 626 Α
1938 564 2105 619 animi
2143 563 2324 619 decort

1939 564 2105 619 animi
2143 563 2340 619 decore
2374 560 2602 631 pulchre
2642 562 3013 628 perornasset,
3048 569 3244 623 sponsa
3301 556 3496 608 cxiniia

273 639 446 709 ρανίῳ
479 642 697 711 νυμφίῳ
726 645 1135 714 ἐμπρέπουσαν.
1188 651 1335 703 Ἔδει
1363 651 1591 721 τὴντῶν
1626 655 1838 725 ἀρετῶν

268 732 385 794 τοῖς
414 731 635 801 τρόποις
686 734 762 797 ὡς
804 735 1023 807 ἄστροις
1069 740 1270 810 ἑαυτὴν
1313 742 1722 811 οὐρανώσασαν,
1749 747 1839 799 τὸν

271 824 377 888 τῆς
400 825 747 897 δικαιοσύνης
798 829 1123 897 ἀνίσχουσαν
1154 832 1361 895 Ἥλιον,
1395 837 1529 886 πᾶσι
1590 838 1701 899 τοῖς
1747 856 1838 889 πι-

275 918 423 980 στοῖς
452 919 871 990 ἐπιγνωσθῆναι.
914 922 1059 974 Ἔδει
1094 925 1193 993 τὴν
1226 923 1480 992 καθάπαξ
1509 928 1706 999 ἑαυτὴν
1730 928 1840 982 τῶν

275 1009 623 1079 παρθενικιῖω
655 1014 901 1081 αἱμάτων
932 1017 996 1084 τῇ
1047 1014 1188 1085 βαφῇ
1250 1018 1707 1089 πορφυρώσασαν,
1761 1024 1841 1083 εἰς

275 1100 568 1171 ἁλουργίδα
587 1105 919 1171 χρηματίσαι
952 1106 1044 1157 τοῦ
1070 1108 1480 1176 παμϐασιλέως.
1502 1112 1563 1163 ’Ὠ
1589 1111 1679 1164 τοῦ
1707 1112 1840 1165 θαύ-

279 1210 450 1261 ματος
474 1194 485 1245 !
510 1194 621 1263 ὂνή
650 1195 909 1263 σύμπασα
940 1199 1115 1260 κτίσις
1144 1200 1205 1251 οὑ
1238 1203 1422 1269 χωρεῖ,
1471 1204 1501 1270 ἠ
1536 1204 1840 1276 παρθενικὴ

275 1285 491 1354 γαστὴρ
522 1286 976 1356 άστενοχωρήτως
1003 1290 1278 1355 κυοφορεῖ.
1319 1292 1415 1343 Ὃν
1451 1292 1519 1343 τά
1562 1294 1842 1363 Χερουϐὶμ

275 1376 547 1440 άτενίζειν
596 1379 657 1430 ού
704 1378 898 1447 τολμᾷ,
954 1380 1205 1449 πηλίναις
1262 1385 1512 1453 χερσὶνή
1572 1384 1844 1450 Παρθένος

277 1468 662 1540 άγκαλοφορεί.
697 1472 768 1523 Τὸ
814 1472 938 1543 ὅρος
959 1473 1017 1525 τὸ
1038 1474 1209 1540 ἅγιον,
1258 1476 1321 1529 ὲκ
1354 1476 1452 1545 τῆς
1489 1477 1695 1546 ἐρήμου
1747 1478 1842 1530 καὶ

278 1560 475 1626 ἁγόνου
508 1564 717 1630 μήτρας
744 1564 1091 1632 προέρχεται,
1115 1564 1175 1628 ἐξ
1199 1557 1261 1617 οὗ
1305 1565 1533 1634 τμηθεὶς
1573 1566 1697 1619 ἄνευ
1732 1584 1843 1636 χει⁴

283 1652 393 1719 ρῶν
442 1651 588 1713 λίθος
639 1652 851 1721 ἔντιμος
912 1655 1303 1723 ἀκρογωνιαῖος
1353 1658 1584 1727 Χριστὸς
1636 1661 1663 1711 6
1712 1658 1842 1721 Θεὸς

280 1742 315 1809 ἡ
326 1740 460 1809 μῶν,
486 1742 551 1794 τά
577 1742 684 1794 τῶν
712 1743 981 1813 δαιμόνων
1008 1746 1230 1816 τεμένη,
1256 1749 1350 1799 καὶ
1378 1749 1447 1799 τὰ
1467 1748 1560 1800 τοῦ
1581 1748 1709 1819 ᾅδου
1743 1749 1841 1817 βα-

284 1831 478 1896 σίλεια,
515 1833 649 1901 αὐτῇ
704 1836 975 1904 τυραννίδι
1003 1837 1337 1907 συνέτριψεν.
1383 1840 1439 1891 '0
1468 1817 1704 1909 ἔμψυχος
1744 1843 1837 1894 καὶ
1876 1817 1919 1872 Β

280 1922 531 1991 οὐράνιος
559 1923 650 1975 ἐπὶ
683 1925 780 1991 γῆς
818 1925 1138 1992 χαλκεύεται
1164 1928 1433 1991 κλίϐανος,
1476 1932 1533 1980 ἐν
1567 1924 1609 1995 ᾧ
1632 1931 1660 1979 6
1710 1930 1844 1982 πλά-

285 2030 417 2082 στης
443 2014 536 2065 τοῦ
570 2017 702 2080 ἐμοῦ
735 2018 1051 2085 φυράματος
1086 2019 1162 2087 τῷ
1193 2021 1359 2087 θεῖκῷ
1383 2021 1515 2087 πυρὶ
1537 2022 1635 2091 τὴν
1670 2023 1847 2091 ἀπαρ-

282 2106 385 2175 χὴν
406 2106 807 2177 ὀπτησάμενος,
842 2111 934 2161 καὶ
962 2109 1059 2180 τὴν
1091 2110 1197 2164 τῶν
1243 2112 1496 2175 ζιζανίων
1541 2114 1846 2183 ὲπισποράν

284 2199 749 2268 συμφλεξάιιενος,
768 2203 885 2255 ὅλον
916 2203 1091 2273 ἐαυτῷ
1113 2204 1354 2274 καθαρὸν
1382 2207 1752 2273 άρτοποιείται
1786 2206 1847 2259 τὸ

283 2290 530 2360 φύραμαι

367 2383 526 2437 Ἀλλά
555 2386 606 2437 τί
632 2384 697 2439 ἄν
724 2402 805 2448 τις
831 2388 1003 2450 sinat;
1038 2389 1090 2440 τί
1119 2388 1163 2440 δ’
1190 2389 1289 2441 οὐκ
1326 2390 1391 2443 ἄν
1418 2408 1499 2453 τις
1524 2391 1708 2452 πάθοι.
1740 2392 1849 2445 τῶν

282 2475 385 2542 τῆς
406 2476 687 2547 Παρθένου
718 2481 1074 2548 χαρισμάτων
1110 2483 1203 2533 καὶ
1246 2485 1689 2555 κατορθωμάτων
1732 2486 1836 2537 δια-

285 2565 465 2620 πλέων
484 2566 543 2618 τὸ
564 2567 821 2635 πέλαγος;
851 2570 1033 2641 Δειλιᾷ
1061 2572 1152 2623 καὶ
1179 2572 1358 2643 χαίρει
1383 2591 1394 2603 ·
1418 2574 1511 2626 καὶ
1532 2576 1728 2643 ἠρεμεῖ
1756 2575 1850 2628 καὶ

286 2657 603 2721 ἐξάλλεταιο
642 2661 736 2712 καὶ
762 2663 924 2714 πάλιν
958 2664 1082 2732 σιγᾷ
1127 2662 1221 2714 καὶ
1270 2664 1706 2731 άναφθὲγγεται’
1759 2665 1851 2716 καὶ

290 2748 632 2803 συστέλλεται
655 2753 748 2804 καὶ
785 2751 1141 2804 πλατύνεται·
1177 2751 1245 2804 τὰ
1298 2752 1397 2822 μὲν
1447 2754 1524 2823 τῷ
1555 2755 1723 2823 φόδῳ,
1781 2753 1852 2805 τά

287 2842 342 2895 δὲ
374 2842 453 2912 τῷ
479 2842 628 2913 πόθῳ
658 2839 1186 2913 συμμεθελκόμενος.
1233 2845 1373 2914 Ἐγὼ
1406 2846 1450 2899 δ’
1499 2846 1734 2915 ἐμαυτὸν
1775 2844 1855 2915 τῷ

289 2935 442 3005 πόθῳ
474 2937 671 3004 μᾶλλον
726 2937 756 3006 ἢ
813 2937 888 3006 τῷ
926 2938 1074 3007 φόϐῳ
1116 2940 1232 2991 νυνὶ
1266 2940 1651 3009 χαρισάμενος,
1680 2940 1855 3008 ἡδέως

292 3028 381 3092 ἂν,
408 3024 468 3081 εὖ
505 3029 640 3092 ἴστε,
689 3031 780 3082 καὶ
824 3030 1003 3099 πολλῷ
1040 3030 1175 3099 ῥέων
1209 3031 1340 3100 ύμῖν
1373 3035 1606 3102 ἐπέστην
1630 3049 1643 3063 ο
1675 3032 1725 3083 εί
1762 3031 1859 3085 καὶ

1939 656 2143 713 etelesti
2170 669 2408 725 congrue
2452 666 2657 721 Sponso
2694 649 3035 719 proderetur.
3098 647 3395 714 Oportebat
3444 655 3501 699 ut

1939 762 2059 817 qua:
2080 761 2139 800 se
2158 744 2418 799 virtutum
2439 741 2613 796 modis
2627 739 2775 794 velut
2795 737 2963 792 stellis
2984 736 3181 791 caelum
3206 735 3495 799 eﬂ‘ecissel,

1906 830 1912 838 λ
1937 838 2166 908 iustitia;
2185 834 2365 891 Solem
2392 832 2734 903 praetendens
2751 828 2999 883 ﬁdelibus
3028 826 3301 880 universis
3330 842 3499 894 agno—

1942 938 2205 985 sceretur.
2237 926 2535 998 Oportebat
2566 933 2625 977 ut
2680 938 2799 990 qua:
2826 918 3166 989 virginalium
3194 932 3251 971 se
3282 916 3499 984 sangui-

1942 1037 2071 1075 num
2127 1020 2333 1074 murice
2384 1017 2608 1071 omnino
2663 1013 2980 1071 imbuisset,
3018 1010 3072 1062 in
3124 1008 3500 1062 universorum

1944 1116 2085 1185 regis
2118 1114 2357 1169 trabeam
2398 1111 2630 1164 cederet.
2676 1105 2720 1159 Ο
2769 1102 3121 1158 miraculum!
3158 1099 3328 1165 Quem
3380 1100 3505 1151 nni--

1944 1222 2097 1262 versa
2140 1212 2318 1259 creata
2368 1218 2476 1255 non
2518 1199 2775 1269 capiunt,
2822 1212 2946 1250 eum
2991 1192 3268 1261 virginalis
3319 1200 3503 1243 uterus

1943 1299 2079 1353 nihil
2119 1304 2500 1364 angustatum;
2547 1307 2610 1345 eo
2647 1290 2787 1343 fetus
2835 1295 3025 1356 gestat.
3069 1287 3124 1336 lu
3159 1298 3318 1352 quem
3362 1281 3503 1333 Clie-

1945 1390 2122 1445 rubim
2139 1388 2416 1441 oculorum
2441 1383 2610 1437 aciem
2633 1381 2796 1451 ﬁgere
2815 1393 2922 1432 non
2953 1376 3175 1437 audent,
3196 1389 3320 1426 eum
3346 1372 3505 1441 Virgo

1943 1484 2106 1538 luteis
2142 1480 2394 1535 manibus
2427 1478 2482 1531 in
2515 1476 2657 1529 ulnis
2703 1473 3057 1542 amplexatur.
3103 1467 3255 1521 Mons
3290 1474 3508 1520 sanctus

1946 1574 2211 1629 edeserta
2275 1569 2556 1638 sterilique
2621 1567 2778 1622 vulva
2841 1561 3215 1633 progreditur,
3274 1574 3340 1611 ex
3401 1572 3507 1625 quo

1947 1664 2215 1735 pretiosus
2262 1663 2349 1715 ille
2396 1656 2855 1728 summangularls
2895 1653 3029 1722 lapis
3079 1651 3327 1705 Christus
3368 1649 3509 1701 Deus

1946 1764 2129 1810 noster
2170 1754 2315 1808 nulla
2359 1762 2619 1806 m’anuum
2652 1763 2814 1817 opera
2858 1745 3157 1805 abscissus,
3203 1742 3508 1794 daemonum

1947 1847 2169 1903 delubra
2213 1886 2229 1908 ,
2266 1859 2329 1898 ac
2382 1842 2578 1895 inferni
2622 1839 2820 1909 regiam
2848 1879 2861 1901 ,
2914 1853 3017 1889 una
3062 1850 3182 1888 cum
3231 1832 3510 1901 tyrannide

1946 1936 2222 1993 contrivit.
2266 1934 2554 1987 Animatus
2586 1946 2648 1985 ac
2681 1929 2919 1985 caelestis
2951 1929 3004 1980 in
3039 1935 3177 1979 terra
3218 1925 3511 1979 fabricatur

1945 2024 2229 2083 clibanus,
2288 2021 2343 2073 in
2386 2035 2494 2089 quo
2545 2018 2746 2088 plastes
2798 2017 2886 2069 ille
2956 2031 3019 2069 ac
3067 2014 3336 2076 conditor,
3377 2028 3515 2065 mea:

1946 2132 2138 2172 massa:
2158 2114 2423 2186 primitias
2451 2113 2636 2167 divino
2670 2124 2981 2178 excoquens
3011 2110 3133 2179 igne
3158 2144 3173 2166 ,
3220 2121 3283 2159 ac
3309 2103 3513 2157 zizania

1948 2207 2379 2279 superseminata
2444 2204 2805 2268 comburens,
2866 2209 3034 2255 totam
3104 2197 3205 2253 sibi
3257 2196 3515 2250 mundam

1948 2314 2181 2355 massam
2209 2300 2261 2352 in
2284 2311 2454 2366 panes
2477 2294 2744 2349 etl'ormat.

2018 2392 2218 2446 Verum
2248 2390 2378 2459 quid
2414 2388 2537 2458 quis
2566 2402 2674 2440 non
2700 2386 2866 2448 dicat,
2897 2384 3095 2454 quidve
3126 2399 3237 2438 non
3256 2380 3513 2453 patiatur,

1954 2485 2194 2556 Virginis
2233 2484 2503 2537 donorum
2542 2481 2970 2547 meritorumque
2997 2477 3222 2547 pelagus
3265 2473 3517 2545 pernavi-

1951 2578 2115 2649 gans?
2142 2575 2332 2630 Metuit
2357 2589 2421 2627 ac
2450 2572 2677 2642 gaudet;
2710 2569 2941 2639 quiescit
2969 2584 3031 2623 ac
3053 2568 3250 2631 exsilit;
3276 2581 3520 2619 rursum-

1952 2685 2058 2738 que
2096 2675 2239 2721 tacet
2262 2681 2326 2719 ac
2355 2665 2628 2733 loquitur;
2658 2663 3108 2730 contrahiturque
3139 2674 3204 2714 ac
3240 2659 3518 2723 dilatatur,

1954 2777 2058 2831 qua
2089 2760 2299 2822 timore,
2332 2772 2437 2827 qna
2463 2755 2736 2811 desiderio
2757 2770 2942 2809 secum
2968 2752 3328 2807 trahentibus.
3355 2750 3521 2805 Porro

1956 2868 2055 2924 ego
2091 2853 2145 2905 in
2166 2850 2575 2921 praesentiarum
2591 2847 2881 2913 desiderio,
2898 2862 3058 2916 quam
3078 2846 3257 2900 timori
3288 2844 3521 2913 amplius

1958 2946 2264 3014 indulgens,
2288 2943 2502 3005 lubens,
2527 2941 2696 3010 probe
2724 2940 2917 3001 nostis,
2937 2939 3097 3008 longe
3119 2936 3272 2990 vobis
3302 2937 3523 2995 uberius

1959 3046 2282 3108 congressus
2307 3050 2509 3100 essem,
2535 3047 2844 3102 quanquam
2869 3031 3040 3085 inutili
3072 3029 3332 3084 orationis
3355 3028 3523 3090 ﬂuxu,

291 3121 549 3219 άχρὴστῳ
728 3120 888 3188 λόγου
921 3122 998 3191 τῷ
1042 3122 1296 3191 ῥεύματι,
1344 3123 1455 3175 τῶν
1513 3123 1856 3193 παρθενικῶν
1890 3161 1935 3219 c
1966 3129 2324 3207 praestantibu:

1966 3129 2346 3207 praestantibus
2381 3125 2658 3180 miraculis
2683 3123 2920 3192 Virginis
2950 3123 3098 3177 velut
3130 3130 3442 3192 stagnantes
3462 3135 3526 3175 ac

294 3212 590 3279 θαυμάτων
616 3212 953 3282 ὲλλιμνάζειν
981 3215 1102 3283 ἐμοὶ
1130 3216 1224 3267 καὶ
1250 3215 1599 3284 πλημμύρειν
1626 3234 1859 3286 παρεχο-

297 3301 475 3369 μένων
496 3318 510 3332 ο
551 3302 785 3370 μάλιστά
812 3319 872 3367 γε
904 3304 997 3354 καὶ
1025 3303 1167 3370 ὑμᾶς
1188 3303 1349 3371 ὁρῶν,
1401 3303 1700 3373 προθύμως
1762 3306 1858 3373 μὲν

293 3393 393 3455 τὰς
442 3392 609 3453 ἀκοάς
665 3391 1153 3456 άναπεταννύντας,
1212 3395 1331 3446 ὅλον
1359 3396 1413 3447 δὲ
1444 3400 1534 3447 τὸν
1567 3394 1692 3447 νοῦν
1726 3397 1862 3466 πρὸς

295 3482 394 3551 τὴν
422 3482 697 3551 εὐφημίαν
722 3483 817 3552 τῆς
865 3481 1247 3551 Ἀειπαρθένου
1305 3482 1681 3552 ἀναψαμένους
1703 3500 1715 3512 ·
1770 3485 1864 3535 καὶ

298 3574 417 3642 ἅμα
474 3572 888 3642 ἀφοσιούμενος,
947 3574 1000 3625 εἴ
1055 3590 1106 3626 τι
1168 3575 1279 3642 ἐγὼ
1337 3575 1717 3644 τετελεσμένος
1752 3578 1863 3640 τοῖς

301 3663 651 3732 παρθενικοῖς
678 3664 881 3734 ὀργίοις
912 3665 1246 3736 καθέστηκα.
1284 3666 1422 3718 Ἀλλ’
1445 3668 1594 3737 ὅμως
1624 3669 1653 3720 6
1676 3667 1865 3737 καιρὸς

299 3754 389 3809 ἐπ’
410 3755 541 3807 ἄλλα
567 3756 902 3824 παρακαλεῖ-
938 3758 1023 3808 ἐπ’
1052 3756 1216 3825 ἄλλην
1246 3758 1410 3827 τιμὴν
1438 3758 1536 3825 τῆς
1566 3757 1864 3829 Παρθένου·

298 3847 398 3915 τῆς
427 3848 714 3917 μυστικῆς,
747 3850 889 3917 φημὶ
913 3888 927 3910 ,
961 3848 1052 3901 καὶ
1084 3849 1422 3917 άναιμάκτου
1458 3848 1647 3912 θυσίας
1687 3850 1869 3920 ἀπάρ-

304 3936 497 3998 ξασθαι
522 3937 677 4007 (τιμὴ
704 3941 808 4007 γάρ
835 3942 1075 4010 Μητρὸς,
1104 3942 1136 4008 ὴ
1173 3940 1282 3991 τῶν
1314 3938 1574 3991 ἑκουσίων
1613 3939 1707 3992 τοῦ
1740 3938 1869 3991 Υίοῦ

304 4026 642 4097 παθημάτων
670 4030 994 4098 ἀνάμνησις)
1015 4047 1029 4061 ·
1063 4031 1148 4099 ἐφ’
1173 4029 1239 4100 ἥν
1263 4028 1657 4099 μεθελκὸμεθα,
1687 4029 1781 4082 καὶ
1807 4030 1873 4100 ἣν

303 4118 717 4189 ἐπικαιρότατον
753 4120 1090 4188 ίεράσασθαι.

391 4210 550 4262 Ἀλλά
582 4213 667 4271 σὺ,
698 4206 742 4263 ὦ
772 4212 1011 4282 Παρθένε
1047 4213 1139 4264 καὶ
1186 4215 1387 4283 Μήτηρ
1434 4214 1529 4265 τοῦ
1562 4214 1755 4279 Λόγου,
1812 4214 1874 4265 τὸ

1966 3220 2302 3275 exundantes
2342 3232 2513 3287 aquas
2559 3231 2667 3270 :ac
2708 3214 2961 3279 maxime,
2987 3212 3130 3283 quod
3173 3224 3226 3267 et
3263 3228 3360 3267 vos
3417 3221 3529 3265 tota

1959 3314 2237 3367 alacritate
2260 3311 2470 3365 videam
2496 3308 2872 3377 adaperientes
2894 3322 3075 3366 aures,
3098 3314 3320 3375 totoque
3344 3305 3527 3358 animo

1963 3404 2017 3456 ili
2056 3411 2334 3472 perpetua:
2373 3399 2607 3470 Virginis
2647 3414 2906 3452 accensos
2950 3397 3205 3461 laudem;
3262 3393 3531 3464 simulque

1964 3494 2265 3564 persolvant
2291 3492 2426 3561 ipse,
2459 3491 2503 3543 si
2542 3489 2672 3558 quid
2705 3488 3060 3557 virginalibus
3090 3488 3252 3556 orgiis
3275 3502 3337 3540 ac
3363 3486 3532 3540 sacris

1966 3585 2168 3640 exsisto
2202 3599 2327 3639 reus
2354 3602 2367 3638 :
2398 3598 2582 3637 verum
2631 3590 2846 3651 tempus
2888 3580 2952 3634 ad
3001 3581 3104 3633 alia
3140 3588 3396 3650 provocat
3425 3598 3437 3632 :
3467 3580 3531 3631 ad

1966 3676 2201 3747 Virginis
2242 3678 2401 3729 aliam
2455 3676 2667 3729 laudem
2715 3692 2728 3726 :
2778 3672 2844 3726 ad
2902 3672 3136 3742 mystici,
3192 3672 3435 3740 inquam,
3471 3686 3535 3723 ac

1968 3770 2241 3824 incruenti
2294 3767 2541 3821 sacriﬁcii
2604 3765 3027 3827 inchoationem,
3092 3763 3317 3831 (carum
3389 3760 3533 3814 enim

1969 3862 2282 3932 passionum
2298 3875 2419 3928 quae
2440 3857 2607 3912 Filius
2630 3858 2771 3910 ultro
2789 3856 3047 3925 suscepit.
3068 3850 3533 3913 commemoratio,

1972 3954 2145 4008 honor
2179 3962 2263 4007 est
2306 3951 2490 4005 Matris
2524 3968 2537 4003 :
2570 3950 2588 4019 )
2616 3949 2681 4003 ad
2720 3948 2865 4018 quod
2906 3948 3095 4015 utique
3135 3947 3420 4008 trahimur,
3474 3958 3537 3997 ac
3636 3974 3637 3977 η

1971 4043 2125 4113 cujus
2154 4041 2392 4097 faciendi
2423 4040 2577 4095 adest
2609 4036 3129 4109 opportunissimum
3161 4044 3394 4103 tempus.

2047 4223 2155 4278 Sed
2187 4231 2264 4284 tu,
2298 4236 2332 4274 ο
2358 4218 2520 4288 Virgo
2540 4234 2605 4272 ac
2640 4216 2802 4271 Verbi
2830 4217 3051 4274 Parens,
3078 4212 3395 4283 prepitiatio
3420 4226 3537 4263 mea

306 4300 439 4369 ἐμὸν
472 4302 779 4371 ἱλαστήριον
816 4304 907 4355 καὶ
933 4303 1271 4371 προσφύγιον
1293 4319 1306 4332 ·
1358 4306 1391 4374 ἡ
1428 4304 1740 4375 παραδόξως
1775 4302 1874 4372 μὲν
1975 4330 2038 4370 ac
2071 4314 2324 4384 refugiun

1975 4330 2038 4370 ac
2071 4314 2376 4384 refugium;
2408 4327 2528 4379 quae
2562 4309 2793 4364 mirabili
2839 4306 3049 4359 ratione
3082 4304 3151 4357 ab
3181 4302 3348 4356 sterili
3396 4301 3537 4354 edita

308 4396 375 4446 ὲκ
408 4397 622 4463 στείρας
651 4398 1028 4468 γεωργηθεῖσα
1049 4413 1062 4427 ·
1096 4398 1526 4468 παραδοξότερον
1557 4398 1613 4450 δὲ
1638 4398 1729 4449 τὸν
1754 4398 1878 4449 στά-
1977 4422 2065 4469 es;
2099 4404 2324 4459 mirabili

1977 4422 2065 4469 es;
2099 4403 2543 4470 mirabiliorique,
2575 4401 2777 4470 spicam
2800 4397 2957 4451 nobis
2976 4396 3098 4448 vitae
3127 4392 3366 4452 edidisti,
3399 4392 3538 4459 apud

308 4503 408 4552 χυν
437 4485 534 4555 τῆς
590 4486 732 4557 ζωῆς
766 4489 895 4556 ἡμῖν
929 4490 1417 4559 καρποφορήσασα,
1477 4488 1612 4558 πρὸς
1662 4489 1753 4540 τὸν
1788 4489 1879 4540 σὸν
1910 4501 1953 4555 ι)
1981 4497 2174 4551 Filium
2204 4507 2324 4551 tuur

1939 4504 1953 4552 ι
1981 4497 2174 4551 Filium
2204 4507 2355 4551 tuum
2379 4509 2442 4547 ac
2465 4493 2632 4546 Deum
2665 4499 2912 4544 nostrum
2940 4484 3302 4546 intercedens,
3330 4497 3397 4535 ac
3426 4497 3540 4535 me-

314 4578 442 4629 Υίὸν
477 4577 570 4629 καὶ
603 4577 733 4629 Θεὸν
772 4578 923 4647 ἡμῶν
961 4579 1463 4649 διαπρεσϐευομένη
1502 4581 1595 4632 καὶ
1625 4580 1875 4650 μεσιτεύ-
1974 4589 2171 4643 άίῃιτίχ
2208 4602 2324 4642 accc

1974 4589 2171 4643 diatrix
2208 4587 2492 4648 accedens,
2537 4583 2847 4637 laudatores
2890 4587 3012 4633 tuos
3054 4577 3123 4630 ab
3170 4575 3317 4628 omni
3364 4574 3541 4636 sorde,

312 4686 469 4732 ουσα,
494 4672 618 4731 τοὺς
652 4671 774 4732 σοὺς
805 4672 1048 4741 ὑμνητάς
1090 4671 1289 4733 παντὸς
1330 4672 1500 4741 ῥύπου
1535 4671 1629 4723 καὶ
1676 4672 1876 4733 παντὸς
1976 4680 2233 4747 omnique
2262 4693 2324 4730 m:

1976 4680 2233 4747 omnique
2262 4676 2467 4731 macula
2493 4675 2845 4743 depurgatos,
2866 4668 3073 4722 cmlesli
3101 4666 3336 4719 thalamo
3357 4665 3546 4733 dignus

312 4761 804 4830 άπασμηξαμένους
844 4762 1205 4831 μολύσματος,
1242 4760 1336 4814 τοῦ
1368 4762 1618 4831 οὐρανίου
1657 4762 1878 4829 νυμφῶ-
1976 4768 2144 4830 είῐὶοθ,
2179 4778 2238 4821 ιιι
2263 4768 2314 4820 in

1976 4768 2144 4830 elﬁce,
2179 4768 2314 4821 utin
2343 4765 2527 4833 requie
2557 4770 2836 4832 perpetua,
2861 4760 3029 4819 trino,
3060 4755 3362 4810 substantia
3395 4756 3542 4806 omni

312 4870 403 4915 νος
430 4854 611 4919 ἀξίους
631 4854 927 4917 ἀνάδειξον,
957 4857 1034 4917 είς
1065 4855 1233 4907 ἀΐδιον
1270 4853 1423 4924 λῆξιν
1465 4853 1542 4924 τῷ
1574 4854 1671 4922 τῆς
1704 4854 1876 4923 ὑπερ-
1980 4856 2203 4925 majoris
2232 4856 2321 4909 Tri

1980 4856 2203 4925 majoris
2232 4856 2514 4909 Trinitatis
2537 4850 2765 4916 lumine,
2798 4851 3160 4911 illustrentur,
3190 4847 3415 4915 ejusque
3452 4844 3549 4894 ini-

312 4945 498 4997 ουσίου
534 4945 760 5014 Τριάδος
785 4944 991 5013 τρισσῷ
1026 4946 1163 5012 φωτὶ
1208 4944 1745 5014 καταυγαζομένους·
1784 4944 1879 4996 καὶ
1988 4948 2141 5001 rabili
2168 4964 2230 5001 ac
2251 4948 2324 5000 int

1988 4948 2141 5001 rabili
2168 4964 2230 5001 ac
2251 4944 2509 5000 ineffabili
2537 4941 2847 5012 spectaculo
2865 4940 3231 5001 delectentur;
3257 4935 3311 4988 in
3334 4934 3549 4989 Christo

311 5040 436 5097 ταῖς
461 5036 660 5104 ταύτης
694 5037 1069 5105 ἐντρυφῶντας
1100 5037 1401 5106 ὑπερφυέσι
1430 5038 1524 5089 καὶ
1548 5036 1878 5103 άφθὲγκτοις
1987 5041 2113 5096 Jesu
2145 5039 2324 5094 Domir

1987 5041 2113 5096 Jesu
2145 5039 2373 5094 Domino
2392 5045 2603 5103 nostro,
2630 5036 2715 5091 cui
2737 5033 2905 5106 gloria
2922 5047 2985 5087 ac
3004 5037 3247 5102 potestas
3268 5028 3322 5083 in
3352 5026 3547 5080 saecula

316 5130 619 5197 θεάμασιν*
654 5131 710 5181 ὲν
745 5129 963 5200 Χριστῷ
1007 5128 1177 5200 Ἰησοῦ
1202 5128 1277 5198 τῷ
1306 5128 1491 5198 Κυρίῳ
1522 5126 1699 5197 ἡμῶν,
1754 5120 1798 5194 ᾧ
1849 5127 1883 5197 ἡ
1995 5132 2337 5187 δωουιοιιιιιιι.
2378 5130 2570 5183 Amen.

315 5220 445 5282 δόξα
496 5224 588 5273 καὶ
633 5221 694 5274 τὸ
731 5221 931 5293 κράτος
985 5222 1065 5285 είς
1113 5220 1238 5283 τοὺς
1274 5219 1469 5281 αἰῶνας
1499 5220 1603 5271 τῶν
1648 5218 1879 5273 αἰώνων.

325 5311 524 5381 Ἀμήν.
