4242 6438
715 436 821 501 563

1805 439 2067 500 PHOTll
2109 438 2613 498 PATRIARCH/E
2655 440 2759 500 CP.

3852 425 3963 490 564

1626 688 1701 743 De
1733 689 1985 760 Symeone
2011 689 2275 742 Christum
2302 688 2358 741 in
2384 687 2551 742 ulnas
2590 688 2904 753 suscipiente
2934 685 3034 755 (5).

1558 798 1827 855 (Conatus.
1858 797 2088 851 Biblioth.
2117 796 2390 849 Concionat.
2424 806 2461 849 t.
2483 800 2568 859 Vl,
2590 799 2701 860 250,
2724 801 2833 861 ipso
2862 795 3184 858 interprete.)

791 904 908 961 Non
929 909 1314 964 eratsacerdos
1328 906 1708 980 Symeon(3‘):
1729 910 2002 982 etsilonge
2017 911 2279 965 virtutum
2306 915 2359 973 Α
2383 921 2696 981 tantamque
2724 910 2994 966 aﬂuderat
3028 909 3227 973 lucem,
3260 916 3319 961 ut
3361 920 3481 977 quae
3523 920 3782 967 processu
3812 912 3963 959 tem-

719 1007 1044 1053 ornamento
1082 1001 1454 1057 sacerdotibus
1511 1003 1817 1072 praestabat.
1857 1003 2061 1058 Idcirco
2113 1004 2279 1058 etiam

715 1090 970 1144 sacerdos
998 1090 1238 1160 quidem,
1272 1093 1356 1146 his
1382 1093 1749 1159 ministrabat,
1774 1111 1893 1163 qua:
1924 1095 1977 1149 in
2003 1109 2171 1164 puero
2194 1095 2277 1150 lex

717 1180 832 1234 ﬁeri
884 1181 1107 1250 jubebat
1140 1200 1153 1236 :
1190 1192 1245 1237 at
1291 1182 1519 1253 Symeon
1566 1199 1689 1238 cum
1734 1195 1881 1239 recte
1928 1185 2086 1240 factis
2136 1185 2277 1253 aliis,

717 1282 829 1325 tum
859 1276 1006 1329 senis
1027 1274 1225 1329 canitie
1259 1275 1603 1339 venerabilis,
1624 1276 1778 1345 juxta
1808 1276 1987 1331 divina
2020 1292 2278 1345 responsa

712 1367 857 1421 votis
894 1367 1194 1422 fruebatur.
1247 1367 1476 1438 Agnovit
1508 1384 1637 1422 vere
1680 1368 1926 1422 evenisse
1968 1383 2228 1438 responsa
2259 1386 2273 1421 :

719 1462 932 1528 agnovit
970 1475 1093 1513 eum
1125 1460 1215 1530 qui
1246 1459 1640 1529 praedicabatur
1677 1478 1690 1513 :
1728 1475 1851 1513 eum
1896 1460 2143 1529 portabat
2183 1459 2274 1529 qui

719 1550 886 1602 verbo
937 1552 1116 1604 omnia
1170 1559 1346 1619 portat
1390 1566 1403 1602 :
1444 1550 1662 1619 visaque
1714 1550 1928 1619 generis
1984 1550 2177 1614 salute,
2218 1566 2280 1605 ac

717 1641 971 1695 diviniori
1008 1642 1247 1711 repletus
1270 1641 1577 1701 dulcedine,
1605 1642 1753 1694 nullo
1784 1643 1894 1710 jam
1936 1642 2060 1694 vita:
2095 1657 2280 1695 amore

718 1733 1026 1787 tenebatur.
1071 1733 1211 1799 Quin
1259 1735 1438 1789 statim
1488 1744 1754 1802 praesente
1812 1734 2004 1798 salute,
2062 1748 2279 1787 carnem

717 1827 1013 1895 deponere.
1046 1836 1205 1895 atque
1233 1828 1316 1880 his
1346 1828 1508 1881 etiam
1532 1826 1620 1895 qui
1644 1834 1797 1879 erant
1823 1824 1874 1878 in
1904 1825 2116 1878 inferno
2158 1824 2278 1877 fau-

721 1924 865 1971 stum
890 1918 1079 1972 salutis
1101 1934 1165 1972 ac
1204 1918 1595 1987 redemptionis
1619 1917 1869 1971 nuntium
1897 1916 2111 1980 aderre,
2138 1926 2283 1971 totus

718 2008 1001 2077 gestiebat.
1029 2010 1206 2078 Atque
1232 2009 1396 2062 Deum
1421 2008 1637 2077 quidem
1658 2007 2029 2071 benedicebat,
2063 2006 2163 2060 hoc
2179 2014 2281 2071 est,

716 2099 966 2154 laudibus
1009 2108 1171 2169 atque
1222 2100 1448 2153 canticis
1487 2098 1794 2152 celebrabat
1835 2115 1847 2151 :
1902 2097 2098 2165 alioqui
2154 2110 2283 2150 vero

2386 1005 2550 1076 poris,
2575 1004 2944 1073 paulatimque
2965 1001 3254 1055 revelauda
3277 1010 3452 1063 erant,
3480 1008 3610 1054 tunc
3658 999 3748 1053 ille
3770 998 3959 1052 statim

2388 1104 2715 1165 repenteque
2746 1091 3083 1163 cognoverit.
3111 1092 3189 1145 Ac
3217 1106 3285 1144 ne
3312 1091 3399 1144 cui
3434 1090 3773 1143 occasionem
3814 1103 3963 1157 pra:-

2385 1187 2508 1239 beat
2531 1183 2786 1253 Opinandi
2819 1199 3012 1238 omnes
3062 1197 3121 1238 se
3141 1181 3369 1252 populos
3397 1179 3597 1243 dicere,
3625 1178 3716 1248 qui
3734 1177 3959 1232 Judazo-

2386 1293 2506 1331 rum
2559 1283 2715 1346 gente
2764 1275 3380 1345 comprehenderentur,
3462 1273 3563 1325 ista
3617 1271 3955 1341 subjungit:

2386 1369 2584 1423 Lumen
2611 1370 2680 1422 ad
2705 1368 3073 1423 reuelationem
3104 1368 3336 1439 gentium
3366 1382 3384 1420 :
3414 1366 3567 1435 quasi
3588 1364 3750 1426 dicat,
3782 1362 3960 1417 Nemo

2384 1468 2539 1530 putet
2566 1475 2782 1515 omnem
2811 1476 2899 1515 me
2924 1475 3120 1515 vocare
3172 1459 3458 1514 Judaicum
3506 1456 3761 1527 populum
3794 1473 3807 1507 :
3842 1456 3959 1508 imo

2386 1560 2559 1604 totum
2590 1553 2691 1607 hac
2722 1567 2855 1607 voce
2894 1550 3139 1622 significo
3171 1566 3342 1621 genus
3383 1552 3701 1603 humanum.
3737 1546 3959 1601 Etenim

2378 1664 2539 1717 quem
2585 1650 2757 1703 oculis
2788 1649 2967 1713 video,
3009 1649 3173 1716 inque
3215 1648 3358 1700 ulnis
3385 1646 3520 1709 fero,
3559 1646 3703 1699 salus
3732 1644 3833 1698 erit
3890 1658 3962 1695 ac

2378 1738 2682 1806 redemptio
2702 1739 2968 1792 omnium.
2987 1737 3173 1805 Neque
3198 1736 3314 1789 haec
3351 1736 3553 1790 dixisse
3581 1735 3713 1788 satis
3742 1735 3958 1797 habuit;

2377 1831 2471 1884 sed
2500 1831 2951 1901 condistiuguens
2999 1840 3189 1885 contra
3228 1828 3480 1883 lsraelem
3516 1844 3707 1882 omnes
3742 1836 3961 1912 gentes.

2382 1923 2661 1994 subiungit
2692 1942 2704 1976 :
2734 1924 2933 1977 Lumen
2963 1927 3031 1975 ad
3055 1922 3427 1975 reuelationem
3474 1921 3734 1990 gentium,
3761 1930 3807 1972 et
3840 1919 3963 1989 glo-

2381 2016 2519 2067 riam
2542 2016 2703 2082 plebis
2762 2025 2865 2069 tute
2903 2013 3071 2067 Israel
3100 2014 3144 2045 "
3172 2028 3191 2076 ς
3228 2012 3382 2081 quasi
3413 2011 3557 2066 dicat
3591 2028 3604 2064 :
3638 2008 3965 2063 Communis

2379 2104 2595 2173 quidem
2624 2105 2767 2158 salus
2790 2114 2893 2168 est,
2914 2118 3076 2173 quem
3106 2103 3159 2155 in
3182 2101 3321 2155 ulnis
3344 2109 3515 2171 gesto.
3546 2099 3721 2152 infans
3749 2098 3965 2152 cunctis

718 2193 879 2246 etiam
926 2192 1298 2258 benedicebat,
1338 2192 1483 2261 quod
1532 2191 1704 2245 factas
1745 2191 1846 2245 sibi
1887 2189 2279 2275 promissiones
2376 2196 2648 2266 gentibus,
2679 2210 2742 2249 ac
2774 2196 2954 2249 lsraeli
2988 2212 3001 2247 ε
3031 2210 3222 2248 verum
3250 2194 3504 2255 gentibus
3526 2192 3742 2261 quidem
3770 2190 3963 2243 lumen

718 2285 963 2338 evenisse
994 2285 1220 2348 videret,
1254 2285 1395 2354 quod
1415 2284 1629 2338 lsraelis
1659 2282 2082 2337 consolationem
2106 2280 2277 2335 oculis
2374 2298 2475 2354 est,
2500 2289 2641 2358 quod
2664 2289 2730 2342 ab
2758 2286 3073 2342 idololatriae
3105 2288 3299 2341 educat
3325 2284 3561 2339 tenebris
3585 2301 3598 2337 :
3618 2283 3800 2338 lsraeli
3827 2297 3965 2335 vero

717 2391 995 2449 aspectare
1037 2390 1199 2449 atque
1222 2379 1472 2433 manibus
1490 2388 1698 2449 gestare
1715 2377 2030 2432 meruisset:
2056 2375 2288 2443 hincque
2318 2377 2359 2431 Β
2388 2380 2576 2451 gloria,
2615 2380 2757 2448 quod
2788 2379 2908 2433 data
2941 2378 3066 2433 olim
3096 2378 3199 2431 illis
3225 2377 3436 2448 legalia,
3468 2376 3663 2445 quibus
3678 2374 3745 2428 ab
3782 2373 3964 2427 idolo-

718 2487 873 2526 sacro
904 2472 1095 2540 plenus
1133 2472 1348 2541 gaudio,
1406 2469 1592 2533 Nunc,
1650 2470 1844 2539 inquit,
1906 2469 2127 2521 dimittis
2168 2484 2282 2519 ser-

718 2580 839 2625 pum
877 2572 1024 2615 tuum
1062 2564 1116 2615 in
1156 2577 1283 2629 pace
1339 2563 1410 2615 “.
1466 2560 1693 2626 Quando
1742 2561 2131 2631 promissorum
2180 2574 2281 2611 na-

718 2662 839 2707 ctus
895 2668 1013 2706 sum
1058 2654 1239 2714 linem.
1277 2652 1437 2705 tinem
1489 2666 1705 2720 quoque
1736 2649 1980 2704 mortalis
2004 2648 2111 2702 vita
2138 2647 2281 2701 acci-

718 2746 830 2815 piat
852 2764 865 2799 :
886 2762 1007 2800 nam
1032 2745 1145 2801 bzec
1167 2746 1299 2799 mihi
1326 2744 1551 2799 verbum
1571 2753 1723 2797 tuum
1750 2742 1878 2796 olim
1908 2740 2276 2810 promittebat.

719 2838 930 2893 Etenim
953 2838 1065 2893 fore
1098 2848 1156 2893 ut
1178 2854 1281 2892 non
1301 2838 1538 2893 viderem
1557 2845 1784 2890 mortem
1809 2835 1909 2887 nisi
1932 2833 2048 2886 viso
2069 2834 2281 2887 Christo

719 2930 1091 3000 Domini,ipse
1125 2930 1333 3000 pridem
1368 2929 1499 2982 mihi
1533 2927 1802 2997 pollicitus
1827 2941 1967 2980 eras.
1989 2926 2124 2990 Quia
2155 2940 2281 2978 vero

720 3022 775 3076 in
823 3038 972 3077 meos
1019 3023 1367 3076 incurrerunt
1410 3022 1616 3080 oculos,
1663 3033 1783 3088 qua:
1808 3017 2121 3087 cupiebam,
2162 3031 2281 3085 qtue

717 3115 1046 3184 quaerebam,
1119 3128 1348 3182 quorum
1396 3110 1669 3165 desiderio
1740 3108 2071 3168 :estuabam,
2130 3107 2281 3159 Nunc

719 3208 938 3261 dimittis
982 3224 1185 3260 servum
1235 3217 1407 3265 tuum,
1452 3203 1541 3273 qui
1589 3219 1693 3257 nec
1740 3202 1930 3255 mortis
1980 3199 2278 3269 periculum

722 3308 933 3368 paveat,
966 3315 1065 3353 nec
1095 3298 1385 3352 duhietatis
1417 3293 1833 3366 cogitationibus
1861 3300 2147 3352 terreatur,
2185 3289 2279 3343 sed

721 3392 874 3446 firma
921 3392 1158 3463 potiatur
1208 3405 1359 3460 pace,
1413 3403 1476 3443 ac
1533 3402 1653 3456 qua:
1705 3385 1942 3439 lzetitiam
1993 3382 2281 3451 plurimam

720 3485 915 3555 pariat.
952 3484 1163 3540 Etenim
1188 3483 1295 3537 vidi
1332 3483 1563 3536 salutare
1593 3480 1835 3534 omnium
1868 3478 2208 3546 populorum.

792 3577 870 3629 Ac
899 3575 1038 3640 vide,
1066 3589 1268 3644 quaeso,
1308 3573 1475 3627 divini
1498 3571 1748 3653 sacrique
1782 3569 1928 3623 senis
1967 3575 2277 3621 accuratam

720 3668 1074 3739 diligentiam.
1104 3668 1421 3736 Priusquam
1451 3665 1595 3719 enim
1626 3663 1765 3717 beati
1802 3662 1943 3715 illius
1986 3659 2277 3729 spectaculi

2383 2488 2504 2525 rum
2541 2473 2719 2526 cultus
2746 2480 3091 2526 emerserunt
3119 2470 3368 2540 caligine,
3402 2470 3457 2522 in
3492 2468 3715 2539 gloriam
3742 2482 3802 2520 ac
3828 2481 3965 2535 per—

2382 2562 2671 2617 lectionem
2710 2577 3074 2617 conversurus
3114 2562 3201 2615 sit.
3246 2560 3513 2615 Praeterea
3566 2559 3729 2613 etiam
3786 2557 3964 2627 gloria

2381 2662 2464 2705 est
2505 2661 2664 2705 natus
2692 2668 2827 2721 puer
2864 2650 3137 2705 lsraelitici
3176 2651 3385 2720 populi,
3437 2660 3689 2718 tanquam
3742 2648 3835 2717 qui
3888 2664 3963 2702 ex

2382 2743 2677 2797 Abrahami
2728 2743 2936 2797 semine
2980 2742 3142 2796 homo
3172 2742 3463 2808 exstiterit.
3498 2741 3695 2794 Eadem
3743 2739 3856 2794 fere
3902 2750 3967 2793 et

2344 2882 2360 2903 ._
2382 2836 2547 2889 Isaias
2570 2835 2809 2889 clamans
2847 2833 2920 2887 ait
2953 2853 2967 2888 :
2998 2833 3129 2886 Ecce
3157 2835 3313 2903 posui
3342 2834 3390 2901 εξ
3426 2833 3481 2884 in
3509 2832 3675 2885 lucem
3706 2833 3962 2900 gentium,

2383 2936 2438 2979 ut
2482 2926 2692 2995 aperias
2732 2926 2908 2978 oculos
2956 2942 3210 2978 ctecorum
3256 2925 3339 2989 ⁹³;
3374 2925 3477 2978 hoc
3507 2933 3607 2989 est,
3632 2924 3735 2977 illis
3779 2923 3962 2977 visum

2383 3018 2639 3088 praebeas.
2681 3017 2962 3085 lucemque
3010 3032 3039 3070 a
3094 3010 3354 3077 tenebris,
3411 3026 3572 3086 atque
3614 3033 3643 3069 a
3674 3015 3964 3070 mendacio

2381 3111 2684 3173 veritatem,
2722 3111 2788 3163 ab
2835 3124 3018 3164 errore
3063 3111 3321 3179 pietatem
3371 3110 3669 3163 discernes.
3720 3108 3873 3163 Unde
3904 3118 3967 3162 et

2380 3202 2547 3255 David
2579 3202 2719 3256 banc
2772 3202 3069 3271 prtedicans
3102 3203 3353 3267 salutem,
3402 3203 3658 3271 velutque
3688 3202 3966 3271 plaudens

2381 3294 2654 3357 manibus,
2686 3309 2748 3347 ac
2779 3295 2975 3348 choros
2995 3295 3237 3349 ducens:
3265 3293 3475 3361 Omnes,
3520 3295 3718 3363 inquit,
3755 3303 3958 3363 gentes,

2381 3383 2614 3451 plaudite
2638 3385 2899 3450 manibus,
2920 3387 3165 3454 quoniam
3192 3385 3441 3439 Dominus
3472 3385 3719 3446 excelsus,
3747 3384 3962 3438 terribi-

2382 3476 2466 3540 lis,
2490 3474 2599 3529 Rea:
2626 3493 2845 3544 magnus
2871 3493 3025 3544 super
3046 3493 3249 3530 omnem
3273 3477 3622 3530 terram“-".
3650 3475 3740 3531 Sin
3776 3486 3966 3531 autem

2380 3566 2581 3621 Christi
2607 3568 2839 3637 populus
2869 3569 3085 3633 dicitur,
3109 3580 3297 3639 estque
3319 3570 3481 3622 Israel
3520 3577 3579 3622 ut
3608 3569 3963 3639 distinguitur

2380 3659 2699 3727 agentibus;
2758 3658 3107 3729 distinguitur
3180 3670 3359 3714 autem
3442 3658 3687 3715 Mosaicis
3748 3659 3965 3729 legibus

720 3738 944 3829 compos
1031 3760 1363 3821 efﬁceretur,
1439 3755 1785 3826 exspectabat
1856 3752 2279 3807 consolationem
2310 3738 2354 3798 C
2385 3757 2546 3817 atque
2584 3750 2846 3812 moribus,
2878 3765 3186 3819 quanquam
3216 3752 3459 3805 nondum
3504 3751 3729 3821 gratiam
3762 3766 3963 3805 conse—

719 3850 886 3907 lsrael
916 3872 928 3907 :
956 3862 1011 3907 at
1042 3852 1130 3906 ubi
1164 3852 1305 3920 quod
1338 3851 1584 3921 sperabat
1635 3863 1697 3901 ac
1728 3846 1979 3915 cupiebat
2012 3842 2276 3907 obtinuit“,

720 3961 829 3999 non
856 3946 966 4014 jam
988 3942 1410 3997 consolationem
1434 3941 1649 4003 clamat,
1674 3938 1765 3991 sed
1790 3935 2028 3990 omnium
2053 3935 2279 3987 salutem

720 4034 1039 4103 p0pulorum
1063 4051 1075 4086 :
1097 4033 1175 4087 sic
1205 4032 1457 4085 nimirum
1484 4029 1629 4083 omni
1658 4041 1908 4081 sermone
1955 4039 2017 4077 ac
2046 4024 2279 4093 cogitatu

719 4128 893 4198 major
935 4127 1023 4182 ille
1070 4127 1125 4181 in
1168 4140 1337 4195 puero
1387 4123 1565 4193 fulgor
1612 4121 1789 4174 virum
1866 4118 2278 4187 perstrinxerat.

719 4540 889 4597 Photii
928 4537 1241 4606 patriarcha:
1271 4535 1855 4606 Constantinopolitani,
1882 4552 2025 4606 novre
2088 4552 2284 4595 sanctae

786 4610 880 4663 Dei
930 4605 1207 4663 Cenitricis
1243 4607 1486 4667 ecclesiae,
1548 4608 1604 4658 in
1632 4605 1831 4674 palatio
1861 4624 1893 4659 a
1929 4605 2130 4662 Basilio
2158 4611 2270 4664 Ma-

782 4680 972 4733 cedone
1008 4687 1301 4739 exstructa',
1328 4677 1604 4744 descriptio
1640 4676 1736 4744 (4).

2383 3850 2565 3904 cutus,
2620 3840 2845 3909 ejusque
2901 3857 3124 3911 compos
3160 3841 3356 3902 factus.
3394 3858 3539 3907 cum,
3577 3843 3817 3912 inquam,
3862 3841 3963 3910 qui

2380 3932 2433 3985 in
2467 3931 2647 3986 Veteri
2672 3934 3019 3989 Testamento
3053 3944 3135 3990 est
3166 3936 3285 4003 ejus
3313 3936 3547 4005 populus
3569 3936 3655 4001 sit,
3684 3935 3964 4005 quomodo

2380 4024 2487 4081 nOn
2522 4028 2881 4082 obstruuntur
2923 4027 3133 4098 perdita
3182 4027 3603 4083 Manichzeorum
3654 4041 3771 4093 ora,
3827 4040 3955 4096 quae

2380 4119 2445 4175 ad
2476 4118 2619 4173 aliud
2650 4134 2745 4174 eos
2776 4118 3104 4189 principium
3141 4117 3429 4174 referunt?

2391 4540 2615 4595 Φωτίου
2662 4541 3025 4609 πατριάρχου
3070 4538 3754 4604 Κωνσταντινουπόλεως
3779 4579 3793 4598 .
3854 4538 3959 4593 ἐκ·

2445 4626 2663 4680 φρασις
2694 4610 2803 4677 τῆς
2824 4613 2891 4663 ἐν
2917 4610 3041 4675 τοῖς
3060 4611 3401 4674 ,βασιλείοις
3436 4610 3578 4671 νέας
3624 4610 3959 4677 ἐκκλησίας

2447 4680 2557 4747 τῆς
2599 4683 2923 4749 ὺπεραγίας
2973 4683 3290 4743 Θεοτόκου,
3323 4681 3441 4733 ὑπὸ
3476 4680 3797 4733 Βασιλείαν
3843 4680 3956 4733 τοῦ

2450 4751 2792 4816 Μακεδόνος
2826 4750 3344 4820 οὶκοδομηθείσης.

1734 4878 2332 4945 (Εοιίιιεπιε.,·Μαηίριιιυε
2355 4898 2518 4936 rerum
2542 4888 2702 4937 Const.
2730 4899 2777 4947 p.
2804 4884 2938 4947 296.)

780 5006 985 5059 Lzetum
1042 5004 1200 5059 video
1258 5005 1538 5073 praesentis
1585 5006 1689 5061 diei
1763 5018 2087 5063 conventum
2136 5027 2150 5063 :
2208 5027 2271 5067 ac

2444 5014 2669 5084 Φαιδρδν
2702 5013 2815 5085 ὁρῶ
2868 5014 2965 5083 τῆς
3023 5014 3303 5084 παρούσης
3364 5012 3580 5083 ἡμέρας
3622 5012 3715 5066 τὸν
3764 5012 3955 5066 σύλλο-

712 5100 923 5167 qualem
955 5113 1116 5153 nemo
1145 5099 1381 5152 humana
1414 5100 1629 5153 solertia
1663 5109 1823 5169 atque
1854 5118 2039 5170 opera,
2070 5119 2132 5157 ac
2162 5105 2267 5159 nisi
2298 5111 2344 5169 ι)
2372 5123 2485 5173 γον,
2514 5106 2608 5158 καὶ
2646 5098 2755 5156 οἷον
2800 5104 2898 5156 οὐκ
2945 5105 3011 5159 ἄν
3066 5122 3147 5166 τις

2372 5123 2485 5173 γον,
2514 5106 2608 5158 καὶ
2646 5098 2755 5156 οἷον
2800 5104 2898 5156 οὐκ
2945 5105 3011 5159 ἄν
3066 5122 3147 5166 τις
3200 5104 3523 5175 ἀνθρωπίνῳ
3582 5104 3958 5174 σπουδάσματι

711 5188 878 5243 divini
939 5186 1122 5241 alllatu
1168 5183 1417 5240 Numinis
1456 5186 1688 5242 conﬂare
1758 5191 2012 5257 potuerit.
2059 5194 2261 5256 Quam-

777 5334 821 5364 "
867 5330 1002 5384 Luc.
1038 5347 1096 5394 ιι,
1122 5329 1211 5386 29.

2369 5193 2462 5245 καὶ
2508 5192 2675 5261 χωρὶς
2735 5190 2883 5254 Θείας
2932 5191 3299 5262 συγκροτῆται
3355 5194 3527 5263 ῥοπῆς
3577 5192 3953 5263 κατισχύσειε.

1292 5331 1336 5361 "
1367 5330 1497 5384 ibid.
1536 5330 1623 5383 52.
1700 5332 1745 5362 ’³
1780 5333 1882 5386 lsa.
1916 5346 2056 5401 xux,
2086 5334 2138 5388 6.
2212 5334 2328 5367 ’Μ’
2359 5335 2500 5388 Psal.
2535 5350 2677 5397 xui,
2711 5335 2766 5387 2.

2203 5477 2432 5533 ΝΟΤᾹΞ.

781 5618 854 5684 t3)
887 5615 963 5669 Ex
994 5614 1109 5668 Cat.
1169 5614 1317 5666 card.
1355 5612 1488 5684 Miaz.

778 5683 871 5751 (5‘)
901 5687 973 5739 lla
989 5685 1055 5738 de
1082 5684 1349 5756 Symeonc
1380 5683 1758 5756 Theophanes,
1790 5685 2132 5756 Euthymius,
2156 5698 2264 5744 etc.

780 5759 855 5827 (4)
887 5756 1067 5811 Edidit
1093 5755 1279 5827 Graece
1322 5753 1637 5807 Lambecius
1663 5771 1692 5807 c
1728 5759 1870 5824 regia
1914 5753 2119 5826 Lupum
2159 5777 2169 5808 :
2201 5762 2266 5812 li-

708 5825 983 5883 buit'mihi
1030 5838 1083 5880 et
1131 5825 1318 5897 [satine
1354 5836 1760 5891 reprmsentare.
1808 5825 2009 5882 Laudat
2043 5831 2265 5897 perinde

708 5899 1100 5955 Constantinus
1135 5895 1644 5965 Porphyrogenneta
1696 5897 1835 5951 illam
1884 5895 2061 5954 Basilii
2098 5900 2271 5957 Mace-

2369 5619 2545 5678 donis.
2572 5616 2910 5671 exstruendis
2936 5631 3030 5670 seu
3055 5616 3217 5671 etiam
3241 5616 3549 5671 reficiendis
3575 5615 3776 5669 divinis
3804 5626 3949 5669 tem-

2415 5692 2499 5752 lis,
2530 5688 2841 5757 religionem
2864 5701 2927 5739 ac
2952 5687 3399 5756 magnificentiam
3430 5704 3441 5738 :
3476 5687 3640 5755 inque
3658 5686 3743 5757 eis
3767 5687 3950 5755 ipsum

2416 5707 2499 5752 IIS,
2530 5707 2841 5757 reltglonem
2864 5707 2927 5739 ac
2952 5707 3399 5756 lnagnulcentlam
3430 5707 3441 5738 :
3476 5707 3640 5755 tuque
3661 5707 3743 5739 eis
3767 5707 3950 5755 Ipsum

2375 5707 2477 5815 iioc
2509 5760 2768 5827 templum
2799 5773 2853 5809 n.
2886 5758 2952 5810 55
2973 5758 3090 5825 ejus
3118 5757 3249 5811 Viue
3279 5758 3463 5811 multis
3494 5756 3775 5810 describit.
3810 5758 3950 5821 Qui-

2372 5832 2495 5884 dam
2528 5839 2705 5882 tameu
2742 5828 2870 5879 vitio
2912 5827 3043 5879 dant
3086 5829 3253 5896 tried,
3309 5835 3569 5894 occupata
3601 5827 3945 5894 ejuscemodi

2380 5900 2622 5960 aedificiis
2668 5899 2861 5963 classe,
2909 5898 3070 5955 libr."-
3130 5897 3416 5954 Saracenis
3470 5906 3632 5967 atque
3686 5896 3942 5953 Barbaris
