4242 6438
260 409 366 474 565

935 410 1262 471 HOMILIA
1302 408 1419 474 III.
1454 433 1524 443 -··
1552 408 1633 467 IN
1672 406 2179 468 DEDICATIONE
2219 407 2433 470 NOVIE
2476 406 2857 466 BASILICJE.

3398 402 3499 465 566

262 546 356 597 Διὸ
386 544 480 597 καὶ
513 543 720 614 τερπνά
750 544 847 613 τῆς
874 546 1095 615 χάριτος
1127 546 1543 615 ὑποδέχομαιτά
1568 546 1837 616 χαρίσμα-
1871 529 1912 583 Α

1825 578 1837 587 -
1871 529 1912 583 Α
1942 545 2129 600 obrem
2157 545 2319 598 etiam
2340 544 2577 614 jucunda
2611 544 2792 611 gratia:
2823 542 3058 609 suscipio
3089 555 3339 601 munera,
3368 557 3500 593 una-

258 654 351 699 τα,
379 636 473 689 καὶ
503 634 581 705 τῷ
607 634 841 705 Χριστοῦ
877 635 1111 705 ποιμνίῳ
1140 635 1578 706 ὲνευθηνουμένῳ
1607 639 1699 689 καὶ
1722 637 1841 706 χαί-

265 743 413 793 ροντι
437 724 932 794 συναγελαζόμενος
951 727 1328 796 ὲπαγάλλομαι
1348 740 1363 755 ⁸
1388 728 1447 779 ού
1476 727 1662 796 μέχρις
1684 727 1842 797 ήμῶν

258 818 750 887 περιγραφομένην
796 818 896 887 τὴν
940 817 1274 888 τερπνότητα
1309 820 1401 870 καὶ
1444 818 1709 887 θυμηδίαν
1744 818 1841 884 τῆς

261 910 625 978 πανηγύρεως
652 909 1031 977 ἐπιστάμενος,
1064 908 1180 961 ἀλλ’
1214 911 1293 971 εἰς
1324 909 1483 963 αὐτὸν
1526 909 1618 961 τὸν
1665 910 1842 961 κοινὸν

262 1000 543 1068 Δεσπότην
600 1000 1011 1070 ἀναφερομένην
1058 1000 1215 1063 εἰδὼς
1265 1001 1361 1072 τὴν
1414 1001 1837 1073 σεϐασμιότητα.

264 1091 601 1161 Λαμπρότης
633 1091 740 1162 γὰρ
768 1092 1126 1161 πανηγύρεως
1147 1133 1161 1154 .
1192 1094 1314 1146 ὅσον
1364 1094 1523 1163 ἡμῶν
1555 1096 1662 1147 τῶν
1702 1112 1839 1147 παν-

264 1185 636 1253 ηγυριζόντων
664 1186 725 1239 τὸ
757 1187 1159 1255 σεμνολὸγημα,
1178 1186 1429 1239 τοσοῦτον
1447 1188 1546 1254 τῆς
1579 1190 1837 1239 Δεσποτι-

266 1275 370 1342 κῆς
393 1277 613 1345 ἀγάπης
642 1277 840 1349 ἐναργῆ
866 1278 1257 1347 παρέχεταιτά
1289 1280 1840 1349 γνωρίσματα.“’οταν

264 1366 326 1418 δὲ
363 1368 496 1435 μηδὲ
544 1368 652 1420 τῶν
700 1369 929 1440 έτησίως
978 1372 1071 1422 καὶ
1122 1370 1365 1439 συνήθως
1412 1370 1840 1439 ἐπιτελουμένων

268 1460 354 1527 εἴη
388 1460 487 1527 τὴν
510 1460 812 1530 ἀνάμνησιν
843 1461 1191 1533 ἑορτάζουσα,
1217 1461 1351 1513 ἀλλά
1377 1462 1572 1532 καινήν
1600 1480 1720 1514 τινα
1747 1464 1841 1515 καὶ

268 1550 540 1620 ἀρτιφανῆ
575 1551 671 1622 τὴν
702 1555 780 1615 εἰς
806 1552 938 1604 Θεὸν
974 1553 1137 1623 τιμήν
1168 1552 1547 1619 ὲγκαινίζουσα
1571 1594 1586 1617 ,
1615 1555 1730 1615 πῶς
1777 1555 1838 1607 ού

268 1642 474 1708 μᾶλλον
524 1642 603 1694 ἔτι
651 1645 744 1697 καὶ
786 1644 875 1696 τὸν
925 1644 1069 1697 θεῖον
1126 1646 1303 1714 ἔρωτα
1358 1645 1696 1715 ἀναδειχθειη
1743 1647 1837 1697 ὲκ-

272 1732 598 1801 πυρεύοντα,
626 1736 720 1787 καὶ
744 1736 841 1802 τὴν
870 1736 977 1788 τῶν
1002 1736 1364 1805 ἑορταζόντων
1394 1738 1724 1807 κοσμιότητα
1746 1738 1838 1790 καὶ

1944 652 2049 706 que
2096 651 2216 691 cum
2255 645 2443 704 vegeto
2490 650 2552 689 ac
2590 634 2796 704 pingui,
2845 634 3074 701 lietoqae
3108 632 3306 685 Christi
3347 649 3505 702 grege

1942 734 2273 779 conventum
2302 732 2516 793 agente,
2547 724 2730 777 laatitia
2768 723 3122 790 exsulto;qui
3156 738 3368 791 nempe.
3395 740 3502 775 non

1942 818 2008 871 ad
2056 833 2153 869 nos
2183 818 2441 869 duntaxat
2472 815 2832 870 solemnitatis
2867 814 3105 866 laetitiam
3143 830 3205 867 ac
3246 815 3504 882 jucundi-

1944 917 2109 961 tatem
2160 906 2299 959 finiri
2342 906 2651 975 intelligam,
2700 908 2792 958 sed
2834 905 2899 957 ad
2950 904 3126 973 ipsum
3159 920 3504 958 communem

1945 1001 2231 1055 Dominum
2263 1001 2380 1069 ejus
2410 999 2809 1051 venerationem
2835 1008 3081 1065 spectare
3113 1013 3218 1048 non
3247 996 3505 1050 nesciam.

1944 1094 2313 1147 Solemnitatis
2363 1108 2597 1160 namque
2626 1090 2902 1159 splendor,
2940 1099 3142 1157 quanta
3177 1090 3333 1141 nobis
3363 1088 3508 1140 ce'c-

1942 1185 2226 1239 branlibus
2268 1185 2512 1253 gloriatio
2559 1191 2661 1239 est,
2716 1191 2923 1233 tantum
2972 1182 3110 1249 ejus,
3166 1195 3269 1247 qua
3328 1180 3508 1230 Domi—

1942 1293 2073 1330 tium
2132 1277 2540 1346 prosequimur,
2593 1274 2898 1327 dilectionis
2949 1273 3235 1325 manifesta
3296 1272 3499 1338 prae-bet

1943 1368 2159 1422 iudicia.
2217 1366 2443 1433 Quando
2487 1383 2635 1427 vero,
2681 1382 2747 1419 ne
2782 1381 2970 1417 eorum
3005 1366 3224 1432 quidem
3260 1379 3379 1430 qum
3413 1378 3510 1412 an-

1940 1475 2051 1514 nuo
2083 1476 2147 1513 ex
2195 1474 2344 1513 more
2377 1458 2479 1511 ritu
2526 1466 2875 1525 peraguntur,
2904 1458 3221 1508 memoriam
3250 1453 3508 1510 celebrat,

1940 1552 2035 1606 sed
2080 1551 2204 1604 novi
2251 1549 2533 1618 cujusdam
2592 1547 2933 1615 recentisque
2984 1547 3037 1599 in
3088 1547 3255 1598 Deum
3292 1544 3511 1597 honoris

1939 1642 2179 1697 encaenia
2232 1642 2413 1700 habet,
2469 1639 2739 1707 quomodo
2784 1655 2891 1691 non
2938 1640 3100 1691 etiam
3143 1638 3310 1705 magis
3340 1636 3511 1688 divini

1938 1735 2209 1788 ﬂammam
2248 1728 2450 1785 amoris
2480 1732 2808 1797 accenderit,
2852 1731 3130 1799 magisque
3182 1731 3343 1782 etiam
3406 1744 3497 1781 eo-

270 1824 332 1874 τὸ
355 1822 505 1884 κλέος
528 1826 785 1878 ἑπιπλέον
805 1828 1243 1894 ἀναπτύσσουσα;
1264 1829 1421 1882 Ἀλλά
1440 1830 1523 1890 τίς
1545 1831 1576 1899 ή
1600 1828 1834 1900 τοσαύτη
1869 1869 1911 1923 Β
1941 1845 1945 1878 l

1869 1842 2059 1923 Brum
2127 1825 2217 1894 qui
2274 1824 2550 1878 celebrant
2602 1838 2811 1875 morum
2862 1822 3199 1874 honestatem
3260 1820 3511 1888 gloriatu-

272 1913 367 1965 τοῦ
401 1915 635 1985 πλήθους
672 1918 939 1989 συνδρομή
984 1922 1077 1973 καὶ
1122 1921 1464 1987 συνέλευσις;
1497 1922 1590 1983 Τίς
1626 1924 1658 1993 ή
1698 1941 1834 1975 παν-

273 2006 506 2075 ήγυρις;
558 2009 620 2060 Τί
672 2010 731 2061 τὸ
789 2012 1123 2078 συγκαλέσαν
1169 2012 1263 2065 καὶ
1306 2014 1636 2082 συγκινῆσαν
1690 2015 1836 2083 ἡμᾶς

276 2096 549 2162 ἆπαντας;
582 2097 842 2152 Βούλεσθε
872 2102 1043 2163 εἴπω,
1088 2102 1121 2170 ἦ
1156 2101 1318 2154 καλὸν
1352 2103 1544 2171 ἐκείνῳ
1590 2120 1840 2172 παραχω-

279 2184 443 2253 ρῆσαι
488 2188 579 2237 καὶ
623 2190 794 2240 εἰπεῖν
842 2192 933 2242 καὶ
966 2191 1170 2256 διδάξαι
1205 2192 1301 2259 τῆς
1346 2192 1702 2261 πανηγύρεως
1741 2192 1839 2262 τὴν

279 2275 553 2343 ὑπόθεσιν,
588 2279 663 2347 τῷ
699 2283 919 2351 χορηγῷ
964 2300 1022 2334 τε
1070 2283 1185 2351 ἆμα
1231 2283 1433 2351 ταύτης
1467 2286 1561 2337 καὶ
1601 2284 1747 2353 σοφῷ
1776 2303 1838 2352 γε

280 2368 618 2435 ἀρχιτέκτονι
645 2386 657 2434 ;
692 2372 921 2435 Ἐκεῖνος
952 2374 1043 2426 καὶ
1078 2375 1257 2437 ἱκανὸς
1288 2374 1463 2440 λόγοις
1504 2377 1848 2445 παραστῆσαι

281 2459 343 2510 τὸ
378 2462 754 2530 προκείμενον,
795 2464 851 2524 ὃς
882 2466 1002 2527 τοὺς
1034 2467 1238 2528 τύπους
1274 2466 1383 2518 τῶν
1427 2471 1763 2537 πραγμάτων
1792 2470 1848 2521 ὲν

283 2551 349 2618 τῇ
377 2548 520 2619 ψυχῇ
555 2553 962 2623 προενθέμενος,
990 2556 1265 2625 ἀμξμητον
1299 2557 1457 2627 ἔργον
1478 2559 1569 2611 ἐπὶ
1596 2560 1699 2626 γῆς
1724 2577 1851 2610 παν-

287 2640 465 2709 σόφως
499 2643 862 2714 ὑπεστήσατο.

358 2818 495 2887 Λέγε
530 2822 818 2891 τοιγαροῦν
852 2827 1011 2893 ήμῖν,
1048 2819 1093 2877 ὦ
1123 2825 1383 2893 βασιλέων
1421 2827 1854 2897 φιλοχριστότατε

288 2914 384 2964 καὶ
417 2913 791 2979 Θεοφιλέστατε
809 2958 822 2979 ,
850 2919 943 2969 καὶ
978 2919 1183 2980 πάντας
1212 2920 1337 2981 τοὺς
1356 2920 1659 2988 ἔμπροσθεν
1691 2923 1855 2974 νικῶν

286 3018 348 3053 τε
405 3003 519 3071 ἅμα
561 3007 654 3056 καὶ
696 3006 961 3078 λαμπρῶς
995 3008 1296 3079 φαιδρύνων
1342 3012 1407 3079 τῇ
1464 3012 1717 3081 κοινωνὶᾳ
1763 3012 1854 3063 τοῦ

291 3093 613 3161 ἀξιώματος.
646 3099 781 3164 Λέγε
810 3099 1119 3170 προθύμους
1138 3142 1151 3163 ,
1177 3100 1253 3162 ὡς
1281 3103 1445 3171 ὁρᾷς,
1470 3103 1595 3163 τοὺς
1625 3103 1855 3155 ἀκουσο-

296 3188 490 3256 μένους
512 3190 667 3258 ἕχων,
692 3193 774 3259 ἐφ’
789 3193 923 3263 ὅπερ
950 3194 1093 3263 ήμᾶς
1129 3193 1509 3256 συνεκάλεσας.
1543 3193 1724 3258 Δεῖξον
1745 3198 1857 3258 τοῖς

1939 1934 2045 1988 que
2078 1919 2135 1971 in
2174 1918 2352 1971 lucem
2427 1914 2756 1983 protulerit?
2786 1916 2873 1971 At.
2908 1915 3127 1981 quinam
3182 1920 3362 1962 tantus
3426 1910 3513 1961 liic

1935 2011 2110 2082 plebis
2161 2025 2461 2065 concursus
2506 2016 2667 2075 atque
2703 2006 3051 2060 conventus?
3105 2023 3222 2075 qua:
3281 2021 3511 2075 panegy-

1937 2104 2055 2156 ris?
2102 2102 2223 2171 quis
2273 2116 2372 2153 nos
2420 2116 2611 2153 omnes
2660 2101 2863 2169 pariter
2921 2099 3131 2151 vocavit
3182 2114 3245 2150 ac
3313 2098 3514 2149 traxit?

1936 2189 2114 2244 Vultis
2182 2188 2417 2242 dicam?
2478 2203 2547 2240 an
2610 2198 2833 2256 praastet
2895 2188 2943 2241 ei
3030 2187 3355 2256 propensius
3427 2186 3509 2237 di-

1942 2281 2097 2336 cendi
2144 2290 2306 2348 atque
2359 2279 2588 2333 docendi
2624 2289 2802 2348 partes
2830 2280 3107 2341 cedamus,
3137 2280 3225 2347 qui
3262 2279 3515 2331 solemni-

1949 2369 2073 2421 tatis
2110 2368 2323 2421 occasio
2375 2384 2437 2421 ac
2473 2384 2633 2421 causa
2688 2369 2796 2433 sit;
2834 2368 2927 2437 qui
2978 2370 3095 2437 ejus
3138 2380 3189 2422 et
3220 2378 3429 2429 auctor,
3461 2376 3515 2421 et

1947 2461 2166 2528 sapiens
2219 2460 2549 2513 architectus
2604 2461 2851 2513 exsistit?
2908 2462 2997 2514 Ille
3027 2461 3170 2513 enim
3203 2461 3363 2514 etiam
3400 2475 3515 2512 mc-

1950 2553 2052 2606 rito
2084 2554 2385 2621 subjectum
2421 2560 2798 2621 argumentum
2845 2554 3186 2606 sermonibus
3220 2568 3517 2621 reprzeSi-n—

1951 2646 2166 2707 taverit,
2218 2646 2309 2713 qui
2352 2654 2481 2698 ante
2533 2646 2712 2698 animo
2761 2647 3036 2714 conceptis
3083 2662 3259 2699 rerum
3311 2644 3515 2707 formis,

1961 2739 2107 2793 omni
2138 2739 2313 2807 majus
2348 2738 2649 2791 imitatione
2678 2738 2730 2791 in
2762 2748 2903 2791 terra
2932 2755 3069 2808 opus
3100 2739 3361 2793 condidit.

2032 2829 2190 2884 Dicas
2239 2830 2400 2899 igitur
2446 2829 2623 2893 nobis,
2673 2846 2707 2882 ο
2751 2830 3044 2898 imperator
3089 2830 3289 2883 Christi
3334 2843 3522 2881 aman-

1963 2922 2169 2976 tissime
2229 2936 2293 2974 ac
2354 2921 2775 2989 religiosissime.
2831 2930 3162 2990 cunctosque
3217 2923 3524 2988 superiores

1962 3014 2077 3081 ipse
2127 3013 2327 3080 pariter
2374 3012 2618 3075 vincens,
2659 3028 2721 3065 ac
2769 3012 3041 3082 dignitatis
3086 3014 3358 3067 consortio
3384 3028 3526 3081 pra:-

1963 3105 2106 3158 clare
2151 3103 2482 3157 exhilarans.
2513 3103 2687 3165 Dicas,
2720 3104 2829 3166 cui,
2863 3114 2921 3157 ut
2950 3105 3122 3167 vides,
3152 3105 3299 3156 omni
3334 3104 3525 3156 alacri-

1964 3204 2073 3249 tate
2110 3204 2309 3264 praesto
2365 3195 2641 3249 auditores
2690 3196 2818 3259 sint,
2851 3212 2957 3264 qua
2990 3212 3053 3249 ex
3076 3212 3237 3249 causa
3265 3196 3527 3249 invitat-e-

1780 3312 2006 3368 ΝΟΤᾸΞ.

298 3403 609 3476 incursandi
640 3403 897 3476 ditionem
920 3402 1214 3476 Romanam
1235 3404 1461 3459 facultas
1483 3415 1648 3476 esset,
1682 3408 1853 3476 captis
1878 3409 1920 3468 C
1956 3425 1973 3457 ι

1878 3409 1920 3468 C
1956 3408 2049 3461 καὶ
2083 3408 2349 3463 Νικολάου
2383 3409 2476 3461 τοῦ
2512 3410 2567 3460 ὲν
2629 3407 2909 3476 ἱεράρχαις
2960 3405 3359 3476 πρωτεύοντος,
3389 3404 3528 3476 Θνεῖον

295 3475 457 3528 etiam
513 3473 790 3542 Syracusis
848 3490 875 3525 a
929 3474 1468 3543 Carthaginensibus.
1544 3475 1635 3528 Sic
1693 3473 1849 3529 Joau.

298 3545 452 3613 Sylit.
502 3554 552 3597 et
598 3543 707 3595 alii.
758 3542 1007 3611 Idemque
1041 3544 1091 3595 in
1142 3542 1501 3612 ίδθηυριιιίὺιιε
1534 3546 1857 3613 quibusdam

297 3614 717 3681 imperatoribus
768 3614 976 3664 mordet
1030 3629 1091 3664 ac
1124 3616 1296 3681 carpit
1350 3615 1570 3667 Michael
1613 3616 1857 3677 Psellus,

295 3685 639 3750 ostenditque
666 3693 923 3749 quantum
947 3699 1008 3734 ea
1039 3684 1210 3750 pietas
1236 3686 1251 3752 (
1273 3700 1391 3751 quin
1418 3700 1516 3737 nec
1542 3686 1649 3749 jam
1694 3688 1861 3753 pietas

296 3762 401 3808 est.
435 3754 475 3804 si
528 3755 681 3805 deest
736 3753 1057 3820 prudentia)
1110 3754 1259 3821 Ileip.
1302 3755 1463 3807 obsit.
1525 3756 1861 3807 Exstruenda

298 3822 495 3890 templa
520 3824 596 3875 sic
620 3822 917 3891 magnifice,
946 3838 1068 3875 cum
1100 3825 1403 3877 communis
1433 3824 1506 3878 rei
1533 3840 1640 3877 non
1672 3826 1861 3878 admo-

298 3894 426 3946 dum
479 3894 705 3945 interest
743 3911 754 3946 :
788 3892 919 3944 alias
951 3902 1167 3961 praestat
1202 3895 1373 3963 magis
1422 3896 1727 3947 necessaria
1766 3911 1864 3948 cu-

300 3977 444 4015 rare.

372 4033 545 4099 Atque
582 4039 641 4084 ut
683 4033 845 4100 paulo
884 4032 1113 4098 amplius
1144 4032 1198 4084 in
1234 4033 1367 4085 tanti
1400 4033 1580 4099 Operis
1604 4049 1739 4086 nova
1770 4034 1867 4087 Ba-

300 4103 455 4155 silica
486 4102 720 4155 Ecclesia
748 4102 1050 4167 itnmorer-(
1071 4104 1148 4155 sic
1175 4103 1317 4154 enim
1355 4112 1594 4155 vocatam
1625 4104 1699 4156 ait
1728 4104 1867 4157 Cou-

302 4172 574 4225 stautinus
602 4169 1111 4240 Porpliyrogenneta
1150 4188 1202 4223 η.
1237 4173 1349 4239 55),
1401 4173 1498 4225 luit
1536 4175 1618 4225 illa
1656 4174 1828 4226 dicata
1852 4215 1865 4235 ,

303 4258 414 4294 non
440 4243 528 4294 uni
560 4251 759 4294 sanctze
794 4243 990 4299 Mariae,
1025 4253 1083 4293 ut
1109 4240 1355 4293 Pliotiani
1396 4243 1555 4309 hujus
1586 4242 1868 4297 Tractatus

305 4312 493 4364 titulus
517 4310 837 4379 pr.efert;at
866 4326 966 4364 nec
991 4311 1125 4363 forte
1151 4312 1346 4379 primo,
1375 4313 1825 4381 principaliqsque
1853 4332 1865 4367 :

304 4373 546 4448 satisque
594 4373 829 4433 iudicare
864 4383 1073 4433 videtur
1112 4373 1253 4433 idem
1287 4373 1703 4443 Constantinus,
1740 4373 1867 4435 dum

305 4452 378 4503 ita
429 4449 583 4504 divos
647 4453 903 4503 tutelares
956 4452 1072 4514 ejus
1124 4451 1376 4504 Ecclesiae
1423 4462 1727 4518 percenset.
1796 4457 1871 4506 Ac

304 4522 540 4589 primum
590 4536 818 4574 numero
850 4522 959 4588 jam
992 4521 1188 4581 citato,
1223 4537 1288 4573 ne
1326 4521 1431 4573 ulla
1462 4522 1679 4589 quidem
1718 4540 1871 4576 men-

305 4594 454 4644 tione
477 4605 673 4643 sancue
698 4590 875 4660 Mariae
894 4608 905 4640 :
925 4589 1077 4640 Κατά
1100 4590 1155 4641 δὲ
1176 4590 1264 4641 τὸν
1288 4590 1497 4659 [αὑτὸν]
1517 4592 1872 4660 καιρὸν,καὶὸ

306 4660 641 4743 περικαλλὴς
668 4656 975 4743 ούτοςὶχαὸς
1014 4662 1107 4743 καὶ
1135 4656 1427 4743 περίοπτος
1446 4656 1872 4743 εἱζκοδομεῖυτοηὸν

1960 3478 2054 3530 καὶ
2082 3480 2379 3550 περικαλλῆ
2414 3481 2538 3531 ναὸν
2566 3474 2886 3550 ὲδορζήσατο,
2917 3474 3082 3537 εξςὸν
3104 3474 3342 3550 συνῆλθε
3366 3475 3528 3550 τέχνη

1960 3550 2055 3601 καὶ
2103 3545 2379 3613 πλοῦτος,⁷
2418 3552 2509 3601 καὶ
2563 3550 2757 3611 ζέουσα
2808 3549 2987 3607 πίστις
3033 3548 3126 3597 καὶ
3181 3545 3529 3613 ἁφθονωτάτη

1961 3618 2281 3687 προαίρεσις
2304 3637 2317 3649 ⁶
2344 3621 2439 3671 καὶ
2470 3621 2535 3670 τὰ
2562 3616 3219 3687 παντάχοῡενῗσυνέδραμε
3242 3615 3527 3687 κάλλιστα,

1962 3682 2324 3759 δίτοίςόρῶσι
2362 3690 2558 3759 μᾶλλον
2590 3689 2620 3755 ἦ
2651 3682 2771 3747 τοῖς
2791 3686 3075 3759 ἀκούουσιν
3106 3682 3211 3737 οἶδε
3244 3686 3532 3751 τυγχάνειν

1965 3759 2147 3809 πιστά.
2194 3756 2528 3812 νειιιιεηὶηι
2550 3758 2740 3811 Christi
2789 3756 2995 3807 Domini
3028 3757 3081 3806 in
3107 3757 3275 3824 ipsum
3320 3756 3533 3805 benevo-

1966 3829 2136 3881 lentia:
2158 3829 2317 3880 vicem
2348 3832 2664 3888 redditurus,
2699 3843 2760 3877 ac
2794 3828 2950 3891 primi
2975 3828 3109 3877 inter
3140 3825 3403 3893 angelicas
3441 3841 3533 3890 p0-

1967 3908 2177 3950 testates
2213 3898 2503 3961 Cabrielis,
2553 3913 2751 3949 necnon
2798 3895 2929 3947 Elite
2963 3896 3212 3947 Thesbin
3251 3894 3441 3945 Zelotis
3470 3895 3534 3944 il-

1966 3970 2102 4030 lius,
2134 3970 2221 4034 qui
2256 3977 2303 4019 et
2344 3969 2456 4035 ejus
2496 3967 2682 4019 matris
2726 3966 2940 4017 nuntius
2970 3967 3067 4033 fuit
3108 3965 3430 4016 sublimandi
3466 3964 3535 4014 ad

1967 4038 2174 4101 imperii
2212 4054 2385 4090 arcem
2424 4039 2562 4105 ﬁlii;
2611 4038 2664 4087 in
2695 4037 2877 4097 horum
2938 4051 3118 4085 nomen
3136 4045 3187 4105 et
3230 4035 3535 4105 memoriam

1966 4108 2378 4173 sempiternam;
2422 4104 2615 4160 necnon
2660 4116 2706 4157 et
2750 4106 3010 4170 Deipara',
3041 4114 3087 4155 et
3120 4104 3351 4160 Nicolai.
3402 4104 3537 4153 inter

1968 4172 2271 4229 liierarchas
2325 4179 2527 4244 primas
2599 4178 2910 4237 obtinentis,
2965 4176 3197 4225 divinum
3252 4172 3537 4239 pulcherri-

1970 4263 2215 4315 mumque
2240 4248 2485 4313 templum
2515 4246 2804 4305 exstruxit;
2832 4246 2898 4315 in
2925 4260 3025 4312 quo
3064 4259 3340 4296 convenere
3366 4259 3457 4315 ars
3488 4252 3535 4293 et

1971 4312 2187 4377 divitiaz,
2226 4327 2274 4369 et
2304 4312 2505 4386 fervens
2538 4316 2697 4382 ﬁdes,
2740 4326 2785 4367 et
2820 4314 3189 4365 liberalissima
3229 4312 3537 4378 muniﬁcen-

1972 4387 2275 4454 tissimaque
2318 4387 2595 4449 voluntas;
2628 4395 2676 4436 et
2712 4400 2887 4435 omnia
2938 4386 3278 4449 undecunque
3321 4398 3536 4433 concur-

1974 4469 2150 4508 rerunt
2179 4458 2549 4525 pulcherrima,
2582 4468 2696 4523 qua:
2736 4454 3109 4525 convisentibus
3155 4454 3347 4525 potius,
3381 4468 3541 4525 quain

1973 4523 2303 4579 audientibus
2330 4527 2494 4579 solent
2524 4542 2629 4578 esse
2659 4523 2948 4576 credibilia.
2981 4523 3337 4591 Vergentibus
3382 4523 3539 4591 anuis

1973 4610 2037 4648 ac
2087 4597 2313 4665 imperio
2354 4596 2530 4647 Basilii
2571 4590 3179 4665 exstrttctumgtempluin
3228 4592 3368 4643 idem
3411 4590 3540 4665 satis

1975 4660 2216 4719 indicat:
2251 4666 2477 4733 proinde
2531 4666 2672 4717 dicta
2722 4664 2834 4715 haac
2880 4660 3090 4725 Photio,
3134 4663 3253 4727 ejus
3303 4661 3541 4733 secundo

306 4732 451 4811 ne.“
480 4727 769 4811 Βασ-ιλικῂν
824 4728 1148 4811 Ίξκξλησξαν
1177 4727 1352 4811 λέγειν
1383 4727 1758 4811 εῐιῖέθαμενζ-ὃς
1786 4732 1872 4811 ἐπ’
1904 4757 1948 4811 D
1979 4755 1981 4783 τ

1863 4732 1872 4751 ’
1904 4757 1948 4811 ι)
1979 4727 2314 4811 sacerdotio;
2361 4750 2425 4789 ae
2472 4746 2756 4811 postquam.
2785 4733 3042 4811 humanis
3084 4740 3269 4797 erepto
3300 4731 3503 4811 lgnatio
3523 4767 3538 4789 ,

306 4801 535 4870 ὀνύμστι
576 4800 825 4870 Σωτῆρος
850 4798 1005 4870 ήμῷν
1048 4797 1220 4870 Ἰησού
1246 4800 1502 4870 Χριστοῦ,
1537 4797 1629 4870 καὶ
1658 4803 1873 4870 Μιχαὴλ

306 4868 404 4922 τοῦ
446 4872 660 4937 πρώτου
703 4868 809 4920 τῶν
832 4867 1097 4935 ἀγγέλων,
1143 4868 1235 4919 καὶ
1271 4868 1452 4922 Ἠλιοῦ
1484 4868 1574 4920 τοῦ
1617 4867 1874 4923 Θεσόίτου

306 4940 577 5007 ἠγείρετο.
616 4937 691 4991 Eo
729 4939 841 5006 ipso
887 4948 1113 5005 tempore
1140 4938 1543 5004 pulcherrimum
1574 4950 1621 4991 et
1654 4941 1877 4993 celeber-

311 5011 506 5061 rimum
550 5009 797 5076 templum
843 5009 1227 5070 exstruebatur,
1268 5025 1400 5075 quoa
1460 5010 1663 5061 Novam
1700 5012 1876 5064 Eccle-

310 5082 449 5131 siam
496 5076 786 5131 Basilicam
845 5077 1193 5145 appellamus,
1228 5079 1278 5128 in
1306 5079 1548 5131 honorem
1584 5079 1877 5133 Saluatoris

313 5150 476 5201 nostri
504 5148 623 5201 Jesu
653 5148 874 5210 Christi,
904 5157 950 5199 et
981 5148 1282 5217 angelorum
1310 5149 1561 5215 principis
1585 5149 1872 5217 Michaelis,

314 5229 365 5271 et
393 5218 525 5271 Elite
555 5219 822 5272 Tliesbitte.
851 5217 1121 5285 Pauloque
1148 5216 1454 5272 distinctius
1476 5218 1757 5287 fusiusque
1782 5216 1881 5275 nu-

314 5304 470 5343 mero
514 5290 636 5340 item
669 5288 737 5342 55
779 5287 1027 5356 superius
1070 5290 1253 5348 citato,
1303 5288 1403 5341 nisi
1433 5288 1577 5357 quod
1608 5289 1881 5345 Michaelis

316 5361 435 5412 loco
472 5367 553 5411 est
586 5358 835 5422 Gabriel,
872 5357 1292 5410 reclamantibus
1338 5359 1483 5419 aliis,
1524 5359 1746 5427 ipsoque
1777 5363 1880 5415 sibi

316 5429 639 5482 adversante
670 5428 1048 5485 Constantino,
1083 5428 1135 5478 in
1167 5429 1283 5494 ejus
1313 5430 1651 5496 antiquario:
1694 5432 1878 5498 Ἀμει-

320 5499 548 5564 6όμενος
579 5500 686 5566 γὰρ
728 5498 914 5566 ὥσπερ
954 5499 1051 5565 τῆς
1102 5499 1230 5566 περὶ
1272 5498 1433 5567 αὐτὸν
1474 5500 1755 5567 εὐμενείας
1794 5504 1881 5553 τὸν

321 5568 596 5635 Δεσπότην
628 5569 859 5636 Χριστὸν
900 5568 994 5619 καὶ
1039 5566 1128 5617 τὸν
1173 5566 1386 5636 πρῶτον
1430 5566 1549 5619 τὼν
1574 5569 1881 5635 ἀγγελικῶν

320 5639 603 5705 δυνάμεων
650 5637 915 5705 Γαϐριὴλ,
966 5637 1073 5707 καὶῗ
1110 5636 1201 5687 τὸν
1249 5636 1509 5707 Θεσὸίτην
1574 5640 1757 5691 Ἠλίαν
1794 5641 1882 5693 τὸν

324 5707 679 5786 Ζη,).ωτην,-ὃς
700 5710 795 5786 καὶ
821 5710 885 5777 τῇ
923 5706 1087 5786 αὑτοῦ
1121 5707 1284 5786 μητρὶ
1313 5707 1409 5786 τῆς
1440 5706 1574 5786 πρὸς
1607 5710 1881 5786 βασιλείαν

324 5778 417 5848 τού
448 5776 559 5829 υἱοῦ
584 5776 908 5844 ἀνυψώσεωνς
936 5779 1300 5848 ἐχρημάτισεν
1328 5778 1578 5844 ἄγγελος·
1606 5776 1683 5841 εἰς
1712 5780 1881 5848 ὄνομα

325 5846 529 5899 τούτων
558 5849 650 5902 καὶ
684 5850 899 5918 μνήμην
934 5848 1096 5899 ἀΐδιον
1120 5862 1130 5874 ³
1165 5847 1241 5897 ἔτι
1267 5847 1321 5898 δὲ
1347 5851 1438 5899 καὶ
1466 5849 1563 5917 τῆς
1594 5846 1873 5914 Θεοτὸκόυ,

1978 4804 2159 4857 Basilii
2191 4805 2372 4857 favore
2397 4845 2411 4867 ,
2447 4800 2623 4872 quam
2656 4802 2793 4855 male
2842 4803 2992 4869 prius
3032 4802 3335 4860 invaserat,
3365 4800 3543 4866 aliqua

1975 4876 2243 4943 mquitatis
2293 4877 2473 4943 Specie
2508 4890 2569 4927 ac
2620 4874 2933 4943 οἰκονομίᾳ,
2962 4872 3179 4943 isedem
3236 4878 3542 4943 receperat.

1977 4940 2161 5013 Itaque
2190 4940 2349 5013 quem
2390 4946 2457 4998 ad
2487 4945 2685 4997 calcem
2725 4942 2908 5013 laudat.
2947 4942 3235 5013 Caesarem,
3266 4940 3542 5013 θυμωθε-

1977 5010 2094 5085 runi
2122 5010 2343 5085 gloriam
2386 5015 2637 5085 appellat,
2690 5012 2903 5085 imperii
2949 5011 3154 5085 socium
3206 5010 3400 5085 Basilio
3448 5010 3545 5061 ad-

1976 5080 2196 5145 lectum,
2248 5086 2339 5154 qui
2380 5080 2496 5153 Οέίζι
2533 5084 2719 5152 ψήφῳ,
2770 5082 2904 5153 αλλά
2957 5080 3040 5154 μὴ
3092 5080 3541 5154 σπουδαρχήσας,

1980 5155 2103 5223 μηδ’
2147 5150 2511 5224 ἀνθρωπίναις
2541 5150 2927 5222 περιδρομαῖς,
2956 5152 3239 5224 imperium
3284 5150 3505 5216 arripiat
3532 5189 3544 5209 ,

1989 5220 2163 5277 divino
2186 5220 2451 5294 suffragio,
2484 5240 2585 5276 non
2617 5220 2868 5289 appetitu
2910 5222 3164 5289 regnandi
3219 5220 3549 5294 humanoque

1988 5297 2207 5360 ambitu,
2244 5289 2365 5349 Leo'
2395 5304 2497 5355 est,
2532 5302 2882 5362 posteaquam
2929 5306 3213 5360 procerum
3268 5289 3546 5357 supplica-

1988 5367 2135 5419 tione
2165 5368 2421 5419 liheratus
2476 5365 2667 5426 fuerat,
2701 5363 2923 5430 depulsa
2960 5362 3229 5413 calumnia
3282 5363 3547 5413 aﬂ‘ectatn

1988 5437 2309 5502 tyrannidis,
2347 5433 2502 5503 cujus
2564 5435 2675 5501 ipse
2734 5432 2957 5485 Pliotius
2978 5447 3119 5503 cum
3170 5430 3549 5503 Santabareno

1986 5498 2057 5557 illi
2095 5498 2622 5566 auctorexstiterat;
2657 5510 2715 5555 ut
2747 5503 2944 5571 passim
2974 5501 3325 5571 Theophanis
3368 5498 3549 5571 conti-

1984 5586 2261 5637 nuatores,
2296 5584 2351 5627 et
2399 5575 2489 5641 qui
2526 5576 2663 5626 vitas
2717 5568 2825 5623 τῶν
2856 5572 2987 5621 νέων
3012 5570 3277 5639 βασιλέων
3308 5568 3549 5641 scripse-

1985 5656 2148 5698 runt:
2184 5649 2237 5698 in
2268 5640 2462 5713 quibus
2497 5644 2624 5695 mihi
2677 5659 2783 5713 non
2818 5656 3043 5706 magnus
3073 5652 3164 5693 aut
3223 5640 3545 5713 prafcipuus,

1986 5717 2077 5782 qui
2108 5732 2169 5768 ex
2209 5710 2353 5784 regio
2385 5715 2505 5767 cod.
2540 5713 2677 5783 typis
2709 5712 3112 5784 Lupareusibus
3157 5710 3355 5780 prodiit
3412 5722 3535 5759 cum

1988 5782 2339 5855 Theophane,
2370 5785 2476 5839 Leo
2515 5782 2917 5854 grammaticus.
