4242 6438
749 361 856 427 567

1875 365 2132 424 PHOTII
2173 363 2673 428 PATRIARCH/E
2712 371 2816 432 ΟΡ.

3871 382 3980 448 568

748 483 870 538 ris?
918 481 1182 539 Ostendas
1214 482 1414 546 verbis,
1443 491 1563 551 Qua:
1591 481 1740 550 prius
1776 483 1906 552 ipsis
1938 483 2100 535 rebus
2123 488 2306 534 osten-
2334 486 2381 538 Δ
2408 480 2423 531 ἰ

2305 511 2306 515 π
2334 486 2381 538 Δ
2408 480 2606 550 λόγοις,
2636 483 2671 537 ἀ
2701 489 2810 549 τοῖς
2846 485 3026 556 ἔργοις
3065 493 3474 560 προῦπέόειξας.
3507 500 3624 568 Αρα
3656 499 3763 569 γὰρ
3813 502 3980 556 πάλιν

747 576 893 630 disti.
943 573 1083 631 Num
1119 577 1261 630 enim
1305 591 1494 630 rursus
1522 575 1782 629 adversus
1816 574 2078 627 Barbaros
2111 571 2303 631 victos,

748 676 945 735 tropaea
995 667 1258 721 erexisti?
1300 665 1507 732 Quibus
1549 667 1733 721 multis
1758 666 2136 732 continuisque
2169 664 2305 717 libe-

745 756 925 810 raliter
975 759 1248 827 accepisti,
1312 760 1396 812 his
1439 759 1798 829 congregasti,
1846 766 1903 811 ut
1953 757 2065 825 pari
2111 754 2304 824 gaudio

744 848 1006 909 fruamur.
1059 865 1514 919 communemque
1560 867 1622 903 ac
1675 850 1854 918 populi
1897 848 2134 902 universi
2174 862 2304 901 con-

741 950 905 995 ventu
933 980 947 1000 ,
994 941 1232 994 victoriae
1265 941 1501 1010 largitori
1548 941 1837 1010 gratiarum
1878 941 2143 993 actionem
2178 954 2304 1009 pro-

742 1043 952 1082 mamus
977 1047 991 1094 ;
1019 1038 1132 1091 aut,
1161 1029 1252 1097 qui
1287 1030 1474 1083 hostes
1499 1029 1623 1082 data
1657 1030 1757 1083 fide
1780 1029 2168 1098 dedititiosque
2207 1044 2300 1082 ac-

741 1120 989 1187 ceperis,
1030 1121 1425 1189 sublimemque
1462 1129 1517 1174 et
1546 1121 1837 1189 superbum
1874 1121 2300 1190 alienigenarum

741 1211 983 1264 animum
1027 1228 1352 1280 sensumque
1398 1213 1749 1282 depresseris,
1800 1216 1949 1267 velut
1981 1215 2071 1283 qui
2110 1214 2198 1282 pio
2226 1229 2304 1265 re-

741 1304 1038 1375 ligiosoque
1081 1305 1248 1357 animi
1281 1321 1443 1359 sensu
1478 1317 1669 1358 cuncta
1712 1305 1804 1359 tibi
1845 1307 2098 1373 praeclare
2132 1315 2298 1374 gesta,

739 1396 794 1448 in
843 1407 1117 1465 potentem
1167 1395 1259 1450 Dei
1312 1413 1529 1450 manum
1561 1397 1797 1460 referas;
1827 1407 1921 1450 aut
1953 1397 2042 1465 qui
2074 1396 2301 1464 imperio

737 1489 991 1556 subjicias
1035 1490 1218 1550 urbes,
1262 1489 1394 1543 alias
1442 1490 1684 1558 quidem.
1725 1505 1847 1543 cum
1893 1490 2100 1558 pridem
2153 1489 2300 1541 cives

737 1581 968 1640 alerent,
1024 1579 1342 1633 melioribus
1405 1582 1522 1649 ipse
1583 1581 1842 1634 institutis
1897 1580 2295 1649 composueris,

735 1670 869 1724 alias
909 1671 1070 1724 etiam
1094 1685 1122 1723 a
1149 1670 1518 1726 fundamentis
1542 1672 1799 1737 erexeris,
1825 1673 2061 1740 aliasque
2092 1673 2298 1727 instau—

729 1762 960 1824 raveris.
1012 1775 1076 1815 ac
1125 1761 1335 1831 imperii
1385 1761 1522 1817 fines
1574 1764 1780 1817 crebris
1839 1764 2052 1833 oppidis
2113 1768 2297 1834 presi-

732 1851 944 1919 diisque
1009 1852 1428 1916 eommunieris;
1478 1862 1572 1907 aut
1617 1854 1708 1922 qui
1743 1855 1894 1909 dives
1955 1855 2068 1923 ipse
2107 1856 2298 1909 subdi-

736 1951 820 1995 tos
862 1943 1050 1996 beatos
1086 1942 1319 2005 efﬁcias;
1361 1943 1495 1996 doce
1528 1959 1647 2004 nos,
1674 1944 1724 1995 in
1751 1959 1911 2012 quem
1944 1944 2092 1996 orbis
2123 1955 2294 1997 terra-

734 2051 852 2087 rum
901 2050 1247 2089 communem
1300 2035 1515 2088 oculum
1575 2036 1671 2088 toti
1721 2037 2092 2104 aspiciamus;
2141 2039 2298 2104 cujus

736 2128 953 2181 tandem
1021 2129 1214 2182 horum
1263 2130 1438 2197 gratia
1484 2129 1764 2182 invitasti?
1813 2130 1921 2183 Ant
1968 2131 2094 2184 siles
2153 2132 2292 2198 ipse,

758 2230 1033 2287 mperante
1069 2221 1350 2282 modestia,
1383 2229 1437 2272 et
1481 2221 1620 2287 quod
1655 2230 1742 2274 tua
1774 2221 1886 2290 ipse
1908 2223 2048 2276 nolis
2076 2238 2297 2277 narrare

733 2313 998 2379 facinora.
1061 2317 1255 2385 quibus
1309 2331 1535 2370 necesse
1590 2317 1800 2373 laudem
1853 2329 2205 2374 contexamus
2270 2341 2284 2375 ε

736 2409 1019 2478 praesentis
1055 2419 1352 2463 conventus
1397 2425 1614 2464 causam
1659 2413 1901 2466 omnium
1953 2414 2174 2468 auribus
2230 2430 2293 2467 ex

803 2501 921 2554 Alia
969 2502 1148 2570 igitur,
1192 2502 1371 2564 amici,
1411 2501 1716 2567 celebritas,
1750 2504 2001 2572 aliudque
2032 2506 2298 2559 hodierna

735 2593 824 2648 die
863 2593 1202 2664 mystericm.
1258 2592 1546 2661 Virginalis
1580 2594 1632 2647 in
1663 2603 1802 2648 terra
1835 2596 2014 2663 templi
2056 2597 2298 2650 encmnia

741 2685 896 2739 hodie
939 2695 1294 2755 peraguntur,
1349 2686 1550 2754 Deique
1591 2685 1792 2748 Matris,
1826 2687 1869 2739 si
1900 2689 2042 2755 quod
2073 2689 2215 2741 aliud
2246 2689 2298 2741 in

739 2779 976 2841 mundo,
1034 2779 1254 2849 dignum
1301 2780 1668 2833 habitaculum
1718 2789 2088 2834 consecratur.
2131 2780 2299 2850 Virgi-

740 2873 861 2926 nale
893 2873 947 2926 in
996 2881 1136 2926 terra
1169 2873 1426 2940 templum
1454 2873 1611 2925 hodie
1634 2873 1934 2936 dedicatur,
1964 2874 2153 2943 regalis
2183 2891 2298 2926 ma-

737 2969 1057 3037 gnificentiae
1085 2985 1223 3037 Opus
1248 2969 1422 3038 reipsa
1462 2969 1644 3022 multis
1667 2969 1881 3021 laudum
1906 2968 2131 3022 canticis
2158 2968 2300 3021 cele-

2410 575 2551 627 κατά
2605 577 2903 650 Βαρϐάρων
2950 583 3103 645 νίκας
3137 586 3444 656 ἀναστήσας
3475 591 3568 642 καὶ
3600 593 3855 661 τρόπαια,
3892 590 3979 659 οἷς

2407 667 2664 732 πολλάκις
2708 671 2887 740 ἔργοις
2921 674 3008 726 ἐπ’
3034 675 3213 738 ἄλλοις
3250 679 3396 747 ἡμᾶς
3425 681 3692 746 ἐδεξιώσω
3720 687 3981 756 φιλοφρο-

2406 758 2677 827 νούμενος,
2711 765 2802 815 ἐπὶ
2834 764 3041 828 τούτοις
3073 770 3416 840 συνήγειρας,
3445 773 3709 844 εὐφρᾶναί
3755 795 3812 829 τε
3855 780 3976 848 ᾶμα

2406 852 2498 903 καὶ
2519 853 2594 920 τῷ
2617 852 2867 906 δεδωκότι
2893 856 3075 927 κοινὴν
3104 860 3198 913 καὶ
3226 862 3504 934 πάνδημον
3529 867 3846 936 ἀναπέμψαι
3874 869 3977 940 τὴν

2405 947 2748 1016 εὐχαριστίαν
2777 967 2790 1014 ;
2818 953 2885 1003 Ἥ
2916 952 3091 1005 λαϐὼν
3119 957 3486 1018 ὑποσπόνδους
3514 961 3724 1028 ἄλλους,
3752 964 3846 1017 καὶ
3877 982 3978 1018 τα-

2405 1040 2674 1104 πεινώσας
2703 1042 2902 1112 ὑψηλὸν
2927 1048 3018 1098 καὶ
3041 1047 3244 1117 γαῦρον
3265 1050 3357 1102 καὶ
3379 1052 3670 1120 ἀλλόφυλον
3694 1057 3970 1128 φρόνημα,

2402 1129 2477 1191 ὡς
2526 1130 2616 1182 ἐπὶ
2661 1133 2759 1202 τὴν
2806 1137 3070 1203 κραταιάν
3101 1142 3253 1208 χεῖρα
3284 1141 3374 1194 τοῦ
3404 1142 3539 1196 Θεοῦ
3567 1147 3970 1218 εύσεδοξρρόνως

2401 1217 2686 1289 ἀναφέρων
2714 1222 2888 1274 πάντα
2916 1227 2985 1278 τά
3016 1245 3096 1279 σοι
3132 1232 3564 1302 κατορθούμενα·
3590 1237 3620 1304 ἦ
3650 1217 3831 1301 πόλεις
3864 1242 3973 1292 ὐπ-

2401 1308 2725 1377 ηκόους,τάς
2754 1314 2850 1380 μὲν
2877 1316 3039 1370 πάλαι
3069 1323 3217 1373 κάτω
3236 1325 3494 1390 κειμένας
3516 1328 3846 1396 ἀνορθώσας,
3873 1333 3974 1397 τὰς

2400 1399 2457 1450 δὲ
2493 1403 2585 1454 καὶ
2612 1406 2674 1454 ἐκ
2705 1403 2916 1475 βάθρων
2947 1409 3126 1462 αὐτῶν
3150 1414 3456 1485 ἀνεγείρας,
3489 1419 3581 1471 καὶ
3613 1421 3788 1474 ἄλλων
3822 1425 3971 1478 ἀνοι-

2402 1497 2632 1562 κισμούς
2662 1500 3051 1568 ἐργασάμενος,
3087 1507 3180 1557 καλ⁵
3227 1509 3326 1576 τῆς
3369 1512 3638 1575 πολιτείας
3679 1514 3974 1577 πυκνώσας

2399 1584 2468 1635 τά
2487 1585 2629 1653 ὅρια,
2651 1587 2682 1655 ἢ
2709 1589 2970 1656 πλουτῶν,
2990 1594 3082 1646 καὶ
3107 1597 3274 1649 ποιῶν
3294 1600 3612 1670 εὐδαίμονας
3632 1603 3690 1655 τὸ
3709 1605 3967 1674 ὑπήκοον.

2399 1675 2619 1766 δίδαξον
2653 1680 2821 1747 ἡμᾶς,
2859 1684 2994 1750 πρὸς
3043 1684 3102 1736 σέ
3148 1686 3239 1738 τὸν
3286 1692 3461 1744 κοινὸν
3504 1693 3602 1762 τῆς
3643 1699 3970 1766 οἰκουμένης

2403 1765 2722 1836 ἀφορῶντας
2745 1772 3041 1842 ὀφθαλμὸν,
3077 1779 3167 1830 ἐπὶ
3197 1779 3299 1832 τίνι
3331 1783 3534 1836 τούτων
3563 1787 3708 1855 ἡμᾶς
3736 1765 3970 1843 συνεκά-

2403 1858 2602 1925 λεσας;
2641 1862 2711 1914 Ἢ
2757 1867 2912 1935 σιγᾷς
2962 1876 3060 1935 μεν
3108 1872 3268 1934 αὐτὸς
3295 1874 3591 1939 ἐπιεικείας
3617 1877 3804 1948 τρόπῳ
3827 1922 3840 1943 ,
3877 1882 3972 1934 καὶ

2403 1949 2481 2019 τῷ
2514 1953 2588 2020 μὴ
2622 1952 2901 2041 βούλεσθαί
2933 1974 2990 2010 σε
3017 1961 3084 2012 τά
3111 1960 3179 2013 σά
3202 1963 3331 2031 ἡμῖν
3358 1965 3660 2034 διηγεῖσθαι
3692 1971 3974 2041 κατορθώ-

2409 2058 2574 2110 ματα,
2603 2038 2683 2106 οἷς
2715 2047 2926 2116 ἀνάγκη
2955 2053 3078 2114 τοὺς
3103 2053 3356 2117 ἐπαίνους
3383 2061 3798 2126 συνυφαίνεσθαι
3818 2078 3831 2091 ·
3868 2063 3970 2131 ἐμὲ

2403 2131 2460 2184 δὲ
2492 2136 2749 2225 παρέχεις
2783 2139 3058 2209 ὑπηχῆσαι
3087 2143 3165 2213 τῷ
3192 2144 3334 2216 λόγῳ
3378 2151 3489 2213 τοῖς
3517 2154 3626 2214 σοῖς
3652 2154 3832 2222 ἔργοις
3865 2157 3970 2225 ἐμ-

2405 2224 2718 2292 πνεόμενον,
2747 2228 2840 2280 τοῦ
2872 2232 3134 2300 παρόντος
3161 2236 3417 2305 συλλόγου
3449 2241 3510 2292 τὸ
3539 2241 3728 2296 αἴτιον.

2362 2321 2498 2375 mihi
2542 2337 2670 2375 vero
2721 2325 2949 2392 praebes,
3001 2337 3060 2382 ut
3110 2342 3324 2386 tuarum
3364 2335 3482 2403 ipse
3519 2335 3699 2392 alllatu
3758 2355 3967 2404 rerum,

2331 2413 2564 2466 oratoris
2596 2431 2820 2471 munere
2848 2419 3097 2478 inferam.

2471 2505 2635 2577 Ἀλλη
2681 2511 2987 2580 τοιγαροῦν,
3017 2508 3060 2566 ὦ
3094 2516 3257 2582 φίλοι,
3289 2518 3512 2591 τελετὴ,
3549 2522 3643 2574 καὶ
3687 2523 3815 2576 ἄλλο
3863 2543 3968 2595 μυ-

2403 2598 2624 2669 στήριον
2658 2602 2917 2674 σήμερον.
2951 2606 3094 2670 Ναὸς
3122 2610 3449 2681 παρθενικὰς
3477 2615 3570 2666 ἐπὶ
3598 2616 3700 2686 γῆς
3725 2616 3971 2684 ἐγκαινί-

2396 2686 2544 2752 ζεται
2568 2690 2820 2760 σήμερον,
2841 2693 2932 2745 καὶ
2955 2695 3051 2764 τῆς
3075 2697 3431 2770 Θεομὴτορος,
3452 2702 3603 2774 εἴπερ
3623 2706 3748 2759 ἄλλο
3765 2724 3839 2771 τι,
3860 2709 3972 2760 τῶν

2394 2779 2702 2849 ὲγκοσμίων
2737 2785 2958 2850 ἐπάξιον
2988 2790 3320 2858 οἰκητήριον.
3352 2793 3492 2856 Ναὸς
3524 2798 3848 2868 παρθενικος
3877 2803 3972 2854 ἐπὶ

2395 2871 2496 2939 γῆς
2518 2875 2884 2939 ἐγκαινίζεται
2905 2881 2968 2948 σή
2980 2898 3042 2946 με
3052 2899 3163 2948 ρον,
3185 2883 3466 2955 βασιλικῆς
3491 2890 3970 2960 μεγαλοπρεπείας

2405 2962 2561 3030 ἔργον
2589 2965 2665 3027 ὡς
2699 2967 2911 3038 ἀληθῶς
2941 2972 3335 3043 πολυύμνητου.
3368 2978 3509 3041 Nam;
3559 2981 3614 3032 ἐν
3653 2984 3837 3050 μέσοις
3870 2984 3966 3036 αὐ-

738 3062 1024 3116 brandum.
1075 3061 1358 3132 Templum
1405 3062 1459 3114 in
1511 3063 1688 3115 medio
1740 3061 1855 3128 ipso
1897 3061 2112 3128 palatio,
2157 3061 2294 3114 divi-
2324 3053 2413 3108 C1

2324 3053 2364 3108 C
2399 3058 2508 3116 τοῖς
2532 3059 2868 3128 ἀνακτόροις,
2899 3065 3197 3134 ἀνάκτορον
3222 3066 3349 3119 ἄλλο
3379 3069 3518 3122 θεῖον
3549 3072 3642 3124 καὶ
3673 3072 3969 3141 σεϐάσμιον

736 3167 866 3203 num
933 3150 1076 3203 aliud
1136 3149 1620 3217 venerandumque
1681 3149 1934 3217 palatium
1993 3151 2294 3212 excitatur;

737 3243 1002 3312 ejusmodi
1044 3241 1265 3301 scilicet.
1304 3251 1381 3303 ut,
1421 3241 1464 3295 si
1506 3257 1629 3295 cum
1665 3241 1786 3294 aliis
1815 3243 2083 3302 conferas,
2113 3256 2174 3293 ac
2204 3256 2298 3294 eo-

738 3351 857 3388 rum
902 3334 1165 3388 rationem
1215 3334 1432 3398 habeas,
1483 3334 1627 3404 regia
1667 3334 1780 3402 ipsa
1822 3334 2038 3402 palatia,
2080 3334 2298 3402 privata:

736 3428 879 3481 mdes
930 3436 1116 3495 aperte
1169 3434 1483 3496 arguantur,
1542 3426 1785 3495 qttinimo
1829 3427 1974 3495 quod
2033 3443 2128 3479 sua
2193 3443 2296 3493 qua

738 3520 904 3589 pollet
950 3520 1194 3573 claritate
1244 3535 1307 3572 ac
1352 3528 1657 3581 venustate,
1699 3518 1786 3569 illa
1821 3533 2037 3587 quoque
2067 3519 2299 3572 illustret

735 3628 798 3664 ac
833 3612 1018 3666 reddat
1050 3612 1297 3672 clariora,
1325 3612 1556 3679 priorem
1591 3611 1692 3664 illis
1724 3610 1983 3663 mundum
2007 3619 2169 3678 atque
2205 3627 2295 3663 or-

736 3712 922 3755 natum
952 3703 1239 3772 adaugent.
1273 3699 1445 3765 Dicas,
1475 3701 1663 3754 oculos
1699 3701 1752 3753 in
1777 3702 1951 3769 ipsum
1977 3702 2293 3770 eonjiciens,

737 3810 843 3848 non
886 3793 1134 3848 humana“:
1173 3795 1302 3846 artis
1355 3809 1491 3860 opus
1535 3808 1674 3858 esse,
1717 3793 1811 3846 sed
1844 3795 2078 3849 divinam
2111 3810 2298 3862 quam-

733 3888 855 3940 dam
879 3886 1144 3952 nobisque
1175 3886 1511 3954 superiorem
1539 3885 1793 3940 virtutem
1835 3886 2293 3954 pulchritudinem

734 3978 809 4032 llli
855 3978 1130 4032 indidisse.
1163 3975 1369 4044 Templi
1398 3976 1576 4029 aditus
1607 3991 1670 4031 ac
1696 3977 2041 4039 vestibulum,
2081 3977 2295 4045 egregio

734 4077 926 4122 ornatu
977 4083 1042 4123 ac
1066 4069 1262 4123 decore
1287 4068 1646 4136 compositum
1684 4085 1696 4120 :
1729 4067 1947 4121 candidi
1976 4068 2120 4121 enim
2155 4084 2296 4120 mar-

738 4162 904 4215 moris
950 4162 1142 4216 tabulae
1195 4161 1536 4228 splendidum
1584 4160 1709 4228 quid
1764 4161 2167 4230 gratiosumque
2212 4161 2292 4213 cf-

735 4255 958 4326 fulgent,
977 4255 1240 4324 ejusmodi
1266 4254 1470 4308 scilicet
1497 4261 1553 4306 ut
1575 4261 1742 4306 totum
1766 4266 2117 4323 conspectum
2146 4269 2294 4307 eom-

736 4351 1052 4418 plectentes,
1082 4349 1321 4416 ipsarum
1345 4348 1485 4401 inter
1522 4362 1581 4400 se
1603 4348 1786 4411 situm,
1821 4358 2295 4418 extremorumque

731 4441 1060 4509 juncturam,
1113 4439 1239 4503 leni,
1289 4439 1468 4507 plana,
1500 4439 1789 4509 subtilique
1818 4440 2105 4495 admodum
2145 4456 2293 4495 com-

734 4531 964 4585 missura
1018 4531 1273 4600 obtegant
1307 4548 1320 4583 :
1365 4531 1500 4585 adeo
1531 4538 1590 4584 ut
1626 4531 1761 4600 lapis
1782 4547 1924 4585 unus
1953 4532 2107 4589 lineis
2135 4533 2294 4587 rectis

733 4624 880 4678 velut
909 4625 1203 4694 inscriptus
1233 4628 1343 4696 (res
1364 4626 1625 4680 miraculo
1654 4643 1792 4680 nova
1811 4629 1849 4687 l)
1881 4628 2148 4691 videatur,
2178 4644 2296 4684 sua-

733 4716 1061 4786 vissimeque
1094 4717 1415 4771 intuentium
1441 4718 1627 4772 oculos
1653 4719 1865 4787 capiant
1894 4737 1906 4772 :
1941 4719 2172 4788 indeque
2196 4720 2293 4773 de-

728 4806 1051 4870 vincientes,
1099 4823 1162 4862 ac
1210 4806 1264 4860 in
1307 4822 1365 4860 se
1394 4817 1794 4872 convertentes,
1830 4817 2165 4876 spectantem
2198 4826 2292 4865 ve-

731 4905 865 4961 tant,
907 4913 977 4949 ne
1020 4899 1083 4950 ad
1128 4913 1190 4952 ea
1229 4900 1459 4952 transire
1508 4899 1659 4965 velit,
1688 4915 1808 4968 qua:
1847 4899 1991 4954 intus
2023 4901 2230 4954 radiant
2277 4919 2290 4954 :

733 4985 826 5038 sed
880 4985 934 5038 in
969 4987 1086 5054 ipso
1117 4988 1300 5057 templi
1327 4989 1611 5051 vestibulo.
1646 5007 1771 5044 mox
1802 4991 1994 5046 adiens
2033 4993 2293 5062 praeclaro

731 5077 1094 5132 e'tsuseitatus
1140 5080 1467 5148 spectaculo,
1524 5081 1762 5149 visisque
1824 5083 1992 5151 figens
2037 5084 2289 5146 oculum,

730 5168 879 5222 velut
935 5170 1205 5224 radicibus
1245 5171 1381 5224 ﬁxus
1425 5171 1782 5226 admiratione
1832 5173 2022 5227 lueret.
2059 5174 2290 5244 Orpbteo

731 5260 929 5314 Thraci
971 5262 1164 5316 fabulae
1212 5263 1376 5331 lyram
1418 5264 1712 5332 assignant,
1747 5279 1809 5317 ea
1844 5266 2089 5333 pulsandi
2122 5267 2194 5328 vi,
2233 5279 2291 5321 ut

731 5368 816 5406 res
871 5353 1014 5423 ipsas
1067 5355 1331 5408 inanimes
1377 5355 1524 5406 sonis
1567 5365 1799 5409 moveat.
1855 5357 2006 5421 Quod
2049 5360 2089 5412 si
2129 5361 2288 5413 etiam

729 5445 884 5500 nobis
931 5446 986 5499 in
1027 5445 1234 5500 fabulas
1266 5448 1546 5501 veritatem
1583 5448 1797 5510 efferre,
1843 5462 2002 5518 atque
2035 5451 2288 5520 figmento

728 5541 1064 5594 tremendam
1100 5541 1324 5594 reddere
1358 5543 1436 5594 fas
1466 5551 1629 5605 esset,
1660 5543 1803 5596 dicat
1829 5544 2046 5611 aliquis.
2080 5546 2169 5614 qui
2203 5562 2288 5600 sa-

727 5647 832 5685 crze
880 5632 1010 5687 tedis
1062 5633 1388 5687 vestibulum
1443 5634 1655 5697 adeant,
1705 5635 1758 5687 in
1797 5634 2095 5703 plantarum
2128 5639 2287 5692 arbo-

2397 3147 2774 3218 ἀνιστάμενος,
2806 3155 2900 3206 καὶ
2943 3160 3008 3225 τῇ
3046 3158 3181 3227 πρὸς
3209 3160 3340 3212 αὐτὸ
3369 3162 3650 3233 παραϐολῇ
3693 3166 3789 3218 καὶ
3839 3183 3969 3233 συγ-

2400 3239 2599 3306 κρίσει,
2646 3242 2917 3308 ίδιωτικάς
2951 3248 3126 3312 οικίας
3172 3251 3486 3320 ἀποφαίνων
3534 3258 3602 3309 τὰ
3649 3257 3965 3328 ἀνάκτορα·

2402 3329 2601 3396 μᾶλλον
2629 3333 2685 3384 δὲ
2714 3335 2805 3387 καὶ
2843 3340 2908 3408 τῇ
2939 3339 3131 3412 ἐνούσῃ
3162 3341 3506 3414 λαμπρότητι
3533 3347 3628 3400 καὶ
3657 3348 3830 3401 ταῦτα
3864 3367 3967 3402 πε-

2401 3427 2775 3494 ριαστράπτων
2810 3429 2906 3480 καὶ
2935 3432 3256 3501 φαιδρύνων,
3290 3438 3384 3489 καὶ
3430 3439 3565 3491 πολύ
3614 3444 3968 3510 παρασκευά-

2398 3515 2505 3577 ζων
2534 3517 2625 3568 τοῦ
2658 3522 2922 3590 προτέρου
2955 3525 3156 3595 κόσμου
3199 3531 3516 3602 σεμνότερα.
3546 3534 3733 3597 Εἰ’ποις
3771 3536 3837 3588 ἂν
3886 3539 3970 3602 εἰς

2398 3607 2560 3658 αὐτὸν
2593 3609 2735 3668 ἰδὼν,
2757 3613 2855 3665 οὐκ
2879 3614 3224 3688 ἀνθρωπίνης
3248 3621 3428 3692 χειρὸς
3451 3622 3630 3693 ἔργον,
3659 3625 3791 3677 ἄλλα
3817 3625 3970 3679 θείαν

2398 3697 2520 3749 τινὰ
2547 3700 2637 3750 καὶ
2666 3701 2804 3770 ὑπὲρ
2833 3705 2979 3772 ἡμᾶς
3007 3705 3230 3777 δύναμιν
3249 3710 3311 3761 τό
3346 3711 3536 3776 κάλλος
3565 3715 3710 3784 αύτῷ
3735 3717 3970 3786 ἐπιμορ-

2399 3788 2704 3855 φώσασθαι.
2740 3794 3055 3861 Προπύλαια
3107 3799 3206 3866 μέν
3249 3800 3357 3871 γάρ
3388 3802 3465 3872 τῷ
3513 3804 3626 3875 ναῷ
3662 3808 3968 3878 περικαλλῆ

2397 3883 2776 3938 διεσκεύασται
2797 3903 2808 3915 ’
2838 3889 2931 3939 καὶ
2962 3890 3068 3960 γὰρ
3101 3894 3405 3963 μαρμάρων
3434 3895 3728 3950 διαλεύκων
3759 3900 3968 3963 πλάκες

2398 3972 2647 4043 λαμπρόν
2698 3993 2752 4027 τι
2799 3978 2894 4030 καὶ
2924 3981 3109 4049 χάριεν
3139 3983 3579 4050 ἀποστίλϐουσαι,
3609 3987 3737 4058 ὃλην
3767 3991 3970 4043 ἐναπο-

2398 4065 2653 4118 λαὸοὗσαι
2682 4069 2778 4137 τὴν
2806 4071 3087 4139 πρόσοψιν,
3115 4074 3207 4126 καὶ
3239 4075 3336 4146 τὴν
3366 4077 3502 4146 πρὸς
3529 4078 3761 4149 ἀλλήλας
3794 4081 3967 4146 θέσιν,

2397 4157 2490 4209 καὶ
2519 4159 2616 4226 τὴν
2642 4160 2750 4211 τῶν
2777 4163 3024 4232 περάτων
3057 4167 3348 4234 συνάφειαν
3374 4170 3448 4239 τῷ
3472 4172 3658 4240 ὁμαλῷ
3689 4175 3782 4226 καὶ
3816 4175 3968 4245 λείῳ,

2397 4249 2489 4300 καλ
2538 4248 2614 4319 τῷ
2666 4256 3079 4322 προσηρμόσθαι
3126 4257 3244 4311 λίαν
3287 4260 3692 4330 ἀποκρύψασαι,
3734 4267 3815 4326 εἰς
3850 4268 3970 4330 ἐνὸς

2397 4341 2544 4393 λίθου
2569 4343 2846 4412 συνέχειαν
2866 4352 3148 4418 γραμμαῖς
3165 4351 3399 4415 εὐθείαις
3420 4354 3604 4425 ὥσπερ
3624 4358 3968 4429 ἑιπιγεγραμ⁴

2403 4434 2582 4501 μένου,
2621 4435 2806 4505 θαῦμα
2835 4439 3018 4490 καινὸν
3044 4443 3305 4512 ὁραθῆναι
3341 4446 3435 4498 καὶ
3463 4447 3698 4516 ἥδιστον,
3725 4450 3826 4520 τὴν
3855 4453 3967 4503 τῶν

2399 4525 2646 4596 δρώντων
2679 4531 2975 4596 φαντασίαν
3010 4532 3330 4599 ὑπάγουσιν.
3353 4537 3436 4603 Ἐξ
3466 4533 3636 4610 οὗπερ
3683 4542 3780 4604 τάς
3813 4543 3968 4612 ὄψεις

2399 4619 2733 4689 συνέχουσαι,
2769 4623 2860 4673 καὶ
2883 4624 3016 4693 πρὸς
3044 4625 3238 4688 ἑαυτάς
3261 4630 3699 4699 ἐπιστρέφουσαι,
3731 4634 3828 4686 οὐκ
3852 4635 3968 4688 ἐθέ-

2396 4713 2508 4766 λειν
2539 4715 2749 4768 ποιοῦσι
2777 4717 2867 4769 τὸν
2901 4717 3096 4788 θεατὴν
3130 4723 3520 4793 μεταχωρῆσαι
3551 4727 3684 4796 πρὸς
3718 4728 3787 4780 τὰ
3817 4729 3964 4782 ἐνδό-

2395 4822 2557 4876 τεραο
2586 4807 2700 4860 ἀλλ’
2729 4809 2786 4860 ἐν
2832 4809 2979 4877 αὐτῷ
3023 4810 3101 4879 τῷ
3153 4815 3614 4884 προτεμενίσματι
3658 4816 3750 4870 τοῦ
3795 4817 3964 4872 καλοῦ

2398 4897 2667 4967 θεάματος
2695 4901 2722 4952 ό
2756 4899 2993 4969 προσιὼν
3023 4903 3457 4972 ἐμπιπλάμενος,
3487 4907 3581 4958 καὶ⁷
3607 4909 3719 4970 τοῖς
3750 4910 3966 4980 ὁρωμέ-

2395 5007 2504 5053 νοις
2532 4991 2751 5060 ἐρείδων
2780 4992 2847 5045 τὰ
2874 4994 3116 5062 ὄμματα,
3143 4996 3330 5067 ὥσπερ
3374 5016 3454 5060 τις
3491 5001 3857 5070 ἐρῤιζωμένος
3887 4999 3966 5074 τῷ

2395 5081 2630 5150 θαύματι
2667 5084 2914 5155 ἕστηκεν.
2935 5087 3122 5156 Ὀρφεῖ
3163 5088 3263 5158 μὲν
3292 5090 3340 5140 οί
3371 5089 3529 5158 μῦθοι
3561 5091 3635 5161 τῷ
3659 5092 3838 5162 Θρᾳκὶ
3876 5111 3966 5147 κι-

2394 5174 2564 5243 θάραν
2597 5178 2865 5245 κροτοῦσι,
2898 5178 3152 5232 κινοῦσαν
3199 5184 3312 5243 τοῖς
3343 5182 3596 5249 φθόγγοις
3643 5185 3709 5236 τὰ
3754 5185 3961 5254 ἀψυχα.

2393 5267 2455 5319 Ei
2489 5269 2545 5320 δὲ
2576 5271 2668 5322 καὶ
2699 5272 2829 5340 ἡμῖν
2859 5272 2984 5340 ἐξῆν
3014 5275 3070 5332 ἐς
3099 5273 3299 5342 μύθους
3327 5276 3572 5344 ἐπαίρειν
3601 5277 3693 5328 καὶ
3719 5277 3962 5347 φοϐερὰν

2393 5363 2562 5412 ποιεῖν
2592 5365 2690 5432 τὴν
2720 5363 2975 5432 ἀλήθειαν
2997 5404 3011 5426 ,
3049 5361 3200 5417 εἶπεν
3229 5366 3293 5418 ἄν
3328 5384 3430 5429 τις,
3471 5369 3596 5430 τοὺς
3635 5370 3962 5437 προσιόντας

2392 5453 2467 5521 τῷ
2525 5456 2984 5524 προτεμενίσματι
3016 5495 3030 5519 ,
3067 5458 3146 5519 εἰς
3197 5459 3378 5526 φυτῶν
3429 5459 3962 5530 ἀποδενδρουμένους

2392 5546 2551 5615 φύσιν
2593 5549 2668 5619 τῷ
2718 5549 2949 5618 θαύματι
2985 5549 3451 5617 μεταϐάλλεσθαι’
3497 5550 3668 5615 οὕτως
3701 5551 3849 5618 ἅπαξ
3875 5568 3962 5614 τις

2395 5639 2515 5693 ἰδὼν
2547 5641 3010 5705 δυσαποσπάστως
3045 5642 3352 5712 κατέχεται.

730 5739 955 5794 rumque
997 5735 1268 5792 naturam,
1320 5727 1577 5781 miraculo
1623 5728 1887 5799 deligente
1917 5732 2162 5787 transire.
2201 5734 2286 5790 Sic
2325 5738 2413 5806 qui
2460 5736 2625 5791 semel
2662 5736 2897 5805 coniecit-
2924 5736 3109 5791 oculos
3130 5751 3267 5808 aegre
3292 5737 3558 5803 avellitur,
3622 5753 3684 5792 ae
3744 5747 3958 5808 specta-

728 5822 849 5877 culo
884 5831 1117 5876 tenetur.
