4242 6438
308 381 425 452 569

948 384 1271 447 IIOMILIA
1310 389 1424 450 III.
1452 414 1521 426 -
1551 389 1632 449 ΙΝ
1673 391 2173 454 ΒΕΟΙΟΑΤΙΟΝΕ
2209 394 2421 455 ΝονίΕ
2454 395 2834 457 ΒΛΞΙῙᾸΟΕ.

3424 402 3527 464 570

395 500 642 555 Ἐπειδὰν
658 500 713 555 δέ
735 518 817 566 τις
837 502 1048 556 ἐκεῖθεν
1071 503 1223 573 μόλις
1246 505 1618 569 ἀποσπασθεὶς
1642 508 1720 569 είς
1743 505 1873 558 αὐτὸ
1899 506 1951 564 Α
2043 509 2070 564 l

1851 505 1951 564 ὺᾹ
2043 508 2138 564 Ubi
2179 519 2359 564 autem
2390 510 2512 578 quis
2552 512 2639 563 vix
2670 511 2794 566 inde
2827 510 3047 566 avulsus
3080 511 3132 566 in
3166 512 3340 583 ipsum
3376 515 3526 568 delu-

306 593 610 662 παρακύψῃ
637 594 698 645 τὸ
732 595 973 662 τέμενος,
1008 595 1200 664 ἡλίκης
1252 598 1345 647 καὶ
1371 597 1500 666 ὅσης
1527 593 1677 661 οὗτος
1700 600 1871 668 χαρᾶς

303 705 367 741 τε
392 687 508 755 ἅμα
536 687 627 738 καὶ
653 687 894 756 ταραχῆς
919 689 1011 739 καὶ
1061 687 1335 758 θαύματος
1365 690 1698 757 ἐμπίπλαται
1727 694 1737 743 l
1786 692 1871 751 Ὠς

304 781 387 839 εἰς
418 779 578 830 αὑτὸν
608 780 714 848 γὰρ
747 778 836 831 τὸν
870 779 1096 848 οὐρανὸν
1137 780 1592 850 ἐπιπροσθοῦντος
1626 784 1869 853 μηδαμό-

304 869 400 921 θεν
430 868 792 938 ἐπιὸεὸηκὼς,
828 873 920 921 καὶ
951 873 1065 932 τοῖς
1092 871 1457 941 πολυμόρφοις
1483 874 1575 925 καὶ
1608 874 1870 944 πανταχό-

305 957 399 1008 Θεν
435 958 885 1027 ὑποφαινομένοις
918 960 1186 1024 κάλλεσιν,
1219 960 1292 1022 ὡς
1321 961 1537 1031 ἄστροις
1558 1000 1572 1023 ,
1605 962 1870 1032 περιλαμ-

305 1048 541 1114 πόμενος
562 1087 576 1109 ,
617 1048 734 1110 ὅλος
765 1050 1209 1119 ἐκπεπληγμένος
1237 1051 1465 1118 γίνεται.
1500 1055 1656 1105 Δοκεῖ
1682 1054 1736 1106 δὲ
1762 1053 1870 1105 λοι-

308 1141 410 1192 πὺν
438 1142 506 1193 τά
532 1157 588 1191 τε
624 1142 757 1193 ἄλλα
790 1143 848 1192 ὲν
879 1143 1131 1195 ἐκστάσει
1161 1139 1295 1195 εἶναι
1318 1184 1333 1207 ,
1360 1146 1453 1196 καὶ
1487 1145 1618 1197 αὐτὸ
1656 1147 1869 1214 περιδοὲ

306 1232 515 1284 νεῖσθαι
556 1232 615 1283 τὸ
642 1232 887 1301 τέμενος.
918 1234 1048 1296 Ταῖς
1082 1235 1189 1303 γὰρ
1219 1234 1445 1298 οἰκείαις
1476 1240 1568 1288 καὶ
1606 1240 1868 1290 παντοδα-

309 1323 439 1383 παῖς
462 1325 872 1391 περιστροφαῖς,
906 1325 997 1374 καὶ
1024 1324 1264 1391 συνεχέσι
1288 1325 1581 1394 κινήσεσιν
1602 1326 1634 1380 ἃ
1661 1328 1874 1389 πάντως

308 1417 502 1469 παθεῖν
546 1421 637 1468 τὸν
684 1416 879 1485 θεατὴν
914 1420 945 1486 η
976 1419 1310 1487 πανταχόθεν
1342 1420 1582 1473 ποικιλία
1632 1420 1873 1490 βιάζεται

305 1508 402 1560 τοῦ
432 1508 720 1576 θεάματος,
748 1510 826 1570 είς
872 1509 1001 1560 αὐτὸ
1034 1510 1093 1561 τὸ
1122 1509 1394 1580 ὁρώμενον
1420 1513 1480 1564 τὸ
1510 1515 1704 1566 οἰκεῖον
1738 1533 1871 1583 φαν-

305 1601 526 1665 τάζεται
558 1602 702 1673 πάθη
711 1619 803 1671 μα.

392 1782 550 1835 Ἀλλὰ
583 1783 691 1852 γὰρ
722 1784 919 1852 χρυσός
950 1802 1006 1835 τε
1035 1784 1126 1836 καὶ
1153 1784 1386 1854 ἄργυρος
1421 1785 1489 1838 τὰ
1523 1786 1747 1842 πλεῖστα
1778 1788 1868 1841 τοῦ

305 1872 437 1926 ναοῦ
462 1874 796 1942 διειλήφασιν
813 1891 826 1905 ⁸
853 1878 881 1927 ὁ
910 1875 1006 1944 μὲν
1034 1876 1258 1943 ψηφῖσιν
1279 1877 1702 1944 ὑπαλειφόμενος
1722 1895 1735 1908 °
1769 1882 1795 1931 ὀ
1813 1879 1868 1932 δὲ

306 1970 387 2029 είς
421 1966 630 2028 πλάκας
657 1967 1016 2035 ἀποξεόμενος
1064 1970 1155 2020 καὶ
1188 1970 1542 2036 τυπούμενος.
1583 1973 1739 2033 ἄλλος
1774 1972 1866 2025 ἄλ-

304 2058 417 2121 λοις
449 2058 915 2127 ὲπιπλασσὸμενος
963 2059 1488 2127 μέρεσιν.Ἐν-;αῦθα
1538 2064 1867 2130 ἐπικοσμοῦ-

307 2168 443 2220 μενα
473 2152 816 2221 κιονόκρανα.
836 2151 1097 2203 Ἐνταῦθα
1121 2152 1173 2203 δὲ
1205 2152 1289 2203 διὰ
1321 2155 1531 2221 χρυσῶν
1558 2154 1867 2222 περιζώμα-

303 2260 405 2295 τα·
441 2242 697 2312 ἀλλαχόθι
732 2243 787 2295 δὲ
835 2245 953 2304 ταῖς
1003 2242 1253 2294 ἁλύσεσιν
1288 2245 1712 2313 ὲπιπλεκόμενος
1740 2263 1867 2314 χρυ-

306 2335 418 2396 σὸς,
451 2335 484 2403 ἢ
514 2334 715 2403 χρυσοῦ
757 2352 809 2386 τι
844 2333 1284 2405 θαυμασιώτερον
1307 2374 1320 2395 ,
1354 2339 1385 2402 ή
1424 2335 1541 2389 θεία
1599 2338 1862 2406 τράπεζα,

306 2426 558 2494 σύνθημα
599 2427 993 2495 (5).’Λργυρος
1038 2425 1093 2476 δὲ
1144 2427 1294 2495 παρὰ
1353 2428 1449 2489 τὰς
1495 2428 1714 2492 πυλίδας
1778 2431 1867 2481 καὶ

302 2517 525 2580 πυλίδας
551 2517 643 2569 τοῦ
678 2519 1084 2585 θυσιαστηρίου,
1136 2521 1232 2571 σὺν
1264 2522 1372 2582 τοῖς
1400 2517 1717 2589 περιστῴοις
1739 2538 1752 2550 ⁸
1777 2523 1870 2574 κα)⁸

302 2610 461 2673 αὐτὸς
493 2613 520 2662 ὁ
555 2610 842 2680 κωνοειδης
878 2611 971 2663 καὶ
1004 2614 1067 2681 τῇ
1105 2611 1221 2682 θείᾳ
1252 2612 1500 2685 τραπέζῃ
1528 2614 1870 2682 ἐπικείμενος

306 2705 403 2755 σὺν
427 2706 537 2763 τοῖς
567 2703 907 2772 ὑπερείδουσι
938 2704 1241 2765 στυλίσκοις
1271 2704 1362 2756 καὶ
1404 2704 1710 2774 ὑπωρόφοις
1746 2706 1870 2776 δρο-

305 2811 426 2861 φος,
471 2795 565 2847 καὶ
601 2794 905 2863 μαρμάρων
942 2794 999 2845 δὲ
1034 2793 1403 2863 πολυχρώμων
1444 2795 1542 2848 ὅσα
1574 2798 1645 2865 μὴ
1676 2798 1870 2865 χρυσὸς

305 2886 634 2955 ἐπέδραμεν,
667 2885 699 2954 ἢ
732 2886 969 2955 ἄργυρος
1014 2885 1352 2954 περιέλαϐεν,
1385 2886 1660 2955 ἀμήχανόν
1690 2904 1746 2937 τε
1780 2888 1872 2939 καὶ

303 2978 537 3045 τερπνὸν
554 2976 941 3047 φιλοτέχνημα,
959 2977 1026 3030 τὰ
1048 2979 1207 3029 λοιπὰ
1228 2978 1319 3029 τοῦ
1345 2978 1470 3029 ναοῦ
1493 2978 1869 3047 διεκόσμησεν.

318 3068 383 3119 Ἢ
412 3068 467 3118 δὲ
496 3068 588 3120 τοῦ
615 3067 840 3136 ἐδάφους
872 3068 989 3131 θέα,
1014 3071 1092 3131 είς
1122 3068 1275 3131 ζώων
1301 3070 1511 3137 μορφὰς
1541 3071 1632 3122 καὶ
1664 3070 1874 3137 σχημά-

1974 601 2130 654 brum
2176 602 2533 669 prospexerit,
2581 612 2784 669 quanto
2832 604 3086 671 qualique
3118 605 3314 671 gaudio
3344 606 3523 670 simul,

1971 703 2024 746 et
2072 692 2372 746 turbatione
2417 700 2472 746 et
2526 694 2877 747 admiratione
2924 695 3205 763 impleturi
3250 696 3523 765 Tanquam

1971 786 2114 839 enim
2159 784 2212 837 in
2256 783 2428 853 ipsum
2458 787 2653 839 caelum
2684 787 2829 841 nullo
2863 803 3083 854 usquam
3115 788 3364 842 obstante
3396 805 3526 841 eon-

1972 877 2264 938 scenderit,
2314 876 2839 945 multiformibusque
2891 893 2953 931 ac
3005 879 3360 946 undequaque
3392 878 3525 932 luci-

1971 971 2055 1023 dis
2101 970 2587 1039 pulchritudinibus
2616 978 2879 1021 astrorum
2914 968 2964 1021 in
2998 984 3196 1020 murem
3240 969 3525 1021 collustra-

1975 1073 2081 1124 tus.
2116 1062 2168 1114 in
2197 1070 2468 1127 stuporem
2502 1069 2644 1113 totus
2675 1059 2848 1127 agitur
2884 1076 2895 1110 :
2931 1059 3372 1127 videturquejam
3402 1057 3525 1110 inde

1974 1162 2166 1207 emota:
2212 1152 2447 1213 mentis;
2486 1150 2767 1218 ipsumque
2810 1150 2882 1201 illi
2912 1149 3190 1201 delubrum
3227 1152 3525 1219 circumgy-

1975 1257 2097 1295 rare
2117 1252 2353 1309 putatur.
2393 1239 2543 1303 Quod
2565 1241 2709 1293 enim
2730 1248 2998 1307 spectator
3036 1239 3148 1292 suis
3181 1238 3312 1306 ipse,
3347 1240 3525 1292 omni-

1974 1332 2251 1398 modisque
2287 1329 2667 1399 agitationibus
2698 1345 2760 1382 ac
2818 1330 3089 1381 coutinuis
3151 1330 3385 1382 motibus
3418 1330 3526 1381 eir-

1971 1432 2371 1485 cuuivcrsetur;
2431 1422 2573 1489 quod
2623 1431 2682 1474 ut
2732 1421 2804 1474 illi
2854 1424 3075 1473 omnino
3116 1422 3526 1489 necessarioque

1972 1515 2202 1575 accidat,
2238 1514 2480 1567 miraculi
2514 1512 2750 1579 undique
2785 1512 3067 1564 incurrens
3097 1513 3328 1564 varietas
3359 1512 3521 1577 facit;

1973 1609 2027 1659 in
2058 1623 2115 1660 re
2150 1609 2261 1674 ipsa
2288 1622 2447 1675 quam
2487 1605 2657 1659 oculis
2695 1612 2935 1670 usurpat,
2965 1618 3113 1655 suam
3149 1606 3261 1670 ipse
3293 1603 3527 1655 affectio-

1973 1715 2094 1752 nem
2129 1700 2342 1767 cogitat.

2043 1790 2304 1845 Czeterum
2334 1804 2520 1841 aurum
2557 1798 2941 1855 argentumque
2968 1785 3224 1854 pleraque
3260 1785 3359 1837 sibi
3392 1793 3527 1838 tem-

1974 1886 2043 1955 pli
2088 1886 2200 1938 loca
2230 1883 2521 1935 vindicant.
2568 1882 2831 1939 Alterum,
2879 1880 3131 1933 tessellati
3160 1881 3337 1947 operis
3374 1878 3525 1946 lapil—

1969 1977 2034 2030 lis
2070 1974 2315 2032 oblitum,
2368 1972 2599 2024 alterum
2645 1972 2695 2022 in
2740 1970 2945 2022 tabulas
2991 1970 3326 2036 laminasque
3351 1968 3523 2021 dedu-

1968 2077 2111 2120 Ctum
2141 2064 2536 2130 formatumque
2564 2077 2575 2113 :
2619 2072 2777 2129 atque
2808 2060 2951 2113 aliud
2980 2060 3230 2127 aliudque
3256 2060 3373 2112 aliis
3400 2075 3527 2127 par-

1969 2158 2111 2209 tibus
2142 2155 2458 2207 adliibitum.
2493 2153 2589 2206 llic
2623 2154 2991 2206 columnarum
3026 2150 3271 2217 capitella
3296 2162 3522 2213 ornata,

1971 2248 2075 2301 illic
2111 2246 2288 2299 fasciaa
2309 2261 2370 2299 ac
2401 2243 2730 2313 subligacula
2757 2257 2917 2294 aurea
2951 2257 2965 2295 :
2996 2241 3121 2294 alibi
3154 2257 3343 2293 aurum
3379 2251 3525 2294 cate-

1970 2340 2054 2392 nis
2111 2338 2421 2406 implexum,
2475 2344 2567 2389 aut
2593 2336 2733 2403 quod
2761 2349 2891 2387 auro
2920 2335 3091 2400 majus
3121 2333 3184 2385 ad
3218 2334 3527 2387 admiratio-

1969 2447 2089 2486 nem
2138 2432 2307 2497 (sacra
2354 2429 2605 2481 nimirum
2650 2430 2851 2487 mensa)
2889 2426 3242 2494 eonipositum
3276 2425 3522 2480 exsistat.

1970 2522 2095 2575 Loci
2149 2520 2330 2573 altaris
2384 2519 2607 2587 portulae
2651 2525 2705 2570 et
2756 2517 3049 2570 columellae
3095 2527 3360 2586 argenteae
3403 2532 3525 2571 cum

1970 2614 2283 2684 peristyliis,
2320 2613 2605 2681 ipsumque
2634 2610 2750 2663 coni
2787 2611 2952 2678 ﬁgura
2984 2609 3288 2675 divinaeque
3320 2624 3524 2661 mensas

1971 2708 2274 2776 impositum
2323 2714 2546 2763 tectum.
2596 2720 2715 2758 cum
2757 2702 3103 2755 fulcienlibns
3152 2701 3221 2752 illi
3271 2701 3526 2769 subjectis

1969 2798 2264 2852 columellis
2291 2812 2629 2864 cameraque.
2668 2794 2807 2847 Varii
2838 2794 3029 2847 coloris
3058 2809 3345 2857 marmora,
3378 2810 3526 2861 qual-

1970 2906 2182 2957 cunque
2231 2890 2310 2944 vel
2370 2904 2501 2941 auro
2540 2904 2645 2940 non
2682 2884 3038 2957 ohteeta,vel
3078 2900 3184 2937 non
3232 2886 3529 2954 intercepta

1970 2995 2213 3053 argento,
2252 2984 2383 3036 artis
2413 2997 2548 3049 opus
2576 2980 2924 3048 stupendum,
2962 2978 3202 3045 mireque
3232 2978 3528 3040 ohlectans,

1972 3074 2192 3138 reliquis
2244 3072 2425 3141 templi
2484 3071 2725 3140 partibus
2767 3078 3013 3121 ornatmn
3066 3077 3336 3136 praestant.
3376 3068 3532 3121 Pavi—

304 3176 416 3211 των
441 3160 603 3222 ἄλλας
633 3161 778 3222 ίδέας
806 3164 923 3223 ταῖς
954 3160 1322 3229 πολυμόρφοις
1347 3161 1541 3229 ψηφῖσι
1567 3161 1875 3231 διαμορφω·
1898 3172 1942 3234 C
1975 3182 1979 3219 1

1856 3188 1875 3198 -
1898 3172 1942 3234 ρ
1975 3164 2140 3219 menti
2182 3172 2527 3231 conspectus,
2580 3161 2631 3213 in
2682 3158 2997 3211 animalium
3030 3158 3250 3222 formas,
3279 3157 3531 3210 aliarum-

308 3249 486 3313 θεῖσα,
517 3250 839 3320 θαυμαστήν
867 3269 985 3303 τινα
1018 3253 1108 3304 τοῦ
1135 3252 1378 3320 τεχνίτου
1406 3254 1503 3320 τὴν
1526 3252 1716 3320 σοφίαν
1744 3270 1877 3324 παρ⁴

309 3343 595 3411 εστήσατο.
614 3343 813 3405 Παῖδας
835 3342 908 3403 ὡς
933 3343 1147 3413 ἀληθῶς
1169 3344 1259 3394 καὶ
1278 3342 1610 3412 πλασμάτων
1636 3344 1876 3407 πλάστας

309 3437 442 3495 τοὺς
464 3434 672 3496 Φειδίας
702 3432 939 3497 ἐκείνους
971 3434 1065 3485 καὶ
1092 3434 1397 3503 Παρασίους
1417 3435 1507 3485 καὶ
1529 3433 1877 3504 Πραξιτέλεις

312 3526 411 3578 καὶ
440 3525 693 3590 Ζεύξιδας
735 3526 791 3576 ἐν
837 3527 900 3594 τῇ
949 3524 1113 3594 τέχνῃ
1155 3525 1510 3592 ἐπελέγξασα.
1542 3526 1877 3595 Δημόκριτος

311 3613 468 3667 εἶπεν
495 3617 581 3680 ἂν,
612 3612 785 3685 οἶμαι,
810 3616 905 3685 τὴν
926 3616 1019 3667 τοῦ
1047 3616 1273 3685 ἐδάφους
1292 3616 1648 3688 λεπτουργίαν
1669 3616 1872 3683 ἐνιδὼν,

312 3707 409 3758 καὶ
441 3707 608 3777 ταύτῃ
644 3708 925 3776 τεκμηρίῳ
972 3707 1270 3778 χρώμενος,
1306 3707 1379 3777 μὴ
1409 3708 1475 3760 ἂν
1514 3708 1702 3779 πόρρω
1737 3703 1875 3763 εἶναι

313 3797 376 3846 τὸ
410 3796 481 3865 μὴ
514 3797 633 3865 οὐχ).
678 3798 768 3849 καὶ
803 3798 897 3859 τὰς
936 3800 1168 3867 ἀτόμους
1210 3797 1369 3850 αὐτοῦ
1401 3798 1491 3849 καὶ
1523 3799 1613 3851 ὑπ’
1643 3798 1762 3867 ὄψιν
1792 3817 1878 3851 πι-

317 3888 557 3953 πτούσας
588 3888 919 3959 ἁνευρῆσθαι
939 3906 953 3919 ·
994 3889 1135 3943 οὕτω
1164 3891 1339 3944 πάντα
1366 3891 1719 3960 πεπλήρωται
1751 3890 1879 3943 θαύ-

1972 3272 2076 3326 que
2119 3257 2407 3325 figurarum
2435 3252 2663 3321 species,
2701 3250 3015 3303 multiformi
3056 3251 3311 3303 tessellati
3351 3249 3531 3318 operis

1972 3347 2385 3403 concinnatione
2434 3345 2770 3402 efl‘ormatus,
2825 3345 3189 3397 admirabilem
3246 3344 3531 3413 quamdam

1973 3439 2194 3493 artiﬁcis
2243 3438 2561 3506 sapientiam
2598 3436 2856 3500 exhibet;
2905 3445 3103 3488 tantam
3158 3436 3433 3497 nimirum,
3476 3444 3532 3486 ut

1973 3545 2099 3585 vere
2127 3544 2321 3597 pueros
2346 3530 2827 3597 ligmentorumque
2856 3527 3108 3585 artiﬁces,
3140 3525 3361 3578 Phidias
3393 3525 3528 3587 illos,

1980 3622 2351 3688 Parasiosque,
2384 3628 2437 3672 et
2462 3619 2771 3683 Praxiteles,
2803 3626 2857 3671 et
2888 3617 3149 3670 Zeuxidas
3179 3627 3291 3669 arte
3318 3616 3378 3667 iis
3405 3615 3533 3667 sub-

1982 3714 2156 3767 tiliore
2231 3720 2505 3778 coarguat.
2573 3709 2925 3771 Democritus,
2986 3718 3135 3776 puto,
3195 3706 3376 3759 subtili
3442 3721 3531 3773 pa-

1981 3798 2203 3854 vimenti
2248 3813 2413 3867 opere
2454 3806 2764 3866 conspecto,
2806 3809 2965 3866 atque
3002 3796 3126 3850 hinc
3169 3795 3531 3862 conjecturam

1980 3893 2216 3955 ducens,
2263 3888 2407 3943 haud
2453 3889 2639 3957 procul
2682 3888 2869 3941 abesse
2912 3888 3170 3942 dixisset.
3222 3883 3354 3952 quin
3405 3896 3533 3936 suas

1858 4079 2091 4137 NOTAE.

396 4281 471 4352 (5)
528 4282 597 4352 Ἦ
644 4281 873 4350 χρυσοῦ
928 4298 981 4334 τι
1025 4278 1502 4352 θαυμασιώτερον
1570 4279 1868 4352 σύνθημα.

321 4350 506 4408 Innuit
543 4351 677 4405 forte
702 4353 877 4406 simile
909 4352 1110 4420 aliquid
1142 4352 1438 4420 factitatum
1475 4350 1529 4403 in
1576 4365 1762 4402 mensa
1792 4350 1871 4403 al-

329 4423 460 4476 taris
514 4437 667 4474 novae
705 4422 968 4483 ecclesiae,
999 4419 1089 4474 iac
1138 4421 1335 4474 factum
1373 4419 1548 4472 fuerat
1592 4420 1646 4471 in
1679 4420 1874 4473 Sancta

325 4492 529 4614 Soghia
568 4507 596 4543 a
622 4490 929 4545 Justiniano
956 4508 972 4555 ;
1008 4491 1251 4560 pluribus
1282 4490 1485 4543 scilicet
1514 4490 1725 4557 liquatis
1754 4504 1879 4557 spe-

325 4563 408 4614 cie
455 4578 537 4614 us.
592 4562 706 4614 sive
740 4563 900 4614 etiam
927 4561 1195 4614 contusis.
1230 4576 1296 4613 ex
1325 4560 1522 4614 quibus
1558 4575 1661 4611 una
1696 4559 1879 4611 altaris

324 4578 408 4617 Cle

1976 4295 2195 4349 nymus,
2247 4280 2383 4335 nihil
2412 4282 2675 4336 habentes
2712 4296 2835 4336 cum
2896 4281 3007 4348 ipsa
3042 4278 3225 4332 altaris
3254 4292 3439 4331 mensa
3476 4278 3527 4329 in

1980 4351 2181 4405 fabrica
2215 4351 2439 4420 aliisque
2465 4366 2787 4414 commune;
2824 4350 2973 4418 quid,
3012 4350 3053 4401 si
3087 4349 3248 4420 etiam
3290 4349 3344 4420 in
3380 4363 3532 4420 nova:

1983 4420 2225 4474 ecclesia:
2253 4418 2487 4474 sacrario
2533 4434 2716 4483 erant;
2753 4435 2852 4472 nec
2882 4418 3275 4472 Constantinus
3304 4418 3370 4469 de
3416 4419 3531 4484 ipsa

1987 4490 2170 4543 altaris
2209 4506 2394 4543 mensa
2426 4491 2635 4545 locutus
2673 4497 2773 4554 est,
2799 4505 2958 4559 quam
2999 4489 3176 4557 potius
3202 4487 3529 4556 peculiarius

455 4578 537 4627 us,
592 4562 706 4614 sive
740 4563 900 4615 etiam
927 4554 1195 4623 contusis,
1230 4576 1296 4613 ex
1325 4560 1522 4628 quibus
1558 4554 1661 4611 una
1696 4554 1883 4611 altaris
1918 4554 1959 4609 ι)
1988 4559 2221 4613 voluerit
2259 4561 2492 4612 notare?

323 4648 513 4685 mensa
540 4630 904 4694 conflaretur;
954 4632 1109 4699 cujus
1154 4641 1330 4682 tamen
1368 4629 1443 4681 rei
1491 4629 1878 4699 Constantinus

323 4717 435 4754 non
462 4703 734 4765 meminit;
760 4700 1006 4754 Photiqu
1024 4697 1214 4753 tamen
1244 4698 1381 4753 tueri
1410 4698 1677 4751 recentior
1708 4697 1876 4751 forsi-

324 4780 417 4825 tan
451 4772 709 4824 memoria
739 4772 927 4840 possit.
960 4770 1201 4840 Proclive
1226 4778 1373 4822 certe
1400 4766 1723 4840 Justinianaa
1756 4782 1877 4840 mu-

326 4840 619 4894 nificentia:
646 4837 756 4895 fere
796 4843 1054 4895 aemulum
1082 4839 1428 4893 aedificiorum
1466 4838 1743 4905 superbia,
1780 4837 1878 4891 hoc

322 4925 541 4978 quoque
578 4911 819 4964 aemulari
860 4911 1034 4977 ipsum
1063 4909 1315 4973 voluisse,
1350 4922 1412 4961 ac
1430 4922 1566 4978 _rem
1614 4915 1871 4978 tentasse.

322 4975 711 5034 Constantinus
742 4983 813 5034 ita
852 4975 973 5033 {Ta
1002 4980 1166 5031 ἄδυτα
1196 4978 1288 5030 τοῦ
1327 4976 1475 5037 ναοῦ,
1516 4979 1609 5027 καὶ
1656 4975 1876 5045 χρυσῷ,

323 5051 419 5103 καὶ
442 5050 667 5120 ἀργύρῳ
698 5051 794 5103 καὶ
815 5050 978 5112 λίθοις
1005 5048 1225 5120 τιμίοις,
1256 5048 1349 5099 καὶ
1374 5046 1683 5120 μαργάροις
1714 5062 1877 5097 κατα-

326 5116 705 5173 πεποίκιλται·
740 5130 961 5189 tumque
993 5119 1112 5171 aliis
1140 5118 1478 5189 percensitis.
1514 5131 1632 5189 quae
1661 5116 1714 5189 in
1750 5130 1875 5189 san-

323 5190 535 5242 ctuario
565 5201 749 5250 erant.
794 5186 889 5243 καῖ
922 5189 1087 5249 αὐτὰ,
1118 5186 1312 5256 inquit,
1347 5187 1399 5239 al
1442 5186 1584 5254 ἱεραὶ
1613 5186 1875 5256 τράπεζαι

324 5202 535 5242 etuario
565 5202 749 5250 erant.
794 5202 886 5243 καὶ
922 5202 1087 5249 αυτα,
1118 5202 1312 5256 inquit,
1347 5202 1399 5239 at
1442 5202 1584 5254 ιεραι
1613 5202 1875 5305 τραπεςαι

324 5258 383 5320 ἐξ
414 5258 653 5329 ἀργύρου
694 5261 873 5313 πάντα
920 5258 1350 5327 περικεχυμένον
1388 5256 1577 5329 έχοντα
1618 5272 1646 5305 τ
1683 5273 1709 5304 ν
1745 5272 1875 5329 χρυ-

325 5330 441 5399 σὸν,
476 5326 571 5382 καῖ
602 5330 766 5393 λίθοις
797 5326 1081 5399 τιμίοιςὲκ
1105 5327 1453 5399 μαργαριτῶν
1484 5326 1875 5399 ἠμφιεσμένοις

327 5397 630 5451 πολυτελῶν
651 5402 748 5470 τὴν
777 5393 1048 5469 σύμπηξιν
1080 5393 1196 5470 κατ
1230 5393 1486 5449 σύστασιν
1508 5396 1705 5470 έχουσι.
1738 5393 1875 5461 Ipsm

326 5470 489 5520 etiam
531 5465 961 5532 sacrm-mensae,
988 5468 1163 5521 omnia
1215 5484 1277 5520 ea:
1317 5476 1530 5535 argento
1558 5465 1640 5516 cui
1691 5480 1873 5531 super-

325 5538 503 5609 fluum
529 5542 700 5609 fuerat
730 5557 942 5603 aurum,
972 5548 1029 5609 et
1066 5538 1325 5605 lapidibus
1356 5536 1614 5609 pretiosis,
1663 5550 1873 5604 marga-

327 5608 463 5679 ritis?
505 5608 841 5679 superpositis
894 5608 1198 5674 amplissimi
1248 5608 1421 5679 pretii,
1475 5614 1744 5679 compacta
1808 5620 1870 5679 ac

328 5673 588 5743 fabricata
620 5673 788 5733 erant.
812 5684 877 5732 At
899 5673 1025 5731 num
1050 5679 1129 5731 hae
1157 5673 1379 5736 mensae,
1409 5676 1519 5744 ipsa
1539 5674 1657 5726 κατ’
1681 5673 1870 5741 ἐξοχὴν

326 5749 421 5797 τοῦ
452 5748 832 5820 Θυσιαστηρίου
882 5748 1153 5817 τράπεζας
1189 5748 1242 5820 in
1294 5749 1507 5820 Sancta:
1536 5744 1751 5811 Sophia:
1782 5759 1865 5796 sa-

327 5820 504 5873 crario
546 5816 729 5876 ctiani'
756 5821 887 5875 alias
922 5816 1143 5875 mensas
1201 5816 1454 5872 describit
1498 5823 1683 5868 auctor
1734 5830 1863 5866 ano-

2050 4629 2200 4695 Quod
2231 4629 2433 4682 editum
2472 4629 2625 4681 titulo
2654 4629 2912 4696 ἔκφασις.
2968 4626 3170 4679 mutavi
3226 4625 3487 4696 ἐκφρασις
3510 4642 3524 4655 ·

1980 4714 2082 4751 nec
2126 4698 2269 4751 enim
2304 4698 2447 4750 aliud
2498 4709 2580 4751 est
2609 4716 2767 4766 quam
2817 4697 3098 4749 oscitantia
3149 4695 3525 4766 exscrihentis,

1979 4768 2107 4822 dum
2141 4782 2260 4835 quae
2287 4766 2480 4835 duplex
2514 4765 2659 4836 pingi
2693 4770 2867 4820 littera
2896 4766 3049 4826 solet,
3079 4766 3304 4832 simplici
3332 4765 3523 4817 reddit.

1979 4837 2036 4892 In
2084 4853 2197 4906 quo
2252 4852 2359 4889 non
2409 4838 2573 4890 semel
2612 4837 2683 4889 illi
2720 4846 2985 4898 erratum;
3032 4838 3277 4903 quodque
3298 4849 3525 4906 omnem

1979 4904 2298 4975 scrupulum
2334 4907 2541 4975 adimit,
2571 4907 2768 4975 saepius
2802 4907 3009 4959 invoee
3037 4904 3396 4975 εὐφαίνεσθαι,
3434 4920 3528 4975 pro

1978 4973 2509 5045 εὐφραίνεσθαι·τῷ
2563 4973 2811 5044 ἔκφασις,
2865 4976 3002 5027 nihil
3054 4974 3184 5027 satis
3239 4973 3525 5045 congruit:

1976 5042 2261 5114 ἐκφρασις.
2295 5042 2588 5113 Descriptio
2611 5042 2714 5110 est,
2747 5045 3029 5098 Hermolao
3057 5053 3381 5114 auctoretet
3407 5042 3528 5111 qui-

1977 5111 2098 5170 dem
2130 5116 2292 5177 culta,
2324 5111 2723 5184 verborumque
2754 5115 3020 5167 lenocinio
3051 5129 3206 5182 paene
3258 5111 3529 5184 affectata,

1977 5185 2284 5254 cuiusmodi
2313 5185 2398 5237 illa
2430 5183 2644 5239 Sanctae
2676 5185 3009 5253 Euphemus,
3042 5194 3259 5254 auctore
3288 5183 3529 5254 Asterie,

1976 5256 2028 5308 in
2052 5252 2131 5308 vn
2159 5254 2358 5325 synodo
2380 5255 2610 5316 laudata,
2628 5252 2865 5325 mihique
2880 5254 3213 5325 emendatior
3235 5252 3287 5303 in
3308 5252 3522 5325 Asterio

1972 5325 2136 5387 edita,
2175 5322 2448 5391 semelque
2485 5334 2539 5377 et
2566 5326 2758 5377 iterum
2820 5322 3270 5392 Lugdunensibus
3296 5332 3350 5374 et
3376 5322 3527 5392 Ροεὶτ

1978 5395 2253 5449 siensibus
2278 5390 2568 5463 typothetis
2597 5408 2804 5463 eximea
2844 5390 2937 5463 illa
2976 5394 3232 5463 editione,
3254 5390 3525 5463 quidquid

1972 5465 2180 5535 ingrate
2204 5461 2431 5527 taceant,
2452 5478 2659 5517 recusa.
2677 5462 2772 5517 Est
2792 5462 3032 5535 ejusdem
3057 5461 3216 5535 etiam
3234 5462 3526 5535 descriptio

1970 5528 2141 5600 oculi,
2179 5535 2328 5589 Orat.
2356 5536 2417 5586 de
2453 5549 2585 5585 ειτεο
2626 5544 2768 5597 nato,
2809 5528 2937 5585 mihi
2976 5531 3199 5600 perinde
3230 5539 3352 5598 post
3383 5528 3523 5600 Pho-

1972 5598 2433 5672 tiana‘exccrpta,
2484 5604 2716 5671 primum
2778 5618 2841 5656 ex
2877 5600 2934 5654 P.
2989 5600 3103 5655 Jac.
3151 5598 3427 5653 Sirmundi
3470 5605 3524 5672 et

1973 5673 2214 5745 Seguier.
2250 5667 2409 5728 codd.
2440 5667 2603 5727 edita.
2660 5673 2718 5727 τὸ
2764 5672 3235 5740 ἑνευθυνοὰμενον,
3300 5667 3516 5724 emend.

1970 5745 2434 5816 ἐνευΟηνούμενον.
