4242 6438
741 397 840 463 571

1895 398 2156 461 PHOTII
2194 398 2696 460 PATBIARCH/E
2739 402 2843 463 ΟΡ.

3869 401 3992 466 572

737 519 813 565 ob
861 512 1044 565 oculos
1074 519 1355 566 versantes
1381 518 1589 564 atomos
1619 508 1952 563 invenisset:
1995 508 2075 561 sic
2105 514 2298 560 cuncta
2333 511 2379 566 Α
2409 556 2412 573 4

2333 511 2379 566 Α
2409 508 2721 576 ματος.⁹Ενὶ
2753 507 2807 559 δέ
2842 525 2931 575 μοι
2967 507 3117 560 δοκεῖ
3145 508 3304 578 μόνον
3343 510 3372 561 ὁ
3401 506 3495 561 τοῦ
3521 507 3784 575 τεμένους
3815 507 3991 576 ἀρχιο

745 607 900 674 plena
949 605 1229 658 miraculo.
1286 603 1464 657 Unum
1515 617 1642 656 vero
1683 602 1948 656 duntaxat
1997 599 2129 653 mihi
2175 615 2302 668 pec-

742 714 894 751 casse
946 698 1156 751 videtur
1207 697 1418 749 delubri
1457 695 1811 757 architectus,
1862 692 2002 761 quod
2042 693 2096 744 in
2136 707 2302 744 unum

742 789 1102 856 eamdemque
1133 788 1312 840 locum
1349 785 1589 854 pulchris
1623 783 1874 836 omnibus
1901 780 2193 851 congestis,
2226 780 2305 831 vi-

742 876 959 927 dentem
1005 875 1147 926 clare
1197 872 1507 942 spectaculo
1543 871 1648 924 frui
1683 886 1791 922 non
1829 869 1980 928 sinit,
2007 867 2127 920 aliis
2176 866 2305 920 sub-

745 965 869 1016 inde
917 963 1022 1017 alio
1080 963 1456 1025 trahentibus,
1513 960 1860 1026 vicissimque
1916 957 2302 1020 avellentibus,

745 1074 847 1112 nec
890 1059 1193 1112 sinentibus
1237 1067 1498 1125 quantum
1529 1057 1649 1125 quis
1677 1055 1824 1118 velit,
1849 1053 1967 1122 ejus
1992 1053 2134 1122 quod
2165 1053 2306 1106 videt

745 1159 965 1219 aspectu
997 1149 1201 1202 satiari.

815 1241 966 1304 Quod
1013 1255 1098 1292 me
1149 1255 1278 1292 vero
1329 1238 1608 1307 praeteriit,
1642 1239 1984 1306 primumque
2015 1237 2304 1290 dicendum

747 1332 870 1384 fuit.
919 1330 1116 1384 Verum
1178 1345 1248 1383 ne
1309 1331 1452 1384 inter
1499 1332 1762 1384 orandum
1818 1329 2070 1397 quidem,
2122 1329 2304 1397 templi

748 1427 1066 1479 miraculum
1096 1441 1223 1478 suas
1250 1431 1497 1478 orantem
1524 1423 1667 1476 clare
1699 1430 1880 1490 partes
1909 1422 2125 1488 exsequi
2148 1421 2306 1472 sinit:

749 1533 814 1570 ac
867 1533 996 1570 sane
1056 1518 1218 1570 modo
1271 1517 1517 1569 dicturus
1580 1529 1721 1568 sum.
1790 1513 1845 1565 ln
1918 1513 2030 1580 ipsa
2078 1528 2310 1581 namque

751 1607 1014 1676 superiori
1046 1607 1270 1667 fornice,
1302 1606 1470 1659 virilis
1496 1606 1670 1674 imago
1696 1603 1898 1656 Christi
1923 1603 2146 1656 formam
2173 1619 2310 1670 prae-

751 1699 932 1752 ferens
963 1697 1264 1766 lapillorum
1297 1697 1446 1750 vario
1477 1695 1605 1749 ﬂore
1626 1696 1836 1763 depicta
1861 1694 2128 1748 enitescit.
2157 1693 2312 1747 Dixeo

755 1791 829 1842 ris
870 1797 1063 1841 terram
1113 1789 1441 1856 inspectare,
1469 1787 1696 1855 ejusque
1729 1797 1977 1840 ornatum
2019 1803 2081 1841 ac
2115 1787 2310 1857 guber-

753 1881 1023 1934 nationem
1053 1891 1232 1934 mente
1268 1883 1467 1950 agitare
1496 1900 1508 1933 :
1552 1883 1629 1934 sic
1655 1893 1906 1934 accurate
1930 1883 2124 1950 pictor,
2153 1891 2306 1952 gestu

749 1989 809 2026 et
868 1971 1075 2038 habitu,
1124 1974 1501 2041 coloribusque
1539 1971 1812 2025 Creatoris
1841 1988 1965 2040 erga
2005 1989 2102 2026 nos
2133 1974 2311 2042 provi-

753 2065 992 2118 dentiam
1051 2081 1368 2132 curamque,
1419 2065 1643 2117 numine
1704 2064 2028 2132 propensius
2073 2065 2308 2127 amante,

751 2156 972 2210 eﬂinxit.
1009 2157 1380 2225 llemisphzerii
1415 2157 1558 2210 circa
1591 2157 1794 2208 tholum
1825 2156 2045 2210 insectis
2070 2157 2308 2217 circulis,

751 2247 1063 2317 angelorum
1114 2264 1456 2300 communem
1512 2248 1826 2316 stipantium
1889 2245 2176 2300 Dominum
2224 2248 2312 2301 dc-

753 2337 898 2407 pieta
957 2338 1246 2390 multitudo
1301 2355 1314 2389 :
1371 2353 1492 2406 qua:
1537 2353 1664 2391 vero
1716 2339 1784 2392 ab
1812 2339 1998 2392 altaris
2028 2340 2145 2392 loco
2169 2343 2312 2408 apsis

754 2430 1003 2499 assurgit.
1052 2428 1288 2500 Virginis
1333 2429 1502 2483 forma
1548 2431 1898 2498 splendescit,
1947 2433 2115 2486 nostri
2153 2449 2312 2487 causa

759 2523 1015 2591 expansis
1049 2523 1384 2575 intemeratis
1413 2523 1681 2585 manibus,
1709 2538 1772 2575 ac
1803 2539 1924 2591 qua:
1951 2525 2181 2577 salutem
2214 2525 2314 2577 im-

759 2613 993 2680 peratori
1034 2621 1271 2681 prazstet,
1304 2614 1571 2681 roburque
1592 2614 1656 2666 ad
1689 2614 1826 2666 bella
1857 2613 2065 2668 fortiter
2080 2617 2312 2684 gerenda

754 2704 830 2757 illi
861 2705 1135 2759 conciliet.
1168 2705 1549 2772 Apostolorum
1578 2705 1780 2759 chorus
1811 2716 1968 2775 atque
1989 2719 2312 2776 martyrum;

757 2811 887 2849 sane
941 2795 1103 2848 etiam
1161 2797 1550 2864 pr0pbetarum
1595 2811 1657 2848 ac
1689 2797 2136 2863 patriarcharum.
2164 2813 2316 2866 egre-

757 2888 903 2958 gium
945 2888 1142 2954 templo
1181 2896 1454 2949 ornatum,
1484 2888 1627 2956 quod
1665 2887 1826 2956 pictis
1858 2887 2180 2956 imaginibus
2218 2889 2317 2941 im-

760 2976 963 3044 pleant,
1003 2975 1240 3028 alterum
1276 2993 1290 3027 :
1346 2976 1541 3029 horum
1575 2992 1717 3028 unus
1758 2977 1897 3042 quis,
1935 2978 2144 3030 tametsi
2174 2979 2314 3040 silet,

757 3069 957 3137 quibus
1003 3068 1129 3120 olim
1209 3068 1419 3121 locutus
1485 3078 1566 3121 est
1590 3107 1604 3130 ,
1643 3069 1884 3121 clamat:
1922 3069 2089 3130 Quam
2127 3069 2316 3121 dilecta

2405 602 2609 653 τέκτων
2630 600 3080 672 διημαρτηκέναι.
3112 603 3301 671 ὅτιπερ
3326 602 3405 664 εἰς
3431 603 3528 654 ἕνα
3575 601 3670 653 καὶ
3699 600 3790 652 τὸν
3813 600 3993 652 αὐτὸν

2406 694 2580 762 χῶρον
2625 692 2740 762 ἅμα
2792 694 2966 746 πάντα
3011 693 3269 756 συλλέξας
3312 693 3381 746 τά
3429 694 3620 763 κάλλη.
3650 694 3750 746 οὐκ
3789 695 3851 760 ἐᾷ
3884 691 3992 742 τὸν

2407 785 2598 855 θεατὴν
2644 785 2897 854 καθαρῶς
2948 785 3284 855 ἐντρυφῆσαι
3332 785 3425 839 τοῦ
3473 785 3765 854 θεάματος,
3796 783 3990 835 ἄλλων

2406 879 2504 930 ἀπ’
2530 877 2706 930 ἄλλων
2728 878 3070 946 ἀφελκόντων
3097 893 3156 928 τε
3188 878 3282 929 καὶ
3313 875 3741 945 μετασπώντωνο
3771 876 3864 927 καὶ
3900 874 3988 943 μὴ

2408 970 2880 1039 παραχωρούντων
2906 971 3027 1022 ὅσον
3049 986 3132 1031 τις
3158 968 3334 1023 ὲθέλει
3363 969 3456 1023 τοῦ
3487 969 3759 1038 ὁρωμένου
3789 966 3989 1028 κορέν-

2407 1063 2622 1118 νυσθαι.

2482 1247 2547 1299 Ὀ
2576 1245 2634 1299 δέ
2671 1263 2737 1315 με
2786 1247 3137 1316 παρέδραμε.
3167 1248 3260 1300 καὶ
3307 1246 3520 1315 πρῶτον
3573 1242 3798 1312 ῥηθῆναι
3846 1240 3986 1292 ἔδει.

2419 1338 2581 1392 Ἀλλά
2602 1340 2708 1409 γὰρ
2739 1338 2845 1392 οὐδ’
2875 1340 2932 1391 ὲν
2963 1342 3074 1401 τοῖς
3105 1339 3281 1406 λόγοις
3303 1336 3395 1389 τοῦ
3418 1336 3675 1406 τεμένους
3701 1335 3758 1385 ’τὸ
3790 1332 3988 1401 θαῦμα

2410 1434 2640 1503 παρέχει
2674 1431 2751 1502 τῷ
2781 1432 2990 1498 λέγοντι
3021 1430 3278 1499 καθαρῶς
3318 1429 3380 1482 τὸ
3414 1429 3542 1480 ῐδιον
3569 1427 3742 1478 τελεῖν
3772 1425 3936 1493 ἔργον
3967 1439 3981 1451 ·

2409 1525 2503 1577 καὶ
2547 1525 2611 1595 δὴ
2659 1525 2753 1576 νῦν
2796 1525 3094 1593 εἰρήσεται,
3131 1523 3216 1577 ἐπ’
3251 1522 3420 1590 αὐτῆς
3454 1519 3560 1589 γάρ
3605 1519 3703 1587 τῆς
3749 1517 3986 1587 ὀροφῆς.

2409 1616 2748 1684 ἁνδρείκελος
2775 1615 2938 1669 εἰκὼν
2973 1615 3184 1685 μορφὴν
3209 1615 3451 1684 φέρουσα
3475 1613 3569 1666 τοῦ
3604 1609 3838 1680 Χριστοῦ
3877 1626 3988 1661 πο-

2410 1707 2658 1760 λυανθέσι
2685 1709 2914 1779 ψηφῖσιν
2945 1708 3337 1777 ἐγγέγραπται.
3374 1707 3559 1767 Εἴποις
3588 1704 3654 1757 ἂν
3683 1704 3842 1756 αὐτὸν
3881 1702 3989 1771 τὴν

2410 1800 2513 1869 γῆν
2545 1799 2767 1868 ἔφορᾷν.
2805 1798 2899 1850 καὶ
2925 1798 3024 1866 τὴν
3068 1797 3195 1868 περὶ
3219 1797 3420 1865 ταύτης
3445 1795 3767 1848 διανοεῖσθαι
3796 1792 3988 1844 διακό-

2413 1890 2612 1960 σμησξν
2642 1908 2698 1942 τε
2732 1889 2827 1941 κα)⁸
2869 1888 3221 1959 κυδέρνησιν·
3255 1886 3428 1947 οὕτως
3475 1883 3717 1955 ἀκριϐῶς
3767 1884 3796 1935 ὁ
3843 1899 3989 1949 γραο

2408 1984 2541 2050 φεὺς
2594 1983 2838 2044 καὶτοῖς
2890 1983 3131 2050 σχήμασι
3162 1979 3260 2048 τὴν
3311 1977 3406 2030 τοῦ
3453 1973 3795 2046 Δημιουργοῦ
3847 1972 3990 2038 περὶ

2406 2075 2554 2142 ἡμᾶς
2604 2071 2930 2141 κηδεμονίαν
2977 2069 3236 2131 ἐπίπνους
3274 2067 3498 2135 γέγονεν
3532 2063 3982 2119 ὲντυπώσασθαι.

2408 2167 2534 2227 Τοῖς
2575 2163 2633 2216 δὲ
2658 2165 2786 2234 περί
2813 2165 2950 2232 αὐτῇ
2981 2163 3151 2232 ὀροφῇ
3182 2159 3274 2212 τοῦ
3306 2157 3664 2230 ἡμισφαιρίου
3693 2157 3988 2223 τμήμασιν

2409 2259 2692 2326 ἐγκύκλοις
2713 2299 2728 2321 ,
2759 2256 2966 2324 πληθὺς
2992 2255 3238 2322 ἀγγέλων
3267 2252 3344 2320 τῷ
3372 2251 3535 2322 κοινῷ
3559 2250 3798 2317 Δεσπότη
3823 2247 3987 2316 δορυ-

2411 2351 2700 2422 φοροῦντες
2725 2347 3302 2418 διαμεμόρφωνται.Ἦ
3333 2345 3386 2397 δὲ
3421 2345 3525 2396 ἀπὸ
3549 2341 3641 2394 τοῦ
3685 2343 3987 2406 θυσιαστη-

2415 2445 2527 2514 ρίου
2577 2441 2968 2512 ἁνεγειρομένη
3016 2440 3163 2507 ἁψὶς,
3198 2442 3265 2509 τῇ
3322 2441 3503 2508 μορφῇ
3555 2437 3653 2503 τῆς
3699 2431 3987 2501 Παρθένου

2411 2533 2938 2600 περιαστράπτεται,
2962 2530 3060 2591 τὰς
3097 2528 3396 2598 ἀχράντους
3435 2529 3622 2595 χεῖρας
3653 2521 3791 2589 ὑπὲρ
3822 2518 3989 2587 ἡμῶν

2411 2624 2770 2691 ὲξαπλούσης,
2793 2621 2888 2674 καὶ
2921 2621 3300 2689 πραττομένης
3332 2618 3408 2686 τῷ
3443 2616 3650 2686 βασιλεῖ
3679 2614 3775 2682 τὴν
3806 2629 3988 2675 σωτη-

2418 2717 2570 2785 ρίαν,
2602 2716 2696 2767 καὶ
2741 2713 2861 2767 κατ’
2917 2711 3128 2782 ἐχθρῶν
3178 2708 3659 2780 ἀνδραγαθήματα.
3710 2704 3882 2773 Χορὸς
3931 2703 3990 2754 ἱὲ

2414 2806 2727 2860 ἀποστόλων
2753 2806 2849 2856 καὶ
2885 2803 3174 2873 μαρτύρων
3191 2819 3204 2831 '
3238 2800 3327 2852 ναὶ
3354 2800 3418 2868 δὴ
3443 2800 3536 2851 καὶ
3567 2795 3860 2864 προφητῶν
3889 2794 3990 2844 καὶ

2415 2898 2787 2969 πατριαρχῶν,
2821 2897 2940 2949 ὅλον
2970 2894 3300 2963 πληροῦντες
3331 2895 3449 2954 ταῖς
3479 2892 3646 2944 εἰκόσι
3672 2890 3732 2941 τὺ
3758 2888 3990 2955 τέμεντνς

2417 2989 2830 3060 ὲξωραϊζουσιν·
2859 2981 2933 3039 ὧν
2956 2988 2984 3038 ὁ
3026 2986 3124 3053 μὲν
3153 2985 3245 3036 καὶ
3271 2983 3460 3048 σιγῶν,
3495 2980 3561 3032 δι’
3589 2973 3662 3032 ὦν
3694 2977 3858 3029 πάλαι
3888 2976 3988 3026 άν-

2419 3084 2735 3150 εφθέγξατο,
2769 3081 2892 3150 βοᾷ·
2941 3081 3037 3144 Ὠς
3068 3076 3341 3144 ἀγαπητὰ
3360 3075 3432 3129 τὰ
3462 3069 3816 3139 σκηνώματὰ
3843 3085 3986 3124 σου,

773 3160 1108 3213 tabernacula
1165 3170 1277 3222 tua,
1342 3161 1557 3214 Domine
1607 3162 1892 3214 virtutum!
1931 3163 2242 3229 concupiscit
2273 3174 2318 3216 et
2347 3181 2388 3238 ε
2422 3181 2448 3229 ιι

2312 3174 2388 3238 tC
2422 3178 2596 3241 Κύριε
2627 3175 2745 3229 τῶν
2791 3171 3134 3240 δυνάμεωνί
3175 3168 3447 3223 ἐπιποθεῖ
3490 3167 3588 3219 καὶ
3637 3164 3900 3217 ἐκλείπει
3952 3163 3987 3225 ἡ

763 3254 932 3321 deﬁcit
976 3255 1153 3305 animo:
1201 3270 1313 3305 mea
1355 3254 1408 3304 in
1449 3253 1587 3304 atria
1628 3253 1832 3304 Domini
1877 3254 1917 3305 ¹.
1965 3254 2114 3306 Alter
2150 3270 2318 3307 vero:

765 3346 937 3410 Quam
981 3347 1235 3397 mirabilis
1279 3355 1350 3397 est
1392 3344 1532 3397 locus
1565 3346 1695 3397 istc!
1727 3361 1826 3396 non
1857 3355 1927 3398 est
1958 3345 2072 3409 hoc,
2103 3347 2200 3398 nisi
2231 3347 2322 3398 do-

765 3455 879 3490 mus
911 3437 1068 3488 Dei‘.
1109 3435 1352 3491 Succinit
1376 3446 1552 3490 autem
1591 3436 1726 3489 forte
1775 3437 1934 3501 alius,
1964 3439 2054 3506 qui
2087 3454 2187 3492 nec
2211 3439 2324 3506 ipse

764 3545 826 3583 ex
879 3531 1095 3588 nostris.
1138 3539 1232 3582 aut
1273 3529 1510 3598 probatis
1551 3528 1640 3590 sit,
1679 3528 1986 3598 invitusque
2031 3540 2211 3582 nostra
2238 3531 2326 3583 dc-

766 3623 1019 3689 przedicat
1045 3639 1057 3674 :
1093 3621 1259 3684 Quam
1282 3615 1518 3687 pulchra?
1544 3623 1724 3674 domus
1754 3632 1876 3685 tuae,
1910 3622 2113 3686 Jacob;
2151 3623 2324 3675 taber-

768 3717 956 3768 nacula
1009 3725 1120 3777 tua,
1175 3715 1376 3766 Israel!
1424 3713 1694 3782 Tanquam
1741 3716 1978 3782 paradisi
2028 3731 2182 3780 super
2224 3717 2325 3782 ﬂu-

767 3793 945 3869 mina,
979 3815 1026 3858 et
1068 3807 1198 3857 sicut
1231 3805 1584 3857 tabernacula
1632 3821 1747 3874 qua:
1783 3806 1897 3872 ﬁxit
1947 3805 2102 3868 Deus,
2134 3816 2180 3857 et
2225 3822 2324 3857 non

767 3897 918 3946 homo
935 3897 974 3947 ³.

837 3988 973 4038 Ulim
998 3988 1212 4054 quidem
1243 3985 1330 4037 Dei
1361 3985 1698 4054 conspectori
1729 3985 1880 4049 Mosi,
1909 3986 2001 4038 Dei
2026 3985 2197 4053 ipsius
2223 3986 2323 4039 im-

770 4081 922 4149 perio
977 4079 1382 4132 tabernaculum
1439 4079 1728 4132 excitatum
1761 4089 1862 4143 est,
1891 4079 1958 4133 ad
1991 4080 2192 4133 hostias
2218 4079 2324 4133 Deo

770 4171 1145 4233 immolandas,
1161 4187 1222 4223 ac
1239 4170 1421 4239 populi
1445 4170 1636 4224 delicta
1658 4171 1941 4239 expianda.
1963 4171 2068 4225 Sed
2093 4180 2147 4225 et
2173 4170 2324 4224 Salo-

769 4263 917 4316 moni
952 4263 1083 4331 regi,
1115 4263 1374 4329 templum
1410 4262 1604 4316 deinde
1633 4261 2013 4332 Hierosolymis
2047 4263 2323 4316 conditum

767 4362 883 4416 est;
920 4369 1058 4420 opus
1087 4353 1292 4406 scilicet
1324 4363 1544 4420 aspectu
1585 4353 1919 4413 delectabile,
1948 4367 2010 4404 ac
2038 4353 2324 4421 ejusmodi.

770 4443 1102 4513 utquidquid
1126 4444 1244 4511 ejus
1267 4445 1481 4512 generis
1499 4460 1734 4512 unquam
1761 4446 2058 4508 exstiterat,
2079 4445 2323 4513 pulchri-

769 4535 973 4591 tudine.
1006 4535 1392 4604 magnitudine,
1437 4535 1850 4602 sumptuositate
1881 4537 2036 4605 longe
2063 4537 2322 4591 obscura-

771 4635 873 4679 ret.
923 4624 1211 4678 Enimvero
1261 4635 1520 4693 quantum
1549 4625 1774 4678 fortasse
1801 4627 1990 4678 umbra
2017 4635 2071 4678 et
2100 4625 2267 4696 ﬁgura
2296 4642 2326 4679 a

769 4718 998 4770 veritate
1028 4718 1294 4784 rebusque
1334 4717 1464 4783 ipsis
1493 4715 1724 4779 decedit,
1759 4726 1964 4769 tantum
2000 4716 2088 4769 illa
2118 4733 2148 4769 a
2187 4726 2328 4770 tern-

770 4811 882 4880 plo,
917 4811 1059 4878 quod
1088 4824 1234 4861 nunc
1264 4808 1434 4860 ﬁdelis
1456 4823 1791 4876 magnusque
1821 4808 2114 4875 imperator
2145 4820 2328 4861 noster

771 4901 1036 4955 exstruxit
1088 4918 1103 4954 :
1155 4917 1262 4953 non
1315 4916 1381 4953 eo
1419 4901 1677 4954 duntaxat
1723 4899 1969 4960 nomine.
2005 4900 2147 4968 quod
2185 4901 2327 4954 istud

772 4991 955 5062 gratia:
997 5007 1061 5046 ac
1107 4991 1330 5059 spiritus
1362 5000 1464 5051 est.
1501 4991 1586 5044 illa
1617 4991 1748 5060 legis
1774 5001 1934 5058 atque
1965 4991 2195 5053 litterae;
2236 4992 2329 5045 sed

771 5084 913 5153 quod
947 5082 1108 5136 etiam
1146 5082 1550 5150 pulchritudine
1589 5097 1648 5135 ac
1692 5081 1894 5149 reliqua
1938 5081 2070 5134 artis
2104 5080 2330 5134 concin-

774 5177 941 5228 nitate
995 5174 1364 5244 elegantiaque
1421 5188 1533 5241 pra:
1583 5173 1687 5226 illis
1730 5173 1922 5226 merito
1986 5173 2191 5242 primas
2237 5172 2334 5226 ob-

775 5268 931 5320 tinet.

844 5357 1040 5425 Ecquis
1093 5373 1220 5408 vero
1277 5355 1426 5409 brevi
1491 5356 1627 5409 adeo
1687 5365 1931 5425 tempore
1987 5355 2324 5411 celeberrimi

777 5451 958 5519 templi
1011 5449 1262 5502 miracula
1303 5457 1471 5502 tentet
1519 5450 1761 5502 oratione
1819 5464 2165 5517 percurrere;
2202 5461 2325 5502 cum

777 5557 879 5596 nec
918 5543 1092 5610 ipsum
1125 5541 1320 5604 visum,
1355 5543 1448 5594 diu
1489 5542 1824 5610 multumque
1859 5541 2104 5612 legendo.
2153 5557 2327 5610 quan-

776 5649 937 5706 quam
971 5648 1161 5688 sensus
1213 5632 1445 5702 reliquos
1487 5634 1737 5688 celeriori
1780 5644 1930 5688 motu
1979 5633 2134 5703 longe
2167 5649 2329 5687 exsu-

855 5816 869 5846 ¹
909 5813 1047 5866 Psal.
1098 5826 1315 5874 Lxxxm.
1363 5811 1415 5864 2.
1495 5811 1671 5865 ⁸6υιι.
1702 5827 1890 5876 XXHII,
1943 5809 2020 5862 l7.

2424 3270 2593 3336 ψυχή
2634 3286 2751 3335 μου
2794 3268 2880 3331 εις
2922 3265 3023 3328 τὰς
3072 3262 3263 3328 αὐλὰς
3305 3259 3408 3313 τοῦ
3435 3259 3669 3325 Κυρίου.
3689 3257 3744 3307 Ὀ
3773 3255 3855 3306 δέ’
3896 3252 3994 3314 Ὧς

2425 3359 2764 3426 θαυμαστὸς
2789 3360 2820 3409 ὀ
2851 3358 3031 3420 τόπος
3053 3350 3226 3416 οὗτος
3246 3354 3266 3405 .'
3294 3353 3403 3405 οὐκ
3440 3351 3568 3403 ἐστι
3608 3347 3800 3405 τοῦτο.
3837 3347 3957 3396 (1.1.1
3979 3344 3998 3364 '

2425 3452 2462 3518 ἢ
2499 3448 2657 3515 οἶκος
2693 3449 2858 3501 Θεοῦ.
2878 3448 3169 3512 Ἐπιαωνεῖ
3208 3446 3263 3498 δέ
3306 3461 3388 3506 τις
3441 3444 3570 3496 ἴσως
3603 3439 3697 3491 καὶ
3737 3439 3844 3488 τιτν
3891 3437 3993 3502 οὐχ

2425 3543 2705 3612 ἡμετέρων
2729 3541 2836 3592 οὐδ’
2855 3538 3339 3607 ἐγγεγραμμένων,
3366 3535 3458 3586 καὶ
3489 3535 3633 3586 ἄκων
3664 3531 3994 3590 ἐπιθειάζων

2424 3634 2492 3686 τὰ
2532 3634 2767 3701 ἡμέτερα
2791 3648 2805 3661 ⁶
2853 3632 2949 3694 Ὧς
2975 3629 3146 3681 καλοί
3179 3643 3293 3680 σου
3353 3629 3405 3678 οἱ
3458 3621 3606 3677 οἶκοι
3635 3623 3896 3689 ,’1ακιί›ὅ,
3932 3625 3996 3674 ιιί

2425 3726 2647 3790 σκηναί
2666 3741 2802 3787 σου,
2829 3722 3076 3789 Ἰσραήλ
3099 3722 3117 3772 !
3140 3720 3280 3772 ὡσεὶ
3309 3718 3655 3784 πηρὰδεισοι
3679 3718 3773 3768 ἐπ)
3809 3731 3994 3766 ποτα-

2421 3819 2593 3887 μοὺς,
2632 3817 2727 3869 καὶ
2758 3817 2836 3880 ὠς
2865 3819 2922 3868 al
2950 3815 3166 3881 σκηναὶ
3199 3813 3270 3878 ἂς
3307 3814 3531 3877 ἔπηξεν
3566 3812 3599 3864 ὸ
3625 3811 3853 3876 Κύριος,
3894 3805 3995 3858 καὶ

2425 3915 2534 3963 οὐκ
2563 3909 2888 3975 ἄνθρωπος.

2496 4002 2666 4053 Πάλαι
2693 4000 2788 4069 μὲν
2816 3997 2908 4050 οὖν
2931 3997 3010 4066 τῷ
3031 3995 3231 4065 θεόπτῃ
3260 3995 3432 4061 Μωσῇ
3459 3993 3586 4061 θείῳ
3613 3991 3996 4061 προστάγματι

2427 4092 2597 4160 σκηνὴ
2627 4088 3029 4142 κατεσκεύαστο
3049 4103 3061 4114 ·
3096 4086 3283 4137 θυσίαν
3309 4101 3367 4135 τε
3397 4082 3556 4134 θῦσαι
3583 4081 3698 4149 Θεῴ
3719 4079 3996 4148 ἁμαρτίας

2425 4180 2793 4247 ἐξιλάσασθαι.
2839 4180 2948 4231 Καὶ
2994 4177 3070 4245 τῷ
3133 4175 3438 4245 Σολομῶντι
3485 4174 3540 4226 δὲ
3605 4173 3813 4240 βασιλεῖ
3866 4172 3894 4220 ὁ
3939 4172 3997 4219 ἐν

2439 4272 2824 4344 Ἰεροσολύμοις
2869 4271 2992 4330 ναὸς
3042 4266 3266 4335 ὕστερον
3314 4264 3545 4334 τερπνόν
3582 4280 3632 4314 τι
3661 4262 3865 4330 χρῆμα,
3901 4261 3996 4309 καί

2427 4367 2634 4427 πάντας
2671 4363 2796 4425 τοὺς
2843 4359 3149 4430 ἔμπροσθεν
3181 4357 3258 4426 τῷ
3290 4356 3475 4408 κάλλει
3505 4356 3596 4405 καὶ
3627 4354 3868 4420 μεγέθει,
3901 4352 3997 4401 καὶ

2425 4460 2493 4527 τῇ
2543 4452 2859 4520 πολυτελείᾳ
2901 4445 3533 4518 ἁποκρυψάμενος.“Αλλ⁹
3557 4445 3678 4496 ὅσον
3731 4443 3856 4494 σκιὰ
3902 4442 3999 4493 καί

2424 4549 2592 4609 τύπος
2635 4543 2888 4612 ἀληθείας
2930 4541 3024 4592 καὶ
3071 4537 3408 4608 πραγμάτων
3454 4534 3632 4586 αὐτῶν
3663 4531 3994 4598 ὑποϐέϐηκε,

2423 4638 2672 4693 τοσοῦτον
2707 4638 2890 4687 ἐκεῖνα
2935 4631 3028 4684 τοῦ
3075 4631 3167 4683 νῦν
3218 4627 3720 4696 ὲξοικοδομηθέντος
3752 4624 3876 4674 ναοῦ
3918 4623 3997 4690 τῷ

2423 4729 2600 4797 πιστῷ
2642 4729 2734 4779 καὶ
2771 4725 2993 4794 μεγάλῳ
3025 4722 3232 4791 βασιλεῖ
3258 4719 3440 4790 ἡμῶν·
3475 4720 3572 4785 οὐχ
3603 4717 3682 4769 ὃτι
3709 4718 3736 4766 ὁ
3765 4716 3863 4782 μὲν
3897 4715 3998 4779 τῆς

2425 4825 2648 4893 χάριτος
2671 4820 2877 4873 καὶτοῦ
2905 4818 3211 4884 πνεύματος
3241 4853 3256 4876 ,
3284 4817 3352 4865 τά
3377 4812 3436 4865 δὲ
3458 4812 3552 4864 τοῦ
3585 4809 3749 4874 νόμου
3777 4808 3872 4859 καὶ
3901 4804 3998 4857 τοῦ

2426 4917 2770 4985 γράμματος,
2805 4911 2920 4963 ἀλλ’
2948 4911 3029 4962 ὅτι
3062 4910 3154 4960 καὶ
3194 4907 3270 4972 τῷ
3297 4907 3505 4965 κάλλει,
3529 4905 3620 4956 καὶ
3658 4904 3720 4971 τῇ
3749 4900 3884 4970 ἄλλῃ
3910 4916 3997 4950 τε·

2433 5007 2692 5077 χνουργίᾳ
2720 5008 2812 5059 καὶ
2835 5002 3121 5072 δεξιότητι,
3151 5001 3218 5053 τὰ
3242 4999 3470 5068 δεύτερα
3504 4998 3747 5067 φέρουσι.

2505 5358 2614 5411 Καὶ
2645 5357 2696 5408 τί
2725 5357 2789 5409 ἄν
2815 5373 2898 5416 τις
2923 5355 2980 5406 ὲν
3009 5353 3150 5406 οὕτω
3184 5352 3374 5422 βραχεῖ
3419 5350 3483 5402 τὰ
3530 5347 3623 5401 τοῦ
3655 5346 4003 5414 περιωνύμου

2431 5452 2686 5521 τεμένους
2731 5449 2873 5518 λόγῳ
2933 5449 3186 5517 πειρᾶται
3240 5443 3628 5514 περιέρχεσθαι
3697 5440 4000 5508 θαύματα;

2432 5545 2562 5596 ὅπου
2619 5557 2682 5607 γε
2715 5540 2822 5591 οὐδ’
2855 5539 2991 5606 αὑτὴ
3038 5540 3069 5604 ἡ
3115 5538 3235 5604 ὄψις
3269 5538 3376 5588 οὐδ’
3409 5537 3498 5585 ἐπὶ
3548 5534 3740 5602 συχνὴν
3787 5532 3999 5600 χρόνον,

2434 5633 2608 5686 καίτοι
2634 5631 2731 5694 τὰς
2757 5631 2919 5692 ἄλλας
2955 5631 3236 5699 αἰσθήσεις
3266 5627 3342 5697 τῷ
3372 5627 3528 5696 τάχει
3575 5625 3806 5676 κατόπιν
3837 5622 4007 5689 ἀγού-

2102 5809 2118 5839 ’
2149 5808 2304 5861 Num.
2351 5823 2491 5873 xxiv,
2525 5808 2575 5861 3.
