4242 6438
278 439 388 502 573

948 432 1273 498 HOMILIA
1310 430 1427 495 III.
1452 405 1622 494 -έ-ῙΝ
1664 425 2175 491 DEDICATIONE
2212 423 2428 486 NOVE
2463 422 2846 484 BASILIC.’E.

3420 419 3521 483 574

278 569 375 611 σα,
432 546 805 602 ἀντιλαὸέσθαι
847 546 1050 601 τούτων
1098 546 1346 615 οὐδαμῶς
1392 546 1673 616 ἐλέγχεται
1719 562 1850 598 κατ·
1880 545 1925 600 Λ

1845 572 1850 583 ι
1880 545 1925 600 Α
1953 549 2126 608 perat,
2158 538 2273 592 hzec
2296 537 2427 592 satis
2458 536 2742 604 percipere
2769 548 2926 604 posse
2967 548 3029 587 ac
3055 533 3520 603 comprehendere

276 643 563 712 ισχύοσδσα.
594 641 782 707 Χαίρω
812 639 941 707 γοῦν
965 638 1074 705 ἐγω
1098 654 1159 707 γε
1186 638 1338 690 οὐδὲν
1366 633 1549 708 ἦττον,
1584 636 1634 688 εἰ
1672 635 1767 689 καὶ
1792 634 1851 687 τὸ

272 733 501 784 ἔλαττον
540 733 568 783 ὁ
604 730 761 797 λόγος
791 729 1163 798 ἀπηνέγκατο,
1198 728 1230 799 ἢ
1259 729 1307 780 εί
1337 729 1428 781 καὶ
1458 727 1594 799 πρὸς
1632 727 1761 779 αὐτὸ
1791 726 1853 778 τὸ

277 825 483 893 μέτρον
512 822 609 890 τῆς
644 821 843 882 ἱκανῶς
889 821 1119 891 ἐχούσης
1163 820 1389 889 ἀφίκετο
1421 819 1743 889 διηγήσεως.
1775 818 1848 870 Οὐ

273 914 389 982 γὰρ
417 912 515 976 τῆς
539 914 596 964 ἐν
623 911 763 981 λόγῳ
796 912 1077 980 δυνάμεως
1107 911 1383 977 ἐπίδειξιν,
1407 910 1543 964 ἀλλὰ
1572 910 1633 963 τὸ
1663 910 1848 964 κάλλι-

276 1004 408 1055 στόν
436 1020 494 1055 τε
523 998 662 1055 εἶναι
686 1003 778 1055 τὸν
807 1003 932 1055 ναὸν
962 1003 1056 1055 καὶ
1085 1002 1419 1072 ὡραιότατον
1436 1041 1452 1064 ,
1488 1002 1584 1054 καὶ
1616 1002 1851 1055 νικῶντα

278 1097 479 1165 νόμους
511 1094 852 1164 ἐκφράσεως,
890 1097 1235 1164 παραστῆσαι
1268 1094 1606 1164 προῄρημαι.

365 1278 524 1331 Ἀλλά
554 1295 642 1348 μοι
673 1276 808 1346 προς
836 1276 895 1330 σὲ
915 1278 943 1330 ὁ
961 1275 1055 1329 τοῦ
1082 1276 1240 1343 λόγου
1263 1275 1481 1345 δρόμος,
1499 1274 1588 1328 τὸν
1609 1274 1702 1328 τοῦ
1726 1273 1851 1327 συλ-

277 1371 440 1438 λόγου
483 1371 674 1433 αῖτιον,
707 1368 1166 1437 ἐπιστρεφόμενος
1223 1367 1500 1420 ἱθυνέσθω.
1537 1368 1706 1437 Χαῖρε
1737 1383 1849 1419 τοι-

278 1461 507 1529 γαροῦν,
532 1455 577 1514 ὧ
628 1458 849 1529 βασιλεῦ
892 1459 1265 1529 θεωχαρίτωτε
1298 1460 1391 1512 καὶ
1446 1457 1845 1526 θεοφιλέστατε,

279 1551 378 1604 καὶ
412 1552 758 1615 ἀνακαινίζου
792 1550 893 1618 τὴν
936 1549 1073 1602 κατά
1114 1566 1174 1600 τε
1222 1548 1380 1617 σῶμα
1430 1548 1523 1600 καὶ
1545 1546 1721 1618 ψυχὴν
1754 1547 1850 1599 ἐπ’

277 1645 460 1714 ἔργοις
482 1643 705 1711 ἀγαθοῖς
737 1643 1001 1712 ἀκμάζων
1026 1642 1271 1712 νεότητα·
1297 1639 1392 1692 τοῦ
1414 1656 1474 1691 τε
1501 1640 1845 1709 περιωνύμου

278 1735 430 1795 ναοῦ,
452 1737 547 1788 καὶ
570 1736 670 1802 τῆς
697 1736 795 1803 σῆς
824 1733 1014 1802 σοφίας
1041 1733 1216 1803 ἔργων
1245 1733 1340 1786 καὶ
1369 1732 1546 1802 χειρὸς
1575 1733 1847 1803 ἑορτάζων

276 1828 347 1879 τὰ
380 1826 650 1894 ἐγκαίνια.
686 1827 966 1890 Ἕντεινε,
1002 1823 1099 1879 καὶ
1132 1825 1477 1889 κατευοδοῦ,
1515 1824 1614 1878 και
1664 1824 1847 1889 ,βασί-

278 1922 442 1978 λευε,
457 1917 665 1971 ἕνεκεν
680 1918 964 1984 ἀληθείας
980 1916 1075 1969 καί
1094 1918 1423 1984 πραότητος
1439 1918 1533 1971 καί
1551 1913 1854 1970 δικαιοσύ-

282 2028 417 2075 νης.
454 2010 666 2080 Ὀδηγεῖ
681 2011 809 2078 γὰρ,
832 2008 905 2071 ὠς
931 2008 1140 2061 ἔνεστιν
1174 2009 1298 2061 ίδεῖν
1338 2009 1607 2077 ἐναργῶς,
1652 2006 1745 2059 καὶ
1770 2006 1854 2059 ὁδ-

290 2101 489 2168 ηγήσει
517 2117 575 2152 σε
602 2102 636 2170 ὴ
662 2098 755 2152 τοῦ
789 2099 1041 2168 Ὑψίστου
1073 2098 1221 2163 δεξιὰ
1238 2098 1331 2151 τοῦ
1358 2097 1638 2161 κτίσαντός
1666 2113 1743 2159 σε,
1763 2102 1853 2153 καὶ

282 2189 345 2255 ἐξ
392 2190 567 2244 αὐτῶν
616 2190 945 2259 σπαργάνων
988 2191 1066 2253 είς
1120 2190 1341 2258 βασιλέα
1391 2190 1483 2244 τοῦ
1529 2191 1730 2244 οἰκείου
1760 2190 1853 2245 καὶ

283 2284 596 2353 περιουσίου
626 2281 753 2335 λαοῦ
803 2282 1105 2351 χρίσαντος.
1139 2282 1536 2352 Συνευφραίνου
1585 2283 1678 2334 καὶ
1726 2299 1852 2333 συν-

282 2373 633 2439 ανακαινίζου
667 2374 759 2427 καὶ
793 2375 975 2443 αὐτὸς,
1005 2373 1113 2426 τῶν
1141 2374 1297 2436 ὅσους
1326 2375 1473 2440 ἥλιος
1500 2375 1675 2427 ἐπεῖδε
1712 2376 1853 2427 Και-

286 2468 467 2536 σάρων
498 2468 559 2519 τὸ
596 2465 1046 2538 ἐγκαλλὼπισμα,
1081 2469 1243 2538 σοφίᾳ⁸
1275 2486 1333 2521 τε
1374 2470 1467 2523 καὶ
1494 2470 1700 2523 συνέσει
1728 2471 1853 2532 τοὺς

284 2559 592 2629 ἔμπροσθεν
636 2559 1080 2631 παρευδοκιμῶνο
1129 2562 1220 2613 καὶ
1264 2542 1352 2647 ⁴ιξῷ
1403 2561 1521 2634 θείᾳ
1566 2580 1624 2616 σε
1666 2563 1849 2633 ψήφῳ,

283 2652 422 2705 ἀλλὰ
472 2653 545 2722 μὴ
600 2654 1102 2723 σπουδαρχήσαντα,
1135 2655 1255 2725 μηδ’
1285 2655 1650 2725 ἀνθρωπίναις
1696 2674 1851 2726 περι-

267 2745 511 2813 δρομαῖς
540 2745 640 2815 τὴν
672 2745 1000 2816 τηλικαύτην
1038 2747 1209 2827 ἀρχῂν
1251 2745 1629 2811 ἀναδέξασθαι.
1656 2749 1851 2800 Συνευο

286 2837 515 2904 φραίνου
558 2841 736 2890 τοίνυν
784 2838 877 2890 καὶ
912 2839 1353 2914 συνανακαινίζου
1400 2840 1476 2909 τῷ
1523 2840 1747 2910 μέτοχόν
1793 2857 1851 2892 σε

287 2928 672 2998 προσειληφότι
720 2932 812 2981 καὶ
862 2930 1112 2983 κοινωνὸν
1141 2931 1238 3007 τῆς
1267 2930 1540 2999 βασιλείας
1576 2932 1669 2983 ἐπὶ
1703 2935 1851 3002 κοινῇ

283 3037 342 3072 τε
376 3020 618 3091 σωτηρία
653 3020 756 3073 τῶν
782 3021 1121 3091 ἀρχομένων,
1153 3022 1431 3086 magno;
1456 3023 1554 3092 τῆς
1587 3024 1664 3086 είς
1694 3026 1855 3077 αὑτὸν

286 3113 500 3176 εὐνοίας
531 3114 625 3165 καὶ
657 3113 1056 3184 ἀψευδεστάτης
1090 3115 1441 3183 ἀγαπήσεως.
1475 3115 1571 3167 Διὰ
1610 3116 1718 3185 γὰρ
1757 3117 1855 3187 τῆς

1954 648 2175 701 prorsus
2204 632 2425 699 liqueat.
2457 629 2599 682 Nihil
2632 632 2812 698 itaque
2846 630 3054 683 minore
3078 629 3272 697 gaudio
3296 628 3517 692 allicior,

1950 738 2261 793 quanquam
2305 723 2446 777 vieta
2484 721 2659 774 oratio
2707 732 2810 783 est,
2853 736 3014 789 quam
3053 722 3095 773 si
3142 720 3227 773 illa
3271 721 3335 773 ad
3361 722 3521 789 justze

1950 818 2171 871 modum
2205 814 2554 877 narrationis,
2606 830 2718 867 rem
2760 813 2895 867 satis
2929 824 3182 866 exsecuta
3205 823 3371 866 esset.
3403 813 3519 866 Non

1950 910 2094 964 enim
2122 909 2225 961 hoc
2253 909 2435 961 animo
2461 908 2837 966 constitutum,
2870 917 2930 959 ut
2960 904 3175 959 dicendi
3202 905 3308 957 vim
3332 917 3520 959 osten-

1953 1011 2151 1064 larem,
2173 1003 2266 1055 sed
2288 1009 2347 1054 ut
2372 1001 2631 1070 templum
2654 999 3081 1070 pulcherrimum
3110 1013 3229 1051 esse
3258 1014 3319 1052 ac
3346 1014 3518 1052 venu-

1950 1094 2279 1154 stissimum,
2332 1092 2596 1161 longeque
2668 1090 3053 1160 descriptionis
3104 1091 3249 1160 leges
3302 1090 3518 1144 vincere

1950 1184 2382 1254 comprobarem.

2020 1277 2102 1331 Ad
2148 1285 2199 1331 te
2238 1277 2544 1338 enimvero,
2586 1276 2675 1345 qui
2725 1284 3025 1330 conventus
3064 1284 3249 1328 auctor
3283 1276 3515 1339 exsistis,

1950 1385 2072 1424 sese
2117 1369 2378 1423 orationis
2416 1384 2609 1423 cursus
2653 1384 2811 1422 verso
2842 1369 3055 1422 tramite
3087 1368 3299 1435 dirigat.
3333 1369 3518 1423 Gaude

1950 1461 2151 1531 itaque,
2180 1461 2471 1530 imperator
2504 1461 2609 1514 Deo
2649 1459 2954 1530 gratissime
2983 1475 3046 1513 ac
3090 1460 3514 1530 religiosissime,

1950 1561 2005 1607 et
2028 1567 2289 1606 renovare
2342 1538 2552 1621 vegeta,
2606 1560 2717 1603 tum
2772 1566 2996 1619 corpore
3030 1551 3050 1581 δ
3095 1562 3208 1605 tum
3264 1552 3519 1621 operibus

1949 1644 2128 1704 bonis,
2182 1644 2507 1712 iuventute,
2577 1643 2665 1711 qui
2724 1642 3060 1696 celeberrimi
3130 1645 3309 1711 templi
3382 1654 3517 1697 tuaa-

1949 1752 2053 1806 que
2076 1736 2354 1805 sapientia:
2402 1752 2465 1790 ac
2499 1750 2710 1796 manus,
2737 1750 2961 1804 operum
2986 1736 3225 1790 encmnia
3260 1737 3389 1806 agis.
3421 1736 3516 1791 In-

1954 1828 2121 1890 tende,
2163 1845 2403 1896 prospere
2430 1827 2647 1895 procede
2676 1836 2722 1879 et
2756 1844 2954 1895 regna;
3011 1838 3221 1896 propter
3246 1831 3516 1883 veritatem

1954 1932 2001 1973 et
2053 1920 2502 1973 mansuetudinem
2547 1928 2592 1972 et
2622 1918 2889 1986 justitiam
2916 1919 2958 1972 '.
3006 1918 3231 1973 Deducit
3260 1922 3423 1982 enim,
3460 1930 3517 1975 ut

1954 2008 2127 2079 palam
2159 2008 2342 2062 videre
2372 2007 2496 2061 licet
2522 2024 2536 2071 ;
2563 2008 2901 2076 deducetque
2940 2017 2987 2061 te
3016 2008 3271 2061 Altissimi
3296 2011 3514 2064 dextera

1953 2102 2043 2171 qui
2081 2102 2283 2155 creavit
2316 2109 2387 2163 te,
2417 2116 2590 2169 exque
2627 2099 2758 2169 ipsis
2782 2100 3070 2153 cunabulis
3103 2100 3156 2153 in
3197 2100 3399 2170 prOprii
3430 2104 3512 2155 sui

1952 2207 2015 2247 ac
2067 2190 2355 2261 peculiaris
2393 2191 2574 2260 populi
2615 2205 2792 2257 regem
2839 2189 3072 2241 inunxit.
3114 2190 3393 2244 (Iollaatare
3453 2206 3517 2245 ac

1955 2284 2157 2353 pariter
2192 2283 2454 2337 innovare
2493 2292 2548 2336 et
2577 2283 2710 2351 ipse.
2760 2297 2952 2350 nempe
2980 2281 3220 2335 omnium
3248 2299 3383 2352 quos
3418 2300 3517 2336 un-

1953 2392 2113 2446 quam
2159 2375 2238 2429 sol
2270 2375 2496 2443 aspexit,
2528 2374 2689 2445 gloria
2734 2372 3002 2427 Caesarum
3031 2392 3045 2439 ;
3077 2374 3273 2444 quippe
3301 2376 3516 2444 sapien-

1955 2469 2040 2521 tiae
2062 2466 2219 2520 laude
2245 2480 2307 2519 ac
2328 2465 2627 2533 prudentiae
2656 2464 2951 2532 majoribus
2981 2465 3138 2534 longe
3168 2466 3513 2533 praecellens;

1952 2574 2164 2629 quoque
2194 2559 2328 2611 adeo
2355 2556 2538 2610 divino
2566 2555 2841 2627 suﬂ'ragio,
2888 2565 2943 2610 at
2992 2571 3099 2610 non
3145 2557 3260 2626 ipse
3304 2557 3517 2627 imperii

1952 2650 2204 2713 invidus,
2264 2665 2439 2719 neque
2489 2650 2751 2731 immanis
2800 2648 2993 2703 studiis
3062 2659 3223 2719 atque
3288 2651 3514 2717 ambitu,

1953 2742 2085 2797 tanti
2112 2758 2293 2797 arcem
2329 2741 2543 2811 imperii
2598 2740 2841 2796 invadas.
2885 2741 3168 2797 Collaatare
3199 2743 3360 2814 igitur
3384 2760 3518 2797 una-

1952 2850 2055 2905 que
2083 2833 2342 2888 innovare
2370 2849 2493 2889 cum
2529 2848 2613 2899 eo,
2645 2833 2737 2902 qui
2773 2844 2824 2888 te
2848 2834 3077 2899 socium,
3110 2844 3273 2905 atque
3306 2836 3517 2905 imperii

1953 2934 2258 2980 consortem
2284 2926 2348 2978 ad
2377 2926 2713 2979 subditorum
2745 2940 3086 2980 communem
3116 2927 3423 2994 utilitatem,
3457 2944 3518 2982 ac

1954 3035 2053 3089 pro
2084 3033 2148 3072 eo
2183 3033 2245 3071 ac
2281 3028 2425 3071 tuam
2462 3017 2515 3070 in
2556 3032 2680 3071 eum
2716 3017 3177 3080 benevolentiam,
3209 3019 3518 3074 sincerissi-

1957 3124 2217 3177 mamque
2240 3107 2584 3163 dilectionem
2631 3110 2875 3173 decebat,
2925 3112 3240 3181 assumpsit.
3286 3111 3389 3167 Per
3420 3129 3515 3167 ve-

288 3202 562 3272 ὑμετέρας
609 3201 795 3266 δυάδος
827 3205 858 3272 ἡ
894 3204 1062 3273 Τριὰς
1104 3203 1338 3266 εὐσεϐῶς
1390 3203 1755 3275 λατρευομένη
1797 3223 1853 3259 τε
1879 3218 1925 3280 C
1957 3217 1963 3253 ε

1841 3218 1925 3280 ac
1957 3211 2123 3253 stram
2166 3202 2310 3254 enim
2356 3200 2585 3254 duorum
2632 3201 2943 3257 societatem
2986 3198 3227 3258 Trinitas
3256 3208 3343 3273 pie
3374 3205 3516 3259 culta

288 3295 383 3347 καὶ
413 3298 877 3367 προσκυνουμένη,
906 3296 1004 3366 τὴν
1037 3297 1234 3365 ἑαυτῆς
1260 3298 1512 3367 πρόνοιαν
1540 3298 1618 3359 είς
1649 3298 1852 3363 πάντας

288 3386 596 3449 ἐξαπλοῦσά
620 3405 677 3439 τε
705 3390 797 3440 καὶ
826 3388 1291 3456 διαπορθμεύουσα
1310 3429 1325 3454 ,
1361 3389 1538 3457 σοφῶς
1570 3390 1855 3461 πηδαλιου-

286 3480 374 3546 χεῖ
401 3477 496 3529 καὶ
526 3477 855 3548 διακυϐερνᾷ
878 3479 939 3530 τὸ
966 3478 1220 3549 ὑπήκοον.

361 3570 594 3641 Χαίρετε
640 3572 732 3623 καὶ
766 3572 945 3635 ὑμεῖς,
980 3565 1024 3623 ὦ
1059 3575 1154 3641 τῆς
1187 3572 1377 3642 βουλῆς
1408 3572 1670 3644 Πατέρες,
1692 3573 1855 3627 πολιὰ

288 3662 463 3733 σεμνὴ
496 3663 588 3716 καὶ
618 3663 913 3733 αἰδέσιμος,
948 3665 1120 3733 πιστῷ
1153 3666 1247 3718 καὶ
1282 3664 1500 3736 μεγάλῳ
1527 3667 1735 3736 βασιλεῖ
1761 3667 1855 3721 καὶ

288 3753 556 3823 σεόαστῷ,
586 3754 1157 3823 συνανακαινιζόμενοι
1178 3755 1437 3825 Καίσαρι,
1468 3756 1561 3809 τοῦ
1591 3757 1855 3826 περιωνύ-

292 3864 394 3914 μου
423 3844 549 3898 ναοῦ
586 3845 990 3916 συνεορτάζοντι
1021 3846 1086 3899 τά
1127 3849 1537 3917 ἐγκαινίσματα.
1572 3850 1765 3921 Χαίρει
1797 3850 1853 3903 δὲ

290 3940 389 3991 καὶ
437 3938 878 4007 συνευφραίνεται
928 3944 1022 3992 καὶ
1070 3940 1192 3993 ὅσον
1242 3942 1611 4012 ίεροιραντικόν
1657 3957 1717 3993 τε
1762 3942 1856 3995 καὶ

291 4031 593 4100 ἀρχιερέων
619 4032 918 4101 πλήρωμα,
946 4036 1140 4085 οἰκεῖον
1170 4032 1324 4095 κλέος
1358 4034 1451 4085 καὶ
1476 4033 1733 4103 καύχημα
1757 4034 1857 4103 τὴν

292 4121 388 4173 τοῦ
412 4120 540 4173 ναοῦ
565 4121 873 4191 ποιούμενοι
893 4121 1221 4191 καθιέρωσιν
1242 4138 1255 4151 ⁸
1282 4122 1500 4193 χαίρετε
1528 4123 1584 4176 δέ
1611 4126 1703 4176 καὶ
1730 4140 1855 4191 συγο

292 4218 547 4284 χορεύετε
605 4217 699 4269 καὶ
762 4216 955 4283 ὑμεῖς,
1014 4209 1059 4268 ὦ
1116 4216 1407 4269 ὑπόλοιπον
1468 4217 1562 4269 καὶ
1615 4216 1856 4285 φιλόθεον

288 4306 582 4375 ἄθροισμα,
618 4305 775 4359 ἄλλον
816 4306 1042 4375 οὐρανὸν
1075 4306 1308 4376 ὁρῶντες
1354 4308 1448 4359 ἐπὶ
1492 4306 1595 4377 γῆς
1627 4307 1717 4358 τὸν
1760 4308 1856 4375 τῆς

289 4397 568 4467 Παρθένου
633 4398 759 4450 ναὸν
819 4398 1258 4468 ἐγκαινιζόμενον
1307 4402 1541 4469 σήμερον
1560 4395 1587 4428 ·’
1624 4394 1691 4471 ἦς
1739 4402 1858 4462 ταῖς

289 4490 611 4559 πρεσϐείαις
629 4490 881 4560 τύχοιμεν
904 4490 1140 4551 ἅπαντες
1167 4491 1260 4543 καὶ
1286 4489 1385 4561 τῆς
1414 4491 1689 4560 μακαρίας
1711 4492 1857 4545 ἐκεί-

1958 3306 2021 3345 ac
2048 3290 2291 3367 adorata,
2320 3305 2472 3345 suam
2521 3290 2575 3344 in
2605 3307 2791 3347 omnes
2821 3293 3216 3361 providentiam
3245 3294 3517 3365 explicans

1952 3392 2115 3449 atque
2160 3382 2551 3447 transmittens,
2598 3384 2873 3453 sapienter
2911 3385 3156 3440 subditos
3183 3388 3321 3458 regit
3356 3396 3518 3458 atque

1953 3473 2238 3545 gubernat.

2025 3565 2132 3621 Vos
2172 3582 2389 3636 quoque
2418 3567 2666 3639 gaudete,
2714 3568 2900 3623 Patres
2945 3571 3241 3641 conscripti
3270 3612 3285 3635 ,
3342 3570 3518 3642 gravis

1953 3672 2226 3723 senectus.
2281 3662 2530 3733 ﬁdelique
2570 3678 2632 3716 ac
2672 3678 2866 3733 magno
2902 3664 3211 3733 imperatori
3251 3668 3519 3735 Augusto-

1954 3770 2060 3824 que
2102 3754 2450 3818 venerabilis,
2489 3768 2703 3823 unaque
2743 3769 2866 3809 cum
2911 3756 3145 3820 Czesare,
3178 3756 3297 3825 pari
3325 3756 3518 3826 gaudio

1954 3847 2237 3901 clarissimi
2292 3847 2475 3916 templi
2514 3848 2753 3902 encaenia
2799 3848 3115 3914 celebranti,
3162 3848 3515 3903 renovamini.

1955 3939 2165 3995 Gaudet
2207 3954 2336 3993 vero
2377 3948 2433 3994 et
2473 3940 2773 3994 colluctatur
2806 3951 3113 3995 sanctorum
3139 3940 3422 3995 doctorum
3454 3956 3517 3995 ac

1954 4033 2332 4103 episcoporum
2352 4044 2521 4088 coetus
2542 4033 2738 4099 omnis,
2756 4035 2846 4102 qui
2873 4035 3148 4103 proprium
3176 4033 3340 4087 decus
3357 4042 3519 4102 atque

1955 4126 2176 4196 gloriam
2211 4126 2395 4195 templi
2424 4126 2885 4181 consecrationem
2918 4126 3087 4180 ducit.
3116 4125 3355 4179 Gaudete
3390 4141 3518 4181 vero

1955 4218 2137 4282 etiam,
2190 4234 2253 4272 ac
2294 4234 2398 4271 una
2451 4218 2647 4272 choros
2694 4218 2893 4284 ducite,
2922 4234 3018 4272 vos
3062 4233 3279 4287 quoque
3313 4218 3518 4287 reliqua

1959 4324 2022 4363 ac
2048 4310 2291 4380 religiosa
2320 4309 2495 4373 turba,
2529 4324 2649 4378 qua:
2682 4309 2877 4363 ccelum
2923 4308 3068 4363 aliud
3097 4308 3150 4362 in
3176 4316 3346 4374 terra,
3376 4310 3518 4378 quod

1960 4400 2123 4455 hodie
2174 4401 2453 4455 dedicatur
2527 4398 2765 4470 Virginis
2805 4400 3099 4469 templum,
3141 4400 3453 4470 conspicitis
3500 4419 3515 4455 :

1960 4494 2116 4563 cuius
2162 4492 2643 4547 intercessionibus
2681 4494 2886 4547 utinam
2916 4508 3107 4548 omnes
3148 4493 3311 4547 etiam
3347 4494 3518 4547 beatae

290 4600 392 4653 νης
440 4583 538 4636 καὶ
578 4559 933 4654 ἀτελευτήτου
982 4582 1198 4653 χάριτος
1241 4559 1764 4653 καὶνάγαλλιάσεως,
1799 4586 1854 4637 ἐν
1888 4559 1965 4639 Di

1844 4605 1854 4635 ο
1888 4559 1930 4615 D
1959 4559 2105 4639 illius
2150 4598 2214 4637 ac
2253 4581 2571 4635 immortalis
2595 4581 2779 4652 gratia:
2808 4597 2870 4635 ac
2900 4581 3277 4636 exsultationis
3302 4598 3519 4651 compo-

292 4674 517 4745 Χριστῷ
539 4672 713 4745 Ἰησοῦ
740 4673 817 4746 τῷ
838 4674 1023 4745 Κυρίῳ
1048 4674 1223 4745 ἡμῶν,
1253 4694 1297 4743 ῳ
1319 4676 1352 4745 ἡ
1374 4675 1499 4741 δόξα
1525 4677 1619 4729 καὶ
1643 4676 1703 4729 τὸ
1724 4676 1857 4748 κρά-

292 4780 410 4831 τος,
440 4764 535 4819 νῦν
568 4766 660 4819 καὶ
684 4766 790 4831 ἀεὶ,
818 4765 911 4819 καὶ
946 4766 1028 4830 είς
1057 4767 1183 4830 τοὺς
1208 4766 1431 4831 αἰῶνας.
1450 4767 1641 4839 1Δμήν.

365 5024 391 5061 ⁵
422 5027 559 5084 Psal.
588 5044 685 5097 cu,
714 5032 768 5087 5.
843 5032 864 5064 '
898 5034 1039 5089 Psal.
1070 5051 1214 5102 χειν,
1242 5036 1292 5091 5.

1961 4683 2043 4730 tes
2087 4672 2407 4738 efﬁciamur;
2437 4672 2492 4726 in
2530 4672 2745 4727 Christo
2767 4669 2899 4727 Jesu
2930 4670 3158 4726 Domino
3184 4681 3396 4734 nostro,
3431 4672 3516 4725 cui

1960 4764 2127 4836 gloria
2151 4773 2206 4819 et
2240 4763 2548 4837 imperlum,
2589 4778 2753 4828 nunc,
2786 4771 2840 4817 et
2868 4777 3104 4833 semper,
3142 4773 3196 4819 et
3224 4764 3277 4817 in
3301 4763 3514 4818 secula.

1961 4858 2155 4913 Amen.
