4242 6438
2232 228 2261 257 θ

1935 394 2190 455 PHOTII
2232 389 2730 452 P.\Tl‘.iAltCll.-E
2765 370 2871 451 αἱ).

2342 544 2430 598 ιν.

770 390 879 455 5Ἰ5

1853 699 2098 755 SANCTI
2130 697 2495 753 ATIIANASII
2540 696 2919 754 ENCOMIUM.

774 995 990 1049 letius
1025 996 1440 1061 archiepiscopus
1467 991 2098 1059 Constantinopolitanus,
2132 992 2200 1043 ad
2226 992 2338 1059 {ra-
2367 996 2413 1050 Α
2442 994 2461 1042 ι

2375 996 2413 1050 Α
2442 992 2666 1044 Φωτίου
2732 988 3217 1061 ἠρχιεπισκόπυ
3270 986 4004 1061 ,Κωνσταγτινουκόλεωμ

846 1078 974 1119 trem
998 1083 1146 1117 suum
1196 1056 1496 1124 TaraSium,
1547 1066 1609 1115 de
1649 1056 1969 1114 sermo-nibus
2003 1063 2177 1127 magni
2205 1056 2341 1114 inter

2512 1063 2660 1127 πρὸς
2707 1056 3019 1114 τὸέἾδιον
3063 1059 3327 1124 ἀδελφὸν
3377 1058 3696 1125 Ταράσιον,
3727 1056 3861 1122 περὶ
3890 1056 4009 1110 τῶν

846 1149 1051 1189 sanctos
1084 1137 1356 1187 Athanasii
1392 1134 1731 1186 Alexandria:
1762 1132 2139 1200 archiepiscopi
2172 1134 2268 1202 (6).

850 1289 967 1356 Hic,
997 1291 1193 1359 inquit,
1232 1290 1368 1344 etin
1414 1291 1759 1346 sermonibus
1816 1292 2018 1359 ubique
2058 1290 2336 1346 locutione

776 1384 955 1438 clarus
981 1394 1081 1445 est,
1114 1382 1293 1437 brevis
1322 1392 1375 1437 et
1399 1382 1657 1453 simplex:
1685 1392 1874 1437 acutus
1902 1392 2081 1436 tamen
2111 1383 2340 1448 etaltus,

779 1484 836 1529 et
868 1474 1432 1544 argumentationibus
1504 1474 1729 1528 omnino
1785 1475 2101 1539 vehemens,
2159 1483 2217 1528 et
2286 1474 2342 1527 in

781 1566 866 1620 his
898 1576 1043 1618 tanta
1075 1567 1315 1631 ubertas,
1344 1575 1403 1620 ιιι
1432 1566 1762 1621 admirabilis
1795 1569 1884 1623 sit.
1918 1566 2127 1636 Logicis
2160 1576 2342 1621 autem

780 1660 1050 1713 methodis
1094 1660 1226 1713 nihil
1267 1660 1519 1723 tenuiter,
1550 1661 1688 1714 nihil
1714 1661 2049 1729 iuveniliter,
2081 1670 2139 1715 ut
2188 1660 2343 1729 pueri

780 1761 836 1805 et
866 1754 1049 1814 rudes.
1094 1754 1190 1807 sed
1242 1754 1632 1822 philosophice,
1685 1754 1777 1809 sed
1826 1755 2108 1825 magniﬁce
2152 1755 2340 1810 utitur.

782 1842 1181 1912 Scripturarum
1217 1845 1541 1899 testimoniis
1570 1861 1633 1899 ac
1684 1846 2238 1900 demonstrationibus
2276 1846 2343 1900 ad

780 1935 1247 1989 conﬁrmationem
1278 1937 1644 1990 communitus
1679 1946 1782 1997 est,
1825 1946 1880 1990 et
1910 1940 1965 1989 in
2012 1937 2196 2006 primis
2226 1954 2343 1991 ser-

782 2043 869 2079 mo
898 2026 985 2079 ille
1015 2035 1203 2080 contra
1235 2026 1463 2097 gentiles
1490 2035 1544 2080 et
1567 2027 1657 2096 qui
1706 2027 1773 2081 de
1827 2027 2161 2081 humanitate
2182 2026 2342 2082 Verbi

785 2118 874 2171 llei
925 2118 1141 2172 habitus
1168 2128 1287 2184 est,
1320 2118 1557 2188 quinque
1585 2118 1639 2172 in
1673 2119 1862 2172 Arium
1902 2120 2043 2181 libri,
2075 2119 2166 2190 qui
2187 2136 2344 2173 reve-

781 2224 837 2263 ra
875 2219 1001 2264 sunt
1032 2210 1211 2263 omnis
1274 2210 1542 2265 haareseos
1602 2220 1896 2281 trOpmum,
1971 2212 2063 2266 sed
2128 2212 2343 2267 Arianae

782 2301 1140 2369 potissimum.
1181 2303 1243 2355 Et
1274 2302 1317 2355 si
1359 2302 1484 2369 quis
1534 2302 1845 2372 theologum
1906 2302 2244 2373 Gregorium,
2290 2312 2344 2356 et

780 2395 1023 2450 divinum
1077 2396 1332 2451 Basilium
1381 2398 1587 2451 diceret
1629 2412 1695 2451 ex
1746 2398 1849 2451 hoc
1902 2397 2038 2450 libro
2090 2406 2339 2465 tanquam

781 2484 928 2539 fonte
984 2487 1213 2554 quodam
1254 2486 1589 2551 haurientes,
1636 2485 1899 2539 orationis
1925 2501 2035 2539 suae
2086 2486 2339 2553 pulchros

781 2589 843 2627 ac
889 2577 1193 2644 perlucidos
1219 2585 1407 2629 contra
1445 2590 1685 2630 errorem
1710 2576 1938 2629 fundere
1974 2575 2187 2641 ﬂuvios,
2231 2591 2339 2629 non

779 2666 901 2730 erit,
933 2675 991 2720 ut
1031 2666 1285 2731 arbitror,
1339 2668 1576 2737 procula
1606 2666 2095 2721 verisimilitudine.
2130 2666 2341 2737 Scripta

780 2764 906 2809 sunt
941 2765 1120 2809 autem
1150 2757 1216 2809 ab
1238 2773 1322 2821 eo,
1348 2766 1403 2810 et
1428 2757 1479 2809 in
1516 2754 1891 2811 Ecclesiastem
1930 2759 2341 2824 commentaria,

779 2857 835 2901 et
870 2849 920 2901 in
959 2846 1182 2903 Cantico
1219 2849 1578 2914 canticorum,
1612 2849 1690 2902 sic
1716 2856 1771 2903 et
1802 2848 1854 2902 in
1892 2847 2232 2913 Psalterium,
2288 2859 2344 2906 et

780 2939 833 2990 in
860 2940 961 2993 alia
996 2942 1185 2994 multa.
1232 2940 1412 2994 Gratia
1460 2949 1636 2994 tamen
1680 2949 1733 2994 et
1752 2951 1945 2994 ornatu
2012 2958 2139 2996 vere
2161 2944 2341 2996 excel-

780 3028 899 3082 lunt
962 3045 1241 3086 sermones
1290 3041 1477 3086 contra
1523 3032 1933 3100 Apollinarium,
1975 3043 2031 3088 et
2055 3034 2295 3103 epistola:
2325 3074 2341 3100 ,

779 3129 1041 3189 quotquot
1065 3122 1182 3190 ejus
1210 3124 1618 3178 excusationem
1650 3126 1953 3179 continent.

2512 1134 2709 1197 λόγων
2742 1132 2846 1183 τοῦ
2880 1132 2948 1183 ἐν
2976 1131 3163 1196 ἁγίοις
3198 1128 3464 1196 μεγάλου
3512 1127 3869 1180 Ἀθανασίου
3900 1127 4005 1193 ἀρ-

2512 1204 2906 1269 χιεπισκόπου
2957 1198 3426 1266 Ἀλεξανδρείας.

2527 1295 2612 1346 Ἐν
2658 1288 2762 1356 οἷς,
2812 1294 2996 1360 φησὶν,
3038 1292 3119 1344 ὅτι
3148 1289 3323 1360 σαφὴς
3356 1288 3453 1360 μέν
3498 1290 3611 1341 ἐστι
3656 1287 3753 1359 τὴν
3787 1288 4004 1358 φράσιν,

2444 1385 2632 1455 ὥσπερ
2660 1381 2972 1452 ἁπανταχοῦ
3021 1382 3126 1434 τῶν
3160 1382 3333 1449 λόγων
3370 1380 3557 1445 αὑτοῦ,
3594 1379 3687 1432 καὶ
3719 1379 4006 1448 ἀπέριττος

2443 1478 2539 1531 καὶ
2588 1476 2793 1547 ἀφελής
2822 1492 2836 1507 ·
2894 1475 3085 1545 δριμὺς
3121 1473 3177 1527 δὲ
3215 1474 3309 1527 καὶ
3352 1472 3554 1543 βαθὺς,
3596 1473 3691 1525 καὶ
3738 1470 3857 1523 λίαν
3895 1473 4008 1533 τοῖς

2443 1568 2865 1638 ἐπιχειρήμασιν
2900 1564 3112 1629 εὔτονος
3138 1580 3153 1594 ·
3182 1565 3277 1619 καὶ⁵
3303 1563 3363 1617 τὸ
3408 1564 3631 1633 γόνιμον
3665 1561 3722 1614 δὲ
3754 1560 3917 1616 αὑτοῦ
3952 1562 4009 1613 ὲν

2442 1660 2651 1722 τούτοις
2678 1658 2865 1729 ἡλίκον
2881 1659 3026 1720 ὅσον,
3046 1656 3202 1726 φησὶ,
3217 1656 3537 1725 θαυμάσιον.
3553 1656 3811 1724 Λογικαῐς
3829 1671 3888 1707 τε
3910 1652 4011 1727 [sic

2444 1770 2543 1806 ms.
2568 1752 2822 1818 interpres
2858 1750 3060 1803 videtur
3085 1748 3264 1817 legisse
3292 1746 3370 1819 δὲ]
3406 1747 3667 1817 μιθόδοις,
3696 1745 3755 1799 οὗ
3800 1764 3851 1799 τι
3909 1763 4007 1814 γυ-

2448 1845 2599 1917 μνῶς
2629 1847 2723 1899 καὶ
2759 1843 3157 1916 μειρακιωδῶς,
3182 1842 3367 1912 ῶσπερ
3385 1842 3433 1894 oi
3457 1842 3641 1903 παῖδες
3661 1843 3753 1894 καὶ
3778 1842 4012 1913 ἀρτιμα-

2445 1940 2578 2003 θεῖς,
2610 1938 2744 1993 ἀλλὰ
2781 1938 3082 2006 φιλοσόφως
3120 1953 3177 1987 τε
3207 1936 3299 1987 καὶ
3334 1933 3763 2003 μεγαλοπρεπῶς
3801 1932 4004 1986 ἀποκέ-

2444 2046 2664 2099 χρηται.
2714 2028 3017 2099 Γραφικαῖς
3056 2043 3114 2078 τε
3164 2026 3490 2094 μαρτυρίαις
3534 2024 3629 2077 καὶ
3671 2022 4007 2086 ἀποδείξεσιν

2443 2124 2524 2186 είς
2546 2122 2605 2175 τὸ
2626 2121 2890 2191 καρτερὸν
2919 2119 3331 2189 κατωχύρωται·
3361 2117 3454 2169 καὶ
3471 2116 3703 2185 μάλιστά
3729 2132 3790 2181 γε
3817 2116 3845 2165 ὁ
3870 2115 4005 2166 κατὰ

2457 2215 2756 2283 Ἑλλήνων,
2785 2214 2814 2265 ὅ
2844 2229 2903 2265 τε
2934 2212 3061 2280 περὶ
3102 2210 3201 2279 τῆς
3246 2206 3688 2277 ὲνσωματῶσεως
3738 2204 3831 2259 τοῦ
3871 2204 4004 2256 Θεοῦ

2375 2339 2419 2397 Β
2447 2308 2615 2374 Λόγου
2654 2305 2975 2375 εἰρημένος,
3015 2303 3168 2371 καὶή
3208 2299 3347 2353 κατὰ
3393 2299 3601 2369 ’Δρείου
3632 2296 4002 2357 πεντάδιὸλος,

2444 2402 2702 2470 τρόπαιον
2731 2394 2862 2451 οῦσα
2888 2395 3029 2449 κατά
3056 2394 3235 2463 πάσης
3274 2394 3371 2463 μὲν
3404 2393 3685 2465 αἱρέσεως,
3716 2389 4004 2457 ἐξαιρέτως

2440 2493 2494 2547 δὲ
2526 2493 2622 2563 τῆς
2660 2492 2713 2543 Ἀ
2725 2492 2964 2562 ρειανῆς.
2990 2489 3104 2541 Καὶ
3125 2488 3177 2539 ετ
3200 2506 3278 2550 τις
3300 2488 3388 2539 τὸν
3419 2484 3664 2551 Θεολόγον
3687 2482 4003 2553 Γρηγόριο-.ι,

2440 2585 2533 2637 καὶ
2562 2585 2653 2636 τὸν
2685 2583 2824 2635 θεῖον
2865 2573 3142 2634 Βασίλειον
3166 2620 3180 2640 ,
3215 2581 3277 2632 ὲκ
3304 2578 3505 2649 ταύτης
3538 2577 3722 2646 ῶσπερ
3760 2574 3866 2628 ἀπὸ
3900 2590 4003 2638 πη·-

2440 2677 2541 2746 γῆς
2574 2675 2949 2745 ἀρυσαμένους
2980 2673 3112 2742 φαίη
3143 2674 3240 2742 τῆς
3272 2670 3453 2740 βίῦλου
3481 2669 3607 2732 τοῦς
3634 2666 3829 2727 καλοὺς
3862 2662 4004 2717 ὲκεί-

2440 2786 2562 2832 νους
2594 2771 2684 2821 καὶ
2715 2768 2955 2835 διαυγεῖς
2985 2766 3093 2819 τῶν
3124 2764 3337 2817 οἰκείων
3365 2763 3538 2830 λόγων
3571 2760 3713 2814 κατὰ
3740 2760 3835 2825 τῆς
3871 2757 4006 2811 πλά-

2438 2876 2535 2929 νης
2566 2858 2752 2929 ῥεῦσαι
2783 2858 3084 2926 ποταμοὺς,
3103 2856 3202 2908 οὐκ
3225 2855 3310 2920 ἂν,
3332 2855 3504 2923 οἶμαι,
3526 2852 3751 2921 σφαλείη
3783 2849 3873 2902 τοῦ
3904 2866 4007 2901 πα-

2442 2952 2797 3023 ραδείγματος
2819 2966 2833 2981 ο
2868 2950 3159 3019 πεποίηται
3187 2949 3243 3001 δὲ
3282 2947 3451 3015 αὐτῷ,
3491 2945 3648 3015 φησὶ,
3682 2945 3774 2995 καὶ
3807 2944 3886 3005 είς
3920 2941 4008 2992 τὸν

2454 3043 2909 3115 Ἑκκλησιαστὴν,
2962 3042 3054 3094 καὶ
3110 3042 3187 3104 εἰς
3242 3040 3303 3091 τὸ
3353 3034 3544 3107 Ἀσμίι
3596 3038 3702 3089 τῶν
3752 3036 4008 3107 ᾀσμάτων

2443 3137 2844 3206 ὑπομνήματα,
2878 3134 3066 3203 ῶσπερ
3113 3132 3207 3184 καὶ
3238 3132 3317 3193 είς
3359 3132 3448 3183 τὸν
3496 3130 3758 3199 Ψαλτῆρα
3781 3170 3795 3189 ,
3830 3130 3923 3179 καὶ
3955 3129 4010 3177 ὲν

781 3211 985 3282 ἑτέροις
1018 3215 1248 3277 πολλοῖς.
1292 3217 1385 3279 Εἰς
1424 3218 1520 3287 μὲν
1561 3218 1661 3288 τὴν
1705 3219 1864 3289 χάριν
1898 3221 2080 3275 καὶτὸ
2121 3224 2345 3293 κάλλος,
2416 3229 2657 3301 ἀτεχνῶς
2705 3228 3051 3298 διαφέρουσιν
3124 3228 3361 3280 οί·κατὰ
3426 3225 3805 3293 Ἀπολιναρίου
3866 3222 4009 3291 λόγοι

780 3308 877 3359 καὶ
921 3308 1027 3362 τῶν
1068 3310 1400 3379 ἐπιστολῶν,
1441 3314 1559 3366 ὅσαι
1601 3314 1700 3385 τὴν
1731 3316 2023 3385 ἀπολογίαν
2061 3322 2207 3391 αὐτῷ
2242 3325 2342 3393 τῆς
2380 3327 2557 3395 φυγῆς
2584 3324 2949 3394 περιέχουσιν.

2282 3457 2513 3517 NOTAE.

853 3572 926 3638 (6)
960 3571 1258 3648 Plrntiusin
1292 3573 1611 3630 Bibliotheca
1642 3594 1736 3632 sua
1760 3578 1913 3647 cujus
1935 3579 2036 3631 hoc
2062 3578 2333 3648 fragmen-

783 3651 894 3716 tum
930 3643 1135 3716 optimo
1166 3644 1254 3696 illo
1303 3648 1776 3716 vetustissimoque
1826 3643 2191 3701 Athanasianuo
2240 3666 2332 3703 co—

781 3712 921 3773 dice.
948 3714 1039 3782 qui
1075 3724 1158 3768 est
1184 3717 1481 3771 Academiae
1527 3712 1864 3783 Basileensis,
1916 3719 2194 3789 praeﬁxum
2250 3728 2333 3774 est

794 3886 2461 3927 ==_—-——-——.__—_——___=

2444 3582 2883 3653 totidemrverbis
2920 3600 2934 3635 :
2978 3583 3213 3653 illudque
3238 3584 3347 3652 jam
3377 3582 3563 3653 olimia
3599 3582 3755 3635 Petro
3778 3578 4009 3653 Nannio,

2440 3653 2531 3719 qui
2596 3652 2785 3705 eodem
2839 3653 3027 3707 codice
3084 3650 3215 3708 usus
3241 3650 3351 3717 est,
3385 3653 3463 3707 sic
3504 3652 3693 3706 Latine
3743 3650 4012 3705 redditum

2438 3730 2627 3777 est.—
2649 3722 2732 3775 Cf.
2768 3723 2889 3776 cod.
2924 3724 3044 3777 MO.

3790 3898 4001 3929 --ξ

2049 4084 2757 4214 CARMINA

2030 4589 2753 4693 STICHERON

1475 4796 1543 4851 IN
1582 4798 1903 4854 SANCTUM
1939 4798 2345 4859 METIIOMUM
2385 4800 3304 4862 CONSTANTINOPOLITANUM.

1722 4936 2007 5008 (BOLLAND.
2041 4938 2170 4990 Acta
2196 4935 2459 5003 Sanctor.,
2491 4937 2636 4993 Junii
2658 4948 2698 4993 t.
2726 4940 2791 5004 ll,
2819 4957 2871 5011 p.
2898 4941 3047 5011 960.)

848 5200 929 5255 Ad
952 5200 1213 5271 Vespera:
1245 5201 1383 5256 inter
1421 5201 1525 5256 alia
1554 5200 1776 5271 ponitur
1801 5214 1864 5254 ex
1900 5202 2152 5256 Octoecho
2176 5202 2449 5259 Sticheron
2470 5221 2565 5261 seu
2597 5205 2911 5271 Versiculus,
2937 5205 3005 5261 ad
3040 5206 3285 5263 modulos
3311 5207 3454 5263 tertii
3500 5208 3610 5265 toni
3640 5209 3938 5275 canendus,

1852 5329 2108 5392 tanquam
2134 5342 2315 5395 poema
2362 5327 2537 5381 Photii
2557 5328 2911 5396 {patriam/ue.

844 5476 1060 5535 Festive
1083 5478 1241 5533 hodie
1269 5491 1496 5535 ornatur
1541 5480 1632 5535 Dei
1661 5482 1924 5549 Ecclesia,
1984 5496 2037 5541 et
2066 5487 2343 5541 exsultans
2370 5508 2415 5570 ο

2375 5508 2415 5570 c
2516 5488 2874 5557 Εὑφροσύνως
2905 5488 3143 5557 σήμερον
3169 5488 3202 5556 ἡ
3244 5486 3538 5558 Ἐκκλησία
3561 5486 3653 5541 τοῦ
3682 5488 3818 5542 θεοῦ
3841 5488 4010 5542 στολί-

778 5575 972 5626 clamat
1006 5590 1018 5625 :
1049 5571 1312 5627 Illustrata
1337 5584 1419 5627 est
1442 5573 1785 5643 pulchritudo
1802 5591 1917 5629 mea
1935 5592 2097 5648 super
2120 5595 2343 5634 omnem,
2446 5576 2461 5640 ζ

2446 5576 2617 5641 ςεται.
2647 5577 2985 5647 ἀγαλλομένη
3019 5577 3404 5647 κραυγάζουσα
3437 5586 3457 5608 ⁶⁴
3491 5579 3875 5649 Ἑλαμπρύνοη
3912 5598 4010 5649 μου

778 5664 1044 5718 civitatem
1088 5683 1099 5716 :
1136 5681 1262 5719 ecce
1294 5667 1439 5719 enim
1494 5668 1939 5737 archiprmsulum
1970 5684 2175 5738 gemma
2204 5686 2340 5739 pra:-

777 5756 938 5812 clara.
976 5757 1239 5826 gloriosus
1298 5758 1623 5823 Methodius,
1677 5760 1782 5814 iter
1826 5760 1889 5815 ad
1939 5762 2102 5816 caelos
2144 5764 2338 5817 tenuit.

779 5848 927 5918 Agite
956 5864 1081 5917 ergo
1114 5848 1231 5903 festi
1276 5848 1437 5918 hujus
1487 5863 1774 5914 amatores,
1828 5860 1996 5907 cmtus
2023 5852 2340 5908 orthodoxa-

2444 5666 2507 5717 τὸ
2534 5665 2725 5728 κάλλος
2756 5666 2895 5735 ὑπὲρ
2918 5668 3096 5718 πᾶσαν
3124 5666 3295 5719 πόλιν·
3323 5667 3429 5719 ίδοὺ
3454 5668 3560 5737 γὰρ
3580 5668 3688 5720 τῶν
3714 5669 4011 5739 ἀρχιερέων

2446 5758 2505 5811 τὸ
2536 5759 2676 5825 μέγα
2709 5760 3009 5828 κειμήλιον,
3042 5762 3069 5811 ὁ
3102 5759 3305 5825 ἔνδοξος
3340 5760 3598 5823 Μεθὸδιος
3620 5801 3632 5821 ,
3660 5761 3758 5831 τὴν
3791 5764 4010 5833 πορείαν

2451 5851 2581 5919 πρὸς
2615 5852 2837 5919 οὐρανὸν
2868 5854 3172 5920 ἐποιήσατο.
3210 5851 3369 5905 Δεῦτε
3410 5849 3503 5905 οὖν
3528 5892 3541 5915 ,
3575 5853 3867 5924 φιλέορτοι,
3908 5858 4011 5911 τῶν
