4242 6438
264 434 370 497 577
1690 435 1939 496 ΟΑΠΜΙῙ

1820 435 2054 496 iMINA.
3392 427 3495 498 578

261 545 559 616 ὸρθοδόξων
604 545 666 599 τὸ
701 546 972 616 σύστημα,
1026 548 1523 618 χοροστατήσαντες
1581 548 1696 618 ἅμα
1732 550 1831 618 τὴν
1862 556 1905 611 Α
1935 566 1936 572 ‘

1824 569 1831 597 ν
1862 556 1905 611 Α
1935 564 2075 608 rum.
2112 548 2414 615 chorosque
2466 543 2627 600 simul
2658 542 2841 599 ducite
2893 541 3097 599 circum
3140 556 3347 605 arcam,
3403 555 3499 594 cu-

264 638 416 691 Θείαν
444 638 719 706 λάρνακα,
754 638 998 705 ἰαμάτων
1031 636 1372 707 πλημμύραν
1409 638 1663 699 λαϐόντες
1694 639 1824 706 παρ’
1933 655 1939 693 1

1819 640 1824 656 ’
1933 640 2202 693 rationum
2234 638 2459 708 gratiam
2488 636 2614 690 inde
2683 625 3047 689 exundantem
3101 632 3494 703 suscipientes:

262 726 460 795 αὐτῆς,
486 724 814 795 ίκετεὺωμεν
842 726 1170 795 αἰτήσασθαι
1197 727 1432 798 Χριστὸν
1456 729 1547 780 τὸν
1571 727 1705 781 Θεὸν
1731 726 1826 781 τοῦ
1934 747 1937 800 ς

1818 727 1826 779 i
1934 746 2218 801 precemur
2241 741 2419 783 autem
2449 736 2507 781 ut
2535 724 3010 783 exoretChristum
3040 725 3207 780 Deum
3225 733 3493 790 nostrum,

266 818 530 889 ῥυσθῆναι
560 818 659 889 τὴν
686 818 1009 889 οίκουμένην
1033 818 1142 873 ἀπὺ
1167 820 1349 890 πάσης
1379 820 1662 890 αίρέσεως.
1936 847 1941 873 ‹

1654 860 1662 875 .
1936 835 2209 894 quatenus
2258 822 2571 877 universum
2609 819 2802 875 liberet
2825 818 2895 873 ab
2932 818 3079 873 omni
3114 816 3329 874 haeresi.

1600 1237 2168 1332 MONITUM

1385 1440 1449 1495 IN
1502 1439 1682 1495 TllES
1730 1440 1909 1495 ODAS
1957 1437 2385 1505 SEQUENTES.

1246 1598 1405 1669 (Ang.
1442 1595 1543 1650 Mn
1578 1595 1832 1662 Scriptor.
1861 1604 1964 1649 vet.
2008 1603 2137 1648 tom.
2173 1592 2215 1659 ι,
2257 1607 2312 1662 p.
2355 1593 2531 1661 xxm.)

342 1886 521 1942 Photii
551 1887 667 1944 odae
692 1897 802 1944 tres
817 1890 967 1945 suavi
989 1892 1229 1946 carmine
1244 1891 1478 1962 scriptae,
1500 1890 1782 1944 mediocris
1810 1889 2150 1959 prolixitatis,
2186 1897 2402 1944 exstant
2434 1888 2485 1942 in
2511 1897 2687 1943 vetere
2704 1888 2889 1944 codice
2913 1887 3346 1943 Barheriniorum
3377 1889 3503 1953 246,

273 1984 513 2053 itemque
576 1984 631 2037 in
674 1984 793 2055 ejus
818 1985 1023 2040 recenti
1070 1987 1400 2058 apographo,
1437 1987 1579 2040 inter
1617 1986 1844 2039 aliorum
1886 1995 2166 2040 auctorum
2233 1985 2372 2039 bene
2439 1986 2640 2039 multos
2698 1984 2986 2052 multaeque
3032 1983 3307 2054 elegantiae
3356 1983 3507 2037 Gra-

272 2088 369 2127 ens
390 2072 638 2144 hymnos,
668 2090 899 2144 quorum
924 2074 960 2128 ii
1006 2074 1195 2129 saltem
1234 2076 1326 2145 qui
1364 2092 1574 2130 morum
1627 2076 1897 2130 honestati
1941 2090 2050 2129 non
2108 2074 2323 2136 obsunt,
2374 2074 2514 2127 haud
2564 2073 2768 2126 diutius
2794 2073 2846 2127 in
2903 2074 3139 2127 tenebris
3196 2074 3505 2127 continendi

281 2167 567 2232 videntur,
597 2184 774 2238 neque
802 2170 1086 2224 sinendum
1123 2180 1181 2225 ut
1204 2168 1384 2224 Photii
1407 2184 1623 2239 quoque
1662 2184 1814 2222 musa
1849 2184 1972 2223 cum
2032 2169 2117 2223 his
2172 2167 2336 2220 invita
2368 2168 2543 2220 sileat.
2585 2165 2697 2219 lmo
2737 2181 2865 2219 vero
2895 2166 3024 2219 odas
3067 2163 3244 2219 Photii
3313 2180 3507 2218 novem

276 2274 413 2311 mss.
443 2260 656 2331 collegii
678 2262 820 2331 apud
853 2261 1033 2317 Gallos
1084 2261 1484 2317 Claromontani
1517 2262 1789 2316 exstitisse
1841 2261 1917 2315 ait
1980 2259 2227 2315 Lahbeus
2279 2258 2409 2311 Nov.
2458 2257 2703 2340 Ribtioth.
2755 2273 2954 2326 τηειρ.
3002 2258 3122 2312 159.
3162 2257 3337 2311 Photii
3395 2268 3507 2312 tres

276 2355 386 2407 illa:
415 2355 531 2408 oda:
573 2357 675 2410 sub
721 2358 929 2413 codicis
958 2357 1327 2411 Barberiniani
1388 2357 1493 2411 line
1534 2358 1786 2428 leguntur
1819 2373 1834 2421 ;
1866 2372 1951 2426 qu:

1832 2371 2095 2426 ,quarum
2130 2354 2301 2424 prima
2358 2362 2439 2406 est
2468 2355 2530 2405 ἐκ
2576 2353 2868 2422 προσώπου
2917 2350 3195 2404 Βασιλείου
3247 2351 3507 2404 δεσπότου

272 2450 340 2501 a:l
369 2448 580 2515 Deum;
621 2450 675 2504 in
698 2467 761 2506 ea
800 2452 1007 2507 scilicet
1031 2451 1271 2521 loquitur
1297 2452 1414 2521 ipse
1435 2450 1683 2505 Basilius.
1717 2452 1896 2504 Altera
1935 2451 1947 2501 l

1827 2466 1896 2503 :ra
1935 2451 1998 2501 ἐκ
2026 2447 2315 2519 προσώπου
2348 2447 2445 2516 τῆς
2484 2446 2809 2513 Ἐκκλησίας
2838 2447 2918 2509 είς
2948 2445 3222 2498 Βασίλειον
3260 2446 3502 2514 φιλόχρι-

275 2559 402 2596 στον
430 2540 685 2609 βασιλέα;
721 2542 957 2599 Ecclesia
989 2544 1247 2598 nimirum
1282 2545 1579 2614 alloquitur
1603 2548 1950 2615 imperatorer

1835 2559 2006 2599 orem.
2033 2542 2216 2597 Tertia
2251 2542 2353 2596 ode
2381 2540 2794 2610 ἐγκωμιαστικὴ
2815 2542 2893 2602 είς
2922 2541 3201 2594 Βασίλειον
3238 2541 3329 2591 τὸν
3361 2539 3509 2606 φιλό-

278 2652 500 2704 χριστον
542 2635 825 2707 δεσπότην.
858 2637 1207 2692 Notissimum
1230 2648 1333 2698 est.
1368 2638 1620 2693 Photium
1644 2640 1812 2711 gratia
1838 2638 1980 2709 apud
2011 2636 2263 2690 Basilium
2296 2638 2675 2704 imperatorem
2705 2633 2971 2696 ﬂoruisse,
2997 2633 3079 2686 cui
3114 2632 3278 2686 etiam
3309 2632 3509 2702 regiam

280 2746 539 2783 coronam
566 2732 800 2785 sumenti
839 2747 1019 2786 sacras
1050 2747 1242 2801 preces
1276 2733 1523 2802 praeivit;
1556 2749 1677 2787 mox
1713 2733 1781 2787 ab
1811 2733 2002 2787 eodem
2027 2733 2083 2788 in
2105 2731 2352 2786 exsilium
2390 2740 2568 2785 actum
2604 2729 2793 2783 fuisse.
2832 2726 3127 2795 Utramque
3182 2742 3295 2779 rem
3325 2733 3513 2779 narrat

278 2818 443 2870 etiam
468 2818 810 2873 Hamartolus
837 2821 890 2874 in
932 2819 1193 2876 Vaticano
1218 2822 1401 2876 codice
1433 2823 1690 2887 ineditus,
1714 2838 1836 2893 pag.
1859 2821 1953 2876 209

1859 2821 1965 2876 202
1989 2821 2023 2876 b
2052 2840 2064 2875 :
2117 2821 2175 2873 Ὀ
2208 2821 2479 2881 Βασίλειος
2505 2822 2567 2873 ἐκ
2592 2820 2687 2888 τῆς
2722 2818 2914 2872 ἐαυτοῦ
2942 2816 3183 2886 κεφαλῆς
3206 2817 3265 2868 τὸ
3295 2817 3512 2886 στέμμα

278 2907 551 2976 ἀράμενος
570 2909 765 2963 δέδωκε
793 2912 979 2982 Φωτίῳ
1008 2912 1085 2982 τῷ
1106 2915 1417 2986 πατριάρχῃ
1436 2930 1451 2946 ο
1484 2916 1578 2967 καὶ
1607 2914 1914 2982 εἰσαγαγὼν
1946 2915 2106 2967 αὑτὸν
2129 2915 2187 2965 ἐν
2215 2916 2279 2983 τῇ
2311 2913 2441 2984 ἁγίᾳ
2466 2912 2733 2982 τραπέζῃ,
2766 2911 3019 2979 ἐποίησεν
3040 2912 3203 2980 εὐχὴν
3234 2908 3319 2962 ἐπ’
3341 2910 3509 2978 αὐτῷ.

280 3030 352 3040 -
391 3000 449 3054 ’0
482 3001 538 3053 δὲ
562 3004 903 3075 πατριάρχης
925 3008 985 3058 τὸ
1017 3008 1234 3078 στέμμα
1268 3008 1568 3077 ἐξενεγκὼν
1600 3009 1679 3075 τῷ
1706 3008 1914 3078 βασιλεῖ
1940 3007 2231 3061 ἐπιδέδωκε
2255 3024 2268 3036 ·
2298 3008 2391 3060 καὶ
2418 3007 2526 3059 τῶν
2551 3008 2847 3075 σκήπτρων
2901 3004 3196 3063 πεσόντων.
3247 3004 3327 3065 ώς
3370 3002 3511 3065 ἔθος,

281 3086 507 3162 ἔστεψεν
534 3096 561 3147 ὁ
595 3096 813 3166 Μιχαὴλ
838 3097 929 3150 τὸν
958 3098 1255 3153 Βασίλειον.
1286 3100 1502 3155 Patrata
1527 3101 1725 3155 deinde
1778 3099 1951 3155 Micha

1839 3100 2059 3155 ichaelis
2124 3097 2466 3169 imperatoris
2519 3098 2684 3160 caede,
2748 3096 2924 3167 pergit
2952 3097 3135 3150 dicere
3174 3094 3514 3148 llamartolus

286 3199 343 3253 p.
382 3186 486 3239 204
516 3187 551 3240 b
585 3204 600 3240 :
633 3187 739 3239 Τοῦ
770 3186 1052 3243 Βασιλείου
1087 3195 1143 3244 ἐν
1168 3194 1233 3262 τῇ
1269 3192 1534 3264 ἐκκλησίᾳ
1560 3193 1822 3259 ἐλθόντος,
1858 3191 2075 3261 καὶτῆς
2102 3192 2366 3263 ἀχράντου
2397 3190 2587 3252 Θυσίας
2618 3188 2939 3260 μεταλαϐεῖν
2968 3186 3335 3257 βουληθέντος,
3359 3186 3387 3237 ὸ
3407 3202 3515 3237 πα-

282 3278 548 3349 τριάρχης
587 3282 789 3344 Φώτιος
812 3283 910 3352 τῆς
940 3283 1090 3346 Θείας
1109 3284 1270 3337 αὐτὸν
1301 3287 1531 3356 ἀπεῖργε
1572 3284 1942 3354 μεταλήψεως,
1971 3284 2293 3354 ἀνδροφόνον
2319 3282 2606 3335 ἀποκαλῶν
2626 3282 2720 3334 καὶ
2743 3280 2944 3353 λῃστὴν
2968 3280 3062 3333 καὶ
3084 3282 3189 3332 τῶν
3233 3279 3515 3348 ἀχράντων

291 3370 611 3439 μυστηρίων
638 3372 853 3435 ἀνάξιον
878 3388 891 3401 ο
924 3374 1008 3441 ἐφ’
1035 3367 1113 3434 οἷς
1147 3373 1420 3442 θυμωθεὶς
1447 3377 1475 3427 ό
1503 3374 1802 3437 Βασίλειος,
1828 3375 1889 3426 ἐκ
1937 3372 2151 3441 Ῥώμης
2180 3373 2514 3433 ἐπισκόπους
2553 3370 2728 3423 ἐλθεῖν
2757 3370 3154 3439 παρεσκεύασε,
3195 3371 3359 3438 τόμον
3389 3371 3514 3421 ἐπι-

285 3460 619 3526 φερομένους
643 3459 736 3512 τοῦ
772 3460 951 3524 πάπα,
977 3462 1071 3514 κα)⁵
1098 3463 1194 3517 τοῦ
1226 3462 1625 3534 πατριαρχικοῦ
1655 3461 1847 3534 Θρόνου
1873 3460 2061 3515 τοῦτον
2090 3462 2381 3533 ἐξώθησεν,
2425 3464 2684 3532 ἰγνάτιον
2713 3462 2771 3517 δέ
2820 3462 2912 3516 τὸν
2953 3463 3011 3515 ἐν
3041 3461 3216 3529 ἁγίοις
3246 3459 3516 3530 πατριάρ-

287 3566 390 3617 χην
412 3551 823 3619 προεχειρίσατο
845 3553 905 3605 τὸ
936 3554 1205 3625 δεύτερον.
1241 3555 1478 3625 Utroque
1507 3554 1798 3609 Hamartoli
1821 3555 1940 3609 loco

1842 3570 1940 3609 oco
1969 3555 2141 3609 utitur
2170 3553 2410 3610 Zonaras
2434 3572 2542 3619 xw,
2568 3557 2621 3622 7,
2653 3558 2717 3611 8:
2750 3565 2804 3611 et
2833 3558 3072 3611 secundo
3097 3556 3313 3626 quidem
3345 3568 3516 3623 prope

288 3642 359 3694 ad
386 3641 637 3694 litteram.
701 3641 811 3698 Hac
870 3662 1002 3700 vero
1039 3662 1101 3701 su
1116 3663 1210 3717 per
1256 3663 1313 3701 re
1336 3646 1559 3717 legenda
1582 3656 1666 3701 est
1694 3644 1870 3701 Photii
1896 3646 2122 3715 epistola
2149 3647 2213 3701 97
2246 3648 2414 3715 (nunc
2448 3648 2567 3702 libri
2601 3664 2642 3712 ι,
2674 3648 2784 3717 l6},
2812 3664 2932 3717 quae
2959 3658 3043 3703 est
3059 3648 3233 3718 gravis
3259 3648 3519 3700 adversus

290 3738 547 3791 Basiliam
575 3737 939 3805 expostulatio
1001 3740 1069 3793 ab
1091 3740 1286 3794 exsilio
1324 3739 1510 3793 missa.
1537 3739 1781 3807 Denique
1816 3754 2033 3803 moneo,
2068 3740 2234 3794 alium
2265 3755 2386 3795 esse
2403 3739 2655 3795 Photium
2683 3742 3013 3796 monachum
3047 3741 3340 3804 melodum,
3365 3741 3521 3809 cujus

286 3832 483 3901 exigua
519 3832 749 3902 οτιχηρά
788 3840 916 3886 sunt
944 3831 999 3884 in
1033 3832 1222 3885 codice
1254 3830 1514 3886 Vaticano
1534 3830 1659 3896 2l6,
1684 3847 1739 3902 p.
1767 3830 1819 3893 6,
1852 3840 1908 3886 et
1930 3831 1984 3886 in
2020 3830 2264 3887 Palatino
2314 3834 2437 3900 158,
2468 3850 2521 3904 p.
2580 3836 2698 3890 6-8.
2737 3836 2906 3892 Porro
2944 3837 3032 3891 ille
3074 3838 3216 3890 πάνυ
3241 3854 3520 3907 nunquam

290 3922 399 3978 fuit
423 3924 720 3977 monachus
762 3941 776 3978 :
817 3924 919 3978 etsi
965 3925 1216 3993 juvenem
1250 3939 1309 3978 se
1343 3939 1373 3978 a
1405 3924 1703 3978 monastica
1724 3924 1833 3978 vita
1857 3939 1967 3979 non
1994 3924 2159 3979 fuisse
2179 3925 2440 3990 alienum,
2468 3928 2563 3982 sed
2592 3929 2737 3983 curis
2763 3929 3106 3984 sacularibus
3145 3932 3517 3999 prmpeditum,

300 4023 490 4069 narrat
546 4015 773 4070 Photius
796 4016 849 4070 in
897 4017 1125 4087 epistola
1154 4017 1220 4071 ad
1274 4016 1567 4088 syncellum
1605 4015 2022 4081 Antiochenam,
2059 4032 2220 4086 quam
2255 4028 2309 4073 et
2358 4018 2541 4075 Graece
2599 4020 2799 4074 editam
2838 4021 2970 4086 scio,
2999 4031 3052 4076 et
3093 4037 3191 4092 ego
3242 4023 3295 4077 in
3345 4034 3524 4079 vetere

291 4106 484 4160 codice
515 4108 632 4179 lego
657 4108 753 4179 (7).

367 4197 506 4251 Olim
559 4198 614 4252 in
644 4199 958 4269 praefatione
987 4200 1114 4254 torni
1138 4199 1300 4269 primi
1332 4196 1669 4268 Scriptorum
1704 4208 1837 4264 vet.,
1869 4200 1959 4253 ubi
1984 4199 2052 4253 de
2091 4199 2307 4254 lneditis
2344 4200 2523 4255 Photii
2576 4202 2790 4271 scriptis
2818 4203 3071 4270 disserui,
3104 4206 3235 4260 odas
3278 4208 3521 4275 ejusdem

298 4296 409 4339 tres
447 4287 887 4352 commemoravi,
926 4303 956 4342 a
996 4302 1082 4341 me
1116 4289 1170 4341 in
1204 4287 1589 4341 Barberiniano
1616 4288 1801 4343 codice
1829 4288 2175 4355 observatas;
2207 4304 2435 4358 quarum
2473 4292 2527 4345 in
2557 4293 2736 4362 priore
2768 4293 2934 4349 Deum
2969 4297 3260 4366 alloquitur
3293 4298 3522 4354 Basilius

301 4382 518 4434 Macedo
546 4381 839 4451 imperator
871 4396 887 4446 ;
937 4380 992 4435 in
1036 4380 1203 4436 altera
1233 4378 1488 4434 Basilium
1524 4380 1699 4450 ipsum
1745 4381 1877 4451 imp.
1909 4369 2207 4451 alloquitur
2225 4383 2502 4450 Ecclesia;
2531 4386 2583 4439 in
2616 4387 2773 4440 tertia
2799 4388 3014 4443 demum
3044 4389 3352 4459 imperfecta
3382 4390 3523 4446 idem

298 4471 528 4526 Basilius
548 4471 677 4542 imp.
709 4470 976 4526 laudatur.
1007 4470 1088 4525 En
1120 4479 1300 4525 autem
1333 4471 1432 4525 has
1463 4472 1682 4526 demum
1713 4472 1844 4528 odas
1873 4487 1905 4528 a
1939 4472 2013 4527 cl.
2038 4473 2156 4529 viro
2197 4472 2255 4538 Ρ.
2285 4473 2557 4548 Matranga
2585 4479 2880 4550 exseriptas
2909 4481 3161 4537 exhibeo.

1878 4626 1941 4683 ll.

688 4764 910 4818 Φωτίου
943 4761 1305 4832 πατριάρχου
1330 4762 1515 4831 ὕμνος
1557 4761 1625 4814 ἐκ
1671 4760 1992 4830 προσώπου
2024 4764 2350 4819 Βασίλειον
2383 4764 2708 4823 δεσπότου.
2739 4800 2809 4812 -
2828 4767 3021 4841 Ἦχος
3050 4778 3119 4828 α’.

1438 4873 1595 4945 (Ang.
1622 4869 1724 4928 In
1764 4870 1948 4942 Spicil.
1988 4874 2141 4932 Rom.
2164 4877 2257 4944 1X,
2297 4878 2446 4950 759.)

730 4991 860 5044 ’Δπδ
893 4991 1114 5062 χειλέων
1143 4991 1309 5063 ὕμνον
2393 4995 2562 5059 Βάθος
2597 5014 2691 5050 σου
2720 4999 2818 5067 τῆς
2849 4998 3057 5067 σοφίας,

659 5081 959 5154 Προσφέρω
982 5099 1063 5135 σοι
1084 5083 1159 5152 τῷ
1188 5082 1416 5152 κτίστῃ,
2318 5088 2613 5159 Κριμάτων
2637 5089 2732 5152 τὰς
2752 5089 3020 5153 ἀϐύσσους

669 5176 803 5230 Ἀπὸ
831 5178 1058 5247 καρδίας
1083 5176 1279 5248 βάθους
2322 5182 2415 5244 Τίς
2441 5180 2596 5249 λόγος
2628 5181 2936 5251 ἐξυμνήσει,

659 5271 750 5325 Σοὶ
778 5270 933 5335 δόξαν
960 5272 1288 5341 ἀναπέμπω.
2321 5274 2563 5328 Δέσποτα
2585 5276 2693 5328 τῶν
2719 5278 3004 5343 ἀπάντων;

917 5387 1091 5441 Photii
1124 5386 1441 5455 patriarchae
1477 5384 1699 5455 hymnus
1731 5386 1785 5439 in
1813 5400 2031 5455 persona
2054 5383 2243 5441 Basilii
2272 5388 2625 5456 imperatoria.
2652 5421 2721 5431 —
2746 5391 2853 5446 Ode
2878 5390 2923 5446 Ι.

386 5496 654 5569 Hymnum
681 5512 712 5552 e
742 5497 896 5553 labiis
924 5498 989 5552 ad
1016 5507 1065 5551 te
1093 5497 1265 5568 dirigo
1290 5498 1629 5562 Creatorem,
1659 5512 1689 5552 e
1719 5497 1900 5553 cordis
1923 5499 2295 5567 penetralibus
2322 5501 2416 5555 tibi
2445 5502 2657 5558 laudem
2688 5506 2893 5561 emitto.

390 5592 683 5664 Sapientiae
714 5602 817 5648 tua:
845 5592 1193 5663 profundum,
1225 5592 1553 5663 judiciorum
1582 5593 1802 5665 abyssos
1818 5592 1939 5663 quis
1960 5607 2139 5653 sermo
2164 5596 2499 5668 praedicabit,
2537 5600 2912 5658 universorum
2949 5605 3215 5667 Domine?

1828 5730 2057 5790 ΝΟΤιΕ.

394 5844 473 5916 (7)
496 5846 647 5901 Conl'.
692 5846 757 5901 ad
783 5846 1099 5915 Amphiloch
1128 5886 1139 5899 .
1173 5846 1288 5899 ιυο.
