4242 6438
294 405 387 470 581
1732 408 1967 469 CARMI

1837 408 2093 472 RMINA.
3407 414 3512 480 582

721 521 1066 593 Φιλάνθρωπε
1087 522 1260 594 οἱκτίρ
1269 539 1387 594 μον,
1888 530 1933 584 Α
2317 525 2630 591 ’Δπαύστως
2667 525 2996 599 εὐλογοῦμεν

648 616 750 666 Ἦν
776 613 980 677 ἔδωκας
1008 602 1230 683 είρήνήν
2294 615 2404 685 Τὴν
2428 616 2574 670 θείαν
2604 615 2901 685 βασιλεῖαν.

641 705 764 768 Τοῖς
805 705 965 766 Θείοις
996 703 1333 767 ἀποστόλοις,
2373 705 2430 758 '0
2464 705 2681 759 πάντων
2715 705 3012 775 βασιλεύων

636 797 922 865 Παράσχου
951 796 1028 867 τῷ
1048 796 1162 865 λαῷ
1194 812 1307 848 σου.
2295 797 2413 849 Τῶν
2433 798 2544 851 ἀνω
2566 798 2659 850 καὶ
2693 797 2801 851 τῶν
2828 798 2999 865 κάτω,

705 890 895 956 Χάριν,
924 890 990 958 ἢν
1024 888 1332 956 ὲπηγγείλω
2292 888 2386 950 Εἰς
2420 888 2477 941 σὲ
2506 890 2686 943 πᾶσαν
2719 889 2907 943 ἐλπίδα

639 980 744 1032 Τοῦ
786 981 1095 1050 Ιινεύματος
1118 980 1395 1051 παρέξειν,
2290 974 2449 1043 Οἶδας
2477 981 2549 1043 ὡς
2578 981 2871 1053 ἀνεθέμην.

641 1072 1035 1141 Κατάπεμψον,
1062 1064 1106 1124 ὦ
1133 1072 1382 1142 Πλαστης
2366 1074 2438 1126 Σὺ
2466 1072 2558 1127 οὖν
2580 1074 2656 1137 ὡς
2680 1075 2920 1145 Κτίστης
2948 1074 3169 1131 πάντων

652 1166 931 1219 ’Ᾱπάντων
961 1168 1054 1219 καὶ
1084 1165 1380 1235 Δεσπότης.
2291 1165 2421 1227 Θεὸς
2450 1165 2543 1217 καὶ
2570 1163 2831 1228 Βασιλεύς
2866 1182 2969 1235 μου

706 1259 864 1327 Ψυχῇ
896 1257 941 1309 ὣ
973 1258 1037 1311 ἂν
1074 1258 1171 1327 μιᾷ
1206 1272 1267 1308 σε
1329 1241 1349 1247 ’
2298 1260 2393 1309 Ὃν
2421 1258 2626 1320 ἔδωκας
2649 1258 2772 1310 λαόν
2806 1275 2895 1329 μοι

643 1351 755 1403 Καὶ
781 1350 980 1419 γνώσει
1013 1351 1107 1403 καὶ
1137 1349 1333 1421 καρδίᾳ
2267 1351 2345 1421 Τῇ
2378 1349 2525 1420 δεξιᾷ
2552 1367 2645 1403 σου
2675 1349 2847 1417 ἄγοις.

351 1466 452 1532 Qui
478 1466 723 1519 homines
745 1479 894 1519 amas
923 1472 978 1517 et
1005 1465 1302 1528 misereris,
1336 1481 1498 1536 quam
1523 1465 1716 1521 dedisti
1751 1480 1937 1536 pacem
1960 1465 2159 1520 divinis
2188 1464 2461 1534 apostolis,
2491 1464 2689 1534 populo
2724 1472 2817 1517 tuo
2862 1476 3077 1531 prmsta.

353 1557 612 1621 Gratiam,
640 1571 800 1625 quam
830 1555 1096 1624 pollicitus
1115 1571 1174 1611 es
1204 1558 1441 1627 Spiritus
1465 1567 1517 1612 te
1545 1556 1935 1627 prazstiturum,
1964 1558 2169 1621 emitte,
2200 1572 2232 1610 o
2256 1556 2477 1610 Creator
2503 1556 2745 1609 omnium
2783 1562 2837 1608 et
2866 1555 3202 1610 Dominator.

352 1649 544 1701 Anima
573 1656 632 1700 ut
666 1662 791 1712 una,
817 1656 871 1702 et
898 1649 1211 1717 cognitione
1238 1658 1294 1703 et
1326 1650 1488 1704 corde
1517 1659 1774 1719 perpetuo
1803 1660 1854 1704 te
1886 1650 2185 1714 laudemus,
2217 1650 2461 1703 divinum
2492 1648 2730 1702 concede
2752 1664 3001 1717 regnum.

351 1743 453 1808 Qui
483 1743 733 1797 universa
766 1743 925 1813 regis,
952 1761 1074 1813 qua
1104 1760 1317 1800 sursum
1343 1756 1400 1800 et
1432 1746 1683 1800 deorsum
1707 1756 1852 1812 sunt,
1880 1746 1932 1799 in
1969 1757 2019 1800 te
2048 1761 2198 1814 spem
2233 1745 2376 1799 nosti
2412 1758 2625 1798 omnem
2657 1752 2715 1795 ut
2743 1742 3038 1811 posuerim.

354 1832 434 1884 'l‘u
460 1847 607 1901 ergo,
637 1842 692 1885 ut
721 1833 963 1886 omnium
997 1834 1241 1900 Creator,
1270 1836 1412 1891 Deus
1436 1845 1490 1889 et
1522 1835 1636 1889 Rex
1667 1851 1839 1900 meus,
1865 1850 2025 1904 quem
2053 1835 2245 1890 dedisti
2269 1834 2397 1888 mihi
2430 1832 2690 1903 populum
2733 1833 2949 1885 dextera
2985 1840 3072 1885 tua
3095 1832 3311 1902 dirigas.

278 1989 396 2045 Τοῦ
467 1992 652 2046 αὐτοῦ
699 1992 886 2062 ὕμνος
940 1995 1010 2049 ἐκ
1068 1995 1391 2063 προσώπου
1432 1995 1543 2066 τῆς
1601 1996 1969 2086 Ἐκξιέησίας
2006 2000 2091 2065 είς
2145 1996 2466 2051 Βασίλειον
2508 1993 2615 2048 τὸν
2672 1994 3065 2064 φιλόχριστον
3104 1989 3388 2055 βασιλέα.
3427 2016 3498 2030 -

1726 2069 1887 2135 Ηχος
1918 2073 1994 2121 α’.

707 2173 1141 2246 ’Δκουτισθῶμεν
1168 2178 1367 2241 πάντες
1868 2192 1909 2246 Β
2290 2180 2399 2250 Τὴν
2422 2181 2615 2233 ἕνωσιν
2643 2180 2740 2249 τὴν
2766 2178 2969 2231 τούτων

625 2264 736 2335 Τῆς
764 2267 1028 2337 βασιλίδος
1059 2269 1293 2340 νύμφης,
2286 2272 2531 2342 Φαιδρῶς
2562 2270 2935 2342 πανηγυρίζω.

634 2362 867 2432 Χριστοῦ
896 2363 993 2431 τῆς
1038 2364 1381 2434 Ἐκκλησίας,
2351 2364 2664 2433 Θυγατέρες
2693 2364 2974 2435 παρθένοι,

624 2454 914 2515 Μυπικῶς
940 2454 1309 2526 ὑπαρχούσης.
2284 2455 2560 2517 Νεάνιδες.
2592 2458 2649 2508 ὲν
2681 2456 2815 2525 οἴκῳ

698 2544 898 2615 Βουλὴν
940 2546 1199 2616 Ὑψίστου
1236 2548 1417 2617 μένειν
2286 2549 2563 2618 Ζητήσατε
2602 2548 2834 2619 ᾀδούσας

625 2638 717 2699 Εἰς
742 2638 833 2692 τὸν
864 2637 1035 2690 αίῶνα
1059 2638 1253 2706 γνῶτε,
2284 2639 2391 2692 Τοῦ
2414 2640 2631 2693 πάντων
2662 2638 2946 2709 βασιλέως.

626 2730 826 2793 Βουλάς
853 2731 908 2783 δὲ
939 2730 1046 2783 τῶν
1078 2728 1379 2801 ἀνθρώπων
2365 2730 2493 2785 Ἰδού
2528 2748 2593 2798 με
2621 2732 2810 2802 ὥσπερ
2839 2729 2997 2783 ἀλλον

626 2825 668 2875 Τ
671 2824 699 2875 ὸ
721 2822 937 2892 βέϐαιον
971 2822 1069 2874 οὐκ
1106 2821 1271 2891 ἔχειν.
2278 2822 2517 2893 Οὐρανὸν
2546 2820 2961 2893 ἑξαστράπτειν,

694 2912 862 2965 Γενεὰ
891 2912 1164 2963 ἐπαινέσει
2292 2917 2417 2977 Τοῖς
2443 2913 2673 2985 ἀστράσι
2701 2916 2811 2976 τοῖς
2841 2912 3049 2975 τέκνοις

624 3005 731 3074 Τὴν
762 3004 858 3074 σὴν
891 3003 1296 3074 μεγαλωσύνην,
2276 3006 2569 3061 Καλλύνων
2593 3006 2621 3057 ὁ
2642 3004 2935 3074 Δεσπότης.

624 3098 733 3149 Καὶ
751 3096 911 3164 γενεὰ
936 3095 1155 3166 λαλήσει
2356 3100 2715 3153 Κατάπαυσον
2743 3097 2833 3151 τὸν
2868 3097 3055 3163 κόπον,

625 3187 740 3239 Σῶν
768 3187 941 3256 ἔργων
962 3186 1059 3249 τὰς
1082 3186 1356 3254 δυνάμεις.
2290 3191 2499 3261 Ἥνίοχε
2532 3190 2766 3260 ἡμέρας·

693 3278 877 3341 Διδοῦς
911 3279 1385 3348 συντετριμμένοις
2287 3284 2580 3337 Ἀνέτειλεν
2604 3285 2712 3355 γὰρ
2740 3283 2899 3347 ἄλλος

628 3370 895 3441 Βραχίονα
926 3372 1019 3423 καὶ
1039 3372 1259 3440 κράτος,
2279 3376 2467 3439 Ἥλιος
2501 3378 2580 3439 είς
2603 3377 2693 3429 τὸν
2718 3377 2940 3445 κόσμον.

602 3455 739 3518 ’Καὶ
772 3464 1063 3516 κατασπῶν
1088 3464 1273 3531 ἐδάφει
1861 3526 1895 3537 _
2346 3468 2550 3537 Λύχνον
2577 3468 2668 3521 τὸν
2699 3468 2839 3521 θεῖον
2878 3469 3046 3523 πᾶσιν

637 3554 835 3623 Ὀφρὺν
865 3552 962 3623 τὴν
984 3526 1319 3625 ἐπηρμένην.
1834 3526 1897 3589 'c
2296 3559 2381 3611 'Ev
2414 3526 2563 3628 μέσῳ
2594 3559 2691 3626 τῆς
2718 3557 2936 3629 λυχνίας

704 3644 961 3713 Ἐεάρχου
993 3644 1091 3713 τῆς
1119 3644 1338 3714 χορείας
2281 3650 2543 3719 Ὀρῶντες
2573 3649 2955 3720 δᾳδουχοῦντα,

623 3735 786 3789 Δαὸίδ
804 3752 818 3765 ο
848 3736 929 3799 τίς
955 3736 1263 3806 ἐξαγγέλλει
2272 3742 2413 3805 Aab;
2441 3741 2575 3796 Θεοῦ
2607 3744 2923 3813 εὐφραίνου.

618 3825 728 3889 Τὰς
756 3826 1089 3892 δυναστείας,
1117 3826 1262 3898 ᾅδων
2339 3832 2742 3901 Μεγαλύνωμεν
2768 3832 2907 3903 ἅμα,

624 3918 731 3981 Τὴν
755 3920 960 3972 ατνεσιν
986 3920 1190 3990 Κυρίου
1210 3937 1227 3987 ;
2270 3924 2581 3993 Αίνέσωμεν
2604 3923 2856 3993 βοῶντας,

686 4012 928 4083 Ζήτησον
953 4013 1219 4085 μελῳδούς
1246 4031 1340 4067 σου
2276 4015 2340 4068 Ἦ
2368 4016 2647 4079 ἀλλοίωσις
2673 4016 2812 4087 αὕτη

620 4101 939 4171 Συνκρούειν
963 4105 1061 4175 τὴν
1084 4105 1330 4177 κινύρανο
2274 4107 2431 4171 Δεξιά
2456 4109 2547 4161 τοῦ
2583 4108 2856 4177 Ὑψίστου.

628 4194 838 4263 Ἡμέρα
867 4196 1055 4266 ἑορτῆς
1081 4196 1189 4267 γάρ
2336 4196 2442 4248 Ναὶ
2468 4198 2554 4267 δὴ.
2584 4199 2679 4251 καὶ
2701 4199 2963 4268 βασιλέως

627 4284 893 4357 ’Υπάρχει
920 4286 1014 4339 τοῦ
1042 4287 1336 4344 Δεσπότου.
2267 4288 2491 4358 Κεφαλῇ
2516 4292 2580 4360 τῇ
2609 4291 2742 4361 ἁγίᾳ

701 4376 765 4428 'H
796 4378 927 4445 πρὶν
950 4376 1290 4448 ἀλγυνομίνη
2269 4379 2376 4433 Τοῦ
2406 4380 2562 4449 λόγου
2593 4381 2653 4447 ἐξ
2674 4379 2879 4436 ἀνθιων

607 4466 696 4537 Τῷ
719 4468 1030 4537 σπαραγμῷ
1060 4468 1166 4522 τῶν
1188 4470 1413 4532 τέκνων,
2266 4472 2513 4541 Διάδημα
2542 4472 2844 4530 πλεκὲσθω.

564 4577 810 4649 Ejusdem
829 4583 1046 4653 hymnus
1068 4583 1124 4635 in
1151 4601 1371 4652 persona
1401 4584 1641 4642 Ecclesia
1672 4588 1727 4641 in
1748 4586 2003 4642 Basiliam
2029 4588 2220 4644 Christi
2251 4590 2478 4642 amicum
2510 4591 2894 4657 imperatorem.
2915 4621 2987 4634 —
3006 4592 3113 4649 Ode
3134 4592 3181 4648 I.

330 4700 626 4757 Audiamus
648 4718 838 4759 omnes
866 4707 1063 4779 regiam
1093 4725 1368 4779 sponsam,
1397 4709 1599 4765 Christi
1622 4710 1938 4776 Ecclesiam,
1973 4713 2202 4783 mystice
2233 4711 2607 4765 exsistentem.

330 4791 626 4847 Consilium
650 4794 912 4852 Altissimi
940 4801 993 4853 in
1027 4810 1287 4855 aeternum
1315 4818 1535 4859 manere
1564 4805 1777 4869 scitote,
1810 4804 2037 4859 consilia
2066 4814 2243 4858 autem
2272 4803 2553 4857 hominum
2576 4804 2881 4857 ﬁrmitatem
2908 4819 3019 4857 non
3050 4803 3271 4858 habere.

331 4884 623 4941 Cencratio
652 4887 895 4943 laudabit
916 4899 1061 4944 tuam
1092 4893 1539 4963 magnitudinem,
1574 4905 1629 4950 et
1656 4896 1935 4966 generatio
1963 4896 2212 4965 loquetur
2231 4909 2457 4964 operum
2483 4906 2695 4950 tuorum
2729 4895 2976 4949 virtutes.

331 4974 533 5028 Dedisti
560 4975 642 5031 his
675 4978 763 5047 qui
794 4981 1007 5033 contriti
1043 4992 1168 5035 sunt
1198 4984 1479 5039 brachium
1509 4993 1562 5041 et
1592 4986 1911 5055 potentiam,
1941 4996 1997 5041 et
2024 4987 2093 5041 ad
2126 4986 2297 5041 solum
2332 4985 2577 5055 dejecisti
2602 4988 2695 5055 qui
2721 4984 2956 5040 frontem
2984 4986 3329 5041 extollebant.

328 5071 659 5141 Principium
684 5088 743 5128 es
768 5074 980 5131 Davidis
1004 5080 1196 5135 cantici
1220 5098 1235 5147 ;
1263 5082 1384 5149 quis
1412 5082 1723 5151 pradicabit
1746 5083 2035 5153 potentias,
2067 5098 2270 5137 canens
2297 5082 2510 5136 Domini
2532 5082 2786 5139 laudem?

328 5167 517 5227 Quare
552 5166 787 5221 musicos
810 5170 904 5223 tibi
930 5170 1164 5240 Cinyram
1189 5172 1485 5241 pulsantes,
1517 5175 1635 5230 dies
1660 5176 1805 5231 enim
1830 5175 2001 5231 festus
2028 5176 2386 5230 Dominatoris
2413 5176 2609 5246 agitur.

327 5259 454 5317 Qua:
484 5267 641 5310 antea
678 5268 837 5327 rupta
864 5271 979 5314 erat
1011 5262 1320 5317 turbatione
1349 5263 1608 5332 ﬁliorum,
1631 5279 1821 5320 eorum
1850 5280 2000 5320 nunc
2028 5266 2374 5321 concordiam
2407 5266 2655 5320 hetanter
2686 5266 3035 5321 concelebra.

328 5346 525 5401 l‘uellae
550 5350 810 5421 virgines,
833 5353 1082 5420 juvenes,
1116 5354 1171 5408 in
1204 5357 1365 5412 domo
1394 5358 1619 5428 quarite
1640 5374 1759 5428 quae
1790 5368 1987 5413 canant
2012 5360 2390 5415 universorum
2417 5358 2637 5429 Regem.

327 5439 465 5493 Ecce
497 5456 603 5502 me,
642 5452 700 5495 ut
728 5444 889 5497 alium
920 5447 1115 5499 coelum
1147 5450 1509 5517 splendidam,
1542 5450 1667 5505 ﬁliis
1691 5459 1748 5504 ut
1772 5451 1935 5506 astris
1965 5451 2185 5507 decorat
2206 5451 2518 5522 imperator.

325 5532 555 5595 Quiesce
579 5549 608 5586 a
640 5534 843 5602 labore,
866 5539 1048 5608 auriga
1068 5540 1194 5604 diei,
1228 5551 1379 5596 ortus
1406 5552 1489 5597 est
1518 5543 1661 5598 enim
1690 5544 1769 5598 sol
1800 5543 1935 5599 alius
1963 5544 2017 5598 in
2047 5545 2329 5600 mundum.

324 5622 523 5677 Lucem
553 5625 789 5681 divinam
814 5632 1066 5685 omnibus
1101 5633 1363 5703 lampadis
1392 5636 1448 5690 in
1476 5637 1654 5691 medio
1684 5638 1994 5693 illucentem
2028 5647 2335 5702 cernentes,
2359 5637 2452 5693 Dei
2485 5640 2701 5709 popule,
2733 5639 2979 5710 gaudete.

326 5716 728 5788 Magniﬁcemus
756 5722 936 5789 simul,
962 5724 1245 5781 laudemus
1272 5730 1630 5785 acclamantes
1665 5748 1678 5785 :
1704 5732 1831 5785 Haec
1868 5730 2099 5784 mutatio
2125 5739 2209 5785 est
2238 5731 2471 5787 dextera:
2495 5731 2721 5787 Excelsi.

324 5806 401 5860 lta
435 5811 672 5880 quidem,
704 5820 757 5867 ct
787 5814 1125 5886 imperatoris
1155 5828 1341 5877 sancto
1372 5820 1533 5891 capiti
1573 5836 1603 5878 e
1631 5836 1939 5883 sermonum
1972 5821 2191 5879 ﬁoribus
2218 5821 2466 5878 diadema
2492 5827 2831 5880 contexatur.
