4242 6438
783 409 882 470 587
1905 406 2156 466 PIIOTII
2200 403 2458 465 PATRIA

1905 406 2156 466 PIIOTII
2200 403 2694 465 PATRIAHCIIE
2749 406 2853 464 CP.

3901 404 4011 469 588

782 517 1107 572 ostendisset
1149 556 1162 579 ,
1205 531 1264 569 ac
1318 514 1542 568 multum
1592 513 1824 583 undique
1879 516 2149 582 specimen
2207 515 2340 567 dile-
2376 516 2457 572 At

2332 523 2412 572 -Α
2445 512 2692 581 ἀληθινὸν
2744 513 2874 564 Θεὸν
2933 512 3089 581 ήμῶν
3121 513 3551 582 ἐπιδεδειγμένος
3607 513 3856 577 πίστεως,
3907 516 4007 566 καί

782 608 976 660 ctionis
1021 607 1073 658 in
1124 621 1244 658 eum
1297 606 1580 659 dedisset:
1617 610 1768 673 (μιυεὶ
1803 607 2110 657 curonidem
2159 621 2335 657 rerum

783 698 1034 765 praeclare
1082 697 1148 748 ab
1192 710 1258 748 eo
1293 706 1560 764 gestarum
1598 705 1653 748 et
1697 703 2032 763 peractarum
2082 695 2335 763 pascendi

783 788 1138 839 ministerium
1183 787 1490 855 dignatione
1535 786 1771 854 magistri
1820 785 2077 854 suscepit.
2109 785 2174 838 Et
2210 801 2340 838 vero

780 893 938 932 servo
992 879 1102 931 seio
1165 878 1431 948 concredi
1489 879 1781 940 talentum,
1826 891 2056 944 eumque
2122 887 2341 944 propter

782 984 959 1021 meum
999 969 1289 1021 Dominiea:
1331 967 1630 1019 severitatis
1657 967 2037 1031 occultantem,
2067 983 2165 1020 nec
2197 968 2340 1020 unde

778 1058 881 1110 sibi
927 1057 1071 1125 quod
1107 1056 1368 1109 creditum
1416 1063 1564 1116 erat,
1595 1055 1850 1108 excidens
1893 1056 2238 1124 diriperetur,
2275 1072 2340 1110 ac

779 1157 1064 1216 propterea
1120 1147 1379 1199 talentum
1426 1157 1481 1199 et
1517 1147 1607 1214 qui
1653 1146 1877 1200 dederat
1921 1148 2336 1216 multiplicatum

780 1258 886 1295 non
922 1242 1166 1302 reddidit,
1193 1241 1452 1293 rationem
1486 1241 1552 1293 ab
1579 1256 1643 1294 eo
1673 1241 1900 1308 reposci,
1928 1255 2158 1312 eumque
2201 1243 2336 1311 ignis

780 1349 840 1386 ac
855 1333 1113 1402 gehennze
1131 1332 1629 1386 condemnationem
1648 1332 1847 1385 subire.

852 1599 1047 1651 Verum
1077 1613 1172 1651 cur
1204 1598 1318 1650 hree
1351 1613 1380 1649 a
1407 1613 1492 1649 me
1516 1597 1843 1659 scribuntur,
1867 1605 1922 1648 et
1943 1596 2120 1665 gliscit
2160 1595 2331 1658 dolor,

778 1700 832 1744 et
880 1689 1122 1757 molestia
1173 1688 1490 1745 intenditur.
1548 1696 1600 1739 et
1656 1685 1886 1738 turbatio
1942 1685 2331 1754 investigatur?

782 1780 909 1832 Nam
938 1777 1189 1831 memoria
1215 1793 1391 1829 rerum
1415 1777 1691 1828 anxiarum
1722 1776 1917 1827 malum
1947 1775 2125 1828 acrius
2151 1776 2330 1837 efﬁcit,

778 1887 843 1926 ac
875 1871 1140 1925 sublevari
1182 1885 1286 1921 non
1318 1869 1442 1922 sinit
1489 1883 1795 1920 mmrorem.
1823 1866 1890 1919 At
1921 1867 2065 1920 enim
2095 1869 2232 1920 hanc
2265 1867 2333 1920 ob
2369 1856 2407 1908 Β

780 1979 994 2017 causam
1038 1978 1222 2014 eorum
1259 1977 1377 2028 qua:
1417 1961 1728 2013 acciderunt
1777 1962 2028 2028 tragtedia
2073 1961 2223 2028 quasi
2276 1961 2328 2014 in

779 2070 939 2108 scena
973 2063 1088 2106 aeta
1120 2062 1220 2117 est,
1261 2061 1317 2105 ut
1357 2052 1547 2104 vestris
1588 2051 1942 2112 orationibus,
1970 2051 2155 2103 nescio
2195 2067 2330 2119 quo-

781 2146 938 2198 modo
969 2144 1232 2197 creditum
1273 2142 1425 2195 nobis
1469 2157 1678 2211 gregem
1715 2142 1931 2209 pulchre
1970 2142 2213 2194 videntes
2248 2142 2330 2211 agi

779 2246 832 2290 et
875 2234 1160 2304 gubernari
1196 2233 1514 2285 ollicientem
1568 2231 1720 2284 nobis
1763 2231 2090 2285 difﬁcultatis
2130 2233 2326 2286 nubem

780 2324 1146 2385 discutiamus,
1181 2332 1233 2374 et
1261 2322 1466 2374 inertia:
1500 2321 1780 2390 caliginem
1811 2320 2146 2390 eﬂugiamus.
2172 2323 2330 2377 Novit

778 2415 945 2477 enim,
979 2415 1127 2467 novit
1160 2413 1504 2482 gubernatori
1538 2413 1772 2466 secundo
1809 2424 1970 2467 vento
2010 2416 2161 2469 navis
2204 2432 2327 2469 cur-

783 2521 928 2569 rens,
967 2520 1030 2558 ac
1069 2504 1279 2574 egregie
1299 2503 1677 2574 gubernaculis
1697 2516 1840 2557 recta
1863 2505 2096 2558 lmtitiam
2117 2505 2326 2570 alierre,

781 2607 835 2650 et
873 2596 1119 2649 Ecclesia:
1148 2607 1319 2650 cretus
1346 2597 1561 2665 pietate,
1589 2597 1984 2666 virtutibusque
2027 2599 2329 2652 exuberans

782 2688 1091 2757 praefectum
1113 2698 1164 2741 et
1187 2699 1452 2756 pastorem
1477 2689 1686 2743 allicere
1707 2690 1998 2758 voluptate,
2025 2699 2078 2744 et
2097 2689 2327 2755 eﬂicere,

783 2793 842 2836 ut
896 2783 1115 2836 incerta:
1173 2783 1388 2846 mentis,
1451 2783 1750 2852 inopiazque
1817 2785 2026 2839 consilii
2078 2785 2330 2840 nebulam

783 2873 1077 2941 abstergat.

853 3125 1030 3195 Nuper
1081 3126 1258 3194 itaque
1303 3142 1421 3179 cum
1475 3129 1537 3190 is,
1595 3130 1677 3183 cui
1728 3141 1852 3184 ante
1893 3147 1988 3186 nos
2034 3136 2330 3191 sacerdotio

783 3214 929 3284 fungi
979 3215 1259 3280 obtigerat,
1306 3231 1370 3267 eo
1420 3218 1621 3270 honore
1657 3220 1880 3274 abiisset
1918 3240 1928 3271 :
1968 3227 2150 3278 nescio
2194 3244 2329 3296 quo-
2360 3201 2400 3256 Ο

785 3305 947 3356 modo
979 3305 1188 3372 impulsi
1237 3322 1424 3374 magna
1481 3324 1565 3361 me
1611 3310 1657 3362 vi
1690 3312 2085 3379 aggrediuntur,
2136 3328 2187 3369 et
2243 3319 2334 3386 qui

783 3395 1143 3447 censebantur
1177 3395 1227 3446 in
1262 3396 1424 3458 clero,
1456 3409 1508 3451 et
1546 3405 1921 3471 episcoporum
1966 3409 2336 3476 metropolita-

784 3501 973 3536 normn
1014 3496 1331 3550 conventus,
1386 3499 1439 3541 et
1467 3500 1590 3542 ante
1624 3492 1739 3554 hos,
1778 3510 2006 3564 eumque
2039 3498 2102 3550 iis
2133 3499 2335 3566 pietate

783 3585 1041 3644 praestans
1081 3575 1457 3646 Christumque
1479 3580 1704 3650 diligens
1731 3583 2036 3652 imperator,
2064 3589 2116 3640 in
2146 3605 2334 3643 omnes

781 3665 995 3732 quidem
1031 3666 1293 3735 benignus
1325 3677 1377 3720 et
1400 3685 1584 3736 mquus
1608 3682 1661 3725 et
1695 3672 1972 3728 humanus
1995 3678 2140 3745 (quid
2168 3681 2334 3732 enim?

783 3770 968 3807 verum
1006 3756 1290 3810 dicendum
1316 3775 1421 3812 non
1452 3762 1604 3832 est?)
1649 3779 1750 3818 nec
1794 3781 2116 3836 quemquam
2146 3786 2330 3825 eorum

781 3848 868 3914 qui
895 3858 1018 3900 ante
1057 3850 1228 3916 ipsum
1253 3850 1586 3921 imperarunt
1613 3858 1860 3924 aequitate
1879 3875 2058 3927 parem
2093 3862 2329 3929 habens;

781 3935 912 3987 mihi
934 3951 1059 3988 vero
1086 3947 1194 3990 tum
1212 3939 1536 3995 inhumanus
1557 3944 1768 4010 quidem
1794 3948 1939 4001 visus
1963 3963 2024 4002 ac
2046 3950 2328 4016 violentus,

781 4026 1176 4098 admodumque
1207 4029 1593 4087 formidandus.
1627 4036 1674 4088 ls
1717 4038 1859 4090 enim
1892 4056 1997 4092 una
2028 4057 2150 4094 cum
2182 4058 2330 4096 com-

781 4132 1076 4172 memorato
1119 4123 1454 4175 sacerdotum
1497 4134 1636 4177 coetu
1678 4127 1808 4179 nihil
1850 4130 2154 4185 remittebat
2182 4133 2248 4186 de
2279 4133 2329 4186 vi

782 4219 834 4259 et
863 4208 1211 4276 impressione
1248 4212 1378 4264 mihi
1413 4213 1691 4280 facienda,
1733 4219 1824 4270 sed
1859 4221 2205 4286 quamobrem
2243 4239 2328 4276 me

779 4298 1099 4352 dimissurus
1126 4318 1226 4357 non
1261 4312 1421 4367 esset,
1451 4306 1793 4360 excusatione
1825 4311 2071 4363 utebatur
2099 4328 2328 4367 consen-

782 4389 963 4441 tientis
1033 4393 1367 4445 sacerdotum
1437 4395 1726 4449 voluntatis
1781 4409 1834 4451 et
1883 4403 2082 4468 studii;
2165 4420 2328 4474 seque

778 4480 939 4532 etiam
963 4482 1007 4533 si
1045 4484 1222 4545 vellet,
1259 4500 1364 4537 non
1393 4501 1548 4554 posse
1593 4489 1917 4556 postulatum
1951 4509 2127 4546 meum
2172 4497 2327 4563 perli-

779 4586 920 4624 cere.
986 4574 1065 4626 Ad
1124 4577 1430 4630 sacerdotes
1492 4587 1668 4631 autem
1730 4596 1792 4634 ac
1835 4593 2086 4638 caeterum
2122 4587 2321 4640 clerum

780 4666 1023 4731 (magnus
1070 4667 1211 4717 enim
1255 4683 1511 4723 numerus
1555 4676 1898 4742 convenerat)
1955 4691 2021 4728 ne
2068 4677 2318 4731 obsecra-

780 4754 941 4807 tionis
985 4756 1201 4822 quidem
1246 4773 1376 4812 τηρεε
1426 4763 1586 4814 verba
1633 4764 1774 4818 clare
1818 4767 2205 4833 perveniebant
2238 4787 2250 4822 :
2281 4773 2322 4824 si

777 4847 972 4912 quibus
1013 4864 1140 4902 vero
1175 4866 1236 4903 ea
1284 4852 1620 4917 incidebant,
1654 4872 1761 4910 non
1808 4859 2172 4927 recipiebant;
2205 4880 2324 4917 cum

781 4937 879 4990 hoc
934 4955 1095 4992 unum
1140 4951 1194 4994 et
1238 4944 1474 4996 meditati
1507 4957 1706 5011 essent,
1745 4957 1798 5000 et
1845 4949 2022 5004 dicere
2063 4953 2323 5008 instituis-

778 5039 915 5088 sent.
944 5046 1027 5083 me
1056 5034 1272 5085 omnino
1299 5036 1377 5089 vel
1409 5037 1677 5091 nolentem
1705 5040 1803 5092 hoc
1832 5041 2160 5109 praefectum
2188 5062 2324 5100 onus

777 5121 1048 5188 suscipere
1081 5133 1344 5191 oportere.

776 5225 936 5276 κρυα,
974 5212 1122 5280 καὶή
1175 5215 1268 5280 τῆς
1315 5217 1544 5284 ἀπορίας
1576 5218 1739 5286 ἀχλὺς
1769 5221 1835 5272 τά
1886 5222 2092 5276 ἔνδοθεν
2149 5229 2319 5281 πάντα
2359 5233 2689 5301 πληρώσασα
2719 5237 2813 5303 τῆς
2849 5238 3191 5306 συγχύσεως,
3253 5245 3346 5295 καὶ

2441 604 2640 674 πολλὴν
2668 606 2997 672 πανταχόθεν
3026 606 3124 672 τὴν
3149 607 3342 674 πεῖραν
3367 605 3461 673 τῆς
3494 605 3572 667 είς
3601 605 3759 656 αὐτὸν
3783 605 4009 672 ἀγάπης

2440 697 2701 759 δεδωκὼς,
2729 696 2915 762 ὥσπερ
2942 697 3061 748 τινὰ
3110 696 3375 764 κορωνίδα
3429 696 3537 747 τῶν
3571 696 3803 764 πρόσθεν
3851 696 4008 762 αὐτῴ

2441 785 2618 844 καλῶς
2666 784 3067 853 πεπραγμένων
3103 801 3162 837 τε
3192 787 3286 837 καὶ
3314 785 3702 853 διηνυσμὲνων,
3752 784 3850 853 τὴν
3882 802 4008 837 ποι-

2444 876 2707 944 μαντικὴν
2754 881 2888 944 πρὸς
2937 874 3031 926 τοῦ
3070 875 3389 927 διδασκάλου
3428 874 3640 942 ὴξιοῦτο
3664 874 4008 943 λειτουργίαν

2441 966 2815 1028 ἀναδέξασθαι.
2858 965 3015 1018 Ἀλλὰ
3042 964 3147 1034 μὴν
3161 965 3256 1018 καὶ
3274 964 3456 1017 δοῦλον
3477 961 3593 1017 οἶδα
3609 965 4009 1018 καταπιστευό-

2448 1072 2602 1123 μενον
2631 1054 2888 1108 τάλαντον
2911 1095 2926 1120 ,
2981 1056 3074 1107 καὶ
3105 1055 3174 1107 δι’
3217 1055 3503 1109 εὐλάϐειαν
3537 1056 3634 1125 τῆς
3665 1056 4006 1122 Δεσποτικῆς

2439 1148 2734 1217 αὐστηρίας
2766 1147 3232 1214 κατακρύπτοντα,
3261 1149 3346 1199 ἴνα
3372 1147 3611 1216 μήποθεν
3636 1146 3780 1214 αὐτῷ
3806 1146 3865 1197 τὸ
3895 1148 4002 1213 ἑμο

2441 1239 2722 1291 πιστευθὲν
2752 1239 3004 1290 διαπεσὸν
3029 1241 3372 1308 ἀνάρπαστον
3402 1241 3657 1306 γένηται,
3689 1240 3781 1290 καὶ
3809 1240 3890 1290 ὅτι
3919 1238 4000 1308 μὴ

2436 1330 2495 1381 τὸ
2527 1331 2784 1383 τάλαντον
2819 1329 2895 1396 τῷ
2939 1330 3188 1382 δεδωκότι
3245 1331 3664 1401 πλειστηριάσας
3717 1329 4004 1382 ἀπέδωκεν

2442 1419 2669 1479 εὐθύνας
2696 1421 3173 1489 εἰσπραττόμενον,
3229 1420 3323 1472 καὶ
3357 1420 3466 1490 πῦρ
3515 1420 3603 1472 καὶ¹
3647 1421 3870 1485 γέενναν
3897 1422 4000 1486 τῆν

2442 1510 2733 1579 καταδίκην
2765 1509 3146 1579 ὑφιστάμενον.

2523 1602 2678 1654 Ἀλλὰ
2705 1603 2755 1653 τί
2780 1601 2945 1653 ταῦτά
2971 1618 3057 1671 μοι
3078 1601 3364 1672 γράφεται,
3387 1603 3480 1655 καὶ
3503 1602 3564 1653 τὸ
3590 1604 3809 1672 ἄλγημα
3835 1605 4001 1667 αὔξε-

2433 1712 2540 1758 ται,
2576 1696 2668 1747 καὶ
2697 1695 2756 1746 τὸ
2778 1694 3016 1765 λυπηρδν
3054 1696 3397 1757 ἐπιτείνεται,
3429 1696 3520 1747 καὶ
3541 1695 3850 1764 τὸδιοχλοῦν
3897 1699 3998 1748 άν-

2441 1787 2706 1855 ιχνεύεται
2729 1803 2741 1850 ;
2776 1788 2960 1855 μνήμη
2988 1787 3094 1854 γὰρ
3121 1786 3230 1837 τῶν
3259 1786 3495 1854 ἀνιαρῶν
3521 1785 3770 1855 ὀξύτερον
3797 1786 3859 1838 τὸ
3887 1787 3999 1836 πά-

2438 1878 2525 1940 θος
2555 1875 2940 1946 ἀπεργάζεται,
2964 1878 3055 1928 καὶ
3084 1876 3429 1944 κουφίζεσθαι
3462 1877 3561 1944 τὴν
3594 1876 3862 1947 ῥαθυμίαν
3893 1877 4000 1928 οὐκ

2439 1968 2726 2020 ἐνδίδωσιν.
2773 1967 2930 2020 ’Λλλά
2950 1968 3054 2036 γὰρ
3083 1967 3282 2032 ταύτης
3322 1968 3483 2019 ἓνεκα
3528 1967 3628 2036 τῆς
3660 1969 3838 2029 αἰτίας
3884 1969 4000 2019 τῶν

2439 2057 2853 2127 συμϐεϐηκότων
2896 2060 2928 2125 ἡ
2982 2058 3255 2125 τραγῳδία
3292 2058 3780 2126 διεσκηνοποίηται,
3822 2059 3898 2118 ὼς
3926 2060 3998 2110 ἂν

2436 2151 2553 2208 ταῖς
2587 2149 2872 2216 ὑμετέραις
2899 2149 3084 2216 εὐχαῖς
3115 2147 3196 2210 τὸ,
3218 2149 3315 2199 οὐκ
3341 2143 3435 2199 οἷδ’
3475 2148 3620 2210 ὅπως
3659 2149 3850 2210 εἰπεῖν,
3886 2150 3996 2216 ἐμ-

2438 2240 2719 2291 πιστευοὲν
2753 2242 2881 2309 ἡμῖν
2916 2239 3163 2308 ποίμνιον
3194 2238 3371 2303 καλῶς
3398 2239 3629 2308 ὁρῶντες
3650 2239 3996 2308 ποδηγούμε-

2437 2333 2522 2384 νόν
2554 2349 2611 2384 τε
2643 2333 2736 2385 καὶ
2764 2331 3192 2402 κυϐερνώμενον,
3228 2332 3288 2384 τὸ
3307 2331 3670 2401 ἐπιπροσθοῦν
3713 2334 3843 2401 ἡμῖν
3892 2331 3996 2400 τῆς

2439 2424 2740 2491 ἀμηχανίας
2786 2424 2943 2492 νέφος
3000 2422 3534 2492 άποσκευασὼμεθα,
3574 2423 3669 2475 καὶ
3697 2425 3796 2493 τὴν
3821 2424 3996 2490 ἀχλὺν

2435 2513 2533 2580 τῆς
2567 2514 2830 2583 ῥᾳθυμίας
2859 2516 3285 2583 ὐπεκφύγοιμεν.
3319 2511 3440 2567 Οἵδε
3460 2516 3588 2583 γὰρ,
3629 2511 3735 2567 οἶδε
3765 2517 3858 2567 καὶ
3889 2533 3996 2567 κυ-

2437 2603 2670 2674 ϐερνήτῃ
2701 2605 2877 2667 καλῶς
2904 2608 2963 2657 τὸ
2997 2606 3200 2674 σκάφος
3228 2605 3615 2676 οὐριοδρομοῦν
3657 2621 3715 2657 τε
3749 2606 3842 2658 καὶ
3883 2625 3996 2675 πη·

2435 2694 2712 2762 δαλιουχού
2723 2711 2878 2762 μενον
2909 2695 3170 2764 εὐθυμίας
3197 2696 3555 2749 καθίστασθαι
3584 2698 3860 2765 πρόξενον,
3894 2698 3994 2749 καὶ

2435 2786 2494 2839 τὸ
2525 2787 2622 2856 τῆς
2668 2786 2986 2856 Ἑκκλησίας
3033 2787 3305 2858 πλήρωμα
3347 2788 3593 2857 εὐσεϐείᾳ
3632 2790 3727 2842 καὶ
3767 2789 3994 2857 ἀρεταῖς

2435 2878 2822 2948 εὐθηνούμενον
2850 2881 2938 2933 τὸν
2963 2880 3296 2950 ἐφεστηκότα
3332 2881 3425 2934 καὶ
3465 2883 3718 2951 κριθέντα
3763 2882 3993 2949 ποιμαί-

2435 2986 2564 3035 νειν,
2595 2970 2901 3040 εὐφραίνειν
2933 2987 3010 3034 τε,
3041 2972 3132 3023 καὶ
3157 2972 3218 3023 τὸ
3241 2973 3337 3041 τῆς
3367 2973 3672 3042 ἀμηχανίας
3693 2973 3996 3043 ὁμιχλῶδες

2436 3061 2869 3126 παρασκευάζειν
2898 3060 3318 3130 ἀποτρίψασθαι.

2472 3151 2626 3218 Ἀρτι
2650 3150 2934 3218 τοιγαροῦν
2957 3149 3047 3200 τοῦ
3084 3150 3187 3218 πρὸ
3217 3151 3371 3219 ήμῶν
3396 3152 3688 3222 ἱερατεύειν
3713 3151 3993 3222 λαχόντος,

2433 3239 2529 3305 τῆς
2561 3239 2813 3307 τοιαύτης
2847 3239 3225 3302 ὑπεξελθόντος
3249 3240 3426 3306 ἀξίας.
3456 3242 3556 3294 οὐκ
3596 3239 3691 3295 οἷδ’
3716 3245 3864 3305 ὅπως
3897 3246 3997 3310 ὁρ-

2435 3329 2695 3398 μηθέντες
2725 3330 3051 3382 ἐπιτίθενται
3097 3348 3185 3399 μοι
3231 3334 3526 3401 κραταιῶς,
3561 3335 3674 3386 ὅσοι
3717 3353 3773 3386 τε
3803 3335 3997 3406 κλήρῳ

2434 3417 2838 3486 κατειλεγμένοι
2864 3419 3174 3489 ἐτύγχανον,
3205 3422 3297 3473 καὶ
3328 3421 3436 3474 τῶν
3475 3424 3786 3477 ἐπισκόπων
3807 3443 3867 3477 τε
3896 3431 3998 3481 καὶ

2437 3507 2840 3574 μητροπολιτῶν
2865 3509 2923 3561 τὸ
2958 3509 3247 3578 ἄθροισμα,
3283 3510 3378 3560 καὶ
3408 3513 3514 3579 πρό
3543 3530 3606 3580 γε
3646 3515 3852 3567 τούτων
3893 3518 3997 3568 καὶ

2436 3594 2531 3646 σὺν
2574 3595 2753 3658 αὐτοῖς
2796 3599 2823 3649 ὁ
2852 3597 3172 3667 φιλευσεϐὴς
3218 3602 3308 3651 καί⁵
3347 3602 3686 3669 φιλόχριστος
3733 3603 3998 3672 βασιλεὺς

2433 3690 2563 3740 πᾶσι
2591 3689 2684 3755 μὲν
2711 3689 2935 3757 χρηστὸς
2969 3690 3041 3741 ὢν
3064 3693 3152 3742 καὶ
3176 3695 3439 3763 ἐπιεικὴς,
3464 3697 3558 3747 καὶ
3586 3696 3993 3767 φιλάνθρωπος,

2433 3782 2601 3846 καὶ(τί
2632 3782 2737 3849 γὰρ
2769 3783 2826 3831 οὐ
2864 3783 2968 3852 χρὴ
2997 3785 3170 3851 λέγειν
3202 3787 3428 3854 τάληθές
3448 3789 3487 3853 ;)
3519 3790 3626 3841 οὐδ’
3652 3791 3786 3857 ἔχων
3809 3792 3992 3845 ἄλλων

2432 3870 2538 3922 τῶν
2571 3873 2672 3941 πρὸ
2695 3872 2857 3924 αὐτοῦ
2884 3874 3340 3942 βεϐασιλευκότων
3385 3884 3449 3950 τῇ
3472 3883 3740 3952 ἐπιεικείᾳ
3771 3885 3951 3949 ὲξισού
3969 3915 3990 3926 ο

2435 3977 2612 4028 μενον,
2648 3963 2768 4030 ἐμοὶ
2793 3963 2835 4014 δ’
2865 3965 3274 4032 ἀφιλάνθρωπός
3301 3986 3381 4031 τις
3409 3971 3583 4023 ἐδόκει
3621 3975 3761 4036 τότε,
3810 3975 3990 4042 βίαιός

2429 4069 2507 4109 τε,
2540 4053 2632 4103 καὶ
2660 4053 2775 4103 λίαν
2813 4055 3057 4124 φοϐερός.
3079 4059 3207 4109 Οὐδὲ
3238 4061 3366 4129 γὰρ,
3389 4062 3507 4112 οὐδὲ
3538 4065 3730 4131 μικρὸν
3754 4060 3822 4135 ἦν
3847 4066 3990 4118 ἐνδι-

2429 4142 2549 4204 δοὺς
2594 4143 2690 4211 τῆς
2739 4144 2853 4211 ἅμα
2885 4147 3046 4198 παντὶ
3084 4147 3160 4217 τῷ
3200 4153 3578 4222 προειρημένῳ
3633 4153 3737 4205 τῶν
3791 4156 3988 4225 ίερέων

2431 4230 2751 4299 πληρώματι
2772 4235 3084 4298 ἐπιθέσεως.
3130 4239 3315 4291 Ἀλλ’ὁ
3341 4242 3438 4310 μὲν
3478 4244 3744 4312 πρόφασιν
3777 4246 3868 4298 τοῦ
3907 4247 3989 4318 μὴ

2432 4322 2683 4391 μεθήσειν
2705 4327 2935 4379 ἐποιεῖτο
2961 4329 3056 4398 τὴν
3109 4331 3388 4399 όμόῂφον
3421 4333 3527 4386 τῶν
3577 4336 3762 4405 ἱερέων
3804 4341 3987 4409 ὁρμὴν

2429 4416 2521 4466 καὶ
2547 4417 2798 4486 σπουδὴν,
2828 4421 2919 4470 καὶ
2949 4421 3022 4482 ὡς
3050 4422 3149 4474 οὐκ
3179 4424 3243 4474 ἂν
3269 4423 3482 4479 δύναιτο
3524 4430 3617 4479 καὶ
3661 4429 3989 4499 βουλόμενος

2430 4507 2703 4561 ἐκτελέσαι
2741 4511 2839 4579 τὴν
2875 4515 3107 4582 αἴτησιν.
3167 4514 3289 4577 Τοῖς
3341 4518 3384 4569 δ’
3419 4520 3540 4571 ἐπεὶ
3591 4523 3725 4574 πολὺ
3779 4523 3988 4592 πλῆθος

2432 4597 2756 4664 συνείλεκτο,
2783 4601 2887 4654 οὐδ’
2911 4605 2959 4654 οἱ
2986 4605 3085 4673 τῆς
3110 4608 3502 4676 παρακλήσεως
3527 4611 3680 4678 ήμῶν
3704 4612 3850 4680 λόγοι
3879 4631 3985 4666 κα-

2433 4685 2611 4754 θαρῶς
2647 4689 2825 4752 αὐτοῖς
2879 4693 3294 4762 προσεφέροντο.
3335 4693 3429 4757 Οἷς
3458 4698 3503 4747 δ’
3543 4700 3609 4750 ἂν
3664 4701 3756 4752 καὶ
3810 4719 3986 4771 προσ-

2425 4775 2670 4840 έπιπτον,
2702 4779 2762 4830 οὐ
2790 4783 3091 4849 προσίεντο.
3115 4786 3210 4836 Ἐν
3235 4786 3296 4855 δή
3321 4788 3473 4839 τοῦτο
3503 4790 3596 4841 καὶ
3625 4791 3982 4862 μελετήσασι,

2425 4868 2516 4918 καὶ
2541 4868 2716 4934 λέγειν
2746 4870 3127 4940 ἑξασκήσασιν,
3157 4875 3217 4926 τὸ
3249 4876 3355 4928 δεῖν
3385 4880 3481 4946 ἐμὲ
3527 4881 3740 4943 πάντως
3771 4890 3864 4936 καὶ
3903 4891 3981 4959 μὴ

2426 4958 2741 5030 βουλόμενον
2762 4965 2820 5016 τὸ
2853 4968 3071 5034 φορτίον
3099 4971 3196 5037 τῆς
3217 4971 3536 5034 ἐπιστασίας
3572 4977 3749 5029 αὐτῶν
3787 4982 3982 5034 ἀναδέ-

2425 5050 2630 5114 ξασθαι.
2676 5055 2824 5106 Ἐπεὶ
2853 5056 2908 5107 δέ
2937 5074 3024 5125 μοι
3052 5062 3381 5129 πανταχόθεν
3404 5065 3458 5116 αί
3497 5065 3604 5117 όδοὶ
3631 5069 3738 5118 τῶν
3772 5072 3829 5122 ἐν
3863 5076 3983 5134 τοῖς

2426 5143 2598 5207 λόγοις
2627 5147 3016 5216 παρακλήσεων
3040 5150 3460 5218 ἀπεφράττοντο,
3497 5159 3770 5226 προεπήδα
3795 5162 3860 5212 τά
3883 5163 3982 5213 δά-

3418 5249 3606 5316 μέχρις
3662 5252 3840 5304 αὐτῶν
3913 5273 3980 5322 γε

772 5301 880 5350 τῶν
914 5301 1172 5369 ὀμμάτων
1213 5308 1593 5374 προσαράξασά
1629 5313 1706 5371 εἰς
1746 5311 1954 5381 ῥεῖθρον
2000 5321 2436 5384 μετεσκευάζετο.

846 5391 1134 5461 Postquam
1168 5413 1294 5450 vero
1335 5414 1522 5454 omnes
1568 5403 1696 5456 mihi
1741 5406 1842 5460 viae
1889 5423 2108 5477 precum
2146 5412 2323 5465 verbis

2495 5417 2601 5468 Καὶ
2630 5418 2735 5488 γὰρ
2765 5420 2978 5487 ἐφάπαξ
3008 5424 3035 5473 ό
3062 5423 3316 5493 λογισμὸς
3344 5431 3438 5497 τῆς
3462 5431 3526 5483 ἐκ
3545 5431 3716 5500 λόγων
3742 5438 3981 5510 ἀπειρη-

776 5482 1138 5540 faciendarum
1169 5490 1457 5545 obstructae
1480 5506 1631 5559 sunt;
1671 5499 2019 5565 prosiliebant
2053 5501 2317 5572 lacryma:,

775 5586 835 5624 ac
861 5573 1248 5643 desperationis
1281 5580 1449 5650 caligo
1488 5599 1607 5636 cum
1651 5588 1830 5640 omnia
1893 5590 2146 5645 interiora
2189 5609 2319 5647 con-

777 5663 988 5719 fusione
1021 5667 1312 5736 implesset.
1333 5681 1386 5724 et
1418 5674 1469 5724 in
1494 5675 1608 5742 ipso
1628 5693 1791 5746 usque
1810 5682 1990 5736 oculos
2015 5684 2312 5753 irrupisset,

776 5754 828 5806 in
884 5755 1055 5810 rivum
1122 5761 1447 5815 mutabatur.
1506 5762 1636 5819 Nam
1699 5771 1949 5839 cogitatio
2009 5774 2311 5844 (desperata

2421 5505 2527 5568 κὼς
2557 5509 2822 5577 σωτηρίας
2848 5513 2925 5572 εἰς
2962 5514 3237 5582 ἱκετηρίαν
3264 5517 3361 5586 τὴν
3387 5521 3546 5586 φύσιν
3577 5526 3762 5596 αὐτὴν,
3791 5533 3887 5582 καὶ
3911 5537 3980 5587 τὰ

2418 5598 2622 5666 δάκρυα
2663 5602 3042 5668 προύϐάλλετο,
3074 5606 3324 5676 βοηθείας
3348 5612 3488 5674 τινὸς
3523 5616 3617 5666 καὶ
3651 5619 3982 5690 ἐπικουρίας

2417 5689 2480 5740 δι’
2512 5690 2687 5741 αὐτῶν
2717 5693 2937 5756 ἐλπίσας
2962 5701 3160 5766 τυχεῖν,
3187 5702 3234 5751 εὶ
3275 5705 3367 5754 καὶ
3405 5705 3692 5777 διεψεύσθη
3724 5713 3817 5764 τοῦ
3845 5716 3978 5783 βου-

2414 5781 2664 5851 λήματος.
2703 5786 2820 5838 Οὐδ’
2859 5788 2998 5841 οὓτω
3036 5791 3142 5859 γὰρ
3175 5795 3377 5862 ἀνῆκαν
3423 5801 3470 5850 οἱ
3505 5799 3833 5872 βιαζόμενοι,
3875 5811 3977 5876 μέ-
