4242 6438
254 415 367 479 58‘.)

1429 417 1965 480 EPISTOLARUM
2007 418 2235 479 LIBER
2270 416 2321 477 Ῑ.

3372 423 3474 483 590

255 549 386 602 χρις
412 531 478 585 ἂν
504 532 640 602 ὅπερ
668 532 791 601 ἐμοὶ
818 531 915 600 μὲν
950 529 1267 600 ἀϐούλητον,
1316 531 1545 593 ἐκείνοις
1598 532 1653 583 δὲ
1685 534 1822 601 ὅπερ
1850 543 1897 597 Α
1924 551 1930 586 ι

1799 543 1897 600 pA
1924 534 2091 586 semel
2134 532 2307 586 salute
2349 529 2527 585 verbis
2568 530 2967 601 consequenda)
3018 542 3263 587 naturam
3308 534 3474 602 ipsam

254 617 330 691 ἦν
357 622 522 691 εὐχῆς
553 623 711 693 ἔργον
741 622 1127 691 διεπέπρακω.
1183 622 1294 675 Καὶ
1334 621 1481 674 οὕτω
1535 622 1715 674 λοιπὸν
1743 624 1822 685 είς

1928 622 1991 674 ad
2016 620 2457 690 supplicationem
2486 629 2541 673 et
2562 621 2821 689 lacrymas
2840 622 3128 685 excitabat,
3151 624 3235 677 his
3254 640 3479 693 sperans

256 713 463 781 μέσους
491 718 617 777 τοὺς
641 714 921 785 θορύϐους,
952 710 1035 776 οἷς
1083 716 1112 766 ὁ
1142 714 1316 766 πάντα
1364 715 1517 774 είδὼς
1560 716 1823 785 κρίμασιν
1926 732 1931 763 4

1802 733 1823 769 ν
1926 713 2182 765 auxilium
2221 720 2277 764 et
2318 726 2472 779 Opem
2514 711 2753 764 nancisci
2789 728 2847 765 se
2886 728 3063 780 posse,
3103 716 3345 780 quamvis
3382 732 3477 769 vo-

255 804 573 870 ὲπίσταται,
620 806 959 877 διακαρτερῶ
1017 805 1429 875 καθιστάμενος,
1458 805 1615 871 ἀλλὰ,
1654 806 1823 876 Δρυὸς

258 894 366 962 μὲν
396 896 517 960 ἃλις
538 934 554 962 ,
586 899 838 968 εὔκαιρον
868 900 1042 950 εἰπεῖν
1070 897 1169 967 τὴν
1192 897 1508 966 παροιμίαν.

1927 804 2133 858 luntate
2176 819 2239 858 ac
2272 803 2546 872 pr0posito
2578 818 2678 857 suo
2725 802 3007 858 deciderit.
3044 804 3153 858 Nec
3202 807 3348 860 enim
3395 808 3476 862 sic

1928 895 2252 948 remiserunt
2298 908 2377 957 se,
2422 894 2512 963 qui
2567 895 2672 947 vim
2730 894 3240 965 faciebant;quoad
3290 909 3475 953 contra

256 986 593 1043 voluntatem
642 1004 816 1042 meam
844 1032 859 1055 ,
906 990 1117 1042 illorum
1174 1003 1304 1042 vero
1346 1004 1412 1042 ex
1441 988 1705 1042 sententia
1741 1001 1827 1041 res
1866 986 2104 1055 perfecta
2142 996 2246 1040 est.
2286 985 2375 1039 Sic
2406 987 2460 1039 in
2492 988 2682 1041 mediis
2711 988 2778 1041 de
2818 1000 3014 1041 caetero
3042 992 3379 1054 tumultibus,
3416 993 3480 1047 iis

250 1080 495 1163 indiciis,
522 1096 641 1149 qua:
665 1083 765 1135 scit
793 1080 884 1150 qui
911 1081 1061 1134 novit
1084 1081 1289 1143 omnia,
1312 1081 1604 1135 toleranter
1635 1081 1791 1150 dego,
1816 1079 1909 1133 sed
1927 1078 2059 1133 satis
2089 1094 2339 1148 quaerens
2391 1081 2762 1148 tempestivum
2790 1091 2874 1135 est
2898 1081 3078 1137 dicere
3112 1087 3474 1151 proverbium.

345 1170 497 1222 Ἐπεὶ
528 1171 584 1222 δὲ
640 1172 827 1223 πασῶν
859 1172 1053 1240 ἀρίστη
1102 1170 1351 1223 κοινωνία
1376 1172 1407 1240 ἡ
1437 1171 1690 1223 κοινωνία
1722 1171 1821 1238 τῆς

257 1258 492 1318 πίστεως
524 1258 619 1309 καὶ⁵
644 1258 739 1325 τῆς
764 1258 995 1325 ἀληθοῦς
1023 1258 1261 1326 ἀγάπης,
1283 1258 1436 1310 τοῦτο
1458 1258 1520 1327 δὴ
1548 1258 1607 1309 τὸ
1632 1255 1819 1308 αίτιώ-

254 1367 441 1412 τατον,
475 1350 549 1413 ὡς
577 1350 643 1402 ἂν
672 1351 760 1403 τὸν
783 1354 917 1420 πρὸς
940 1351 1036 1422 τὴν
1066 1351 1334 1421 ὑμετέραν
1372 1353 1621 1422 ὁσιότητα
1649 1351 1817 1403 καθα-

260 1441 355 1509 ρόν
379 1458 437 1493 τι
468 1441 559 1492 καὶ
582 1441 945 1494 ἀδιάσπαστον
970 1442 1165 1512 δεσμὸν
1204 1442 1583 1513 ὲργασώμεθα,
1621 1445 1818 1510 χρῆναι

257 1534 355 1585 καὶ
378 1533 443 1584 τὰ
461 1532 558 1599 τῆς
586 1533 738 1600 ἡμῶν
768 1534 861 1585 καὶ
915 1534 1067 1602 ὑμῶν
1120 1535 1353 1597 πίστεως
1390 1536 1464 1595 ὼς
1504 1537 1561 1585 ὲν
1596 1534 1815 1603 βραχέσι

258 1622 705 1692 στηλογραιρῆσαι
728 1623 1116 1693 διεγνώκαμεν,
1139 1624 1384 1677 ἐντεῦθεν
1411 1626 1507 1688 τάς
1539 1643 1597 1677 τε
1630 1625 1815 1694 ὑμετὲ·

260 1732 365 1782 ρας
398 1714 559 1783 εὐχὰς
586 1714 909 1783 θερμότερον
934 1714 1323 1783 ἐπισπώμενοι.
1365 1718 1457 1768 καὶ
1484 1717 1581 1785 τὴν
1614 1717 1814 1787 ἡμετέ-

255 1820 364 1875 ραν
388 1804 520 1873 πρὸς
549 1803 691 1873 ὑμᾶς
716 1804 951 1857 διάθεσιν
980 1806 1433 1869 ἀναπτύσσοντες.

1997 1170 2261 1236 Quoniam
2320 1186 2448 1223 vero
2496 1171 2739 1224 omnium
2788 1174 2987 1241 optima
3025 1183 3103 1228 est
3155 1175 3279 1229 fidei
3326 1194 3479 1231 com-

1927 1264 2133 1328 munio,
2162 1263 2497 1332 maximaque
2521 1263 2761 1316 omnium
2786 1280 2943 1321 causa
2972 1282 3110 1320 vera:
3134 1268 3438 1323 dilectionis
3461 1290 3473 1324 :

1927 1364 1986 1408 ut
2033 1355 2083 1407 id
2132 1370 2253 1407 eum
2293 1364 2468 1407 vestra
2522 1355 2805 1409 sanctitate
2840 1372 3031 1424 purum
3084 1367 3138 1412 et
3190 1358 3477 1415 insolubile

1923 1446 2196 1499 vinculum
2214 1444 2469 1499 faciamus
2491 1462 2504 1498 :
2523 1447 2832 1499 censuimus
2856 1458 3115 1512 nostram,
3135 1460 3477 1521 vestramque

1923 1538 2081 1592 {idem
2133 1539 2364 1593 breviter
2409 1549 2659 1608 tanquam
2713 1541 2763 1591 in
2820 1542 3065 1595 columna
3114 1544 3475 1597 scribendam.

1924 1628 2049 1683 Inde
2110 1631 2380 1685 orationes
2446 1642 2654 1685 vestras
2716 1633 3007 1695 fervidius,
3067 1638 3476 1705 promptiusque

1919 1719 2274 1784 attrahentes,
2293 1728 2647 1789 nostrumque
2664 1722 2715 1772 in
2732 1734 2826 1775 vos
2854 1722 3102 1775 allectum
3122 1725 3471 1792 explicantes.

331 1896 576 1948 Πιστεύω
596 1895 881 1965 τοιγαροῦν
911 1897 990 1957 είς
1020 1896 1113 1949 ἕνα
1162 1898 1313 1959 Θεὸν,
1349 1898 1571 1961 τέλειον,
1620 1898 1819 1953 τελειο-
1848 1890 1892 1944 Β
1988 1895 2006 1948 (

1796 1929 1819 1939 -
1848 1890 1892 1944 Β
1988 1894 2160 1949 Credo
2190 1897 2349 1965 igitur
2381 1896 2431 1949 in
2482 1913 2646 1950 unum
2686 1897 2848 1951 Deum
2870 1940 2883 1962 ,
2916 1901 3234 1967 perfectum,
3258 1910 3311 1954 et
3347 1918 3471 1971 per—

260 1986 415 2036 ποιδν
440 1985 678 2055 Πατέρα,
721 1986 869 2051 Υἰδν,
931 1986 1023 2038 καὶ
1053 1986 1273 2057 Πνεῦμα
1311 1990 1484 2055 ἆγιον,
1510 1992 1569 2041 οὐ
1594 1989 1819 2042 κατατέ-

263 2094 411 2145 μνων
440 2081 504 2148 τῇ
537 2079 642 2130 τῶν
674 2078 1018 2131 ὑποστάσεων
1048 2079 1348 2149 ἑτερότητι,
1374 2083 1465 2132 καὶ
1504 2082 1601 2150 τὴν
1658 2082 1816 2149 φύσιν

262 2169 639 2239 (ἐκτεμνέσθω
686 2168 793 2237 γὰρ
853 2172 884 2237 ἡ
950 2169 1156 2237 Ἀρείου
1191 2172 1513 2241 κατατομὴ)ν
1576 2173 1708 2226 ἀλλὰ
1749 2176 1813 2243 τῇ

258 2262 552 2328 ταυτότητι
592 2262 687 2329 τῆς
735 2261 947 2329 φύσεως
978 2265 1077 2333 τὴν
1109 2265 1217 2318 τῶν
1248 2265 1595 2318 ὑποστάσεων
1630 2267 1815 2336 διαφο-

259 2351 366 2419 ράν
398 2348 625 2412 δοξάζω.
662 2351 1089 2421 Συναναιρείσθω
1141 2354 1248 2425 γὰρ
1292 2356 1682 2424 παραπλησίως
1724 2360 1816 2410 καὶ

262 2444 298 2510 ὴ
326 2441 419 2493 τοῦ
448 2441 734 2493 Σαϐελλίου
767 2445 1091 2512 συναίρεσις.
1110 2445 1312 2515 Τριάδα
1340 2448 1639 2515 παναγίαν,
1678 2466 1813 2500 παν·-

260 2534 509 2603 τουργὸν,
568 2535 991 2605 παντοδὺναμον,
1080 2540 1412 2608 συνάναρχον
1489 2544 1588 2609 μὲν
1646 2542 1814 2608 αὑτὴν

260 2627 453 2695 ἑαυτῇ,
506 2626 580 2689 ὼς
636 2628 891 2696 χρονικῆς
941 2628 1156 2697 ἀπάσης
1196 2629 1368 2700 ἀρχῆς
1415 2631 1810 2703 ὑπεράναρχον,

260 2718 439 2786 ἀρχῆς
463 2718 520 2769 δὲ
552 2717 644 2769 καὶ
673 2716 842 2769 αἰτίου
873 2716 1028 2785 λόγον
1057 2720 1114 2771 ὲν
1149 2720 1281 2790 αὑτῇ
1332 2720 1426 2773 τοῦ
1448 2722 1658 2793 Πατρὸς
1680 2726 1813 2775 ἀναι-

262 2807 619 2877 πληροῦντος.
666 2807 824 2860 Οὕτω
873 2810 978 2879 γὰρ
1027 2810 1119 2862 καὶ
1169 2810 1268 2879 τῆς
1298 2813 1553 2881 χρονικῆς
1596 2814 1807 2876 ἐννοίας

260 2900 537 2967 ὁμοτίμως
568 2899 600 2966 ἡ
627 2899 793 2967 Τριάς
822 2898 1327 2969 ὑπεριδρυθήσεται,
1361 2903 1453 2954 καὶ
1492 2903 1591 2972 τῆς
1635 2904 1805 2973 αὐτῆς

258 2989 451 3051 οὐσίας
476 2988 551 3058 τῷ
594 2990 787 3057 Πατρὶ,
836 2990 898 3053 ἐξ
927 2985 1096 3060 οὗπερ
1149 2995 1177 3043 ό
1237 2992 1335 3061 μὲν
1364 2994 1677 3063 ἀρρεύστως
1722 2996 1814 3047 καὶ

259 3082 520 3151 ἀρρήτως
542 3082 886 3150 γεγέννηται,
908 3084 967 3134 τὸ
1010 3083 1069 3135 δὲ
1106 3084 1525 3155 ὲκπεπόρευται,
1574 3087 1813 3155 θεολογι·

261 3174 375 3232 κῶς
412 3172 923 3242 ὑμνολογηθήσεται.
981 3174 1184 3243 Τριάδα
1238 3177 1528 3243 παναγίαν,
1586 3178 1813 3248 ὑπερού-

264 3280 382 3316 σιον
431 3264 636 3327 οὐσίαν,
668 3264 729 3316 τὸ
757 3264 881 3333 μὲν,
916 3266 995 3318 ὅτι
1044 3266 1223 3334 πάσης
1264 3267 1455 3330 οὐσίας
1498 3268 1811 3339 θεοπρεπῶς

260 3355 732 3425 ὑπεραναόέὸηκε,
782 3356 842 3407 τὸ
876 3356 951 3420 δὲ,
986 3358 1067 3407 ὅτι
1102 3358 1235 3408 πᾶσι
1264 3360 1375 3418 τοῖς
1413 3352 1564 3410 οὖσιν
1591 3358 1813 3412 αὐτόθεν

260 3447 298 3515 ἡ
334 3445 533 3515 μετοχὴ
582 3445 675 3497 τοῦ
724 3440 886 3501 εἶναι.
940 3446 1319 3517 ’Υπεράγαθον
1374 3447 1707 3518 ἀγαθότητα,
1752 3448 1813 3501 τὸ

261 3538 387 3607 μὲν,
416 3539 497 3589 ὃτι
526 3538 676 3608 πηγὴ
705 3538 1057 3607 ἀγαθότητος,
1105 3539 1165 3589 τὸ
1199 3538 1276 3603 δὲ,
1324 3538 1405 3590 ὅτι
1442 3541 1554 3601 τοῖς
1592 3538 1813 3606 ἀγαθοῖς

260 3630 469 3682 ἐκεῖθεν
488 3632 548 3682 τὸ
578 3630 962 3696 ἀγαθὺνεσθαι,
994 3630 1147 3682 τοῦτο
1182 3632 1314 3699 ἡμῖν
1357 3630 1431 3691 ὡς
1470 3633 1525 3681 ἐν
1558 3628 1813 3700 βραχέσιν

260 3723 297 3791 ἡ
325 3720 423 3787 τῆς
450 3720 570 3773 καθ’
607 3720 750 3789 ἡμᾶς
780 3720 1057 3785 θεολογίας
1081 3717 1401 3787 ἀδιάϐλητος
1430 3717 1811 3786 μυσταγωγία.

335 3903 439 3955 Τὸν
462 3902 520 3955 δὲ
553 3902 681 3954 Υἱὸν
703 3903 795 3954 καὶ
826 3902 999 3969 Λόγον
1030 3900 1121 3953 τοῦ
1151 3900 1286 3953 Θεοῦ
1340 3900 1433 3951 καὶ
1476 3899 1687 3968 Πατρὸς
1728 3900 1813 3950 ἐπ’

264 3995 510 4063 ἐσχάτων
538 3994 642 4047 τῶν
669 3993 886 4063 ἡμερῶν
914 3994 975 4045 ἐκ
1002 3994 1099 4061 τῆς
1131 3992 1511 4061 Ἀειπαρθένου
1536 3991 1627 4042 καὶ
1649 3992 1812 4059 ὑπερ-

262 4086 475 4149 ενδόξου
520 4086 813 4153 Δεσποίνης
850 4085 1005 4153 ἡμῶν
1051 4084 1316 4135 Θεοτόκου
1364 4083 1643 4151 προελθεῖν
1676 4082 1814 4151 μετὰ

265 4179 465 4247 σαρκὸς
516 4176 911 4246 ὲμψυχωμένης
969 4176 1113 4245 ψυχῇ
1165 4176 1323 4245 νοερᾷ
1348 4192 1406 4225 τε
1462 4176 1554 4227 καὶ
1600 4174 1811 4243 λογικῇ,

262 4272 509 4321 τουτέστι
528 4268 727 4320 τέλειον
746 4267 1027 4336 ἄνθρωπον
1052 4267 1416 4335 ἀνειληφέναι,
1446 4266 1540 4317 καὶ
1561 4265 1807 4335 ἀληθείᾳ,

263 4362 401 4415 ἀλλὰ
455 4362 529 4430 μὴ
580 4360 721 4412 κατά
776 4361 1100 4429 φαντασίαν,
1138 4360 1196 4411 οὑ
1253 4359 1637 4427 προσωπικῶς,
1694 4358 1813 4410 οὑδέ

262 4470 386 4506 τινα
412 4452 519 4504 τῶν
547 4452 663 4503 καθ’
704 4452 905 4504 ἕκαστα
946 4451 1099 4521 ίδικῷ
1123 4450 1597 4520 καὶάφωρισμὲνῳ
1643 4466 1811 4517 χαρα-

1918 1984 2166 2040 fectionis
2198 1987 2517 2041 eilicientem
2552 1988 2782 2052 Patrem,
2815 2000 2869 2043 et
2900 1990 3182 2054 Filium,et
3212 1992 3467 2061 Spiritum

1917 2082 2197 2135 sanctum,
2248 2088 2355 2127 non
2416 2074 2661 2129 dividens
2714 2091 3065 2145 personarum
3126 2080 3470 2135 distinctione

1915 2164 2077 2216 etiam
2126 2173 2370 2217 naturam
2406 2166 2629 2233 (dividat
2657 2166 2800 2220 enim
2842 2168 2981 2221 Arrii
3015 2169 3231 2237 divisio)
3267 2172 3363 2224 sed
3411 2173 3466 2225 in

1916 2254 2199 2311 idcntitate
2239 2265 2443 2310 natura:
2492 2272 2846 2325 personarum
2895 2259 3252 2315 dill'erentiam
3284 2263 3463 2317 credo.

1916 2346 2156 2401 Tollatur
2181 2350 2325 2403 enim
2361 2349 2564 2418 pariter
2589 2359 2638 2403 et
2664 2349 2875 2405 Sabellii
2900 2354 3214 2409 contractio.
3232 2355 3470 2409 Trinita-

1917 2449 2024 2492 tem
2049 2441 2440 2495 sanctissimam
2464 2444 2705 2496 omnium
2728 2445 2995 2511 opiﬁcem,
3019 2449 3464 2517 omnipotentem;

1917 2533 2086 2601 ipsam
2118 2532 2337 2587 sibimet
2372 2533 2530 2587 simul
2555 2535 2903 2589 exsistentem
2938 2538 3054 2591 sine
3086 2539 3374 2610 principio,
3410 2551 3469 2596 ut

1914 2638 2077 2676 omne
2104 2624 2397 2693 temporale
2434 2624 2757 2694 principium
2800 2629 3175 2692 excedentem,
3214 2641 3269 2683 et
3310 2631 3468 2685 initio

1914 2723 2210 2779 carentem,
2225 2716 2472 2785 principii
2488 2726 2665 2772 autem
2682 2728 2737 2773 et
2756 2734 2932 2774 causa:
2949 2721 3213 2776 rationem
3231 2722 3284 2776 in
3308 2721 3468 2779 l'atre

1915 2804 2209 2874 implente:
2237 2807 2313 2860 sic
2341 2808 2485 2862 enim
2516 2818 2570 2863 et
2602 2824 2765 2879 super
2796 2814 3144 2881 temporalem
3183 2816 3465 2884 cogitatio-

1915 2911 2038 2948 nem
2077 2896 2189 2965 pari
2238 2898 2441 2953 bonore
2479 2900 2717 2955 Trinitas
2762 2904 3067 2970 stabiliter;
3115 2916 3169 2960 et
3224 2908 3465 2976 ejusdem

1915 2988 2227 3042 substantiae
2272 3004 2393 3042 cum
2445 2990 2622 3056 Patre,
2676 3010 2739 3047 ex
2789 3011 2897 3063 quo
2943 2996 3030 3050 hic
3070 2997 3291 3065 quidem
3346 2998 3467 3052 sine

1913 3077 2147 3133 ﬂuxione
2166 3090 2221 3135 et
2239 3082 2584 3137 inellabiliter
2601 3087 2817 3155 genitus
2843 3097 2941 3145 est.
2970 3088 3057 3142 hic
3078 3103 3204 3143 vero
3226 3090 3470 3158 procedit

1915 3172 2234 3241 theologice,
2256 3173 2467 3243 hymnis
2494 3177 3206 3234 celebrabitur.Trinitatem
3236 3183 3467 3237 sanctis-

1914 3264 2127 3324 simam,
2171 3269 2741 3335 superstibstantialem
2784 3273 3161 3339 substantiam,
3206 3274 3309 3329 hoc
3346 3275 3468 3346 qui-

1913 3354 2056 3420 dem,
2083 3357 2223 3425 quod
2247 3374 2460 3413 omnem
2490 3361 2847 3415 substantiam
2881 3361 2988 3416 Deo
3019 3364 3246 3419 decente
3274 3381 3466 3435 snper-

1919 3446 2179 3514 greditur;
2215 3447 2317 3502 hoc
2348 3463 2475 3501 vero
2497 3451 2639 3517 quod
2672 3451 2795 3504 inde
2829 3453 3079 3507 omnibus
3102 3456 3321 3509 entibus
3344 3473 3466 3524 par-

1915 3536 2154 3602 ticipatio
2185 3545 2268 3590 est
2300 3538 2508 3591 essendi
2540 3553 2703 3607 super
2736 3555 2895 3594 omne
2929 3543 3125 3595 bonum
3151 3544 3465 3607 bonitatem,

1916 3626 2019 3679 hoc
2068 3628 2282 3694 quidem
2333 3630 2476 3696 quod
2526 3628 2647 3683 fons
2692 3630 2964 3693 bonitatis,
3004 3634 3107 3688 hoc
3152 3650 3279 3688 vero
3323 3638 3467 3704 quod

1913 3715 2069 3769 bonis
2098 3717 2243 3770 illinc
2270 3726 2370 3780 est,
2405 3720 2545 3786 quod
2576 3720 2715 3773 bona
2752 3731 2907 3782 sunt,
2944 3722 3047 3776 hoc
3079 3724 3235 3777 nobis
3273 3734 3356 3777 est
3384 3728 3467 3792 (ut

1914 3808 1966 3860 in
2000 3808 2271 3878 brevibus)
2290 3812 2571 3879 theologia!
2589 3822 2787 3866 nostra
2804 3813 3140 3882 inculpabilis
3160 3816 3463 3884 disciplina.

1986 3898 2174 3952 Filium
2212 3916 2340 3954 vero
2374 3911 2428 3955 et
2478 3903 2709 3957 Verbum
2744 3904 2835 3957 Dei
2869 3915 2921 3958 et
2954 3903 3127 3960 Patris
3159 3906 3211 3959 in
3262 3908 3465 3961 ultimis

1913 3989 2101 4043 diebus
2132 4006 2198 4044 ex
2233 4007 2447 4062 semper
2473 3993 2691 4063 Virgine
2716 4004 2770 4049 et
2797 3998 3193 4068 supergloriosa
3238 4000 3463 4055 Domina

1913 4090 2097 4134 nostra
2160 4082 2385 4151 Deipara
2444 4086 2770 4153 processisse
2830 4103 2953 4141 eum
3005 4104 3167 4144 carne
3227 4092 3463 4146 animata

1913 4172 2089 4226 anima
2121 4173 2435 4244 intelligenti
2459 4186 2513 4230 et
2536 4178 2804 4243 rationali,
2837 4179 2888 4232 id
2917 4189 3018 4243 est,
3051 4181 3345 4249 perfectum
3368 4184 3465 4237 ho-

1914 4264 2111 4317 minem
2150 4267 2507 4334 assumpsisse
2552 4269 2797 4331 veritate,
2843 4286 2949 4323 non
2984 4271 3306 4339 phantasia:
3353 4290 3462 4328 non

1914 4354 2287 4420 personaliter,
2319 4370 2496 4424 neque
2526 4357 2755 4426 aliquem
2790 4359 2843 4411 in
2875 4361 3099 4430 singulis
3143 4365 3361 4432 proprio
3398 4380 3464 4419 ac

1913 4445 2267 4499 determinato
2311 4447 2620 4502 charactere
2662 4449 3077 4505 circumiinitum
3106 4493 3118 4517 ,
3154 4455 3243 4506 sed
3290 4464 3462 4509 totum

267 4545 427 4611 κτῆρι
464 4541 925 4611 περιοριζόμενον,
958 4540 1069 4594 ἀλλ’
1095 4542 1212 4592 ὅλον
1264 4541 1352 4592 τὸν
1406 4540 1711 4608 ἄνθρωπον,
1751 4538 1809 4590 ὃν
1836 4543 1887 4601 D
1916 4536 1942 4589 Ι]

1785 4556 1809 4589 ν
1836 4543 1887 4601 1)
1916 4536 2210 4601 hominem,
2240 4554 2398 4607 quem
2430 4539 2485 4593 in
2518 4555 2611 4593 sua
2650 4541 2917 4609 hypostasi
2963 4542 3297 4597 individuum
3331 4547 3460 4599 sub-

264 4637 358 4687 καὶ
403 4634 461 4685 ὲν
514 4636 577 4701 τῇ
614 4631 774 4684 αὑτοῦ
830 4630 1183 4698 ἀτομώσαντά
1232 4647 1289 4681 τε
1350 4630 1661 4691 ὑποστάσει,
1720 4628 1812 4679 καὶ

264 4726 640 4793 ὑποστήσαντα
689 4722 859 4775 σῶσαι
920 4723 981 4774 τὸ
1029 4721 1362 4788 ἀνθρώπινον
1429 4722 1604 4787 γένος,
1652 4737 1814 4772 σεσωα

264 4817 537 4884 σμέναςτε
559 4813 649 4864 ἐπὶ
665 4812 757 4865 τοῦ
780 4813 938 4865 αὑτοῦ
968 4814 1060 4865 καὶ
1096 4813 1210 4875 ἐνὸς
1240 4812 1470 4882 Χριστοῦ
1497 4812 1594 4872 τὰς
1624 4812 1809 4879 φύσεις

263 4906 533 4974 θεότητος,
589 4906 684 4956 καὶ
755 4904 1191 4973 ἀνθρωπότητος,
1250 4904 1531 4974 ἡνωμένας
1592 4904 1689 4972 μὲν
1745 4906 1808 4971 τῇ

263 4998 386 5049 καθ’
413 4996 704 5048 ὑπόστασιν
728 4994 937 5057 ἑνώσει,
967 4996 1085 5047 ἀλλ’
1105 4996 1164 5046 οὑ
1212 4996 1559 5063 πεφυρμένας
1590 4996 1655 5063 τῇ
1694 4992 1810 5045 κατ’

262 5090 451 5142 οὐσίαν
494 5087 793 5141 ἀλλοιώσει.
848 5088 992 5139 Μίαν
1043 5087 1140 5154 μὲν
1196 5086 1491 5137 ὑπόστασιν
1552 5084 1807 5153 Χριστοῦ,

264 5180 358 5231 δύο
386 5179 441 5231 δὲ
470 5180 678 5246 φύσεις,
720 5180 812 5227 καὶ
849 5176 1083 5244 ἑκατέρᾳ.
1110 5176 1289 5227 αὐτῶν
1310 5176 1369 5226 τὸ
1402 5175 1529 5225 ἴδιον
1558 5174 1812 5241 ἀπονέμω

266 5272 497 5339 θέλημα.
524 5271 630 5322 Δύο
654 5270 761 5339 γὰρ
798 5269 1078 5336 θελήματα
1122 5268 1213 5318 ἐπὶ
1254 5264 1493 5335 Χριστοῦ
1543 5266 1810 5334 ἀμείωτα,

266 5363 348 5415 ὅτι
408 5363 500 5413 καὶ
551 5361 643 5413 δύο
696 5362 985 5427 ἐνέργειαι.
1060 5358 1160 5409 Τὸν
1220 5358 1376 5408 αὑτὸν
1428 5356 1668 5424 παθητὸν
1720 5356 1813 5407 καὶ

263 5453 470 5521 ἀπαθῆ,
518 5452 752 5521 φθαρτὸν
820 5452 913 5503 καὶ
958 5449 1249 5519 ἄφθαρτον,
1318 5448 1557 5518 γραπτόν
1610 5464 1667 5498 τε
1721 5448 1813 5497 καὶ

263 5543 564 5613 ἄγραπτον.
592 5542 659 5593 τά
686 5542 782 5611 μὲν
829 5540 1193 5608 οἰκειούμενος
1250 5540 1315 5608 τῇ
1360 5537 1591 5607 θεότητι,
1646 5537 1716 5587 τά
1756 5536 1810 5587 δὲ

265 5634 593 5702 προσάπτων
618 5636 683 5701 τῇ
720 5631 1117 5700 ἀνθρωπότητι.
1148 5628 1530 5697 Σταυρωθέντα
1553 5626 1811 5685 ἑκουσίως

265 5726 405 5791 ὑπὲρ
456 5724 631 5791 ἡμῶν,
682 5724 772 5775 καὶ
825 5722 1081 5791 πρόξενον
1119 5722 1245 5787 ἡμῖν
1288 5720 1383 5786 τῆς
1432 5718 1522 5769 τοῦ
1574 5718 1802 5767 θανάτου

264 5815 609 5877 καταλύσεως
660 5814 748 5866 τὸν
798 5814 969 5882 τίμιον
1016 5812 1243 5880 σταυρὸν
1302 5812 1390 5862 καὶ
1449 5810 1812 5880 προσκυνητὺν

1912 4629 2103 4683 sistere
2130 4629 2277 4693 fecit,
2310 4639 2370 4683 ut
2402 4647 2571 4700 genus
2601 4632 2893 4686 humanum
2927 4634 3175 4689 salvaret.
3213 4636 3463 4690 Servatas

1912 4720 2071 4773 etiam
2108 4720 2161 4772 in
2205 4720 2393 4774 eodem
2427 4730 2481 4774 et
2513 4738 2619 4775 uno
2660 4723 2873 4775 Christo
2905 4734 3126 4777 naturas
3165 4727 3461 4779 divinitatis

1912 4822 1965 4863 et
2016 4811 2384 4871 humanitatis,
2427 4812 2604 4865 unitas
2654 4815 2866 4880 quidem
2922 4816 3119 4868 unione
3164 4819 3457 4870 secundum

1914 4902 2263 4970 hypostasim,
2300 4903 2391 4955 sed
2434 4918 2541 4955 non
2574 4904 2825 4957 confusas
2866 4906 3196 4959 substantias
3236 4910 3459 4961 alteriii-

1912 4994 2141 5057 catione;
2176 5008 2338 5047 unam
2365 4993 2581 5061 quidem
2612 4995 2943 5064 hypostasin,
2978 4998 3111 5051 duas
3143 5014 3270 5053 vero
3300 5009 3459 5053 natu-

1911 5098 2028 5147 ras;
2056 5092 2111 5136 et
2143 5083 2354 5151 utrique
2376 5099 2560 5137 earum
2592 5086 2861 5154 propriam
2899 5087 3073 5139 tribuo
3105 5089 3455 5141 voluntatem.

1913 5174 2053 5227 Duas
2076 5175 2220 5227 enim
2254 5176 2555 5230 voluntates
2585 5177 2634 5229 in
2665 5179 2882 5230 Christo
2913 5194 3017 5230 non
3049 5179 3303 5242 minutas,
3332 5180 3457 5248 quia

1910 5274 1965 5315 et
1992 5265 2111 5316 duae
2135 5265 2470 5331 operationes
2499 5285 2509 5319 :
2541 5266 2785 5318 eumdem
2832 5266 3138 5335 passibilem
3172 5276 3225 5320 et
3260 5269 3457 5337 impas-

1911 5354 2141 5419 sibilem;
2178 5354 2575 5423 corruptibilem
2614 5364 2669 5408 et
2704 5356 3196 5423 incorruptibilem;
3227 5356 3458 5409 circum-

1910 5445 2260 5515 scriptibilem
2300 5457 2354 5499 et
2404 5446 3054 5514 incircumscriptibilem;
3108 5448 3208 5501 alia
3260 5464 3455 5516 appro-

1911 5536 2091 5604 prians
2122 5536 2409 5600 divinitati,
2442 5538 2543 5591 alia
2575 5538 2889 5591 humanitati
2926 5540 3246 5603 attribuens;
3280 5540 3457 5593 cruci-

1912 5628 2074 5680 ﬁxum
2108 5628 2381 5683 voluntate
2418 5643 2515 5697 pro
2552 5630 2727 5683 nobis.
2777 5629 2840 5683 Et
2886 5630 2975 5698 qui
3022 5631 3177 5685 nobis
3226 5632 3456 5699 praebuit

1913 5720 2277 5773 honorabilem
2307 5730 2360 5772 ct
2391 5721 2747 5773 venerandam
2772 5720 2997 5773 Crucem
3020 5762 3033 5785 ,
3074 5721 3455 5773 destructionis

1915 5812 2097 5863 mortis
2126 5825 2339 5863 causam
2375 5828 2385 5863 :
2421 5812 2687 5879 sepultum
2730 5811 2977 5865 eumdem
3027 5826 3087 5864 ac
3128 5812 3179 5865 in
3232 5807 3455 5863 mortuis
