4242 6438
828 410 925 477 591

1952 409 2211 468 ΡΗΟΤΙΙ
2253 408 2755 469 ΡΛΤΙΗΑΒΕΗίΕ
2794 410 2900 471 CP.

3924 411 4051 475 592

816 533 1280 583 connumeratum.
1304 524 1403 588 Qui
1425 523 1578 578 tertia
1605 518 2364 589 dicjuxtaipsiusdeiloquam
2402 531 2437 582 Α
2472 539 2491 570 τ

2402 531 2437 582 Α
2472 521 2902 590 παρασχόμενον.
2965 522 3210 590 Ίάφέντα
3267 537 3324 574 τε
3355 523 3444 575 τὸν
3477 524 3639 576 αὑτὸν
3679 525 3771 577 καὶ
3813 529 4052 595 νεκροῖς

821 632 1003 672 vocem
1037 631 1064 668 a
1099 616 1322 669 mortuis
1356 614 1645 668 resurrexit
1669 631 1682 665 :
1705 612 1902 680 quique
1929 612 2076 665 visus
2101 621 2183 664 est
2209 611 2370 664 disci-

816 709 975 778 pulis,
1005 717 1061 761 et
1088 723 1209 761 cum
1239 707 1342 760 illis
1374 706 1582 760 edendo
1609 720 1672 758 ac
1687 704 1941 765 bibendo,
1964 717 2178 756 omnem
2197 705 2371 757 ambi-

815 797 1075 866 guitatem
1107 810 1168 848 ac
1199 795 1496 864 phantasia:
1523 794 1832 862 opinionem
1862 793 1930 846 ab
1969 793 2048 846 eis
2076 793 2366 847 submovit.

815 886 1016 940 Deinde
1063 893 1118 938 et
1163 885 1405 938 ascendit
1451 899 1555 936 una
1590 897 1712 937 cum
1758 890 2056 950 assumpta,
2096 881 2211 936 sive
2240 897 2364 936 cum

812 974 1048 1026 animata
1083 972 1262 1024 anima
1299 971 1616 1040 intelligenti
1654 982 1708 1024 et
1745 971 1989 1024 rationali
2035 972 2205 1040 ipsius
2240 987 2364 1040 pro-

814 1063 927 1132 pria
962 1077 1144 1115 carne.
1183 1063 1248 1116 Et
1278 1062 1468 1114 iterum
1502 1061 1702 1129 pariter
1730 1070 1989 1115 venturus
2016 1071 2101 1114 est
2127 1062 2194 1115 ad
2225 1061 2366 1129 judi-

813 1154 1043 1207 candum
1088 1153 1232 1205 vivos
1278 1161 1332 1204 et
1383 1161 1645 1205 mortuos.
1698 1151 1790 1206 Sic
1840 1153 1983 1206 enim
2013 1153 2145 1206 dicit
2182 1153 2362 1206 divina

814 1247 1087 1317 Scriptura
1108 1265 1152 1298 ει
1171 1246 1358 1300 Veniet
1381 1247 1829 1314 quemadmodum
1852 1246 2059 1300 vidistis
2085 1262 2208 1301 eum
2230 1263 2362 1301 eun-

814 1348 921 1392 tem
952 1340 1004 1391 in
1032 1339 1248 1392 coelum.
1288 1358 1305 1388 ι

2471 613 2954 679 συναριθμηθέντα,
3009 615 3100 664 καὶ
3159 615 3454 682 τριήμερον
3512 617 3651 666 κατά
3709 617 3804 684 τὴν
3857 617 4047 668 αὑτοῦ

2468 705 2825 771 υεόφοεγκτον
2858 705 3039 771 φωνὴν
3069 706 3134 758 ἐκ
3159 704 3266 757 τῶν
3317 722 3524 772 νεκρων
3554 706 3879 766 ἀναστάντα,
3934 707 4049 757 καὶ

2464 797 2574 857 τοῖς
2618 795 2886 864 μαθηταῖς
2939 794 3194 860 ὀφθέντα,
3239 796 3334 848 καὶ
3369 795 3446 863 τῷ
3485 798 3790 864 συμφαγεῖν
3838 797 4044 858 αὐτοῖς

2464 888 2557 938 καὶ
2607 888 2861 955 συμπιεῖν
2927 888 3107 939 πᾶσαν
3181 886 3513 956 ἀμφιϐολίαν
3578 885 3674 939 καὶ
3721 889 4045 955 φαντασίας

2469 977 2732 1046 ὑπόληψιν
2775 979 2956 1031 τέλεον
3013 977 3193 1031 αὐτῶν
3257 977 3694 1031 ἀπεσκευακότα.
3751 973 3883 1030 Εἶτα
3933 981 4048 1029 καὶ

2466 1067 2837 1134 ἀναληφθέντα
2873 1069 3025 1138 μετὰ¹
3060 1067 3153 1120 τοῦ
3198 1069 3643 1137 προσλήμματος,
3673 1069 3837 1139 ἤγουν
3883 1071 4043 1137 μετὰ

2464 1162 2562 1224 τῆς
2595 1159 2999 1228 ὲμψυχωμὲνης
3029 1157 3173 1228 ψυχῇ
3198 1159 3358 1228 νοερᾷ
3387 1175 3443 1208 τε
3478 1159 3571 1211 καὶ
3596 1157 3783 1228 λογικῇ
3813 1159 4043 1220 οἰκείας

2467 1249 2630 1302 αὑτοῦ
2659 1249 2881 1320 σαρκὸς,
2919 1250 3014 1300 καὶ
3046 1250 3208 1302 πάλιν
3236 1249 3493 1311 ὡσαύτως
3523 1251 3812 1318 ἐρχόμενον
3841 1252 3920 1312 είς
3969 1250 4042 1301 τὸ

2467 1343 2649 1407 κρῖναι
2669 1337 2874 1402 ζῶντας
2889 1341 2980 1391 καὶ
3001 1339 3277 1408 νεκρούς.ι
3298 1339 3480 1402 Οῦτως
3497 1340 3623 1408 γὰρ,
3639 1342 3769 1410 φησὶ
3789 1342 3848 1394 τὸ
3877 1343 3921 1392 is
3932 1342 4041 1410 ρὸν

811 1431 1022 1497 Λόγιον,
1073 1430 1369 1489 ἐλεύσεται,
1426 1429 1482 1480 ὃν
1524 1429 1718 1498 τρόπον
1746 1428 2039 1481 ἐθεάσασθε
2064 1429 2223 1482 αὑτὸν
2261 1431 2639 1497 πορευόμενον
2671 1431 2753 1492 είς
2790 1429 2881 1482 τὸν
2915 1429 3161 1499 οὐρανόν.
3196 1447 3213 1479 ι

885 1520 974 1574 Sic
1018 1520 1256 1573 sentiens
1309 1531 1362 1573 et
1401 1520 1663 1574 confitens
1701 1520 2207 1573 incommutabiliter
2240 1534 2355 1573 eam

813 1609 992 1673 fidem,
1024 1623 1143 1676 quae
1179 1608 1229 1660 in
1261 1609 1524 1661 catholica
1557 1619 1611 1660 et
1635 1610 1923 1675 apostolica
1971 1609 2207 1663 Ecclesia
2248 1619 2360 1662 sta-

811 1700 999 1754 bilitur
1025 1708 1079 1753 et
1107 1699 1447 1768 praedicatur,
1463 1709 1676 1752 sanctas
1697 1710 1750 1752 et
1768 1701 2130 1753 wenmenicas
2151 1710 2354 1768 septem

2536 1521 2692 1574 Οὕτω
2718 1520 2948 1590 φρονῶν,
2985 1521 3077 1572 καὶ
3101 1519 3430 1588 διομολογῶν
3469 1522 3899 1590 άπαρατρέπτως
3923 1527 4040 1594 τὴν

2468 1613 2524 1664 ἐν
2552 1616 2617 1680 τῇ
2648 1611 2905 1681 καθολικῇ
2930 1629 2990 1664 τε
3021 1612 3114 1663 καὶ
3142 1612 3468 1682 ἀποστολικῇ
3485 1614 3777 1683 Ἐκκλησία
3805 1617 4043 1684 ἐφιδρυ-

2468 1705 2638 1774 μένην
2670 1722 2726 1756 τε
2750 1707 2841 1757 καὶ
2889 1705 3303 1773 κηρυσσομένην
3354 1705 3557 1768 πίστιν,
3582 1707 3681 1768 τὰς
3719 1708 3882 1774 ἁγίας
3926 1714 4035 1761 καὶ

810 1790 1041 1859 synodos
1102 1789 1319 1856 recipio.
1387 1789 1619 1841 Primam
1676 1790 1930 1857 quidem,
1982 1800 2166 1860 utpote
2232 1809 2354 1859 qme
2397 1817 2485 1879 Ba

2397 1825 2435 1879 Β
2463 1800 2845 1868 οἰκουμενικάς
2875 1800 3013 1851 ἑπτά
3061 1799 3309 1860 συνόδους
3359 1799 3721 1869 ἀποδέχομαι·
3769 1801 3867 1870 τὴν
3919 1807 4035 1871 μὲν

809 1881 1015 1942 Arium,
1048 1887 1103 1932 et
1149 1893 1243 1934 eos
1286 1879 1373 1948 qui
1421 1894 1542 1932 cum
1587 1895 1652 1932 eo
1699 1881 2024 1947 sentiebant,
2080 1898 2184 1935 una
2236 1899 2358 1938 cum

808 1985 997 2022 eorum
1023 1968 1375 2022 abominanda
1406 1978 1670 2023 creaturae
1696 1970 2011 2026 adoratione
2037 1973 2266 2040 disrupit
2297 1991 2359 2029 ac

809 2062 1021 2114 evertit.
1052 2059 1356 2113 Secundum
1392 2075 1542 2121 vero.
1565 2077 1683 2128 quae
1723 2063 1859 2116 laesa:
1887 2065 2083 2117 mentis
2113 2064 2357 2120 Macedn-

810 2150 955 2200 nium
984 2149 1049 2200 ab
1072 2149 1431 2202 ecclesiastica
1462 2151 1842 2204 communione
1874 2154 2270 2216 exterminavit,
2303 2165 2358 2209 et

809 2239 1054 2302 abscidit,
1086 2240 1174 2308 qui
1213 2241 1324 2307 pari
1357 2247 1516 2308 atque
1557 2241 1714 2293 Arius
1743 2242 1948 2295 insania
1979 2242 2270 2300 laborabat.
2299 2245 2355 2299 lu

808 2334 1070 2387 creaturis
1089 2335 1231 2385 enim
1259 2333 1343 2387 hic
1363 2349 1575 2402 quoque
1597 2335 2014 2401 sanctissimum,
2039 2346 2094 2391 et
2115 2340 2356 2393 omnium

807 2425 1052 2493 Opificem
1088 2439 1294 2492 ponens
1330 2424 1609 2492 Spiritum,
1646 2435 1943 2480 creaturam
1980 2428 2202 2483 adorare
2245 2446 2355 2483 non

805 2516 1174 2570 erubescebat.
1203 2516 1677 2570 Verumenimvero
1722 2525 1775 2571 et
1827 2519 2071 2586 tertiam,
2102 2537 2222 2590 qua:
2258 2523 2354 2575 de-

807 2608 988 2678 posuit
1010 2609 1233 2676 impium
1264 2606 1592 2670 Nestorium,
1613 2623 1675 2662 ac
1697 2611 1892 2664 evertit
1926 2611 2231 2666 innovatum
2287 2615 2354 2669 ab

804 2717 870 2754 eo
898 2702 1004 2753 Deo
1024 2714 1238 2753 exesam
1278 2699 1712 2768 superstitionem
1747 2717 1759 2753 :
1795 2701 1880 2756 hie
1909 2704 2053 2757 enim
2098 2705 2349 2774 indivise,

805 2802 860 2846 et
885 2792 1176 2846 secundum
1209 2793 1514 2862 hypostasin
1552 2794 1759 2847 unitum
1792 2793 1898 2849 Deo
1927 2797 2103 2851 Verbo
2133 2801 2351 2854 totalem

805 2883 1076 2938 hominem
1100 2884 1353 2936 audacter
1384 2891 1438 2936 et
1471 2883 1752 2939 dementer
1783 2900 1812 2938 a
1845 2886 2023 2939 divina
2056 2886 2208 2941 Verbi
2231 2890 2352 2944 abs-

805 2975 1026 3028 traltens
1084 2974 1387 3044 hypostasi,
1417 2974 1468 3027 in
1501 2975 1716 3043 propria
1746 2991 1868 3030 cum
1902 2979 2169 3048 hypostasi
2211 2996 2349 3046 esse,

802 3076 1106 3120 monstrose
1157 3067 1368 3119 dicebat
1425 3076 1479 3120 et
1532 3066 1945 3135 imaginabatur.
2015 3070 2093 3126 Ac
2153 3073 2352 3128 idcirco

2469 1890 2714 1960 πρώτην,
2766 1892 2862 1943 ἆτε
2898 1889 2960 1960 δὴ
3004 1892 3219 1958 ’Λρειον
3281 1890 3372 1942 καὶ
3419 1891 3542 1953 τοὺς
3587 1894 4032 1962 ὁμοφρονοῦντας

2465 1983 2614 2053 αὐτῷ
2662 1985 2774 2053 ἅμα
2828 1984 2923 2051 τῆς
2959 1983 3247 2052 βδελυκτῆς
3281 1983 3459 2036 αὐτῶν
3494 1987 4031 2056 κτισματολατρείας

2463 2073 2826 2144 διαρῥήξασάν
2851 2091 2908 2126 τε
2953 2076 3044 2127 καὶ
3079 2073 3440 2128 καθελοῦσαν·
3493 2077 3590 2144 τὴν
3631 2077 3688 2128 δὲ
3727 2077 4025 2147 δευτέραν,

2463 2167 2537 2229 ὡς
2565 2168 2654 2218 τὸν
2679 2167 3013 2234 φρενοϐλαόῆ
3038 2167 3364 2220 Μακεδόνων
3412 2168 3508 2236 τῆς
3558 2169 4032 2238 ὲκκλησιαστικῆς

2463 2259 2813 2326 χοροστασίας
2868 2258 3326 2326 ἐξοστρακίσασάν
3387 2275 3446 2311 τε
3519 2261 3612 2310 καὶ
3670 2260 4028 2329 ἐκτεμοῦσαν

2475 2347 2668 2417 Ἀρείῳ
2700 2349 3081 2416 παραπλησίαν
3135 2350 3230 2419 τὴν
3278 2350 3470 2416 μανίαν
3512 2352 3875 2422 ἐκμεμηνότα.
3926 2354 4033 2404 Ἐν

2462 2440 2719 2509 κτίσμασι
2749 2441 2853 2508 γάρ
2893 2440 2986 2492 καὶ
3016 2433 3170 2503 οὗτος
3188 2441 3247 2494 τὸ
3296 2444 3553 2508 πανάγιον
3612 2445 3703 2495 καὶ
3741 2461 4029 2515 παντουρ-

2461 2531 2554 2596 γὸν
2582 2530 2749 2593 τιθεὶς
2784 2532 3025 2601 Πνεῦμα,
3069 2536 3554 2601 κτισματολατρεῖν
3594 2535 3692 2586 οὐκ
3725 2537 4029 2606 ᾐσχύνετο.

2472 2622 2627 2674 Ἀλλά
2654 2640 2718 2690 γε
2734 2623 2796 2689 δὴ
2836 2625 2928 2676 καὶ
2971 2623 3068 2694 τὴν
3107 2625 3296 2693 τρίτην
3343 2626 3659 2698 καθαίρεσιν
3709 2626 3874 2681 οὖσαν
3913 2631 4029 2683 τοῦ

2459 2714 2747 2778 δυσσεϐοῦς
2776 2715 3091 2784 Νεστορίου,
3142 2719 3237 2769 xci.
3283 2719 3383 2786 τῆς
3426 2719 3572 2790 αὐτῷ
3615 2723 4030 2790 καινοποιηθεὲ-

2462 2823 2557 2876 σης
2580 2807 2900 2874 θεοστυγοῦς
2930 2808 3368 2879 δεισιδαιμονίας.
3404 2805 3568 2876 Οὗτος
3595 2814 3703 2882 γὰρ
3728 2815 3815 2866 τὸν
3841 2817 4033 2869 ἀδιαι-

2462 2898 2626 2965 ρέτως
2667 2899 2758 2951 καὶ
2788 2898 2907 2950 καθ’
2955 2900 3245 2951 ὑπόστασιν
3290 2901 3554 2954 ἑνωθέντα
3587 2903 3664 2972 τῷ
3707 2904 3823 2973 Θεῷ
3851 2906 4030 2975 Λόγῳ

2457 2989 2633 3041 όλικδν
2663 2989 2943 3060 ἄνθρωπον
2970 2992 3252 3061 τολμηρῶς
3284 2996 3378 3046 καὶ
3407 2995 3658 3064 ἀφρόνως
3703 2997 3798 3065 τῆς
3821 2999 4028 3066 θεῖκῆς

2457 3081 2551 3133 τοῦ
2571 3081 2744 3149 Λόγου
2777 3083 3020 3136 διασπῶν
3039 3084 3405 3148 ὑποστάσεως,
3433 3088 3825 3141 ίδιοῡπόστατον
3848 3092 4026 3142 αὑτὸν

798 3157 1005 3209 nudum
1041 3155 1313 3210 hominem
1338 3170 1458 3210 eum
1483 3159 1574 3226 qui
1603 3174 1764 3213 carne
1794 3172 2139 3230 apparuerat,
2163 3162 2350 3218 Filium
2381 3171 2421 3227 C
2454 3172 2473 3222 ὲ

2347 3188 2350 3218 ι
2381 3171 2421 3227 C
2454 3172 2824 3240 ἐτερατολόγει
2855 3189 2914 3226 τε
2940 3176 3033 3228 καὶ
3063 3177 3411 3243 ἐφαντάζετο.
3445 3181 3535 3231 Διὸ
3561 3181 3653 3232 καὶ
3697 3181 3851 3246 ψιλὸν
3909 3182 4022 3234 ἄν-

802 3256 857 3300 et
886 3246 1120 3299 Verbum
1151 3245 1246 3300 Dei
1278 3248 1572 3312 somnians,
1613 3261 2007 3317 consequenter
2039 3253 2127 3307 hic
2168 3255 2351 3310 infelix

803 3337 1072 3405 appellare
1113 3337 1504 3389 sanctissimam
1551 3339 1641 3391 Dei
1690 3339 2015 3395 Gcnitriccm
2069 3343 2350 3414 Deiparam

802 3427 1016 3495 proprie
1065 3427 1370 3495 abnegavit.
1407 3427 1659 3492 Quartam
1690 3440 1891 3498 autem,
1924 3441 1985 3486 ut
2024 3450 2143 3503 qua:
2188 3434 2352 3506 Euty-

800 3517 964 3581 chen,
989 3516 1290 3584 dysticlten,
1310 3517 1359 3570 id
1385 3528 1485 3578 est.
1513 3518 1780 3573 infelicem
1807 3536 1871 3575 ac
1890 3523 2174 3578 scelestum
2226 3525 2350 3580 Dio-

799 3623 1013 3660 scorum
1036 3607 1200 3674 elisit,
1230 3616 1390 3677 atque
1405 3611 1875 3664 anathematizavit
1899 3629 2002 3666 una
2021 3630 2141 3667 cum
2164 3630 2349 3670 eorum

801 3699 1142 3767 imaginativa
1201 3699 1471 3753 dementia
1499 3741 1514 3763 ,
1561 3717 1856 3770 eorumque
1901 3705 2048 3757 omni
2110 3717 2343 3762 caterva.

802 3787 1012 3841 Domini
1040 3788 1185 3842 enim
1215 3804 1432 3844 carnem
1461 3806 1568 3844 non
1621 3807 1740 3846 esse
1789 3793 1944 3848 nobis
1990 3797 2348 3851 consubstan-

799 3878 1000 3939 tialem,
1040 3879 1206 3932 delire
1253 3883 1581 3944 asserebant,
1626 3883 1718 3936 sed
1776 3899 1836 3936 ex
1885 3885 2092 3940 duabus
2131 3887 2346 3956 quidem

799 3969 1006 4022 naturis
1029 3970 1281 4024 unionem
1313 3970 1502 4024 factam
1525 3988 1665 4040 esse,
1688 3973 1740 4026 in
1767 3990 1926 4028 uuam
1953 3991 2079 4029 vero
2099 3987 2346 4033 naturam

797 4067 919 4129 post
959 4061 1254 4114 uuitionem
1298 4072 1669 4131 consumptam
1722 4063 1888 4118 fuisse
1929 4068 2172 4121 neutrius
2213 4083 2345 4121 con-

793 4161 1099 4204 servantem
1131 4153 1506 4220 proprietates,
1543 4170 1642 4209 nec
1671 4155 1900 4219 divinae,
1939 4173 2038 4211 nec
2072 4173 2201 4212 vero
2245 4159 2346 4212 hu-

796 4251 990 4291 manae.
1031 4238 1289 4305 Quintam
1344 4242 1541 4307 etiam,
1584 4260 1703 4312 qua:
1759 4246 1962 4300 excidit
2011 4263 2074 4303 ac
2128 4251 2345 4319 penitus

793 4328 1051 4380 exstinxit
1092 4344 1153 4382 ea
1201 4344 1318 4397 ηυδε
1359 4331 1412 4383 in
1448 4333 1740 4400 perniciem
1791 4333 2070 4392 auctorum
2124 4355 2342 4397 suorum

792 4418 1209 4485 suscitabautur,
1253 4421 1508 4476 scelerata
1546 4423 1813 4494 dogmata,
1859 4435 1913 4481 et
1962 4438 2147 4496 partus
2197 4432 2342 4502 impii

792 4504 1045 4568 Nestorii,
1078 4509 1168 4576 qui
1206 4510 1362 4579 regiae
1388 4513 1536 4566 urbis
1566 4513 1680 4568 sine
1730 4517 1837 4570 Deo
1864 4519 2103 4587 pontifex
2133 4521 2336 4585 fuerat,

791 4604 845 4652 et
865 4595 1158 4663 Theodori,
1181 4601 1272 4668 qui
1297 4599 1657 4670 Mopsuestia,
1678 4605 1846 4677 magis
1872 4609 2032 4663 etiam
2065 4612 2180 4667 sine
2208 4613 2336 4679 Deo,

790 4688 1158 4759 episcopatum
1201 4702 1470 4762 gesserat;
1522 4703 1633 4748 tum
1674 4711 1789 4762 eos,
1837 4708 1950 4753 tum
1991 4716 2201 4770 onmes,
2249 4708 2338 4773 qui

787 4779 976 4832 eadem
1021 4797 1124 4849 qua
1172 4782 1243 4834 illi
1294 4797 1426 4836 vana
1477 4787 1742 4840 sententia
1789 4792 2154 4861 atgrotabant;
2208 4797 2336 4864 quin

787 4870 948 4924 etiam
996 4880 1050 4924 et
1095 4887 1216 4940 quae
1255 4873 1567 4929 dilaceravit
1609 4885 1664 4930 et
1705 4877 1999 4936 demessuit
2028 4865 2333 4955 Ori'genent,

788 4960 1088 5030 Didymum,
1133 4962 1438 5034 Evagrium,
1480 4968 1572 5035 qui
1617 4970 1824 5023 ratione
1871 4986 1993 5026 cum
2049 4978 2336 5044 gentilibus

784 5062 1113 5120 congruente
1146 5069 1210 5108 ac
1239 5056 1524 5123 insipiente
1554 5060 1820 5114 sententia
1848 5061 1902 5114 in
1935 5064 2183 5119 ultimum
2209 5083 2334 5136 pro-

785 5139 1006 5194 fundum
1054 5142 1163 5197 Deo
1216 5147 1534 5200 adversariae
1586 5153 1948 5217 persuasionis
2004 5154 2329 5211 inciderunt.

781 5229 914 5282 Cum
943 5233 1083 5286 enim
1115 5235 1311 5302 gradus
1340 5246 1395 5288 et
1433 5236 1714 5295 inferiores
1752 5242 1908 5296 sedes
1943 5244 2167 5299 Deitatis
2201 5263 2332 5302 con—

780 5317 1080 5384 fluxissent,
1101 5333 1154 5375 et
1174 5325 1471 5380 animarum
1499 5332 1973 5397 praecxsistentias,
2005 5351 2068 5390 ac
2104 5338 2332 5392 eflluxus

779 5414 832 5458 et
897 5407 1223 5464 decidentias
1279 5416 1622 5482 respectionis
1683 5435 1865 5475 earum
1923 5425 1990 5478 ad
2044 5425 2212 5481 Deum
2275 5429 2327 5482 in

779 5498 967 5565 seipsis
1015 5502 1424 5565 constituentes,
1460 5522 1656 5576 easque
1698 5511 1750 5562 in
1797 5513 2001 5568 diversa
2050 5526 2106 5570 et
2145 5519 2327 5572 multi—

777 5587 965 5641 formia
998 5604 1220 5659 corpora
1245 5602 1663 5661 transvasantes,
1703 5610 1756 5654 et
1799 5612 2240 5673 transmutantes;
2277 5616 2329 5663 et

777 5679 935 5733 linem
967 5684 1368 5751 suppliciorum,
1405 5703 1466 5741 ac
1509 5689 1811 5748 daemonum
1839 5697 2267 5765 restitutionem,
2297 5721 2326 5758 e

787 5783 970 5827 ventre
1010 5776 1168 5842 (sicut
1200 5778 1417 5847 dicitur)
1455 5792 1780 5850 eructantes,
1826 5789 1996 5844 libero
2031 5799 2081 5846 et
2118 5804 2319 5862 aperto,

2456 3262 2669 3331 θρωπον
2723 3264 2815 3317 τὸν
2876 3268 3037 3335 σαρκὶ
3065 3268 3392 3334 ἐπιφανέντα
3429 3269 3554 3321 Υίὸν
3599 3271 3690 3323 καὶ
3712 3272 3882 3338 Λόγον
3912 3274 4020 3325 τοῦ

2453 3356 2585 3407 Θεοῦ
2619 3355 2927 3428 όνειρώξας,
2959 3357 3264 3421 ἀκολούθως
3290 3361 3317 3410 ό
3346 3362 3654 3429 τρισάθλιος
3696 3363 3880 3414 καλεῖν
3905 3367 4020 3416 τὴν

2453 3448 2722 3514 παναγίαν
2745 3448 3027 3512 Θεοτόκον,
3065 3449 3328 3503 Θεοτόκον
3357 3452 3582 3521 κυρίως,
3634 3454 4019 3524 ἀπηρνήσατο.

2451 3540 2563 3610 Τὴν
2595 3541 2650 3592 δὲ
2673 3540 2957 3610 τετάρτην,
2981 3541 3056 3603 ὡς
3080 3541 3171 3593 τὸν
3197 3542 3437 3612 δυστυχῆ
3471 3541 3702 3613 Εὐτυχῆ,
3733 3547 3822 3597 καὶ
3846 3549 4017 3598 Διόσ-

2452 3647 2609 3699 κορον
2640 3629 2732 3681 τὸν
2770 3629 3042 3700 ἀλάστορα
3083 3631 3468 3702 καταράξασαν
3521 3635 3613 3686 καὶ
3670 3635 4012 3704 ἀναθεματί-

2452 3734 2620 3769 σασαιν
2649 3716 2783 3786 μετὰ
2806 3718 2902 3787 τῆς
2926 3719 3324 3785 φαπασιιῦδους
3350 3721 3528 3773 αὐτῶν
3556 3723 4013 3791 φρενοϐλαϐείας,

2451 3808 2543 3860 καὶ
2599 3807 2772 3875 πάσης
2822 3807 2997 3859 αὐτῶν
3039 3809 3138 3877 τῆς
3204 3811 3537 3879 συμμορίας.
3590 3811 3697 3881 Τὴν
3749 3813 3855 3882 γάρ
3905 3817 4013 3868 τοῦ

2448 3896 2652 3966 Κυρίου
2684 3898 2858 3965 σάρκα
2890 3899 2966 3966 μὴ
2997 3894 3137 3954 εἶναι
3165 3902 3295 3970 ἡμῖν
3339 3902 3625 3970 όμοούσιον
3675 3903 4010 3974 ὲληρῲδυυν,

2447 3987 2560 4040 ἀλλ’
2590 3991 2652 4039 ἐκ
2681 3987 2772 4039 δύο
2804 3989 2901 4057 μὲν
2958 3989 3171 4057 φύσεων
3210 3991 3308 4062 τὴν
3363 3991 3554 4044 ἕνωσιν
3602 3996 3876 4060 γενέσθαι,
3922 4001 4014 4059 είς

2450 4079 2576 4145 μίαν
2607 4079 2660 4129 δὲ
2687 4078 2821 4147 μετὰ
2852 4079 2949 4149 τὴν
2969 4081 3162 4134 ἕνωσιν
3191 4083 3629 4152 συναναλωθῆναι
3674 4087 3857 4154 φύσιν,
3893 4102 4014 4157 μη-

2445 4167 2659 4237 δετέρας
2687 4166 3071 4231 άποσώζουσαν
3103 4171 3166 4224 τὰ
3191 4170 3471 4242 ἰδιώματα,
3513 4177 3646 4243 μήτε
3667 4176 3764 4244 τῆς
3787 4177 4008 4247 θεῖκῆς,

2452 4260 2584 4328 μήτε
2642 4261 2746 4328 μὴν
2789 4259 2890 4329 τῆς
2924 4260 3287 4331 ἀνθρωπίνης.
3344 4264 3451 4318 Καὶ
3485 4266 3582 4335 τὴν
3623 4268 3878 4338 πέμπτην
3917 4270 4006 4332 δὲ,

2445 4349 2516 4411 ὡς
2544 4349 2879 4418 ἔκτιμοῦσάν
2932 4369 2993 4404 τε
3051 4355 3144 4405 καὶ
3196 4354 3661 4424 ἀποτιφρώσασαν
3704 4359 3887 4412 τέλεον
3929 4364 4008 4413 τὰ

2447 4440 2530 4490 ἐπ’
2560 4438 2762 4508 ὀλέθρῳ
2787 4439 2896 4492 τῶν
2925 4441 3327 4509 γεγεννηκότων
3343 4443 3804 4516 ἀναρριπιζόμενα
3825 4455 4007 4518 μιαρὰ

2444 4531 2687 4600 δόγματα
2723 4549 2780 4582 τε
2810 4531 2904 4583 καὶ
2937 4533 3191 4601 κυήματα
3221 4534 3315 4586 τοῦ
3356 4535 3644 4599 δυσσεϐοῦς
3703 4537 4005 4608 Νεσωρίου

2443 4622 2536 4675 τοῦ
2559 4622 2656 4691 τῆς
2683 4623 2949 4690 βασιλίδος
2978 4625 3150 4687 ἀθέως
3183 4626 3621 4696 ίεραρχήσαντος,
3653 4632 3748 4684 καὶ
3782 4631 4000 4684 Θεοδώ-

2447 4731 2536 4784 ρου
2572 4714 2665 4765 τοῦ
2695 4715 3114 4783 Μομψουεστίας
3149 4719 3449 4789 ἀθεώτερον
3496 4723 4001 4792 ὲπισκοπήσαντοξ,

2442 4805 2636 4868 αὐτούς
2663 4823 2744 4867 τε,
2798 4809 2891 4860 καὶ
2939 4808 3145 4872 πάντας
3181 4811 3306 4873 τοὺς
3342 4811 3439 4880 τὴν
3472 4812 3639 4883 αὐτὴν
3675 4815 3858 4878 αὐτοῖς
3891 4834 4003 4886 μα-

2442 4895 2833 4965 ταιοφροσύνην
2859 4899 3278 4968 ὲκνοσήσαντας.
3305 4902 3378 4954 Οὐ
3408 4903 3512 4969 μὴν
3538 4903 3672 4956 ἀλλά
3700 4921 3762 4970 γε
3791 4905 3854 4973 δὴ
3896 4911 3998 4959 καὶ

2440 4987 2514 5048 ὠς
2565 4988 2938 5040 διασπάσασάν
2998 5007 3054 5041 τε
3115 4991 3207 5042 καὶ
3265 4991 3623 5062 ὲκθερίσασαν
3687 4995 3995 5065 Ὦριγένην,

2441 5078 2692 5145 Δίδυμον,
2731 5079 2996 5149 Εὐάγριον
3029 5081 3404 5153 Ἐλληνόφρονι
3437 5084 3678 5154 λογισμῷ
3710 5087 3804 5137 καὶ
3826 5088 3998 5139 ἀσυν-

2440 5169 2543 5234 έτῳ
2581 5168 2772 5238 γνώμῃ
2796 5171 2874 5230 εἰς
2896 5171 3117 5238 ἔσχατον
3174 5172 3332 5240 βυθὸν
3365 5174 3649 5244 ἀθεότητος
3689 5179 3992 5244 ἐμπεπτινμ

2439 5257 2618 5309 κότας.
2652 5258 2898 5328 Βαθμοὺς
2919 5260 3028 5331 γὰρ
3051 5263 3140 5312 καὶ
3165 5262 3452 5325 ὑποὸάσεις
3474 5263 3721 5333 θεότητος
3743 5268 3993 5319 ἀναπλά-

2437 5364 2647 5410 σαντες.
2678 5353 2771 5403 καὶ
2813 5351 3000 5420 ψυχῶν
3035 5354 3423 5424 προῦπάρξεις,
3465 5357 3557 5408 καὶ
3609 5360 3706 5425 τῆς
3756 5359 3895 5426 πρὸς
3928 5363 3995 5411 τὸ

2442 5439 2594 5492 Θεῖον
2626 5441 2801 5493 αὐτῶν
2823 5443 3054 5504 νεύσεως
3084 5446 3378 5514 ἀπιρροίας
3405 5462 3464 5497 τε
3514 5447 3609 5499 καὶ
3638 5449 3992 5505 άποπτώσειε

2433 5532 2491 5582 έν
2509 5533 2715 5594 ἑαυτοῖς
2743 5533 3158 5601 ὑποστήσαντες,
3182 5538 3260 5598 είς
3282 5537 3511 5606 διάφορά
3532 5551 3590 5589 τε
3609 5540 3702 5590 καὶ
3731 5540 3988 5611 πολυειδῆ

2436 5619 2659 5688 σώματα
2693 5623 3105 5686 μεταγγίζοντες
3147 5626 3370 5686 ταύτας,
3409 5625 3502 5676 καὶ
3539 5623 3989 5692 μεταϐάλλοντες,

2432 5711 2523 5760 καὶ
2576 5710 2723 5770 τέλος
2757 5711 3045 5773 κολάσεων,
3083 5713 3175 5764 καὶ
3220 5712 3486 5780 δαιμόνων
3514 5715 3985 5778 ἀποκατάστασιν,

2435 5797 2488 5847 τὸ
2523 5797 2586 5865 δὴ
2622 5796 2908 5866 λεγόμενον
2941 5799 3046 5851 ἀπὸ
3073 5799 3275 5863 κοιλίας
3320 5802 3660 5874 ἐρευγόμενοι
3687 5803 3988 5874 ἀθυροστό·
