4242 6438
262 391 376 451 593
1413 391 1533 449 ΕΡΙ
1542 389 1878 450 STOLARU
1888 390 1937 448 Μ

1788 390 1940 450 RUM
1982 390 2211 449 LIBER
2250 391 2298 447 Ι.
3364 383 3463 444 594

260 514 383 565 μως
404 496 807 567 ἐμυθολόγησαν
834 498 925 549 καὶ
960 496 1381 567 ὲρῤαψῲδησαν·
1426 499 1559 550 ἀλλὰ
1606 499 1696 550 καὶ
1723 500 1818 567 τὴν
1848 499 1894 557 Α
1921 514 1935 550 ι

1793 516 1818 548 ν
1848 499 1894 557 Α
1921 498 2079 552 nullis
2104 497 2371 562 claustris,
2402 512 2495 552 ore
2526 496 2741 550 fabulati
2771 507 2918 557 sunt,
2945 505 2999 548 et
3036 506 3339 549 commenta
3369 510 3466 548 sua

256 591 432 657 ἕκτην
460 591 535 652 ὼς
561 590 939 659 άπορῤίψασάν
983 608 1041 641 τε
1076 591 1172 641 καὶ
1220 592 1647 643 κατασπάσασαν
1694 592 1817 654 τοὺς
1921 606 1931 639 4

1792 609 1817 654 ς
1921 597 2269 642 consuerunt.
2307 588 2410 642 Sed
2460 596 2515 640 et
2560 596 2785 649 sextam,
2816 595 2875 639 ut
2904 601 3022 653 quae
3046 585 3243 654 abjecit
3279 600 3343 638 ac
3373 585 3465 638 de-

256 683 411 750 ᾲμφὶ
452 683 721 752 Ὀνώριον.
786 683 880 735 καὶ
924 683 1166 752 Σέργιον,
1222 684 1313 735 καὶ
1347 684 1651 751 Μακάριον,
1695 684 1819 746 τοὺς
1920 694 1931 732 1

1784 701 1819 746 ις
1920 679 2100 733 molita
2127 688 2227 742 est,
2269 678 2562 732 Honorium
2581 678 2656 746 (ἓ)
2686 689 2739 732 et
2768 676 3034 747 Sergium,
3062 687 3121 730 et
3150 676 3459 739 Maearium,

254 791 321 827 τε
334 776 650 843 ρατολὸγους
680 776 771 827 καὶ
795 776 1144 845 παράφρονας
1177 776 1292 843 ἅμα
1330 778 1529 837 αὐτοῖς,
1563 776 1655 827 καὶ
1696 777 1821 837 τοὺς
1919 786 1929 823 1

1794 793 1821 837 ς
1919 770 2243 824 monstruosi
2275 770 2521 824 homines
2546 769 2812 824 sermonis
2837 784 2897 822 ac
2923 770 3223 831 dementes,
3254 782 3465 835 unaque

256 868 365 935 τὴν
417 866 594 919 αὐτῶν
648 867 961 919 δυσσέϐειαν
1019 867 1269 931 ἀκρατῶς
1310 866 1819 935 ὲναπομαξαμένους
1919 879 1931 914 t

1794 884 1819 927 ς
1919 878 2043 915 cum
2076 861 2175 931 ipsi
2215 876 2306 915 eos
2344 861 2434 930 qui
2462 861 2702 913 eamdem
2732 858 3061 928 impietatem
3094 859 3157 911 ad
3196 873 3255 912 se
3298 858 3464 911 duxe-

262 960 409 1025 μετά
437 960 533 1028 τῆς
584 959 817 1025 ἐκφύλου
852 960 945 1011 καὶ
973 959 1259 1012 ἀλλοκότου
1304 959 1480 1012 αὐτῶν
1512 958 1821 1027 πλασματο-
1920 969 1937 1005 1

1792 984 1821 1005 μ
1920 962 2046 1006 runt
2070 960 2123 1006 et
2152 964 2552 1023 expresserunt,
2577 967 2807 1021 eumque
2833 950 3025 1004 alienis
3049 966 3235 1003 eorum
3275 958 3330 1003 et
3358 949 3467 1003 ab—

260 1050 489 1117 λογίαςι
528 1050 586 1102 ἓν
616 1051 722 1120 γὰρ
753 1050 983 1120 θέλημα,
1008 1050 1103 1102 καὶ
1154 1051 1283 1120 μίαν
1320 1050 1596 1118 ἐνέργειαν
1638 1050 1716 1119 τῷ
1755 1050 1819 1100 ἐκ
1920 1061 1935 1098 ε

1790 1066 1819 1100 κ
1920 1046 2096 1099 surdis
2129 1045 2446 1099 commentis
2473 1062 2485 1097 :
2518 1060 2677 1097 unam
2695 1045 2838 1097 enim
2869 1044 3284 1107 voluntatem,et
3304 1056 3465 1095 unam

258 1142 361 1195 δύο
406 1143 841 1212 ἀπαρατρέπτων
911 1142 1123 1210 φύσεων
1180 1140 1443 1208 πεφυκότι
1492 1140 1711 1210 Χριστῷ
1744 1140 1821 1208 τῷ
1919 1156 1933 1191 (

1793 1140 1821 1208 ξ)
1919 1139 2283 1207 operationem
2309 1138 2524 1191 Christo
2554 1139 2661 1191 Deo
2686 1146 2893 1199 nostro,
2926 1137 3015 1204 qui
3048 1152 3111 1189 ex
3144 1136 3352 1189 duabus
3384 1137 3468 1188 in-

260 1234 385 1303 Θεῷ
435 1234 589 1303 ἡμῶν
630 1233 812 1295 κακῶς
855 1236 902 1286 oi
932 1233 1150 1287 δείλαιοι
1201 1233 1601 1303 ἐπεγράφοντο·
1635 1231 1715 1282 ἔτι
1764 1231 1819 1283 δὲ
1919 1246 1935 1285 (

1795 1232 1819 1281 ὲ
1919 1230 2193 1285 conversis
2232 1229 2433 1282 naturis
2462 1238 2562 1291 est,
2577 1230 2701 1281 mali
2735 1230 2915 1281 miseri
2943 1228 3301 1281 aseribebant.
3330 1227 3468 1280 Prac-

264 1326 365 1378 καὶ
391 1326 488 1393 τὴν
523 1327 580 1377 ὲν
606 1326 806 1393 Νικαίᾳ
849 1324 909 1377 τὸ
954 1323 1202 1394 δεύτερον
1232 1323 1381 1392 ἱερὰν
1430 1324 1522 1376 καὶ
1580 1321 1820 1391 μεγάλην
1922 1331 1939 1373 t

1794 1338 1820 1372 ν
1922 1331 2066 1375 terea
2093 1332 2145 1376 et
2168 1336 2306 1385 eam,
2341 1337 2459 1390 qua:
2486 1322 2675 1375 Nicaea:
2705 1322 2898 1374 iterum
2949 1320 3086 1375 facta
3116 1328 3218 1385 est,
3262 1335 3468 1374 sacram

264 1416 487 1468 σύνοδον
506 1416 629 1478 τοὺς
660 1415 1060 1484 Εἱκονομάχους
1102 1414 1195 1467 καὶ
1216 1414 1303 1466 διὰ
1331 1413 1487 1465 τοῦτο
1507 1412 1817 1481 Χριστομά-
1922 1429 1939 1467 ε

1795 1442 1817 1451 -
1922 1423 1975 1467 et
2016 1428 2259 1484 magnam
2299 1414 2581 1483 synodum,
2622 1428 2743 1482 qua:
2785 1412 3199 1476 iconomachos,
3243 1413 3295 1465 id
3347 1421 3466 1474 est,

263 1521 396 1571 χους
430 1504 523 1554 καὶ
571 1505 1032 1573 άγιοκατηγόρους
1078 1503 1593 1555 ἁποσκυδαλίσασάν
1630 1520 1689 1554 τε
1728 1502 1821 1555 καὶ
1920 1505 1938 1557 i

1799 1502 1821 1553 ὶ
1920 1505 2209 1573 imaginum
2256 1514 2668 1573 oppugnatores,
2705 1518 2768 1556 ac
2808 1514 3087 1572 propterea
3134 1504 3470 1556 Christoma-

264 1592 701 1655 καταϐαλοῦσαν,
735 1594 831 1644 σὺν
855 1595 1035 1654 αὐτοῖς
1052 1594 1108 1646 δὲ
1148 1594 1237 1645 καὶ
1278 1594 1375 1660 τὴν
1406 1592 1700 1661 βδελυκτὴν
1727 1596 1820 1645 καὶ
1921 1610 1939 1649 ί

1794 1596 1820 1645 ,ἱ
1921 1594 2071 1657 chos,
2104 1594 2153 1647 id
2181 1606 2282 1659 est,
2315 1593 2590 1648 Christum
2631 1603 3027 1663 oppugnantes,
3057 1606 3112 1647 et
3155 1603 3469 1647 sanctorum

266 1681 612 1749 Mavtxaixhv
638 1681 815 1733 αὐτῶν
836 1683 1046 1751 αἵρεσιν
1070 1698 1083 1712 ⁸
1109 1683 1171 1733 τὸ
1195 1682 1303 1752 γὰρ
1320 1681 1413 1733 τοῦ
1434 1684 1635 1751 Κυρίου
1667 1684 1821 1753 ἡμῶν
1923 1700 1941 1738 (

1797 1701 1821 1735 ν
1923 1685 2329 1749 obtrectatores,
2356 1694 2801 1754 ut.purgamenta
2833 1684 3132 1737 eliminavit
3158 1700 3222 1738 ac
3257 1684 3472 1752 deiecit.

279 1770 459 1839 Ἰησοῦ
489 1772 723 1839 Χριστοῦ
750 1772 1034 1841 ὁμοούσιον
1062 1774 1191 1842 ἡμῖν
1218 1772 1371 1841 ἅγιον
1399 1774 1555 1843 σῶμα
1591 1775 1821 1843 γράφειν
1858 1826 1898 1878 Β
1922 1775 1954 1828 (Σ

1799 1793 1821 1826 ν
1858 1826 1898 1878 Β
1922 1775 2056 1828 Cum
2097 1773 2169 1829 iis
2208 1785 2388 1828 autem
2423 1784 2478 1829 et
2504 1774 2875 1829 detestandam
2906 1790 3056 1842 aeque
3089 1774 3474 1828 Manichaicam

268 1862 552 1926 είκονικῶς
582 1865 964 1932 ἐμυσάττοντο,
996 1864 1056 1917 τὸ
1085 1865 1364 1934 ἄγραπτον
1396 1866 1491 1917 καὶ
1552 1866 1819 1934 περίγρα-
1860 1862 1898 1878 υ
1928 1880 1943 1917 (

1796 1897 1819 1906 -
1860 1862 1898 1878 υ
1928 1880 2114 1918 eorum
2145 1864 2391 1919 hzeresim
2421 1881 2435 1917 :
2468 1865 2677 1921 Domini
2717 1866 2863 1919 enim
2898 1866 3068 1921 nostri
3108 1866 3240 1921 Jesu
3269 1868 3471 1923 Christi

267 1970 405 2004 πτον
432 1954 594 2006 αὑτοῦ
630 1955 1149 2023 καταϐακχεύοντες,
1181 1958 1273 2007 καὶ
1299 1956 1387 2007 διὰ
1411 1956 1568 2008 τοῦτο
1592 1956 1667 2025 μὴ
1684 1952 1823 2009 εἶναι
1927 1974 1942 2010 t

1806 1975 1823 2009 ι
1927 1957 2384 2011 eonsubstantiale
2429 1958 2587 2014 nobis
2635 1970 2884 2013 sanetum
2912 1975 3108 2028 corpus
3162 1962 3384 2029 pingere
3422 1961 3475 2013 in

267 2046 405 2113 ἡμῖν
443 2045 722 2113 ὁμοούσιον
772 2045 1013 2115 μανικῶς
1063 2047 1544 2114 συμπεραίνοντες.
1605 2047 1820 2109 Ταύτας
1928 2047 1941 2099 i

1802 2066 1820 2109 ;
1928 2047 2160 2116 imagine
2191 2045 2640 2100 abominabantur
2669 2066 2681 2100 :
2716 2047 2859 2117 pingi
2882 2062 2988 2100 non
3018 2063 3198 2115 posse,
3222 2056 3275 2100 et
3308 2046 3477 2099 incir-

268 2132 365 2189 οὖν
387 2138 481 2197 τὰς
510 2137 668 2203 ἁγίας
700 2140 792 2189 καὶ
812 2139 1195 2205 οίκουμενικάς
1230 2137 1367 2189 ἑπτὰ
1409 2138 1655 2199 συνόδους
1685 2140 1819 2189 άπο-
1926 2154 1943 2192 (

1801 2168 1819 2178 -
1926 2137 2305 2206 cumscriptum
2321 2152 2440 2191 esse
2461 2138 2839 2191 debacchando
2861 2149 3254 2201 asseverantes,
3270 2152 3333 2191 ae
3354 2138 3476 2190 ideo

267 2228 519 2297 δέχομαι,
549 2228 957 2297 άναθεματίξων
993 2230 1111 2299 μὲν,
1141 2228 1232 2292 οὓς
1255 2229 1667 2299 ἀνεθεμάτισαν,
1690 2248 1818 2283 κατ-
1928 2246 1942 2282 1

1801 2260 1818 2270 -
1928 2230 2082 2283 nobis
2118 2228 2577 2284 consubstantiale
2611 2244 2718 2282 non
2752 2244 2887 2288 esse,
2920 2228 3110 2282 insano
3148 2244 3299 2283 more
3344 2244 3476 2283 eon-

270 2320 650 2387 ασπαζόμενος
689 2321 744 2372 δὲ
786 2324 876 2373 καὶ
910 2321 1243 2389 μεγαλύνων,
1270 2321 1361 2384 οὓς
1403 2325 1818 2390 ἐπευφήμησαν.
1924 2339 1945 2374 c

1805 2360 1818 2375 .
1924 2322 2225 2376 eludentes.
2244 2320 2351 2375 Has
2378 2321 2538 2392 igitur
2562 2330 2774 2378 sanctas
2790 2330 2842 2373 et
2858 2322 3222 2375 (ecumeriicas
3241 2319 3476 2390 synodos

269 2413 496 2477 recipio.
520 2414 974 2468 anathematizans
996 2430 1133 2483 quos
1177 2415 1789 2479 anathematizaverunt,
1834 2425 1885 2469 et
1920 2414 3476 2485 amplectensetmagniﬁeans,quoslaudibuseelebrarunt.

349 2504 493 2571 Λῦτη
526 2521 625 2571 μου
655 2505 801 2574 ήτῆς
830 2506 1082 2569 πίστεως,
1107 2507 1201 2558 καὶ
1228 2506 1335 2559 τῶν
1360 2508 1439 2567 είς
1474 2509 1681 2575 ταύτην
1732 2508 1825 2558 άν-
1994 2505 2024 2559 Η

1807 2538 1825 2545 -
1994 2505 2117 2561 HERC
2150 2516 2231 2561 est
2265 2507 2388 2562 ﬁdei
2416 2522 2568 2569 mea},
2604 2521 2789 2560 eorum
2845 2522 2967 2577 quae
3004 2506 3070 2560 ad
3107 2507 3280 2574 ipsam
3313 2507 3482 2574 perti-

273 2596 518 2664 ηκόντων
551 2598 643 2648 καὶ
682 2598 809 2666 περὶ
840 2598 1006 2668 αὐτὴν
1040 2599 1415 2667 ὑφισταμένων
1436 2599 1709 2669 ὁμολογία,
1737 2603 1829 2651 καὶ
1926 2616 1948 2653 ῐ

1806 2603 1829 2651 ἱ
1926 2608 2075 2663 nent,
2120 2607 2175 2652 et
2210 2599 2350 2652 circa
2385 2613 2503 2652 eam
2547 2600 2866 2660 subsistunt,
2904 2597 3191 2661 confessio,
3229 2606 3286 2650 et
3322 2598 3376 2649 in
3418 2612 3480 2650 ea

272 2687 336 2737 ἐν
366 2685 534 2757 ταύτῃ
560 2688 591 2755 ἡ
631 2687 803 2750 ἐλπὶς,
833 2690 931 2739 οὐκ
963 2690 1081 2757 ἐμοὶ
1111 2689 1166 2741 δὲ
1204 2690 1383 2757 μόνον,
1430 2691 1561 2743 ἀλλὰ
1602 2692 1694 2743 καὶ
1724 2694 1827 2744 πᾶ-
1926 2706 1947 2742 s

1807 2724 1827 2733 ο
1926 2704 2076 2755 spes;
2115 2704 2215 2741 nec
2249 2688 2381 2741 mihi
2421 2704 2549 2741 vero
2579 2689 2704 2752 soli,
2750 2688 2841 2741 sed
2888 2697 2941 2741 et
2991 2688 3243 2741 omnibus
3284 2689 3482 2756 quibus

276 2795 365 2829 σιν
398 2779 539 2838 ὅσοις
571 2777 811 2830 εὐσεϐεῖν
864 2780 1243 2848 μεμελέτηται,
1294 2780 1387 2832 καὶ
1437 2782 1530 2850 τῆς
1586 2780 1829 2850 καθαρᾶς
1928 2798 1951 2833 ll

1808 2800 1829 2843 ;
1928 2781 2241 2833 meditatum
2269 2790 2354 2834 est
2388 2781 2473 2849 pie
2501 2781 2702 2845 vivere,
2734 2781 3037 2849 quibusque
3076 2780 3291 2834 divinus
3331 2795 3483 2833 amor

277 2869 375 2920 καὶ
407 2868 693 2938 ἁκιδδήλου
736 2869 891 2937 δόξης
940 2869 1046 2921 τῶν
1106 2871 1440 2939 Χριστιανῶν
1493 2872 1631 2933 θεῖος
1668 2872 1824 2939 ἔρως,
1865 2929 1894 2939 η
1931 2871 1952 2921 i;

1800 2891 1824 2931 ι,
1865 2929 1894 2939 η
1931 2871 2145 2922 innatus
2173 2878 2274 2927 est.
2302 2885 2493 2937 puram
2516 2878 2569 2922 et
2601 2870 2864 2923 sinceram
2889 2868 3317 2924 Christianorum
3358 2884 3475 2923 sen-

277 2929 665 3027 ττροσπέφυκεν
693 2929 931 3027 ἔχεσθαι.
957 2929 1171 3030 Ταύτην
1203 2957 1294 3013 οὖν
1319 2961 1475 3029 ἡμῶν
1512 2929 1830 3031 τὴν-ἐγγραζ
1858 2929 1898 2983 C
1938 2969 1952 3010 t

1812 2992 1830 2999 -
1858 2929 1898 2983 Ο
1938 2959 2163 3012 tentiam
2190 2959 2477 3013 retinendi.
2497 2959 2649 3014 Hanc
2675 2959 2837 3029 igitur
2865 2960 2918 3012 in
2948 2960 3164 3027 scriptis
3193 2959 3316 3012 ﬁdei
3354 2973 3484 3011 eon-

280 3066 381 3116 φον
416 3048 515 3116 τῆς
574 3050 807 3109 πίστεως
859 3049 1146 3117 ὁμολογίαν
1186 3050 1602 3118 ὑποστήσαντες,
1646 3053 1739 3102 καὶ
1765 3052 1830 3119 τῇ
1934 3051 1955 3101 ίῖ

1813 3052 1830 3119 ᾗ
1934 3049 2221 3103 fessionem
2248 3058 2565 3115 statuentes,
2584 3061 2638 3104 et
2662 3062 2853 3106 vestrae
2884 3053 3258 3107 sacratissima:
3286 3054 3488 3107 sancti-

282 3142 439 3209 ήμῶν
471 3142 709 3211 πανιέρῳ
737 3142 969 3209 ἱερότητι
998 3142 1067 3193 τὰ
1097 3141 1218 3193 καθ’
1257 3143 1402 3211 ἡμᾶς
1437 3143 1512 3205 ὠς
1553 3146 1609 3195 ἐν
1645 3143 1831 3196 πίνακι
1935 3150 1951 3193 ι

1816 3163 1831 3195 ι
1935 3140 2024 3193 tati
2053 3155 2137 3193 res
2159 3149 2371 3194 nostras
2391 3151 2454 3195 ut
2476 3141 2530 3194 in
2564 3143 2740 3195 tabula
2755 3144 3140 3212 exprimentes,
3163 3153 3218 3199 et
3234 3160 3487 3198 sermone

278 3231 727 3299 διαχαράττοντες
753 3235 861 3292 τοῖς
890 3231 1067 3297 λόγοις
1095 3234 1565 3302 ἀνιστορήσαντες,
1608 3234 1740 3301 ὅπερ
1771 3231 1832 3301 δὴ
1932 3248 1953 3285 ε

1812 3232 1832 3301 ἡ
1932 3240 2445 3299 commemorantes;
2480 3234 2622 3301 quod
2658 3250 2801 3303 sape
2832 3235 3143 3304 petivimus,
3183 3236 3487 3306 indigemus

281 3321 541 3383 πολλάκις
616 3322 953 3391 ᾐτησάμεθα,
1011 3322 1118 3373 τῶν
1180 3322 1455 3391 ὑμετέρων
1509 3322 1832 3390 ὲπιδεόμεθα
1932 3339 1956 3376 0

1810 3340 1832 3374 ι
1932 3323 2264 3377 orationibus
2293 3325 2507 3386 vestris,
2529 3335 2587 3378 ut
2605 3325 2773 3380 Deum
2798 3326 3087 3393 propitium
3110 3343 3172 3380 ac
3193 3328 3485 3397 benignum

282 3412 622 3481 προσευχῶν,
682 3412 811 3464 Θεὸν
864 3413 959 3480 μὲν
988 3412 1141 3464 ἵλεων
1171 3413 1263 3463 καὶ
1294 3412 1494 3480 εὐμενῆ
1528 3414 1609 3478 ἐφ’
1660 3406 1737 3472 οἷς
1778 3430 1835 3464 τε
1937 3414 1951 3465 i

1816 3431 1835 3464 ε
1937 3414 1990 3465 in
2039 3415 2119 3467 his
2167 3429 2285 3482 qua:
2344 3415 2598 3483 gerimus,
2648 3416 2986 3469 inveniamus
3034 3435 3047 3468 :
3092 3433 3307 3470 omnem
3363 3433 3491 3471 vero

286 3504 631 3571 πράττομεν,
707 3504 797 3554 καὶ
851 3503 1294 3572 διεπραξάμεθα,
1360 3504 1507 3570 ἡμᾶς
1555 3502 1826 3570 ὲφευρεῖν,
1939 3522 1961 3557 s

1816 3543 1826 3563 ,
1939 3504 2309 3558 scandalorum
2364 3506 2637 3569 radicem,
2703 3517 2759 3560 et
2812 3516 3017 3574 petram
3063 3508 3380 3561 oﬂensionis
3426 3523 3491 3561 ex

284 3598 465 3648 πᾶσαν
520 3596 575 3646 δὲ
610 3595 913 3646 σκανδάλων
959 3596 1131 3663 ῥίζαν,
1164 3595 1256 3646 καὶ
1302 3595 1504 3663 πέτραν
1562 3594 1839 3663 προσκόμ-
1939 3614 1959 3651 ε

1816 3624 1839 3633 -
1939 3598 2303 3652 ecclesiastico
2359 3599 2551 3653 ordine
2588 3600 2853 3652 sublatam
2900 3600 3227 3664 intueamur,
3257 3615 3321 3653 ac
3349 3600 3488 3653 bene

287 3702 476 3753 ματος,
521 3687 584 3737 ὲκ
631 3686 802 3737 ποδῶν
856 3686 1191 3753 γεγενημένα
1245 3686 1342 3752 τῆς
1376 3684 1833 3751 ὲκκλησιαστικῆς
1941 3706 1962 3757 ε

1815 3700 1833 3743 ς
1941 3687 2087 3757 pasci
2117 3689 2381 3753 subditos,
2416 3705 2517 3744 nec
2546 3690 2888 3744 multitudine
2922 3700 3232 3745 nostrorum
3266 3691 3490 3745 delicto-

284 3775 537 3839 εὐταξίας
618 3774 875 3842 καθορᾷν’
954 3772 1332 3841 ποιμαίνεσθαί
1409 3790 1466 3823 τε
1531 3772 1709 3833 καλῶς
1770 3772 1829 3822 τὸ
1941 3796 1959 3832 ι-

1819 3790 1829 3822 ι
1941 3795 2080 3844 rum,
2107 3781 2319 3834 illorum
2363 3781 2415 3834 in
2462 3782 2605 3836 bono
2648 3782 2944 3851 profectum
2988 3784 3061 3837 ita
3102 3783 3385 3847 retardari,
3436 3794 3494 3838 ut

287 3867 548 3934 ὑπήκοον,
600 3868 674 3935 μὴ
736 3865 810 3934 τῷ
852 3865 1046 3935 πλήθει
1096 3864 1203 3916 τῶν
1252 3864 1533 3933 ἡμετέρων
1593 3864 1837 3931 ἁμαρτη-
1944 3872 1956 3924 i

1820 3893 1837 3902 -
1944 3872 2068 3924 inde
2095 3872 2251 3924 nobis
2270 3872 2547 3939 multiplex
2586 3883 2866 3940 peccatum
2907 3875 3246 3938 aseribatur;
3276 3876 3369 3927 sed
3397 3889 3495 3943 ego

291 3961 475 4027 μάτων
529 3960 627 4026 τὴν
678 3959 899 4009 ἐκείνων
928 3959 1011 4009 ἐπ’
1052 3957 1240 4025 ἀγαθῷ
1309 3956 1587 4025 προκοπὴν
1636 3956 1831 4007 άνακό-
1943 3975 1966 4027 q

1816 3982 1831 3995 -
1943 3959 2156 4027 quidem
2176 3958 2303 4025 ipsis
2324 3958 2514 4013 faciam
2535 3961 2774 4014 etdicam
2790 3963 2840 4014 in
2859 3963 3100 4015 doctrina
3121 3978 3238 4031 quae
3256 3972 3491 4030 oportet;

291 4050 542 4114 πτεσθαι,
588 4049 661 4110 ὡς
684 4049 926 4101 ἐντεῦθεν
977 4050 1105 4117 ἡμῖν
1140 4048 1533 4100 πολλαπλάσιον
1562 4047 1621 4099 τὸ
1659 4048 1837 4115 ἁμάρ-
1942 4050 1966 4103 il

1820 4076 1837 4085 -
1942 4050 1977 4103 ii
2010 4065 2135 4103 vero
2159 4051 2473 4105 obedienter
2502 4060 2556 4105 et
2584 4054 2927 4107 tractabiliter
2954 4055 3019 4107 ad
3062 4070 3222 4107 suum
3256 4054 3495 4121 ipsorum

286 4159 439 4209 τημα
469 4142 931 4210 καταγράφεσθαι.
977 4141 1112 4193 Ἀλλ’
1160 4141 1276 4207 εἴην
1320 4141 1416 4209 μὲν
1443 4140 1627 4199 αὐτοῖς
1665 4136 1835 4205 ἔγωγε
1944 4156 1961 4193 ε

1819 4154 1835 4188 ε
1944 4141 2170 4194 salutem
2202 4141 2485 4204 ducantur,
2515 4151 2569 4195 et
2610 4144 2827 4196 Christo
2863 4144 3103 4197 omnium
3134 4144 3295 4212 capiti
3329 4142 3494 4195 inhae-

291 4236 385 4285 καί
438 4234 607 4287 ποιῶν
658 4235 750 4287 καὶ
817 4234 989 4301 λέγων
1036 4234 1090 4283 ὲν
1144 4230 1458 4301 διδασκαλίᾳ
1515 4230 1583 4281 τά
1630 4228 1837 4291 δέοντα,
1946 4248 1966 4284 r

1823 4267 1837 4291 ,
1946 4242 2127 4286 renter
2156 4243 2616 4301 coagmententur,
2647 4235 2763 4301 ejus
2790 4236 3124 4289 humanitate
3164 4245 3220 4290 et
3248 4235 3496 4303 benigni-

293 4328 484 4393 εἶησαν
504 4327 561 4378 δὲ
607 4326 875 4379 καὶαὺτοὶ
904 4325 1167 4388 εὐπειθῶς
1198 4342 1257 4377 τε
1296 4326 1391 4377 καὶ
1451 4323 1676 4391 εὐηνίως
1714 4321 1843 4390 πρὸς
1949 4334 1968 4376 ι

1818 4339 1843 4383 ς
1949 4332 2076 4385 tate,
2100 4321 2183 4375 cui
2212 4321 2375 4390 gloria
2414 4332 2469 4375 et
2507 4322 2792 4390 imperium
2826 4338 2949 4375 cum
2979 4322 3156 4388 Patre,
3198 4332 3255 4376 et
3302 4329 3493 4376 sancto

290 4422 391 4487 τὴν
421 4420 625 4471 ἑαυτῶν
673 4421 944 4490 σωτηρίαν
993 4419 1340 4487 ἀναγόμενοι,
1374 4417 1469 4469 καὶ
1510 4414 1731 4485 Χριστῷ
1775 4416 1840 4482 τῇ
1949 4409 1965 4462 ξ

1820 4416 1840 4482 ᾗ
1949 4409 2174 4479 Spiritu,
2214 4410 2336 4462 vita:
2369 4411 2595 4479 principi
2631 4421 2685 4464 et
2725 4413 3167 4466 consubstantiali
3203 4412 3454 4465 Trinitati
3481 4451 3495 4475 ,

293 4513 511 4563 πάντων
541 4513 747 4582 κεφαλῇ
805 4512 1098 4580 προσφυῶς
1163 4508 1743 4579 συναρμολογούμενοι,
1777 4507 1841 4575 τῇ
1876 4496 1921 4551 Ῑ)
1945 4518 1968 4554 ll

1821 4507 1841 4575 ᾗ
1876 4496 1921 4551 D
1945 4517 2089 4555 nunc
2134 4509 2187 4554 et
2229 4515 2462 4568 semper,
2498 4508 2552 4553 et
2590 4501 2642 4552 in
2684 4502 2875 4556 sa-cula
2915 4504 3254 4556 seculorum.
3303 4502 3496 4554 Amen.

293 4599 459 4652 αὐτοῦ
494 4602 871 4671 φιλανθρωπίᾳ
895 4602 989 4655 καὶ
1028 4599 1369 4670 χρηστότητι.
1392 4593 1463 4668 ⁷ῼ
1492 4598 1526 4667 ἠ
1565 4596 1712 4660 δόξα,
1741 4594 1839 4649 καὶ
1873 4592 1933 4645 τὸ
1969 4591 2165 4661 κράτος
2235 4591 2345 4658 ἃμα
2377 4592 2452 4660 τῷ
2496 4594 2690 4659 Πατρὶ,
2736 4594 2830 4645 καὶ
2897 4594 2975 4663 τῷ
3010 4595 3148 4663 ἁγίῳ
3195 4594 3497 4660 Πνεύματι,

294 4696 362 4762 τῇ
390 4692 665 4763 ζωαρχικῇ
696 4694 789 4745 καὶ
809 4692 1072 4762 ὁμοουσίῳ
1098 4691 1286 4762 Τριάδι
1308 4689 1425 4756 νῦν,
1452 4690 1544 4743 καὶ
1599 4688 1705 4752 ἀεὶ,
1729 4688 1819 4739 καὶ
1840 4686 1919 4746 είς
1938 4685 2059 4745 τοὺς
2081 4683 2279 4744 αἰῶνας
2306 4683 2412 4735 τῶν
2443 4682 2670 4737 αἰώνων.
2712 4684 2905 4753 Ἀμήν.

922 4809 1141 4864 EPIST.
1193 4808 1257 4861 ll.
2553 4801 2593 4851 Ε

1219 4808 1257 4860 Ι.
2553 4800 2775 4852 ΕΠΙΣΤ.
2819 4800 2890 4849 Β’·

459 4903 518 4952 Ἥ
542 4903 862 4963 ἀπολογητική
889 4902 1112 4957 ἐπιστολή
1137 4898 1223 4947 τοῦ
1241 4898 1564 4964 Φωτίου-πρὸς
1585 4896 1664 4941 τὸν
1687 4894 1851 4964 πάπαχ
1882 4892 2138 4964 Νικόλαονι
2158 4895 2205 4939 ἐν
2232 4893 2300 4946 οἷς
2319 4892 2564 4952 ἐμέμψατο
2588 4892 2725 4952 αὐτῷ
2755 4893 2832 4938 διὰ
2851 4894 2936 4948 τήν
2956 4894 3071 4953 πρὸς
3093 4892 3173 4937 τὸν
3198 4892 3361 4952 Θρὸνον

1417 4954 1953 5007 Κώνσταντινουπὸλεως
1973 4954 2262 5001 άναϐίϐασιν.

304 5050 483 5114 Τῴτὰ
514 5051 707 5102 πάντα
743 5048 1058 5116 ἁγιωτάτῳ,
1104 5044 1389 5113 Ιερωτάτῳ
1442 5042 1699 5110 ἀδελφῷ,
1752 5042 1847 5093 καὶ
1946 5037 1979 5090 Il

1831 5042 1847 5093 l
1946 5037 2005 5090 In
2042 5040 2273 5091 omnibus
2299 5039 2629 5091 sanctissimo
2660 5039 3014 5089 sacratissimo
3045 5038 3199 5105 fratri
3226 5048 3273 5090 et
3288 5042 3500 5092 commi-

370 5139 812 5208 συλλειτουρτῷ
836 5139 1106 5204 Νικολάῳ
1137 5137 1302 5201 mittet
1324 5135 1431 5201 τῆς
1453 5135 1851 5202 πρεσϐυτέρας
2016 5150 2045 5184 η

1827 5154 1851 5199 ς
2016 5135 2177 5184 nistro
2208 5132 2423 5185 Nicolao
2443 5133 2605 5200 Papa:
2626 5134 2839 5186 senioris
2872 5132 3046 5185 Romae
3077 5131 3293 5183 Photius
3310 5132 3502 5197 episco-

384 5234 620 5301 Ῥώμης.
663 5233 881 5296 Φώτιος
928 5233 1256 5294 ἐπίσκοπος
1294 5228 1851 5285 Κωνσταντινουπό-
2018 5245 2059 5293 p1

1375 5228 1851 5281 ινσταντινουπό-
2018 5245 2109 5293 pus
2143 5226 2651 5293 Constantinopoleos
2685 5241 2825 5277 noue
2859 5224 3050 5277 Romae.

372 5330 522 5391 λεως
558 5326 699 5388 ’νέας
738 5325 971 5393 Ῥώμης.

1292 5410 1464 5470 Jseen,
1491 5411 1524 5458 l.
1550 5423 1591 5457 c.
1622 5424 1668 5470 p.
1697 5411 1801 5458 459.
1826 5436 1883 5447 -—
1910 5406 2146 5458 Baronius
2171 5406 2228 5453 ad
2255 5416 2366 5450 ann.
2396 5399 2505 5449 861.

387 5502 632 5569 ’Δγάπης
662 5499 758 5568 μὲν
789 5498 866 5558 ὡς
911 5494 1126 5561 άληθῶς
1156 5494 1303 5546 οὐδὲν
1330 5496 1511 5562 κτῆμα
1538 5495 1854 5563 σεμνότερον
2033 5492 2062 5544 C

1833 5511 1854 5544 ν
2033 5491 2309 5544 Charitate
2380 5503 2504 5539 vere
2570 5482 2705 5536 nihil
2783 5480 3145 5536 venerabilius
3219 5498 3358 5545 esse,
3409 5499 3508 5537 nec

305 5596 427 5649 οὐδὲ
454 5590 773 5659 τιμιώτερον
806 5588 897 5640 καὶ
931 5590 1049 5649 ταῖς
1088 5588 1292 5647 κοιναῖς
1326 5586 1555 5647 ἐννοίαις
1580 5586 1853 5654 ἀνωμολό-
1964 5601 1980 5653 ι

1830 5614 1853 5623 -
1964 5582 2273 5653 pretiosius,
2321 5589 2375 5632 et
2425 5576 2803 5630 communibus
2869 5572 3152 5626 sententiis
3197 5574 3505 5627 confessum

1746 5677 1864 5730 NU'I

385 5780 460 5845 (2)
488 5775 642 5829 Falso
670 5788 930 5845 accusans
970 5772 1261 5845 llonorium
1288 5788 1315 5845 ;_
1339 5785 1437 5845 nec
1466 5770 1589 5845 sine
1609 5769 1730 5822 dolo
1765 5785 1859 5845 ρο·
1973 5768 2308 5829 nopolitanus
2340 5762 2671 5845 patriarchas
2723 5762 2942 5845 ίιειξιςοδιδ
2990 5768 3234 5845 auctolles
3288 5766 3513 5845 et‘pro-

324 5827 860 5915 init—lprmtcrmisisse
894 5842 1156 5911 Pyrrhum
1202 5852 1251 5894 ct
1286 5827 1505 5894 Paulum
1554 5827 1859 5893 Constanti
1969 5827 2305 5907 pugnatorrs.
2342 5827 2433 5886 ὐς
2480 5832 2711 5885 llt'tntmz
2744 5830 2864 5883 \‘itic
2906 5842 3028 5880 inm.
3067 5827 3172 5881 Vlll
3202 5829 3386 5884 .tmml.
