4242 6438
747 379 855 444 595

1872 397 2129 457 PIIOTII
2171 399 2676 460 PATRIARCH/E
2712 398 2818 458 ΟΡ.

3877 401 4002 464 596

745 505 847 556 est,
891 505 943 547 et
995 495 1168 550 sacris
1211 497 1442 568 eloquiis
1500 508 1778 556 testatum.
1844 505 1945 559 Per
1999 523 2117 561 eam
2170 509 2313 562 enim
2347 516 2390 569 Λ

2347 516 2390 569 Λ
2420 527 2604 579 γηται,
2647 511 2739 561 καὶ
2789 511 2899 569 τοῖς
2950 509 3117 571 θείοις
3150 509 3366 577 Λογίοις
3404 512 3858 580 ἐπιμαρτύρεται.
3901 518 3996 565 Δι’

742 598 986 654 separata
1023 589 1445 659 coniunguntur,
1486 601 1542 646 et
1573 595 1924 663 pacificantur
1949 599 2241 669 pugnantia
2276 602 2315 664 ‘,

743 687 801 730 ct
830 681 1040 745 juncta,
1075 681 1482 752 domestieaque
1507 687 1679 755 magis
1715 691 2124 752 consociantur,
2169 692 2316 745 sedi-

745 771 1003 836 tionibus,
1049 775 1596 846 contentionibusque
1627 779 1830 832 aditmn
1866 796 1972 833 non
1999 783 2314 850 prrebentia'

745 861 862 930 Ipsa
909 866 1053 916 enim
1105 881 1215 919 non
1248 867 1448 937 cogitat
1496 870 1720 933 malum,
1763 872 1854 926 sed
1873 874 2054 926 omnia
2098 873 2313 935 suffert,

740 956 924 1007 omnia
949 966 1152 1025 sperat;
1183 959 1364 1013 omnia
1409 961 1679 1027 sustinet,
1709 978 1812 1016 nec
1852 980 2087 1032 unquam
2139 966 2311 1033 (juxta

750 1049 946 1100 bonum
972 1047 1222 1119 Paulum)
1252 1051 1475 1106 excidit.
1506 1053 1626 1121 Ipsa
1667 1065 1721 1107 et
1755 1054 1986 1109 famulos
2017 1057 2110 1126 qui
2138 1059 2312 1110 offen-

744 1137 962 1201 derunt,
996 1140 1230 1194 dominis
1252 1143 1589 1207 reconciliat,
1619 1155 1826 1199 natura:
1851 1148 2105 1202 eumdem
2147 1150 2310 1202 hono-

745 1244 858 1284 rem
892 1231 958 1284 ad
981 1230 1353 1287 defensionem
1403 1235 1592 1303 lapsus
1627 1251 1929 1306 Opponens.
1964 1240 2086 1307 lpsa
2119 1249 2174 1294 et
2213 1241 2310 1293 do-

750 1322 1017 1376 minorum
1051 1326 1368 1379 saevientem
1400 1326 1640 1382 furorem
1694 1330 1894 1384 leniter
1956 1330 2100 1386 ferre
2149 1333 2308 1386 mini-

740 1421 883 1468 stros
920 1414 1129 1477 edocet,
1179 1416 1409 1471 fortunae
1458 1419 1860 1488 imparilitatem
1913 1424 2202 1477 consolans
2239 1440 2304 1478 ex

744 1520 933 1560 corum
967 1507 1055 1573 qui
1085 1505 1273 1561 eadem
1306 1510 1582 1577 patiuntur
1609 1513 1985 1568 similitudine.
2007 1514 2071 1567 Et
2095 1525 2308 1584 patrum

750 1595 800 1647 in
851 1594 992 1648 ﬁlios
1045 1597 1376 1652 iracundiam
1425 1601 1634 1671 mitigat
1684 1614 1844 1672 atque
1898 1605 2194 1668 exhilarat;
2255 1614 2310 1659 et

765 1685 1180 1740 unssitationem
1247 1687 1478 1740 filiorum
1555 1691 1610 1742 in
1633 1701 1908 1758 parentes,
1979 1694 2097 1747 sine
2121 1694 2309 1747 dolore

753 1776 990 1843 iceipere
1037 1778 1307 1844 hortatur,
1339 1780 1638 1833 naturalem
1694 1781 1935 1836 habitum
1962 1791 2017 1837 et
2054 1782 2306 1836 allectum

762 1874 990 1920 nutuum
1022 1884 1237 1922 armans
1265 1881 1452 1924 contra
1497 1887 1612 1925 eam
1666 1873 2082 1941 disjunetionem
2116 1890 2237 1942 qua:
2278 1888 2307 1926 a
2343 1852 2382 1908 Β

747 1967 941 2010 natura
973 1960 1265 2013 abhorret:
1297 1970 1352 2013 et
1384 1961 1574 2014 amicis
1603 1962 1772 2015 rixam
1800 1963 2129 2016 incidentem
2157 1963 2309 2016 facile

745 2049 978 2116 repellit,
1015 2059 1074 2102 ut
1100 2065 1415 2103 communes
1438 2051 1580 2104 sales
1609 2067 1760 2120 aeque
1783 2068 1844 2104 ae
1867 2060 2114 2105 naturam
2147 2066 2308 2105 reve-

747 2150 973 2195 reantur
1022 2141 1318 2196 adhortans
1351 2161 1364 2196 :
1393 2153 1448 2197 et
1477 2158 1570 2197 eos
1605 2144 1694 2212 qui
1739 2145 1790 2197 in
1823 2146 2010 2198 eadem
2061 2145 2126 2197 de
2175 2144 2306 2205 Deo,

747 2231 1016 2299 rebusque
1043 2230 1236 2283 divinis
1261 2233 1532 2285 sententia
1558 2242 1703 2296 sunt,
1737 2234 1984 2301 quamvis
2024 2235 2130 2287 sint
2162 2233 2310 2286 loco-

744 2336 864 2373 rum
894 2321 1176 2376 intervallo
1205 2323 1483 2392 disiuncti,
1509 2334 1565 2379 et
1596 2325 1924 2380 oculisinter
1951 2341 2008 2380 se
2032 2341 2306 2395 nunquam

748 2413 1002 2480 viderint,
1054 2417 1338 2486 eonjungit
1395 2428 1447 2472 et
1508 2419 1796 2472 sententiis
1841 2418 2197 2487 eonglutinat,
2255 2427 2311 2472 et

744 2521 906 2562 veros
945 2507 1071 2561 facit
1097 2509 1300 2563 amicos
1324 2527 1339 2573 ;
1371 2525 1436 2563 ac
1461 2509 1503 2564 si
1530 2509 1666 2563 forte
1692 2510 1948 2564 alteruter
1971 2511 2037 2564 ad
2089 2509 2308 2563 incusa-

749 2597 926 2651 tiones
961 2597 1451 2652 inconsiderantius
1474 2599 1702 2663 venerit,
1741 2599 1888 2652 casui
1921 2598 1995 2653 illi
2039 2600 2308 2664 medetur,

746 2689 1035 2757 omniaque
1095 2688 1443 2761 redintegrat,
1493 2689 1705 2745 ﬁrmum
1754 2690 2154 2763 conjunction'rs
2193 2691 2312 2749 viu-

749 2780 931 2834 culum
961 2795 1312 2837 conservans.

823 2957 952 3012 Haec
988 2967 1046 3012 et
1067 2966 1268 3014 nostra!
1315 2959 1678 3015 mediocritati
1707 2961 1998 3031 persuasit,
2041 2976 2151 3013 non
2185 2974 2312 3028 gra-

749 3049 891 3104 viter
939 3050 1346 3120 obiurgationes
1391 3051 1554 3114 ferre,
1604 3068 1723 3122 quae
1780 3068 1807 3105 a
1862 3060 2039 3106 vestra
2091 3059 2313 3120 paterna

747 3142 1036 3196 sanctitate
1064 3143 1367 3212 iaculorum
1399 3144 1571 3198 instar
1622 3144 1835 3198 emissae
1865 3152 2026 3208 sunt;
2052 3159 2114 3197 ac
2158 3142 2310 3204 fecit,

749 3244 810 3288 ut
842 3235 1156 3300 arbitrarer,
1192 3234 1490 3304 perturbati
1521 3234 1687 3288 animi
1721 3235 1820 3289 hos
1848 3235 1989 3288 fetus
2028 3251 2138 3289 non
2166 3251 2307 3298 esse,

750 3341 853 3380 nec
901 3326 1099 3380 mentis
1142 3325 1510 3380 oil'ensionum
1548 3334 1604 3380 et
1644 3325 2051 3380 inimicitiarum
2101 3328 2310 3395 cupida:

749 3418 955 3482 verba;
987 3417 1081 3472 sed
1114 3417 1296 3487 potius
1340 3417 1566 3472 aﬂ‘ectus
1595 3417 1704 3472 veri
1742 3433 1804 3471 ac
1849 3418 1986 3471 nihil
2033 3419 2307 3489 ﬁngentis,

748 3518 803 3563 et
853 3508 1278 3564 ecclesiasticum
1301 3508 1548 3562 ordinem
1593 3508 1868 3563 subtiliter
1921 3510 2305 3571 examinantis,

749 3609 911 3667 atque
937 3599 1004 3653 ad
1045 3615 1320 3653 summum
1358 3610 1610 3656 accurata
1662 3599 1938 3670 diligentia
1979 3601 2179 3655 ducere
2223 3601 2306 3654 ni-

749 3692 937 3746 tentis.
967 3691 1100 3746 Nam
1129 3692 1173 3746 si
1207 3703 1430 3763 propter
1455 3707 1719 3746 summam
1773 3693 2164 3763 benignitatem
2191 3708 2306 3748 non

748 3785 1000 3839 noncedit
1020 3784 1217 3839 malum
1245 3797 1305 3840 ut
1328 3786 1528 3840 malum
1557 3785 1792 3855 cogitare
1813 3805 1827 3840 :
1850 3786 2122 3855 quomodo
2145 3786 2306 3851 sinet,

748 3878 950 3932 malum
975 3893 1118 3940 esse,
1155 3879 1515 3947 pronuntiare
1536 3879 1559 3931 ?
1581 3894 1643 3932 ea
1667 3879 1811 3932 enim
1866 3879 2005 3932 ratio
2057 3880 2308 3947 benigni-

750 3981 912 4028 tatem
948 3989 1066 4027 esse
1101 3975 1274 4037 novit,
1307 3991 1426 4044 quae
1468 3990 1705 4043 eousque
1730 3974 2088 4043 progreditur,
2129 3985 2187 4028 ut
2215 3991 2307 4030 eos

749 4064 914 4118 etiam
945 4065 1036 4132 qui
1077 4065 1318 4118 dolorem
1354 4066 1485 4118 dant
1515 4066 1776 4118 beneficio
1803 4066 2014 4120 alliciat.
2039 4066 2304 4130 Quoniam

749 4168 881 4206 vero
911 4152 1050 4206 nihil
1081 4153 1353 4222 prohibet.
1379 4154 1674 4222 quominus
1703 4164 1756 4206 et
1799 4154 1992 4207 fratres
2027 4169 2149 4206 eum
2195 4153 2306 4207 fra-

750 4249 946 4308 tribus,
974 4258 1029 4302 et
1057 4265 1177 4302 cum
1212 4247 1467 4303 Patribus
1497 4248 1590 4300 filii
1622 4249 1675 4300 in
1702 4265 1833 4302 vero
1868 4249 2100 4302 dicendo
2138 4249 2303 4302 liber-

750 4349 914 4395 tatem
952 4340 1239 4394 obtineant
1262 4340 1421 4406 (nihil
1462 4341 1605 4394 enim
1642 4340 1869 4394 amicius
1899 4341 2149 4406 veritate)
2179 4340 2306 4397 licet

746 4441 803 4486 et
828 4431 986 4485 nobis
1014 4431 1186 4484 libero
1213 4447 1464 4484 sermone
1495 4432 1570 4485 uti
1592 4448 1654 4486 ac
1684 4433 1921 4486 scribere
1951 4449 2058 4486 non
2085 4444 2303 4488 contra~

2424 603 2595 670 αὑτῆς
2617 603 2724 671 γὰρ
2757 601 2824 654 τά
2845 602 3105 653 διεστῶτα
3124 603 3470 665 συνάπτεται,
3507 605 3599 656 καὶ
3621 605 3994 673 είρηνοποιεῖ-

2419 709 2510 744 ται
2537 693 2603 745 τὰ
2642 694 2945 762 μαχόμενα,
2973 695 3067 744 καὶ
3108 694 3175 745 τὰ
3205 695 3380 746 οίκεῖα
3451 695 3647 763 μᾶλλον
3679 695 3991 764 συσφίγγε⁹

2418 801 2530 846 ται,
2563 786 2684 846 ταῖς
2715 784 2954 845 στάσεσι,
2979 786 3072 836 καὶ
3101 786 3221 845 ταῖς
3255 785 3629 852 φιλονεικίαις,
3662 788 3893 857 πάροδον
3917 789 3992 840 οὐ

2417 875 2795 945 παρεχόμενα·
2828 875 2966 945 αῦτη
2995 875 3102 945 γάρ
3127 877 3189 928 οὑ
3227 876 3500 944 λογίζεται
3526 878 3586 928 τὸ
3617 879 3808 942 κακὸν,
3844 879 3993 932 ἀλλὰ

2416 969 2595 1022 πάντα
2623 970 2860 1038 στέργει,
2897 971 3074 1022 πάντα
3098 970 3378 1039 ὑπομένει,
3409 972 3504 1023 καὶ
3527 972 3807 1034 οὐδέποτε,
3836 975 3988 1026 κατὰ

2413 1060 2506 1112 τὸν
2537 1060 2802 1130 μακάριον
2834 1060 3064 1127 Παῦλον,
3091 1062 3370 1113 ἐκπίπτειο
3390 1063 3527 1132 αῦτη
3559 1065 3652 1115 καί⁵
3673 1063 3990 1132 θεράποντα

2416 1150 2836 1219 ἐξημαρτηκότα
2852 1150 3145 1214 δεσπόταις
3171 1151 3536 1206 καταλλάσσει
3567 1155 3666 1224 τὴν
3685 1156 3997 1224 ὁμοτιμία*

2412 1245 2511 1314 τῆς
2540 1244 2754 1313 φύσεως
2778 1245 2859 1307 είς
2888 1244 3017 1298 ἀπο)
3029 1245 3184 1313 ογίαν
3214 1245 3624 1316 προϐαλλομένη
3648 1246 3740 1299 τοῦ
3761 1247 3993 1316 όλισθῇ-

2417 1352 2586 1404 ματος
2607 1352 2623 1367 ·
2649 1335 2788 1406 αὕτη
2813 1335 2905 1389 καὶ
2923 1336 3199 1389 δεσποτῶν
3224 1336 3574 1406 ἀγριαίνοντα
3591 1337 3762 1406 θυμὸν
3784 1339 3990 1408 πράως

2414 1427 2599 1498 φέρειν
2622 1428 2748 1490 τοὺς
2773 1427 3243 1497 ὑπηρετουμένους
3265 1427 3528 1492 παιδεύει,
3559 1427 3655 1496 τὴν
3680 1427 3778 1496 τῆς
3806 1428 3991 1497 τύχης

2411 1517 2703 1584 ἀνισότητα
2736 1517 3204 1589 παραμυθουμένη
3259 1517 3367 1570 ἀπὸ
3424 1518 3524 1586 τῆς
3561 1517 3669 1569 τῶν
3713 1517 3783 1570 τά
3837 1519 3991 1570 αὑτὰ

2413 1607 2726 1675 πασχόντων
2751 1607 3088 1675 ὁμοιότητος.
3112 1607 3219 1659 Καὶ
3241 1606 3448 1676 πατρὸς
3477 1605 3569 1657 ἐπὶ
3593 1605 3802 1667 τέκνοις
3835 1622 3990 1674 παρ-

2411 1699 2670 1768 οργισμὸν
2705 1696 2967 1766 ίλαρύνει,
3008 1697 3102 1750 καὶ
3129 1697 3438 1766 γογγυσμδν
3490 1698 3692 1750 τέκνων
3724 1700 3835 1759 τοῖς
3869 1715 3988 1750 πα·-

2411 1791 2604 1861 τράσιν
2633 1789 2854 1851 ἀλύπως
2887 1789 3194 1860 παρακαλεῖ
3233 1789 3644 1857 καταδέχεσθαι,
3677 1790 3775 1859 τήν
3811 1806 3986 1858 φυσι-

2413 1881 2516 1948 κὴν
2549 1879 2733 1949 σχέσιν
2758 1879 2898 1932 κατά
2918 1878 3017 1947 τῆς
3051 1879 3194 1948 παρά
3218 1878 3380 1946 φύσιν
3407 1879 3609 1946 λύσσης
3638 1879 3938 1942 ὁπλίζουσα
3963 1895 3984 1909 ο

2412 1971 2505 2022 καὶ
2539 1969 2712 2038 φίλοις
2765 1969 2880 2038 ἐριν
2929 1968 3274 2037 ἐμπεσοῦσαν
3323 1968 3518 2038 ῥᾳδίως
3543 1967 3821 2030 ἀπώσατο,
3851 1968 3987 2028 τοὺς

2412 2061 2622 2123 κοινοὺς
2652 2061 2784 2124 ἃλας
2810 2062 2900 2114 ἴσα
2925 2059 3138 2127 φύσεως
3181 2057 3544 2111 δυσωπεῖσθαι
3571 2058 3980 2127 παραινέσασα.

2411 2152 2520 2205 Καὶ
2545 2153 2671 2214 τοὺς
2698 2151 2798 2220 τὴν
2832 2151 3001 2221 αὑτήν
3041 2151 3202 2203 πάλιν
3233 2152 3362 2218 περὶ
3395 2149 3456 2201 τὸ
3481 2150 3632 2202 Θεῖον
3663 2149 3817 2212 δόξαν
3842 2167 3986 2218 κρα-

2410 2244 2686 2307 τύνοντας,
2747 2242 2949 2305 κᾶνὼς
2993 2241 3327 2314 πορρωτάτω
3376 2241 3761 2311 παροικοῦντες
3813 2233 3982 2303 ὦσιν,

2413 2337 2515 2390 κᾶν
2543 2337 2842 2406 ὀφθαλμοῖς
2870 2336 3115 2404 ἀλλήλων
3141 2334 3294 2388 οῦπω
3324 2334 3638 2404 ώράθησαν,
3676 2336 3753 2397 είς
3778 2334 3984 2386 ἕνωσιν

2411 2430 2556 2496 ἄγει,
2581 2429 2675 2481 καί⁵
2698 2427 2937 2497 γνώμαις
2954 2426 3233 2483 συνάπτει.
3259 2426 3351 2478 καὶ
3369 2425 3553 2494 φίλους
3574 2425 3788 2494 ἀληθεῖς
3807 2426 3987 2494 ἀπερη

2412 2521 2657 2587 γάζεται.
2688 2519 2806 2573 Κάν
2837 2535 2938 2571 που
2983 2518 3135 2587 τύχοι
3170 2517 3395 2588 θάτερον
3435 2519 3512 2579 είς
3541 2515 3982 2586 ἀπερισκέπτως

2417 2608 2652 2679 μέμψεις
2682 2607 2908 2678 θατέρου
2943 2606 3352 2675 κατολισθῆσαι,
3398 2604 3493 2657 τὸν
3524 2603 3623 2673 μὲν
3650 2601 3724 2672 μὴ
3755 2601 3981 2667 λογίσα-

2416 2700 2560 2763 σθαι,
2587 2701 2678 2752 τὸν
2707 2699 2764 2751 δὲ
2799 2697 3216 2768 μεταμελείσθαι
3260 2695 3752 2764 παρασκευάσασα,
3799 2694 3981 2763 ῥᾷστα

2412 2791 2474 2844 τὸ
2514 2789 2728 2859 συμϐὰν
2757 2787 3088 2852 ἀνεσώσατο,
3122 2786 3211 2839 τὸν
3239 2784 3339 2853 τῆς
3378 2781 3622 2845 ἐνώσεως
3649 2779 3846 2850 δεσμὸν
3869 2780 3980 2851 ἀρ-

2418 2880 2557 2954 ραγῆ
2593 2897 2754 2948 συντη
2766 2881 2828 2947 ρή
2839 2894 2996 2932 σασα.

2482 2966 2630 3039 Αὕτη
2678 2970 2771 3021 καὶ
2816 2968 2914 3038 τὴν
2961 2967 3236 3037 ἡμετέραν
3271 2963 3599 3036 μετριότητα
3649 2961 3984 3032 ἀνεπαχθῶς

2413 3065 2582 3118 οἴσειν
2613 3063 2709 3123 τὰς
2730 3060 3094 3130 ἐπιτιμήσεις,
3120 3058 3176 3111 αἶ
3221 3058 3371 3126 παρὰ
3403 3057 3500 3124 τῆς
3524 3053 3678 3125 ὑμῶν
3703 3053 3983 3123 πατρικῆς

2414 3156 2690 3224 ὁσιότητος
2721 3152 2942 3221 βολίδων
2971 3151 3128 3220 δίκην
3169 3149 3467 3218 ὴφέθησαν,
3498 3146 3732 3200 ἔπεισεν.
3766 3146 3841 3200 Οὑ
3867 3146 3985 3216 γὰρ

2417 3243 2725 3315 ἐμπαθείας
2751 3240 2922 3293 ταῦτα
2972 3239 3266 3308 κινήματα,
3325 3237 3445 3289 οὑδὲ
3495 3234 3719 3304 γνώμης
3770 3234 3982 3301 φιλαπο

2420 3335 2718 3406 εχθήμονος
2755 3331 2995 3401 ῥήματα,
3035 3329 3308 3383 ἄπλαστον
3347 3326 3403 3378 δὲ
3439 3326 3636 3395 μᾶλλον
3658 3323 3979 3387 διαθέσεως,

2417 3427 2512 3479 καὶ
2568 3421 2666 3493 τὴν
2713 3417 3168 3490 ὲκκλησιαστικήν
3195 3417 3346 3482 τάξιν
3372 3418 3451 3480 είς
3492 3417 3661 3488 ἄκρον
3685 3413 3978 3484 ἀκριϐολο-

2416 3517 2617 3584 γούσης
2651 3512 2960 3580 λογίζεσθαι
2993 3511 3423 3582 παρεσκεύασεν.
3474 3511 3538 3562 El
3592 3509 3700 3578 γὰρ
3750 3508 3872 3560 οὑδέ
3913 3507 3986 3559 τὺ

2415 3609 2582 3660 κακὸν
2611 3606 2679 3658 δι’
2711 3603 3018 3674 ὑπερϐολὴν
3047 3602 3416 3672 χρηστότητος
3464 3601 3540 3663 ὡς
3570 3602 3740 3654 κακὸν
3765 3599 3982 3668 λογίζε-

2417 3700 2541 3751 σθαι
2564 3698 2800 3762 δίδωσιν,
2821 3698 2958 3765 ὅπερ
2991 3695 3099 3747 οὐδ’
3130 3695 3236 3747 ἀπὸ
3262 3693 3461 3756 κακίας
3489 3693 3620 3755 ἴσως
3649 3693 3980 3762 προάγεται,

2415 3791 2574 3845 είκαὶ
2597 3791 2776 3852 λυπεῖ,
2809 3789 2902 3841 καὶ
2924 3787 3170 3856 πλήττει,
3198 3784 3293 3838 καὶ
3322 3785 3466 3855 ἀνιᾷ,
3496 3785 3610 3846 πῶς
3630 3784 3778 3837 ἐάσει
3802 3783 3981 3836 κακὸν

2413 3881 2840 3949 ἀποφαίνεσθαι;
2873 3879 3086 3948 ἐκείνην
3105 3879 3213 3947 γὰρ
3240 3879 3268 3930 ὁ
3289 3877 3444 3944 λόγος
3468 3872 3574 3928 οἶδε
3605 3877 3978 3945 χρηστότητα,

2413 3973 2534 4040 ἣτις
2556 3972 2660 4022 κάν
2683 3971 2799 4029 ταῖς
2828 3963 3260 4019 τῶνλυπούντων
3286 3963 3624 4031 εὐεργεσίαις
3648 3960 3980 4029 ὑπερεκτεί-

2413 4080 2581 4116 νεται.
2619 4061 2769 4113 Ἐπεὶ
2796 4060 2851 4112 δὲ
2874 4058 3028 4111 οὑδέν
3056 4057 3255 4109 κωλύει
3287 4056 3382 4108 καὶ
3404 4054 3650 4120 ἀδελφοῖς
3682 4051 3972 4119 ἀδελφοὺς,

2412 4155 2507 4207 καὶ
2533 4153 2770 4222 πατράσι
2793 4151 2957 4203 τέκνα
2987 4151 3044 4201 ἐν
3072 4147 3150 4217 τῷ
3175 4146 3462 4217 ἀληθεύειν
3489 4143 3976 4216 παρρησιάζεσθαι

2414 4243 2585 4312 (οὐδὲν
2615 4243 2723 4310 γὰρ
2755 4242 2851 4308 τῆς
2880 4238 3135 4308 ἀληθείας
3156 4237 3506 4307 φιλαίτερον),
3531 4237 3708 4300 ἔξεστι
3728 4235 3821 4286 καὶ⁸
3840 4235 3980 4304 ἡμῖν

2412 4333 2966 4406 ιταρρησιασαμένους
2992 4332 3164 4384 είπεῖν
3183 4331 3282 4383 οὑκ
3310 4329 3618 4397 ἀντιλογίαν
3635 4327 3972 4397 γράφοντας,

2411 4427 2524 4481 ἀλλ’
2555 4425 2850 4491 ἀπολογίαν
2878 4423 3253 4492 προΐσχοντας,
3277 4421 3350 4483 ὡς
3381 4421 3546 4491 ἐχρῆν
3577 4419 3671 4489 τὴν
3699 4419 3977 4488 ὑμετέραν

745 4520 959 4574 dicendi
1007 4521 1207 4585 studio,
1258 4521 1352 4574 sed
1401 4520 1726 4576 defendendi
1785 4523 2083 4577 voluntate.
2128 4523 2306 4592 Opor-
2338 4520 2420 4588 Di

2296 4552 2306 4566 -
2338 4534 2381 4588 ι)
2411 4518 2496 4571 ἐπ’
2530 4518 2697 4588 ἀρετῇ
2723 4514 3054 4584 τελειότητα,
3087 4513 3192 4582 πρὸ
3219 4512 3325 4564 τῶν
3350 4511 3526 4565 ἄλλων
3559 4513 3657 4580 μὲν
3688 4511 3971 4574 ἁπάντων,

747 4611 921 4666 tuisse
971 4626 1168 4681 nempe
1239 4621 1474 4665 vestram
1529 4612 1583 4666 in
1634 4612 1834 4667 virtute
1891 4613 2302 4683 perfectionem,

2408 4611 2470 4661 τὸ
2499 4608 2729 4669 ἄκοντας
2775 4607 2921 4676 ἡμᾶς
2974 4605 3052 4667 είς
3081 4603 3171 4656 τὸν
3205 4603 3368 4670 ζυγὸν
3408 4602 3596 4656 τοῦτον
3641 4600 3974 4667 ἑλκυσθῆναι

745 4711 871 4756 ante
900 4702 1004 4756 alia
1043 4702 1224 4755 omnia
1255 4703 1689 4757 considerantem
1721 4704 1922 4759 invitos
1953 4720 2053 4758 nos
2081 4705 2148 4759 ad
2202 4705 2307 4759 hoc
2405 4702 2420 4754 ἔ

2296 4720 2307 4759 ι
2405 4698 2804 4754 διασκοποῦσαν
2839 4697 2912 4767 μὴ
2952 4696 3232 4765 ἐπιτιμᾷν,
3268 4694 3382 4746 ἀλλ’
3414 4693 3604 4755 ἐλεεῖν,
3634 4691 3756 4761 μηδ’
3795 4692 3971 4761 ὑπερ-

739 4798 926 4866 jngum
956 4804 1155 4850 tractos
1183 4811 1444 4858 esse,non
1477 4797 1778 4863 increpare,
1797 4797 1890 4850 sed
1908 4795 2181 4861 misereri;
2209 4811 2310 4850 nec

745 4887 1045 4957 despicere,
1099 4887 1193 4940 sed
1250 4889 1567 4941 eondolere.
1626 4887 1994 4941 Misericordia
2041 4888 2187 4941 enim
2251 4897 2310 4940 et

747 4979 1058 5033 humanitas
1083 4979 1148 5033 iis
1169 4980 1364 5048 quibus
1410 4980 1637 5033 affertur
1663 4978 1764 5041 vis,
1783 4979 2030 5043 debetur,
2055 4994 2164 5032 non
2208 4977 2306 5031 ob-

738 5072 978 5140 jurgatio
1041 5079 1137 5124 aut
1192 5081 1555 5139 contemptus.
1623 5069 1738 5123 Vim
1792 5070 1934 5128 enim
1999 5070 2301 5137 subiimus;

744 5171 998 5231 quantam
1015 5173 1214 5221 autem.
1237 5162 1375 5217 Deus
1392 5164 1475 5217 cui
1501 5163 1681 5215 omnia
1699 5162 1860 5216 etiam
1889 5162 2095 5215 occulta
2120 5171 2304 5229 aperta

746 5271 893 5324 sunt,
925 5259 1039 5328 ipse
1067 5258 1225 5311 simul
1253 5258 1373 5319 scit,
1411 5258 1560 5311 inviti
1579 5258 1782 5312 detenti
1803 5273 2022 5321 sumus;
2049 5257 2102 5309 in
2129 5264 2311 5311 custo-

743 5354 828 5406 dia
860 5367 1011 5420 reque
1043 5367 1104 5403 ac
1134 5360 1316 5404 sontes
1346 5350 1533 5414 habiti,
1578 5350 1834 5405 custodiis
1860 5349 2309 5410 observabamur;

746 5441 1064 5512 suffragium
1110 5440 1175 5492 de
1235 5439 1411 5500 nobis,
1475 5438 1631 5493 nobis
1682 5437 2056 5494 renuentibus.
2108 5435 2309 5488 latum:

744 5532 907 5585 creati
943 5545 1132 5584 sumus
1152 5529 1358 5594 ﬂentes,
1392 5538 1698 5597 querentes,
1723 5527 1820 5596 ipsi
1853 5526 2209 5596 nosmetipsos
2231 5525 2312 5580 fe-

746 5624 965 5684 rientes,
984 5631 1038 5674 et
1067 5621 1402 5674 amictantcs.
1425 5619 1613 5673 Sciunt
1660 5624 1772 5673 hare
1800 5633 2017 5672 omnes:
2039 5632 2144 5669 non
2169 5616 2312 5669 enim

2411 4793 2562 4861 ορᾷν,
2599 4789 2734 4842 ἀλλὰ
2774 4786 3092 4854 συναλγεῖν·
3149 4785 3296 4847 ἔλεος
3327 4783 3436 4854 γὰρ
3469 4783 3561 4835 καὶ
3583 4780 3972 4851 φιλανθρωπία

2408 4885 2522 4944 τοῖς
2549 4881 2665 4950 βίαν
2693 4879 2977 4941 παθοῦσιν,
3008 4875 3123 4930 ἀλλ’
3167 4876 3265 4928 οὑκ
3298 4873 3609 4944 ἐπιτίμησις
3643 4874 3676 4942 ή
3717 4873 3972 4941 παρόρα-

2412 4991 2496 5034 σις
2531 4969 2904 5038 ἐποφείλεται·
2941 4968 3060 5037 βίαν
3111 4966 3220 5035 γὰρ
3250 4965 3585 5035 ὑπέστημεν,
3629 4963 3724 5015 καὶ
3750 4962 3970 5030 ἡλίκην,

2411 5066 2564 5127 Θεὸς,
2670 5063 2847 5116 πάντα
2882 5061 2977 5113 καὶ
3007 5059 3076 5112 τὰ
3124 5059 3330 5129 κρύφια
3367 5057 3772 5126 πεφανέρωται,
3806 5055 3972 5118 αὑτὸς

2407 5156 2808 5209 συνεπίσταται.
2871 5149 3282 5220 Συνεσχέθημεν
3333 5148 3577 5208 ἄκοντες,
3633 5145 3969 5211 κακούργοις

2411 5247 2499 5300 ῐσα
2530 5245 2952 5315 καθείρχθημεν,
3003 5240 3344 5312 ἐτηρούμεθα
3377 5238 3792 5308 φυλασσόμενοι,
3829 5237 3970 5306 ἐψη-

2414 5340 2686 5409 φίσθημεν
2728 5336 3100 5398 ἀνανεύοντες,
3133 5332 3622 5403 ἐχειροτονήθημεν
3677 5329 3970 5391 κλαίοντες

2409 5429 2741 5500 ὀδυρόμενοι,
2791 5428 3143 5494 κοπτόμενοι,
3190 5425 3335 5477 ῐσασι
3361 5422 3535 5476 ταῦτα
3580 5423 3812 5482 πάντες·
3842 5421 3971 5473 οὐδὲ

2410 5523 2517 5592 γὰρ
2542 5523 2600 5573 ἐν
2623 5520 2793 5590 γωνίᾳ
2823 5518 3057 5587 ἐγένετο,
3092 5516 3185 5568 καὶ
3221 5507 3292 5568 rei
3325 5514 3551 5584 μέγεθος
3578 5514 3675 5583 τῆς
3702 5512 3970 5583 ἐπηρείας

2411 5613 2507 5682 τὴν
2532 5611 2768 5680 ἱστορίαν
2794 5611 2872 5672 είς
2898 5609 3072 5662 πάντα
3101 5607 3404 5677 ἐξήνεγκεν.

742 5717 795 5776 in
825 5716 1016 5785 angulo
1033 5714 1168 5767 facta
1191 5722 1357 5779 sunt;
1390 5722 1443 5768 at
1465 5714 1830 5782 impressionis
1860 5719 1929 5777 et,
1953 5719 2010 5764 ut
2030 5712 2096 5766 ita
2131 5709 2325 5772 diCam,
2349 5704 2748 5760 obtrectationis
2770 5700 3078 5774 magnitudo
3109 5698 3379 5757 historiam
3407 5697 3473 5752 ad
3499 5711 3687 5754 omnes
3717 5694 3965 5766 pertulit.

813 5854 825 5883 '
856 5850 873 5905 1
901 5849 1022 5903 Cor.
1057 5863 1172 5913 xm,
1193 5847 1246 5912 7,
1282 5846 1332 5903 8.
