4242 6438
274 428 377 492 597

1421 428 1952 488 EPISTOLARUM
1995 428 2221 488 LIBER
2258 428 2305 487 Ι.

3396 425 3496 486 598

347 519 482 576 Εἶτα
535 521 589 572 τί
640 518 719 571 δεῖ
777 522 885 582 τοῖς
942 520 1113 573 πολλά
1171 520 1264 574 καὶ
1318 520 1467 574 δεινά
1519 520 1842 573 πεπονθόσιν
1870 524 1917 581 Α

1892 524 1919 581 ι
2014 520 2152 585 Quid
2183 520 2345 590 igitttr
2399 530 2611 588 oportet
2646 522 2697 573 in
2730 536 2844 581 eos,
2879 520 2969 589 qui
2999 520 3162 573 multa
3218 518 3401 589 gravia
3446 526 3500 571 et

271 611 647 682 ἐπεμϐαίνειν,
674 610 1045 679 ἐπιπλήττειν,
1073 609 1440 679 διαλοιδορεῖν,
1468 611 1500 677 ἢ
1523 610 1831 679 οἰκτείρειν,

274 707 371 756 καὶ
409 702 843 772 παραμυθεῖσθαι
873 703 971 771 ὅση
1012 702 1271 771 δύναμιςς
1320 702 1605 766 Ἐξέπεσον
1636 703 1837 770 εἰρηνι-

274 796 381 864 κῆς
423 796 588 863 ζωῆς,
622 795 877 860 ἐξέπεσον
911 795 1152 862 γαλήνης
1184 795 1460 861 γλυκείας,
1496 794 1752 858 ἐξέπεσον
1779 794 1835 845 δὲ

272 885 371 935 καὶ
402 884 559 952 δόξης
590 885 767 953 (εἴπερ
802 884 910 936 τισὶ
950 884 1043 935 καὶ
1081 883 1347 952 κοσμικῆς
1391 882 1549 951 δόξης
1605 884 1833 949 ἔφεσις),

272 978 527 1039 ἐξέπεσον
544 976 641 1044 τῆς
665 974 824 1044 φίλης
852 974 1096 1044 ήσυχίας,
1121 974 1220 1042 τῆς
1241 974 1484 1043 καθαρᾶς
1510 973 1722 1043 ἐκείνης
1743 974 1837 1025 καὶ

270 1068 500 1136 ἡδίστης
534 1066 673 1135 μετά
702 1068 811 1118 τῶν
841 1066 1071 1137 πλησίον
1113 1067 1416 1129 συνουσίας,
1462 1067 1560 1135 τῆς
1605 1067 1834 1129 ἀλύπου,

273 1160 372 1212 καὶ
407 1159 617 1220 ἀδόλου,
649 1159 742 1211 καὶ
771 1159 1175 1229 ἀνεπιπλήκτου
1224 1160 1699 1229 συναναστροφῆς.
1734 1158 1837 1211 Οὐ-

273 1251 386 1313 δεὶς
405 1247 474 1321 ἦν
500 1254 527 1304 6
554 1251 709 1321 δίκην
736 1252 982 1319 ἐγκαλῶν
1003 1252 1146 1320 ἐμοί.
1177 1252 1291 1304 Οὐκ
1325 1252 1711 1322 ἐνεγραψάμην
1745 1252 1836 1304 άλ-

275 1341 368 1393 λον
399 1343 530 1408 ἐγὼ,
557 1344 618 1394 ού
648 1342 756 1395 τῶν
787 1343 1088 1409 ἐπηλύδων,
1123 1343 1183 1395 ού
1230 1342 1339 1394 τῶν
1373 1342 1676 1413 ἐγχωρίων,
1717 1343 1838 1395 ούδέ

275 1432 388 1486 τῶν
415 1434 718 1502 ἀσυνήθων,
745 1434 819 1504 μή
851 1434 903 1486 τί
949 1451 1012 1501 γε
1035 1433 1144 1486 τῶν
1166 1434 1334 1503 φίλων
1355 1449 1368 1463 °
1396 1435 1494 1503 οὐχ
1517 1433 1690 1499 οὕτως
1712 1434 1834 1487 ἐλύ-

276 1540 431 1593 π-ησα
468 1524 689 1577 πώποτέ
714 1542 857 1589 τινα,
904 1524 980 1587 ὡς
1019 1523 1176 1594 ὓϐριν
1222 1527 1303 1587 είς
1339 1526 1488 1595 ἡμᾶς
1546 1527 1835 1588 ἐκπτύσαι,

438 1618 488 1669 εἰ
525 1618 692 1687 μήπω
720 1618 848 1679 τοὺς
882 1616 1026 1686 ὑπὲρ
1047 1616 1328 1678 εὐσεϐείας
1356 1616 1634 1680 κινδύνους
1654 1617 1841 1686 ἐθελή-

279 1725 365 1761 σει
384 1725 468 1770 τις
498 1710 817 1761 ἐπισκοπεῖν
838 1726 851 1740 ο
880 1708 991 1762 οὐδ’
1019 1708 1192 1769 οὕτως
1218 1710 1466 1779 ἥμαρτεν
1498 1708 1657 1773 ἄλλος
1690 1712 1838 1778 ἐμοὶ,

277 1798 356 1862 ὠς
371 1799 466 1851 καὶ
488 1799 650 1869 μέχρι
668 1800 767 1868 τῆς
803 1803 883 1863 είς
906 1799 1069 1853 αὐτὸν
1092 1800 1304 1869 ὕϐρεως
1319 1801 1417 1870 τὴν
1444 1801 1694 1868 γλῶσσαν
1753 1803 1842 1868 ἐξ·

278 1862 808 1959 ολισθῆσαίξ-Οὕτως
828 1887 969 1961 ἦσαν
990 1894 1121 1962 ἡμῖν
1420 1862 1744 1965 χρηστολ,τὺ
1787 1862 1841 1948 δέ
1868 1862 1916 1920 Β

276 1981 551 2048 ἡμέτερον
574 1982 746 2044 αὐτοὶ,
775 1980 875 2035 κάν
915 1981 990 2051 μὴ
1018 1982 1182 2050 λέγω,
1216 1983 1553 2052 κεκράγασιν
1571 2003 1586 2021 ι
1612 1985 1841 2053 ήγαπώ-

280 2089 393 2143 μην
424 2074 537 2135 τοῖς
571 2072 743 2141 φίλοις
769 2073 907 2144 ὑπὲρ
939 2074 1066 2137 τοὺς
1093 2081 1394 2141 συγγενεῖς,
1431 2076 1603 2145 ἄμφω
1629 2076 1686 2129 δέ
1730 2078 1841 2139 τοίς

281 2163 605 2231 συγγενέσιν
626 2162 974 2236 ἐλογιζόμην,
1015 2164 1111 2218 καὶ
1159 2165 1268 2218 τῶν
1297 2167 1578 2233 συγγενῶν
1603 2167 1631 2218 6
1654 2168 1845 2235 φίλτα-

278 2272 399 2321 τος,
432 2257 526 2312 καὶ
556 2256 662 2312 τῶν
687 2257 924 2328 μάλιστα
954 2258 1260 2329 φιλούντων
1280 2260 1311 2312 ό
1346 2262 1635 2329 συγγενής.

366 2546 436 2599 Ἦ
472 2545 531 2601 δὲ
559 2546 689 2619 περὶ
719 2547 819 2618 ἐμὲ
850 2548 956 2601 τῶν
1009 2549 1237 2620 πλησίον
1257 2550 1414 2623 φήμη
1444 2553 1543 2622 τῆς
1585 2552 1841 2622 σπουδῆς,

285 2638 383 2689 καὶ
412 2638 537 2700 τοὺς
572 2638 824 2706 ἀγνῶτας
855 2636 1036 2694 εἷλκεν
1063 2642 1145 2705 είς
1170 2642 1350 2712 ἔρωτα
1372 2644 1513 2697 θετον
1538 2646 1632 2698 καὶ
1662 2645 1844 2714 φιλίας

284 2726 504 2798 δεσμὸν,
540 2729 669 2792 ἴσως
693 2729 737 2781 δ’
757 2729 823 2783 ἂν
850 2731 1048 2785 ἐκείνοι
1082 2734 1177 2786 καὶ
1208 2735 1621 2807 ἀμεταμέλητον
1669 2738 1841 2810 εὐφη-

288 2822 575 2891 μήσωμεν.
623 2822 786 2876 Ἀλλά
810 2824 929 2888 πῶς
960 2821 1072 2879 οἷόν
1109 2826 1169 2879 τέ
1194 2829 1342 2881 ἐστιν
1377 2829 1642 2900 ἀδακρυτὶ
1676 2830 1848 2884 ταῦτα

286 2913 605 2980 παρελθεῖν;
658 2916 794 2968 οῐκοι
828 2916 929 2985 μὲν
979 2918 1090 2987 γάρ
1140 2918 1353 2989 μένοντι
1378 2922 1411 2989 ή
1435 2920 1699 2990 χαρίεσσα
1739 2922 1848 2975 τῶν

285 3006 493 3075 ἡδονῶν
515 3006 903 3076 περιεπλέκετο
917 3008 1108 3079 τέρψις
1119 3008 1229 3063 τῶν
1255 3009 1631 3078 μανθανόντων
1652 3010 1849 3080 ὁρῶντι

287 3097 383 3149 τὸν
405 3097 585 3163 πόνον,
620 3099 720 3167 τὴν
748 3096 987 3169 σπουδὴν
1018 3098 1128 3153 τῶν
1153 3098 1580 3167 ἐπερωτώντων,
1597 3100 1697 3172 τὴν
1729 3117 1849 3170 τρι-

290 3187 393 3259 ϐὴν
420 3189 530 3243 τῶν
559 3188 1117 3261 προσδιαλεγομένων,
1151 3190 1219 3243 δι’
1253 3184 1328 3243 ὧν
1360 3193 1393 3260 ή
1425 3191 1561 3261 πρὸς
1592 3190 1652 3243 τὸ
1675 3192 1847 3261 ῥᾷστα

291 3258 639 3351 παράγεσθαι
667 3258 1050 3350 καταρτίζεται
1070 3281 1286 3351 γνώμη,
1312 3258 1419 3334 τῶν
1444 3258 1565 3345 ταῖς
1590 3258 1846 3352 μαθημα·
1879 3258 1918 3312 C

291 3376 471 3435 τικαῖς
498 3373 717 3443 σχολαῖς
741 3374 1148 3444 λεπτυνομένων
1174 3377 1273 3444 τὴν
1310 3375 1565 3439 διάνοιαν,
1598 3376 1705 3428 τῶν
1731 3379 1850 3437 ταῖς

291 3463 536 3532 λογικαῖς
574 3463 818 3534 μεθόδοις
875 3464 1191 3537 ίχνευόντων
1221 3464 1281 3518 τὸ
1333 3466 1551 3535 ἀληθὲς,
1586 3466 1692 3520 τῶν
1739 3467 1852 3529 τοῖς

295 3554 461 3617 θείοις
484 3555 701 3622 Λογίοις
732 3554 1061 3624 ἰθυνομένων
1090 3556 1183 3609 τὸν
1211 3556 1336 3609 νοῦν
1373 3557 1508 3626 πρὸς
1548 3556 1848 3623 εὐσέϐειαν,

292 3645 324 3696 ὃ
373 3645 483 3700 τῶν
532 3646 705 3699 ἄλλων
762 3648 1013 3701 ἁπάντων
1058 3648 1293 3719 ὑπάρχει
1327 3650 1504 3702 πόνων
1544 3653 1570 3702 6
1614 3650 1847 3720 καρπός.

298 3738 553 3801 Τοιοῦτος
584 3740 689 3809 γὰρ
720 3741 879 3810 χορὸς
907 3742 1003 3808 τῆς
1036 3741 1175 3811 ἐμῆς
1212 3741 1387 3803 οἰκίας
1418 3735 1485 3810 ἦν
1517 3743 1544 3793 6
1570 3741 1747 3812 χορός.

381 3900 607 3966 Ἐξιόντι
659 3900 716 3953 δέ
772 3899 933 3954 πάλιν
978 3900 1116 3970 πρὸς
1142 3901 1241 3971 τήν
1287 3900 1555 3971 βασίλειον
1594 3900 1855 3964 πολλάκις

296 3994 467 4063 αὐλὴν
524 3994 581 4046 αἱ
620 3996 1061 4064 προπεμπτήριοι
1104 3995 1211 4047 τῶν
1242 3995 1437 4063 εὐχῶν,
1486 3996 1579 4048 καὶ
1630 3995 1725 4047 τοῦ
1779 3996 1852 4064 μὴ

299 4085 580 4155 βραδύνειν
609 4088 642 4155 ﬁ
676 4086 980 4157 προτροπή.
1007 4081 1117 4139 Ἦν
1139 4088 1248 4157 γάρ
1274 4105 1363 4157 μοι
1388 4088 1480 4139 καὶ
1507 4087 1665 4139 τοῦτο
1685 4087 1853 4157 γέρας

295 4178 691 4251 ἀφωσιωμέέεον
716 4178 1030 4252 ’ἐξαξρετοῆ
1062 4179 1124 4233 τὺ
1160 4182 1356 4252 μέτρον
1398 4181 1544 4252 ἔχειν
1579 4180 1678 4251 τὴν
1732 4179 1855 4247 βού-

296 4271 457 4344 λησιν
477 4275 576 4345 τῆς
616 4276 675 4328 ἐν
702 4276 816 4337 τοῖς
874 4273 1161 4344 βασιλείοις
1207 4273 1504 4344 διατριϐῆς.
1552 4273 1855 4326 Ἐπανιόντι

295 4368 356 4421 δέ
378 4368 537 4421 πάλιν
557 4367 661 4437 πρὸ
678 4367 858 4421 πυλῶν
881 4367 1168 4437 ἱστάμενος
1196 4369 1225 4420 6
1244 4367 1405 4436 σοφὸς
1422 4368 1626 4429 ἐκεῖνος
1647 4368 1857 4436 ὑπήντα

298 4460 477 4532 χορός.
522 4459 611 4523 Ἐξ
641 4453 715 4513 ὧν
743 4461 791 4512 ei
823 4460 919 4529 μὲν
950 4459 1237 4513 ἐνεκάλουν
1289 4458 1387 4528 τὴν
1424 4458 1751 4528 βραδυτῆτα,
1777 4451 1857 4519 οἷς

298 4554 395 4607 καὶ
421 4552 641 4624 θαρρεῖν
670 4569 723 4605 τι
765 4552 872 4605 τῶν
902 4552 1075 4606 ἄλλων
1122 4551 1281 4604 πλέον
1302 4551 1369 4603 δι’
1398 4549 1699 4621 ὑπερϐολὴν
1729 4550 1856 4618 ἁρε-

295 4648 397 4715 τῆς
423 4646 770 4716 ἐκεχάριστο·
796 4644 905 4697 τισὶ
927 4644 982 4698 δὲ
1006 4647 1100 4697 καλ⁵
1127 4644 1440 4714 προσειπεῖν
1471 4642 1650 4713 ἤρκει,
1675 4640 1854 4702 ἄλλοις

295 4740 354 4790 δὲ
394 4742 489 4791 καὶ
520 4739 580 4790 τὸ
603 4738 776 4803 δεῖξαι
812 4738 969 4805 μόνον
998 4738 1079 4788 ὅτι
1124 4735 1466 4805 μεμενήκασι
1496 4749 1509 4762 ·
1542 4733 1635 4785 καὶ
1694 4730 1853 4786 τοῦτο

298 4831 486 4898 κύκλῳ
515 4830 725 4897 ἐγένετο
769 4828 867 4881 οὑκ
905 4828 1215 4889 ἐπιϐουλαῖς
1255 4826 1532 4896 λυόμενον,
1565 4826 1625 4877 οὐ
1680 4823 1857 4892 φθόνῳ

297 4923 655 4993 κοπτόμενον,
686 4924 784 4975 οὐκ
805 4921 1064 4991 ὀλιγωρίᾳ
1106 4918 1521 4990 μαραινόμενον.

370 5040 478 5091 Καὶ
506 5036 585 5100 τίς
613 5038 678 5090 ἂν
706 5033 944 5088 τοιούτου
978 5032 1090 5102 βίου
1117 5032 1305 5085 παθὼν
1326 5032 1693 5084 ἐπανάστασιν
1716 5028 1855 5082 ἑκὼν

293 5129 396 5199 τὴν
433 5125 732 5197 μεταϐολὴν
786 5126 881 5179 καὶ
915 5124 1127 5194 θρήνων
1166 5121 1320 5181 ἐκτὸς
1348 5121 1667 5189 ύπενέγκοι;
1716 5118 1853 5171 Τού-

298 5239 409 5275 των
463 5220 714 5274 άπάντων
772 5219 1045 5283 ἐξέπεσον,
1101 5216 1242 5284 ὑπὲρ
1290 5214 1493 5267 τούτων
1546 5213 1853 5284 ὼδυρόμην,

294 5313 502 5369 τούτων
534 5311 914 5381 ἀποσπωμένῳ
942 5309 1111 5380 πηγαὶ
1156 5308 1404 5377 δακρύων
1436 5303 1851 5373 ἀνεστομοῦντο,

296 5408 395 5461 καὶ
423 5405 596 5475 λύπης
625 5403 792 5474 ἀχλὺς
825 5402 1199 5471 περιεκέχυτο.
1243 5400 1426 5471 ᾜδειν
1468 5400 1575 5470 γὰρ
1615 5398 1708 5451 καὶ
1750 5397 1856 5465 πρὸ

295 5498 400 5567 τῆς
441 5499 632 5567 πείρας
663 5495 723 5547 τὸ
758 5493 1126 5561 πολυτὰραχον
1173 5492 1266 5544 καὶ
1311 5489 1711 5559 πολυμέριμνον
1758 5488 1855 5555 τῆς

297 5590 567 5662 καθέδρας
590 5587 793 5657 ταύτης
818 5605 830 5619 ο
863 5586 1009 5657 ᾔδειν
1054 5586 1113 5636 τὸ
1136 5585 1466 5654 δυσάρεστον
1489 5583 1583 5655 καὶ
1606 5582 1855 5650 δυσήνιον

298 5683 394 5735 τοῦ
427 5682 650 5753 μιγὰδος
678 5681 856 5750 ὄχλου,
882 5680 976 5747 τὴν
1010 5678 1139 5747 πρὸς
1158 5678 1414 5745 ἀλλήλους
1444 5676 1579 5744 ἔριν,
1614 5675 1703 5726 τὸν
1734 5673 1859 5740 φθό-

301 5795 413 5839 νον,
459 5776 556 5837 τὰς
587 5776 823 5838 στάσεις,
865 5775 958 5835 τὰς
980 5774 1397 5834 ἐπαναστάσεις,
1429 5772 1524 5838 την
1571 5767 1707 5821 κατὰ
1753 5768 1858 5818 τῶν

304 5869 727 5940 παρεστηκότων
766 5866 942 5935 ὓϐριν,
988 5866 1079 5919 καὶ
1130 5864 1220 5917 τὸν
1263 5862 1597 5931 γογγυσμὸν,
1625 5864 1749 5915 ὅταν
1788 5861 1859 5928 μὴ

1943 611 2132 665 atmrba
2162 612 2303 678 passi
2336 620 2483 674 sunt,
2520 611 2726 673 invehi,
2756 612 3064 681 obiurgare,
3108 609 3366 664 conviciis
3400 623 3497 676 ap-

1938 713 2121 769 petere
2149 702 2331 770 potius
2385 720 2546 772 quam
2595 704 2865 764 misereri,
2899 714 2954 756 et
2998 718 3096 771 pro
3119 702 3321 755 viribus
3371 716 3499 755 con-

1938 792 2136 845 solari?
2163 791 2343 847 Decidi
2384 810 2414 847 e
2440 794 2543 845 vita
2573 808 2762 861 pacem
2795 794 3060 854 habente;
3092 790 3265 845 decidi
3293 807 3321 843 a
3352 801 3498 843 tran-

1945 886 2401 953 quillitate'dulci
2461 896 2515 940 et
2571 886 2826 955 placida;
2886 885 3057 939 decidi
3105 886 3170 937 de
3218 884 3383 950 gloria
3434 882 3497 946 (si

1940 988 2118 1032 tamen
2149 978 2467 1046 quibusdam
2493 978 2776 1031 mundana:
2800 978 2982 1047 gloria:
3016 991 3168 1029 amor
3185 976 3299 1041 est(
3326 973 3499 1028 excidi

1939 1087 1969 1124 e
1993 1072 2152 1126 chara
2183 1073 2385 1141 quiete,
2418 1089 2447 1127 e
2477 1088 2610 1142 pura
2640 1072 2726 1124 illa
2758 1081 2813 1125 et
2847 1069 3243 1139 iucundissima
3273 1084 3395 1122 cum
3435 1068 3500 1120 iis

1938 1164 2031 1231 qui
2063 1165 2194 1218 mihi
2228 1166 2459 1233 proximi
2489 1174 2668 1229 erant,
2713 1164 3127 1227 consuetudine,
3169 1172 3223 1216 et
3271 1175 3499 1215 conver-

1939 1256 2148 1311 satione
2182 1256 2385 1310 doloris
2428 1266 2653 1326 experte
2682 1264 2737 1310 et
2774 1256 2881 1310 doli
2926 1266 2979 1309 et
3038 1253 3495 1323 reprehensionis.

1942 1345 2114 1401 Nemo
2137 1357 2254 1400 erat
2276 1348 2365 1416 qui
2395 1365 2481 1402 me
2517 1350 2812 1411 incusaret,
2841 1363 2942 1401 nec
2980 1347 3143 1399 alium
3165 1360 3498 1415 quemquam

1940 1454 2039 1508 ego
2069 1440 2323 1493 accusavi
2354 1441 2436 1493 vel
2465 1441 2799 1493 advenarum
2850 1440 2932 1491 vel
2978 1438 3374 1505 indigenarum,
3401 1451 3503 1489 nec

1939 1546 2067 1585 vero
2098 1530 2376 1583 hominum
2417 1532 2595 1584 minus
2626 1530 2991 1591 familiarium,
3034 1529 3235 1582 nedum
3291 1528 3500 1581 amico-

1942 1639 2083 1677 rum.
2119 1624 2237 1676 Non
2294 1639 2393 1691 ego
2439 1624 2519 1677 sic
2574 1637 2809 1689 unquam
2857 1621 2975 1675 dedi
3032 1620 3192 1673 alicui
3240 1620 3502 1680 dolorem.

1942 1726 2003 1771 ut
2033 1716 2421 1770 contumeliam
2456 1716 2509 1767 in
2564 1730 2665 1769 nos
2698 1722 3027 1783 exspueret:
3054 1713 3159 1767 nisi
3204 1711 3343 1766 forte
3376 1712 3507 1765 velit

1942 1809 2063 1877 quis
2081 1818 2330 1878 suscepta
2356 1803 2453 1877 pro
2473 1809 2673 1876 pietate
2700 1808 2941 1877 pericula
2970 1807 3201 1860 intueri:
3234 1821 3336 1859 nec
3358 1805 3506 1873 quis-

1943 1916 2104 1971 quam
2140 1902 2195 1955 in
2227 1918 2312 1955 me
2333 1903 2405 1954 ita
2432 1902 2699 1970 peccavit,
2735 1911 2792 1954 ut
2832 1914 3003 1969 usque
3032 1900 3097 1953 ad
3121 1900 3505 1953 contumeliam

1944 1993 1999 2046 in
2020 1994 2195 2062 ipsum
2218 1993 2398 2063 lingua
2413 1993 2866 2047 laberetur-.Adeo
2888 2001 3041 2045 erant
3060 2006 3248 2046 omnes
3265 2006 3388 2061 erga
3409 2006 3506 2044 nos

1944 2087 2193 2155 benigni:
2214 2095 2400 2140 nostra
2430 2102 2560 2140 vero
2588 2086 2745 2149 ratio,
2772 2101 2892 2155 quze
2923 2084 3102 2147 fuerit,
3132 2084 3228 2150 illi,
3259 2084 3506 2154 quamvis

1943 2188 2170 2240 taceam,
2202 2178 2454 2231 clamant.
2504 2178 2586 2231 Me
2610 2178 2767 2232 amici
2798 2177 2965 2246 magis
2988 2176 3282 2246 diligebant
3343 2191 3503 2244 quam

1944 2272 2379 2341 consanguineos
2411 2284 2575 2325 suos:
2621 2279 2676 2324 at
2702 2285 2833 2324 vero
2859 2269 3104 2340 cognatis
3137 2269 3270 2323 meis
3318 2269 3503 2322 existi-

1944 2367 2134 2420 mabar
2185 2375 2241 2420 et
2302 2374 2655 2435 cognatorum
2713 2364 3067 2418 charissimus
3136 2371 3193 2417 et
3251 2373 3505 2432 cognatos

1945 2459 2185 2512 omnium
2221 2458 2642 2512 amantissimus.

2014 2549 2176 2604 Fama
2204 2565 2333 2605 vero
2362 2550 2524 2605 studii
2565 2564 2689 2619 erga
2712 2564 2797 2604 me
2835 2549 3203 2619 proximorum
3232 2564 3499 2609 meorum,

1947 2643 2161 2715 ignotos
2190 2658 2408 2712 quoque
2452 2642 2518 2697 ad
2563 2642 2802 2696 divinum
2853 2657 3090 2695 amorem
3127 2642 3391 2704 trahebat,
3450 2652 3506 2694 et

1947 2736 2012 2790 ad
2066 2736 2317 2790 amicitia
2370 2735 2689 2790 vinculum:
2731 2749 2832 2788 nec
2868 2750 2963 2788 eos
3010 2734 3237 2788 fortasse
3286 2734 3504 2788 laudum

1948 2829 2013 2884 de
2047 2845 2133 2884 me
2166 2829 2473 2883 habitarum
2501 2843 2740 2898 unquam
2774 2828 3083 2897 ptenitebit.
3108 2831 3176 2882 At
3208 2827 3323 2882 haec
3372 2842 3507 2896 quo-

1948 2920 2109 2974 modo
2133 2920 2249 2975 sine
2284 2920 2537 2990 lacrymis
2573 2919 2985 2974 commemorari
3042 2918 3308 2989 possunt?
3373 2917 3505 2971 Nam

1949 3010 2096 3064 domi
2128 3018 2433 3063 manentem
2472 3016 2619 3079 grata
2654 3009 2989 3079 voluptatum
3056 3007 3509 3076 complectebatur

1949 3100 2257 3163 oblectatio,
2289 3115 2410 3154 cum
2456 3101 2778 3155 discentium
2822 3100 3062 3154 laborem
3091 3100 3352 3161 intuerer,
3394 3109 3510 3153 stu-

1952 3191 2097 3245 dium
2130 3191 2601 3260 interrogantium,
2630 3190 3018 3257 alloquentium
3033 3190 3470 3244 exercitationem
3494 3206 3509 3252 ;

1952 3284 2150 3354 quibus
2198 3283 2361 3337 rebus
2427 3283 2751 3337 informatur
2805 3284 3094 3347 sententia,
3142 3297 3210 3335 ne
3258 3282 3511 3335 facillime

1954 3376 2126 3444 possit
2146 3375 2321 3445 decipi
2347 3392 2359 3428 :
2392 3391 2577 3429 eorum
2610 3385 2894 3444 praeterea,
2917 3391 3144 3441 quorum
3171 3389 3320 3427 mens
3350 3374 3511 3427 scho-

1954 3466 2023 3522 lis
2052 3466 2454 3521 mathematicis
2496 3467 2877 3531 exacuebatur,
2912 3467 2995 3521 vel
3025 3465 3115 3535 qui
3169 3464 3354 3535 Iogicis
3399 3479 3513 3517 me-

1954 3556 2134 3611 thodis
2200 3571 2391 3611 verum
2442 3556 2853 3626 investigabaut,
2902 3556 2985 3608 vel
3040 3570 3269 3623 quorum
3319 3568 3513 3608 sensus

1956 3648 2153 3703 divinis
2184 3648 2427 3717 Eloquiis
2459 3647 2525 3701 ad
2567 3647 2825 3716 pietatem
2858 3646 3226 3717 dirigebatur:
3255 3646 3346 3714 qui
3377 3645 3510 3699 alio-

1957 3758 2074 3795 rum
2096 3740 2339 3797 omnium
2379 3740 2622 3793 laborum
2652 3748 2733 3793 cst
2761 3740 3002 3794 fructus:
3032 3740 3153 3794 talis
3192 3739 3337 3793 enim
3380 3738 3512 3793 cho-

1958 3849 2069 3897 rus,
2098 3832 2291 3887 domus
2323 3846 2457 3885 mea:
2482 3832 2683 3885 chorus
2713 3840 2847 3885 erat.

2024 3924 2104 3977 Ad
2152 3924 2352 3994 regiam
2405 3940 2595 3979 rursus
2640 3924 2816 3979 aulam
2858 3939 3002 3992 smpe
3054 3923 3273 3977 adeunti
3319 3930 3515 3991 praesto

1957 4027 2112 4071 erant
2170 4019 2614 4087 prosequentium
2652 4027 2797 4083 vota,
2873 4017 3181 4070 hortatione
3232 4029 3509 4068 morarer:

1959 4124 2082 4162 nam
2126 4119 2387 4178 praeterea
2430 4110 2522 4178 qui
2570 4109 2884 4180 satisfacere
2933 4109 3114 4162 animo
3161 4121 3283 4159 meo
3327 4119 3517 4160 omnes

1958 4200 2179 4264 vellent,
2229 4200 2319 4253 hic
2379 4200 2554 4254 honor
2611 4199 2742 4254 mihi
2806 4199 3105 4253 habebatur
3158 4198 3407 4263 eximius,
3459 4209 3521 4252 ut

1959 4294 2292 4347 voluntatem
2341 4292 2621 4358 haberem,
2676 4292 2896 4346 modum
2948 4292 3001 4345 in
3059 4290 3223 4362 Regia
3276 4306 3516 4346 commo-

1961 4383 2138 4436 randi.
2182 4382 2454 4436 Redeunti
2504 4398 2694 4436 rursus
2734 4392 2857 4437 ante
2890 4390 3073 4451 portas
3116 4392 3268 4435 stans
3320 4381 3519 4435 chorus

1961 4473 2049 4527 ille
2103 4472 2320 4544 sapiens
2374 4474 2966 4544 oceurrebat:quibus
3013 4483 3235 4544 propter
3300 4475 3519 4528 virtutis

1892 4590 1933 4642 ι)
1964 4565 2330 4635 praestantiam
2366 4565 2541 4635 major
2567 4581 2727 4635 quam
2763 4567 2973 4621 caeteris
3000 4566 3194 4620 fiducia
3253 4582 3518 4620 concessa

1964 4667 2113 4723 erat;
2168 4656 2257 4711 alii
2313 4657 2554 4711 contenti
2623 4665 2778 4711 erant
2842 4659 3074 4711 salutem
3139 4656 3372 4718 dixisse;
3430 4656 3520 4709 alii

1963 4747 2263 4802 ostendisse
2336 4755 2549 4801 tantum
2621 4748 3081 4816 exspectationem
3162 4763 3337 4803 suam.
3419 4747 3519 4800 At-

1961 4853 2065 4907 que
2104 4840 2205 4892 boc
2258 4838 2311 4890 in
2364 4840 2551 4893 orbem
2607 4838 2788 4905 ﬁebat,
2855 4855 2957 4893 nec
3007 4840 3236 4894 occultis
3284 4840 3532 4897 consiliis.

1967 4928 2325 4996 prohibitum,
2358 4942 2458 4981 nec
2487 4926 2685 4981 invidia
2718 4929 3112 4983 intermissum.

2030 5040 2356 5110 Eequisnam
2422 5041 2508 5094 tali
2555 5043 2663 5096 vita
2711 5043 2992 5097 submotus
3048 5043 3222 5098 libens
3266 5045 3522 5098 mutatio-

1960 5150 2103 5199 nem,
2141 5148 2204 5188 ac
2251 5134 2367 5187 sine
2401 5134 2655 5189 lamentis
2683 5135 2860 5189 ferat?
2902 5135 2997 5189 His
3029 5138 3285 5189 omnibus
3351 5137 3535 5194 excidi

1960 5241 2120 5296 super
2158 5226 2243 5279 bis
2276 5226 2714 5295 ingemiscebam.
2771 5228 2896 5282 llaec
2954 5245 3077 5282 cum
3132 5228 3518 5281 abstraheren-

1963 5329 2075 5381 tur,
2132 5317 2311 5372 fontes
2360 5317 2716 5387 laerymarum
2775 5318 3139 5387 profluebant,
3194 5336 3255 5373 ac
3314 5320 3519 5374 doloris

1961 5410 2131 5480 caligo
2163 5409 2720 5465 circumfundebatur.
2766 5412 3012 5465 Sciebam
3047 5413 3191 5465 enim
3226 5428 3351 5466 cum
3384 5427 3522 5464 non-

1962 5502 2089 5554 dum
2159 5515 2335 5554 essem
2412 5513 2688 5567 expertus.
2741 5501 3091 5568 multiplicem
3165 5501 3325 5569 hujus
3380 5499 3525 5554 sedis

1970 5592 2331 5645 turbationem
2380 5601 2431 5642 et
2476 5591 2916 5650 solliutmlinem,
2974 5590 3211 5645 sciebant
3246 5590 3525 5643 fastidium

1967 5692 2020 5737 et
2086 5683 2481 5737 contumaciam
2562 5683 2889 5749 promiscua;
2933 5683 3123 5745 turlim,
3191 5682 3311 5734 lites
3385 5680 3526 5733 inter

1967 5788 2134 5840 ipsos,
2176 5771 2431 5826 invidiam
2466 5771 2780 5836 seditiones,
2819 5782 3037 5825 mutuos
3098 5771 3351 5837 impetus,
3398 5784 3527 5823 con-

1969 5864 2240 5917 tumeliam
2272 5863 2323 5916 in
2345 5861 2645 5932 praefectos,
2683 5872 2734 5915 et
2768 5861 3208 5917 mussitationcm
3247 5862 3527 5930 Siquando
