4242 6438
813 413 915 481 899
1921 416 2176 476 PHOTII
2214 412 2488 474 PATRIA

2361 412 2716 474 RIARCHE
2753 415 2862 476 ΟΡ,
3452 476 3454 478 ,
3918 408 4029 472 600

811 523 1009 591 quibus
1048 530 1231 593 egent,
1283 521 1374 590 qui
1434 530 1647 590 petunt.
1703 536 1812 574 non
1863 522 2258 590 adipiscuntur,
2313 531 2369 574 et
2399 525 2486 580 A1

2355 531 2369 574 I.
2399 525 2441 580 Α
2467 521 2705 588 τύχωσιν
2746 522 2886 574 δσων
2929 518 3160 581 δέονται,
3191 518 3284 571 καὶ
3312 519 3438 571 ὅταν
3471 518 3545 588 μή
3599 518 3876 571 τυπῶνται
3931 520 4030 570 καὶ

810 613 1027 684 quando
1087 613 1155 668 ad
1189 613 1382 667 horum
1421 613 1754 667 voluntatem
1787 613 1861 665 illi
1904 627 1962 667 se
1997 629 2104 666 non
2138 611 2358 667 confor-
2462 636 2485 671 ο

2356 644 2358 650 λ
2462 614 2922 686 σχηματίζωνται,
2951 608 3074 664 καθ’
3100 611 3162 664 ὃν
3189 612 3391 680 τρόπον
3424 606 3568 664 οῦτοι
3593 611 3868 680 βούλονται
3885 629 3899 641 ν
3925 612 4031 680 τὴν

811 712 982 769 mant,
1019 719 1124 758 nec
1143 703 1553 757 accommodant
1585 719 1598 755 :
1635 701 2038 770 despicientiam
2071 715 2260 754 rursus
2305 709 2360 753 et
2460 710 2486 761 ὑ

2354 716 2360 752 ι
2460 706 2758 778 ὑπεροψίαν
2793 703 2957 756 πάλιν
2997 704 3090 756 καὶ
3131 705 3571 774 καταφρόνησιν,
3603 704 3824 756 ἐπειδὰν
3861 703 4029 756 suo.

808 800 1184 862 contemptum
1232 806 1356 845 cum
1397 790 1463 845 ad
1512 789 1842 861 postulatum
1902 789 2246 852 adduxerim,
2301 797 2359 843 et
2458 817 2483 851 σ

2354 806 2359 841 ‘.
2458 815 2591 851 σωσι
2610 796 2747 865 πρὸς
2764 794 2862 864 τὴν
2881 795 3115 864 αῐτησιν,
3147 793 3240 846 καὶ
3267 794 3763 860 συγκατασπάσωσι
3783 793 3862 863 τῷ
3890 810 4029 860 σφε-

807 881 1145 936 detraxerint
1178 881 1248 936 ad
1277 881 1612 938 voluntatem
1653 896 1828 946 suam;
1858 895 1969 934 non
2004 881 2150 934 enim
2176 880 2230 934 in
2257 894 2358 934 νος
2456 907 2482 943 τ

2351 909 2358 921 ι
2456 890 2600 959 τέρῳ
2631 889 2973 959 βουλήματιο
3035 887 3094 938 οὑ
3128 886 3238 955 γὰρ
3291 885 3539 937 ἑκουσίου
3581 886 3822 954 χάριτος,
3875 885 4026 940 ἀλλὰ

808 973 1039 1026 luntaria
1060 973 1254 1045 gratia,
1283 971 1379 1026 sed
1403 972 1467 1029 in
1497 971 1740 1027 violento
1772 971 1925 1040 jussu
1967 971 2230 1040 deputant
2257 986 2356 1041 op-
2459 979 2483 1048 β

2348 1001 2356 1013 ’
2459 978 2635 1048 βιαίου
2669 976 3088 1046 προστάγματος
3115 973 3210 1026 τοῦ
3261 973 3561 1043 θελήματος
3586 973 3765 1026 αὑτῶν
3798 974 4023 1042 ἐκλογί-

808 1063 902 1118 tati
949 1063 1034 1117 sui
1087 1072 1364 1119 eventum.
1404 1065 1480 1117 Ac
1541 1063 1733 1133 vulgus
1764 1071 2085 1132 potestatem
2136 1072 2355 1116 nactum
2455 1067 2483 1130 ζ

2350 1083 2355 1116 ι
2455 1067 2637 1130 (av-rat
2661 1067 2760 1133 τὴν
2787 1063 3082 1118 τελείωσιν.
3107 1062 3214 1114 Καὶ
3231 1061 3430 1130 κράτος
3445 1060 3625 1113 λαϐὼν
3647 1060 3803 1130 δχλος
3821 1060 4025 1130 ἄρχειν

807 1157 1015 1226 imperii
1061 1157 1115 1210 in
1163 1171 1287 1209 eum
1312 1156 1402 1226 qui
1431 1171 1610 1210 rerum
1667 1156 1890 1226 potitur,
1925 1166 2036 1210 tum
2075 1155 2198 1220 sibi,
2239 1165 2356 1211 tum
2453 1177 2482 1212 τ

2350 1176 2356 1210 ι
2453 1158 2548 1212 τοῦ
2581 1157 2910 1228 κρατοῦντος
2959 1155 3135 1225 ἐαυτῷ
3173 1171 3232 1208 τε
3279 1153 3374 1207 καὶ
3411 1153 3488 1222 τῷ
3511 1154 3745 1206 διέποντι
3773 1152 4025 1222 ὀλέθριος

807 1248 1009 1303 rectori
1037 1248 1335 1318 perniciem
1387 1254 1553 1303 creat.
1595 1247 1759 1302 Navis
1780 1247 1980 1302 etenim
2026 1246 2183 1302 facile
2207 1262 2356 1301 mer-
2454 1269 2482 1319 γ

2349 1275 2356 1288 -
2454 1251 2684 1319 γίνεται.
2713 1250 2826 1302 Καὶ
2849 1249 2978 1310 ναῦς
3009 1247 3120 1317 γὰρ
3151 1245 3302 1300 δύσει
3330 1245 3548 1316 ῥᾳδίως,
3587 1245 3716 1298 ὅταν
3745 1244 3793 1296 oi
3817 1243 4024 1296 ναῦται

807 1342 982 1401 getnr,
1053 1350 1177 1390 cum
1225 1345 1402 1389 nauta:
1461 1336 1820 1406 gubernatore
1879 1336 2122 1404 depulso,
2195 1336 2353 1389 simul
2453 1360 2482 1394 τ

2346 1336 2353 1388 Ι
2453 1343 2544 1395 τὸν
2573 1341 2910 1410 κυϐερνήτην
2935 1338 3320 1408 παρωσάμενοι
3347 1337 3547 1397 πάντες
3587 1337 3704 1404 ἀμα
3741 1335 4021 1405 κυδερνή-

805 1443 992 1483 mnncs
1029 1429 1348 1499 gubernant.
1400 1428 1754 1484 Etexercitus
1804 1427 2049 1482 funditus
2087 1427 2352 1491 interibit,
2455 1451 2480 1485 ο

2348 1468 2352 1485 .
2455 1449 2616 1485 σωσιο
2652 1433 2745 1485 καὶ
2776 1431 3002 1500 στρατὸς
3041 1430 3209 1499 ἀρδην
3256 1431 3480 1490 ὀλεῖται,
3519 1427 3735 1480 ἐπειδὰν
3781 1427 4023 1490 ἔκαστος

804 1533 930 1571 cum
986 1533 1174 1572 eorum
1209 1518 1441 1588 quisque
1475 1518 1607 1572 nulli
1653 1518 1778 1572 duci
1817 1518 2218 1586 obtemperans,
2251 1518 2352 1572 sibi
2452 1539 2479 1572 a

2347 1522 2352 1569 ι
2452 1521 2629 1573 αὑτῶν
2659 1519 3070 1590 ἀστρατήγητος
3103 1517 3362 1585 ὑπάρχων
3412 1517 3884 1586 καταστρατηγεῖν
3916 1515 4022 1568 τοῦ

803 1608 1062 1662 adversus
1105 1608 1334 1661 alterum
1373 1609 1604 1662 oﬂicium
1646 1609 1800 1662 ducis
1832 1618 2064 1678 arrogat.
2096 1607 2206 1662 Cnr
2254 1624 2350 1662 au-
2452 1628 2478 1659 τ

2346 1639 2350 1648 ›
2452 1610 2677 1676 πλησίον
2734 1607 3131 1671 ἀλαζονεύοιτο.
3186 1607 3296 1659 Καὶ
3329 1607 3382 1659 τί
3417 1607 3484 1660 ἀν
3511 1622 3592 1667 τις
3649 1606 3789 1658 κατά
3843 1607 4021 1675 μέρος

806 1708 914 1753 tem
937 1699 1060 1767 quis
1081 1698 1287 1768 singula
1317 1698 1710 1768 prosequatur?
1753 1697 1893 1751 Nam
1937 1713 2079 1766 saepe
2128 1711 2352 1752 necesse
2450 1702 2478 1752 δ

2346 1717 2352 1748 ι
2450 1701 2669 1766 διεξίοις
2700 1701 2911 1767 ἀνάγκη
2971 1699 3080 1768 γὰρ
3120 1697 3211 1750 τὸν
3257 1697 3596 1766 ἐφεστηκότα
3626 1695 3884 1759 πολλάκις
3920 1697 4021 1749 καὶ

802 1797 886 1841 est
932 1787 1242 1856 prafectum
1275 1788 1509 1842 colorem
1540 1787 1651 1841 oris
1681 1788 1765 1842 sui
1816 1786 1870 1840 in
1916 1786 2188 1841 tristitiam
2230 1803 2351 1840 mu-
2382 1851 2419 1862 ﬁ
2453 1792 2477 1854 ὑ

2342 1815 2351 1826 -
2382 1851 2419 1862 κ
2453 1791 2815 1854 ὑωλλάσσειν
2846 1790 2908 1842 τὸ
2933 1789 3128 1858 χρῶμα
3149 1787 3248 1856 τῆς
3269 1786 3446 1862 ὅψεως
3483 1788 3563 1849 εἰς
3591 1787 3653 1839 τὸ
3685 1787 4017 1856 σκυθρωπὸν

798 1880 940 1939 tare,
983 1889 1107 1930 cum
1153 1890 1261 1929 non
1320 1876 1392 1931 ita
1422 1875 1681 1929 afﬁciatur
1719 1876 1936 1930 animus
1985 1894 1999 1930 :
2051 1892 2115 1930 ac
2162 1892 2350 1933 rursus
2381 1851 2422 1906 Β
2449 1899 2473 1934 τ

2342 1894 2350 1931 ι
2381 1851 2422 1906 Β
2449 1851 2546 1949 τῆς
2565 1882 2740 1950 ψυχῆς
2775 1881 2874 1950 οὑχ
2903 1851 3440 1947 οῦτωτδιακέιμένης,
3470 1877 3566 1930 καὶ⁵
3592 1878 3754 1931 πάλιν
3778 1851 3890 1929 ἐσθ’
3919 1877 4017 1931 ὅτε

805 1967 1097 2030 interdum,
1135 1968 1317 2022 animo
1358 1967 1579 2023 dolente
1623 1968 1804 2023 latum
1857 1969 2098 2038 praebere
2146 1986 2209 2025 os
2249 1980 2351 2026 :et
2449 1991 2480 2025 τ

2336 1980 2351 2026 ι
2449 1975 2655 2042 ταύτης
2685 1974 3054 2040 ἀλγυνομένης
3069 1971 3129 2023 τὺ
3148 1971 3441 2038 πρόσωπον
3469 1969 3737 2038 παρέχειν
3757 1969 4011 2040 φαιδρὸν,

802 2057 957 2112 irasci
992 2073 1381 2128 nonnunquam
1419 2075 1540 2114 cum
1584 2060 1750 2115 iratus
1782 2077 1891 2114 non
1915 2062 2021 2116 sit:
2068 2072 2124 2116 et
2170 2064 2351 2117 subri-
2447 2067 2476 2118 ὀ

2334 2091 2351 2104 -
2447 2065 2758 2136 ὀργίζεσθαι
2790 2066 2834 2116 δ’
2857 2064 2922 2117 αὖ
2955 2063 3116 2115 πάλιν
3146 2063 3220 2133 μὴ
3254 2061 3630 2132 ὀργιζόμενον,
3654 2061 3748 2115 καὶ⁵
3785 2062 4009 2131 μειδιᾷν

799 2151 928 2202 dere
963 2148 1091 2203 dum
1121 2151 1364 2221 angitur:
1393 2151 1514 2205 talis
1543 2151 1690 2206 enim
1729 2167 1890 2207 scena
1913 2168 2102 2209 eorum
2130 2166 2233 2220 est,
2255 2156 2349 2226 qui
2445 2158 2474 2212 ἀ

2340 2156 2349 2210 i
2445 2157 2762 2226 ἀνιώμενον.
2801 2156 3035 2224 Τοιαύτη
3065 2155 3173 2223 γὰρ
3200 2156 3232 2224 ή
3267 2156 3440 2223 σκηνὴ
3465 2153 3576 2206 τῶν
3601 2153 3839 2222 πλήθους
3868 2171 4015 2223 προ-

801 2241 1162 2298 multitudinis
1248 2243 1623 2313 praefecturam
1703 2248 1978 2316 suscipere
2051 2247 2346 2317 adjudicati
2451 2266 2476 2301 ο

2336 2249 2346 2303 i
2451 2249 2675 2302 στασίαν
2704 2246 3060 2311 ἀναδέξασθαι
3087 2245 3614 2299 καταδικασθέντων.
3646 2245 3728 2298 Τά
3769 2245 3827 2298 δὲ
3848 2247 4011 2315 πρὶν,

801 2345 946 2391 sunt.
984 2336 1159 2393 Antea
1215 2353 1346 2392 vero
1389 2339 1560 2407 qualis
1586 2341 1710 2395 est?
1753 2342 1961 2397 amicus
2001 2342 2192 2396 amicis
2236 2357 2348 2397 non
2451 2358 2476 2393 τ

2332 2358 2348 2394 ι
2451 2344 2613 2405 ποῖα;
2647 2339 2797 2406 φίλος
2826 2341 2938 2400 τοῖς
2975 2337 3147 2406 φίλοις
3179 2337 3512 2408 ἀνεπαχθὴς,
3543 2337 3734 2408 ἐχθρὸς
3757 2337 3814 2391 δέ
3840 2338 4007 2391 οὐδε-

799 2429 975 2498 gravis
1012 2446 1027 2482 :
1065 2429 1245 2498 qualis
1275 2430 1490 2485 allectio
1513 2441 1616 2493 est,
1653 2431 1772 2486 talis
1808 2433 2040 2501 species.
2448 2449 2474 2482 ν

2448 2431 2566 2493 νόςο
2595 2424 2708 2490 οἷος
2735 2431 2832 2498 τὴν
2865 2429 3122 2491 διάθεσιν,
3164 2428 3405 2491 τοιοῦτος
3435 2429 3530 2482 καὶ
3557 2429 3619 2481 τὸ
3653 2430 4009 2497 φαινόμενον.

866 2521 1022 2577 Nunc
1057 2531 1237 2576 autem
1283 2531 1385 2585 est,
1424 2524 1512 2577 ubi
1558 2525 1756 2578 acerbe
1803 2540 2024 2580 necesse
2049 2535 2134 2580 est
2171 2525 2347 2580 incre-
2517 2521 2541 2572 1‘

2332 2557 2347 2568 .
2517 2520 2632 2572 Νῦν
2655 2519 2711 2572 δὲ
2736 2519 2847 2573 ἐσθ’
2883 2520 2972 2572 ὅτε
3000 2521 3093 2572 καὶ
3120 2519 3336 2590 πικρῶς
3363 2521 3622 2589 ἐπιτιμᾷν
3645 2521 3859 2590 ἀνάγκη
3888 2525 4007 2586 τοῖς

803 2627 930 2682 pare
963 2613 1184 2677 amicos,
1216 2623 1269 2667 et
1303 2624 1522 2683 propter
1555 2617 1868 2670 mandatum
1907 2627 2163 2687 cognatos
2192 2633 2347 2687 sper-
2447 2631 2478 2680 φ

2331 2649 2347 2658 .
2447 2613 2644 2680 φίλοις,
2686 2614 2779 2664 καὶ
2821 2613 2945 2675 τοὺς
2999 2614 3280 2678 συγγενεῖς
3309 2612 3449 2682 ὑπὲρ
3477 2613 3695 2682 ἐντολῆς
3728 2617 4006 2684 παρορᾷν,

802 2718 962 2767 nere;
1016 2712 1070 2757 et
1123 2704 1470 2771 peccantibus
1517 2721 1776 2776 apparere
1835 2722 2071 2776 gravem.
2145 2707 2347 2763 Invidia
2447 2720 2477 2755 κ

2330 2724 2347 2762 ι
2447 2703 2539 2755 καὶ
2569 2703 2677 2762 τοῖς
2705 2701 3075 2772 ἁμαρτάνουσι
3105 2702 3391 2771 φαίνεσθαι
3421 2702 3614 2772 βαρὺς,
3643 2703 3833 2772 φθόνος
3859 2722 4005 2758 παν-

802 2792 1060 2861 undiqne,
1092 2793 1310 2848 licentia
1333 2794 1688 2848 diuturnitate
1721 2797 1975 2865 temporis
2005 2797 2344 2853 conﬁrmata.
2446 2812 2474 2846 τ

2334 2841 2344 2853 ,
2446 2794 2693 2863 ταχόθεν,
2725 2793 2916 2857 ἀταξία
2957 2794 3132 2864 χρόνῳ
3171 2793 3554 2864 κρατυνθεῖσα.
3602 2795 3668 2847 Τί
3698 2813 3764 2864 με
3798 2796 3904 2865 χρὴ
3934 2797 4009 2850 τὰ

801 2883 939 2954 Quid
1003 2899 1090 2938 me
1140 2894 1355 2952 oportet
1398 2895 1592 2939 caetera
1653 2888 2115 2941 commemorare?
2169 2889 2346 2957 qualia
2446 2881 2474 2934 λ

2332 2905 2346 2943 ι
2446 2881 2605 2936 λοιπά
2651 2883 3010 2950 καταριθμεῖν
3043 2877 3130 2935 οἷα
3156 2885 3350 2953 πάσχω
3378 2882 3590 2936 διώκων
3627 2883 3718 2936 τὸν
3749 2885 4007 2951 Σίμωνας

800 2974 1074 3041 perpetior
1130 2973 1405 3028 insectans
1467 2974 1788 3029 Simonem?
1839 2976 2038 3040 Quales
2097 2979 2345 3047 quotidie
2446 2989 2474 3022 0

2333 2995 2345 3034 ξ
2446 2972 2588 3034 οἴους
2622 2972 2743 3024 καθ’
2771 2971 3006 3042 ἑκάστην
3049 2972 3354 3042 ὑφίσταμαι
3397 2975 3736 3044 πειρασμοὺς
3772 2975 3870 3038 τάς
3909 2993 4008 3028 κο-

801 3067 1125 3124 icntationes
1156 3065 1421 3130 sustineo,
1452 3067 1783 3121 mundanam
1821 3068 2093 3125 licentiam
2142 3086 2346 3125 sermo—
2448 3080 2476 3114 σ

2332 3100 2346 3110 .
2448 3061 2647 3130 σμικάς
2673 3063 2982 3133 παρρησίας
3011 3062 3103 3115 τοῦ
3139 3062 3285 3132 ίεροῦ
3329 3066 3673 3133 περικόπτων
3719 3066 4007 3134 συλλόγου,

797 3161 882 3216 nis
924 3174 956 3213 a
997 3174 1152 3213 sacro
1207 3166 1476 3213 conventu
1508 3159 1818 3227 prohibens,
1875 3169 1928 3215 et
1973 3172 2341 3232 contemptum
2372 3173 2412 3227 c
2445 3169 2472 3203 τ

2335 3182 2341 3216 ι
2372 3173 2412 3227 C
2445 3155 2544 3220 τὴν
2565 3153 2852 3222 ὀλιγωρίαν
2873 3153 2970 3222 τὴν
2987 3154 3115 3222 περὶ
3143 3155 3211 3206 τά
3234 3154 3538 3222 κρείττονα,
3563 3157 3662 3224 τὴν
3683 3156 4010 3225 ἐπιμέλειαν

796 3251 1064 3324 potiorum
1112 3265 1312 3313 rerum,
1371 3259 1426 3304 et
1472 3251 1803 3321 diligentiam
1864 3255 2170 3306 vanaruin?
2218 3253 2343 3308 Haec
2442 3261 2471 3296 τ

2330 3269 2343 3308 ι
2442 3244 2540 3315 τὴν
2569 3245 2697 3313 περὶ
2719 3243 2789 3296 τὰ
2817 3244 3038 3313 μάταια,
3071 3243 3109 3300 ἃ
3144 3243 3355 3313 βλέπων
3378 3247 3471 3298 καὶ
3506 3248 3655 3315 πρὶν,
3688 3247 3782 3298 καὶ
3807 3247 4005 3300 δακνό-

797 3341 1169 3417 providebam,
1199 3350 1254 3396 et
1285 3341 1499 3396 animus
1529 3343 1901 3398 mordebatur:
1931 3360 2034 3398 nec
2061 3360 2192 3399 vero
2211 3361 2345 3399 mea:
2447 3355 2472 3404 μ

2333 3362 2345 3399 ε
2447 3353 2602 3410 μενος
2625 3335 2722 3406 τὴν
2767 3335 2963 3404 ψυχὴν,
2997 3334 3192 3405 καὶμὴ
3217 3336 3315 3402 τῆς
3362 3337 3501 3404 ἐμῆς
3536 3335 3716 3406 ίσχύος
3768 3332 3913 3390 εἶναι
3942 3339 4008 3391 τὸ

796 3442 880 3496 est
902 3434 1040 3502 opis,
1083 3433 1198 3486 haec
1230 3431 1555 3486 convellere.
1575 3433 1865 3504 Fugiebam
1892 3434 2227 3506 sull'ragium,
2247 3438 2344 3492 de-
2442 3444 2471 3478 τ

2332 3466 2344 3477 .
2442 3426 2610 3481 ταῦτα
2646 3426 2938 3497 περιελεῖν.
2979 3427 3247 3494 Ἐφευγον
3283 3425 3381 3498 τὴν
3408 3427 3606 3496 ψῆφον,
3635 3427 4007 3498 παρῃτούμην

800 3521 1055 3588 precabar
1097 3523 1445 3587 creationem,
1480 3522 1854 3591 praefecturam
1893 3524 2340 3595 ingemiscebam;
2441 3533 2471 3567 τ

2325 3546 2340 3594 ;
2441 3517 2540 3585 τὴν
2571 3517 2923 3588 χειροτονίαν,
2958 3515 3246 3584 ώδυρόμην
3269 3516 3368 3586 τὴν
3409 3517 3752 3573 ἐπιστασίαν.
3779 3517 3898 3572 Οὑκ
3925 3513 3998 3588 ἦν

797 3625 981 3663 verum
1031 3611 1289 3663 declinari
1324 3627 1432 3665 non
1482 3613 1655 3680 potuit
1689 3613 1831 3682 quod
1851 3624 1968 3668 erat
1995 3617 2340 3683 pra:ﬁnitum.
2442 3607 2470 3659 δ

1637 3623 1655 3666 ι
1689 3613 1831 3682 quod
1851 3624 1968 3668 erat
1995 3617 2340 3683 prmﬁnitum.
2442 3607 2497 3659 δὲ
2524 3607 2631 3676 ἄρα
2662 3609 2853 3676 φυγεῖν
2880 3607 2940 3659 τὸ
2966 3607 3308 3677 προορισθέν.

866 3699 973 3754 Sed
999 3715 1096 3754 cur
1119 3701 1234 3756 haec
1268 3703 1446 3756 scribo
1484 3713 1537 3756 et
1585 3703 1777 3772 scripsi
1815 3704 2006 3773 prius?
2050 3721 2113 3760 ac
2168 3707 2342 3776 siqui-
2524 3695 2541 3747 ἰ

2329 3739 2342 3748 .
2524 3695 2683 3748 Ἀλλά
2702 3696 2753 3747 τί
2767 3697 2962 3764 γράφω
2978 3696 3148 3757 ταῦτα
3165 3714 3179 3760 ;
3197 3695 3410 3766 ἐγράφη
3432 3695 3819 3766 καὶπρότερον,
3841 3698 3935 3750 καὶ
3952 3700 4004 3752 ει

794 3791 917 3845 dem
941 3793 1142 3848 credita
1181 3803 1342 3859 sunt;
1373 3810 1518 3849 nunc
1540 3795 1791 3864 injuriam
1839 3797 2070 3866 accipio.
2107 3816 2137 3852 a
2175 3801 2340 3854 mise-
2447 3805 2469 3856 ί

2329 3829 2340 3840 .
2447 3787 2544 3856 μὲν
2565 3788 2980 3858 ἐπιστεύθησαν,
3004 3787 3288 3857 ἀδικοῦμαι
3313 3788 3386 3858 μὴ
3413 3788 3756 3856 ἐλεούμενος·
3783 3789 3904 3842 εἰδὲ
3927 3791 4004 3859 μὴ

796 3885 1023 3940 ricordia
1047 3887 1312 3944 desertus.
1340 3890 1434 3950 Sin
1459 3893 1526 3948 iis
1549 3909 1658 3948 non
1684 3903 1767 3949 est
1797 3896 2084 3961 creditum,
2127 3911 2340 3951 rursum
2444 3881 2466 3930 ὲ

2327 3913 2340 3950 ι
2444 3879 2860 3948 ἐπιστεύθησαν,
2885 3879 3174 3948 ἀδικοῦμαι
3202 3879 3365 3932 πάλιν
3414 3879 3587 3948 ἀληθῆ
3627 3881 3873 3949 γράφων,
3905 3883 4002 3932 καὶ

794 3975 997 4030 alﬁcior
1024 3978 1236 4046 injuria,
1264 3981 1354 4049 qui
1374 3997 1496 4036 vera
1523 3984 1755 4037 scribam
1786 4001 1887 4040 nec
1914 3987 2073 4040 ﬁdem
2099 3987 2292 4040 faciam
2322 4005 2334 4039 :
2443 3974 2469 4026 ἀ

2327 4005 2334 4039 τ
2443 3973 2857 4040 ἀπιστούμενος.
2919 3972 3103 4034 Οῦτως
3156 3972 3266 4038 ἐγὼ
3309 3972 3644 4040 πανταχόθεν
3707 3973 4002 4041 δυστυχὴς,

793 4069 872 4126 sic
906 4070 1140 4140 undique
1172 4071 1335 4126 miser
1362 4088 1501 4126 sum.
1534 4075 1577 4126 A
1609 4075 1805 4143 quibus
1834 4075 2115 4144 sperabam
2143 4076 2344 4130 doloris
2445 4065 2468 4115 ά

2324 4091 2344 4130 5
2445 4063 2534 4129 ἀφ’
2564 4057 2636 4115 ὧν
2659 4064 2858 4127 ἐλπίζω
2882 4067 2977 4132 τῆς
3007 4063 3181 4131 λύπης
3204 4065 3380 4134 εὑρεῖν
3405 4063 3751 4134 παραψυχὴν,
3784 4065 3999 4117 ἐκεῖθεν

794 4168 1078 4214 nacturum
1107 4177 1192 4215 me
1219 4163 1665 4228 sublevationem,
1694 4165 1816 4218 inde
1842 4167 2092 4235 increpor
2116 4183 2129 4220 :
2160 4181 2190 4218 a
2217 4167 2341 4234 qui-
2445 4155 2469 4204 ὲ

2324 4195 2341 4206 .
2445 4155 2841 4224 ἐκπληττομαι·
2871 4155 2966 4223 ἀφ’
3003 4148 3078 4207 ὦν
3107 4155 3450 4226 παράκλησιν
3491 4155 3587 4209 καὶ
3617 4156 3999 4225 παραμυθίαν,

795 4249 895 4302 bus
921 4250 1344 4303 exhortationem
1379 4260 1434 4304 et
1483 4251 1924 4316 consolationem,
1973 4252 2097 4305 inde
2135 4252 2202 4305 ad
2225 4252 2340 4305 ido-
2443 4247 2468 4298 ὲ

2325 4280 2340 4292 .
2443 4245 2651 4298 ἐκεῖθεν
2675 4248 2768 4299 ἐπὶ
2816 4247 2894 4317 τῷ
2929 4247 3202 4317 ἀλγήματι
3223 4248 3569 4317 προστίθεται
3605 4249 3848 4318 ἀλγημα.
3883 4250 4000 4301 Οὑκ

795 4339 960 4390 lorem
988 4339 1139 4394 dolor
1161 4339 1484 4409 adjungitur.
1519 4340 1593 4393 Te
1614 4356 1722 4396 non
1751 4341 2338 4410 oportebat,inquiunt,
2441 4340 2466 4388 ὲ

2326 4381 2338 4405 ,
2441 4337 2544 4388 ἐδτι
2563 4354 2642 4401 σε,
2657 4339 2838 4406 φησὶν,
2853 4339 3194 4407 ἀδικηθῆναι.
3211 4340 3352 4407 Πρὸς
3375 4341 3498 4402 τοὺς
3511 4339 3827 4403 ἀδικοῦντας
3841 4340 4001 4393 τοῦτο

792 4429 928 4482 allici
1004 4429 1222 4498 injuria,
1272 4432 1374 4484 hoc
1422 4431 1585 4485 dicito
1631 4432 1697 4487 iis
1737 4432 1828 4500 qui
1863 4433 2180 4487 intulerunt.
2221 4429 2340 4485 Non
2442 4445 2467 4479 ε

2324 4447 2340 4485 ι
2442 4429 2583 4480 είπέ.
2602 4429 2713 4481 Οὑκ
2753 4429 2858 4481 ἔδει
2894 4430 3194 4498 βιασθῆναι.
3216 4431 3367 4499 Καλή
3386 4447 3450 4497 γε
3474 4433 3507 4500 ὴ
3530 4431 3838 4500 νομοθεσία,
3862 4431 3999 4486 ἀλλὰ

792 4518 1029 4587 oportuit
1060 4519 1154 4572 tibi
1186 4519 1364 4573 aﬂerri
1398 4521 1526 4574 vim.
1565 4519 1788 4591 Egregia
1828 4536 1958 4576 sane
1989 4522 2090 4586 lex,
2129 4523 2222 4576 sed
2244 4523 2335 4591 qui
2369 4505 2412 4559 D
2440 4533 2467 4568 τ

2320 4523 2335 4576 i
2369 4505 2412 4559 D
2440 4517 2581 4569 τίσιν
2612 4519 2644 4586 ή
2672 4519 3013 4591 ἐπιτίμησις;
3061 4521 3181 4591 οὑχ).
3206 4524 3316 4584 τοῖς
3348 4521 3730 4592 βιασαμένοις;
3758 4520 3820 4574 τὺ
3844 4521 3993 4584 ἐλεος

791 4609 1143 4680 objurgandil
1174 4625 1356 4664 nonne
1384 4612 1476 4688 qui
1522 4611 1629 4664 vim
1675 4612 1952 4667 fecerunt?
1976 4611 2339 4668 Misericordia
2439 4607 2466 4661 δ

2312 4628 2339 4668 a
2439 4607 2496 4661 δέ
2525 4608 2696 4674 τίσιν;
2726 4609 2846 4679 ούχὶ
2889 4613 2998 4672 τοῖς
3047 4610 3167 4680 βίαν
3199 4611 3523 4675 ὑποστᾶσιν;
3555 4611 3621 4664 ἂν
3645 4611 3703 4662 δέ
3746 4627 3830 4674 τις
3855 4608 3987 4673 τοὺς

790 4701 1009 4768 quinam
1039 4701 1230 4772 digni?
1278 4701 1468 4757 Nonne
1505 4703 1540 4756 ii
1569 4703 1661 4772 qui
1706 4704 1811 4756 vim
1850 4704 2169 4760 subierunt?
2198 4702 2266 4758 At
2294 4703 2339 4758 si
2443 4696 2465 4765 β

2314 4703 2339 4758 εί
2443 4696 2799 4767 βιασαμένους
2829 4699 2924 4768 μέν
2949 4701 3034 4770 ἐᾷ,
3073 4701 3164 4753 τὸν
3201 4701 3258 4753 δέ
3303 4700 3588 4769 βιασθέντα
3610 4702 3857 4772 ἐπιτιμᾷ,
3888 4702 3989 4770 τήν

789 4793 913 4861 quis
948 4808 1042 4848 eos
1057 4794 1208 4856 sinit,
1239 4809 1271 4852 a
1313 4796 1508 4863 quibus
1532 4804 1616 4848 est
1653 4794 1794 4849 illata
1820 4795 1934 4858 vis;
1965 4795 2210 4864 increpat
2241 4810 2340 4848 au-
2443 4805 2464 4840 α

2317 4821 2340 4836 .
2443 4789 2541 4859 σὴν
2568 4790 2792 4858 ήλπιζεν
2817 4791 2902 4844 ἐπ’
2931 4793 3091 4844 αὑτὸν
3135 4791 3477 4863 δικαιοσύνην
3510 4793 3734 4847 καλέσαι
3771 4795 3992 4863 κριτήν.

793 4895 898 4939 tem
943 4901 1067 4939 eum
1096 4886 1189 4955 qui
1220 4887 1329 4940 vim
1355 4901 1545 4955 passus
1571 4894 1684 4939 est:
1726 4887 2008 4955 sperabam
2043 4897 2150 4942 tua
2175 4887 2338 4954 justi-
2452 4879 2466 4900 '

2318 4915 2338 4925 -
2452 4879 2612 4932 Ἀλλά
2642 4881 2883 4948 κανόνες,
2920 4885 3076 4952 φησὶ,
3102 4883 3511 4953 παρεὸάθησαν,
3544 4884 3627 4937 ὃτι
3653 4885 3786 4955 πρὸς
3803 4886 3866 4937 τὸ
3892 4887 3993 4954 τῆς

789 4977 878 5032 tia
916 4992 1074 5046 posse
1102 4994 1189 5033 me
1223 4978 1276 5032 in
1311 4993 1434 5032 eum
1461 4977 1724 5045 judicium
1778 4977 2084 5046 implorare.
2141 4980 2209 5029 At
2252 4993 2341 5030 ca-
2440 4971 2464 5022 ἀ

2319 5006 2341 5018 -
2440 4971 2843 5041 ἀρχιερωσύνης
2875 4973 3024 5041 ὕψος,
3075 4976 3180 5027 ἀπὸ
3207 4975 3396 5028 λαῖκοῦ
3430 4977 3698 5045 προῆλθες
3725 4976 3820 5029 τοῦ
3857 4979 3994 5046 σχή-

790 5083 982 5132 nones,
1035 5068 1225 5137 inquit,
1277 5069 1458 5122 violati
1506 5077 1652 5129 sunt,
1697 5068 1840 5136 quod
1871 5068 1939 5122 ad
1999 5067 2340 5136 pontiﬁcatus
2445 5078 2465 5129 ιι

2321 5083 2340 5122 5
2445 5078 2631 5129 ματος.
2664 5064 2771 5115 Καὶ
2810 5065 2890 5125 τίς
2922 5066 2950 5117 ὁ
2990 5066 3276 5135 παραϐὰς,
3312 5068 3340 5120 ὸ
3373 5067 3696 5136 βιασάμενος
3719 5109 3733 5133 ,
3764 5068 3797 5136 ἢ
3838 5068 3867 5117 ό
3904 5070 3996 5138 βίᾳ

790 5160 1058 5230 fastigium
1099 5177 1130 5215 e
1159 5161 1417 5216 laicorum
1456 5162 1644 5216 ordine
1693 5161 2002 5215 ascendisti.
2065 5160 2171 5213 Sed
2218 5161 2340 5229 quis
2439 5169 2465 5202 ²¹

2318 5177 2340 5215 5
2439 5154 2534 5204 καὶ
2563 5153 2710 5206 ἄκων
2736 5153 3114 5221 ἀνελκυσθείς;
3151 5157 3289 5208 Ἀλλ’
3312 5158 3478 5226 ἐχρῆν
3502 5159 3790 5224 ἀντισχεῖν.
3811 5158 3993 5225 Μέχρι

789 5248 1040 5302 violavit?
1079 5249 1127 5304 is
1154 5251 1246 5318 qui
1297 5251 1404 5304 vim
1450 5250 1808 5319 irrogavit.an
1848 5249 1937 5318 qui
1979 5264 2075 5317 per
2121 5249 2228 5301 vim
2286 5259 2342 5303 et
2440 5259 2464 5294 τ

2321 5259 2342 5303 ι
2440 5242 2611 5308 τίνος;
2647 5245 2902 5313 ἀντέσχον
2921 5246 2975 5297 δὲ
3002 5249 3096 5300 καλ⁵
3134 5248 3275 5316 πέρα
3303 5249 3396 5300 τοῦ
3418 5249 3649 5311 δέοντος.
3682 5248 3741 5300 El
3775 5248 3821 5300 δ’
3851 5248 3995 5301 οὕτω

789 5339 988 5394 invitus
1015 5347 1273 5394 attractus
1312 5340 1533 5394 est?sed
1565 5341 1813 5393 resistere
1843 5340 2099 5408 Oportuit.
2135 5340 2340 5402 Quous-
2443 5353 2464 5403 ιι

2319 5367 2340 5378 -
2443 5353 2531 5403 μοι
2555 5336 2805 5406 προῄδειν
2833 5338 2890 5389 τὸ
2917 5338 3203 5390 κλυδώνιον
3249 5340 3358 5393 τῶν
3389 5342 3642 5411 πονηρῶν
3669 5341 3994 5409 πνευμάτων

787 5441 892 5494 que
916 5427 940 5478 ?
967 5427 1137 5480 restiti
1166 5429 1330 5489 enim,
1357 5438 1412 5481 ct
1453 5429 1574 5497 plus
1603 5443 1762 5498 quam
1780 5428 2039 5498 oportuit.
2090 5427 2243 5493 Quod
2290 5429 2336 5484 si
2441 5443 2462 5494 ι

2321 5429 2336 5484 i
2441 5427 2654 5494 μέλλειν
2706 5429 3195 5498 ἐπιτραχύνεσθαι,
3243 5432 3500 5501 ἀντέσχον
3557 5432 3626 5485 ἂν
3666 5431 3760 5483 καὶ
3799 5431 3991 5500 μέχρις

788 5516 866 5568 sic
895 5530 1003 5569 non
1034 5516 1386 5584 providissem
1415 5517 1734 5570 infestorum
1765 5527 2049 5572 ventorum
2074 5518 2336 5586 procellas
2441 5535 2463 5568 a

2311 5534 2336 5573 s
2441 5518 2605 5570 αὑτοῦ
2644 5518 2892 5574 θανάτου.
2940 5523 3085 5575 Ποῖοι
3133 5523 3192 5576 δέ
3223 5524 3444 5586 κανόνες
3475 5519 3552 5577 ὦν
3581 5525 3615 5593 ή
3650 5521 3983 5591 παράϐασις.

784 5606 1034 5662 saeviores
1091 5606 1224 5671 fore,
1253 5609 1568 5662 restitissem
1619 5615 1777 5664 etiam
1837 5624 2004 5677 usque
2054 5610 2118 5663 ad
2167 5609 2336 5677 ipsam
2437 5628 2459 5662 ο

2310 5625 2336 5662 n
2437 5609 2526 5671 οὒς
2571 5611 2728 5680 μέχρι
2792 5615 2886 5665 καὶ
2942 5615 3179 5684 τήμερον
3230 5615 3287 5668 ἐν
3345 5614 3985 5670 Κωνσταντινουπολιτῶν

785 5706 1033 5766 mortem.
1065 5696 1262 5762 Quales
1293 5697 1470 5752 autem
1503 5713 1738 5751 canones
1770 5698 1843 5761 lii,
1873 5713 2099 5766 quorum
2137 5697 2330 5749 asseri-
2439 5703 2460 5751 ὲ

2311 5725 2330 5735 -
2439 5700 2701 5770 ἐκκλησίᾳ
2730 5703 2788 5754 ού
2825 5704 3195 5774 παρείληφεν;
3228 5706 3451 5769 ἐκείνων
3491 5705 3705 5772 λέγεται
3733 5703 3986 5770 παράὅα-

787 5796 872 5840 tur
916 5789 1328 5856 pricvaricatio?
1357 5805 1489 5858 quos
1525 5791 1590 5844 ad
1616 5790 1754 5844 hunc
1785 5805 1949 5858 usque
1982 5790 2125 5844 diem
2173 5788 2318 5843 Con-
2441 5807 2462 5842 α

2306 5817 2318 5830 ·
2441 5807 2541 5852 σις,
2565 5784 2635 5846 ὧν
2661 5795 2688 5860 ἡ
2715 5793 2923 5862 φυλακὴ
2945 5795 3314 5864 παραδέδοται.
3347 5799 3410 5849 ’Ἀ
3426 5796 3478 5848 δὲ
3506 5796 3577 5866 μὴ
3608 5795 3981 5866 παραδέδοται,
