  <div class='ocr_page' id='page_1' title='image "/cluster/home/n/w/nwhite01/storage/ocr_20150623/102/nnc1.0046979620/310.png"; bbox 0 0 4242 6438; ppageno 0'>
   <div class='ocr_carea' id='block_1_1' title="bbox 315 408 417 471">
    <p class='ocr_par' dir='ltr' id='par_1_1' title="bbox 315 408 417 471">
     <span class='ocr_line' id='line_1_1' title="bbox 315 408 417 471; baseline 0 0"><span class='ocrx_word' id='word_1_1' title='bbox 315 408 417 471; x_wconf 79' lang='grc'><strong>601</strong></span> 
     </span>
    </p>
   </div>
   <div class='ocr_carea' id='block_1_2' title="bbox 1465 410 2367 480">
    <p class='ocr_par' dir='ltr' id='par_1_2' title="bbox 1465 410 2367 480">
     <span class='ocr_line' id='line_1_2' title="bbox 1465 410 2367 480; baseline -0.008 0"><span class='ocrx_word' id='word_1_2' title='bbox 1465 415 2007 480; x_wconf 78' lang='lat' dir='ltr'><strong>EPISTOLARUM</strong></span> <span class='ocrx_word' id='word_1_3' title='bbox 2041 413 2274 475; x_wconf 77' lang='lat' dir='ltr'><strong>LIBER</strong></span> <span class='ocrx_word' id='word_1_4' title='bbox 2314 410 2367 473; x_wconf 87' lang='grc' dir='ltr'><strong>Ι.</strong></span> 
     </span>
    </p>
   </div>
   <div class='ocr_carea' id='block_1_3' title="bbox 3438 410 3543 475">
    <p class='ocr_par' dir='ltr' id='par_1_3' title="bbox 3438 410 3543 475">
     <span class='ocr_line' id='line_1_3' title="bbox 3438 410 3543 475; baseline -0.019 0"><span class='ocrx_word' id='word_1_5' title='bbox 3438 410 3543 475; x_wconf 77' lang='grc'><strong>602</strong></span> 
     </span>
    </p>
   </div>
   <div class='ocr_carea' id='block_1_4' title="bbox 311 518 1986 607">
    <p class='ocr_par' dir='ltr' id='par_1_4' title="bbox 311 525 1986 607">
     <span class='ocr_line' id='line_1_4' title="bbox 311 525 1986 607; baseline 0.003 -28"><span class='ocrx_word' id='word_1_6' title='bbox 311 525 434 579; x_wconf 71' lang='grc' dir='ltr'>οὐδὲ</span> <span class='ocrx_word' id='word_1_7' title='bbox 464 525 538 594; x_wconf 82' lang='grc' dir='ltr'>μὴ</span> <span class='ocrx_word' id='word_1_8' title='bbox 577 527 958 601; x_wconf 84' lang='grc' dir='ltr'>φυλασσόμενα</span> <span class='ocrx_word' id='word_1_9' title='bbox 996 540 1356 607; x_wconf 76' lang='grc' dir='ltr'>παραϐάσεως</span> <span class='ocrx_word' id='word_1_10' title='bbox 1384 535 1540 605; x_wconf 81' lang='grc' dir='ltr'><strong>φέρει</strong></span> <span class='ocrx_word' id='word_1_11' title='bbox 1594 534 1865 601; x_wconf 68' lang='grc' dir='ltr'>ἔγκλημα.</span> <span class='ocrx_word' id='word_1_12' title='bbox 1898 528 1942 584; x_wconf 82' lang='grc' dir='ltr'><strong>Δ</strong></span> <span class='ocrx_word' id='word_1_13' title='bbox 1980 542 1986 578; x_wconf 74' lang='grc'><strong>1</strong></span> 
     </span>
    </p>
   </div>
   <div class='ocr_carea' id='block_1_5' title="bbox 1856 518 3531 607">
    <p class='ocr_par' dir='ltr' id='par_1_5' title="bbox 1856 518 3531 594">
     <span class='ocr_line' id='line_1_5' title="bbox 1856 518 3531 594; baseline -0.005 -12"><span class='ocrx_word' id='word_1_14' title='bbox 1856 568 1865 582; x_wconf 94' lang='grc'>.</span> <span class='ocrx_word' id='word_1_15' title='bbox 1898 528 1942 584; x_wconf 80' lang='grc' dir='ltr'>Α</span> <span class='ocrx_word' id='word_1_16' title='bbox 1980 524 2577 594; x_wconf 77' lang='lat' dir='ltr'><strong>stantinopolitanorum</strong></span> <span class='ocrx_word' id='word_1_17' title='bbox 2612 518 2854 574; x_wconf 85' lang='lat' dir='ltr'><strong>Ecclesia</strong></span> <span class='ocrx_word' id='word_1_18' title='bbox 2896 535 3004 574; x_wconf 89' lang='lat' dir='ltr'><strong>non</strong></span> <span class='ocrx_word' id='word_1_19' title='bbox 3035 521 3263 589; x_wconf 82' lang='lat' dir='ltr'><strong>accepit.</strong></span> <span class='ocrx_word' id='word_1_20' title='bbox 3317 520 3531 575; x_wconf 87' lang='lat' dir='ltr'><strong>Illorum</strong></span> 
     </span>
    </p>
   </div>
   <div class='ocr_carea' id='block_1_6' title="bbox 397 618 1869 701">
    <p class='ocr_par' dir='ltr' id='par_1_6' title="bbox 397 618 1869 701">
     <span class='ocr_line' id='line_1_6' title="bbox 397 618 1869 701; baseline 0.007 -33"><span class='ocrx_word' id='word_1_21' title='bbox 397 618 537 669; x_wconf 79' lang='grc' dir='ltr'>Ἀλλ’</span> <span class='ocrx_word' id='word_1_22' title='bbox 572 622 696 690; x_wconf 76' lang='grc' dir='ltr'>ἐμοὶ</span> <span class='ocrx_word' id='word_1_23' title='bbox 755 623 857 692; x_wconf 74' lang='grc' dir='ltr'>μὲν</span> <span class='ocrx_word' id='word_1_24' title='bbox 888 628 981 680; x_wconf 81' lang='grc' dir='ltr'>καὶ</span> <span class='ocrx_word' id='word_1_25' title='bbox 1012 631 1081 683; x_wconf 75' lang='grc' dir='ltr'><strong>τὰ</strong></span> <span class='ocrx_word' id='word_1_26' title='bbox 1114 632 1346 701; x_wconf 78' lang='grc' dir='ltr'>ρηθέντα</span> <span class='ocrx_word' id='word_1_27' title='bbox 1389 627 1753 698; x_wconf 81' lang='grc' dir='ltr'><strong>ἀποχρώντως</strong></span> <span class='ocrx_word' id='word_1_28' title='bbox 1802 625 1869 679; x_wconf 79' lang='grc' dir='ltr'>ἂν</span> 
     </span>
    </p>
   </div>
   <div class='ocr_carea' id='block_1_7' title="bbox 308 702 1867 790">
    <p class='ocr_par' dir='ltr' id='par_1_7' title="bbox 308 702 1867 790">
     <span class='ocr_line' id='line_1_7' title="bbox 308 702 1867 790; baseline 0.01 -32"><span class='ocrx_word' id='word_1_29' title='bbox 308 702 476 775; x_wconf 86' lang='grc' dir='ltr'>εἶχεν,</span> <span class='ocrx_word' id='word_1_30' title='bbox 511 710 585 774; x_wconf 83' lang='grc' dir='ltr'><strong>ὡς</strong></span> <span class='ocrx_word' id='word_1_31' title='bbox 619 710 712 764; x_wconf 81' lang='grc' dir='ltr'><strong>τοῦ</strong></span> <span class='ocrx_word' id='word_1_32' title='bbox 742 718 1107 787; x_wconf 84' lang='grc' dir='ltr'>προσήκοντος</span> <span class='ocrx_word' id='word_1_33' title='bbox 1137 719 1403 790; x_wconf 83' lang='grc' dir='ltr'>είρημένα</span> <span class='ocrx_word' id='word_1_34' title='bbox 1440 719 1622 771; x_wconf 81' lang='grc' dir='ltr'><strong>πλέον.</strong></span> <span class='ocrx_word' id='word_1_35' title='bbox 1654 718 1727 771; x_wconf 84' lang='grc' dir='ltr'><strong>Οὐ</strong></span> <span class='ocrx_word' id='word_1_36' title='bbox 1760 716 1867 787; x_wconf 82' lang='grc' dir='ltr'>γὰρ</span> 
     </span>
    </p>
   </div>
   <div class='ocr_carea' id='block_1_8' title="bbox 306 797 1865 883">
    <p class='ocr_par' dir='ltr' id='par_1_8' title="bbox 306 797 1865 883">
     <span class='ocr_line' id='line_1_8' title="bbox 306 797 1865 883; baseline 0.015 -32"><span class='ocrx_word' id='word_1_37' title='bbox 306 797 672 869; x_wconf 78' lang='grc' dir='ltr'><strong>δικαιολογίας</strong></span> <span class='ocrx_word' id='word_1_38' title='bbox 719 806 914 861; x_wconf 77' lang='grc' dir='ltr'>ἑαυτοῦ</span> <span class='ocrx_word' id='word_1_39' title='bbox 941 816 1193 883; x_wconf 78' lang='grc' dir='ltr'>συνιστᾷν</span> <span class='ocrx_word' id='word_1_40' title='bbox 1217 812 1497 883; x_wconf 81' lang='grc' dir='ltr'><strong>προήχθην</strong></span> <span class='ocrx_word' id='word_1_41' title='bbox 1521 828 1532 839; x_wconf 73' lang='grc'><strong><em>⁸</em></strong></span> <span class='ocrx_word' id='word_1_42' title='bbox 1569 810 1686 873; x_wconf 84' lang='grc' dir='ltr'>πῶς</span> <span class='ocrx_word' id='word_1_43' title='bbox 1730 808 1865 879; x_wconf 77' lang='grc' dir='ltr'>γάρς</span> 
     </span>
    </p>
   </div>
   <div class='ocr_carea' id='block_1_9' title="bbox 306 890 1869 974">
    <p class='ocr_par' dir='ltr' id='par_1_9' title="bbox 306 890 1869 974">
     <span class='ocr_line' id='line_1_9' title="bbox 306 890 1869 974; baseline 0.013 -32"><span class='ocrx_word' id='word_1_44' title='bbox 306 890 364 953; x_wconf 76' lang='grc' dir='ltr'>ὃς</span> <span class='ocrx_word' id='word_1_45' title='bbox 392 908 455 959; x_wconf 92' lang='grc' dir='ltr'><strong>γε</strong></span> <span class='ocrx_word' id='word_1_46' title='bbox 495 893 655 965; x_wconf 82' lang='grc' dir='ltr'>εὐχῆς</span> <span class='ocrx_word' id='word_1_47' title='bbox 683 896 844 967; x_wconf 77' lang='grc' dir='ltr'>ἔργον</span> <span class='ocrx_word' id='word_1_48' title='bbox 878 902 1136 971; x_wconf 83' lang='grc' dir='ltr'>ποιοῦμαι</span> <span class='ocrx_word' id='word_1_49' title='bbox 1181 904 1531 974; x_wconf 84' lang='grc' dir='ltr'>πολυτρόπως</span> <span class='ocrx_word' id='word_1_50' title='bbox 1560 905 1657 972; x_wconf 82' lang='grc' dir='ltr'><strong>τῆς</strong></span> <span class='ocrx_word' id='word_1_51' title='bbox 1703 900 1869 969; x_wconf 79' lang='grc' dir='ltr'>ζάλης</span> 
     </span>
    </p>
   </div>
   <div class='ocr_carea' id='block_1_10' title="bbox 304 982 1864 1065">
    <p class='ocr_par' dir='ltr' id='par_1_10' title="bbox 304 982 1864 1065">
     <span class='ocr_line' id='line_1_10' title="bbox 304 982 1864 1065; baseline 0.006 -32"><span class='ocrx_word' id='word_1_52' title='bbox 304 982 513 1054; x_wconf 85' lang='grc' dir='ltr'>ταύτης</span> <span class='ocrx_word' id='word_1_53' title='bbox 543 987 945 1058; x_wconf 84' lang='grc' dir='ltr'>ἀπαλλαγῆναι,</span> <span class='ocrx_word' id='word_1_54' title='bbox 975 995 1067 1046; x_wconf 81' lang='grc' dir='ltr'>καὶ</span> <span class='ocrx_word' id='word_1_55' title='bbox 1105 996 1163 1048; x_wconf 87' lang='grc' dir='ltr'>τὸ</span> <span class='ocrx_word' id='word_1_56' title='bbox 1194 996 1415 1065; x_wconf 81' lang='grc' dir='ltr'>φορτίον</span> <span class='ocrx_word' id='word_1_57' title='bbox 1439 992 1864 1064; x_wconf 78' lang='grc' dir='ltr'>ὲλαφρυνθῆναιο</span> 
     </span>
    </p>
   </div>
   <div class='ocr_carea' id='block_1_11' title="bbox 304 1074 1866 1155">
    <p class='ocr_par' dir='ltr' id='par_1_11' title="bbox 304 1074 1866 1155">
     <span class='ocr_line' id='line_1_11' title="bbox 304 1074 1866 1155; baseline 0.011 -30"><span class='ocrx_word' id='word_1_58' title='bbox 304 1074 481 1138; x_wconf 80' lang='grc' dir='ltr'>οὕτως</span> <span class='ocrx_word' id='word_1_59' title='bbox 511 1076 619 1145; x_wconf 75' lang='grc' dir='ltr'><strong>ἐγὼ</strong></span> <span class='ocrx_word' id='word_1_60' title='bbox 637 1077 732 1131; x_wconf 83' lang='grc' dir='ltr'>τοῦ</span> <span class='ocrx_word' id='word_1_61' title='bbox 768 1080 958 1151; x_wconf 85' lang='grc' dir='ltr'>θρόνου</span> <span class='ocrx_word' id='word_1_62' title='bbox 1000 1087 1239 1155; x_wconf 78' lang='grc' dir='ltr'>ἐφίεμαι,</span> <span class='ocrx_word' id='word_1_63' title='bbox 1289 1087 1384 1139; x_wconf 74' lang='grc' dir='ltr'>καὶ</span> <span class='ocrx_word' id='word_1_64' title='bbox 1438 1085 1609 1145; x_wconf 78' lang='grc' dir='ltr'>οὕτως</span> <span class='ocrx_word' id='word_1_65' title='bbox 1662 1084 1866 1151; x_wconf 84' lang='grc' dir='ltr'>σφόδρα</span> 
     </span>
    </p>
   </div>
   <div class='ocr_carea' id='block_1_12' title="bbox 304 1164 1863 1248">
    <p class='ocr_par' dir='ltr' id='par_1_12' title="bbox 304 1164 1863 1248">
     <span class='ocr_line' id='line_1_12' title="bbox 304 1164 1863 1248; baseline 0.014 -33"><span class='ocrx_word' id='word_1_66' title='bbox 304 1164 619 1235; x_wconf 82' lang='grc' dir='ltr'>ἀντέχομαι.</span> <span class='ocrx_word' id='word_1_67' title='bbox 648 1171 722 1222; x_wconf 84' lang='grc' dir='ltr'><strong>Οὺ</strong></span> <span class='ocrx_word' id='word_1_68' title='bbox 752 1174 860 1242; x_wconf 83' lang='grc' dir='ltr'>γὰρ</span> <span class='ocrx_word' id='word_1_69' title='bbox 884 1175 1173 1247; x_wconf 79' lang='grc' dir='ltr'>ἀρχομένῳ</span> <span class='ocrx_word' id='word_1_70' title='bbox 1202 1178 1299 1247; x_wconf 83' lang='grc' dir='ltr'>μὲν</span> <span class='ocrx_word' id='word_1_71' title='bbox 1326 1177 1487 1247; x_wconf 86' lang='grc' dir='ltr'>βάρος</span> <span class='ocrx_word' id='word_1_72' title='bbox 1510 1173 1578 1247; x_wconf 75' lang='grc' dir='ltr'>ἦν</span> <span class='ocrx_word' id='word_1_73' title='bbox 1607 1179 1635 1231; x_wconf 83' lang='grc' dir='ltr'>ὁ</span> <span class='ocrx_word' id='word_1_74' title='bbox 1657 1176 1863 1248; x_wconf 78' lang='grc' dir='ltr'><strong>θρόνος.</strong></span> 
     </span>
    </p>
   </div>
   <div class='ocr_carea' id='block_1_13' title="bbox 305 1258 1867 1338">
    <p class='ocr_par' dir='ltr' id='par_1_13' title="bbox 305 1258 1867 1338">
     <span class='ocr_line' id='line_1_13' title="bbox 305 1258 1867 1338; baseline 0.006 -29"><span class='ocrx_word' id='word_1_75' title='bbox 305 1258 552 1325; x_wconf 79' lang='grc' dir='ltr'>προῖόντι</span> <span class='ocrx_word' id='word_1_76' title='bbox 585 1260 641 1312; x_wconf 82' lang='grc' dir='ltr'>δὲ</span> <span class='ocrx_word' id='word_1_77' title='bbox 673 1261 739 1314; x_wconf 80' lang='grc' dir='ltr'><strong>δι’</strong></span> <span class='ocrx_word' id='word_1_78' title='bbox 769 1264 1063 1335; x_wconf 75' lang='grc' dir='ltr'><strong>ἐπιθυμίας</strong></span> <span class='ocrx_word' id='word_1_79' title='bbox 1092 1268 1331 1335; x_wconf 79' lang='grc' dir='ltr'>ἐγίνετο·</span> <span class='ocrx_word' id='word_1_80' title='bbox 1359 1268 1474 1322; x_wconf 82' lang='grc' dir='ltr'>ἀλλ’</span> <span class='ocrx_word' id='word_1_81' title='bbox 1502 1268 1689 1338; x_wconf 78' lang='grc' dir='ltr'>ὥσπερ</span> <span class='ocrx_word' id='word_1_82' title='bbox 1719 1269 1867 1321; x_wconf 81' lang='grc' dir='ltr'>ἄκων</span> 
     </span>
    </p>
   </div>
   <div class='ocr_carea' id='block_1_14' title="bbox 303 1347 1865 1429">
    <p class='ocr_par' dir='ltr' id='par_1_14' title="bbox 303 1347 1865 1429">
     <span class='ocr_line' id='line_1_14' title="bbox 303 1347 1865 1429; baseline 0.01 -33"><span class='ocrx_word' id='word_1_83' title='bbox 303 1347 578 1417; x_wconf 70' lang='grc' dir='ltr'>εἰσῆλθον,</span> <span class='ocrx_word' id='word_1_84' title='bbox 608 1351 781 1416; x_wconf 81' lang='grc' dir='ltr'>οὕτως</span> <span class='ocrx_word' id='word_1_85' title='bbox 809 1355 959 1409; x_wconf 75' lang='grc' dir='ltr'>ἄκων</span> <span class='ocrx_word' id='word_1_86' title='bbox 990 1358 1310 1429; x_wconf 75' lang='grc' dir='ltr'><strong>καθέζομαι,</strong></span> <span class='ocrx_word' id='word_1_87' title='bbox 1339 1361 1550 1413; x_wconf 72' lang='grc' dir='ltr'>καὶτοῦ</span> <span class='ocrx_word' id='word_1_88' title='bbox 1584 1360 1865 1429; x_wconf 83' lang='grc' dir='ltr'>βιασθῆναι</span> 
     </span>
    </p>
   </div>
   <div class='ocr_carea' id='block_1_15' title="bbox 302 1439 1863 1523">
    <p class='ocr_par' dir='ltr' id='par_1_15' title="bbox 302 1439 1863 1523">
     <span class='ocr_line' id='line_1_15' title="bbox 302 1439 1863 1523; baseline 0.009 -34"><span class='ocrx_word' id='word_1_89' title='bbox 302 1439 446 1508; x_wconf 80' lang='grc' dir='ltr'>πρὸς</span> <span class='ocrx_word' id='word_1_90' title='bbox 466 1442 562 1510; x_wconf 81' lang='grc' dir='ltr'>τὴν</span> <span class='ocrx_word' id='word_1_91' title='bbox 583 1444 787 1497; x_wconf 76' lang='grc' dir='ltr'>εἴσοδον</span> <span class='ocrx_word' id='word_1_92' title='bbox 815 1448 953 1515; x_wconf 88' lang='grc' dir='ltr'><strong>μετά</strong></span> <span class='ocrx_word' id='word_1_93' title='bbox 974 1450 1084 1502; x_wconf 86' lang='grc' dir='ltr'><strong>τῶν</strong></span> <span class='ocrx_word' id='word_1_94' title='bbox 1106 1450 1280 1504; x_wconf 77' lang='grc' dir='ltr'>ἄλλων</span> <span class='ocrx_word' id='word_1_95' title='bbox 1310 1452 1545 1523; x_wconf 79' lang='grc' dir='ltr'>ἐναργὴς</span> <span class='ocrx_word' id='word_1_96' title='bbox 1572 1452 1863 1516; x_wconf 77' lang='grc' dir='ltr'>ἀπόδειξις,</span> 
     </span>
    </p>
   </div>
   <div class='ocr_carea' id='block_1_16' title="bbox 298 1532 1867 1616">
    <p class='ocr_par' dir='ltr' id='par_1_16' title="bbox 298 1532 1867 1616">
     <span class='ocr_line' id='line_1_16' title="bbox 298 1532 1867 1616; baseline 0.009 -33"><span class='ocrx_word' id='word_1_97' title='bbox 298 1532 366 1584; x_wconf 78' lang='grc' dir='ltr'>τὸ</span> <span class='ocrx_word' id='word_1_98' title='bbox 389 1532 551 1601; x_wconf 81' lang='grc' dir='ltr'>μέχρι</span> <span class='ocrx_word' id='word_1_99' title='bbox 583 1534 678 1587; x_wconf 83' lang='grc' dir='ltr'><strong>τοῦ</strong></span> <span class='ocrx_word' id='word_1_100' title='bbox 712 1537 806 1590; x_wconf 83' lang='grc' dir='ltr'><strong>νῦν</strong></span> <span class='ocrx_word' id='word_1_101' title='bbox 831 1540 925 1593; x_wconf 82' lang='grc' dir='ltr'><strong>ἀπ’</strong></span> <span class='ocrx_word' id='word_1_102' title='bbox 954 1541 1153 1612; x_wconf 79' lang='grc' dir='ltr'>ἀρχῆς,</span> <span class='ocrx_word' id='word_1_103' title='bbox 1188 1545 1288 1613; x_wconf 87' lang='grc' dir='ltr'><strong>τῆς</strong></span> <span class='ocrx_word' id='word_1_104' title='bbox 1317 1545 1491 1616; x_wconf 87' lang='grc' dir='ltr'>ἀρχῆς</span> <span class='ocrx_word' id='word_1_105' title='bbox 1518 1544 1723 1613; x_wconf 79' lang='grc' dir='ltr'><strong>ταύτης</strong></span> <span class='ocrx_word' id='word_1_106' title='bbox 1755 1544 1867 1597; x_wconf 67' lang='lat' dir='ltr'><strong>tili-</strong></span> 
     </span>
    </p>
   </div>
   <div class='ocr_carea' id='block_1_17' title="bbox 305 1624 1863 1704">
    <p class='ocr_par' dir='ltr' id='par_1_17' title="bbox 305 1624 1863 1704">
     <span class='ocr_line' id='line_1_17' title="bbox 305 1624 1863 1704; baseline 0.009 -30"><span class='ocrx_word' id='word_1_107' title='bbox 305 1624 426 1676; x_wconf 85' lang='grc' dir='ltr'>λειν</span> <span class='ocrx_word' id='word_1_108' title='bbox 458 1624 792 1688; x_wconf 79' lang='grc' dir='ltr'>ἐξίστασθαι.</span> <span class='ocrx_word' id='word_1_109' title='bbox 836 1630 947 1684; x_wconf 80' lang='grc' dir='ltr'><strong>Καὶ</strong></span> <span class='ocrx_word' id='word_1_110' title='bbox 995 1633 1044 1684; x_wconf 84' lang='grc' dir='ltr'><strong>εί</strong></span> <span class='ocrx_word' id='word_1_111' title='bbox 1083 1636 1384 1704; x_wconf 81' lang='grc' dir='ltr'>χαριέντως</span> <span class='ocrx_word' id='word_1_112' title='bbox 1431 1633 1669 1704; x_wconf 75' lang='grc' dir='ltr'>ἔγραφεν</span> <span class='ocrx_word' id='word_1_113' title='bbox 1719 1636 1863 1702; x_wconf 70' lang='grc' dir='ltr'>ἐμοὶ,</span> 
     </span>
    </p>
   </div>
   <div class='ocr_carea' id='block_1_18' title="bbox 299 1714 1861 1795">
    <p class='ocr_par' dir='ltr' id='par_1_18' title="bbox 299 1714 1861 1795">
     <span class='ocr_line' id='line_1_18' title="bbox 299 1714 1861 1795; baseline 0.007 -29"><span class='ocrx_word' id='word_1_114' title='bbox 299 1715 405 1767; x_wconf 80' lang='grc' dir='ltr'>οὐκ</span> <span class='ocrx_word' id='word_1_115' title='bbox 448 1714 646 1784; x_wconf 77' lang='grc' dir='ltr'>ὤφειλε</span> <span class='ocrx_word' id='word_1_116' title='bbox 686 1720 940 1789; x_wconf 79' lang='grc' dir='ltr'>γράφειν,</span> <span class='ocrx_word' id='word_1_117' title='bbox 998 1723 1068 1777; x_wconf 80' lang='grc' dir='ltr'><strong>τὰ</strong></span> <span class='ocrx_word' id='word_1_118' title='bbox 1100 1724 1199 1792; x_wconf 88' lang='grc' dir='ltr'>μὲν</span> <span class='ocrx_word' id='word_1_119' title='bbox 1240 1725 1376 1779; x_wconf 79' lang='grc' dir='ltr'>ἄλλα</span> <span class='ocrx_word' id='word_1_120' title='bbox 1424 1727 1598 1778; x_wconf 76' lang='grc' dir='ltr'>πάντα</span> <span class='ocrx_word' id='word_1_121' title='bbox 1632 1742 1861 1795; x_wconf 76' lang='grc' dir='ltr'>χρηστα,</span> 
     </span>
    </p>
   </div>
   <div class='ocr_carea' id='block_1_19' title="bbox 301 1807 1863 1885">
    <p class='ocr_par' dir='ltr' id='par_1_19' title="bbox 301 1807 1863 1885">
     <span class='ocr_line' id='line_1_19' title="bbox 301 1807 1863 1885; baseline 0.008 -28"><span class='ocrx_word' id='word_1_122' title='bbox 301 1807 397 1859; x_wconf 75' lang='grc' dir='ltr'>καὶ</span> <span class='ocrx_word' id='word_1_123' title='bbox 424 1808 701 1873; x_wconf 69' lang='grc' dir='ltr'>ἐπαινετὰ,</span> <span class='ocrx_word' id='word_1_124' title='bbox 732 1809 827 1862; x_wconf 74' lang='grc' dir='ltr'>καὶ</span> <span class='ocrx_word' id='word_1_125' title='bbox 856 1811 1123 1882; x_wconf 85' lang='grc' dir='ltr'>δεχόμεθα</span> <span class='ocrx_word' id='word_1_126' title='bbox 1149 1816 1243 1868; x_wconf 78' lang='grc' dir='ltr'>καὶ</span> <span class='ocrx_word' id='word_1_127' title='bbox 1266 1817 1601 1884; x_wconf 84' lang='grc' dir='ltr'>τερπόμεθα,</span> <span class='ocrx_word' id='word_1_128' title='bbox 1641 1818 1733 1867; x_wconf 77' lang='grc' dir='ltr'>καὶ</span> <span class='ocrx_word' id='word_1_129' title='bbox 1763 1833 1863 1885; x_wconf 79' lang='grc' dir='ltr'>χα-</span> 
     </span>
    </p>
   </div>
   <div class='ocr_carea' id='block_1_20' title="bbox 299 1897 1859 1977">
    <p class='ocr_par' dir='ltr' id='par_1_20' title="bbox 299 1897 1859 1977">
     <span class='ocr_line' id='line_1_20' title="bbox 299 1897 1859 1977; baseline 0.007 -28"><span class='ocrx_word' id='word_1_130' title='bbox 299 1897 611 1966; x_wconf 78' lang='grc' dir='ltr'>τιστηρίους</span> <span class='ocrx_word' id='word_1_131' title='bbox 636 1900 832 1970; x_wconf 81' lang='grc' dir='ltr'>ᾄδομεν</span> <span class='ocrx_word' id='word_1_132' title='bbox 879 1902 997 1970; x_wconf 85' lang='grc' dir='ltr'><strong>Θεῷ</strong></span> <span class='ocrx_word' id='word_1_133' title='bbox 1039 1904 1115 1973; x_wconf 85' lang='grc' dir='ltr'>τῷ</span> <span class='ocrx_word' id='word_1_134' title='bbox 1143 1906 1431 1973; x_wconf 82' lang='grc' dir='ltr'>πανσόφως</span> <span class='ocrx_word' id='word_1_135' title='bbox 1457 1906 1598 1959; x_wconf 72' lang='grc' dir='ltr'>οὕτω</span> <span class='ocrx_word' id='word_1_136' title='bbox 1640 1908 1737 1977; x_wconf 83' lang='grc' dir='ltr'>τὴν</span> <span class='ocrx_word' id='word_1_137' title='bbox 1762 1911 1826 1960; x_wconf 80' lang='grc' dir='ltr'>ὲκ</span> <span class='ocrx_word' id='word_1_138' title='bbox 1844 1939 1859 1949; x_wconf 89' lang='lat'><strong>-</strong></span> 
     </span>
    </p>
   </div>
   <div class='ocr_carea' id='block_1_21' title="bbox 298 1987 1856 2065">
    <p class='ocr_par' dir='ltr' id='par_1_21' title="bbox 298 1987 1856 2065">
     <span class='ocr_line' id='line_1_21' title="bbox 298 1987 1856 2065; baseline 0.012 -28"><span class='ocrx_word' id='word_1_139' title='bbox 298 1987 531 2056; x_wconf 83' lang='grc' dir='ltr'>κλησίαν</span> <span class='ocrx_word' id='word_1_140' title='bbox 562 1990 823 2048; x_wconf 87' lang='grc' dir='ltr'>ίθύναντι.</span> <span class='ocrx_word' id='word_1_141' title='bbox 856 1995 929 2047; x_wconf 84' lang='grc' dir='ltr'><strong>Τὸ</strong></span> <span class='ocrx_word' id='word_1_142' title='bbox 956 1995 1011 2047; x_wconf 79' lang='grc' dir='ltr'>δὲ</span> <span class='ocrx_word' id='word_1_143' title='bbox 1044 1997 1151 2051; x_wconf 79' lang='grc' dir='ltr'><strong>ἀπὸ</strong></span> <span class='ocrx_word' id='word_1_144' title='bbox 1175 1997 1401 2065; x_wconf 86' lang='grc' dir='ltr'>λαῖκῶν,</span> <span class='ocrx_word' id='word_1_145' title='bbox 1434 2000 1533 2052; x_wconf 85' lang='grc' dir='ltr'><strong>ούκ</strong></span> <span class='ocrx_word' id='word_1_146' title='bbox 1555 2002 1856 2055; x_wconf 75' lang='grc' dir='ltr'>ἐπαινετόν.</span> 
     </span>
    </p>
   </div>
   <div class='ocr_carea' id='block_1_22' title="bbox 298 2078 1858 2158">
    <p class='ocr_par' dir='ltr' id='par_1_22' title="bbox 298 2078 1858 2158">
     <span class='ocr_line' id='line_1_22' title="bbox 298 2078 1858 2158; baseline 0.008 -30"><span class='ocrx_word' id='word_1_147' title='bbox 298 2078 393 2129; x_wconf 78' lang='grc' dir='ltr'><strong>Διὸ</strong></span> <span class='ocrx_word' id='word_1_148' title='bbox 422 2079 558 2141; x_wconf 81' lang='grc' dir='ltr'>τέως</span> <span class='ocrx_word' id='word_1_149' title='bbox 582 2080 641 2132; x_wconf 83' lang='grc' dir='ltr'>ὲν</span> <span class='ocrx_word' id='word_1_150' title='bbox 666 2082 949 2151; x_wconf 83' lang='grc' dir='ltr'>ἀμφιϐόλῳ</span> <span class='ocrx_word' id='word_1_151' title='bbox 978 2085 1373 2153; x_wconf 84' lang='grc' dir='ltr'>καθιστάμεθα,</span> <span class='ocrx_word' id='word_1_152' title='bbox 1402 2086 1500 2155; x_wconf 81' lang='grc' dir='ltr'>τὴν</span> <span class='ocrx_word' id='word_1_153' title='bbox 1518 2088 1858 2158; x_wconf 78' lang='grc' dir='ltr'>τελεωτάτην</span> 
     </span>
    </p>
   </div>
   <div class='ocr_carea' id='block_1_23' title="bbox 296 2169 1857 2248">
    <p class='ocr_par' dir='ltr' id='par_1_23' title="bbox 296 2169 1857 2248">
     <span class='ocr_line' id='line_1_23' title="bbox 296 2169 1857 2248; baseline 0.008 -29"><span class='ocrx_word' id='word_1_154' title='bbox 296 2169 606 2221; x_wconf 82' lang='grc' dir='ltr'>συναίνεσιν</span> <span class='ocrx_word' id='word_1_155' title='bbox 636 2172 717 2233; x_wconf 79' lang='grc' dir='ltr'><strong>είς</strong></span> <span class='ocrx_word' id='word_1_156' title='bbox 754 2172 852 2242; x_wconf 84' lang='grc' dir='ltr'>τὴν</span> <span class='ocrx_word' id='word_1_157' title='bbox 906 2173 1012 2226; x_wconf 84' lang='grc' dir='ltr'><strong>τῶν</strong></span> <span class='ocrx_word' id='word_1_158' title='bbox 1056 2176 1486 2246; x_wconf 84' lang='grc' dir='ltr'>ἀποκρισιαρίων</span> <span class='ocrx_word' id='word_1_159' title='bbox 1525 2178 1683 2248; x_wconf 81' lang='grc' dir='ltr'>ἡμῶν</span> <span class='ocrx_word' id='word_1_160' title='bbox 1724 2180 1857 2231; x_wconf 79' lang='grc' dir='ltr'>ὐπο-</span> 
     </span>
    </p>
   </div>
   <div class='ocr_carea' id='block_1_24' title="bbox 296 2258 1854 2335">
    <p class='ocr_par' dir='ltr' id='par_1_24' title="bbox 296 2258 1854 2335">
     <span class='ocr_line' id='line_1_24' title="bbox 296 2258 1854 2335; baseline 0.008 -28"><span class='ocrx_word' id='word_1_161' title='bbox 296 2258 537 2327; x_wconf 82' lang='grc' dir='ltr'>στροφὴν</span> <span class='ocrx_word' id='word_1_162' title='bbox 566 2258 911 2329; x_wconf 82' lang='grc' dir='ltr'>ἀναθέμενοι.</span> <span class='ocrx_word' id='word_1_163' title='bbox 959 2263 1099 2317; x_wconf 78' lang='grc' dir='ltr'>Ἀλλ’</span> <span class='ocrx_word' id='word_1_164' title='bbox 1135 2264 1240 2316; x_wconf 79' lang='grc' dir='ltr'>ἔδει</span> <span class='ocrx_word' id='word_1_165' title='bbox 1266 2266 1520 2335; x_wconf 83' lang='grc' dir='ltr'>γράφειν,</span> <span class='ocrx_word' id='word_1_166' title='bbox 1569 2267 1629 2319; x_wconf 90' lang='grc' dir='ltr'><strong>ού</strong></span> <span class='ocrx_word' id='word_1_167' title='bbox 1671 2284 1854 2319; x_wconf 92' lang='grc' dir='ltr'>συναι-</span> 
     </span>
    </p>
   </div>
   <div class='ocr_carea' id='block_1_25' title="bbox 293 2345 1855 2425">
    <p class='ocr_par' dir='ltr' id='par_1_25' title="bbox 293 2345 1855 2425">
     <span class='ocr_line' id='line_1_25' title="bbox 293 2345 1855 2425; baseline 0.009 -31"><span class='ocrx_word' id='word_1_168' title='bbox 293 2345 496 2414; x_wconf 78' lang='grc' dir='ltr'>νούμεν</span> <span class='ocrx_word' id='word_1_169' title='bbox 540 2346 697 2413; x_wconf 84' lang='grc' dir='ltr'>ὅλως,</span> <span class='ocrx_word' id='word_1_170' title='bbox 750 2350 810 2403; x_wconf 89' lang='grc' dir='ltr'>οὑ</span> <span class='ocrx_word' id='word_1_171' title='bbox 859 2353 1303 2422; x_wconf 70' lang='grc' dir='ltr'>καταδεχόμεθα*</span> <span class='ocrx_word' id='word_1_172' title='bbox 1360 2355 1480 2407; x_wconf 80' lang='grc' dir='ltr'>οὐδὲ</span> <span class='ocrx_word' id='word_1_173' title='bbox 1539 2356 1613 2425; x_wconf 84' lang='grc' dir='ltr'>μὴ</span> <span class='ocrx_word' id='word_1_174' title='bbox 1651 2358 1729 2417; x_wconf 86' lang='grc' dir='ltr'><strong>είς</strong></span> <span class='ocrx_word' id='word_1_175' title='bbox 1767 2357 1855 2409; x_wconf 85' lang='grc' dir='ltr'>τὸν</span> 
     </span>
    </p>
   </div>
   <div class='ocr_carea' id='block_1_26' title="bbox 294 2437 1854 2515">
    <p class='ocr_par' dir='ltr' id='par_1_26' title="bbox 294 2437 1854 2515">
     <span class='ocr_line' id='line_1_26' title="bbox 294 2437 1854 2515; baseline 0.005 -26"><span class='ocrx_word' id='word_1_176' title='bbox 294 2437 473 2508; x_wconf 69' lang='grc' dir='ltr'>αἰῶνα</span> <span class='ocrx_word' id='word_1_177' title='bbox 502 2439 935 2510; x_wconf 82' lang='grc' dir='ltr'>καταδεξαίμεθα</span> <span class='ocrx_word' id='word_1_178' title='bbox 975 2443 1067 2496; x_wconf 84' lang='grc' dir='ltr'>τὸν</span> <span class='ocrx_word' id='word_1_179' title='bbox 1103 2443 1538 2513; x_wconf 84' lang='grc' dir='ltr'>προσδραμόντα,</span> <span class='ocrx_word' id='word_1_180' title='bbox 1576 2446 1666 2497; x_wconf 76' lang='grc' dir='ltr'>τὸν</span> <span class='ocrx_word' id='word_1_181' title='bbox 1688 2446 1854 2515; x_wconf 75' lang='grc' dir='ltr'>ἐμποο</span> 
     </span>
    </p>
   </div>
   <div class='ocr_carea' id='block_1_27' title="bbox 296 2532 1857 2605">
    <p class='ocr_par' dir='ltr' id='par_1_27' title="bbox 296 2532 1857 2605">
     <span class='ocr_line' id='line_1_27' title="bbox 296 2532 1857 2605; baseline 0.005 -24"><span class='ocrx_word' id='word_1_182' title='bbox 296 2532 631 2599; x_wconf 80' lang='grc' dir='ltr'>ρευσάμενον</span> <span class='ocrx_word' id='word_1_183' title='bbox 654 2533 753 2601; x_wconf 83' lang='grc' dir='ltr'>τὴν</span> <span class='ocrx_word' id='word_1_184' title='bbox 778 2534 972 2604; x_wconf 81' lang='grc' dir='ltr'>ἀρχὴν,</span> <span class='ocrx_word' id='word_1_185' title='bbox 998 2534 1089 2587; x_wconf 84' lang='grc' dir='ltr'>τὸν</span> <span class='ocrx_word' id='word_1_186' title='bbox 1117 2536 1438 2605; x_wconf 81' lang='grc' dir='ltr'>ἀψήφιστον,</span> <span class='ocrx_word' id='word_1_187' title='bbox 1464 2536 1553 2589; x_wconf 85' lang='grc' dir='ltr'>τὸν</span> <span class='ocrx_word' id='word_1_188' title='bbox 1586 2536 1653 2588; x_wconf 84' lang='grc' dir='ltr'><strong>τὰ</strong></span> <span class='ocrx_word' id='word_1_189' title='bbox 1682 2537 1857 2589; x_wconf 83' lang='grc' dir='ltr'>πάντα</span> 
     </span>
    </p>
   </div>
   <div class='ocr_carea' id='block_1_28' title="bbox 294 2624 1855 2699">
    <p class='ocr_par' dir='ltr' id='par_1_28' title="bbox 294 2624 1855 2699">
     <span class='ocr_line' id='line_1_28' title="bbox 294 2624 1855 2699; baseline 0.003 -25"><span class='ocrx_word' id='word_1_190' title='bbox 294 2624 486 2677; x_wconf 82' lang='grc' dir='ltr'>κακόν.</span> <span class='ocrx_word' id='word_1_191' title='bbox 517 2624 696 2690; x_wconf 77' lang='grc' dir='ltr'>Ἔξιθι</span> <span class='ocrx_word' id='word_1_192' title='bbox 724 2624 817 2677; x_wconf 87' lang='grc' dir='ltr'>τοῦ</span> <span class='ocrx_word' id='word_1_193' title='bbox 863 2625 1073 2695; x_wconf 88' lang='grc' dir='ltr'>θρόνου,</span> <span class='ocrx_word' id='word_1_194' title='bbox 1121 2625 1472 2699; x_wconf 87' lang='grc' dir='ltr'>ὑποχώρησον</span> <span class='ocrx_word' id='word_1_195' title='bbox 1503 2626 1595 2680; x_wconf 85' lang='grc' dir='ltr'>τοῦ</span> <span class='ocrx_word' id='word_1_196' title='bbox 1631 2626 1855 2696; x_wconf 88' lang='grc' dir='ltr'>ποιμαί-</span> 
     </span>
    </p>
   </div>
   <div class='ocr_carea' id='block_1_29' title="bbox 291 2712 1854 2785">
    <p class='ocr_par' dir='ltr' id='par_1_29' title="bbox 291 2712 1854 2785">
     <span class='ocr_line' id='line_1_29' title="bbox 291 2712 1854 2785; baseline 0.001 -23"><span class='ocrx_word' id='word_1_197' title='bbox 291 2731 426 2778; x_wconf 88' lang='grc' dir='ltr'>νειν,</span> <span class='ocrx_word' id='word_1_198' title='bbox 451 2712 623 2776; x_wconf 78' lang='grc' dir='ltr'>οὕτως</span> <span class='ocrx_word' id='word_1_199' title='bbox 660 2713 725 2767; x_wconf 83' lang='grc' dir='ltr'>ἂν</span> <span class='ocrx_word' id='word_1_200' title='bbox 749 2716 777 2767; x_wconf 86' lang='grc' dir='ltr'>ὁ</span> <span class='ocrx_word' id='word_1_201' title='bbox 805 2717 1031 2785; x_wconf 77' lang='grc' dir='ltr'>γράφων</span> <span class='ocrx_word' id='word_1_202' title='bbox 1061 2716 1297 2784; x_wconf 78' lang='grc' dir='ltr'>ἔγραφεν</span> <span class='ocrx_word' id='word_1_203' title='bbox 1330 2718 1451 2785; x_wconf 74' lang='grc' dir='ltr'>ἐμοὶ</span> <span class='ocrx_word' id='word_1_204' title='bbox 1489 2714 1780 2785; x_wconf 75' lang='grc' dir='ltr'>προσφιλῆ,</span> <span class='ocrx_word' id='word_1_205' title='bbox 1807 2714 1854 2765; x_wconf 87' lang='grc' dir='ltr'><strong>εί</strong></span> 
     </span>
    </p>
   </div>
   <div class='ocr_carea' id='block_1_30' title="bbox 293 2806 1856 2878">
    <p class='ocr_par' dir='ltr' id='par_1_30' title="bbox 293 2806 1856 2878">
     <span class='ocr_line' id='line_1_30' title="bbox 293 2806 1856 2878; baseline -0.001 -20"><span class='ocrx_word' id='word_1_206' title='bbox 293 2806 389 2858; x_wconf 71' lang='grc' dir='ltr'>καὶ</span> <span class='ocrx_word' id='word_1_207' title='bbox 421 2806 489 2858; x_wconf 75' lang='grc' dir='ltr'>τὰ</span> <span class='ocrx_word' id='word_1_208' title='bbox 518 2807 685 2859; x_wconf 78' lang='grc' dir='ltr'>πλείω</span> <span class='ocrx_word' id='word_1_209' title='bbox 704 2807 893 2877; x_wconf 71' lang='grc' dir='ltr'>ψευδῆ.</span> <span class='ocrx_word' id='word_1_210' title='bbox 920 2808 1065 2860; x_wconf 82' lang='grc' dir='ltr'>Ἔδει</span> <span class='ocrx_word' id='word_1_211' title='bbox 1085 2811 1211 2878; x_wconf 72' lang='grc' dir='ltr'>γὰρ,</span> <span class='ocrx_word' id='word_1_212' title='bbox 1235 2808 1309 2870; x_wconf 87' lang='grc' dir='ltr'>ὡς</span> <span class='ocrx_word' id='word_1_213' title='bbox 1338 2807 1501 2871; x_wconf 73' lang='grc' dir='ltr'>ἔοικε,</span> <span class='ocrx_word' id='word_1_214' title='bbox 1530 2807 1620 2858; x_wconf 82' lang='grc' dir='ltr'>τὸν</span> <span class='ocrx_word' id='word_1_215' title='bbox 1666 2806 1856 2873; x_wconf 86' lang='grc' dir='ltr'>ἀδικη-</span> 
     </span>
    </p>
   </div>
   <div class='ocr_carea' id='block_1_31' title="bbox 294 2896 1855 2968">
    <p class='ocr_par' dir='ltr' id='par_1_31' title="bbox 294 2896 1855 2968">
     <span class='ocr_line' id='line_1_31' title="bbox 294 2896 1855 2968; baseline 0 -19"><span class='ocrx_word' id='word_1_216' title='bbox 294 2896 458 2949; x_wconf 81' lang='grc' dir='ltr'>θέντα</span> <span class='ocrx_word' id='word_1_217' title='bbox 490 2898 589 2968; x_wconf 77' lang='grc' dir='ltr'>τὴν</span> <span class='ocrx_word' id='word_1_218' title='bbox 612 2900 816 2951; x_wconf 87' lang='grc' dir='ltr'>είσοδον</span> <span class='ocrx_word' id='word_1_219' title='bbox 864 2899 1185 2968; x_wconf 84' lang='grc' dir='ltr'>ἀδικηθῆναι</span> <span class='ocrx_word' id='word_1_220' title='bbox 1217 2900 1375 2952; x_wconf 86' lang='grc' dir='ltr'>πάλιν</span> <span class='ocrx_word' id='word_1_221' title='bbox 1400 2900 1495 2968; x_wconf 76' lang='grc' dir='ltr'>τὴν</span> <span class='ocrx_word' id='word_1_222' title='bbox 1516 2899 1711 2961; x_wconf 79' lang='grc' dir='ltr'>ἔξοδον,</span> <span class='ocrx_word' id='word_1_223' title='bbox 1760 2898 1855 2949; x_wconf 78' lang='grc' dir='ltr'>καὶ</span> 
     </span>
    </p>
   </div>
   <div class='ocr_carea' id='block_1_32' title="bbox 288 2985 1853 3058">
    <p class='ocr_par' dir='ltr' id='par_1_32' title="bbox 288 2985 1853 3058">
     <span class='ocr_line' id='line_1_32' title="bbox 288 2985 1853 3058; baseline -0.003 -19"><span class='ocrx_word' id='word_1_224' title='bbox 288 2989 385 3039; x_wconf 77' lang='grc' dir='ltr'>τὸν</span> <span class='ocrx_word' id='word_1_225' title='bbox 409 2988 699 3058; x_wconf 84' lang='grc' dir='ltr'>ἀποτόμως</span> <span class='ocrx_word' id='word_1_226' title='bbox 739 2989 1059 3053; x_wconf 83' lang='grc' dir='ltr'>ὠθισθέντα,</span> <span class='ocrx_word' id='word_1_227' title='bbox 1091 2990 1184 3043; x_wconf 69' lang='grc' dir='ltr'>καὶ</span> <span class='ocrx_word' id='word_1_228' title='bbox 1214 2990 1413 3043; x_wconf 75' lang='grc' dir='ltr'>ἄκοντα</span> <span class='ocrx_word' id='word_1_229' title='bbox 1440 2985 1853 3055; x_wconf 85' lang='grc' dir='ltr'>ἀποτομώτερόν</span> 
     </span>
    </p>
   </div>
   <div class='ocr_carea' id='block_1_33' title="bbox 1970 610 3534 684">
    <p class='ocr_par' dir='ltr' id='par_1_33' title="bbox 1970 610 3534 684">
     <span class='ocr_line' id='line_1_33' title="bbox 1970 610 3534 684; baseline -0.004 -15"><span class='ocrx_word' id='word_1_230' title='bbox 1970 615 2167 670; x_wconf 90' lang='lat' dir='ltr'><strong>dicitur</strong></span> <span class='ocrx_word' id='word_1_231' title='bbox 2197 612 2565 684; x_wconf 75' lang='lat' dir='ltr'><strong>transgressio,</strong></span> <span class='ocrx_word' id='word_1_232' title='bbox 2604 624 2837 679; x_wconf 89' lang='lat' dir='ltr'><strong>quorum</strong></span> <span class='ocrx_word' id='word_1_233' title='bbox 2896 610 3087 663; x_wconf 88' lang='lat' dir='ltr'><strong>tradita</strong></span> <span class='ocrx_word' id='word_1_234' title='bbox 3129 619 3211 662; x_wconf 79' lang='lat' dir='ltr'><strong>est</strong></span> <span class='ocrx_word' id='word_1_235' title='bbox 3258 611 3534 664; x_wconf 88' lang='lat' dir='ltr'><strong>custodia:</strong></span> 
     </span>
    </p>
   </div>
   <div class='ocr_carea' id='block_1_34' title="bbox 1969 700 3539 774">
    <p class='ocr_par' dir='ltr' id='par_1_34' title="bbox 1969 700 3539 774">
     <span class='ocr_line' id='line_1_34' title="bbox 1969 700 3539 774; baseline -0.003 -14"><span class='ocrx_word' id='word_1_236' title='bbox 1969 722 2087 774; x_wconf 76' lang='lat' dir='ltr'><strong>qua:</strong></span> <span class='ocrx_word' id='word_1_237' title='bbox 2111 720 2237 758; x_wconf 86' lang='lat' dir='ltr'><strong>vero</strong></span> <span class='ocrx_word' id='word_1_238' title='bbox 2262 706 2453 757; x_wconf 90' lang='lat' dir='ltr'><strong>tradita</strong></span> <span class='ocrx_word' id='word_1_239' title='bbox 2477 717 2583 755; x_wconf 92' lang='lat' dir='ltr'><strong>non</strong></span> <span class='ocrx_word' id='word_1_240' title='bbox 2607 708 2755 765; x_wconf 87' lang='lat' dir='ltr'><strong>sunt,</strong></span> <span class='ocrx_word' id='word_1_241' title='bbox 2789 715 2850 753; x_wconf 88' lang='lat' dir='ltr'><strong>ea</strong></span> <span class='ocrx_word' id='word_1_242' title='bbox 2897 715 3004 751; x_wconf 92' lang='lat' dir='ltr'><strong>non</strong></span> <span class='ocrx_word' id='word_1_243' title='bbox 3027 700 3315 765; x_wconf 89' lang='lat' dir='ltr'><strong>custodita,</strong></span> <span class='ocrx_word' id='word_1_244' title='bbox 3364 712 3539 756; x_wconf 74' lang='lat' dir='ltr'><strong>trans-</strong></span> 
     </span>
    </p>
   </div>
   <div class='ocr_carea' id='block_1_35' title="bbox 1972 788 2915 867">
    <p class='ocr_par' dir='ltr' id='par_1_35' title="bbox 1972 788 2915 867">
     <span class='ocr_line' id='line_1_35' title="bbox 1972 788 2915 867; baseline -0.007 -21"><span class='ocrx_word' id='word_1_245' title='bbox 1972 794 2264 867; x_wconf 80' lang='lat' dir='ltr'><strong>gressionis</strong></span> <span class='ocrx_word' id='word_1_246' title='bbox 2288 810 2396 846; x_wconf 92' lang='lat' dir='ltr'><strong>non</strong></span> <span class='ocrx_word' id='word_1_247' title='bbox 2424 792 2663 846; x_wconf 88' lang='lat' dir='ltr'><strong>inferunt</strong></span> <span class='ocrx_word' id='word_1_248' title='bbox 2683 788 2915 842; x_wconf 82' lang='lat' dir='ltr'><strong>crimen.</strong></span> 
     </span>
    </p>
   </div>
   <div class='ocr_carea' id='block_1_36' title="bbox 2063 882 3537 955">
    <p class='ocr_par' dir='ltr' id='par_1_36' title="bbox 2063 882 3537 955">
     <span class='ocr_line' id='line_1_36' title="bbox 2063 882 3537 955; baseline -0.001 -14"><span class='ocrx_word' id='word_1_249' title='bbox 2063 887 2207 941; x_wconf 87' lang='lat' dir='ltr'><strong>Satis</strong></span> <span class='ocrx_word' id='word_1_250' title='bbox 2252 894 2412 940; x_wconf 84' lang='lat' dir='ltr'><strong>erant</strong></span> <span class='ocrx_word' id='word_1_251' title='bbox 2454 899 2577 955; x_wconf 70' lang='lat' dir='ltr'><strong>quae</strong></span> <span class='ocrx_word' id='word_1_252' title='bbox 2626 884 2736 952; x_wconf 81' lang='lat' dir='ltr'><strong>jam</strong></span> <span class='ocrx_word' id='word_1_253' title='bbox 2781 882 3023 950; x_wconf 74' lang='lat' dir='ltr'><strong>exposui,</strong></span> <span class='ocrx_word' id='word_1_254' title='bbox 3067 896 3131 936; x_wconf 88' lang='lat' dir='ltr'><strong>ac</strong></span> <span class='ocrx_word' id='word_1_255' title='bbox 3165 884 3333 938; x_wconf 91' lang='lat' dir='ltr'><strong>multo</strong></span> <span class='ocrx_word' id='word_1_256' title='bbox 3375 885 3537 940; x_wconf 89' lang='lat' dir='ltr'><strong>etiam</strong></span> 
     </span>
    </p>
   </div>
   <div class='ocr_carea' id='block_1_37' title="bbox 1968 973 3538 1051">
    <p class='ocr_par' dir='ltr' id='par_1_37' title="bbox 1968 973 3538 1051">
     <span class='ocr_line' id='line_1_37' title="bbox 1968 973 3538 1051; baseline -0.001 -17"><span class='ocrx_word' id='word_1_257' title='bbox 1968 980 2121 1051; x_wconf 90' lang='lat' dir='ltr'><strong>plura</strong></span> <span class='ocrx_word' id='word_1_258' title='bbox 2143 994 2301 1049; x_wconf 87' lang='lat' dir='ltr'><strong>quam</strong></span> <span class='ocrx_word' id='word_1_259' title='bbox 2329 974 2700 1033; x_wconf 74' lang='lat' dir='ltr'><strong>conveniebat.</strong></span> <span class='ocrx_word' id='word_1_260' title='bbox 2733 974 2843 1028; x_wconf 82' lang='lat' dir='ltr'><strong>Nec</strong></span> <span class='ocrx_word' id='word_1_261' title='bbox 2871 974 3015 1028; x_wconf 91' lang='lat' dir='ltr'><strong>enim</strong></span> <span class='ocrx_word' id='word_1_262' title='bbox 3040 973 3107 1028; x_wconf 90' lang='lat' dir='ltr'><strong>ad</strong></span> <span class='ocrx_word' id='word_1_263' title='bbox 3132 974 3244 1029; x_wconf 67' lang='lat' dir='ltr'><strong>haec</strong></span> <span class='ocrx_word' id='word_1_264' title='bbox 3275 976 3538 1032; x_wconf 88' lang='lat' dir='ltr'><strong>adductus</strong></span> 
     </span>
    </p>
   </div>
   <div class='ocr_carea' id='block_1_38' title="bbox 1969 1068 3537 1141">
    <p class='ocr_par' dir='ltr' id='par_1_38' title="bbox 1969 1068 3537 1141">
     <span class='ocr_line' id='line_1_38' title="bbox 1969 1068 3537 1141; baseline -0.003 -14"><span class='ocrx_word' id='word_1_265' title='bbox 1969 1089 2088 1128; x_wconf 86' lang='lat' dir='ltr'><strong>sum</strong></span> <span class='ocrx_word' id='word_1_266' title='bbox 2124 1083 2183 1127; x_wconf 93' lang='lat' dir='ltr'><strong>ut</strong></span> <span class='ocrx_word' id='word_1_267' title='bbox 2213 1088 2299 1126; x_wconf 93' lang='lat' dir='ltr'><strong>me</strong></span> <span class='ocrx_word' id='word_1_268' title='bbox 2333 1072 2476 1141; x_wconf 84' lang='lat' dir='ltr'><strong>justa</strong></span> <span class='ocrx_word' id='word_1_269' title='bbox 2523 1068 2840 1123; x_wconf 78' lang='lat' dir='ltr'><strong>defensione</strong></span> <span class='ocrx_word' id='word_1_270' title='bbox 2885 1068 3349 1122; x_wconf 83' lang='lat' dir='ltr'><strong>commendarem.</strong></span> <span class='ocrx_word' id='word_1_271' title='bbox 3394 1069 3537 1135; x_wconf 88' lang='lat' dir='ltr'><strong>Quo-</strong></span> 
     </span>
    </p>
   </div>
   <div class='ocr_carea' id='block_1_39' title="bbox 1968 1160 3534 1230">
    <p class='ocr_par' dir='ltr' id='par_1_39' title="bbox 1968 1160 3534 1230">
     <span class='ocr_line' id='line_1_39' title="bbox 1968 1160 3534 1230; baseline -0.004 -10"><span class='ocrx_word' id='word_1_272' title='bbox 1968 1165 2126 1220; x_wconf 87' lang='lat' dir='ltr'><strong>modo</strong></span> <span class='ocrx_word' id='word_1_273' title='bbox 2170 1165 2313 1219; x_wconf 92' lang='lat' dir='ltr'><strong>enim</strong></span> <span class='ocrx_word' id='word_1_274' title='bbox 2358 1164 2514 1215; x_wconf 79' lang='lat' dir='ltr'><strong>aliter</strong></span> <span class='ocrx_word' id='word_1_275' title='bbox 2557 1175 2678 1216; x_wconf 90' lang='lat' dir='ltr'><strong>esse</strong></span> <span class='ocrx_word' id='word_1_276' title='bbox 2739 1168 2940 1230; x_wconf 90' lang='lat' dir='ltr'><strong>posset,</strong></span> <span class='ocrx_word' id='word_1_277' title='bbox 2975 1175 3097 1213; x_wconf 93' lang='lat' dir='ltr'><strong>cum</strong></span> <span class='ocrx_word' id='word_1_278' title='bbox 3146 1160 3377 1229; x_wconf 90' lang='lat' dir='ltr'><strong>optabile</strong></span> <span class='ocrx_word' id='word_1_279' title='bbox 3404 1161 3534 1215; x_wconf 87' lang='lat' dir='ltr'><strong>mihi</strong></span> 
     </span>
    </p>
   </div>
   <div class='ocr_carea' id='block_1_40' title="bbox 1966 1251 3536 1320">
    <p class='ocr_par' dir='ltr' id='par_1_40' title="bbox 1966 1251 3536 1320">
     <span class='ocr_line' id='line_1_40' title="bbox 1966 1251 3536 1320; baseline -0.002 -10"><span class='ocrx_word' id='word_1_280' title='bbox 1966 1265 2111 1311; x_wconf 86' lang='lat' dir='ltr'><strong>esset</strong></span> <span class='ocrx_word' id='word_1_281' title='bbox 2182 1253 2504 1310; x_wconf 90' lang='lat' dir='ltr'><strong>omnimodis</strong></span> <span class='ocrx_word' id='word_1_282' title='bbox 2584 1252 2685 1306; x_wconf 91' lang='lat' dir='ltr'><strong>hac</strong></span> <span class='ocrx_word' id='word_1_283' title='bbox 2740 1251 2971 1320; x_wconf 87' lang='lat' dir='ltr'><strong>procella</strong></span> <span class='ocrx_word' id='word_1_284' title='bbox 3030 1251 3270 1318; x_wconf 90' lang='lat' dir='ltr'><strong>liberari,</strong></span> <span class='ocrx_word' id='word_1_285' title='bbox 3324 1260 3378 1306; x_wconf 79' lang='lat' dir='ltr'><strong>et</strong></span> <span class='ocrx_word' id='word_1_286' title='bbox 3429 1252 3536 1307; x_wconf 71' lang='lat' dir='ltr'><strong>hoc.</strong></span> 
     </span>
    </p>
   </div>
   <div class='ocr_carea' id='block_1_41' title="bbox 1967 1343 3535 1413">
    <p class='ocr_par' dir='ltr' id='par_1_41' title="bbox 1967 1343 3535 1413">
     <span class='ocr_line' id='line_1_41' title="bbox 1967 1343 3535 1413; baseline -0.003 -13"><span class='ocrx_word' id='word_1_287' title='bbox 1967 1346 2131 1400; x_wconf 80' lang='lat' dir='ltr'><strong>levari</strong></span> <span class='ocrx_word' id='word_1_288' title='bbox 2164 1360 2329 1399; x_wconf 87' lang='lat' dir='ltr'><strong>onere</strong></span> <span class='ocrx_word' id='word_1_289' title='bbox 2348 1344 2371 1397; x_wconf 66' lang='grc' dir='ltr'><strong>ἲ</strong></span> <span class='ocrx_word' id='word_1_290' title='bbox 2398 1343 2486 1397; x_wconf 89' lang='lat' dir='ltr'><strong>Sic</strong></span> <span class='ocrx_word' id='word_1_291' title='bbox 2509 1359 2637 1413; x_wconf 86' lang='lat' dir='ltr'><strong>ergo</strong></span> <span class='ocrx_word' id='word_1_292' title='bbox 2658 1343 2802 1397; x_wconf 88' lang='lat' dir='ltr'><strong>sedis</strong></span> <span class='ocrx_word' id='word_1_293' title='bbox 2822 1352 3083 1412; x_wconf 83' lang='lat' dir='ltr'><strong>appetens</strong></span> <span class='ocrx_word' id='word_1_294' title='bbox 3104 1358 3243 1408; x_wconf 89' lang='lat' dir='ltr'><strong>sum,</strong></span> <span class='ocrx_word' id='word_1_295' title='bbox 3271 1343 3350 1397; x_wconf 89' lang='lat' dir='ltr'><strong>sic</strong></span> <span class='ocrx_word' id='word_1_296' title='bbox 3368 1344 3535 1397; x_wconf 86' lang='lat' dir='ltr'><strong>vehe-</strong></span> 
     </span>
    </p>
   </div>
   <div class='ocr_carea' id='block_1_42' title="bbox 1966 1430 3532 1501">
    <p class='ocr_par' dir='ltr' id='par_1_42' title="bbox 1966 1430 3532 1501">
     <span class='ocr_line' id='line_1_42' title="bbox 1966 1430 3532 1501; baseline -0.002 -13"><span class='ocrx_word' id='word_1_297' title='bbox 1966 1443 2178 1488; x_wconf 88' lang='lat' dir='ltr'><strong>menter</strong></span> <span class='ocrx_word' id='word_1_298' title='bbox 2203 1449 2323 1488; x_wconf 87' lang='lat' dir='ltr'><strong>eam</strong></span> <span class='ocrx_word' id='word_1_299' title='bbox 2353 1433 2581 1486; x_wconf 89' lang='lat' dir='ltr'><strong>retineo.</strong></span> <span class='ocrx_word' id='word_1_300' title='bbox 2613 1431 2734 1485; x_wconf 84' lang='lat' dir='ltr'><strong>Non</strong></span> <span class='ocrx_word' id='word_1_301' title='bbox 2791 1432 2937 1485; x_wconf 91' lang='lat' dir='ltr'><strong>enim</strong></span> <span class='ocrx_word' id='word_1_302' title='bbox 2992 1448 3021 1483; x_wconf 90' lang='lat' dir='ltr'><strong>a</strong></span> <span class='ocrx_word' id='word_1_303' title='bbox 3087 1430 3354 1501; x_wconf 87' lang='lat' dir='ltr'><strong>principio</strong></span> <span class='ocrx_word' id='word_1_304' title='bbox 3407 1434 3532 1501; x_wconf 90' lang='lat' dir='ltr'><strong>qui-</strong></span> 
     </span>
    </p>
   </div>
   <div class='ocr_carea' id='block_1_43' title="bbox 1964 1523 3525 1594">
    <p class='ocr_par' dir='ltr' id='par_1_43' title="bbox 1964 1523 3525 1594">
     <span class='ocr_line' id='line_1_43' title="bbox 1964 1523 3525 1594; baseline 0 -15"><span class='ocrx_word' id='word_1_305' title='bbox 1964 1525 2087 1579; x_wconf 90' lang='lat' dir='ltr'><strong>dem</strong></span> <span class='ocrx_word' id='word_1_306' title='bbox 2122 1524 2276 1579; x_wconf 89' lang='lat' dir='ltr'><strong>oneri</strong></span> <span class='ocrx_word' id='word_1_307' title='bbox 2316 1523 2543 1577; x_wconf 89' lang='lat' dir='ltr'><strong>thronus</strong></span> <span class='ocrx_word' id='word_1_308' title='bbox 2576 1524 2694 1588; x_wconf 89' lang='lat' dir='ltr'><strong>fuit,</strong></span> <span class='ocrx_word' id='word_1_309' title='bbox 2746 1539 3032 1594; x_wconf 80' lang='lat' dir='ltr'><strong>progressu</strong></span> <span class='ocrx_word' id='word_1_310' title='bbox 3081 1540 3210 1579; x_wconf 88' lang='lat' dir='ltr'><strong>vero</strong></span> <span class='ocrx_word' id='word_1_311' title='bbox 3264 1527 3525 1593; x_wconf 90' lang='lat' dir='ltr'><strong>temporis</strong></span> 
     </span>
    </p>
   </div>
   <div class='ocr_carea' id='block_1_44' title="bbox 1965 1614 3531 1685">
    <p class='ocr_par' dir='ltr' id='par_1_44' title="bbox 1965 1614 3531 1685">
     <span class='ocr_line' id='line_1_44' title="bbox 1965 1614 3531 1685; baseline 0 -16"><span class='ocrx_word' id='word_1_312' title='bbox 1965 1616 2237 1685; x_wconf 79' lang='lat' dir='ltr'><strong>expetitus</strong></span> <span class='ocrx_word' id='word_1_313' title='bbox 2268 1624 2389 1669; x_wconf 90' lang='lat' dir='ltr'><strong>est:</strong></span> <span class='ocrx_word' id='word_1_314' title='bbox 2424 1614 2521 1667; x_wconf 91' lang='lat' dir='ltr'><strong>sed</strong></span> <span class='ocrx_word' id='word_1_315' title='bbox 2570 1615 3026 1683; x_wconf 89' lang='lat' dir='ltr'><strong>quemadmodum</strong></span> <span class='ocrx_word' id='word_1_316' title='bbox 3084 1614 3362 1685; x_wconf 88' lang='lat' dir='ltr'><strong>ingressus</strong></span> <span class='ocrx_word' id='word_1_317' title='bbox 3410 1632 3531 1670; x_wconf 91' lang='lat' dir='ltr'><strong>sum</strong></span> 
     </span>
    </p>
   </div>
   <div class='ocr_carea' id='block_1_45' title="bbox 1965 1703 3533 1767">
    <p class='ocr_par' dir='ltr' id='par_1_45' title="bbox 1965 1703 3533 1767">
     <span class='ocr_line' id='line_1_45' title="bbox 1965 1703 3533 1767; baseline 0.001 -10"><span class='ocrx_word' id='word_1_318' title='bbox 1965 1705 2186 1765; x_wconf 56' lang='lat' dir='ltr'><strong>Inritus,</strong></span> <span class='ocrx_word' id='word_1_319' title='bbox 2230 1704 2312 1757; x_wconf 92' lang='lat' dir='ltr'><strong>sic</strong></span> <span class='ocrx_word' id='word_1_320' title='bbox 2358 1704 2563 1757; x_wconf 83' lang='lat' dir='ltr'><strong>invitus</strong></span> <span class='ocrx_word' id='word_1_321' title='bbox 2593 1703 2777 1755; x_wconf 88' lang='lat' dir='ltr'><strong>sedeo.</strong></span> <span class='ocrx_word' id='word_1_322' title='bbox 2812 1703 2962 1767; x_wconf 83' lang='lat' dir='ltr'><strong>Quod</strong></span> <span class='ocrx_word' id='word_1_323' title='bbox 2992 1712 3172 1755; x_wconf 89' lang='lat' dir='ltr'><strong>autem</strong></span> <span class='ocrx_word' id='word_1_324' title='bbox 3208 1703 3363 1756; x_wconf 88' lang='lat' dir='ltr'><strong>initio</strong></span> <span class='ocrx_word' id='word_1_325' title='bbox 3401 1703 3533 1759; x_wconf 88' lang='lat' dir='ltr'><strong>mihi</strong></span> 
     </span>
    </p>
   </div>
   <div class='ocr_carea' id='block_1_46' title="bbox 1963 1774 3530 1859">
    <p class='ocr_par' dir='ltr' id='par_1_46' title="bbox 1963 1774 3530 1859">
     <span class='ocr_line' id='line_1_46' title="bbox 1963 1774 3530 1859; baseline -0.001 -9"><span class='ocrx_word' id='word_1_326' title='bbox 1963 1796 2046 1850; x_wconf 93' lang='lat' dir='ltr'><strong>vis</strong></span> <span class='ocrx_word' id='word_1_327' title='bbox 2080 1794 2216 1849; x_wconf 89' lang='lat' dir='ltr'><strong>facta</strong></span> <span class='ocrx_word' id='word_1_328' title='bbox 2243 1796 2333 1857; x_wconf 86' lang='lat' dir='ltr'><strong>sit,</strong></span> <span class='ocrx_word' id='word_1_329' title='bbox 2358 1774 2481 1847; x_wconf 84' lang='lat' dir='ltr'><strong>cum</strong></span> <span class='ocrx_word' id='word_1_330' title='bbox 2503 1809 2568 1847; x_wconf 84' lang='lat' dir='ltr'><strong>cx</strong></span> <span class='ocrx_word' id='word_1_331' title='bbox 2597 1793 2737 1855; x_wconf 87' lang='lat' dir='ltr'><strong>aliis,</strong></span> <span class='ocrx_word' id='word_1_332' title='bbox 2756 1804 2869 1846; x_wconf 91' lang='lat' dir='ltr'><strong>tum</strong></span> <span class='ocrx_word' id='word_1_333' title='bbox 2896 1809 2960 1847; x_wconf 75' lang='lat' dir='ltr'><strong>ex</strong></span> <span class='ocrx_word' id='word_1_334' title='bbox 2983 1794 3084 1846; x_wconf 88' lang='lat' dir='ltr'><strong>hoc</strong></span> <span class='ocrx_word' id='word_1_335' title='bbox 3107 1793 3530 1859; x_wconf 87' lang='lat' dir='ltr'><strong>demonstratur,</strong></span> 
     </span>
    </p>
   </div>
   <div class='ocr_carea' id='block_1_47' title="bbox 1964 1884 3531 1960">
    <p class='ocr_par' dir='ltr' id='par_1_47' title="bbox 1964 1884 3531 1960">
     <span class='ocr_line' id='line_1_47' title="bbox 1964 1884 3531 1960; baseline 0 -19"><span class='ocrx_word' id='word_1_336' title='bbox 1964 1887 2107 1960; x_wconf 90' lang='lat' dir='ltr'><strong>quod</strong></span> <span class='ocrx_word' id='word_1_337' title='bbox 2142 1903 2172 1941; x_wconf 90' lang='lat' dir='ltr'><strong>a</strong></span> <span class='ocrx_word' id='word_1_338' title='bbox 2206 1886 2483 1957; x_wconf 91' lang='lat' dir='ltr'><strong>principio</strong></span> <span class='ocrx_word' id='word_1_339' title='bbox 2541 1900 2712 1954; x_wconf 84' lang='lat' dir='ltr'><strong>usque</strong></span> <span class='ocrx_word' id='word_1_340' title='bbox 2747 1884 2926 1939; x_wconf 88' lang='lat' dir='ltr'><strong>adhuc</strong></span> <span class='ocrx_word' id='word_1_341' title='bbox 2982 1884 3143 1938; x_wconf 86' lang='lat' dir='ltr'><strong>velim</strong></span> <span class='ocrx_word' id='word_1_342' title='bbox 3183 1886 3376 1940; x_wconf 88' lang='lat' dir='ltr'><strong>cedere</strong></span> <span class='ocrx_word' id='word_1_343' title='bbox 3428 1887 3531 1942; x_wconf 90' lang='lat' dir='ltr'><strong>bac</strong></span> 
     </span>
    </p>
   </div>
   <div class='ocr_carea' id='block_1_48' title="bbox 1965 1977 3530 2049">
    <p class='ocr_par' dir='ltr' id='par_1_48' title="bbox 1965 1977 3530 2049">
     <span class='ocr_line' id='line_1_48' title="bbox 1965 1977 3530 2049; baseline -0.003 -14"><span class='ocrx_word' id='word_1_344' title='bbox 1965 1981 2111 2034; x_wconf 87' lang='lat' dir='ltr'><strong>sede.</strong></span> <span class='ocrx_word' id='word_1_345' title='bbox 2142 1977 2209 2033; x_wconf 83' lang='lat' dir='ltr'><strong>At</strong></span> <span class='ocrx_word' id='word_1_346' title='bbox 2240 1978 2285 2032; x_wconf 89' lang='lat' dir='ltr'><strong>si</strong></span> <span class='ocrx_word' id='word_1_347' title='bbox 2322 1977 2452 2031; x_wconf 88' lang='lat' dir='ltr'><strong>mihi</strong></span> <span class='ocrx_word' id='word_1_348' title='bbox 2491 1986 2640 2049; x_wconf 86' lang='lat' dir='ltr'><strong>grata</strong></span> <span class='ocrx_word' id='word_1_349' title='bbox 2665 1978 2946 2031; x_wconf 88' lang='lat' dir='ltr'><strong>scribenda</strong></span> <span class='ocrx_word' id='word_1_350' title='bbox 2976 1987 3175 2043; x_wconf 87' lang='lat' dir='ltr'><strong>erunt;</strong></span> <span class='ocrx_word' id='word_1_351' title='bbox 3205 1994 3313 2031; x_wconf 91' lang='lat' dir='ltr'><strong>non</strong></span> <span class='ocrx_word' id='word_1_352' title='bbox 3361 1994 3530 2047; x_wconf 90' lang='lat' dir='ltr'><strong>opor-</strong></span> 
     </span>
    </p>
   </div>
   <div class='ocr_carea' id='block_1_49' title="bbox 1965 2068 3532 2141">
    <p class='ocr_par' dir='ltr' id='par_1_49' title="bbox 1965 2068 3532 2141">
     <span class='ocr_line' id='line_1_49' title="bbox 1965 2068 3532 2141; baseline -0.001 -14"><span class='ocrx_word' id='word_1_353' title='bbox 1965 2074 2066 2127; x_wconf 93' lang='lat' dir='ltr'><strong>tuit</strong></span> <span class='ocrx_word' id='word_1_354' title='bbox 2094 2072 2345 2141; x_wconf 79' lang='lat' dir='ltr'><strong>benigna,</strong></span> <span class='ocrx_word' id='word_1_355' title='bbox 2370 2068 2666 2138; x_wconf 60' lang='lat' dir='ltr'><strong>ceteroqui</strong></span> <span class='ocrx_word' id='word_1_356' title='bbox 2710 2079 2765 2123; x_wconf 90' lang='lat' dir='ltr'><strong>et</strong></span> <span class='ocrx_word' id='word_1_357' title='bbox 2801 2068 3091 2121; x_wconf 87' lang='lat' dir='ltr'><strong>laudabilia</strong></span> <span class='ocrx_word' id='word_1_358' title='bbox 3128 2069 3328 2122; x_wconf 87' lang='lat' dir='ltr'><strong>scribi:</strong></span> <span class='ocrx_word' id='word_1_359' title='bbox 3362 2071 3532 2126; x_wconf 57' lang='lat' dir='ltr'><strong>Acceo</strong></span> 
     </span>
    </p>
   </div>
   <div class='ocr_carea' id='block_1_50' title="bbox 1964 2160 3528 2232">
    <p class='ocr_par' dir='ltr' id='par_1_50' title="bbox 1964 2160 3528 2232">
     <span class='ocr_line' id='line_1_50' title="bbox 1964 2160 3528 2232; baseline 0 -17"><span class='ocrx_word' id='word_1_360' title='bbox 1964 2164 2160 2232; x_wconf 90' lang='lat' dir='ltr'><strong>pimus,</strong></span> <span class='ocrx_word' id='word_1_361' title='bbox 2209 2164 2473 2226; x_wconf 66' lang='lat' dir='ltr'><strong>laatamur,</strong></span> <span class='ocrx_word' id='word_1_362' title='bbox 2532 2170 2589 2214; x_wconf 93' lang='lat' dir='ltr'><strong>et</strong></span> <span class='ocrx_word' id='word_1_363' title='bbox 2631 2161 2798 2230; x_wconf 88' lang='lat' dir='ltr'><strong>gratia</strong></span> <span class='ocrx_word' id='word_1_364' title='bbox 2868 2161 3077 2228; x_wconf 79' lang='lat' dir='ltr'><strong>agimus</strong></span> <span class='ocrx_word' id='word_1_365' title='bbox 3130 2160 3528 2229; x_wconf 82' lang='lat' dir='ltr'><strong>sapientissimo</strong></span> 
     </span>
    </p>
   </div>
   <div class='ocr_carea' id='block_1_51' title="bbox 1942 2248 3529 2323">
    <p class='ocr_par' dir='ltr' id='par_1_51' title="bbox 1942 2248 3529 2323">
     <span class='ocr_line' id='line_1_51' title="bbox 1942 2248 3529 2323; baseline -0.001 -16"><span class='ocrx_word' id='word_1_366' title='bbox 1942 2253 2096 2319; x_wconf 50' lang='lat' dir='ltr'><strong>‘Deo,</strong></span> <span class='ocrx_word' id='word_1_367' title='bbox 2128 2253 2220 2323; x_wconf 89' lang='lat' dir='ltr'><strong>qui</strong></span> <span class='ocrx_word' id='word_1_368' title='bbox 2263 2252 2561 2306; x_wconf 85' lang='lat' dir='ltr'><strong>Ecclesiam</strong></span> <span class='ocrx_word' id='word_1_369' title='bbox 2595 2251 2880 2321; x_wconf 74' lang='lat' dir='ltr'><strong>gubernat.</strong></span> <span class='ocrx_word' id='word_1_370' title='bbox 2922 2248 3035 2303; x_wconf 88' lang='lat' dir='ltr'><strong>lloc</strong></span> <span class='ocrx_word' id='word_1_371' title='bbox 3091 2266 3219 2305; x_wconf 91' lang='lat' dir='ltr'><strong>vero</strong></span> <span class='ocrx_word' id='word_1_372' title='bbox 3255 2266 3320 2304; x_wconf 86' lang='lat' dir='ltr'><strong>ex</strong></span> <span class='ocrx_word' id='word_1_373' title='bbox 3362 2251 3529 2306; x_wconf 90' lang='lat' dir='ltr'><strong>laico-</strong></span> 
     </span>
    </p>
   </div>
   <div class='ocr_carea' id='block_1_52' title="bbox 1963 2340 3527 2411">
    <p class='ocr_par' dir='ltr' id='par_1_52' title="bbox 1963 2340 3527 2411">
     <span class='ocr_line' id='line_1_52' title="bbox 1963 2340 3527 2411; baseline 0 -15"><span class='ocrx_word' id='word_1_374' title='bbox 1963 2358 2083 2396; x_wconf 89' lang='lat' dir='ltr'><strong>rum</strong></span> <span class='ocrx_word' id='word_1_375' title='bbox 2130 2341 2344 2405; x_wconf 89' lang='lat' dir='ltr'><strong>ordine,</strong></span> <span class='ocrx_word' id='word_1_376' title='bbox 2396 2340 2666 2395; x_wconf 87' lang='lat' dir='ltr'><strong>laudabile</strong></span> <span class='ocrx_word' id='word_1_377' title='bbox 2710 2356 2818 2391; x_wconf 86' lang='lat' dir='ltr'><strong>non</strong></span> <span class='ocrx_word' id='word_1_378' title='bbox 2868 2349 2988 2392; x_wconf 90' lang='lat' dir='ltr'><strong>est:</strong></span> <span class='ocrx_word' id='word_1_379' title='bbox 3037 2340 3239 2394; x_wconf 84' lang='lat' dir='ltr'><strong>ideirco</strong></span> <span class='ocrx_word' id='word_1_380' title='bbox 3290 2342 3527 2411; x_wconf 80' lang='lat' dir='ltr'><strong>ambigui</strong></span> 
     </span>
    </p>
   </div>
   <div class='ocr_carea' id='block_1_53' title="bbox 1963 2431 3528 2503">
    <p class='ocr_par' dir='ltr' id='par_1_53' title="bbox 1963 2431 3528 2503">
     <span class='ocr_line' id='line_1_53' title="bbox 1963 2431 3528 2503; baseline 0.001 -17"><span class='ocrx_word' id='word_1_381' title='bbox 1963 2434 2141 2487; x_wconf 89' lang='lat' dir='ltr'><strong>adhuc</strong></span> <span class='ocrx_word' id='word_1_382' title='bbox 2179 2447 2389 2494; x_wconf 90' lang='lat' dir='ltr'><strong>sumus,</strong></span> <span class='ocrx_word' id='word_1_383' title='bbox 2419 2441 2473 2485; x_wconf 91' lang='lat' dir='ltr'><strong>et</strong></span> <span class='ocrx_word' id='word_1_384' title='bbox 2497 2431 2794 2501; x_wconf 90' lang='lat' dir='ltr'><strong>perfectum</strong></span> <span class='ocrx_word' id='word_1_385' title='bbox 2826 2448 3115 2486; x_wconf 87' lang='lat' dir='ltr'><strong>assensum</strong></span> <span class='ocrx_word' id='word_1_386' title='bbox 3155 2432 3209 2486; x_wconf 91' lang='lat' dir='ltr'><strong>in</strong></span> <span class='ocrx_word' id='word_1_387' title='bbox 3234 2432 3528 2503; x_wconf 90' lang='lat' dir='ltr'><strong>apocrisia-</strong></span> 
     </span>
    </p>
   </div>
   <div class='ocr_carea' id='block_1_54' title="bbox 1961 2524 3524 2582">
    <p class='ocr_par' dir='ltr' id='par_1_54' title="bbox 1961 2524 3524 2582">
     <span class='ocr_line' id='line_1_54' title="bbox 1961 2524 3524 2582; baseline 0.003 -5"><span class='ocrx_word' id='word_1_388' title='bbox 1961 2524 2168 2577; x_wconf 89' lang='lat' dir='ltr'><strong>riorum</strong></span> <span class='ocrx_word' id='word_1_389' title='bbox 2226 2532 2536 2577; x_wconf 91' lang='lat' dir='ltr'><strong>nostrorum</strong></span> <span class='ocrx_word' id='word_1_390' title='bbox 2609 2524 2845 2577; x_wconf 89' lang='lat' dir='ltr'><strong>reditum</strong></span> <span class='ocrx_word' id='word_1_391' title='bbox 2906 2524 3236 2579; x_wconf 89' lang='lat' dir='ltr'><strong>distulimus.</strong></span> <span class='ocrx_word' id='word_1_392' title='bbox 3312 2524 3524 2582; x_wconf 77' lang='lat' dir='ltr'><strong>Verum</strong></span> 
     </span>
    </p>
   </div>
   <div class='ocr_carea' id='block_1_55' title="bbox 1963 2612 3529 2684">
    <p class='ocr_par' dir='ltr' id='par_1_55' title="bbox 1963 2612 3529 2684">
     <span class='ocr_line' id='line_1_55' title="bbox 1963 2612 3529 2684; baseline 0.001 -15"><span class='ocrx_word' id='word_1_393' title='bbox 1963 2614 2129 2669; x_wconf 87' lang='lat' dir='ltr'><strong>scribi</strong></span> <span class='ocrx_word' id='word_1_394' title='bbox 2161 2612 2372 2676; x_wconf 83' lang='lat' dir='ltr'><strong>debuit,</strong></span> <span class='ocrx_word' id='word_1_395' title='bbox 2395 2613 2617 2666; x_wconf 88' lang='lat' dir='ltr'><strong>omnino</strong></span> <span class='ocrx_word' id='word_1_396' title='bbox 2662 2628 2769 2666; x_wconf 90' lang='lat' dir='ltr'><strong>non</strong></span> <span class='ocrx_word' id='word_1_397' title='bbox 2800 2614 3145 2679; x_wconf 85' lang='lat' dir='ltr'><strong>assentimur,</strong></span> <span class='ocrx_word' id='word_1_398' title='bbox 3191 2630 3298 2669; x_wconf 92' lang='lat' dir='ltr'><strong>non</strong></span> <span class='ocrx_word' id='word_1_399' title='bbox 3330 2616 3529 2684; x_wconf 88' lang='lat' dir='ltr'><strong>proba-</strong></span> 
     </span>
    </p>
   </div>
   <div class='ocr_carea' id='block_1_56' title="bbox 1961 2704 3526 2776">
    <p class='ocr_par' dir='ltr' id='par_1_56' title="bbox 1961 2704 3526 2776">
     <span class='ocr_line' id='line_1_56' title="bbox 1961 2704 3526 2776; baseline 0.001 -16"><span class='ocrx_word' id='word_1_400' title='bbox 1961 2721 2105 2769; x_wconf 90' lang='lat' dir='ltr'><strong>mus,</strong></span> <span class='ocrx_word' id='word_1_401' title='bbox 2138 2721 2248 2759; x_wconf 93' lang='lat' dir='ltr'><strong>non</strong></span> <span class='ocrx_word' id='word_1_402' title='bbox 2289 2704 2609 2773; x_wconf 89' lang='lat' dir='ltr'><strong>accipimus,</strong></span> <span class='ocrx_word' id='word_1_403' title='bbox 2659 2719 2763 2758; x_wconf 91' lang='lat' dir='ltr'><strong>nec</strong></span> <span class='ocrx_word' id='word_1_404' title='bbox 2818 2720 2949 2757; x_wconf 91' lang='lat' dir='ltr'><strong>vero</strong></span> <span class='ocrx_word' id='word_1_405' title='bbox 3010 2721 3247 2773; x_wconf 87' lang='lat' dir='ltr'><strong>unquam</strong></span> <span class='ocrx_word' id='word_1_406' title='bbox 3295 2707 3526 2776; x_wconf 88' lang='lat' dir='ltr'><strong>accipie-</strong></span> 
     </span>
    </p>
   </div>
   <div class='ocr_carea' id='block_1_57' title="bbox 1955 2796 3523 2867">
    <p class='ocr_par' dir='ltr' id='par_1_57' title="bbox 1955 2796 3523 2867">
     <span class='ocr_line' id='line_1_57' title="bbox 1955 2796 3523 2867; baseline 0 -16"><span class='ocrx_word' id='word_1_407' title='bbox 1955 2814 2105 2865; x_wconf 89' lang='lat' dir='ltr'><strong>mus;</strong></span> <span class='ocrx_word' id='word_1_408' title='bbox 2137 2797 2226 2867; x_wconf 91' lang='lat' dir='ltr'><strong>qui</strong></span> <span class='ocrx_word' id='word_1_409' title='bbox 2249 2796 2507 2859; x_wconf 88' lang='lat' dir='ltr'><strong>accurrit,</strong></span> <span class='ocrx_word' id='word_1_410' title='bbox 2540 2796 2634 2865; x_wconf 90' lang='lat' dir='ltr'><strong>qui</strong></span> <span class='ocrx_word' id='word_1_411' title='bbox 2668 2796 3015 2864; x_wconf 68' lang='lat' dir='ltr'><strong>praasulatum</strong></span> <span class='ocrx_word' id='word_1_412' title='bbox 3042 2796 3381 2850; x_wconf 91' lang='lat' dir='ltr'><strong>nundinatus</strong></span> <span class='ocrx_word' id='word_1_413' title='bbox 3412 2806 3523 2861; x_wconf 89' lang='lat' dir='ltr'><strong>est,</strong></span> 
     </span>
    </p>
   </div>
   <div class='ocr_carea' id='block_1_58' title="bbox 1957 2882 3523 2953">
    <p class='ocr_par' dir='ltr' id='par_1_58' title="bbox 1957 2882 3523 2953">
     <span class='ocr_line' id='line_1_58' title="bbox 1957 2882 3523 2953; baseline 0.002 -17"><span class='ocrx_word' id='word_1_414' title='bbox 1957 2884 2050 2953; x_wconf 86' lang='lat' dir='ltr'><strong>qui</strong></span> <span class='ocrx_word' id='word_1_415' title='bbox 2098 2899 2211 2937; x_wconf 90' lang='lat' dir='ltr'><strong>non</strong></span> <span class='ocrx_word' id='word_1_416' title='bbox 2263 2892 2345 2937; x_wconf 90' lang='lat' dir='ltr'><strong>est</strong></span> <span class='ocrx_word' id='word_1_417' title='bbox 2388 2882 2551 2951; x_wconf 87' lang='lat' dir='ltr'><strong>justis</strong></span> <span class='ocrx_word' id='word_1_418' title='bbox 2581 2882 2853 2953; x_wconf 81' lang='lat' dir='ltr'><strong>suﬂ‘ragiis</strong></span> <span class='ocrx_word' id='word_1_419' title='bbox 2897 2883 3117 2938; x_wconf 88' lang='lat' dir='ltr'><strong>factus:</strong></span> <span class='ocrx_word' id='word_1_420' title='bbox 3154 2884 3207 2937; x_wconf 90' lang='lat' dir='ltr'><strong>in</strong></span> <span class='ocrx_word' id='word_1_421' title='bbox 3266 2885 3523 2940; x_wconf 90' lang='lat' dir='ltr'><strong>omnibus</strong></span> 
     </span>
    </p>
   </div>
   <div class='ocr_carea' id='block_1_59' title="bbox 1956 2973 3515 3043">
    <p class='ocr_par' dir='ltr' id='par_1_59' title="bbox 1956 2973 3515 3043">
     <span class='ocr_line' id='line_1_59' title="bbox 1956 2973 3515 3043; baseline 0 -14"><span class='ocrx_word' id='word_1_422' title='bbox 1956 2974 2280 3042; x_wconf 89' lang='lat' dir='ltr'><strong>improbum.</strong></span> <span class='ocrx_word' id='word_1_423' title='bbox 2310 2973 2409 3027; x_wconf 81' lang='lat' dir='ltr'><strong>Abi</strong></span> <span class='ocrx_word' id='word_1_424' title='bbox 2443 2974 2544 3027; x_wconf 83' lang='lat' dir='ltr'><strong>hac</strong></span> <span class='ocrx_word' id='word_1_425' title='bbox 2579 2973 2730 3038; x_wconf 86' lang='lat' dir='ltr'><strong>sede,</strong></span> <span class='ocrx_word' id='word_1_426' title='bbox 2767 2981 2823 3027; x_wconf 88' lang='lat' dir='ltr'><strong>et</strong></span> <span class='ocrx_word' id='word_1_427' title='bbox 2882 2974 2950 3027; x_wconf 91' lang='lat' dir='ltr'><strong>de</strong></span> <span class='ocrx_word' id='word_1_428' title='bbox 2990 2974 3222 3043; x_wconf 82' lang='lat' dir='ltr'><strong>pastoris</strong></span> <span class='ocrx_word' id='word_1_429' title='bbox 3268 2990 3515 3030; x_wconf 89' lang='lat' dir='ltr'><strong>munere.</strong></span> 
     </span>
    </p>
   </div>
   <div class='ocr_carea' id='block_1_60' title="bbox 288 3062 1963 3151">
    <p class='ocr_par' dir='ltr' id='par_1_60' title="bbox 288 3062 1963 3151">
     <span class='ocr_line' id='line_1_60' title="bbox 288 3062 1963 3151; baseline -0.003 -20"><span class='ocrx_word' id='word_1_430' title='bbox 288 3096 350 3131; x_wconf 91' lang='grc' dir='ltr'><strong>τε</strong></span> <span class='ocrx_word' id='word_1_431' title='bbox 373 3080 464 3131; x_wconf 71' lang='grc' dir='ltr'>καὶ</span> <span class='ocrx_word' id='word_1_432' title='bbox 491 3080 879 3151; x_wconf 86' lang='grc' dir='ltr'>νεανικώτερον</span> <span class='ocrx_word' id='word_1_433' title='bbox 905 3081 1253 3150; x_wconf 84' lang='grc' dir='ltr'>ἀπωσθῆναι;</span> <span class='ocrx_word' id='word_1_434' title='bbox 1280 3062 1369 3149; x_wconf 70' lang='grc' dir='ltr'><strong>Τῷ</strong></span> <span class='ocrx_word' id='word_1_435' title='bbox 1392 3079 1434 3130; x_wconf 82' lang='grc' dir='ltr'>δ’</span> <span class='ocrx_word' id='word_1_436' title='bbox 1461 3078 1631 3139; x_wconf 77' lang='grc' dir='ltr'>οὕτως</span> <span class='ocrx_word' id='word_1_437' title='bbox 1672 3076 1848 3145; x_wconf 77' lang='grc' dir='ltr'>ἔχοντι</span> <span class='ocrx_word' id='word_1_438' title='bbox 1878 3088 1920 3145; x_wconf 75' lang='grc' dir='ltr'>ο</span> <span class='ocrx_word' id='word_1_439' title='bbox 1956 3074 1963 3113; x_wconf 72' lang='grc'><em>⁴</em></span> 
     </span>
    </p>
   </div>
   <div class='ocr_carea' id='block_1_61' title="bbox 1846 3062 3521 3151">
    <p class='ocr_par' dir='ltr' id='par_1_61' title="bbox 1846 3064 3521 3145">
     <span class='ocr_line' id='line_1_61' title="bbox 1846 3064 3521 3145; baseline -0.001 -22"><span class='ocrx_word' id='word_1_440' title='bbox 1846 3114 1848 3123; x_wconf 75' lang='lat'><strong>.</strong></span> <span class='ocrx_word' id='word_1_441' title='bbox 1878 3088 1920 3145; x_wconf 74' lang='grc' dir='ltr'>ο</span> <span class='ocrx_word' id='word_1_442' title='bbox 1956 3065 2058 3131; x_wconf 86' lang='lat' dir='ltr'><strong>Qui</strong></span> <span class='ocrx_word' id='word_1_443' title='bbox 2083 3065 2157 3119; x_wconf 90' lang='lat' dir='ltr'><strong>ita</strong></span> <span class='ocrx_word' id='word_1_444' title='bbox 2187 3066 2518 3134; x_wconf 82' lang='lat' dir='ltr'><strong>scripsisset,</strong></span> <span class='ocrx_word' id='word_1_445' title='bbox 2551 3064 2685 3118; x_wconf 87' lang='lat' dir='ltr'><strong>mibi</strong></span> <span class='ocrx_word' id='word_1_446' title='bbox 2710 3064 3017 3134; x_wconf 89' lang='lat' dir='ltr'><strong>scripsisset</strong></span> <span class='ocrx_word' id='word_1_447' title='bbox 3038 3066 3301 3133; x_wconf 88' lang='lat' dir='ltr'><strong>jucunda,</strong></span> <span class='ocrx_word' id='word_1_448' title='bbox 3328 3082 3521 3135; x_wconf 88' lang='lat' dir='ltr'><strong>quam-</strong></span> 
     </span>
    </p>
   </div>
   <div class='ocr_carea' id='block_1_62' title="bbox 291 3166 1843 3239">
    <p class='ocr_par' dir='ltr' id='par_1_62' title="bbox 291 3166 1843 3239">
     <span class='ocr_line' id='line_1_62' title="bbox 291 3166 1843 3239; baseline -0.003 -18"><span class='ocrx_word' id='word_1_449' title='bbox 291 3169 386 3235; x_wconf 82' lang='grc' dir='ltr'>καὶ</span> <span class='ocrx_word' id='word_1_450' title='bbox 413 3168 743 3239; x_wconf 77' lang='grc' dir='ltr'>λογιζομένῳ</span> <span class='ocrx_word' id='word_1_451' title='bbox 771 3171 829 3222; x_wconf 75' lang='grc' dir='ltr'>οὔ</span> <span class='ocrx_word' id='word_1_452' title='bbox 851 3169 1018 3239; x_wconf 84' lang='grc' dir='ltr'>πολλὴ</span> <span class='ocrx_word' id='word_1_453' title='bbox 1052 3171 1268 3239; x_wconf 80' lang='grc' dir='ltr'>φροντὶς</span> <span class='ocrx_word' id='word_1_454' title='bbox 1291 3169 1389 3231; x_wconf 75' lang='grc' dir='ltr'><strong>τὰς</strong></span> <span class='ocrx_word' id='word_1_455' title='bbox 1426 3166 1676 3228; x_wconf 83' lang='grc' dir='ltr'>διαϐολὰς</span> <span class='ocrx_word' id='word_1_456' title='bbox 1704 3166 1843 3218; x_wconf 84' lang='grc' dir='ltr'>ἀπο-</span> 
     </span>
    </p>
   </div>
   <div class='ocr_carea' id='block_1_63' title="bbox 288 3251 1844 3327">
    <p class='ocr_par' dir='ltr' id='par_1_63' title="bbox 288 3251 1844 3327">
     <span class='ocr_line' id='line_1_63' title="bbox 288 3251 1844 3327; baseline -0.001 -19"><span class='ocrx_word' id='word_1_457' title='bbox 288 3257 605 3325; x_wconf 49' lang='grc' dir='ltr'>τρίψασθαι,</span> <span class='ocrx_word' id='word_1_458' title='bbox 631 3251 704 3311; x_wconf 83' lang='grc' dir='ltr'>ὧν</span> <span class='ocrx_word' id='word_1_459' title='bbox 744 3258 803 3310; x_wconf 85' lang='grc' dir='ltr'><strong>τὺ</strong></span> <span class='ocrx_word' id='word_1_460' title='bbox 833 3258 997 3327; x_wconf 80' lang='grc' dir='ltr'>κῦρος</span> <span class='ocrx_word' id='word_1_461' title='bbox 1033 3257 1125 3310; x_wconf 79' lang='grc' dir='ltr'><strong>τοῦ</strong></span> <span class='ocrx_word' id='word_1_462' title='bbox 1158 3258 1345 3327; x_wconf 91' lang='grc' dir='ltr'>θρόνου</span> <span class='ocrx_word' id='word_1_463' title='bbox 1391 3258 1700 3325; x_wconf 84' lang='grc' dir='ltr'>ἀφαίρεσις.</span> <span class='ocrx_word' id='word_1_464' title='bbox 1735 3254 1844 3307; x_wconf 79' lang='grc' dir='ltr'><strong>Καὶ</strong></span> 
     </span>
    </p>
   </div>
   <div class='ocr_carea' id='block_1_64' title="bbox 291 3352 1319 3422">
    <p class='ocr_par' dir='ltr' id='par_1_64' title="bbox 291 3352 1319 3422">
     <span class='ocr_line' id='line_1_64' title="bbox 291 3352 1319 3422; baseline -0.002 -17"><span class='ocrx_word' id='word_1_465' title='bbox 291 3354 450 3419; x_wconf 78' lang='grc' dir='ltr'>ἤρκει</span> <span class='ocrx_word' id='word_1_466' title='bbox 483 3353 599 3422; x_wconf 80' lang='grc' dir='ltr'>μὲν,</span> <span class='ocrx_word' id='word_1_467' title='bbox 629 3355 701 3415; x_wconf 86' lang='grc' dir='ltr'>ὼς</span> <span class='ocrx_word' id='word_1_468' title='bbox 726 3355 955 3422; x_wconf 85' lang='grc' dir='ltr'>είρηται,</span> <span class='ocrx_word' id='word_1_469' title='bbox 980 3354 1047 3404; x_wconf 81' lang='grc' dir='ltr'><strong>τὰ</strong></span> <span class='ocrx_word' id='word_1_470' title='bbox 1069 3352 1319 3421; x_wconf 81' lang='grc' dir='ltr'>ῥηθέντα.</span> 
     </span>
    </p>
   </div>
   <div class='ocr_carea' id='block_1_65' title="bbox 1952 3158 3525 3228">
    <p class='ocr_par' dir='ltr' id='par_1_65' title="bbox 1952 3158 3525 3228">
     <span class='ocr_line' id='line_1_65' title="bbox 1952 3158 3525 3228; baseline -0.001 -14"><span class='ocrx_word' id='word_1_471' title='bbox 1952 3161 2032 3214; x_wconf 89' lang='lat' dir='ltr'><strong>vis</strong></span> <span class='ocrx_word' id='word_1_472' title='bbox 2075 3158 2204 3212; x_wconf 89' lang='lat' dir='ltr'><strong>falsa</strong></span> <span class='ocrx_word' id='word_1_473' title='bbox 2242 3159 2518 3228; x_wconf 86' lang='lat' dir='ltr'><strong>pleraque.</strong></span> <span class='ocrx_word' id='word_1_474' title='bbox 2548 3159 2631 3212; x_wconf 85' lang='lat' dir='ltr'><strong>An</strong></span> <span class='ocrx_word' id='word_1_475' title='bbox 2689 3174 2821 3212; x_wconf 89' lang='lat' dir='ltr'><strong>vero</strong></span> <span class='ocrx_word' id='word_1_476' title='bbox 2873 3159 3177 3227; x_wconf 83' lang='lat' dir='ltr'><strong>Oportebat,</strong></span> <span class='ocrx_word' id='word_1_477' title='bbox 3209 3160 3298 3227; x_wconf 89' lang='lat' dir='ltr'><strong>qui</strong></span> <span class='ocrx_word' id='word_1_478' title='bbox 3344 3161 3398 3213; x_wconf 91' lang='lat' dir='ltr'><strong>in</strong></span> <span class='ocrx_word' id='word_1_479' title='bbox 3439 3160 3525 3213; x_wconf 90' lang='lat' dir='ltr'><strong>in-</strong></span> 
     </span>
    </p>
   </div>
   <div class='ocr_carea' id='block_1_66' title="bbox 1950 3251 3519 3323">
    <p class='ocr_par' dir='ltr' id='par_1_66' title="bbox 1950 3251 3519 3323">
     <span class='ocr_line' id='line_1_66' title="bbox 1950 3251 3519 3323; baseline 0 -18"><span class='ocrx_word' id='word_1_480' title='bbox 1950 3268 2136 3323; x_wconf 86' lang='lat' dir='ltr'><strong>gressu</strong></span> <span class='ocrx_word' id='word_1_481' title='bbox 2158 3252 2382 3306; x_wconf 77' lang='lat' dir='ltr'><strong>affectus</strong></span> <span class='ocrx_word' id='word_1_482' title='bbox 2406 3261 2522 3306; x_wconf 87' lang='lat' dir='ltr'><strong>erat</strong></span> <span class='ocrx_word' id='word_1_483' title='bbox 2554 3251 2772 3321; x_wconf 84' lang='lat' dir='ltr'><strong>injuria,</strong></span> <span class='ocrx_word' id='word_1_484' title='bbox 2809 3254 2862 3304; x_wconf 93' lang='lat' dir='ltr'><strong>in</strong></span> <span class='ocrx_word' id='word_1_485' title='bbox 2886 3269 3105 3322; x_wconf 88' lang='lat' dir='ltr'><strong>egressu</strong></span> <span class='ocrx_word' id='word_1_486' title='bbox 3150 3254 3333 3306; x_wconf 87' lang='lat' dir='ltr'><strong>itidem</strong></span> <span class='ocrx_word' id='word_1_487' title='bbox 3372 3253 3519 3323; x_wconf 84' lang='lat' dir='ltr'><strong>inju-</strong></span> 
     </span>
    </p>
   </div>
   <div class='ocr_carea' id='block_1_67' title="bbox 1949 3346 3525 3415">
    <p class='ocr_par' dir='ltr' id='par_1_67' title="bbox 1949 3346 3525 3415">
     <span class='ocr_line' id='line_1_67' title="bbox 1949 3346 3525 3415; baseline 0.003 -17"><span class='ocrx_word' id='word_1_488' title='bbox 1949 3346 2084 3399; x_wconf 88' lang='lat' dir='ltr'><strong>riam</strong></span> <span class='ocrx_word' id='word_1_489' title='bbox 2123 3346 2405 3413; x_wconf 81' lang='lat' dir='ltr'><strong>accipere?</strong></span> <span class='ocrx_word' id='word_1_490' title='bbox 2433 3355 2488 3399; x_wconf 91' lang='lat' dir='ltr'><strong>et</strong></span> <span class='ocrx_word' id='word_1_491' title='bbox 2533 3347 2624 3415; x_wconf 89' lang='lat' dir='ltr'><strong>qui</strong></span> <span class='ocrx_word' id='word_1_492' title='bbox 2661 3346 2835 3400; x_wconf 84' lang='lat' dir='ltr'><strong>aliena</strong></span> <span class='ocrx_word' id='word_1_493' title='bbox 2862 3348 3136 3415; x_wconf 88' lang='lat' dir='ltr'><strong>protervia</strong></span> <span class='ocrx_word' id='word_1_494' title='bbox 3192 3348 3394 3401; x_wconf 90' lang='lat' dir='ltr'><strong>invitus</strong></span> <span class='ocrx_word' id='word_1_495' title='bbox 3455 3349 3525 3402; x_wconf 83' lang='lat' dir='ltr'><strong>ad</strong></span> 
     </span>
    </p>
   </div>
   <div class='ocr_carea' id='block_1_68' title="bbox 293 3436 3527 3515">
    <p class='ocr_par' dir='ltr' id='par_1_68' title="bbox 293 3436 3527 3515">
     <span class='ocr_line' id='line_1_68' title="bbox 293 3436 3527 3515; baseline -0.001 -20"><span class='ocrx_word' id='word_1_496' title='bbox 293 3444 408 3509; x_wconf 66' lang='lat' dir='ltr'><strong>ligec</strong></span> <span class='ocrx_word' id='word_1_497' title='bbox 461 3444 743 3507; x_wconf 80' lang='lat' dir='ltr'><strong>inciderat;</strong></span> <span class='ocrx_word' id='word_1_498' title='bbox 792 3446 957 3515; x_wconf 75' lang='lat' dir='ltr'><strong>magis</strong></span> <span class='ocrx_word' id='word_1_499' title='bbox 997 3444 1157 3497; x_wconf 90' lang='lat' dir='ltr'><strong>etiam</strong></span> <span class='ocrx_word' id='word_1_500' title='bbox 1228 3443 1446 3512; x_wconf 71' lang='lat' dir='ltr'><strong>praecise</strong></span> <span class='ocrx_word' id='word_1_501' title='bbox 1504 3458 1568 3497; x_wconf 91' lang='lat' dir='ltr'><strong>ac</strong></span> <span class='ocrx_word' id='word_1_502' title='bbox 1598 3450 1847 3511; x_wconf 87' lang='lat' dir='ltr'><strong>proterve</strong></span> <span class='ocrx_word' id='word_1_503' title='bbox 1906 3438 2139 3506; x_wconf 69' lang='lat' dir='ltr'><strong>expelli?</strong></span> <span class='ocrx_word' id='word_1_504' title='bbox 2189 3437 2291 3503; x_wconf 86' lang='lat' dir='ltr'><strong>Qui</strong></span> <span class='ocrx_word' id='word_1_505' title='bbox 2348 3438 2427 3491; x_wconf 92' lang='lat' dir='ltr'><strong>sic</strong></span> <span class='ocrx_word' id='word_1_506' title='bbox 2472 3436 2701 3492; x_wconf 80' lang='lat' dir='ltr'><strong>affectus</strong></span> <span class='ocrx_word' id='word_1_507' title='bbox 2747 3445 2851 3499; x_wconf 86' lang='lat' dir='ltr'><strong>est,</strong></span> <span class='ocrx_word' id='word_1_508' title='bbox 2908 3439 3105 3507; x_wconf 90' lang='lat' dir='ltr'><strong>quique</strong></span> <span class='ocrx_word' id='word_1_509' title='bbox 3142 3440 3255 3492; x_wconf 46' lang='lat' dir='ltr'><strong>haec</strong></span> <span class='ocrx_word' id='word_1_510' title='bbox 3304 3438 3527 3509; x_wconf 83' lang='lat' dir='ltr'><strong>cogitat,</strong></span> 
     </span>
    </p>
   </div>
   <div class='ocr_carea' id='block_1_69' title="bbox 291 3530 3526 3603">
    <p class='ocr_par' dir='ltr' id='par_1_69' title="bbox 291 3530 3526 3603">
     <span class='ocr_line' id='line_1_69' title="bbox 291 3530 3526 3603; baseline -0.001 -14"><span class='ocrx_word' id='word_1_511' title='bbox 291 3552 401 3589; x_wconf 77' lang='lat' dir='ltr'><strong>non</strong></span> <span class='ocrx_word' id='word_1_512' title='bbox 440 3536 595 3590; x_wconf 84' lang='lat' dir='ltr'><strong>valde</strong></span> <span class='ocrx_word' id='word_1_513' title='bbox 650 3545 821 3600; x_wconf 91' lang='lat' dir='ltr'><strong>curat,</strong></span> <span class='ocrx_word' id='word_1_514' title='bbox 865 3552 963 3590; x_wconf 91' lang='lat' dir='ltr'><strong>nec</strong></span> <span class='ocrx_word' id='word_1_515' title='bbox 1009 3536 1212 3590; x_wconf 86' lang='lat' dir='ltr'><strong>laborat</strong></span> <span class='ocrx_word' id='word_1_516' title='bbox 1257 3535 1323 3589; x_wconf 92' lang='lat' dir='ltr'><strong>de</strong></span> <span class='ocrx_word' id='word_1_517' title='bbox 1366 3533 1647 3588; x_wconf 90' lang='lat' dir='ltr'><strong>calumniis</strong></span> <span class='ocrx_word' id='word_1_518' title='bbox 1686 3530 2082 3603; x_wconf 85' lang='lat' dir='ltr'><strong>propulsandis,</strong></span> <span class='ocrx_word' id='word_1_519' title='bbox 2120 3544 2354 3598; x_wconf 89' lang='lat' dir='ltr'><strong>quarum</strong></span> <span class='ocrx_word' id='word_1_520' title='bbox 2403 3530 2521 3584; x_wconf 74' lang='lat' dir='ltr'><strong>haec</strong></span> <span class='ocrx_word' id='word_1_521' title='bbox 2554 3540 2795 3599; x_wconf 82' lang='lat' dir='ltr'><strong>potestas</strong></span> <span class='ocrx_word' id='word_1_522' title='bbox 2828 3531 2942 3583; x_wconf 89' lang='lat' dir='ltr'><strong>sola</strong></span> <span class='ocrx_word' id='word_1_523' title='bbox 2973 3540 3077 3595; x_wconf 89' lang='lat' dir='ltr'><strong>est,</strong></span> <span class='ocrx_word' id='word_1_524' title='bbox 3106 3539 3168 3585; x_wconf 89' lang='lat' dir='ltr'><strong>ut</strong></span> <span class='ocrx_word' id='word_1_525' title='bbox 3219 3531 3269 3585; x_wconf 90' lang='lat' dir='ltr'><strong>ei</strong></span> <span class='ocrx_word' id='word_1_526' title='bbox 3296 3532 3526 3585; x_wconf 79' lang='lat' dir='ltr'><strong>thronus</strong></span> 
     </span>
    </p>
   </div>
   <div class='ocr_carea' id='block_1_70' title="bbox 289 3623 1617 3696">
    <p class='ocr_par' dir='ltr' id='par_1_70' title="bbox 289 3623 1617 3696">
     <span class='ocr_line' id='line_1_70' title="bbox 289 3623 1617 3696; baseline -0.002 -17"><span class='ocrx_word' id='word_1_527' title='bbox 289 3628 578 3680; x_wconf 82' lang='lat' dir='ltr'><strong>adimatur.</strong></span> <span class='ocrx_word' id='word_1_528' title='bbox 612 3626 751 3679; x_wconf 86' lang='lat' dir='ltr'><strong>Satis</strong></span> <span class='ocrx_word' id='word_1_529' title='bbox 784 3641 945 3696; x_wconf 86' lang='lat' dir='ltr'><strong>ergo,</strong></span> <span class='ocrx_word' id='word_1_530' title='bbox 981 3636 1039 3679; x_wconf 92' lang='lat' dir='ltr'><strong>ut</strong></span> <span class='ocrx_word' id='word_1_531' title='bbox 1071 3626 1202 3689; x_wconf 86' lang='lat' dir='ltr'><strong>dixi,</strong></span> <span class='ocrx_word' id='word_1_532' title='bbox 1239 3625 1356 3679; x_wconf 58' lang='lat' dir='ltr'><strong>haec</strong></span> <span class='ocrx_word' id='word_1_533' title='bbox 1378 3623 1617 3678; x_wconf 76' lang='lat' dir='ltr'><strong>fuerant.</strong></span> 
     </span>
    </p>
   </div>
   <div class='ocr_carea' id='block_1_71' title="bbox 374 3716 1842 3789">
    <p class='ocr_par' dir='ltr' id='par_1_71' title="bbox 374 3716 1842 3789">
     <span class='ocr_line' id='line_1_71' title="bbox 374 3716 1842 3789; baseline -0.003 -17"><span class='ocrx_word' id='word_1_534' title='bbox 374 3718 527 3772; x_wconf 75' lang='grc' dir='ltr'>Ἐπεὶ</span> <span class='ocrx_word' id='word_1_535' title='bbox 549 3718 605 3770; x_wconf 84' lang='grc' dir='ltr'>δὲ</span> <span class='ocrx_word' id='word_1_536' title='bbox 630 3716 699 3770; x_wconf 82' lang='grc' dir='ltr'>δι’</span> <span class='ocrx_word' id='word_1_537' title='bbox 726 3720 871 3789; x_wconf 79' lang='grc' dir='ltr'>ἡμᾶς</span> <span class='ocrx_word' id='word_1_538' title='bbox 890 3719 987 3771; x_wconf 83' lang='grc' dir='ltr'>σὺν</span> <span class='ocrx_word' id='word_1_539' title='bbox 1014 3720 1143 3787; x_wconf 83' lang='grc' dir='ltr'>ἡμῖν</span> <span class='ocrx_word' id='word_1_540' title='bbox 1190 3720 1282 3771; x_wconf 73' lang='grc' dir='ltr'>καὶ</span> <span class='ocrx_word' id='word_1_541' title='bbox 1311 3722 1359 3771; x_wconf 73' lang='lat' dir='ltr'><strong>oi</strong></span> <span class='ocrx_word' id='word_1_542' title='bbox 1385 3719 1490 3788; x_wconf 81' lang='grc' dir='ltr'>πρὸ</span> <span class='ocrx_word' id='word_1_543' title='bbox 1512 3718 1668 3787; x_wconf 80' lang='grc' dir='ltr'>ἡμῶν</span> <span class='ocrx_word' id='word_1_544' title='bbox 1698 3716 1842 3784; x_wconf 79' lang='grc' dir='ltr'>ἆγιοι</span> 
     </span>
    </p>
   </div>
   <div class='ocr_carea' id='block_1_72' title="bbox 291 3808 1845 3877">
    <p class='ocr_par' dir='ltr' id='par_1_72' title="bbox 291 3808 1845 3877">
     <span class='ocr_line' id='line_1_72' title="bbox 291 3808 1845 3877; baseline -0.001 -18"><span class='ocrx_word' id='word_1_545' title='bbox 291 3810 386 3867; x_wconf 75' lang='grc' dir='ltr'>καὶ</span> <span class='ocrx_word' id='word_1_546' title='bbox 400 3808 656 3877; x_wconf 74' lang='grc' dir='ltr'>μακάριοι</span> <span class='ocrx_word' id='word_1_547' title='bbox 675 3808 916 3877; x_wconf 82' lang='grc' dir='ltr'>Πατέρες</span> <span class='ocrx_word' id='word_1_548' title='bbox 932 3808 1277 3877; x_wconf 81' lang='grc' dir='ltr'>συνδιαϐεϐλῆ</span> <span class='ocrx_word' id='word_1_549' title='bbox 1288 3809 1406 3860; x_wconf 84' lang='grc' dir='ltr'>σθαι</span> <span class='ocrx_word' id='word_1_550' title='bbox 1427 3808 1845 3871; x_wconf 83' lang='grc' dir='ltr'>κινδυνεύουσιν,</span> 
     </span>
    </p>
   </div>
   <div class='ocr_carea' id='block_1_73' title="bbox 289 3894 1848 3968">
    <p class='ocr_par' dir='ltr' id='par_1_73' title="bbox 289 3894 1848 3968">
     <span class='ocr_line' id='line_1_73' title="bbox 289 3894 1848 3968; baseline 0 -19"><span class='ocrx_word' id='word_1_551' title='bbox 289 3900 366 3956; x_wconf 81' lang='grc' dir='ltr'>ὡς</span> <span class='ocrx_word' id='word_1_552' title='bbox 393 3898 439 3950; x_wconf 85' lang='grc' dir='ltr'><strong>Ν</strong></span> <span class='ocrx_word' id='word_1_553' title='bbox 448 3899 703 3967; x_wconf 79' lang='grc' dir='ltr'>ικηφόρος</span> <span class='ocrx_word' id='word_1_554' title='bbox 736 3899 829 3950; x_wconf 77' lang='grc' dir='ltr'>καὶ</span> <span class='ocrx_word' id='word_1_555' title='bbox 848 3899 1116 3968; x_wconf 86' lang='grc' dir='ltr'>Ταράσιος</span> <span class='ocrx_word' id='word_1_556' title='bbox 1139 3900 1221 3967; x_wconf 80' lang='grc' dir='ltr'><strong>(ἐκ</strong></span> <span class='ocrx_word' id='word_1_557' title='bbox 1243 3898 1429 3951; x_wconf 75' lang='grc' dir='ltr'>λαῖκοῧ</span> <span class='ocrx_word' id='word_1_558' title='bbox 1464 3901 1569 3967; x_wconf 85' lang='grc' dir='ltr'>γὰρ</span> <span class='ocrx_word' id='word_1_559' title='bbox 1592 3899 1683 3950; x_wconf 75' lang='grc' dir='ltr'>καὶ</span> <span class='ocrx_word' id='word_1_560' title='bbox 1703 3894 1848 3950; x_wconf 72' lang='grc' dir='ltr'>οὗτοι</span> 
     </span>
    </p>
   </div>
   <div class='ocr_carea' id='block_1_74' title="bbox 290 3989 1847 4061">
    <p class='ocr_par' dir='ltr' id='par_1_74' title="bbox 290 3989 1847 4061">
     <span class='ocr_line' id='line_1_74' title="bbox 290 3989 1847 4061; baseline -0.001 -19"><span class='ocrx_word' id='word_1_561' title='bbox 290 3989 388 4042; x_wconf 79' lang='grc' dir='ltr'>τοῦ</span> <span class='ocrx_word' id='word_1_562' title='bbox 421 3990 695 4060; x_wconf 83' lang='grc' dir='ltr'>σχήματος</span> <span class='ocrx_word' id='word_1_563' title='bbox 731 3990 808 4051; x_wconf 86' lang='grc' dir='ltr'><strong>είς</strong></span> <span class='ocrx_word' id='word_1_564' title='bbox 836 3991 896 4043; x_wconf 80' lang='grc' dir='ltr'>τὸ</span> <span class='ocrx_word' id='word_1_565' title='bbox 940 3994 1037 4060; x_wconf 87' lang='grc' dir='ltr'><strong>τῆς</strong></span> <span class='ocrx_word' id='word_1_566' title='bbox 1068 3990 1476 4061; x_wconf 81' lang='grc' dir='ltr'>ἀρχιερωσύνης</span> <span class='ocrx_word' id='word_1_567' title='bbox 1495 3991 1659 4058; x_wconf 79' lang='grc' dir='ltr'>ἀκρον</span> <span class='ocrx_word' id='word_1_568' title='bbox 1714 4006 1847 4058; x_wconf 79' lang='grc' dir='ltr'>προ-</span> 
     </span>
    </p>
   </div>
   <div class='ocr_carea' id='block_1_75' title="bbox 290 4079 1849 4150">
    <p class='ocr_par' dir='ltr' id='par_1_75' title="bbox 290 4079 1849 4150">
     <span class='ocr_line' id='line_1_75' title="bbox 290 4079 1849 4150; baseline 0.001 -21"><span class='ocrx_word' id='word_1_569' title='bbox 290 4080 516 4147; x_wconf 77' lang='grc' dir='ltr'>ἐϐησαν,</span> <span class='ocrx_word' id='word_1_570' title='bbox 548 4079 596 4131; x_wconf 80' lang='grc' dir='ltr'>οἳ</span> <span class='ocrx_word' id='word_1_571' title='bbox 623 4079 722 4147; x_wconf 90' lang='grc' dir='ltr'><strong>τῆς</strong></span> <span class='ocrx_word' id='word_1_572' title='bbox 751 4080 873 4132; x_wconf 82' lang='grc' dir='ltr'>καθ’</span> <span class='ocrx_word' id='word_1_573' title='bbox 902 4082 1047 4150; x_wconf 76' lang='grc' dir='ltr'>ἡμᾶς</span> <span class='ocrx_word' id='word_1_574' title='bbox 1076 4082 1268 4148; x_wconf 79' lang='grc' dir='ltr'>γενεᾶς</span> <span class='ocrx_word' id='word_1_575' title='bbox 1300 4083 1575 4148; x_wconf 85' lang='grc' dir='ltr'>ἁειφανεῖς</span> <span class='ocrx_word' id='word_1_576' title='bbox 1603 4079 1849 4149; x_wconf 84' lang='grc' dir='ltr'>λαμπτῆ-</span> 
     </span>
    </p>
   </div>
   <div class='ocr_carea' id='block_1_76' title="bbox 291 4169 1847 4242">
    <p class='ocr_par' dir='ltr' id='par_1_76' title="bbox 291 4169 1847 4242">
     <span class='ocr_line' id='line_1_76' title="bbox 291 4169 1847 4242; baseline 0.001 -22"><span class='ocrx_word' id='word_1_577' title='bbox 291 4186 405 4235; x_wconf 89' lang='grc' dir='ltr'>ρες,</span> <span class='ocrx_word' id='word_1_578' title='bbox 435 4172 528 4222; x_wconf 80' lang='grc' dir='ltr'>καὶ</span> <span class='ocrx_word' id='word_1_579' title='bbox 556 4169 655 4233; x_wconf 84' lang='grc' dir='ltr'><strong>τῆς</strong></span> <span class='ocrx_word' id='word_1_580' title='bbox 671 4171 951 4233; x_wconf 75' lang='grc' dir='ltr'>εὐσεϐείας</span> <span class='ocrx_word' id='word_1_581' title='bbox 966 4171 1275 4242; x_wconf 82' lang='grc' dir='ltr'>διαπρύσιοι</span> <span class='ocrx_word' id='word_1_582' title='bbox 1299 4172 1553 4238; x_wconf 89' lang='grc' dir='ltr'>γεγόνασι</span> <span class='ocrx_word' id='word_1_583' title='bbox 1585 4172 1847 4240; x_wconf 85' lang='grc' dir='ltr'>κήρυκες,</span> 
     </span>
    </p>
   </div>
   <div class='ocr_carea' id='block_1_77' title="bbox 291 4260 1849 4333">
    <p class='ocr_par' dir='ltr' id='par_1_77' title="bbox 291 4260 1849 4333">
     <span class='ocr_line' id='line_1_77' title="bbox 291 4260 1849 4333; baseline 0.003 -23"><span class='ocrx_word' id='word_1_584' title='bbox 291 4260 391 4327; x_wconf 77' lang='grc' dir='ltr'>βίῳ</span> <span class='ocrx_word' id='word_1_585' title='bbox 417 4262 509 4313; x_wconf 74' lang='grc' dir='ltr'>καὶ</span> <span class='ocrx_word' id='word_1_586' title='bbox 530 4260 671 4330; x_wconf 85' lang='grc' dir='ltr'>λόγῳ</span> <span class='ocrx_word' id='word_1_587' title='bbox 690 4261 1052 4331; x_wconf 83' lang='grc' dir='ltr'>κρατύναντες</span> <span class='ocrx_word' id='word_1_588' title='bbox 1078 4264 1175 4333; x_wconf 81' lang='grc' dir='ltr'>τὴν</span> <span class='ocrx_word' id='word_1_589' title='bbox 1193 4263 1491 4333; x_wconf 83' lang='grc' dir='ltr'>ἀλήθειαν),</span> <span class='ocrx_word' id='word_1_590' title='bbox 1512 4263 1580 4315; x_wconf 86' lang='grc' dir='ltr'><strong>τὰ</strong></span> <span class='ocrx_word' id='word_1_591' title='bbox 1596 4264 1849 4315; x_wconf 84' lang='grc' dir='ltr'>λείποντα</span> 
     </span>
    </p>
   </div>
   <div class='ocr_carea' id='block_1_78' title="bbox 288 4349 1850 4421">
    <p class='ocr_par' dir='ltr' id='par_1_78' title="bbox 288 4349 1850 4421">
     <span class='ocr_line' id='line_1_78' title="bbox 288 4349 1850 4421; baseline 0.003 -23"><span class='ocrx_word' id='word_1_592' title='bbox 288 4349 366 4418; x_wconf 79' lang='grc' dir='ltr'>τῷ</span> <span class='ocrx_word' id='word_1_593' title='bbox 391 4349 532 4417; x_wconf 83' lang='grc' dir='ltr'>λόγῳ</span> <span class='ocrx_word' id='word_1_594' title='bbox 570 4351 881 4419; x_wconf 85' lang='grc' dir='ltr'>προσθεῖναι</span> <span class='ocrx_word' id='word_1_595' title='bbox 933 4352 1107 4421; x_wconf 86' lang='grc' dir='ltr'>χρεὼν</span> <span class='ocrx_word' id='word_1_596' title='bbox 1142 4354 1430 4421; x_wconf 81' lang='grc' dir='ltr'>ἡγησάμην</span> <span class='ocrx_word' id='word_1_597' title='bbox 1465 4352 1639 4420; x_wconf 85' lang='grc' dir='ltr'>πάσης</span> <span class='ocrx_word' id='word_1_598' title='bbox 1676 4352 1850 4415; x_wconf 86' lang='grc' dir='ltr'>αίτίας</span> 
     </span>
    </p>
   </div>
   <div class='ocr_carea' id='block_1_79' title="bbox 289 4439 1841 4511">
    <p class='ocr_par' dir='ltr' id='par_1_79' title="bbox 289 4439 1841 4511">
     <span class='ocr_line' id='line_1_79' title="bbox 289 4439 1841 4511; baseline 0.002 -21"><span class='ocrx_word' id='word_1_599' title='bbox 289 4439 592 4506; x_wconf 72' lang='grc' dir='ltr'>κρείττους,</span> <span class='ocrx_word' id='word_1_600' title='bbox 629 4442 722 4491; x_wconf 79' lang='grc' dir='ltr'>καὶ</span> <span class='ocrx_word' id='word_1_601' title='bbox 752 4442 928 4510; x_wconf 78' lang='grc' dir='ltr'>πάσης</span> <span class='ocrx_word' id='word_1_602' title='bbox 966 4441 1214 4510; x_wconf 82' lang='grc' dir='ltr'>διαϐολῆς</span> <span class='ocrx_word' id='word_1_603' title='bbox 1245 4443 1548 4511; x_wconf 79' lang='grc' dir='ltr'>ἀνωτέρους</span> <span class='ocrx_word' id='word_1_604' title='bbox 1586 4445 1710 4503; x_wconf 66' lang='grc' dir='ltr'>τοὺς</span> <span class='ocrx_word' id='word_1_605' title='bbox 1740 4460 1841 4511; x_wconf 84' lang='grc' dir='ltr'>μα-</span> 
     </span>
    </p>
   </div>
   <div class='ocr_carea' id='block_1_80' title="bbox 2021 3714 3523 3786">
    <p class='ocr_par' dir='ltr' id='par_1_80' title="bbox 2021 3714 3523 3786">
     <span class='ocr_line' id='line_1_80' title="bbox 2021 3714 3523 3786; baseline 0.007 -20"><span class='ocrx_word' id='word_1_606' title='bbox 2021 3715 2089 3768; x_wconf 81' lang='lat' dir='ltr'><strong>At</strong></span> <span class='ocrx_word' id='word_1_607' title='bbox 2116 3714 2370 3783; x_wconf 92' lang='lat' dir='ltr'><strong>quoniam</strong></span> <span class='ocrx_word' id='word_1_608' title='bbox 2398 3722 2621 3781; x_wconf 88' lang='lat' dir='ltr'><strong>propter</strong></span> <span class='ocrx_word' id='word_1_609' title='bbox 2654 3729 2753 3767; x_wconf 91' lang='lat' dir='ltr'><strong>nos</strong></span> <span class='ocrx_word' id='word_1_610' title='bbox 2781 3714 3069 3769; x_wconf 91' lang='lat' dir='ltr'><strong>nobiscum</strong></span> <span class='ocrx_word' id='word_1_611' title='bbox 3111 3717 3202 3786; x_wconf 91' lang='lat' dir='ltr'><strong>qui</strong></span> <span class='ocrx_word' id='word_1_612' title='bbox 3258 3728 3383 3774; x_wconf 88' lang='lat' dir='ltr'><strong>ante</strong></span> <span class='ocrx_word' id='word_1_613' title='bbox 3422 3736 3523 3777; x_wconf 86' lang='lat' dir='ltr'><strong>nos</strong></span> 
     </span>
    </p>
   </div>
   <div class='ocr_carea' id='block_1_81' title="bbox 1952 3803 3519 3876">
    <p class='ocr_par' dir='ltr' id='par_1_81' title="bbox 1952 3803 3519 3876">
     <span class='ocr_line' id='line_1_81' title="bbox 1952 3803 3519 3876; baseline 0.006 -19"><span class='ocrx_word' id='word_1_614' title='bbox 1952 3803 2123 3867; x_wconf 80' lang='lat' dir='ltr'><strong>fuere,</strong></span> <span class='ocrx_word' id='word_1_615' title='bbox 2162 3806 2333 3857; x_wconf 82' lang='lat' dir='ltr'><strong>sancti</strong></span> <span class='ocrx_word' id='word_1_616' title='bbox 2381 3820 2444 3857; x_wconf 87' lang='lat' dir='ltr'><strong>ac</strong></span> <span class='ocrx_word' id='word_1_617' title='bbox 2488 3804 2627 3859; x_wconf 89' lang='lat' dir='ltr'><strong>beati</strong></span> <span class='ocrx_word' id='word_1_618' title='bbox 2673 3803 2864 3861; x_wconf 85' lang='lat' dir='ltr'><strong>Patres</strong></span> <span class='ocrx_word' id='word_1_619' title='bbox 2918 3809 3295 3876; x_wconf 85' lang='lat' dir='ltr'><strong>periclitantur</strong></span> <span class='ocrx_word' id='word_1_620' title='bbox 3344 3812 3396 3865; x_wconf 91' lang='lat' dir='ltr'><strong>in</strong></span> <span class='ocrx_word' id='word_1_621' title='bbox 3428 3830 3519 3867; x_wconf 85' lang='lat' dir='ltr'><strong>ca-</strong></span> 
     </span>
    </p>
   </div>
   <div class='ocr_carea' id='block_1_82' title="bbox 1953 3895 3516 3969">
    <p class='ocr_par' dir='ltr' id='par_1_82' title="bbox 1953 3895 3516 3969">
     <span class='ocr_line' id='line_1_82' title="bbox 1953 3895 3516 3969; baseline 0.006 -22"><span class='ocrx_word' id='word_1_622' title='bbox 1953 3895 2210 3947; x_wconf 89' lang='lat' dir='ltr'><strong>lumniam</strong></span> <span class='ocrx_word' id='word_1_623' title='bbox 2240 3904 2295 3948; x_wconf 90' lang='lat' dir='ltr'><strong>et</strong></span> <span class='ocrx_word' id='word_1_624' title='bbox 2326 3895 2533 3948; x_wconf 89' lang='lat' dir='ltr'><strong>crimen</strong></span> <span class='ocrx_word' id='word_1_625' title='bbox 2565 3897 2768 3961; x_wconf 90' lang='lat' dir='ltr'><strong>venire,</strong></span> <span class='ocrx_word' id='word_1_626' title='bbox 2807 3909 2863 3952; x_wconf 87' lang='lat' dir='ltr'><strong>ut</strong></span> <span class='ocrx_word' id='word_1_627' title='bbox 2891 3898 3226 3969; x_wconf 78' lang='lat' dir='ltr'><strong>Nicepliorus</strong></span> <span class='ocrx_word' id='word_1_628' title='bbox 3260 3913 3312 3958; x_wconf 80' lang='lat' dir='ltr'><strong>et</strong></span> <span class='ocrx_word' id='word_1_629' title='bbox 3342 3904 3516 3957; x_wconf 85' lang='lat' dir='ltr'><strong>Tara-</strong></span> 
     </span>
    </p>
   </div>
   <div class='ocr_carea' id='block_1_83' title="bbox 1951 3987 3517 4061">
    <p class='ocr_par' dir='ltr' id='par_1_83' title="bbox 1951 3987 3517 4061">
     <span class='ocr_line' id='line_1_83' title="bbox 1951 3987 3517 4061; baseline 0.006 -22"><span class='ocrx_word' id='word_1_630' title='bbox 1951 3987 2061 4040; x_wconf 87' lang='lat' dir='ltr'><strong>sius</strong></span> <span class='ocrx_word' id='word_1_631' title='bbox 2087 3987 2232 4055; x_wconf 91' lang='lat' dir='ltr'><strong>(nam</strong></span> <span class='ocrx_word' id='word_1_632' title='bbox 2271 3987 2323 4039; x_wconf 80' lang='lat' dir='ltr'><strong>lii</strong></span> <span class='ocrx_word' id='word_1_633' title='bbox 2346 4002 2560 4056; x_wconf 83' lang='lat' dir='ltr'><strong>quoque</strong></span> <span class='ocrx_word' id='word_1_634' title='bbox 2585 4003 2648 4040; x_wconf 82' lang='lat' dir='ltr'><strong>ex</strong></span> <span class='ocrx_word' id='word_1_635' title='bbox 2679 3990 2868 4043; x_wconf 92' lang='lat' dir='ltr'><strong>ordine</strong></span> <span class='ocrx_word' id='word_1_636' title='bbox 2908 3990 3041 4044; x_wconf 85' lang='lat' dir='ltr'><strong>laico</strong></span> <span class='ocrx_word' id='word_1_637' title='bbox 3076 3992 3137 4044; x_wconf 90' lang='lat' dir='ltr'><strong>ad</strong></span> <span class='ocrx_word' id='word_1_638' title='bbox 3171 3993 3517 4061; x_wconf 83' lang='lat' dir='ltr'><strong>pontiﬁcatus</strong></span> 
     </span>
    </p>
   </div>
   <div class='ocr_carea' id='block_1_84' title="bbox 1953 4079 3518 4150">
    <p class='ocr_par' dir='ltr' id='par_1_84' title="bbox 1953 4079 3518 4150">
     <span class='ocr_line' id='line_1_84' title="bbox 1953 4079 3518 4150; baseline 0.006 -18"><span class='ocrx_word' id='word_1_639' title='bbox 1953 4079 2226 4147; x_wconf 79' lang='lat' dir='ltr'><strong>fastigium</strong></span> <span class='ocrx_word' id='word_1_640' title='bbox 2281 4080 2651 4146; x_wconf 91' lang='lat' dir='ltr'><strong>pervenerint,</strong></span> <span class='ocrx_word' id='word_1_641' title='bbox 2689 4081 2778 4149; x_wconf 91' lang='lat' dir='ltr'><strong>qui</strong></span> <span class='ocrx_word' id='word_1_642' title='bbox 2837 4085 3113 4150; x_wconf 69' lang='lat' dir='ltr'><strong>memoria:</strong></span> <span class='ocrx_word' id='word_1_643' title='bbox 3160 4096 3353 4139; x_wconf 68' lang='lat' dir='ltr'><strong>nostra:</strong></span> <span class='ocrx_word' id='word_1_644' title='bbox 3402 4087 3518 4141; x_wconf 89' lang='lat' dir='ltr'><strong>cla-</strong></span> 
     </span>
    </p>
   </div>
   <div class='ocr_carea' id='block_1_85' title="bbox 1952 4169 3514 4242">
    <p class='ocr_par' dir='ltr' id='par_1_85' title="bbox 1952 4169 3514 4242">
     <span class='ocr_line' id='line_1_85' title="bbox 1952 4169 3514 4242; baseline 0.007 -21"><span class='ocrx_word' id='word_1_645' title='bbox 1952 4169 2161 4222; x_wconf 90' lang='lat' dir='ltr'><strong>rissima</strong></span> <span class='ocrx_word' id='word_1_646' title='bbox 2190 4169 2412 4231; x_wconf 86' lang='lat' dir='ltr'><strong>lumina,</strong></span> <span class='ocrx_word' id='word_1_647' title='bbox 2447 4169 2765 4241; x_wconf 88' lang='lat' dir='ltr'><strong>pietatisque</strong></span> <span class='ocrx_word' id='word_1_648' title='bbox 2821 4174 3017 4242; x_wconf 80' lang='lat' dir='ltr'><strong>egregii</strong></span> <span class='ocrx_word' id='word_1_649' title='bbox 3085 4190 3380 4242; x_wconf 57' lang='lat' dir='ltr'><strong>praecones,</strong></span> <span class='ocrx_word' id='word_1_650' title='bbox 3423 4193 3514 4232; x_wconf 62' lang='lat' dir='ltr'><strong>ve»</strong></span> 
     </span>
    </p>
   </div>
   <div class='ocr_carea' id='block_1_86' title="bbox 1951 4258 3511 4329">
    <p class='ocr_par' dir='ltr' id='par_1_86' title="bbox 1951 4258 3511 4329">
     <span class='ocr_line' id='line_1_86' title="bbox 1951 4258 3511 4329; baseline 0.007 -19"><span class='ocrx_word' id='word_1_651' title='bbox 1951 4258 2166 4311; x_wconf 84' lang='lat' dir='ltr'><strong>ritatem</strong></span> <span class='ocrx_word' id='word_1_652' title='bbox 2194 4268 2249 4312; x_wconf 93' lang='lat' dir='ltr'><strong>et</strong></span> <span class='ocrx_word' id='word_1_653' title='bbox 2270 4258 2377 4311; x_wconf 90' lang='lat' dir='ltr'><strong>vita</strong></span> <span class='ocrx_word' id='word_1_654' title='bbox 2408 4268 2463 4311; x_wconf 91' lang='lat' dir='ltr'><strong>et</strong></span> <span class='ocrx_word' id='word_1_655' title='bbox 2485 4260 2667 4313; x_wconf 89' lang='lat' dir='ltr'><strong>verbis</strong></span> <span class='ocrx_word' id='word_1_656' title='bbox 2706 4261 3117 4329; x_wconf 84' lang='lat' dir='ltr'><strong>confirmarunt)</strong></span> <span class='ocrx_word' id='word_1_657' title='bbox 3148 4281 3159 4316; x_wconf 93' lang='lat'>:</span> <span class='ocrx_word' id='word_1_658' title='bbox 3204 4265 3511 4321; x_wconf 82' lang='lat' dir='ltr'><strong>existimavi</strong></span> 
     </span>
    </p>
   </div>
   <div class='ocr_carea' id='block_1_87' title="bbox 1948 4350 3507 4423">
    <p class='ocr_par' dir='ltr' id='par_1_87' title="bbox 1948 4350 3507 4423">
     <span class='ocr_line' id='line_1_87' title="bbox 1948 4350 3507 4423; baseline 0.006 -24"><span class='ocrx_word' id='word_1_659' title='bbox 1948 4364 2069 4417; x_wconf 66' lang='lat' dir='ltr'><strong>qua:</strong></span> <span class='ocrx_word' id='word_1_660' title='bbox 2101 4357 2326 4412; x_wconf 84' lang='lat' dir='ltr'><strong>restant,</strong></span> <span class='ocrx_word' id='word_1_661' title='bbox 2375 4350 2608 4403; x_wconf 88' lang='lat' dir='ltr'><strong>orationi</strong></span> <span class='ocrx_word' id='word_1_662' title='bbox 2651 4360 2903 4420; x_wconf 88' lang='lat' dir='ltr'><strong>oportere</strong></span> <span class='ocrx_word' id='word_1_663' title='bbox 2942 4352 3198 4423; x_wconf 84' lang='lat' dir='ltr'><strong>adjungi;</strong></span> <span class='ocrx_word' id='word_1_664' title='bbox 3243 4355 3371 4407; x_wconf 93' lang='lat' dir='ltr'><strong>dum</strong></span> <span class='ocrx_word' id='word_1_665' title='bbox 3414 4372 3507 4409; x_wconf 91' lang='lat' dir='ltr'><strong>os-</strong></span> 
     </span>
    </p>
   </div>
   <div class='ocr_carea' id='block_1_88' title="bbox 1953 4438 3517 4505">
    <p class='ocr_par' dir='ltr' id='par_1_88' title="bbox 1953 4438 3517 4505">
     <span class='ocr_line' id='line_1_88' title="bbox 1953 4438 3517 4505; baseline 0.003 -14"><span class='ocrx_word' id='word_1_666' title='bbox 1953 4440 2115 4492; x_wconf 88' lang='lat' dir='ltr'><strong>tendo</strong></span> <span class='ocrx_word' id='word_1_667' title='bbox 2157 4438 2344 4491; x_wconf 87' lang='lat' dir='ltr'><strong>beatos</strong></span> <span class='ocrx_word' id='word_1_668' title='bbox 2386 4438 2506 4492; x_wconf 91' lang='lat' dir='ltr'><strong>illos</strong></span> <span class='ocrx_word' id='word_1_669' title='bbox 2536 4439 2679 4492; x_wconf 89' lang='lat' dir='ltr'><strong>viros</strong></span> <span class='ocrx_word' id='word_1_670' title='bbox 2736 4439 2943 4493; x_wconf 90' lang='lat' dir='ltr'><strong>crimen</strong></span> <span class='ocrx_word' id='word_1_671' title='bbox 2992 4457 3153 4493; x_wconf 91' lang='lat' dir='ltr'><strong>omne</strong></span> <span class='ocrx_word' id='word_1_672' title='bbox 3190 4442 3430 4505; x_wconf 86' lang='lat' dir='ltr'><strong>vincere,</strong></span> <span class='ocrx_word' id='word_1_673' title='bbox 3460 4451 3517 4497; x_wconf 90' lang='lat' dir='ltr'><strong>et</strong></span> 
     </span>
    </p>
   </div>
   <div class='ocr_carea' id='block_1_89' title="bbox 289 4510 1964 4603">
    <p class='ocr_par' dir='ltr' id='par_1_89' title="bbox 289 4510 1964 4601">
     <span class='ocr_line' id='line_1_89' title="bbox 289 4510 1964 4601; baseline 0.003 -21"><span class='ocrx_word' id='word_1_674' title='bbox 289 4530 515 4597; x_wconf 87' lang='grc' dir='ltr'>καρίους</span> <span class='ocrx_word' id='word_1_675' title='bbox 537 4530 775 4595; x_wconf 75' lang='grc' dir='ltr'>ἐκείνους</span> <span class='ocrx_word' id='word_1_676' title='bbox 798 4533 995 4601; x_wconf 83' lang='grc' dir='ltr'>ἄνδρας</span> <span class='ocrx_word' id='word_1_677' title='bbox 1022 4532 1352 4595; x_wconf 79' lang='grc' dir='ltr'>ἐπιδεικνύς.</span> <span class='ocrx_word' id='word_1_678' title='bbox 1388 4510 1448 4585; x_wconf 12' lang='lat' dir='ltr'><strong>Erl</strong></span> <span class='ocrx_word' id='word_1_679' title='bbox 1478 4533 1520 4585; x_wconf 88' lang='grc' dir='ltr'>δ’</span> <span class='ocrx_word' id='word_1_680' title='bbox 1556 4534 1665 4586; x_wconf 77' lang='grc' dir='ltr'>οὐδ’</span> <span class='ocrx_word' id='word_1_681' title='bbox 1694 4510 1845 4586; x_wconf 81' lang='grc' dir='ltr'>ἄλλοι</span> <span class='ocrx_word' id='word_1_682' title='bbox 1880 4510 1925 4565; x_wconf 77' lang='lat' dir='ltr'><strong>D</strong></span> <span class='ocrx_word' id='word_1_683' title='bbox 1958 4550 1964 4579; x_wconf 68' lang='grc' dir='ltr'><strong>ε</strong></span> 
     </span>
    </p>
   </div>
   <div class='ocr_carea' id='block_1_90' title="bbox 1837 4510 3512 4603">
    <p class='ocr_par' dir='ltr' id='par_1_90' title="bbox 1837 4510 3512 4603">
     <span class='ocr_line' id='line_1_90' title="bbox 1837 4510 3512 4603; baseline 0.001 -18"><span class='ocrx_word' id='word_1_684' title='bbox 1837 4553 1845 4585; x_wconf 70' lang='grc' dir='ltr'><strong>ι</strong></span> <span class='ocrx_word' id='word_1_685' title='bbox 1880 4510 1925 4565; x_wconf 75' lang='grc' dir='ltr'><strong>θ</strong></span> <span class='ocrx_word' id='word_1_686' title='bbox 1958 4530 2277 4583; x_wconf 84' lang='lat' dir='ltr'><strong>calumniam</strong></span> <span class='ocrx_word' id='word_1_687' title='bbox 2308 4545 2523 4583; x_wconf 90' lang='lat' dir='ltr'><strong>omnem</strong></span> <span class='ocrx_word' id='word_1_688' title='bbox 2552 4546 2825 4598; x_wconf 85' lang='lat' dir='ltr'><strong>superare.</strong></span> <span class='ocrx_word' id='word_1_689' title='bbox 2858 4532 3016 4595; x_wconf 86' lang='lat' dir='ltr'><strong>Quod</strong></span> <span class='ocrx_word' id='word_1_690' title='bbox 3066 4533 3108 4585; x_wconf 90' lang='lat' dir='ltr'><strong>si</strong></span> <span class='ocrx_word' id='word_1_691' title='bbox 3145 4549 3214 4585; x_wconf 84' lang='lat' dir='ltr'><strong>ne</strong></span> <span class='ocrx_word' id='word_1_692' title='bbox 3272 4535 3362 4586; x_wconf 89' lang='lat' dir='ltr'><strong>alii</strong></span> <span class='ocrx_word' id='word_1_693' title='bbox 3387 4534 3512 4603; x_wconf 90' lang='lat' dir='ltr'><strong>qui-</strong></span> 
     </span>
    </p>
   </div>
   <div class='ocr_carea' id='block_1_91' title="bbox 285 4617 1845 4690">
    <p class='ocr_par' dir='ltr' id='par_1_91' title="bbox 285 4617 1845 4690">
     <span class='ocr_line' id='line_1_91' title="bbox 285 4617 1845 4690; baseline 0.004 -21"><span class='ocrx_word' id='word_1_694' title='bbox 285 4618 430 4679; x_wconf 79' lang='grc' dir='ltr'>τινὲς</span> <span class='ocrx_word' id='word_1_695' title='bbox 452 4617 671 4682; x_wconf 89' lang='grc' dir='ltr'>τούτους</span> <span class='ocrx_word' id='word_1_696' title='bbox 694 4620 974 4682; x_wconf 78' lang='grc' dir='ltr'>ὑπαιτίους</span> <span class='ocrx_word' id='word_1_697' title='bbox 989 4620 1229 4690; x_wconf 85' lang='grc' dir='ltr'>τολμῶσι</span> <span class='ocrx_word' id='word_1_698' title='bbox 1256 4622 1439 4688; x_wconf 74' lang='grc' dir='ltr'>φάναι,</span> <span class='ocrx_word' id='word_1_699' title='bbox 1470 4622 1531 4674; x_wconf 84' lang='grc' dir='ltr'>τὸ</span> <span class='ocrx_word' id='word_1_700' title='bbox 1556 4625 1620 4675; x_wconf 86' lang='grc' dir='ltr'>ὲκ</span> <span class='ocrx_word' id='word_1_701' title='bbox 1644 4623 1845 4676; x_wconf 86' lang='grc' dir='ltr'>λαῖκῶν</span> 
     </span>
    </p>
   </div>
   <div class='ocr_carea' id='block_1_92' title="bbox 285 4710 1843 4784">
    <p class='ocr_par' dir='ltr' id='par_1_92' title="bbox 285 4710 1843 4784">
     <span class='ocr_line' id='line_1_92' title="bbox 285 4710 1843 4784; baseline 0.004 -23"><span class='ocrx_word' id='word_1_702' title='bbox 285 4711 343 4763; x_wconf 78' lang='grc' dir='ltr'>δὲ</span> <span class='ocrx_word' id='word_1_703' title='bbox 380 4710 515 4778; x_wconf 80' lang='grc' dir='ltr'>πρὸς</span> <span class='ocrx_word' id='word_1_704' title='bbox 560 4710 858 4780; x_wconf 77' lang='grc' dir='ltr'>ἱερωσύνην</span> <span class='ocrx_word' id='word_1_705' title='bbox 898 4711 1071 4768; x_wconf 71' lang='grc' dir='ltr'>ἐλθεῖν</span> <span class='ocrx_word' id='word_1_706' title='bbox 1120 4713 1443 4782; x_wconf 84' lang='grc' dir='ltr'>κρατύνουσι</span> <span class='ocrx_word' id='word_1_707' title='bbox 1493 4715 1843 4784; x_wconf 86' lang='grc' dir='ltr'>πρόσκομμα,</span> 
     </span>
    </p>
   </div>
   <div class='ocr_carea' id='block_1_93' title="bbox 290 4796 1841 4877">
    <p class='ocr_par' dir='ltr' id='par_1_93' title="bbox 290 4796 1841 4877">
     <span class='ocr_line' id='line_1_93' title="bbox 290 4796 1841 4877; baseline 0.004 -25"><span class='ocrx_word' id='word_1_708' title='bbox 290 4802 594 4869; x_wconf 82' lang='grc' dir='ltr'>μέμφονται</span> <span class='ocrx_word' id='word_1_709' title='bbox 622 4802 719 4869; x_wconf 75' lang='grc' dir='ltr'>μὲν</span> <span class='ocrx_word' id='word_1_710' title='bbox 748 4796 829 4865; x_wconf 73' lang='grc' dir='ltr'><strong>οἷς</strong></span> <span class='ocrx_word' id='word_1_711' title='bbox 872 4803 930 4854; x_wconf 86' lang='grc' dir='ltr'><strong>ού</strong></span> <span class='ocrx_word' id='word_1_712' title='bbox 986 4803 1309 4872; x_wconf 84' lang='grc' dir='ltr'>μέμφονται.</span> <span class='ocrx_word' id='word_1_713' title='bbox 1358 4804 1451 4857; x_wconf 84' lang='grc' dir='ltr'><strong>Ἐκ</strong></span> <span class='ocrx_word' id='word_1_714' title='bbox 1501 4804 1701 4858; x_wconf 87' lang='grc' dir='ltr'>λαῖκῶν</span> <span class='ocrx_word' id='word_1_715' title='bbox 1734 4809 1841 4877; x_wconf 83' lang='grc' dir='ltr'><strong>γὰρ</strong></span> 
     </span>
    </p>
   </div>
   <div class='ocr_carea' id='block_1_94' title="bbox 294 4887 1852 4965">
    <p class='ocr_par' dir='ltr' id='par_1_94' title="bbox 294 4887 1852 4965">
     <span class='ocr_line' id='line_1_94' title="bbox 294 4887 1852 4965; baseline 0.004 -22"><span class='ocrx_word' id='word_1_716' title='bbox 294 4893 391 4944; x_wconf 69' lang='grc' dir='ltr'>καὶ</span> <span class='ocrx_word' id='word_1_717' title='bbox 418 4887 562 4944; x_wconf 73' lang='grc' dir='ltr'>οὗτοι</span> <span class='ocrx_word' id='word_1_718' title='bbox 584 4894 951 4963; x_wconf 87' lang='grc' dir='ltr'>προήχθησαν,</span> <span class='ocrx_word' id='word_1_719' title='bbox 976 4896 1081 4955; x_wconf 74' lang='grc' dir='ltr'><strong>Οὓς</strong></span> <span class='ocrx_word' id='word_1_720' title='bbox 1109 4895 1164 4947; x_wconf 82' lang='grc' dir='ltr'>δὲ</span> <span class='ocrx_word' id='word_1_721' title='bbox 1192 4896 1353 4947; x_wconf 87' lang='grc' dir='ltr'>πάλιν</span> <span class='ocrx_word' id='word_1_722' title='bbox 1372 4897 1593 4965; x_wconf 84' lang='grc' dir='ltr'>τιμῶσι,</span> <span class='ocrx_word' id='word_1_723' title='bbox 1630 4900 1721 4949; x_wconf 79' lang='grc' dir='ltr'>καὶ</span> <span class='ocrx_word' id='word_1_724' title='bbox 1762 4914 1852 4950; x_wconf 83' lang='grc' dir='ltr'>τε·</span> 
     </span>
    </p>
   </div>
   <div class='ocr_carea' id='block_1_95' title="bbox 296 4976 1849 5057">
    <p class='ocr_par' dir='ltr' id='par_1_95' title="bbox 296 4976 1849 5057">
     <span class='ocr_line' id='line_1_95' title="bbox 296 4976 1849 5057; baseline 0.005 -24"><span class='ocrx_word' id='word_1_725' title='bbox 296 4982 522 5049; x_wconf 83' lang='grc' dir='ltr'>θήπασι,</span> <span class='ocrx_word' id='word_1_726' title='bbox 553 4983 615 5035; x_wconf 80' lang='grc' dir='ltr'>τὸ</span> <span class='ocrx_word' id='word_1_727' title='bbox 643 4983 830 5051; x_wconf 80' lang='grc' dir='ltr'>ψέγειν</span> <span class='ocrx_word' id='word_1_728' title='bbox 855 4986 916 5037; x_wconf 82' lang='grc' dir='ltr'><strong>ού</strong></span> <span class='ocrx_word' id='word_1_729' title='bbox 948 4985 1261 5053; x_wconf 89' lang='grc' dir='ltr'>φεύγουσιν.</span> <span class='ocrx_word' id='word_1_730' title='bbox 1304 4987 1441 5039; x_wconf 84' lang='grc' dir='ltr'>Ἀλλ’</span> <span class='ocrx_word' id='word_1_731' title='bbox 1467 4976 1613 5039; x_wconf 72' lang='grc' dir='ltr'>οὗτοι</span> <span class='ocrx_word' id='word_1_732' title='bbox 1647 4988 1849 5057; x_wconf 85' lang='grc' dir='ltr'>(Ταρά-</span> 
     </span>
    </p>
   </div>
   <div class='ocr_carea' id='block_1_96' title="bbox 292 5070 1849 5149">
    <p class='ocr_par' dir='ltr' id='par_1_96' title="bbox 292 5070 1849 5149">
     <span class='ocr_line' id='line_1_96' title="bbox 292 5070 1849 5149; baseline 0.003 -24"><span class='ocrx_word' id='word_1_733' title='bbox 292 5091 407 5136; x_wconf 85' lang='grc' dir='ltr'>σιος</span> <span class='ocrx_word' id='word_1_734' title='bbox 444 5070 513 5144; x_wconf 76' lang='grc' dir='ltr'>ἦν</span> <span class='ocrx_word' id='word_1_735' title='bbox 549 5075 643 5127; x_wconf 72' lang='grc' dir='ltr'>καὶ</span> <span class='ocrx_word' id='word_1_736' title='bbox 681 5076 1012 5146; x_wconf 80' lang='grc' dir='ltr'>Νικηφόρος)</span> <span class='ocrx_word' id='word_1_737' title='bbox 1061 5079 1118 5129; x_wconf 82' lang='grc' dir='ltr'>ὲν</span> <span class='ocrx_word' id='word_1_738' title='bbox 1174 5078 1421 5149; x_wconf 87' lang='grc' dir='ltr'>κοσμικῷ</span> <span class='ocrx_word' id='word_1_739' title='bbox 1460 5078 1557 5147; x_wconf 86' lang='grc' dir='ltr'>βίῳ</span> <span class='ocrx_word' id='word_1_740' title='bbox 1607 5079 1849 5149; x_wconf 84' lang='grc' dir='ltr'>ἀστέρων</span> 
     </span>
    </p>
   </div>
   <div class='ocr_carea' id='block_1_97' title="bbox 288 5166 1847 5239">
    <p class='ocr_par' dir='ltr' id='par_1_97' title="bbox 288 5166 1847 5239">
     <span class='ocr_line' id='line_1_97' title="bbox 288 5166 1847 5239; baseline 0.001 -20"><span class='ocrx_word' id='word_1_741' title='bbox 288 5167 445 5235; x_wconf 84' lang='grc' dir='ltr'>δίκην</span> <span class='ocrx_word' id='word_1_742' title='bbox 467 5166 881 5236; x_wconf 87' lang='grc' dir='ltr'>διαλάμποντες,</span> <span class='ocrx_word' id='word_1_743' title='bbox 911 5166 1005 5220; x_wconf 76' lang='grc' dir='ltr'>καὶ</span> <span class='ocrx_word' id='word_1_744' title='bbox 1034 5170 1165 5237; x_wconf 76' lang='grc' dir='ltr'>πρὸς</span> <span class='ocrx_word' id='word_1_745' title='bbox 1197 5168 1473 5237; x_wconf 82' lang='grc' dir='ltr'>ἱερατικὴν</span> <span class='ocrx_word' id='word_1_746' title='bbox 1491 5170 1663 5239; x_wconf 75' lang='grc' dir='ltr'>ἀρχὴν</span> <span class='ocrx_word' id='word_1_747' title='bbox 1691 5187 1847 5238; x_wconf 81' lang='grc' dir='ltr'>γεγο-</span> 
     </span>
    </p>
   </div>
   <div class='ocr_carea' id='block_1_98' title="bbox 292 5256 1843 5329">
    <p class='ocr_par' dir='ltr' id='par_1_98' title="bbox 292 5256 1843 5329">
     <span class='ocr_line' id='line_1_98' title="bbox 292 5256 1843 5329; baseline 0.004 -24"><span class='ocrx_word' id='word_1_748' title='bbox 292 5256 437 5316; x_wconf 83' lang='grc' dir='ltr'>νότες</span> <span class='ocrx_word' id='word_1_749' title='bbox 473 5257 761 5309; x_wconf 78' lang='grc' dir='ltr'>ἀπόλεκτοι</span> <span class='ocrx_word' id='word_1_750' title='bbox 792 5258 941 5321; x_wconf 78' lang='grc' dir='ltr'>παρὰ</span> <span class='ocrx_word' id='word_1_751' title='bbox 967 5260 1167 5311; x_wconf 86' lang='grc' dir='ltr'>κανόνα</span> <span class='ocrx_word' id='word_1_752' title='bbox 1220 5260 1312 5311; x_wconf 74' lang='grc' dir='ltr'>καὶ</span> <span class='ocrx_word' id='word_1_753' title='bbox 1342 5260 1510 5311; x_wconf 91' lang='grc' dir='ltr'>τύπον</span> <span class='ocrx_word' id='word_1_754' title='bbox 1535 5261 1622 5312; x_wconf 87' lang='grc' dir='ltr'>τὸν</span> <span class='ocrx_word' id='word_1_755' title='bbox 1647 5261 1843 5329; x_wconf 80' lang='grc' dir='ltr'>ἐκκλη-</span> 
     </span>
    </p>
   </div>
   <div class='ocr_carea' id='block_1_99' title="bbox 293 5349 1843 5421">
    <p class='ocr_par' dir='ltr' id='par_1_99' title="bbox 293 5349 1843 5421">
     <span class='ocr_line' id='line_1_99' title="bbox 293 5349 1843 5421; baseline 0.003 -21"><span class='ocrx_word' id='word_1_756' title='bbox 293 5349 570 5402; x_wconf 85' lang='grc' dir='ltr'>σιαστικὸν</span> <span class='ocrx_word' id='word_1_757' title='bbox 600 5354 697 5421; x_wconf 81' lang='grc' dir='ltr'><strong>τῆς</strong></span> <span class='ocrx_word' id='word_1_758' title='bbox 726 5352 1049 5420; x_wconf 86' lang='grc' dir='ltr'>Ἐκκλησίας</span> <span class='ocrx_word' id='word_1_759' title='bbox 1086 5352 1449 5421; x_wconf 84' lang='grc' dir='ltr'>προέστησαν.</span> <span class='ocrx_word' id='word_1_760' title='bbox 1482 5355 1571 5421; x_wconf 87' lang='grc' dir='ltr'><strong>Μή</strong></span> <span class='ocrx_word' id='word_1_761' title='bbox 1628 5372 1715 5421; x_wconf 84' lang='grc' dir='ltr'><strong>μοι</strong></span> <span class='ocrx_word' id='word_1_762' title='bbox 1749 5354 1843 5420; x_wconf 76' lang='grc' dir='ltr'>γέ.-</span> 
     </span>
    </p>
   </div>
   <div class='ocr_carea' id='block_1_100' title="bbox 284 5442 1839 5517">
    <p class='ocr_par' dir='ltr' id='par_1_100' title="bbox 284 5442 1839 5517">
     <span class='ocr_line' id='line_1_100' title="bbox 284 5442 1839 5517; baseline 0.005 -27"><span class='ocrx_word' id='word_1_763' title='bbox 284 5458 426 5492; x_wconf 84' lang='grc' dir='ltr'>νοιτο</span> <span class='ocrx_word' id='word_1_764' title='bbox 450 5442 704 5511; x_wconf 85' lang='grc' dir='ltr'>τοιαύτην</span> <span class='ocrx_word' id='word_1_765' title='bbox 742 5445 956 5511; x_wconf 80' lang='grc' dir='ltr'>ἀφεῖναι</span> <span class='ocrx_word' id='word_1_766' title='bbox 990 5446 1190 5513; x_wconf 83' lang='grc' dir='ltr'>φωνὴν,</span> <span class='ocrx_word' id='word_1_767' title='bbox 1226 5445 1349 5517; x_wconf 84' lang='grc' dir='ltr'>μηδ’</span> <span class='ocrx_word' id='word_1_768' title='bbox 1386 5446 1543 5499; x_wconf 78' lang='grc' dir='ltr'>ἄλλον</span> <span class='ocrx_word' id='word_1_769' title='bbox 1591 5446 1839 5513; x_wconf 85' lang='grc' dir='ltr'>λέγοντος</span> 
     </span>
    </p>
   </div>
   <div class='ocr_carea' id='block_1_101' title="bbox 282 5526 1835 5609">
    <p class='ocr_par' dir='ltr' id='par_1_101' title="bbox 282 5526 1835 5609">
     <span class='ocr_line' id='line_1_101' title="bbox 282 5526 1835 5609; baseline 0.006 -28"><span class='ocrx_word' id='word_1_770' title='bbox 282 5530 511 5583; x_wconf 84' lang='grc' dir='ltr'>ἀκοῦσαι</span> <span class='ocrx_word' id='word_1_771' title='bbox 534 5546 548 5561; x_wconf 78' lang='grc'><strong><em>⁸</em></strong></span> <span class='ocrx_word' id='word_1_772' title='bbox 576 5526 719 5586; x_wconf 68' lang='grc' dir='ltr'>οὗτοι</span> <span class='ocrx_word' id='word_1_773' title='bbox 754 5534 859 5602; x_wconf 85' lang='grc' dir='ltr'><strong>γὰρ</strong></span> <span class='ocrx_word' id='word_1_774' title='bbox 893 5535 999 5587; x_wconf 83' lang='grc' dir='ltr'>τῶν</span> <span class='ocrx_word' id='word_1_775' title='bbox 1035 5538 1272 5589; x_wconf 88' lang='grc' dir='ltr'>κανόνων</span> <span class='ocrx_word' id='word_1_776' title='bbox 1305 5537 1545 5605; x_wconf 79' lang='grc' dir='ltr'>ἀκριϐεῖς</span> <span class='ocrx_word' id='word_1_777' title='bbox 1576 5538 1835 5609; x_wconf 85' lang='grc' dir='ltr'>φύλακες,</span> 
     </span>
    </p>
   </div>
   <div class='ocr_carea' id='block_1_102' title="bbox 282 5621 1838 5701">
    <p class='ocr_par' dir='ltr' id='par_1_102' title="bbox 282 5621 1838 5701">
     <span class='ocr_line' id='line_1_102' title="bbox 282 5621 1838 5701; baseline 0.006 -28"><span class='ocrx_word' id='word_1_778' title='bbox 282 5621 382 5691; x_wconf 83' lang='grc' dir='ltr'><strong>τῆς</strong></span> <span class='ocrx_word' id='word_1_779' title='bbox 406 5623 682 5689; x_wconf 85' lang='grc' dir='ltr'>εὐσεϐείας</span> <span class='ocrx_word' id='word_1_780' title='bbox 709 5625 1037 5697; x_wconf 85' lang='grc' dir='ltr'>ύπέρμαχοι,</span> <span class='ocrx_word' id='word_1_781' title='bbox 1059 5628 1156 5696; x_wconf 89' lang='grc' dir='ltr'><strong>τῆς</strong></span> <span class='ocrx_word' id='word_1_782' title='bbox 1176 5628 1490 5691; x_wconf 77' lang='grc' dir='ltr'>δυσσεϐείας</span> <span class='ocrx_word' id='word_1_783' title='bbox 1525 5632 1838 5701; x_wconf 84' lang='grc' dir='ltr'>κατήγοροι,</span> 
     </span>
    </p>
   </div>
   <div class='ocr_carea' id='block_1_103' title="bbox 283 5712 1831 5787">
    <p class='ocr_par' dir='ltr' id='par_1_103' title="bbox 283 5712 1831 5787">
     <span class='ocr_line' id='line_1_103' title="bbox 283 5712 1831 5787; baseline 0.006 -24"><span class='ocrx_word' id='word_1_784' title='bbox 283 5712 567 5784; x_wconf 80' lang='grc' dir='ltr'>φωστῆρες</span> <span class='ocrx_word' id='word_1_785' title='bbox 619 5716 676 5767; x_wconf 79' lang='grc' dir='ltr'>ἐν</span> <span class='ocrx_word' id='word_1_786' title='bbox 710 5717 897 5785; x_wconf 77' lang='grc' dir='ltr'>κόσμῳ</span> <span class='ocrx_word' id='word_1_787' title='bbox 948 5718 1087 5769; x_wconf 71' lang='grc' dir='ltr'>κατὰ</span> <span class='ocrx_word' id='word_1_788' title='bbox 1132 5718 1192 5771; x_wconf 82' lang='grc' dir='ltr'>τὸ</span> <span class='ocrx_word' id='word_1_789' title='bbox 1249 5719 1389 5771; x_wconf 86' lang='grc' dir='ltr'>θεῖον</span> <span class='ocrx_word' id='word_1_790' title='bbox 1437 5719 1634 5785; x_wconf 82' lang='grc' dir='ltr'>λόγιον,</span> <span class='ocrx_word' id='word_1_791' title='bbox 1676 5720 1831 5787; x_wconf 85' lang='grc' dir='ltr'>λόγον</span> 
     </span>
    </p>
   </div>
   <div class='ocr_carea' id='block_1_104' title="bbox 283 5791 1837 5883">
    <p class='ocr_par' dir='ltr' id='par_1_104' title="bbox 283 5804 1837 5883">
     <span class='ocr_line' id='line_1_104' title="bbox 283 5804 1837 5883; baseline 0.003 -25"><span class='ocrx_word' id='word_1_792' title='bbox 283 5804 427 5872; x_wconf 74' lang='grc' dir='ltr'>ζωῆς</span> <span class='ocrx_word' id='word_1_793' title='bbox 455 5806 755 5877; x_wconf 75' lang='grc' dir='ltr'>ὲπέχοντ;;.</span> <span class='ocrx_word' id='word_1_794' title='bbox 791 5809 849 5861; x_wconf 79' lang='grc' dir='ltr'><strong>ΕΞ</strong></span> <span class='ocrx_word' id='word_1_795' title='bbox 898 5810 942 5861; x_wconf 82' lang='grc' dir='ltr'>δ’</span> <span class='ocrx_word' id='word_1_796' title='bbox 972 5811 1051 5865; x_wconf 79' lang='grc' dir='ltr'>ὅτι</span> <span class='ocrx_word' id='word_1_797' title='bbox 1088 5812 1309 5875; x_wconf 72' lang='grc' dir='ltr'>κανόνας</span> <span class='ocrx_word' id='word_1_798' title='bbox 1356 5811 1447 5874; x_wconf 74' lang='grc' dir='ltr'>οὓς</span> <span class='ocrx_word' id='word_1_799' title='bbox 1478 5813 1576 5866; x_wconf 79' lang='grc' dir='ltr'>οὐκ</span> <span class='ocrx_word' id='word_1_800' title='bbox 1624 5813 1837 5883; x_wconf 72' lang='grc' dir='ltr'>ᾔδεισαν</span> 
     </span>
    </p>
   </div>
   <div class='ocr_carea' id='block_1_105' title="bbox 1956 4620 3516 4693">
    <p class='ocr_par' dir='ltr' id='par_1_105' title="bbox 1956 4620 3516 4693">
     <span class='ocr_line' id='line_1_105' title="bbox 1956 4620 3516 4693; baseline 0.004 -20"><span class='ocrx_word' id='word_1_801' title='bbox 1956 4620 2079 4673; x_wconf 92' lang='lat' dir='ltr'><strong>dem</strong></span> <span class='ocrx_word' id='word_1_802' title='bbox 2119 4622 2216 4674; x_wconf 92' lang='lat' dir='ltr'><strong>hos</strong></span> <span class='ocrx_word' id='word_1_803' title='bbox 2254 4622 2308 4672; x_wconf 91' lang='lat' dir='ltr'><strong>in</strong></span> <span class='ocrx_word' id='word_1_804' title='bbox 2340 4622 2543 4673; x_wconf 91' lang='lat' dir='ltr'><strong>crimen</strong></span> <span class='ocrx_word' id='word_1_805' title='bbox 2574 4637 2770 4675; x_wconf 87' lang='lat' dir='ltr'><strong>vocare</strong></span> <span class='ocrx_word' id='word_1_806' title='bbox 2800 4623 3018 4687; x_wconf 88' lang='lat' dir='ltr'><strong>audent,</strong></span> <span class='ocrx_word' id='word_1_807' title='bbox 3065 4624 3206 4693; x_wconf 91' lang='lat' dir='ltr'><strong>quod</strong></span> <span class='ocrx_word' id='word_1_808' title='bbox 3252 4634 3432 4678; x_wconf 91' lang='lat' dir='ltr'><strong>autem</strong></span> <span class='ocrx_word' id='word_1_809' title='bbox 3483 4640 3516 4679; x_wconf 91' lang='lat' dir='ltr'><strong>e</strong></span> 
     </span>
    </p>
   </div>
   <div class='ocr_carea' id='block_1_106' title="bbox 1956 4710 3515 4779">
    <p class='ocr_par' dir='ltr' id='par_1_106' title="bbox 1956 4710 3515 4779">
     <span class='ocr_line' id='line_1_106' title="bbox 1956 4710 3515 4779; baseline 0.003 -14"><span class='ocrx_word' id='word_1_810' title='bbox 1956 4710 2106 4765; x_wconf 86' lang='lat' dir='ltr'><strong>laicis</strong></span> <span class='ocrx_word' id='word_1_811' title='bbox 2154 4712 2219 4764; x_wconf 85' lang='lat' dir='ltr'><strong>ad</strong></span> <span class='ocrx_word' id='word_1_812' title='bbox 2261 4712 2629 4779; x_wconf 87' lang='lat' dir='ltr'><strong>pontificatum</strong></span> <span class='ocrx_word' id='word_1_813' title='bbox 2690 4713 3056 4777; x_wconf 87' lang='lat' dir='ltr'><strong>ascenderint,</strong></span> <span class='ocrx_word' id='word_1_814' title='bbox 3106 4714 3159 4766; x_wconf 90' lang='lat' dir='ltr'><strong>in</strong></span> <span class='ocrx_word' id='word_1_815' title='bbox 3211 4714 3515 4769; x_wconf 78' lang='lat' dir='ltr'><strong>offensione</strong></span> 
     </span>
    </p>
   </div>
   <div class='ocr_carea' id='block_1_107' title="bbox 1952 4800 3512 4873">
    <p class='ocr_par' dir='ltr' id='par_1_107' title="bbox 1952 4800 3512 4873">
     <span class='ocr_line' id='line_1_107' title="bbox 1952 4800 3512 4873; baseline 0.003 -19"><span class='ocrx_word' id='word_1_816' title='bbox 1952 4810 2008 4855; x_wconf 90' lang='lat' dir='ltr'><strong>et</strong></span> <span class='ocrx_word' id='word_1_817' title='bbox 2039 4800 2287 4854; x_wconf 88' lang='lat' dir='ltr'><strong>seandalo</strong></span> <span class='ocrx_word' id='word_1_818' title='bbox 2317 4810 2557 4869; x_wconf 89' lang='lat' dir='ltr'><strong>ponunt;</strong></span> <span class='ocrx_word' id='word_1_819' title='bbox 2594 4803 2999 4869; x_wconf 79' lang='lat' dir='ltr'><strong>reprehendunt</strong></span> <span class='ocrx_word' id='word_1_820' title='bbox 3056 4819 3185 4858; x_wconf 85' lang='lat' dir='ltr'><strong>sane</strong></span> <span class='ocrx_word' id='word_1_821' title='bbox 3228 4820 3364 4873; x_wconf 87' lang='lat' dir='ltr'><strong>quos</strong></span> <span class='ocrx_word' id='word_1_822' title='bbox 3404 4820 3512 4859; x_wconf 88' lang='lat' dir='ltr'><strong>nec</strong></span> 
     </span>
    </p>
   </div>
   <div class='ocr_carea' id='block_1_108' title="bbox 1958 4894 3510 4965">
    <p class='ocr_par' dir='ltr' id='par_1_108' title="bbox 1958 4894 3510 4965">
     <span class='ocr_line' id='line_1_108' title="bbox 1958 4894 3510 4965; baseline 0.003 -18"><span class='ocrx_word' id='word_1_823' title='bbox 1958 4894 2395 4964; x_wconf 84' lang='lat' dir='ltr'><strong>reprehendunt:</strong></span> <span class='ocrx_word' id='word_1_824' title='bbox 2427 4910 2549 4947; x_wconf 90' lang='lat' dir='ltr'><strong>nam</strong></span> <span class='ocrx_word' id='word_1_825' title='bbox 2586 4895 2877 4964; x_wconf 84' lang='lat' dir='ltr'><strong>biqueque</strong></span> <span class='ocrx_word' id='word_1_826' title='bbox 2912 4897 3036 4950; x_wconf 85' lang='lat' dir='ltr'><strong>laici</strong></span> <span class='ocrx_word' id='word_1_827' title='bbox 3069 4907 3196 4951; x_wconf 91' lang='lat' dir='ltr'><strong>sunt</strong></span> <span class='ocrx_word' id='word_1_828' title='bbox 3240 4896 3510 4965; x_wconf 88' lang='lat' dir='ltr'><strong>producti,</strong></span> 
     </span>
    </p>
   </div>
   <div class='ocr_carea' id='block_1_109' title="bbox 1953 4986 3508 5056">
    <p class='ocr_par' dir='ltr' id='par_1_109' title="bbox 1953 4986 3508 5056">
     <span class='ocr_line' id='line_1_109' title="bbox 1953 4986 3508 5056; baseline 0.003 -18"><span class='ocrx_word' id='word_1_829' title='bbox 1953 5001 2089 5054; x_wconf 90' lang='lat' dir='ltr'><strong>quos</strong></span> <span class='ocrx_word' id='word_1_830' title='bbox 2132 5000 2346 5038; x_wconf 90' lang='lat' dir='ltr'><strong>rursum</strong></span> <span class='ocrx_word' id='word_1_831' title='bbox 2398 4986 2450 5038; x_wconf 90' lang='lat' dir='ltr'><strong>in</strong></span> <span class='ocrx_word' id='word_1_832' title='bbox 2492 4987 2695 5040; x_wconf 84' lang='lat' dir='ltr'><strong>honore</strong></span> <span class='ocrx_word' id='word_1_833' title='bbox 2754 4989 2952 5041; x_wconf 88' lang='lat' dir='ltr'><strong>habent</strong></span> <span class='ocrx_word' id='word_1_834' title='bbox 3006 5000 3060 5041; x_wconf 90' lang='lat' dir='ltr'><strong>et</strong></span> <span class='ocrx_word' id='word_1_835' title='bbox 3126 4988 3508 5056; x_wconf 83' lang='lat' dir='ltr'><strong>admiratione,</strong></span> 
     </span>
    </p>
   </div>
   <div class='ocr_carea' id='block_1_110' title="bbox 1951 5075 3499 5146">
    <p class='ocr_par' dir='ltr' id='par_1_110' title="bbox 1951 5075 3499 5146">
     <span class='ocr_line' id='line_1_110' title="bbox 1951 5075 3499 5146; baseline 0.003 -18"><span class='ocrx_word' id='word_1_836' title='bbox 1951 5090 2139 5129; x_wconf 89' lang='lat' dir='ltr'><strong>eorum</strong></span> <span class='ocrx_word' id='word_1_837' title='bbox 2183 5090 2293 5129; x_wconf 92' lang='lat' dir='ltr'><strong>non</strong></span> <span class='ocrx_word' id='word_1_838' title='bbox 2340 5075 2551 5145; x_wconf 89' lang='lat' dir='ltr'><strong>fugiunt</strong></span> <span class='ocrx_word' id='word_1_839' title='bbox 2580 5077 3046 5146; x_wconf 84' lang='lat' dir='ltr'><strong>vituperationem.</strong></span> <span class='ocrx_word' id='word_1_840' title='bbox 3098 5080 3167 5132; x_wconf 84' lang='lat' dir='ltr'><strong>At</strong></span> <span class='ocrx_word' id='word_1_841' title='bbox 3222 5078 3297 5137; x_wconf 79' lang='lat' dir='ltr'><strong>lii.</strong></span> <span class='ocrx_word' id='word_1_842' title='bbox 3333 5078 3499 5132; x_wconf 86' lang='lat' dir='ltr'><strong>Tara-</strong></span> 
     </span>
    </p>
   </div>
   <div class='ocr_carea' id='block_1_111' title="bbox 1950 5167 3510 5236">
    <p class='ocr_par' dir='ltr' id='par_1_111' title="bbox 1950 5167 3510 5236">
     <span class='ocr_line' id='line_1_111' title="bbox 1950 5167 3510 5236; baseline 0.003 -15"><span class='ocrx_word' id='word_1_843' title='bbox 1950 5168 2063 5221; x_wconf 86' lang='lat' dir='ltr'><strong>sius</strong></span> <span class='ocrx_word' id='word_1_844' title='bbox 2094 5178 2149 5219; x_wconf 88' lang='lat' dir='ltr'><strong>et</strong></span> <span class='ocrx_word' id='word_1_845' title='bbox 2181 5167 2540 5236; x_wconf 79' lang='lat' dir='ltr'><strong>Nicephorus,</strong></span> <span class='ocrx_word' id='word_1_846' title='bbox 2570 5170 2623 5221; x_wconf 90' lang='lat' dir='ltr'><strong>in</strong></span> <span class='ocrx_word' id='word_1_847' title='bbox 2672 5172 2850 5223; x_wconf 72' lang='lat' dir='ltr'><strong>szecnli</strong></span> <span class='ocrx_word' id='word_1_848' title='bbox 2885 5171 2991 5222; x_wconf 83' lang='lat' dir='ltr'><strong>vita</strong></span> <span class='ocrx_word' id='word_1_849' title='bbox 3024 5179 3289 5223; x_wconf 91' lang='lat' dir='ltr'><strong>astrorum</strong></span> <span class='ocrx_word' id='word_1_850' title='bbox 3342 5171 3510 5225; x_wconf 89' lang='lat' dir='ltr'><strong>instar</strong></span> 
     </span>
    </p>
   </div>
   <div class='ocr_carea' id='block_1_112' title="bbox 1949 5259 3500 5323">
    <p class='ocr_par' dir='ltr' id='par_1_112' title="bbox 1949 5259 3500 5323">
     <span class='ocr_line' id='line_1_112' title="bbox 1949 5259 3500 5323; baseline 0.003 -11"><span class='ocrx_word' id='word_1_851' title='bbox 1949 5259 2293 5323; x_wconf 89' lang='lat' dir='ltr'><strong>collucentes,</strong></span> <span class='ocrx_word' id='word_1_852' title='bbox 2340 5260 2392 5312; x_wconf 90' lang='lat' dir='ltr'><strong>in</strong></span> <span class='ocrx_word' id='word_1_853' title='bbox 2440 5263 2777 5315; x_wconf 78' lang='lat' dir='ltr'><strong>sacerdotum</strong></span> <span class='ocrx_word' id='word_1_854' title='bbox 2814 5262 3060 5315; x_wconf 89' lang='lat' dir='ltr'><strong>ordinem</strong></span> <span class='ocrx_word' id='word_1_855' title='bbox 3094 5263 3265 5317; x_wconf 89' lang='lat' dir='ltr'><strong>allecti</strong></span> <span class='ocrx_word' id='word_1_856' title='bbox 3311 5272 3500 5318; x_wconf 88' lang='lat' dir='ltr'><strong>contra</strong></span> 
     </span>
    </p>
   </div>
   <div class='ocr_carea' id='block_1_113' title="bbox 1952 5351 3506 5424">
    <p class='ocr_par' dir='ltr' id='par_1_113' title="bbox 1952 5351 3506 5424">
     <span class='ocr_line' id='line_1_113' title="bbox 1952 5351 3506 5424; baseline 0.004 -21"><span class='ocrx_word' id='word_1_857' title='bbox 1952 5352 2190 5421; x_wconf 83' lang='lat' dir='ltr'><strong>regulam</strong></span> <span class='ocrx_word' id='word_1_858' title='bbox 2222 5362 2277 5405; x_wconf 90' lang='lat' dir='ltr'><strong>et</strong></span> <span class='ocrx_word' id='word_1_859' title='bbox 2336 5351 2562 5406; x_wconf 89' lang='lat' dir='ltr'><strong>formam</strong></span> <span class='ocrx_word' id='word_1_860' title='bbox 2613 5354 3031 5409; x_wconf 85' lang='lat' dir='ltr'><strong>ecclesiasticam</strong></span> <span class='ocrx_word' id='word_1_861' title='bbox 3070 5355 3323 5408; x_wconf 70' lang='lat' dir='ltr'><strong>Ecclesia:</strong></span> <span class='ocrx_word' id='word_1_862' title='bbox 3367 5372 3506 5424; x_wconf 71' lang='lat' dir='ltr'><strong>prae-</strong></span> 
     </span>
    </p>
   </div>
   <div class='ocr_carea' id='block_1_114' title="bbox 1948 5444 3503 5511">
    <p class='ocr_par' dir='ltr' id='par_1_114' title="bbox 1948 5444 3503 5511">
     <span class='ocr_line' id='line_1_114' title="bbox 1948 5444 3503 5511; baseline 0.003 -15"><span class='ocrx_word' id='word_1_863' title='bbox 1948 5444 2186 5498; x_wconf 80' lang='lat' dir='ltr'><strong>fuerunt.</strong></span> <span class='ocrx_word' id='word_1_864' title='bbox 2220 5445 2373 5497; x_wconf 84' lang='lat' dir='ltr'><strong>Absit</strong></span> <span class='ocrx_word' id='word_1_865' title='bbox 2405 5459 2435 5497; x_wconf 93' lang='lat' dir='ltr'><strong>a</strong></span> <span class='ocrx_word' id='word_1_866' title='bbox 2469 5461 2574 5509; x_wconf 83' lang='lat' dir='ltr'><strong>me,</strong></span> <span class='ocrx_word' id='word_1_867' title='bbox 2620 5455 2677 5497; x_wconf 90' lang='lat' dir='ltr'><strong>ut</strong></span> <span class='ocrx_word' id='word_1_868' title='bbox 2713 5448 2851 5501; x_wconf 85' lang='lat' dir='ltr'><strong>hanc</strong></span> <span class='ocrx_word' id='word_1_869' title='bbox 2875 5447 3113 5500; x_wconf 88' lang='lat' dir='ltr'><strong>emittam</strong></span> <span class='ocrx_word' id='word_1_870' title='bbox 3167 5464 3374 5511; x_wconf 88' lang='lat' dir='ltr'><strong>vocem,</strong></span> <span class='ocrx_word' id='word_1_871' title='bbox 3410 5453 3503 5500; x_wconf 86' lang='lat' dir='ltr'><strong>aut</strong></span> 
     </span>
    </p>
   </div>
   <div class='ocr_carea' id='block_1_115' title="bbox 1950 5538 3501 5609">
    <p class='ocr_par' dir='ltr' id='par_1_115' title="bbox 1950 5538 3501 5609">
     <span class='ocr_line' id='line_1_115' title="bbox 1950 5538 3501 5609; baseline 0.003 -20"><span class='ocrx_word' id='word_1_872' title='bbox 1950 5538 2114 5592; x_wconf 84' lang='lat' dir='ltr'><strong>alium</strong></span> <span class='ocrx_word' id='word_1_873' title='bbox 2151 5539 2266 5593; x_wconf 68' lang='lat' dir='ltr'><strong>haec</strong></span> <span class='ocrx_word' id='word_1_874' title='bbox 2294 5538 2561 5593; x_wconf 90' lang='lat' dir='ltr'><strong>dicentem</strong></span> <span class='ocrx_word' id='word_1_875' title='bbox 2608 5539 2843 5595; x_wconf 90' lang='lat' dir='ltr'><strong>audiam.</strong></span> <span class='ocrx_word' id='word_1_876' title='bbox 2892 5540 2956 5593; x_wconf 83' lang='lat' dir='ltr'><strong>Hi</strong></span> <span class='ocrx_word' id='word_1_877' title='bbox 3002 5541 3145 5592; x_wconf 92' lang='lat' dir='ltr'><strong>enim</strong></span> <span class='ocrx_word' id='word_1_878' title='bbox 3197 5540 3501 5609; x_wconf 86' lang='lat' dir='ltr'><strong>regularum</strong></span> 
     </span>
    </p>
   </div>
   <div class='ocr_carea' id='block_1_116' title="bbox 1944 5628 3493 5699">
    <p class='ocr_par' dir='ltr' id='par_1_116' title="bbox 1944 5628 3493 5699">
     <span class='ocr_line' id='line_1_116' title="bbox 1944 5628 3493 5699; baseline 0.001 -17"><span class='ocrx_word' id='word_1_879' title='bbox 1944 5631 2174 5684; x_wconf 90' lang='lat' dir='ltr'><strong>accurati</strong></span> <span class='ocrx_word' id='word_1_880' title='bbox 2240 5628 2390 5682; x_wconf 87' lang='lat' dir='ltr'><strong>fuere</strong></span> <span class='ocrx_word' id='word_1_881' title='bbox 2446 5630 2721 5693; x_wconf 88' lang='lat' dir='ltr'><strong>custodes,</strong></span> <span class='ocrx_word' id='word_1_882' title='bbox 2775 5640 3199 5699; x_wconf 82' lang='lat' dir='ltr'><strong>propugnatores</strong></span> <span class='ocrx_word' id='word_1_883' title='bbox 3249 5630 3493 5699; x_wconf 86' lang='lat' dir='ltr'><strong>pietatis,</strong></span> 
     </span>
    </p>
   </div>
   <div class='ocr_carea' id='block_1_117' title="bbox 1944 5722 3494 5791">
    <p class='ocr_par' dir='ltr' id='par_1_117' title="bbox 1944 5722 3494 5791">
     <span class='ocr_line' id='line_1_117' title="bbox 1944 5722 3494 5791; baseline -0.001 -16"><span class='ocrx_word' id='word_1_884' title='bbox 1944 5722 2231 5791; x_wconf 85' lang='lat' dir='ltr'><strong>impietatis</strong></span> <span class='ocrx_word' id='word_1_885' title='bbox 2261 5732 2629 5784; x_wconf 79' lang='lat' dir='ltr'><strong>accusatores,</strong></span> <span class='ocrx_word' id='word_1_886' title='bbox 2670 5725 2818 5777; x_wconf 86' lang='lat' dir='ltr'><strong>orbis</strong></span> <span class='ocrx_word' id='word_1_887' title='bbox 2850 5732 3007 5777; x_wconf 76' lang='lat' dir='ltr'><strong>terra:</strong></span> <span class='ocrx_word' id='word_1_888' title='bbox 3056 5722 3279 5787; x_wconf 81' lang='lat' dir='ltr'><strong>lumina,</strong></span> <span class='ocrx_word' id='word_1_889' title='bbox 3316 5740 3379 5777; x_wconf 79' lang='lat' dir='ltr'><strong>ex</strong></span> <span class='ocrx_word' id='word_1_890' title='bbox 3413 5724 3494 5776; x_wconf 86' lang='lat' dir='ltr'><strong>di-</strong></span> 
     </span>
    </p>
   </div>
   <div class='ocr_carea' id='block_1_118' title="bbox 1953 5814 3499 5883">
    <p class='ocr_par' dir='ltr' id='par_1_118' title="bbox 1953 5814 3499 5883">
     <span class='ocr_line' id='line_1_118' title="bbox 1953 5814 3499 5883; baseline 0 -16"><span class='ocrx_word' id='word_1_891' title='bbox 1953 5815 2093 5871; x_wconf 74' lang='lat' dir='ltr'><strong>vinis</strong></span> <span class='ocrx_word' id='word_1_892' title='bbox 2124 5816 2354 5883; x_wconf 87' lang='lat' dir='ltr'><strong>eloquiis</strong></span> <span class='ocrx_word' id='word_1_893' title='bbox 2383 5817 2605 5871; x_wconf 72' lang='lat' dir='ltr'><strong>verbum</strong></span> <span class='ocrx_word' id='word_1_894' title='bbox 2636 5818 2941 5872; x_wconf 83' lang='lat' dir='ltr'><strong>obtinentes</strong></span> <span class='ocrx_word' id='word_1_895' title='bbox 2972 5816 3115 5871; x_wconf 73' lang='lat' dir='ltr'><strong>vitae.</strong></span> <span class='ocrx_word' id='word_1_896' title='bbox 3163 5814 3313 5880; x_wconf 84' lang='lat' dir='ltr'><strong>Quod</strong></span> <span class='ocrx_word' id='word_1_897' title='bbox 3371 5830 3499 5869; x_wconf 82' lang='lat' dir='ltr'><strong>vero</strong></span> 
     </span>
    </p>
   </div>
  </div>
