4242 6438
787 393 893 457 603

1878 389 2138 451 PHOTII
2177 387 2680 450 PATRIARCHIE
2718 387 2827 449 CP.

3915 375 4024 440 604

785 505 1020 576 regulas,
1075 517 1210 571 quas
1261 515 1371 554 non
1395 509 1598 554 norunt
1660 516 1770 554 non
1825 510 2145 554 servarunt:
2187 515 2347 554 nemo
2378 507 2460 560 At

2344 524 2347 545 ι
2378 507 2422 560 Λ
2449 499 2547 550 οὐκ
2582 496 2873 565 ἐφύλαξαν,
2903 495 3080 558 οὐδεὶς
3104 494 3170 548 ἂν
3194 493 3382 548 δίκαια
3410 491 3580 545 ποιῶν
3609 489 3985 558 ἐπιμέμφοιτο
4004 506 4019 522 ·

788 612 881 651 eos
905 596 1028 664 jure
1061 591 1458 662 reprehendere
1487 600 1683 661 potest.
1712 591 1818 645 Sed
1838 592 1980 660 quod
2012 607 2200 645 eorum
2227 607 2348 659 qua:

787 701 1070 755 accepere,
1109 685 1364 739 custodes
1410 684 1651 748 fuerunt,
1699 683 1900 738 idcirco
1940 701 1970 736 ιι
2032 686 2138 736 Deo
2181 682 2344 752 glori-

789 777 928 831 licati
957 785 1103 830 sunt.
1145 776 1282 829 Nam
1323 790 1383 829 ea
1411 790 1532 844 qua:
1557 775 1752 829 tradita
1788 784 1935 837 sunt,
1996 790 2343 837 conservare,

788 867 996 923 stabilis
1025 877 1107 921 est
1128 867 1344 932 mentis,
1374 883 1436 921 ac
1458 867 1714 922 novitatis
1732 868 1968 922 studium
1993 867 2345 936 repudiantis.

787 963 857 1014 At
880 960 945 1014 de
971 959 1037 1013 iis
1067 975 1184 1027 qua:
1213 974 1320 1013 non
1364 959 1660 1029 acceperis,
1701 960 1894 1030 legem,
1931 975 2028 1012 usu
2072 975 2180 1012 non
2225 959 2350 1012 hor-

790 1061 960 1118 tante,
1001 1053 1163 1116 l'erre,
1196 1060 1291 1105 aut
1323 1052 1624 1106 custodiam
1653 1052 1911 1106 inducere
1943 1066 2349 1121 prteproperum

789 1144 1027 1197 studium
1054 1154 1136 1197 est
1176 1144 1341 1197 animi
1375 1159 1461 1196 res
1487 1158 1656 1197 novas
1686 1143 1977 1203 molientis,
2020 1153 2182 1211 atque
2211 1158 2352 1196 erra-

787 1234 976 1289 bundi.
1023 1235 1246 1304 Propria
1295 1235 1440 1288 enim
1499 1237 1728 1305 quisque
1782 1250 2034 1288 mensura
2082 1252 2144 1290 ac
2167 1234 2349 1305 regula

787 1326 1103 1379 continetur
1135 1333 1191 1378 et
1238 1325 1508 1394 dirigitur.
1539 1324 1688 1378 Multi
1735 1339 1972 1378 canones
2000 1325 2119 1378 aliis
2169 1323 2352 1378 traditi

787 1425 935 1480 sunt,
967 1416 1087 1470 aliis
1115 1432 1183 1470 ne
1216 1417 1325 1470 noti
1356 1417 1572 1485 quidem
1612 1425 1761 1470 sunt.
1793 1416 1897 1481 Qui
1927 1417 2127 1486 accipit
2150 1425 2206 1471 et
2234 1416 2351 1470 vio-

789 1507 890 1570 lat,
923 1506 1117 1576 dignus
1141 1508 1230 1575 qui
1267 1508 1321 1560 in
1350 1508 1610 1576 judicium
1637 1507 1938 1562 indicatur:
1962 1509 2054 1578 qui
2086 1524 2215 1562 vero
2242 1523 2351 1562 non

787 1599 957 1665 novit,
993 1614 1095 1654 nec
1128 1601 1338 1669 recipit,
1393 1601 1666 1670 quomodo
1722 1601 1993 1654 obnoxius
2023 1602 2145 1655 est?
2168 1600 2353 1655 Multa:

789 1707 1006 1762 quoque
1027 1692 1174 1763 leges
1211 1692 1278 1745 ab
1315 1692 1381 1746 iis
1416 1692 1613 1761 quibus
1655 1692 1922 1760 imposita:
1953 1700 2129 1754 erant,
2166 1703 2352 1747 custo-

789 1783 914 1836 dita:
939 1791 1084 1844 sunt.
1123 1799 1186 1838 ac
1210 1783 1651 1838 demonstrarunt
1680 1783 1774 1837 Dei
1811 1783 2040 1838 famulos
2085 1799 2180 1838 eos
2231 1801 2352 1840 esse

2455 589 2570 643 ἀλλ’
2610 589 2691 641 ὅτι
2743 587 2981 657 φύλακες
3037 581 3112 641 ὧν
3162 585 3470 658 παρέλαϐον
3515 585 3912 655 ἐχρημάτισαν,
3965 584 4022 634 ἐν

2453 680 2626 750 τούτῳ
2671 679 2824 750 παρὰ
2853 679 2987 732 Θεοῦ
3020 679 3404 749 ἐδοξάσθησαν.
3451 677 3524 728 Τὸ
3558 676 3655 745 μὲν
3690 675 3798 745 γὰρ
3833 673 3902 726 τὰ
3930 673 4021 724 δο-

2456 774 2615 826 θέντα
2644 775 2926 844 συντηρεῖν
2951 772 3176 842 γνώμης
3198 773 3314 824 ἐστὶ
3333 771 3621 840 παθερᾶς,
3648 770 3741 821 καὶ
3765 769 3869 838 τὴν
3898 783 4022 819 και·

2454 863 2666 916 νοποιὸν
2686 863 3120 932 ἀποπεμπούσης
3151 863 3492 932 προαίρεσιν,
3525 861 3584 913 τὸ
3604 860 3650 912 δ’
3678 861 3744 912 ἂν
3776 860 3851 928 μὴ
3877 875 4023 926 παρ-

2457 953 2667 1022 είληφε,
2725 954 2914 1024 χρείας
2955 953 3028 1022 μὴ
3074 953 3346 1022 καλούσης
3377 950 3704 1020 νομοθετεῖν,
3739 950 3771 1018 ἢ
3820 947 4029 1016 φυλάτ-

2455 1064 2568 1099 τειν
2607 1043 2925 1116 ἐπιχειρεῖν,
2971 1045 3362 1115 νεωτεροποιοῦ
3415 1043 3653 1106 διανοίας
3684 1043 3779 1095 καὶ
3823 1041 4028 1110 ῥεμϐο-

2461 1137 2626 1205 μένης
2644 1137 2758 1187 ἐστὶ
2781 1135 3429 1206 περισσεύματα.’Μέτρῳ
3445 1133 3552 1203 γὰρ
3568 1134 3796 1195 ἕκαστος
3814 1133 3932 1184 οίκε
3942 1131 4026 1200 ίῳ,

2457 1229 2553 1281 καὶ
2581 1228 2763 1281 κανόνι
2798 1217 3104 1296 συνέχεταίΔ
3128 1245 3186 1280 τε
3232 1228 3327 1279 καὶ
3361 1226 3772 1280 κατευθύνεται.
3829 1224 4029 1276 Πολλοὶ

2457 1322 2678 1383 κανόνες
2730 1321 2909 1385 ἄλλοις
2962 1323 3060 1391 μὲν
3094 1321 3506 1393 παραδέδονται,
3561 1320 3768 1390 ἐτέροις
3811 1319 3871 1371 δέ
3903 1317 4037 1370 οῦδέ

2456 1415 2742 1484 γνώριμοι.
2783 1414 2841 1468 '0
2869 1414 3204 1486 παραλαϐὼν
3232 1415 3327 1467 καὶ
3348 1413 3576 1478 ἀθετῶν,
3600 1411 3752 1480 δίκης
3775 1408 3928 1473 ἄξιος
3954 1426 3971 1439 ο
4001 1411 4029 1461 ὁ

2457 1506 2515 1557 δέ
2547 1505 2670 1576 μηδ’
2698 1507 2973 1573 ἐγνωκὼς,
3004 1507 3037 1578 ἢ
3081 1507 3156 1576 μὴ
3196 1505 3668 1577 παραδεξάμενος,
3705 1503 3822 1566 πῶς
3855 1499 4027 1553 ὑπεύ-

2459 1597 2648 1662 θυνος;
2679 1597 2880 1650 Πολλαὶ
2903 1597 2960 1650 δὲ
2995 1598 3089 1649 καὶ
3120 1595 3458 1666 νομοθεσίαι,
3497 1589 3581 1657 οἷς
3616 1594 3715 1662 μὲν
3756 1591 4028 1659 ἐτέθησαν

2459 1689 2859 1758 ἐφυλάχθησαν,
2904 1689 2998 1743 καῖ¹
3043 1687 3179 1742 Θεοῦ
3217 1687 3553 1758 θεράποντας
3591 1686 3716 1746 τοὺς
3773 1682 4026 1752 φύλακας

2459 1783 2819 1848 ἐπεδείξαντο.
2853 1783 2917 1835 Οἱ
2940 1783 2996 1835 δὲ
3032 1781 3108 1851 μὴ
3145 1780 3564 1851 παρειληφότες,
3603 1779 3698 1831 καὶ
3729 1777 3816 1830 διὰ
3867 1775 4027 1829 τοῦτο

788 1874 882 1942 qui
903 1874 1310 1929 custodierunt:
1353 1874 1444 1944 qui
1478 1889 1607 1928 vero
1647 1890 1757 1928 non
1793 1885 2144 1945 acceperunt,
2203 1875 2352 1930 ideo-
2383 1883 2426 1938 Β
2459 1893 2463 1941 ι

2350 1908 2352 1915 ι
2383 1883 2426 1938 Β
2459 1874 2592 1943 μηδέ
2619 1876 2710 1926 τδν
2734 1873 2860 1927 νοῦν
2888 1873 3024 1943 πρὸς
3055 1873 3195 1927 αὐτὰ
3220 1871 3667 1943 ἐπιστρέψαντες,
3693 1869 3843 1922 οὐδὲν
3870 1869 4025 1921 ἐλατ-

790 1981 896 2033 quc
932 1965 1170 2019 animum
1206 1967 1274 2020 ad
1303 1981 1366 2020 ea
1398 1981 1506 2019 non
1563 1966 1938 2031 adverterunt,
1994 1967 2354 2023 nihilominus

790 2057 906 2112 Deo
928 2058 1188 2112 amabiles
1218 2073 1338 2112 esse
1366 2058 1564 2128 cogniti
1595 2068 1743 2112 sunt.

867 2151 1044 2215 Atque
1089 2147 1143 2199 in
1174 2147 1426 2201 manibus
1475 2157 1601 2201 sunt
1628 2147 1891 2217 exempla.
1923 2146 2193 2201 Abraham
2244 2147 2352 2203 eir-

787 2239 1082 2304 cnmcisus,
1113 2238 1523 2294 incircumcisus
1549 2238 1969 2303 Melchisedech,
1996 2240 2087 2309 qui
2123 2241 2187 2294 ad
2207 2241 2355 2294 simi-

791 2334 1087 2389 litudinem
1149 2334 1271 2388 Filii
1327 2334 1442 2399 Dei,
1486 2343 1540 2388 et
1571 2334 1899 2403 principium
1959 2344 2110 2389 ortus
2168 2335 2250 2389 sui
2301 2346 2355 2390 et

798 2429 958 2480 linem
1005 2427 1195 2481 habuit
1238 2428 1593 2498 incognitum.
1660 2427 1950 2481 Enimvero
1978 2427 2208 2482 Abrahae
2253 2444 2353 2482 cu-

790 2519 1020 2572 slodiam
1043 2519 1475 2573 circumcisionis
1513 2519 1748 2589 probans
1770 2518 1946 2584 Deus;
1969 2535 2230 2589 nusquam
2258 2535 2354 2589 ap-

789 2615 945 2678 paret
996 2608 1096 2678 ipsi
1157 2608 1555 2664 Melchisedech
1615 2609 2060 2680 transgressionis
2113 2610 2354 2665 inferens

792 2700 1295 2768 exprobrationem.
1353 2700 1464 2756 Nec
1511 2717 1640 2756 vero
1697 2703 1980 2773 quisquam
2030 2705 2176 2761 hunc
2224 2705 2356 2776 legis

789 2790 1003 2847 violatae
1059 2803 1298 2862 unquam
1361 2794 1660 2860 accusabit,
1714 2804 1808 2848 aut
1837 2797 2008 2861 illum,
2045 2799 2186 2867 quod
2222 2799 2357 2853 faei-

792 2898 898 2937 nus
939 2883 1368 2939 circumcisionis
1407 2901 1574 2939 ausus
1613 2887 1700 2941 sit.
1732 2887 1834 2951 Qui
1885 2904 1980 2943 eos
2035 2890 2355 2946 insimulare

789 2975 942 3040 velit,
989 2977 1362 3048 redarguetur.
1418 2978 1596 3046 Atque
1645 2979 1922 3049 prognatis
1947 2994 2010 3034 ex
2060 2981 2353 3049 Abraham,

790 3067 883 3138 qui
907 3083 1029 3122 eam
1074 3069 1244 3139 legem
1276 3070 1330 3123 in
1380 3071 1558 3125 sinum
1613 3082 1899 3139 acceperat
1944 3087 2124 3136 suum,
2165 3075 2357 3129 mortis

793 3175 953 3229 paena
999 3161 1272 3229 proposita
1310 3169 1449 3226 erat,
1500 3161 1544 3216 si
1587 3163 1712 3231 quis
1765 3173 2134 3234 transgressus
2182 3175 2349 3233 esset,

792 3268 914 3320 quae
942 3268 1050 3306 non
1080 3252 1146 3307 ab
1178 3253 1487 3308 hominibus
1516 3254 2046 3321 modoinl‘erebatur,
2071 3257 2163 3311 sed
2192 3257 2354 3312 etiam
2382 3237 2425 3295 θ

792 3343 1106 3397 vehementi
1138 3344 1380 3413 ipsorum
1411 3346 1722 3416 angelorum
1787 3347 2251 3404 interminatione.
2285 3351 2352 3406 Et

791 3450 917 3488 cum
946 3435 1000 3488 in
1049 3450 1114 3490 eo
1161 3435 1430 3489 Abraham
1458 3446 1514 3490 et
1557 3435 1953 3494 Melchisedech
1999 3439 2350 3507 dissiderent,

791 3533 994 3591 gratam
1039 3523 1093 3576 in
1143 3539 1482 3578 communem
1514 3524 1800 3579 Dominum
1850 3536 2088 3582 mentem
2137 3545 2199 3584 ac
2236 3530 2354 3599 pie-

797 3624 970 3669 tatem
993 3625 1048 3669 et
1073 3617 1408 3670 consimilem
1435 3617 1575 3672 inter
1598 3633 1655 3671 se
1685 3619 1886 3672 cultum
1916 3621 2222 3676 servabant.
2275 3622 2352 3677 Ex

792 3709 987 3775 quibus
1015 3709 1191 3763 neutri
1232 3709 1298 3762 ab
1327 3709 1498 3763 altero
1543 3710 1872 3780 vituperatio
1921 3712 2352 3784 impingebatur;

793 3797 888 3850 sed
921 3798 972 3850 in
1021 3798 1318 3867 potissimis
1357 3799 1521 3852 rebus
1566 3799 2002 3854 constantissima
2048 3799 2192 3854 inter
2235 3815 2351 3862 eos,

790 3897 845 3940 et
891 3888 948 3941 in
997 3903 1178 3942 rerum
1231 3903 1496 3942 novarum
1528 3890 1709 3943 studio
1757 3889 1932 3943 aliena
1968 3889 2200 3943 societas
2243 3905 2354 3944 non

790 3980 1006 4035 sinebat
1037 3989 1356 4035 exterarum
1418 3996 1601 4036 rerum
1636 3981 1937 4037 discrimen
1967 3981 2235 4036 curiosius
2269 3982 2356 4035 in-

795 4073 954 4130 tueri.
991 4071 1125 4127 Nam
1171 4089 1360 4128 revera
1403 4075 1713 4128 communia
1758 4075 2013 4130 omnibus
2059 4086 2207 4140 sunt,
2233 4091 2354 4145 qua:

793 4180 984 4220 «mnes
1010 4165 1284 4220 custodire
1328 4181 1557 4221 necesse
1603 4176 1707 4230 est,
1754 4177 1808 4221 et
1835 4174 1960 4221 ante
1985 4167 2088 4221 alia
2137 4183 2257 4236 qua:
2287 4168 2355 4223 de

794 4257 898 4311 rule
923 4257 1204 4322 habemus,
1230 4258 1321 4312 ubi
1349 4258 1434 4312 vel
1455 4259 1673 4328 paulum
1715 4259 2009 4324 declinare,
2033 4267 2117 4314 est
2168 4261 2358 4315 morti-

794 4349 910 4403 fero
939 4365 996 4403 se
1022 4351 1235 4418 piaculo
1266 4351 1622 4421 Obstringere.
1653 4350 1911 4416 Quazdam
1958 4352 2176 4421 pr0prie
2218 4353 2354 4406 alios

793 4452 1218 4510 consequuntur,
1247 4457 1477 4511 quorum
1503 4442 1890 4511 praztermissio
1915 4442 1993 4496 eis
2023 4443 2248 4498 multam
2274 4443 2356 4497 af-

793 4529 897 4585 fert
926 4531 1120 4601 quibus
1141 4532 1227 4584 illa
1268 4532 1497 4586 tenenda
1519 4541 1676 4586 sunt:
1710 4533 1801 4602 qui
1837 4547 1964 4586 vero
1986 4549 2097 4587 non
2132 4549 2358 4604 accepe-

2453 1983 2546 2020 τον
2590 1967 2855 2036 θεοφιλεῖς
2889 1967 3319 2037 ἐγνωρίσθησαν,
3372 1966 3467 2018 καὶ
3515 1962 3657 2018 κατά
3712 1965 3902 2034 χεῖρας
3956 1961 4024 2014 τά

2455 2058 2897 2128 παραδείγματα.

2528 2149 2645 2203 Ἵνα
2672 2148 2731 2201 δὲ
2763 2149 2828 2202 τά
2857 2148 2993 2203 ἄλλα
3017 2149 3182 2213 ἐάσω,
3226 2149 3255 2202 δ
3287 2148 3386 2218 μέν
3437 2145 3686 2218 Ἀϐραάμ
3725 2146 4022 2217 ἐμπερίτο-

2458 2259 2577 2314 μος,
2615 2243 2715 2313 τὴν
2745 2243 3048 2314 περιτομὴν
3078 2242 3136 2306 ἐξ
3169 2241 3388 2311 ἐντολῆς
3413 2241 3564 2302 θείας
3597 2241 3674 2304 είς
3700 2239 4023 2307 νομοθεσίαν

2454 2336 2762 2406 δεξάμενος,
2798 2335 3245 2406 ἀπερίτμητοςδέ
3270 2335 3298 2387 ὁ
3327 2334 3683 2404 Μελχισεδὲκ,
3705 2332 3763 2396 ὂς
3793 2334 3873 2395 είς
3921 2333 4023 2401 ἀφ-

2454 2429 2709 2500 ομοίωσιν
2736 2429 2830 2482 τοῦ
2861 2429 2991 2483 Υίοῦ
3016 2429 3109 2483 τοῦ
3133 2429 3393 2496 Θεοῦ,καὶ
3422 2428 3517 2499 τὴν
3542 2428 3713 2499 ἀρχὴν
3735 2427 3836 2497 τῆς
3867 2427 4021 2494 γενέ-

2458 2540 2615 2587 σεως,
2651 2522 2746 2575 καὶ
2783 2523 2842 2574 τὸ
2877 2522 3029 2585 τέλος
3074 2521 3230 2591 ἔσχεν
3263 2521 3559 2590 ἄγνωστον.
3600 2518 3757 2571 Ἀλλὰ
3790 2519 3892 2588 τὴν
3929 2517 4023 2570 τοῦ

2469 2614 2719 2685 Ἀϐραὰμ
2767 2614 2867 2683 τῆς
2915 2615 3218 2686 περιτομῆς
3266 2612 3514 2683 φυλακὴν
3558 2611 3958 2680 ἀποδεχόμενος
3999 2613 4026 2663 ὁ

2455 2693 2608 2770 Θεὸς,
2637 2706 2871 2776 οὐδαμοῦ
2904 2706 3152 2775 φαίνεται
3181 2705 3259 2776 τῷ
3285 2704 3625 2776 Μελχισεδὲκ
3655 2703 4027 2775 παραϐάσεως

2457 2799 2734 2869 ἐπιφέρων
2761 2799 3083 2867 ὀνειδισμὸν,
3118 2798 3253 2852 ἀλλά
3279 2799 3381 2852 κᾶν
3412 2797 3514 2851 πού
3541 2815 3626 2861 τις
3659 2797 3819 2850 αὐτὸν
3851 2815 4029 2866 παρα-

2456 2893 2648 2960 νομίας
2700 2893 2963 2963 γράψοιτο
2986 2894 3227 2961 γραφὴν,
3272 2892 3434 2944 αὑτὸν
3487 2891 3709 2959 μᾶλλον,
3755 2891 4029 2961 ῆέκεῖνον

2459 2983 2561 3053 (ὅτι
2605 2982 2760 3036 τοῦτο
2796 2983 2998 3052 τολμῶ)
3047 2982 3496 3052 ἐξελεγχθήσεται
3524 2981 3838 3053 γεγραφώς.
3886 2981 4028 3035 Καί-

2456 3092 2539 3128 τοι
2562 3091 2624 3144 γε
2654 3075 2766 3136 τοῖς
2820 3074 2878 3140 ἐξ
2920 3072 3172 3143 Ἀϐραὰμ
3221 3074 3662 3144 γεγεννημένοις,
3695 3073 3788 3126 καὶ
3811 3073 4030 3126 τουτονὶ

2456 3163 2548 3218 τὸν
2580 3163 2742 3234 νόμον
2774 3162 3303 3231 ἐγκολπωσαμένοις,
3337 3163 3562 3226 θάνατος
3589 3158 3709 3232 ἦνή
3740 3161 3915 3231 ζημία
3949 3162 4030 3231 τῷ

2458 3257 2799 3328 παραϐάντι,
2836 3258 2934 3308 οῦκ
2979 3257 3036 3322 ἐξ
3077 3255 3378 3326 ἀνθρώπων
3435 3255 3594 3324 μόνον
3658 3254 4026 3323 ἐπαγόμενος,

2457 3348 2592 3401 ἀλλὰ
2620 3348 2714 3400 καὶ
2743 3349 2871 3416 παρ’
2899 3349 3077 3400 αὐτῶν
3115 3347 3362 3414 ἀγγέλων
3408 3346 3652 3415 σφοδρῶς
3697 3346 4028 3414 ἀπειλούμε-

2456 3456 2562 3503 νος.
2610 3439 2749 3494 Ἀλλ’
2787 3439 2845 3492 ἐν
2885 3457 2947 3507 γε
2969 3439 3142 3510 τούτῳ
3179 3438 3430 3510 Ἀϐραάμ
3460 3455 3520 3490 τε
3567 3440 3661 3491 καὶ
3690 3437 4028 3508 Μελχισεδὲκ

2455 3533 2854 3602 διαφερόμενοι,
2890 3533 2988 3602 τὴν
3041 3531 3121 3593 είς
3159 3531 3247 3583 τὸν
3297 3529 3474 3583 κοινὸν
3511 3529 3789 3599 Δεσπότην
3819 3531 4028 3596 εὐγνω-

2459 3623 2694 3694 μοσύνην
2742 3640 2803 3676 τε
2849 3625 2944 3676 καὶ
3002 3622 3260 3693 λατρείαν
3321 3621 3721 3692 παραπλησίως
3775 3620 4027 3690 ἀλλήλοις

2455 3714 2800 3781 διέσωζον,ἐξ
2826 3708 2899 3768 ὧν
2925 3714 3186 3786 οὐδετέρῳ
3216 3713 3366 3784 παρά
3389 3713 3615 3782 θατέρου
3635 3711 3825 3782 μῶμος
3854 3730 4024 3781 προσ-

2456 3809 2679 3876 ήπτετο.
2732 3807 2870 3859 Ἀλλ’
2914 3807 3014 3876 ἦγε
3054 3807 3112 3860 ἐν
3147 3808 3260 3867 τοῖς
3307 3805 3690 3874 καιριωτάτοις
3729 3804 3938 3875 σφοδρά
3965 3822 4024 3856 τε

2456 3900 2550 3953 καὶ
2575 3899 3003 3968 ἀκαινοτόμητος
3038 3897 3312 3963 κοινωνία,
3341 3897 3440 3965 τὴν
3479 3899 3536 3948 ἐν
3559 3899 3670 3958 τοῖς
3695 3895 3900 3960 λοιποῖς
3922 3896 4024 3949 οὐκ

2455 3989 2543 4044 εῖα
2573 3993 2794 4043 σκοπεῖν
2830 4007 2890 4042 τε
2922 3991 3016 4042 καὶ
3042 3990 3519 4059 πολυπραγμονεῖν
3557 3986 3874 4058 ἑτερότητα.
3913 3987 4026 4041 Καὶ

2455 4077 2564 4148 γάρ
2614 4079 2764 4129 ἐστιν
2800 4076 2970 4140 ὅντως
3027 4075 3183 4131 κοινὰ
3236 4077 3424 4140 πᾶσιν,
3463 4075 3682 4130 ἅπαντα
3731 4075 4024 4144 φυλάττειν

2457 4168 2789 4234 ἐπάναγκες,
2814 4169 2911 4220 καὶ
2944 4166 3050 4236 πρό
3079 4183 3143 4234 γε
3171 4167 3281 4222 τῶν
3308 4167 3482 4223 ἄλλων
3511 4167 3579 4220 τὰ
3602 4168 3732 4239 περὶ
3757 4169 4019 4233 πίστεως,

2456 4261 2585 4314 ἔνθα
2612 4261 2707 4314 καὶ.
2764 4260 2826 4314 τὸ
2874 4261 3236 4331 παρεγκλῖναι
3288 4261 3501 4331 μικρὸν,
3540 4262 3807 4332 ἁμαρτεῖν
3869 4264 4023 4316 ἐστιν

2458 4350 2729 4421 ἁμαρτίαν
2753 4349 2852 4415 τὴν
2893 4349 3030 4418 πρὸς
3067 4349 3317 4407 θάνατον.
3355 4350 3512 4412 Ἔστι
3565 4352 3661 4403 καὶ
3707 4352 4023 4415 ίδιαζὸντως

2456 4442 2567 4492 τισὶ
2602 4440 2976 4510 παρεπόμενα,
3035 4431 3109 4493 ὧν
3161 4441 3195 4510 ὴ
3235 4439 3564 4510 παράϐασις,
3598 4434 3678 4504 οἷς
3733 4440 3834 4510 μὲν
3866 4442 4018 4512 ἐδόθη

2459 4533 2804 4602 κατέχεσθαι,
2862 4531 3150 4602 ἐπιζήμιος
3170 4547 3184 4561 ·
3208 4529 3290 4595 οἷς
3327 4533 3371 4586 δ’
3411 4534 3471 4585 οὺ
3503 4533 3896 4604 παρείληπται,
3929 4535 4024 4587 καὶ

793 4629 938 4681 runt.
964 4621 1020 4675 hi
1046 4632 1332 4692 propterea
1372 4625 1513 4692 quod
1547 4639 1653 4677 non
1675 4623 2358 4686 observaverunt,minime
2390 4606 2433 4661 Ῑ)
2461 4641 2468 4657 ε

2346 4641 2358 4680 t
2390 4606 2433 4661 D
2461 4621 2521 4676 τὸ
2561 4622 2635 4693 μὴ
2676 4625 2980 4694 συντηρεῖν,
3019 4624 3404 4694 ἀκατάκριτον.
3441 4623 3553 4677 Καὶ
3603 4622 3672 4677 τὰ
3711 4624 3810 4694 μὲν
3840 4625 4021 4678 οἰκου-

792 4717 1245 4773 condemnantur.
1279 4716 1344 4772 Et
1369 4735 1485 4787 qua:
1509 4718 1864 4774 meumenicis
1889 4728 1942 4773 et
1973 4720 2356 4775 communibus
2465 4761 2467 4777 .

2345 4736 2356 4775 ι
2465 4715 2712 4781 μενικαῖς
2741 4715 2834 4767 καὶ
2862 4717 3072 4780 κοιναῖς
3102 4715 3418 4768 τυπωθέντα
3443 4714 3664 4784 ψήφοις,
3691 4717 3824 4768 πᾶσι
3853 4733 4020 4786 προσ-

792 4815 1059 4876 praecepta
1125 4814 1251 4860 sunt
1305 4806 1596 4872 suffragiis,
1651 4807 1908 4862 convenit
1961 4805 2030 4860 ab
2099 4807 2354 4862 omnibus
2460 4823 2467 4834 ·

2344 4823 2354 4861 ι
2460 4805 2582 4874 ήκει
2647 4805 3025 4874 φυλάττεσθαι,
3084 4806 3152 4858 ’Δ
3187 4805 3245 4859 δέ
3284 4822 3368 4867 τις
3405 4805 3515 4859 τῶν
3550 4804 3812 4875 Πατέρων
3873 4806 4019 4870 ἰδίως

792 4897 1083 4951 custodiri:
1128 4913 1248 4966 qua:
1273 4913 1401 4952 vero
1427 4899 1647 4952 Patrum
1672 4897 1868 4967 aliquis
1919 4898 2187 4967 exposuit,
2257 4914 2356 4953 au-
2455 4894 2467 4945 ί

2348 4927 2356 4938 -
2455 4893 2687 4959 ἐξέθετο,
2707 4895 2739 4966 ἢ
2762 4899 2969 4964 τοπικὴ
2995 4896 3286 4967 διωρίσατο
3309 4895 3548 4960 σύνοδος,
3570 4896 3678 4948 τῶν
3702 4897 3798 4965 μὲν
3819 4897 4023 4965 φυλατ-

791 4989 1011 5043 ctoralis
1043 4989 1290 5043 deﬁnivit
1318 4990 1576 5060 synodus,
1605 5005 1792 5044 eorum
1843 4989 1935 5059 qui
1966 4998 2204 5054 servant,
2248 5005 2358 5045 non
2455 5004 2466 5021 ⁸

2341 5005 2358 5043 ι
2455 4986 2657 5039 τόντων
2690 4986 2787 5057 τὴν
2827 4987 3054 5058 γνώμην
3103 4989 3164 5040 οὐ
3212 4987 3508 5058 παρίστησι
3535 4987 3925 5057 δεισιδαίμονα,
3959 4990 4016 5041 οὐ

791 5078 956 5133 ellicit
985 5080 1418 5149 superstitiosam
1441 5091 1678 5135 mentem
1702 5097 1714 5132 :
1743 5080 1832 5149 qui
1864 5091 2048 5135 autem
2070 5097 2178 5134 non
2201 5096 2360 5136 aece-
2463 5097 2466 5145 |

2343 5112 2360 5124 .
2463 5077 2567 5147 μὴν
2603 5080 2714 5141 τοῖς
2740 5095 2803 5146 γε
2831 5079 2905 5149 μὴ
2939 5079 3404 5150 παραδεξαμένοις
3432 5080 3492 5132 τὸ
3531 5081 3778 5150 παρορᾷν
3809 5079 4018 5132 ἐπικίν-

792 5181 1009 5240 perunt,
1058 5187 1122 5226 ea
1186 5173 1464 5241 praeterire
1511 5174 1630 5227 sine
1671 5173 1917 5242 periculo
1966 5183 2216 5242 possunt.
2267 5172 2360 5227 Sic
2457 5169 2467 5220 ἐ

2345 5187 2360 5227 :
2457 5169 2632 5224 δυνον.
2691 5169 2847 5224 υῦτω
2880 5169 3143 5240 ξυρᾶσθαι
3183 5171 3280 5242 μὶν
3322 5171 3502 5235 ἄλλοις
3533 5172 3783 5243 πάτριον,
3813 5173 4020 5243 ἐτέροις

794 5261 1005 5315 tonderi
1067 5263 1186 5318 aliis
1235 5263 1469 5334 patrium
1535 5273 1641 5330 est,
1695 5264 1816 5319 aliis
1875 5263 2130 5336 synodica
2188 5263 2354 5318 etiam
2460 5262 2469 5313 ὲ

1875 5263 2130 5336 synodica
2188 5263 2354 5318 etiam
2460 5261 2518 5315 δέ
2547 5264 2640 5316 καὶ
2669 5264 2964 5328 συνοδικοῖς
2987 5265 3136 5336 ὅροις
3171 5264 3496 5335 ἀπόὅλητον.

792 5354 1111 5409 deﬁnitione
1140 5355 1524 5425 abjiciendum.

863 5445 1025 5500 Bonis
1053 5447 1195 5502 enim
1227 5448 1406 5503 verbis
1436 5447 1552 5503 haec
1582 5446 1686 5502 diei
1721 5447 2022 5516 Oportebat,
2073 5455 2134 5500 ut
2181 5456 2236 5500 et
2261 5460 2359 5500 nos

2343 5460 2359 5500 ς
2539 5442 2810 5513 Εὑφήμως
2837 5443 2893 5496 δέ
2927 5444 3016 5496 τὸν
3044 5443 3199 5511 λόγον
3238 5445 3410 5496 εἰπεῖν
3440 5442 3566 5507 ἔδει,
3602 5442 3696 5495 καὶ⁵
3743 5444 3973 5512 εἴπομεν
4003 5455 4018 5471 ·

793 5536 1048 5593 diximus.
1104 5537 1258 5603 Quod
1295 5538 1338 5593 si
1366 5553 1492 5594 eum
1533 5554 1817 5604 canonem,
1866 5539 1955 5608 qui
2018 5537 2070 5592 in
2117 5537 2192 5607 (3)
2233 5535 2359 5591 Sida
2465 5556 2468 5580 λ

2346 5554 2359 5591 ι
2465 5533 2514 5585 εί
2542 5531 2598 5586 δὲ
2624 5533 2717 5586 καὶ
2742 5533 2832 5586 τὸν
2876 5534 2933 5587 ἐν
2961 5534 3086 5604 Σίδῃ
3120 5533 3316 5587 κανόνα
3341 5532 3697 5605 προσέθεμεν,
3726 5531 3916 5602 βαρεῖς
3961 5533 4021 5586 ἂν

2297 5665 2524 5724 NOTAE.

2465 5795 2588 5833 men
2609 5780 2849 5833 obtineat
2877 5788 2931 5833 et
2957 5780 3291 5848 dignitatem.
3322 5795 3442 5832 cum
3475 5779 3838 5849 suspicaretur
3872 5780 4024 5849 lgna-

2465 5850 2594 5904 tium
2639 5849 2947 5905 restitutum
2985 5847 3070 5904 an.
3119 5849 3204 5903 Sic
3241 5849 3527 5905 concilium
3580 5847 3918 5918 Ephesinum
3958 5852 4020 5907 de

863 5786 938 5846 (ὅ)
978 5786 1200 5839 Videtur
1237 5787 1467 5840 obscure
1493 5799 1669 5845 orare,
1720 5793 1776 5836 ut
1806 5781 2138 5836 misericordi
2182 5780 2359 5834 indul-

793 5857 967 5928 gentia
997 5866 1045 5912 et
1071 5856 1470 5926 dispensatione
1498 5856 1640 5911 sedis
1664 5853 1969 5924 apostolica)
1988 5850 2223 5920 episcopi
2257 5866 2351 5905 no-
