4242 6438
284 437 395 497 605

1424 448 1952 508 EPISTOLARUM
1996 448 2221 509 LIBER
2260 450 2312 511 Ι.

3396 448 3498 510 606

288 553 383 602 καὶ
434 550 549 601 λίαν
594 551 837 621 φορτικοὶ
890 552 1289 621 κατεφάνημεν.
1351 555 1506 608 Οὕτω
1557 556 1692 625 πλὴν
1748 557 1838 609 τοῦ
1868 560 1908 615 Λ
1946 576 1963 627 ι

1822 557 1908 615 ΞΛ
1946 559 2668 627 proposuissemus;graves
2707 556 3175 627 atqueimportuni
3196 556 3497 611 fuissemus.

285 640 405 701 ἑνὸς
432 638 499 690 τὰ
549 640 682 693 ἀλλα
712 642 959 693 Σάϐϐατα
998 645 1283 711 συντηρεῖν
1317 646 1448 713 ἡμῖν
1491 646 1839 714 ἐπιλήψιμον,

284 730 492 797 ἑτέροις
524 730 580 780 δὲ
614 731 818 783 καὶτοῦ
845 733 960 794 ἐνὸς
990 734 1158 785 πλείω
1190 736 1526 803 νηστεύεται.
1568 738 1675 789 Καὶ
1715 740 1842 804 φεύ-

283 834 406 887 γειν
444 820 538 888 τὴν
570 821 778 889 μέμψιν
823 825 854 890 ἡ
889 824 1183 891 παράδοσις
1228 826 1394 877 οῖεται
1436 828 1515 896 τῷ
1543 827 1651 878 ἔθει
1682 845 1846 879 κατα-

283 915 511 979 κρατεῖν
539 912 633 963 τοῦ
678 914 899 976 κανόνος
922 917 1275 985 ὲκνικήσασα.
1312 919 1419 970 Καὶ
1442 920 1654 989 νομίμῳ
1684 920 1843 989 γάμῳ

284 1001 512 1067 γυναικὶ
542 1003 876 1070 συναφθέντα
899 1006 997 1057 οὐκ
1026 1006 1169 1059 ἐστιν
1190 1010 1367 1075 εὑρεῖν
1388 1010 1444 1060 ὲν
1483 1008 1667 1079 Ῥώμῃ
1710 1027 1841 1080 πρε-

286 1093 569 1164 σϐύτερον,
593 1097 755 1166 ἡμεῖς
784 1097 840 1149 δὲ
870 1100 1109 1161 καὶτοὺς
1140 1102 1442 1172 μονογαμίᾳ
1495 1102 1585 1155 τδν
1612 1103 1723 1172 βίον
1753 1106 1843 1172 ῥυ-

286 1183 577 1250 θμίζοντας
632 1186 713 1248 είς
780 1189 1151 1260 πρεσϐυτέρου
1194 1192 1378 1263 φέρειν
1422 1193 1627 1263 βαθμὸν
1676 1194 1846 1246 ἐδιδά-

290 1273 527 1342 χθημεν,
562 1276 656 1327 καὶ
681 1280 807 1339 τούς
826 1295 886 1345 γε
915 1279 1355 1349 διακρινομένους
1377 1284 1436 1348 ὲξ
1461 1285 1637 1338 αὐτῶν
1657 1285 1840 1337 λαϐεῖν

287 1365 386 1417 τοῦ
435 1367 714 1435 Κυριακοῦ
750 1370 999 1437 σώματος
1040 1372 1141 1442 τὴν
1187 1374 1487 1443 μετάληψιν
1515 1375 1845 1443 πανταχόθεν

286 1457 652 1527 ἀποκλείομεν
697 1460 756 1523 εξ
800 1461 938 1525 ῐσου,
966 1463 1093 1522 τούς
1130 1482 1189 1517 τε
1221 1466 1473 1534 πορνείαν
1501 1466 1847 1536 νομοθετοῦν-

288 1565 413 1611 τας,
448 1549 541 1601 καὶ
570 1550 693 1612 τοὺς
726 1550 903 1619 γάμου
924 1553 1087 1621 νόμον
1115 1556 1469 1626 ἀναιροῦντας
1490 1556 1842 1625 λογιζόμενοι.

291 1638 467 1692 Πάλιν
499 1638 563 1691 ἀν
589 1656 672 1697 τις
691 1640 820 1705 παρ’
850 1642 980 1711 ἡμῖν
1008 1643 1104 1713 τὴν
1123 1645 1217 1697 τοῦ
1248 1646 1618 1716 πρεσϐυτέρου
1649 1647 1845 1712 παρελ-

290 1728 405 1782 θὼν
440 1730 767 1799 χειροτονίαν
824 1732 920 1802 τὴν
984 1733 1076 1785 τοῦ
1133 1737 1425 1789 ἐπισκόπου
1476 1738 1552 1805 τῷ
1605 1739 1838 1806 διακόνῳ

290 1818 568 1888 περιθείη,
598 1821 671 1883 ὡς
702 1822 779 1883 είς
809 1822 875 1874 τά
894 1824 1080 1891 καίρια
1102 1824 1495 1895 ἐξημαρτηκὼς
1527 1830 1845 1898 κατακρίνε-

1946 646 2020 698 lta
2068 656 2261 714 prater
2315 663 2514 710 unum,
2572 647 2674 700 alia
2709 646 2936 700 Sabbata
2970 648 3287 709 observare,
3347 648 3501 699 nobis

1944 737 2360 804 reprehensione
2392 753 2501 790 non
2531 747 2696 801 caret,
2725 736 2842 789 aliis
2872 752 3001 790 vero
3035 736 3187 805 plura
3229 752 3334 789 uno
3354 737 3500 804 jeju-

1944 838 2163 890 nantur,
2210 839 2273 879 ac
2320 826 2532 879 traditio
2588 834 2739 893 putat
2778 842 2834 879 se
2874 826 3108 894 effugere
3147 826 3502 895 vituperatio~

1944 931 2088 977 nem,
2133 932 2251 985 quae
2298 916 2689 970 consuetudine
2733 932 2995 969 canonem
3030 916 3274 985 pervicit.
3329 934 3502 987 eoque

1943 1006 2120 1073 potior
2146 1006 2265 1058 fuit.
2300 1004 2571 1073 Legitimis
2594 1006 2795 1073 nuptiis
2823 1006 3100 1075 presbyter
3133 1004 3316 1060 Romae
3344 1008 3502 1060 uxori

1944 1095 2263 1161 conjunctus
2304 1109 2409 1146 non
2439 1093 2747 1146 invenitur:
2781 1109 2881 1147 nos
2906 1111 3037 1148 vero
3082 1110 3175 1149 eos
3204 1095 3294 1163 qui
3344 1097 3502 1151 unico

1944 1184 2197 1254 conjugio
2245 1184 2365 1237 vitae
2396 1200 2507 1238 suae
2540 1184 2803 1238 moderati
2836 1196 2981 1247 sunt,
3011 1187 3185 1239 edocti
3215 1202 3400 1239 sumus
3447 1187 3504 1240 in

1944 1273 2240 1343 presbyteri
2283 1273 2505 1343 gradum
2566 1274 2786 1339 efferre,
2825 1290 3025 1343 eosque
3056 1276 3147 1344 qui
3188 1276 3290 1329 hoc
3320 1275 3375 1328 in
3423 1276 3503 1329 di—

1946 1366 2198 1420 scrimine
2220 1374 2447 1435 ponunt,
2476 1382 2538 1419 ac
2568 1381 2626 1421 se
2653 1375 2965 1430 secernunt,
2992 1382 3061 1420 ne
3090 1367 3157 1419 ab
3181 1367 3262 1420 his
3295 1366 3505 1420 Domini

1944 1459 2187 1528 corporis
2242 1457 2704 1526 participationem
2751 1458 2986 1526 capiant,
3034 1457 3276 1525 undique
3318 1458 3505 1511 exclu-

1944 1551 2142 1611 dimus,
2199 1550 2387 1601 eodem
2439 1548 2557 1601 loco
2605 1548 2862 1601 ducentes
2906 1562 2999 1601 eos
3048 1548 3141 1616 qui
3194 1548 3363 1617 legem
3412 1556 3507 1600 aut

1946 1640 2316 1696 fornicationis
2349 1641 2617 1703 sanciunt,
2646 1649 2738 1693 aut
2775 1641 3079 1708 nuptiarum
3125 1639 3337 1692 tollunt.
3374 1636 3505 1692 Item

1946 1737 1989 1788 si
2032 1735 2152 1804 quis
2192 1732 2330 1802 apud
2360 1746 2460 1784 nos
2510 1729 2827 1798 presbyterii
2879 1726 3338 1781 consecrationem
3367 1741 3505 1794 prae-

1954 1826 2156 1878 teriens
2175 1864 2189 1887 ,
2220 1822 2455 1892 episcopi
2489 1821 2696 1874 honore
2716 1819 2999 1873 diaconum
3028 1817 3284 1881 effecerit,
3318 1824 3506 1886 utpote

291 1884 408 1963 ται.
454 1884 577 1962 Τισὶ
607 1911 664 1963 δὲ
694 1884 1068 1983 παραπλήσίον
1275 1884 1646 1988 ’πρέσϐύτέρου
1709 1884 1845 1989 lupo—
1880 1884 1966 1971 Bt

1830 1949 1845 1959 -
1880 1884 1927 1943 Β
1956 1917 2042 1987 qui
2093 1884 2321 1970 maxime
2350 1884 2652 1983 deliquerit,
2702 1912 3089 1965 condemnatur
3118 1928 3131 1962 :
3184 1884 3505 1979 quibusdam

292 2002 451 2064 ἁγειν
477 2001 793 2066 ἐπίσκοπον,
830 2004 923 2057 καὶ
964 2005 1073 2058 ἀπὸ
1099 2007 1347 2059 διακόνου
1376 2009 1472 2080 τὴν
1505 2009 1674 2079 μέσην
1698 2012 1849 2075 τάξιν

297 2091 736 2162 ὑπεραλλόμενον
770 2094 848 2156 τίς
901 2095 960 2147 τὸ
1005 2098 1104 2166 τῆς
1158 2100 1465 2170 ἐπισκοπῆς
1518 2102 1849 2171 ἀναρπάζειν

294 2182 533 2247 ἀξίωμα,
566 2183 744 2235 καίτοι
794 2202 856 2252 γε
909 2186 1092 2256 ἡλίκον
1151 2189 1248 2241 καὶ
1318 2192 1442 2243 ὅσον
1481 2191 1541 2243 τὸ
1584 2193 1747 2259 μέσον
1791 2196 1848 2246 ὲν

294 2270 536 2339 τούτοις;
582 2273 770 2326 Ἀλλαι
816 2275 915 2343 μὲν
948 2276 1054 2346 γὰρ
1095 2278 1217 2330 καθ’
1268 2279 1503 2350 ἑκάστην
1547 2280 1696 2345 τάξιν
1756 2283 1850 2335 καὶ

299 2366 509 2435 βαθμὸν
556 2367 743 2439 εὐχαὶ,
800 2369 954 2422 ἄλλαι
1006 2372 1062 2424 δὲ
1122 2372 1378 2437 τελεταὶ,
1434 2376 1528 2427 καὶ
1563 2375 1849 2447 ὑπουργίαι

298 2455 463 2508 πάλιν
502 2455 707 2526 ἕτεραι,
742 2457 894 2511 ἄλλαι
948 2460 1005 2512 δὲ
1049 2462 1255 2530 καιρῶν
1297 2465 1711 2532 παραφυλακαὶ,
1756 2470 1851 2519 καὶ

296 2547 613 2616 δοκιμασίαι
647 2550 864 2617 τρόπων
909 2551 1112 2621 ἕτεραι.
1161 2552 1296 2604 Ἀλλ’
1325 2555 1460 2625 ὅπερ
1501 2573 1585 2619 τις
1632 2556 1853 2625 νομοθε-

300 2638 425 2691 σίαν
457 2639 517 2691 οὐ
558 2639 888 2708 παρεδέξατο
912 2641 1006 2694 τοῦ
1036 2643 1107 2712 μὴ
1142 2647 1425 2713 συντηρεῖν
1473 2645 1769 2713 ἀπολογίαν
1794 2645 1853 2698 τὸ

306 2728 442 2797 μηδὲ
472 2729 865 2798 παρειληφέναι
898 2730 1353 2800 προϐαλλόμενος,
1384 2734 1483 2785 οὐκ
1529 2734 1594 2786 ἂν
1627 2734 1853 2797 εὐθύνας

306 2817 743 2885 ἀπαιτηθήσεται
774 2834 788 2848 ’
820 2821 868 2871 εί
896 2819 950 2871 δέ
985 2837 1067 2880 τις
1096 2822 1221 2889 παρ’
1252 2824 1382 2890 ἡμῖν
1411 2822 1565 2875 τοῦτο
1583 2824 1855 2893 δεδρακὼς

306 2907 677 2976 ἐξελήλεγκτο,
705 2909 877 2971 οὐδεὶς
906 2910 971 2963 ἂν
993 2912 1141 2980 αύτῷ
1170 2912 1495 2985 συγγνώμης
1525 2915 1642 2968 οὐδὲ
1666 2917 1855 2983 ρανίδα

306 2999 590 3064 επέσταξε.
625 3000 746 3053 Τῶν
784 3004 889 3071 γὰρ
917 3003 1211 3056 ἐλαττόνων
1244 3004 1421 3075 νόμων
1455 3007 1489 3076 ἡ
1522 3007 1853 3077 παράϐασις,

305 3090 650 3160 ἀτιμώρητος
677 3092 810 3161 πρὸς
843 3092 937 3162 τὴν
966 3093 1073 3144 τῶν
1106 3094 1362 3161 μειζόνων
1393 3096 1659 3165 ἐπιτρίϐει
1683 3115 1856 3151 κατα-·

1948 2024 2074 2064 vero
2104 2007 2217 2077 pari
2248 2007 2463 2060 ducitur
2496 2006 2635 2070 loco,
2667 2020 2697 2059 e
2727 2004 3036 2073 presbytero
3066 2002 3363 2071 provehere
3393 2001 3506 2070 cpio

1950 2115 2189 2168 scopum,
2217 2108 2271 2152 et
2301 2099 2591 2160 ediacono,
2635 2095 2869 2149 medium
2906 2094 3329 2147 transilientibus
3363 2093 3507 2146 ordi-

1948 2206 2093 2252 nem,
2144 2190 2210 2243 ad
2246 2189 2479 2259 cpiscOpi
2510 2186 2757 2255 abripere
2808 2185 3137 2254 dignitatem.
3173 2184 3239 2237 Et
3284 2184 3501 2253 quidem

1950 2282 2090 2334 inter
2115 2281 2229 2333 haec
2252 2290 2512 2349 quantum
2546 2277 2813 2331 interest?
2838 2276 2970 2329 Alia:
2994 2276 3137 2329 enim
3160 2276 3214 2330 in
3255 2289 3508 2343 unoquo-

1951 2393 2053 2449 que
2080 2374 2267 2431 ordine
2292 2382 2344 2426 et
2371 2370 2537 2441 gradu
2559 2367 2849 2430 orationes,
2875 2367 2990 2420 aliae
3020 2366 3375 2429 caeremonias,
3404 2364 3507 2418 alia

1953 2470 2081 2523 item
2111 2463 2429 2527 ministeria,
2461 2461 2578 2516 alia:
2610 2468 2665 2513 et
2690 2458 3097 2512 observationes
3126 2466 3426 2525 temporum
3452 2465 3509 2510 et

1952 2573 2162 2613 morum
2191 2553 2557 2625 probationes.
2584 2551 2782 2604 Verum
2824 2548 2966 2618 quod
2996 2548 3116 2617 quis
3143 2548 3197 2601 in
3228 2547 3358 2617 legis
3389 2548 3507 2602 loco

1954 2665 2060 2704 non
2107 2645 2331 2715 accepit,
2362 2643 2481 2713 ejus
2508 2658 2617 2696 non
2653 2641 2926 2696 observati
2958 2639 3327 2695 defensionem
3367 2640 3510 2693 hanc

1954 2740 2231 2810 objiciens,
2277 2737 2420 2806 quod
2450 2751 2559 2789 non
2614 2733 2923 2804 receperit:
2975 2733 3041 2786 ab
3086 2746 3152 2784 eo
3178 2730 3314 2783 ratio
3362 2729 3511 2782 nulla

1954 2838 2226 2900 poscetur.
2276 2826 2372 2881 Sin
2419 2828 2542 2895 quis
2591 2825 2733 2894 apud
2787 2838 2887 2877 nos
2948 2822 3363 2877 convinceretur
3406 2820 3513 2874 hoc

1957 2922 2166 2985 fecisse,
2216 2932 2376 2972 nemo
2402 2916 2451 2971 ei
2480 2915 2640 2969 ullam
2672 2914 2843 2969 veniae
2865 2922 3067 2984 guttam
3119 2909 3461 2965 instillaverit
3491 2927 3509 2963 :

1954 3012 2224 3065 minorum
2254 3008 2397 3062 enim
2428 3007 2603 3076 legum
2652 3004 2819 3058 inulta
2868 3002 3106 3063 violatio,
3136 3001 3372 3057 tritiores
3409 3000 3513 3054 bo-

1956 3102 2130 3156 mines
2168 3100 2232 3153 ad
2263 3099 2524 3167 majorum
2557 3103 2925 3164 contemptum
2954 3092 3100 3148 facit.
3148 3092 3285 3145 Aliis
3342 3089 3513 3145 semel

306 3182 587 3251 φρόνησιν.
622 3184 833 3245 ’Δλλοις
858 3185 1003 3248 ἆπαξ
1042 3186 1338 3253 μονάσασιν
1454 3190 1757 3258 κρεοφαγία
1795 3189 1854 3243 οὗ
1884 3216 1923 3272 C
1959 3193 1981 3246 f

1835 3189 1854 3242 5
1884 3216 1923 3272 ρ
1959 3192 2114 3246 factis
2153 3187 2433 3245 monachis
2469 3202 2594 3241 esus
2643 3186 2886 3240 carnium
2920 3199 3029 3238 non
3082 3181 3510 3245 exsecrantibus,

306 3272 362 3325 τί
405 3290 468 3339 γε
518 3273 975 3342 βδελυσσομένοις,
1001 3274 1115 3327 ἀλλ’
1152 3266 1506 3345 ἀσκουμένοις
1558 3278 1716 3349 μέχρι
1762 3280 1855 3332 τέ-

308 3365 434 3427 λους
461 3366 767 3434 ἀπρόσιτος,
796 3366 999 3437 ἑτέροις
1024 3367 1079 3419 δὲ
1105 3368 1197 3419 ἐπὶ
1232 3368 1363 3420 πολὺ
1385 3371 1853 3441 παρατηρήσιμος.

324 3455 465 3524 Ἐγὼ
488 3456 540 3508 δὲ
561 3457 652 3508 καὶ
685 3456 839 3523 λόγον
873 3457 1022 3527 παρὰ
1052 3458 1258 3528 ἀνδρῶν
1284 3460 1387 3528 πρὸ
1413 3460 1606 3512 πολλοῦ
1656 3460 1857 3529 τιμών-

310 3563 420 3599 των
458 3545 663 3613 ἥκουσα
685 3547 782 3615 τὴν
808 3544 1082 3614 ἀλήθειαν,
1111 3544 1184 3607 ὡς
1213 3544 1304 3597 τὸν
1330 3546 1428 3616 τὴν
1468 3545 1859 3617 Ἀλεξανδρέων

325 3634 646 3703 Ἐκκλησίαν
706 3636 903 3704 ὲφορᾷν
934 3634 1212 3703 μέλλοντα,
1264 3636 1357 3688 καὶ
1400 3636 1553 3701 λόγον
1608 3637 1860 3705 ὑποσχεῖν

313 3725 675 3788 ἐκϐιάζονται,
708 3724 815 3778 ἀπό
844 3742 987 3787 τινος
1018 3726 1305 3795 ἐπιχωρίου
1350 3726 1694 3796 περιπετείας
1736 3726 1859 3779 τού-

313 3833 409 3869 του
464 3818 829 3884 κρατήσαντος
856 3855 871 3880 ,
924 3816 999 3884 μὴ
1051 3817 1115 3869 ἀν
1183 3833 1311 3869 ποτε
1372 3817 1471 3883 τῆς
1523 3819 1858 3886 κρεοφαγίας

312 3906 637 3973 ἀφίστασθαι
661 3921 674 3935 ·
701 3906 792 3957 καὶ
849 3905 1031 3973 σχῆμα
1085 3904 1182 3973 μὲν
1234 3904 1326 3957 τοῦ
1386 3905 1712 3974 μονάσαντος
1762 3906 1862 3957 οὐκ

315 3998 382 4051 ἄν
435 4015 518 4059 τις
552 3996 678 4065 παρ’
712 3998 841 4065 ἡμῖν
875 3998 953 4057 είς
1008 3994 1267 4066 κληρικοῦ
1314 3997 1857 4065 μετασχηματίσειεν,

317 4090 449 4141 ἔνιοι
487 4089 544 4141 δὲ
589 4088 806 4140 ἐπειδὰν
848 4087 981 4156 πρὸς
1032 4087 1334 4155 ἐπισκοπῆς
1395 4086 1526 4155 ὕψος
1566 4088 1655 4139 τὸν
1703 4104 1863 4157 μονα-

318 4184 449 4251 πὴν
472 4181 637 4250 ὑψοῦν
660 4180 971 4248 ἐθελήσωσι,
1014 4178 1196 4231 τοῦτον
1241 4178 1533 4250 περίτροχα
1574 4179 1861 4248 κείροντες,

316 4272 379 4324 τὸ
405 4269 664 4339 πρότερον
703 4267 1081 4337 μεταμείϐουσι
1108 4268 1308 4337 σχῆμα.
1346 4267 1527 4329 Οὕτως
1558 4269 1613 4319 ὲν
1650 4263 1729 4331 οἷς
1767 4268 1865 4320 οὐκ

317 4359 433 4411 ἐστι
490 4357 667 4418 πίστις
723 4357 783 4407 τὸ
828 4354 1223 4424 ἀθετούμενον,
1275 4354 1393 4408 οὐδὲ
1440 4355 1614 4408 κοινοῦ
1666 4373 1723 4407 τε
1774 4356 1867 4409 καὶ

319 4448 609 4504 καθολικοῦ
696 4447 1041 4516 ψηφίσματος
1097 4447 1386 4509 ἔκπτωσις.
1448 4448 1653 4500 Ι’Δλλων
1732 4448 1860 4516 παρ’

1959 3284 2049 3339 sed
2074 3298 2131 3337 se
2158 3281 2531 3336 exercentibus
2550 3293 2718 3347 usque
2746 3276 3088 3330 interdicitur
3112 3292 3123 3327 :
3156 3274 3223 3327 ab
3244 3272 3361 3326 aliis
3385 3287 3515 3326 vero

1958 3390 2064 3429 non
2108 3373 2200 3428 diu
2244 3372 2347 3426 hoc
2380 3372 2714 3424 observatur.
2755 3366 2863 3437 Ego
2894 3376 2947 3421 et
2999 3366 3277 3419 hominum
3331 3364 3512 3417 audivi

1960 3480 2264 3520 sermonem
2296 3462 2577 3517 veritatem
2619 3476 2811 3530 magno
2844 3460 2896 3512 in
2935 3458 3140 3512 honore
3173 3455 3511 3515 habentium,

1960 3572 2080 3612 cum
2136 3570 2330 3623 nempe
2377 3552 2660 3607 occasione
2721 3551 2838 3619 ejus
2884 3549 2974 3618 qui
3030 3546 3514 3601 Alexandrinorum

1961 3646 2215 3701 Ecclesia:
2243 3644 2438 3715 praesul
2469 3643 2681 3697 futurus
2705 3648 2840 3705 erat,
2868 3640 3007 3693 hanc
3041 3639 3301 3692 rationem
3330 3636 3514 3689 subire

1961 3738 2117 3809 cogi;
2162 3736 2305 3805 quod
2352 3750 2416 3788 ex
2467 3733 2646 3801 aliquo
2682 3732 2749 3785 iis
2800 3731 2852 3784 in
2885 3729 3014 3783 locis
3068 3744 3193 3782 casu
3248 3726 3516 3780 constitu-

1964 3840 2074 3885 tmn
2093 3840 2175 3882 est
2205 3845 2218 3880 :
2248 3842 2306 3880 se
2332 3839 2606 3892 nunquam
2638 3823 2705 3876 ab
2735 3836 2832 3874 esu
2863 3820 3103 3875 carnium
3135 3818 3425 3872 abstinere.
3447 3813 3517 3869 At

1962 3920 2101 3989 apud
2131 3934 2228 3972 nos
2246 3916 2495 3970 monachi
2523 3914 2766 3967 habitum
2800 3927 2958 3967 nemo
2990 3926 3225 3978 unquam
3253 3910 3308 3961 in
3334 3905 3514 3961 clerici

1973 4009 2358 4067 commutarit:
2418 4007 2661 4060 nonnulli
2692 4014 2890 4065 autem,
2935 4019 3055 4056 cum
3090 4000 3353 4054 voluerint
3397 4013 3515 4051 mo-

1963 4103 2194 4157 nachum
2238 4100 2303 4153 ad
2339 4097 2576 4166 episcopi
2615 4096 2886 4166 fastigium
2918 4092 3181 4156 attollere,
3210 4106 3331 4144 eum
3366 4089 3514 4142 orbi-

1962 4189 2210 4245 culariter
2262 4186 2565 4246 tondentes,
2616 4185 2852 4253 priorem
2906 4181 3148 4233 habitum
3206 4178 3513 4231 immutant.

1964 4282 2062 4344 Ita,
2099 4279 2185 4333 ubi
2218 4277 2363 4330 nulla
2391 4284 2473 4329 est
2500 4274 2870 4345 przevaricatio
2902 4272 3044 4330 fidei.
3079 4286 3181 4324 nec
3208 4267 3512 4324 communis

1965 4378 2018 4423 et
2081 4366 2328 4423 catholici
2375 4364 2576 4419 decreti
2605 4364 2813 4417 eversio
2848 4380 2862 4427 ;
2898 4378 3017 4416 cum
3050 4362 3165 4415 aliis
3194 4361 3334 4430 apud
3382 4360 3515 4413 alios

1967 4475 2145 4514 mores
2177 4467 2229 4512 et
2264 4458 2406 4526 leges
2449 4456 2855 4518 custodiantur;
2888 4468 2990 4506 nec
3019 4453 3268 4506 custodes
3318 4451 3517 4519 injuste

318 4542 499 4603 ἄλλοις
526 4540 661 4593 ἐθῶν
681 4557 739 4591 τε
762 4539 854 4591 καὶ
874 4539 1117 4606 νομίμων
1143 4538 1573 4608 φυλαττομένων,
1595 4538 1717 4591 οὔτε
1746 4540 1870 4602 τοὺς
1894 4537 1946 4596 D
1974 4566 1993 4603 ς]

1845 4558 1870 4602 ς
1894 4537 1946 4596 Ῑ)
1974 4565 2147 4619 agere,
2179 4562 2278 4600 nec
2307 4560 2399 4599 cos
2425 4545 2517 4613 qui
2536 4560 2643 4596 non
2672 4550 3015 4611 acceperunt,
3045 4550 3227 4594 contra
3260 4540 3428 4611 legem
3448 4539 3518 4592 fa-

320 4634 568 4701 φύλακας
616 4631 819 4685 ἀδικεῖν
848 4669 864 4693 ,
919 4629 1041 4681 οὔτε
1088 4631 1213 4692 τοὺς
1276 4629 1351 4699 μὴ
1399 4629 1870 4699 παραδεξαμένους

318 4727 678 4793 παρανομεῖν,
711 4722 885 4791 ὀρθῶς
912 4723 977 4776 ἀν
1006 4737 1088 4783 τις
1130 4721 1334 4789 κρίνειν
1377 4720 1531 4780 εἰδὼς
1556 4721 1867 4793 διορίσαιτο.

392 4817 581 4869 Καίτοι
632 4830 697 4880 γε
737 4814 797 4866 τὺ
843 4812 1093 4883 νομισθὲν
1146 4814 1277 4882 ἡμῖν
1318 4814 1396 4876 είς
1430 4813 1705 4882 ἐπίκλημα
1736 4814 1873 4883 πρὸς

320 4906 437 4957 ἔνια
483 4904 588 4957 τῶν
640 4903 1134 4973 κατηριθμημένων
1178 4903 1287 4956 οὐδ’
1344 4906 1403 4957 ἑν
1458 4905 1737 4972 συγκρίσει
1804 4904 1867 4956 τὸ

320 4995 610 5049 ἀνεύθυνον
664 4994 1018 5063 ἀποφέρεται,
1047 4993 1180 5045 ἀλλά
1227 4992 1295 5045 τὰ
1352 4994 1449 5062 μὲν
1504 4995 1583 5056 είς
1625 4992 1721 5063 τὴν
1763 4993 1872 5046 τῶν

322 5088 610 5155 ὲκθὲσμων
662 5088 757 5138 καὶ
797 5084 1096 5153 βδελυκτῶν
1133 5085 1454 5138 ἀπελαύνειν
1504 5086 1707 5155 χώραν,
1742 5085 1873 5138 αὐτὸ

320 5178 380 5231 δὲ
404 5181 501 5247 τῆς
526 5178 632 5228 τῶν
661 5176 955 5229 ἐπαινετῶν
980 5176 1074 5227 καὶ
1091 5176 1386 5228 καλλίστων
1416 5176 1625 5245 μερίδος
1654 5176 1873 5246 ὲξήρτη·

322 5285 432 5320 ται.
458 5267 631 5318 Καὶτδ
651 5266 746 5333 μὲν
760 5266 853 5318 καὶ⁵
868 5265 1195 5335 πεπρᾶχθαι,
1219 5266 1311 5317 καὶ
1329 5265 1765 5334 διαπράττεσθαι,
1786 5266 1874 5333 μέ-

324 5376 415 5428 χρι
446 5357 537 5410 νύν
572 5358 1091 5428 πεπαρρησιασμένῃ
1126 5358 1217 5410 καὶ
1247 5360 1416 5425 φωνῇ,
1436 5359 1526 5408 καὶ
1542 5358 1753 5428 γνώμῃ,
1779 5357 1873 5408 καὶ

325 5454 598 5520 προσώπῳ
614 5450 959 5520 κηρύσσεται.
983 5450 1102 5512 Πῶς
1116 5450 1220 5518 γάρ
1237 5450 1335 5501 οὐκ
1357 5449 1423 5501 ἂν
1451 5447 1868 5518 σεμνολογηθείη

328 5604 618 5657 Eustacbio
639 5602 702 5655 ad
726 5618 931 5674 sacram
955 5619 1073 5671 qu:e
1097 5614 1179 5656 est
1199 5605 1252 5655 in
1284 5603 1587 5673 Pamphylia
1609 5604 1868 5674 synodum

328 5676 469 5727 Sida:
499 5674 770 5726 collectam
810 5671 949 5726 Sida:
978 5674 1192 5741 quidem
1213 5671 1537 5742 Pamphylia:
1568 5671 1650 5726 est
1678 5675 1869 5727 Metro-

330 5744 488 5811 polis,
532 5744 611 5795 vel
651 5742 813 5810 (quod
848 5757 954 5793 non
1000 5742 1178 5795 minus
1222 5742 1508 5796 verisimile
1548 5744 1649 5812 est)
1699 5759 1762 5796 ex
1808 5759 1871 5797 eo

330 5824 469 5880 Orat,
493 5829 560 5869 ne
602 5816 974 5869 restitueretur
1000 5812 1255 5884 lgnatius,
1287 5813 1379 5869 sed
1413 5821 1615 5868 tantum
1644 5815 1712 5869 sit
1738 5829 1866 5869 con-

1970 4654 2112 4704 cere,
2141 4638 2184 4691 is
2214 4636 2304 4706 qui
2329 4644 2471 4689 recte
2497 4633 2737 4704 judicare
2761 4632 2925 4694 norit,
2945 4630 3185 4685 definiat.

2039 4812 2107 4866 Et
2134 4824 2261 4864 vero
2296 4809 2439 4878 quod
2472 4824 2501 4861 a
2526 4806 2680 4862 nobis
2709 4806 2761 4858 in
2789 4806 3012 4859 crimine
3042 4803 3283 4873 ponitur,
3319 4803 3362 4856 si
3393 4818 3517 4857 cum

1970 4900 2241 4957 nonnullis
2268 4916 2387 4969 qua:
2431 4900 2792 4953 admemorata
2826 4906 2972 4957 sunt,
3005 4895 3330 4953 conferatur,
3387 4895 3518 4948 recti

1970 5004 2025 5047 et
2054 4992 2165 5045 veri
2188 4991 2636 5045 existimationem
2666 4988 2917 5042 habebit:
2968 4995 3021 5039 et
3044 4985 3145 5038 alia
3175 4986 3391 5053 quidem
3423 4999 3519 5038 ne-

1970 5085 2227 5139 fariorum
2255 5092 2309 5136 et
2338 5079 2744 5135 exsecrabilium
2781 5079 2897 5133 loco
2937 5076 3227 5140 ducuntur,
3253 5076 3355 5129 hoc
3389 5090 3518 5129 vero

1970 5175 2112 5228 laudi
2142 5181 2244 5238 est,
2277 5182 2332 5227 et
2356 5180 2575 5241 putatur
2610 5185 2728 5225 esse
2749 5168 3191 5240 pulcherrimum,
3218 5166 3319 5218 hoc
3346 5180 3517 5234 usque
3583 5229 3594 5238 _

1970 5264 2150 5317 adhuc
2200 5271 2254 5315 et
2284 5261 2479 5314 factum
2507 5274 2648 5322 esse,
2689 5267 2742 5311 et
2772 5258 2905 5322 fieri,
2949 5256 3112 5309 libera
3139 5269 3269 5308 voce
3298 5262 3351 5307 et
3394 5269 3518 5307 sen-

1972 5354 2155 5415 tentia,
2199 5361 2253 5406 et
2306 5351 2457 5403 vultu
2505 5351 2843 5420 praedicatur.
2902 5346 3178 5413 Quomodo
3220 5346 3363 5399 enim
3407 5360 3515 5398 non

1970 5446 2195 5501 summis
2235 5444 2480 5498 laudibus
2512 5443 2634 5512 quis
2664 5441 2939 5507 efferatur,
2981 5437 3123 5509 quod
3149 5438 3387 5493 nondum
3428 5451 3517 5491 sa-

1971 5614 2148 5659 tentus
2178 5604 2396 5658 nomine
2420 5602 2656 5671 episc0pi
2688 5602 2789 5655 frui
2812 5601 2938 5655 dum
2967 5598 3189 5671 viveret,
3210 5594 3288 5649 sic
3309 5602 3518 5648 astutus

1970 5674 2150 5798 gomo,
2182 5675 2323 5742 quod
2348 5669 2575 5729 maxime
2603 5669 2746 5740 velit,
2773 5672 2911 5725 haud
2937 5669 3223 5724 admodum
3244 5679 3301 5721 se
3330 5677 3518 5723 curare

2006 5754 2319 5798 emonstrat.
