4242 6438
728 391 832 452 607
1829 388 2086 448 ΡΗΟΤΙΙ
2123 387 2403 447 PATRIA.

2269 386 2622 447 RIARCHIE
2670 387 2780 446 ΟΡ.
3831 374 3944 438 608

732 502 1009 556 cerdotum
1030 498 1272 552 ordinem
1291 506 1590 558 assecutus,
1619 495 1690 549 ita
1717 495 1880 549 vitam
1902 511 2056 550 suam
2092 496 2284 550 immo-
2313 505 2360 560 Α
2387 514 2407 549 1

2275 526 2284 536 -
2313 505 2360 560 Α
2387 513 2489 561 τις,
2518 497 2598 548 ὅτι
2625 497 2789 564 μήπω
2820 491 3020 562 λήξεως
3070 488 3381 561 ἱερωμένων
3428 487 3626 558 τυχὼν,
3655 486 3826 548 οὕτως
3844 488 3950 556 τὴν

731 595 948 645 1101111115
974 599 1076 650 est.
1106 599 1163 643 ut
1191 598 1243 642 et
1276 589 1417 653 aliis,
1460 587 1658 658 quibus
1682 588 2040 641 sacerdotium
2075 587 2284 657 obtigit,
2393 590 2406 642 l

2276 627 2284 650 .
2393 588 2584 642 ἑαυτοῦ
2636 584 2910 638 πολιτείαν
2959 581 3274 653 ὲρύθμισεν,
3310 580 3450 633 ῶστε
3495 581 3588 632 καὶ
3649 579 3738 631 ὐπ’
3765 578 3951 630 αὐτῶν

730 685 876 737 etab
906 683 1052 737 omni
1080 682 1286 750 reliquo
1319 691 1461 736 coetu
1510 681 1574 734 ad
1614 680 1981 749 pontiﬁcatum
2010 681 2128 734 aliis
2150 696 2288 749 ιιι-αι-
2393 695 2405 724 π

2274 709 2288 719 -
2393 678 2501 728 τῶν
2552 673 2980 746 κεκληρωμένων
3015 671 3115 742 τὴν
3161 671 3482 741 ἱερωσύνην,
3505 669 3598 720 καὶ
3625 668 3821 728 παντὸς
3851 665 3949 717 τοῦ

731 775 936 827 feratur
962 775 985 824 ?
1018 771 1271 836 Quaedam
1302 786 1431 824 vero
1457 785 1527 824 ne
1554 770 1622 824 ab
1648 770 1714 823 iis
1743 770 1958 837 quidem
1984 771 2072 839 qui
2103 771 2282 824 delin-
2394 770 2406 822 ὲ

2279 801 2282 810 ι
2394 767 2548 822 ἄλλου
2602 765 2962 836 πληρώματος
2989 764 3069 826 είς
3116 761 3373 832 ἀρχιερέα
3404 758 3790 830 προκρίνεσθαι
3820 775 3835 821 ;
3867 756 3954 808 Τά

729 875 904 935 quunt
955 865 1117 934 (quod
1146 863 1359 933 quidem
1409 863 1595 932 sciam)
1635 862 1777 931 quod
1815 862 1949 915 ﬁunt
1985 903 2000 926 ,
2063 862 2291 915 laudan-
2394 862 2404 913 l

2278 890 2291 901 -
2394 862 2452 914 δὲ
2485 858 2592 912 οὐδ’
2616 861 2696 911 ὅτι
2735 857 3053 927 πράττεται,
3084 855 3184 907 ὅσα
3228 852 3328 923 ἐμὲ
3358 851 3668 919 γινώσκειν,
3702 865 3953 916 συνωμο-

735 964 820 1004 tur
873 950 941 1004 ob
999 965 1262 1004 summam
1324 949 1553 1004 fortasse
1589 950 1998 1012 absurditatem,
2061 960 2155 1004 aut
2192 966 2292 1004 110-
2395 953 2410 1005 1

2281 978 2292 991 -
2395 953 2619 1022 λόγηται
2643 953 2756 1014 τοῖς
2789 949 3165 1019 ἁμαρτάνουσι
3189 949 3256 1017 τῇ
3309 943 3579 1014 ὑπερϐολῇ
3607 940 3700 994 τοῦ
3742 942 3956 1009 ἀτοπή-

731 1043 842 1095 6010
883 1043 1011 1111 quid
1053 1041 1273 1105 dicam,
1303 1041 1365 1094 iis
1405 1041 1498 1109 qui
1549 1040 1795 1096 fecerunt
1839 1082 1854 1103 ,
1912 1041 2292 1095 inﬁciationem
2401 1063 2406 1113 ι

2281 1058 2292 1093 1
2401 1059 2560 1114 ματος
2616 1043 2742 1102 ῐσως
2774 1041 2806 1110 ἢ
2843 1040 2942 1092 οὐκ
3001 1032 3097 1090 οἷδ’
3123 1038 3150 1088 ὃ
3177 1053 3228 1088 τι
3279 1037 3372 1087 καὶ
3415 1036 3574 1096 εἴπω,
3608 1032 3717 1085 τῶν
3761 1031 3956 1099 δεδρα-

733 1133 943 1186 Veritati
1011 1131 1484 1201 anteponentibus.
1547 1131 1678 1196 Quis
1723 1133 1864 1184 enim
1915 1130 2291 1194 sabliatizare,
2399 1155 2408 1188 :

2284 1169 2291 1194 .
2399 1137 2566 1188 κότων
2619 1131 3032 1200 ἀλλασσομένων
3102 1127 3298 1198 μᾶλλον
3367 1127 3464 1193 τῆς
3529 1123 3784 1193 ἀληθείας
3851 1122 3959 1190 τὴν

733 1223 907 1291 quiin
944 1221 1264 1276 Christianis
1327 1229 1631 1284 censeatur,
1689 1221 1897 1274 etiamsi
1963 1221 2157 1274 millies
2211 1221 2296 1275 his
2399 1231 2408 1281 ξ

2286 1237 2296 1274 ἱ
2399 1229 2644 1297 ἄρνησιν.
2665 1225 2761 1285 Τίς
2792 1223 2900 1294 γάρ
2930 1220 3276 1283 σαϐϐατίζειν
3301 1220 3358 1270 ὲν
3389 1218 3731 1287 Χριστιανοῖς
3761 1214 3961 1275 τελῶν,

736 1316 1075 1378 succumbat,
1109 1330 1219 1369 non
1249 1314 1465 1382 ejuret?
1494 1313 1623 1378 Quis
1667 1329 1724 1367 se
1767 1313 2096 1383 conjugium,
2129 1328 2297 1366 exse-
2403 1338 2411 1372 ε

2289 1340 2297 1350 ’
2403 1320 2504 1372 κᾶν
2531 1318 2784 1387 μυριάκις
2809 1312 3127 1381 ὐπενεχθείη
3155 1310 3364 1371 τούτοις
3395 1310 3493 1361 οὐκ
3511 1307 3578 1361 ἂν
3606 1305 3964 1376 ὲξομόσαιτο;

736 1404 878 1457 crari
933 1405 1247 1474 legitimum,
1295 1405 1398 1456 nisi
1424 1404 1545 1472 quis
1588 1403 1877 1472 impiorum
1906 1418 1968 1456 ac
2017 1403 2132 1457 sine
2187 1402 2297 1457 Deo

741 1495 1016 1548 hominum
1038 1495 1359 1548 sententiam
1376 1494 1550 1562 opiﬁci
1570 1503 1854 1563 proponat,
1873 1495 1986 1548 etei
2005 1495 2295 1563 hypostasi,

737 1599 858 1651 quae
886 1583 1008 1635 inde
1043 1597 1136 1650 per
1163 1582 1455 1636 bonitatem
1483 1583 1729 1636 exstitit?
1755 1583 1885 1647 Quis
1906 1593 2083 1636 autem
2115 1583 2300 1636 Domi-

739 1675 985 1728 nicorum
1014 1682 1069 1726 et
1091 1682 1461 1741 paternorum,
1495 1683 1550 1726 et
1586 1673 1923 1743 synodalium
1951 1672 2299 1725 decretorum

742 1768 833 1831 (ne
883 1763 1151 1834 sigillatitn
1197 1763 1394 1832 dicam)
1431 1778 1541 1815 non
1579 1772 1891 1816 revereatur
1918 1762 2188 1828 conﬁteri,
2230 1777 2291 1816 se

2402 1411 2497 1472 Τίς
2526 1410 2582 1462 δὲ
2619 1410 2794 1476 γάμον
2826 1403 3202 1474 βδελύττεσθαι
3242 1402 3523 1470 ἔνθεσμον,
3557 1399 3605 1452 εί
3643 1399 3715 1466 μὴ
3750 1398 3820 1449 τά
3841 1396 3959 1448 τῶν

2401 1499 2674 1555 δυσσεϐῶν
2695 1500 2788 1551 καὶ
2817 1497 2990 1550 ἀθέων
3020 1494 3374 1564 ὲπιπροσθείη
3423 1492 3518 1544 καὶ
3561 1490 3654 1543 τοῦ
3682 1492 3966 1558 Δημιουρ⁸

2402 1591 2525 1660 γοῦ,
2558 1592 2650 1642 καὶ
2706 1589 2804 1655 τῆς
2833 1587 3040 1640 ἐκεῖθεν
3073 1583 3409 1652 ἀγαθοειδῶς
3437 1580 3786 1646 οὐσιωθείσης
3823 1579 3964 1630 61:0-

2406 1685 2685 1744 στάσεως;
2715 1680 2810 1741 Τίς
2835 1678 2893 1732 δὲ
2919 1678 3028 1730 τῶν
3046 1674 3390 1729 Δεσποτικῶν
3423 1673 3517 1725 καὶ
3547 1669 3834 1740 Πατρικῶν
3865 1667 3966 1719 καὶ

2409 1771 2699 1826 συνοδικῶν
2749 1769 3034 1841 δογμάτων
3088 1768 3198 1835 (ἶνα
3245 1767 3321 1834 μὴ
3358 1763 3480 1816 καθ’
3508 1763 3736 1815 ἕκαστον
3771 1758 3964 1827 λέγω),

742 1855 917 1908 11101111
949 1853 1363 1923 contemptum?
1391 1853 1464 1907 Ex
1491 1853 1640 1907 laieis
1670 1869 1799 1907 sane
1827 1869 1951 1908 eum
1979 1853 2070 1922 qui
2090 1869 2302 1907 sacrum
2330 1850 2380 1908 B
2405 1883 2417 1917 ι

2288 1850 2502 1917 ιΒούκ
2560 1864 2627 1916 ἀν
2687 1859 2997 1930 αἰσχυνθείη
3049 1858 3144 1912 καὶ
3190 1856 3443 1924 πράττων
3473 1853 3803 1921 ὁμολογῆσαι
3857 1848 3963 1916 τὴν

741 1947 868 1999 vitae
901 1960 1071 2015 genus
1103 1945 1422 2013 susceperit,
1458 1945 1524 1998 ad
1570 1943 1942 2013 pontiﬁcatum
1973 1943 2300 2014 promoveri,

743 2038 897 2090 valde
920 2051 1256 2106 consequens
1284 2050 1404 2090 esse
1448 2035 1644 2090 divinis
1678 2033 1947 2095 Patribus,
1984 2050 2090 2086 non
2124 2034 2302 2087 verbis

744 2124 1176 2193 pronuntiatum,
1203 2125 1297 2178 sed
1327 2139 1385 2178 re
1415 2123 1530 2193 ipsa
1558 2133 1787 2193 gestum,
1820 2138 2025 2193 magna
2059 2122 2304 2175 utilitatis

743 2230 955 2283 sponsa:
983 2214 1184 2269 Christi
1211 2213 1465 2270 Ecclesia:
1496 2231 1678 2279 causa,
1721 2214 1778 2270 in
1805 2214 2051 2285 pluribus
2080 2214 2305 2268 demon-

743 2317 971 2361 stratum
993 2316 1095 2361 εει.

813 2483 894 2536 Ad
928 2484 1062 2547 haae,
1081 2483 1282 2550 aspice,
1309 2482 1352 2537 si
1385 2482 1483 2544 vis,
1503 2491 1558 2536 et
1577 2483 2001 2537 ministeriorum
2023 2484 2308 2539 varietates

746 2590 866 2642 qua:
898 2573 952 2626 in
987 2574 1350 2635 orationibus,
1402 2589 1519 2641 qua:
1563 2573 1619 2626 in
1655 2575 2107 2637 invocationibus,
2134 2574 2190 2626 in
2216 2590 2306 2627 or-

749 2667 877 2720 dine
910 2673 962 2718 et
995 2665 1400 2732 consequentia,
1451 2665 1503 2717 in
1552 2666 1810 2735 temporis
1848 2666 2207 2720 diuturnitate
2252 2680 2310 2720 et

751 2759 1037 2824 brevitate,
1091 2759 1145 2811 in
1190 2758 1535 2813 multitudine
1567 2768 1620 2813 et
1657 2761 1948 2828 paucitate.
1992 2760 2058 2814 Et
2087 2761 2307 2829 quidem

754 2852 808 2905 in
862 2851 927 2903 iis
975 2859 1029 2918 (o
1083 2851 1425 2917 miraculum)
1461 2851 1765 2905 communis
1811 2851 1967 2920 panis
2013 2852 2068 2905 in
2113 2867 2313 2921 corpus

752 2944 950 2997 Christi
1004 2952 1262 3006 mutatur,
1297 2951 1351 2996 et
1384 2958 1671 2997 commune
1705 2942 1889 2995 vinum
1939 2943 2158 3011 sanguis
2197 2943 2315 3013 ejus

756 3035 846 3098 sit,
865 3035 955 3103 qui
976 3049 1099 3087 eum
1120 3035 1172 3086 111
1195 3033 1620 3102 redemptionem
1643 3033 1798 3088 nobis
1820 3034 1886 3088 de
1907 3035 2125 3103 pr0prio
2147 3034 2316 3089 latere

756 3141 880 3180 cum
909 3141 1045 3193 aqua
1092 3125 1324 3188 elIudit;
1364 3135 1420 3178 et
1472 3127 1664 3179 horum
1695 3125 1983 3180 discrimen
2028 3140 2091 3178 ac
2138 3125 2314 3178 varie-

759 3227 843 3270 tas
870 3217 1214 3278 uniforttietn,
1248 3216 1609 3286 Deiﬁcamque
1633 3218 1865 3286 Spiritus
1891 3218 2114 3287 gratiam
2136 3216 2316 3271 multi-

760 3308 990 3378 pliciter,
1025 3316 1079 3362 et
1107 3308 1495 3362 invariabiliter
1537 3309 1735 3376 suscipi
1773 3308 1840 3361 ab
1868 3307 1930 3361 iis
1962 3317 2182 3376 propter
2201 3324 2320 3377 qua:

760 3397 875 3449 haec
898 3405 1176 3464 geruntur,
1202 3412 1308 3449 non
1334 3397 1625 3464 prohibuit.
1650 3395 1792 3460 Quin
1808 3397 1968 3450 etiam
1992 3406 2155 3450 testes
2181 3398 2321 3466 apud

761 3503 860 3541 nos
903 3497 957 3541 et
984 3488 1181 3556 regulis
1212 3487 1409 3541 nostris
1442 3488 1508 3540 ad
1545 3497 1651 3541 tres
1694 3503 2079 3541 numeramus:
2130 3489 2219 3556 qui
2276 3489 2322 3543 si

759 3581 1051 3648 ceteroqui
1111 3579 1246 3633 vitio
1288 3590 1528 3643 careant,
1564 3580 1695 3631 satis
1737 3589 1862 3632 sunt
1891 3579 1957 3632 ad
1986 3578 2144 3631 ﬁdem
2180 3578 2324 3632 veri-

766 3670 861 3722 tati
916 3669 1242 3736 faciendam,
1276 3669 1525 3738 quamvis
1557 3669 1608 3722 in
1640 3668 1879 3738 episcopi
1909 3669 2115 3722 crimen
2183 3669 2325 3722 asci-

765 3771 1021 3815 scantur:
1052 3761 1194 3831 apud
1230 3760 1365 3815 alios
1405 3776 1533 3814 vero
1569 3761 1672 3814 nisi
1699 3761 1912 3814 testium
1945 3775 2205 3813 numerus
2236 3775 2327 3812 su-

767 3861 918 3920 peret
965 3852 1305 3921 septuaginta
1362 3852 1515 3918 quasi
1572 3850 1847 3918 populum,
1879 3849 1969 3917 qui
2023 3857 2325 3909 accusatur,

767 3939 1113 4004 quantumvis
1155 3941 1209 3992 in
1262 3955 1321 3992 re
1376 3940 1491 4008 ipsa
1533 3940 1694 3992 fuerit
1741 3941 2134 4008 deprehensu~,
2179 3937 2326 3990 omni

770 4033 1000 4086 crimine
1032 4033 1168 4086 liber
1199 4032 1513 4087 absolvitur.
1562 4031 1702 4086 Satis
1738 4047 1856 4100 quae
1883 4032 2025 4085 dicta
2055 4039 2182 4084 sunt
2209 4045 2331 4084 esse

770 4132 912 4176 duco
930 4123 1240 4177 hominibus
1267 4124 1455 4192 aequis,
1485 4123 1684 4190 quique
1711 4139 1815 4176 non
1835 4121 2040 4185 malint,
2063 4137 2222 4190 quam
2246 4123 2333 4173 in-

772 4215 1035 4283 telligere,
1069 4215 1337 4285 redargui.
1386 4215 1524 4280 Quid
1553 4224 1731 4266 autem
1773 4213 1941 4282 ﬁgura
1996 4213 2332 4280 capillorum,

771 4326 833 4360 ac
865 4307 1119 4376 temporis
1145 4307 1448 4377 prorogatio
1467 4306 1533 4360 ad
1559 4306 1915 4360 sacerdotium
1937 4304 2336 4372 suscipiendum

774 4399 994 4467 potest?
1024 4398 1198 4453 Mores
1222 4400 1366 4452 enim
1416 4398 1690 4452 hominem
1725 4407 1851 4452 ante
1882 4396 2167 4451 sacerdotii
2203 4396 2337 4465 ligu-

2403 1954 2782 2020 ὲξουδένωσιν;
2857 1951 2950 2002 Ἐκ
3007 1950 3190 2018 μέντοι
3247 1945 3448 1999 λαῖκῶν
3489 1943 3640 2013 ὶεράν
3687 1940 3968 1993 πολιτείαν

2403 2043 2817 2115 ἐπανῃρημένον
2854 2043 2934 2103 είς
2980 2039 3239 2110 ἀρχιερέα
3273 2035 3634 2106 προάγεσθαι,
3668 2032 3968 2087 ἀκόλουθον

2403 2137 2562 2202 ἀγαν,
2599 2135 2694 2187 καὶ
2716 2134 2956 2203 [Ῑατράσι
2990 2132 3153 2192 θείοις
3183 2129 3244 2182 οὐ
3275 2130 3450 2195 λόγοις
3489 2124 3965 2195 καθωμιλημένον,

2403 2220 2514 2273 ἀλλ’
2544 2219 2725 2289 ἔργοις
2745 2218 2923 2276 αὐτοῖς
2945 2214 3436 2283 διαπεπραγμένον,
3463 2213 3553 2265 ἐπὶ
3584 2211 3800 2280 μεγάλῳ
3831 2207 3968 2277 κέρ-

2404 2312 2482 2364 δει
2509 2314 2605 2381 τῆς
2645 2309 2861 2380 νύμφης
2889 2307 3121 2378 Χριστοῦ
3161 2306 3481 2375 Ἐκκλησίας
3512 2304 3655 2358 κατά
3675 2301 3970 2372 διαφόρους

2407 2405 2631 2473 καιροὺς
2666 2402 3046 2454 ἐπιδέδεικται.

2482 2493 2624 2561 Ὅρα
2649 2491 2730 2555 δὲ,
2749 2492 2795 2543 εἰ
2819 2489 3018 2558 βούλει,
3032 2490 3164 2558 πρὸς
3181 2490 3289 2551 τοῖς
3312 2485 3616 2558 εἰρημένοις
3642 2483 3839 2546 καὶτὰς
3855 2485 3971 2535 τῶν

2408 2582 2796 2655 λειτουργικῶν
2835 2582 3155 2651 ἑτερότητας
3187 2581 3282 2642 τάς
3316 2582 3372 2631 ἐν
3391 2581 3510 2640 ταῖς
3544 2580 3748 2647 εὐχαῖς,
3771 2575 3870 2637 τάς
3905 2575 3971 2626 ὲν

2410 2681 2527 2740 ταῖς
2575 2676 2912 2746 ἐπικλήσεσι,
2936 2672 3033 2738 τὰς
3063 2673 3119 2727 ὲν
3145 2673 3292 2738 τάξει
3323 2671 3416 2726 καὶ
3435 2669 3741 2737 ἀκολουθίᾳ,
3779 2668 3879 2730 τὰς
3907 2669 3975 2719 ὲν

2409 2769 2488 2834 τῷ
2532 2766 2624 2819 τοῦ
2676 2766 2867 2836 χρόνου
2919 2767 3100 2836 μήκει,
3125 2767 3216 2817 καὶ
3253 2765 3318 2832 τῇ
3377 2761 3692 2833 βραχύτητι,
3755 2759 3853 2819 τάς
3908 2758 3976 2808 ὲν

2412 2859 2604 2928 πλήθει
2622 2860 2713 2910 καὶ
2724 2856 3015 2925 ὀλιγότητι,
3031 2855 3204 2906 καίτοι
3216 2853 3282 2904 δι’
3294 2853 3487 2914 αὐτῶν,
3502 2850 3546 2902 ῶ
3561 2850 3653 2902 τοῦ
3671 2849 3972 2918 θαύματοςῑ

2411 2953 2440 3005 ὁ
2466 2951 2641 3013 κοινὸς
2667 2949 2828 3018 ἄρτος
2843 2948 2923 3010 εις
2949 2947 3106 3015 σῶμα
3131 2943 3363 3014 Χριστοῦ
3398 2941 3808 3012 μεταϐάλλεται,
3831 2940 3927 2991 καὶ
3943 2941 3977 2991 ὀ

2414 3042 2590 3104 κοινὸς
2613 3036 2752 3102 οἶνος
2780 3035 2919 3108 αἷμα
2965 3037 3295 3108 χρηματίζει
3318 3035 3410 3088 τοῦ
3434 3034 3626 3102 λύτρον
3657 3033 3788 3100 ἡμῖν
3806 3030 3864 3096 ἐξ
3893 3031 3980 3081 ol-

2416 3134 2568 3195 κείας
2592 3134 2829 3201 πλευρᾶς
2862 3129 3020 3183 τοῦτο
3050 3131 3144 3182 σὺν
3172 3128 3321 3179 ’ύδειτι
3346 3125 3654 3194 βλύσαντος.
3679 3123 3783 3174 Καὶ
3810 3122 3843 3188 ἠ
3866 3120 3981 3172 τῶν

2419 3225 2717 3296 είρημένων
2732 3222 2985 3294 ἑτερότης
3002 3239 3059 3274 τε
3074 3221 3168 3272 καὶ
3193 3218 3512 3290 παραλλαγὴ
3531 3216 3629 3284 τὴν
3651 3213 3858 3282 ἑνοειδῆ
3879 3213 3982 3265 καὶ

2419 3314 2661 3368 θεοποιδν
2702 3313 2858 3382 χάριν
2904 3311 2994 3362 τοῦ
3046 3309 3357 3378 ῐΙνεύματος
3395 3304 3745 3372 ἀπληθύντως
3782 3319 3840 3354 τε
3883 3301 3986 3353 καὶ

2425 3404 2854 3474 ἀπαραλλάκτως
2885 3399 3240 3463 ὐποδέξασθαι
3267 3397 3336 3451 τά
3379 3396 3462 3464 ἐφ’
3498 3391 3577 3458 οἷς
3608 3394 3778 3446 ταῦτα
3804 3393 3983 3444 τελεῖ-

2421 3513 2510 3548 ται
2534 3497 2592 3548 οὐ
2617 3493 2960 3546 διεκώλυσεν.
2987 3491 3122 3543 ἀλλά
3147 3490 3239 3543 καὶ
3277 3488 3549 3558 μάρτυρες
3571 3486 3671 3555 μὲν
3695 3485 3823 3553 παρ’
3847 3485 3985 3552 ἡμῖν

2424 3588 2518 3639 καὶ
2549 3588 2658 3647 τοῖς
2693 3585 2819 3652 παρ’
2849 3585 2980 3652 ἡμῖν
3003 3583 3184 3633 κανόσι
3210 3579 3372 3650 μέχρι
3396 3579 3561 3648 τριῶν
3585 3576 3986 3647 ἀριθμούμενοι

2424 3679 2488 3731 ἂν
2508 3677 2678 3738 ἄλλως
2690 3675 3002 3744 ἀδιάϐλητοι
3017 3672 3269 3742 τύχωσιν,
3297 3670 3468 3725 ἱκανοὶ
3485 3667 3856 3722 πιστώσασθαι
3881 3667 3989 3734 τὴν

2425 3768 2808 3838 ἀλήθειαν,κᾶν
2823 3769 2904 3829 είς
2925 3766 3220 3817 ἐπισκόπου
3240 3763 3514 3832 ληφθῶσιν
3533 3760 3828 3830 ἐπίκλημα·
3851 3760 3989 3828 παρ’

2427 3859 2607 3920 ἄλλοις
2625 3858 2681 3909 δὲ
2703 3856 2769 3910 ἂν
2786 3858 2860 3925 μὴ
2885 3856 2975 3907 τὸν
2992 3854 3355 3922 ἐϐδομήκοντα
3372 3852 3542 3919 δῆμον
3570 3851 3628 3901 τὸ
3649 3849 3754 3902 τῶν
3774 3848 3990 3917 μαρτύ-

2433 3967 2541 4022 ρων
2557 3947 2908 4019 ὑπερεκπέσῃ
2926 3944 3145 4014 πλῆθος,
3167 3943 3495 4010 ἀνέγκλητος
3510 3943 3536 3994 ὁ
3549 3939 3987 4008 καθηγούμενος,

2430 4043 2532 4095 κᾶν
2589 4041 2672 4093 ἐπ’
2718 4037 3015 4104 αὐτοφώρῳ
3037 4033 3211 4103 ληφθῇ
3239 4033 3551 4085 ἀπολύεται.
3590 4030 3884 4098 Ἐπιλείψει
3920 4047 3993 4098 με

2431 4136 2465 4204 ἡ
2500 4133 2678 4203 ἡμέρα
2711 4131 2809 4192 τάς
2840 4127 3094 4189 τοιαύτας
3136 4125 3397 4194 διαφοράς
3425 4124 3762 4190 ἐπιλέγοντα,
3797 4123 3995 4191 ἀρκεῖν

2432 4225 2477 4278 δ’
2519 4222 2755 4294 ἠγοῦμαι
2784 4221 3002 4282 καὶτὰς
3042 4218 3333 4288 εἰρημένας
3372 4217 3483 4277 τοῖς
3533 4213 3858 4283 εὐγνώμοσι,
3896 4214 3998 4265 καὶ

2434 4311 2514 4377 οἷς
2541 4313 2614 4383 μὴ
2644 4312 2840 4382 μᾶλλον
2863 4311 3122 4382 ἐράσμιον
3145 4308 3238 4360 τοῦ
3265 4308 3502 4360 συνιέναι
3517 4305 3577 4358 τὸ
3597 4303 3994 4372 διελέγχεσθαι.

2437 4405 2502 4458 Τί
2538 4404 2595 4456 δὲ
2622 4403 2718 4456 καὶ
2759 4404 2944 4472 σχῆμα
2974 4399 3198 4470 τριχῶν,
3229 4400 3322 4451 καὶ
3353 4398 3545 4467 χρόνου
3577 4395 3888 4466 παράτασις
3911 4394 3999 4457 είς

775 4506 889 4544 ram
951 4492 1172 4562 dignum
1199 4492 1512 4557 ostendunt,
1556 4493 1768 4546 tametsi
1824 4492 2066 4546 nondum
2120 4491 2242 4560 quis
2281 4493 2330 4545 ei
2366 4515 2407 4569 ο
2440 4496 2450 4547 1

2322 4493 2330 4543 1
2366 4515 2407 4569 D
2440 4494 2734 4564 ἱερωσύνης
2788 4492 3067 4560 ἀντίληψιν
3113 4490 3372 4553 δύναται;
3410 4490 3438 4541 ὁ
3488 4488 3588 4558 μὲν
3642 4485 3748 4555 γὰρ
3791 4485 3997 4554 τρόπος

775 4599 994 4637 manum
1020 4584 1282 4652 imponat,
1305 4584 1542 4638 nondum
1566 4584 1754 4638 didicit
1781 4599 1985 4653 preces.
2009 4583 2161 4636 Multi
2181 4597 2330 4645 vero,

773 4687 910 4740 quos
953 4688 1130 4727 mores
1181 4674 1413 4741 fugiunt,
1464 4674 1649 4727 habitu
1676 4673 1985 4737 venerandi,
2038 4672 2090 4725 in
2141 4671 2325 4724 habitu

2439 4586 2530 4638 τὸν
2582 4586 2750 4655 ἄνδρα
2798 4585 2890 4636 καὶ
2932 4584 3039 4651 πρὸ
3092 4580 3185 4634 τοῦ
3232 4581 3505 4651 σχήματος
3542 4577 3643 4646 τῆς
3693 4575 4001 4644 ἱερωσύνης

2437 4675 2709 4727 δείκνυσιν
2741 4673 2910 4738 ἀξιον,
2941 4672 3042 4725 κάν
3069 4675 3140 4740 μή
3174 4670 3365 4731 πώτις
3392 4667 3653 4736 αὐτῷτὴν
3681 4668 3841 4735 χεῖρα
3871 4667 4000 4717 ἐπι-

775 4762 1082 4816 consistunt
1127 4780 1143 4828 ;
1191 4765 1392 4818 etenim
1441 4764 1758 4832 capillorum
1807 4763 2068 4817 resecatio
2125 4762 2336 4832 signum
2437 4784 2450 4815 1

2328 4778 2336 4813 ι
2437 4767 2578 4836 τιθῇ,
2613 4766 2715 4819 κᾶν
2741 4765 2815 4835 μὴ
2853 4764 3082 4834 ἐπιλέγῃ
3107 4764 3204 4832 τὴν
3240 4763 3425 4831 εὐχήν.
3449 4760 3682 4821 Πολλοὺς
3721 4757 3778 4810 δὲ
3808 4757 4003 4825 φυγὼν

777 4863 861 4907 est
881 4855 1310 4909 conversationis
1343 4872 1371 4908 a
1404 4859 1630 4910 mortuis
1679 4855 1933 4924 operibus
1961 4870 2129 4922 puraa.
2160 4852 2225 4906 Et
2248 4853 2340 4922 qui
2437 4857 2452 4907 ἐ

2329 4853 2340 4906 't
2437 4857 2466 4907 ὁ
2506 4854 2703 4923 τρόπος
2740 4854 2831 4904 επὶ
2874 4854 3151 4921 σχήματος
3215 4853 3395 4920 μένειν
3436 4849 3562 4910 τοὺς
3628 4849 3866 4916 σχήματι
3914 4862 4004 4897 σε-

780 4947 855 4998 ita
911 4954 1013 5009 est,
1044 4945 1289 5014 quamvis
1318 4947 1452 5017 signi
1481 4948 1604 5000 tuba
1635 4948 1873 5000 nondum
1904 4946 2138 5010 insonet,
2176 4944 2340 4997 vitam
2442 4962 2455 5015 ι

2331 4960 2340 4995 1
2442 4944 2802 5015 μνυνομένους
2830 4942 3207 5009 ἐγκατέλιπεν.
3250 4941 3312 4992 Ἦ
3348 4940 3444 5009 μὲν
3479 4939 3588 5008 γὰρ
3633 4938 3741 4989 τῶν
3795 4936 4006 5007 τριχῶν

777 5036 894 5103 ejus
922 5036 1221 5104 praedicans
1251 5054 1461 5107 puram,
1489 5040 1571 5092 1110
1602 5041 1654 5091 111
1677 5039 1851 5092 11111110
1868 5037 1997 5092 mihi
2028 5052 2093 5091 eo
2122 5035 2344 5091 inferior
2443 5055 2452 5087 τ

2330 5051 2344 5088 l'
2443 5036 2748 5106 περικοπή,
2819 5033 3043 5103 σημεῖόν
3100 5035 3218 5085 ἐστι
3271 5031 3544 5092 πολιτείας
3591 5029 4005 5098 καθαρευούσης

776 5128 975 5181 virtute
1001 5138 1101 5192 est,
1131 5129 1223 5196 qui
1252 5130 1463 5199 signum
1502 5129 1658 5200 gerit.
2445 5125 2451 5174 ¹

2445 5124 2622 5194 ἔργων
2666 5122 2894 5191 νεκρῶν.
2940 5120 2997 5173 '0
3029 5120 3085 5172 δὲ
3133 5120 3224 5172 τὸν
3277 5117 3472 5170 ἑαυτοῦ
3505 5115 3618 5186 βίον
3659 5114 3999 5183 ἀκηλίδωτον

698 5231 708 5239 “
777 5218 877 5286 ὸση
909 5219 1131 5290 δύναμις
1163 5221 1460 5290 συντηρῶν,
1498 5222 1596 5273 κᾶν
1641 5221 1795 5291 ήτοῦ
1834 5220 2060 5291 σημείου
2133 5216 2368 5285 σάλπιγξ
2436 5215 2589 5267 οὐπω
2641 5215 2819 5283 ὴχήσῃ
2850 5213 2937 5265 τὸν
2993 5211 3108 5281 βίον
3156 5209 3318 5262 αὐτοῦ
3362 5207 3702 5278 κηρύττουσα
3739 5205 4006 5274 καθαρὸν,

778 5303 932 5372 οὗτος
954 5311 1103 5364 οὐδὲν
1133 5314 1256 5382 ἐμοὶ
1271 5311 1364 5364 τοῦ
1390 5312 1644 5379 φέροντος
1668 5313 1727 5364 τὸ
1759 5315 1980 5382 σημεῖον
1998 5311 2334 5381 ἐνδεέστερος
2374 5306 2452 5368 εἰς
2481 5307 2703 5376 ἀρετήνο

850 5405 1024 5472 Atque
1074 5404 1187 5458 haec
1201 5405 1441 5459 dicemus
1464 5418 1572 5457 non
1595 5419 1694 5458 nos
1717 5404 1859 5472 ipsos
1881 5404 2344 5458 commendantes.
2515 5414 2525 5464 1

2330 5439 2344 5456 ι
2515 5413 2623 5464 Καὶ
2659 5411 2827 5463 ταῦτά
2876 5427 3054 5479 φαμεν
3091 5408 3187 5479 οὐχ
3238 5408 3464 5472 ἑαυτοὺς
3514 5406 4005 5478 ἀποσεμνύνοντες,

784 5497 937 5550 Absit
968 5498 980 5550 l
1033 5511 1186 5565 atque
1212 5496 1356 5550 enim
1387 5512 1490 5550 nos
1515 5513 1545 5549 a
1575 5496 1816 5550 moribus
1859 5505 2021 5564 atque
2044 5497 2110 5549 ab
2154 5495 2340 5548 habitu
2449 5520 2459 5574 ι

2331 5511 2340 5548 ι
2449 5505 2603 5574 μήτι
2649 5503 2888 5570 γένηται.
2933 5501 3157 5568 Ἐπίσης
3184 5501 3292 5570 γάρ
3325 5501 3484 5569 ἡμεῖς
3513 5499 3618 5551 τῶν
3657 5516 3718 5551 τε
3761 5499 4006 5568 τρόπων,

785 5589 1074 5653 abfuimus,
1130 5596 1446 5658 tantumque
1479 5590 1652 5654 abest,
1676 5597 1734 5643 ut
1762 5589 1877 5643 haec
1902 5588 1968 5643 de
1999 5591 2207 5658 meipso
2255 5587 2339 5641 di-
2447 5613 2460 5648 1

2334 5617 2339 5629 ·
2447 5598 2539 5648 καὶ
2582 5594 2675 5647 τοῦ
2721 5596 2996 5664 σχήματος
3038 5591 3428 5661 ἀπελιπόμεθα,
3469 5591 3565 5643 καὶ
3604 5589 3855 5642 τοσοῦτον
3900 5589 4009 5642 δέω

789 5698 928 5746 cum,
969 5692 1026 5735 ut
1073 5682 1273 5744 verius,
1300 5684 1341 5735 si
1372 5683 1462 5752 qui
1499 5697 1598 5736 nos
1626 5682 1789 5736 velint
1839 5682 1947 5734 risu
1988 5698 2049 5733 ac
2104 5681 2342 5736 dicteriis
2447 5704 2464 5739 1

2333 5699 2342 5736 i
2447 5685 2615 5739 ταῦτα
2663 5685 2840 5751 λέγειν
2885 5685 3014 5752 περὶ
3064 5682 3322 5749 ἐμαυτοῦ,
3351 5680 3488 5733 ὥστε
3519 5683 3611 5733 καὶ
3640 5678 4008 5748 εὐλογώτερον

794 5782 1077 5841 ὖ1100118010,
1117 5777 1321 5844 possint
1362 5776 1526 5845 magis
1561 5791 1621 5830 ex
1661 5775 1897 5831 moribus
1936 5777 2235 5830 sacerdotio
2267 5775 2341 5829 di-
2450 5794 2469 5828 ε

2334 5807 2341 5816 -
2450 5774 2587 5829 εἷναί
2620 5794 2758 5842 φημι
2791 5777 2896 5836 τοῖς
2940 5774 3281 5842 βουλομένοις
3310 5772 3671 5825 ἐπισκώπτειν
3703 5772 3847 5838 ἡμᾶς
3900 5771 4009 5822 ἀπο
