4242 6438
247 426 357 487 609

1408 410 1941 474 EPISTOLARUM
1973 414 2202 476 LIBER
2236 416 2285 476 ῐ.

3356 408 3461 478 610

247 534 362 585 τῶν
404 528 618 599 τρόπων
668 526 867 595 μᾶλλον
910 523 1019 575 τῶν
1069 522 1168 591 τῆς
1212 520 1507 589 ἱερωσύνης
1563 519 1748 583 ἀξίωνν
1778 519 1810 587 ἦ
1840 527 1922 589 ΑΙ

1790 519 1810 587 ἢ
1840 527 1883 581 Α
1912 521 2053 589 gnis,
2096 536 2257 589 quam
2291 536 2355 576 ex
2403 521 2570 593 figura
2601 520 2655 575 in
2684 536 2781 577 nos
2815 521 3111 591 insurgere.
3141 520 3258 576 Non
3310 522 3465 592 igitur

248 622 360 675 ἀπό
386 638 449 688 γε
478 619 573 672 τοῦ
602 622 878 686 σχήματος
908 614 1318 667 ἐπανίστασθαι.
1354 613 1463 681 Οὐχ
1495 612 1633 679 ὑπὲρ
1656 611 1810 679 ἡμῶν

246 711 346 765 οὖν
376 711 568 772 ταῦτα,
594 710 706 762 ἀλλ’
748 707 889 776 ὑπὲρ
921 700 999 757 ὧν
1041 704 1134 757 καὶ
1176 702 1409 771 πρόσθεν
1432 702 1640 771 ἔφημεν
1669 702 1809 770 γρά-

247 820 432 872 φεται.
465 800 723 869 ῐιατέρων
752 800 863 867 γάρ
918 797 1099 858 κακῶς
1138 795 1442 848 ἀκουόντων
1492 794 1699 847 δέδοικα
1748 795 1809 848 τὸ

250 896 328 964 μὴ
358 890 877 963 ὑπεραγωνίζεσθαι.
910 889 974 940 Τί
1012 889 1143 957 γὰρ,
1204 888 1363 957 σιγᾷν
1401 886 1593 955 παρὸν,
1647 887 1811 957 ὑπερ-

248 984 630 1051 αγωνίζεσθαι,
663 982 754 1034 καὶ
809 981 869 1032 τδ
898 982 992 1048 τῆς
1054 979 1341 1047 κωμῳδίας
1372 977 1708 1047 ἀπάρχεσθαι
1748 978 1808 1029 οὑ

247 1074 393 1126 κατά
421 1073 552 1123 πολὺ
583 1070 642 1121 τὸ
688 1071 940 1138 διάφορον
965 1084 980 1129 ς
1010 1069 1070 1121 τὸ
1113 1069 1169 1120 δὲ
1207 1067 1535 1137 πατραλοίας
1590 1066 1809 1135 ὑπέχειν

246 1166 470 1234 γραφὴν
502 1164 593 1215 καὶ
621 1164 655 1230 ἡ
699 1160 860 1229 φύσις
896 1160 1241 1229 μυσάττεται.
1274 1157 1481 1211 Οὔκουν
1519 1158 1806 1227 Ταράσιος,

248 1256 284 1325 ἢ
336 1252 645 1322 Νικηφόρος
705 1250 965 1312 ὑπαίτιοι,
997 1250 1046 1301 οἳ
1090 1249 1177 1301 τὸν
1209 1249 1317 1317 βίον
1354 1249 1448 1302 τοῦ
1494 1250 1681 1319 θρόνου
1717 1250 1810 1301 καὶ

250 1347 361 1417 πρὸ
394 1345 488 1398 τοῦ
536 1346 811 1413 σχήματος
848 1342 1186 1406 ἐπεδείξαντο
1214 1342 1382 1408 ἄξιον.
1417 1342 1537 1395 Οὐδ’
1579 1341 1809 1411 Ἀμὸρό-

254 1455 368 1500 σιος
397 1437 579 1499 κακῶς
607 1436 851 1494 ἀκούσει.
890 1436 983 1487 καὶ
1023 1435 1351 1503 δυσωπήσει,
1390 1429 1448 1487 εὗ
1472 1431 1567 1487 οἷδ’
1595 1435 1674 1486 ὄτι
1717 1434 1809 1485 καὶ

253 1532 497 1582 Λατίνων
528 1532 575 1581 εἰ
610 1530 767 1598 μήτις
792 1528 964 1590 ἄλλος,
1009 1526 1328 1596 ’Λμΰρόσιος
1350 1525 1808 1593 Λατινίδοςὺπάρ-

253 1638 365 1690 χων
416 1621 799 1689 καλλώπισμᾳ,
829 1622 919 1671 καὶ
967 1618 1205 1672 Λατίνων
1236 1616 1452 1685 γλώσσῃ
1506 1616 1677 1668 πολλὰ
1714 1618 1808 1668 καὶ

252 1710 544 1779 ψυχωφελῆ
622 1710 1092 1778 συγγραψάμενος.
1148 1708 1281 1759 Ούδὲ
1348 1708 1453 1777 μὴν
1507 1708 1808 1776 Νεκτάριος

256 1799 361 1850 ὑπὸ
397 1798 583 1866 μῶμον
614 1799 878 1849 πεσεῖται.
920 1796 1140 1847 Σύνοδον
1169 1794 1275 1863 γὰρ
1301 1793 1457 1863 ἔσχεν
1498 1796 1806 1860 οἰκουμενι-

1911 628 2009 681 pro
2039 614 2194 667 nobis
2215 614 2352 677 haec,
2385 615 2479 668 sed
2510 629 2607 683 pro
2641 615 2703 668 iis
2732 626 2867 684 quos
2895 622 3022 667 ante
3051 612 3307 673 diximus.
3330 615 3461 667 seri-

1909 702 2130 756 buntur.
2157 702 2405 758 Patribus
2429 706 2573 759 enim
2599 706 2739 759 male
2766 705 3111 758 audientibus
3133 719 3230 774 pro
3262 704 3325 757 iis
3361 722 3466 757 non

1907 793 2185 850 decertare
2236 805 2419 850 metuo
2451 812 2613 850 :nam
2656 806 2832 850 tacere
2854 811 2974 849 cum
3008 795 3329 849 defendendi
3373 811 3470 864 po~

1908 890 2070 939 testas
2099 886 2186 951 sit,
2210 894 2266 939 et
2292 888 2569 943 comoediis
2592 888 2857 942 incessere
2878 902 2987 940 non
3021 888 3247 941 multum
3273 886 3461 941 distat'

1906 990 1937 1028 a
1959 976 2228 1044 parricidii
2262 992 2390 1031 vero
2416 978 2640 1032 crimine
2671 979 2783 1045 ipsa
2812 992 3028 1047 quoque
3052 984 3239 1030 natura
3270 975 3467 1031 abhor-

1907 1075 2009 1122 ret.
2038 1067 2156 1121 Non
2194 1067 2352 1138 igitur
2374 1067 2625 1124 Tarasius
2656 1078 2749 1123 aut
2783 1067 3118 1138 Nicephorus
3144 1068 3199 1122 in
3255 1068 3462 1122 crimen

1908 1158 2231 1225 adducendi,
2281 1162 2371 1229 qui
2419 1162 2581 1214 vitam
2615 1160 2811 1215 throno
2856 1162 3016 1214 etiam
3054 1169 3181 1215 ante
3227 1160 3470 1213 habitum

1910 1250 2252 1317 prazbuerant
2278 1252 2513 1320 dignam.
2539 1250 2724 1320 Neque
2753 1250 3073 1306 Ambrosius
3093 1251 3233 1306 male
3262 1252 3469 1314 audiat,

1908 1344 2152 1411 quinimo
2190 1343 2394 1398 Latinis
2424 1346 2529 1413 (sat
2571 1346 2706 1415 scio)
2738 1346 2961 1401 incutiet
3012 1346 3315 1414 pudorem;
3364 1347 3472 1400 nisi

1908 1434 2043 1487 forte
2076 1436 2211 1489 alius
2240 1438 2541 1489 exoriretur
2569 1436 2905 1501 Ambrosius,
2949 1436 3273 1499 Latinitatis.
3305 1437 3473 1492 decus

1906 1528 2105 1594 quique
2128 1528 2312 1581 Latino
2334 1543 2580 1582 sermone
2618 1529 2802 1591 multa,
2833 1543 3001 1597 eaque
3019 1528 3298 1582 utilissima
3342 1531 3473 1582 scri-

1906 1618 2033 1674 usit.
2064 1619 2173 1672 Nec
2198 1634 2323 1671 vero
2344 1618 2625 1673 Nectarius
2648 1620 2700 1673 in
2729 1622 3203 1689 reprehensionem
3250 1622 3469 1684 incidet.

1908 1710 1993 1762 cui
2028 1711 2262 1778 synodus
2313 1711 2633 1765 universalis
2662 1711 3000 1764 conﬁrmavit
3035 1712 3269 1782 episcopi
3297 1714 3462 1784 digiti-

1909 1808 2069 1853 tatem
2099 1816 2113 1863 ;
2150 1801 2341 1870 cuique
2374 1801 2417 1852 si
2447 1802 2567 1869 quis
2597 1802 2900 1857 obtrectare
2924 1812 3169 1867 conatur,
3198 1819 3306 1857 non
3322 1820 3470 1869 eum,

254 1891 358 1959 κὴν
389 1887 658 1957 κυροῦσαν
685 1888 832 1958 αὐτῷ
863 1890 959 1956 τῆς
981 1887 1283 1953 ἐπισκοπῆς
1314 1887 1375 1941 τὺ
1408 1886 1641 1955 ἀξίωμα,
1672 1887 1731 1938 ὃν
1759 1884 1812 1937 εἴ
1838 1899 1879 1953 Β
1908 1908 1929 1945 ε

1795 1884 1812 1936 ῐ
1838 1899 1879 1953 Β
1908 1892 1999 1945 sed
2031 1893 2290 1961 synodum
2321 1893 2501 1961 potius
2530 1894 2581 1946 in
2614 1895 2701 1963 jus
2739 1905 2913 1949 vocat.
2946 1895 3011 1948 Et
3038 1895 3257 1964 quidem
3284 1912 3470 1950 eorum

252 1998 339 2043 τις
382 1979 689 2049 ὲνδιασῦραι
727 1979 1055 2048 πειράσοιτο,
1085 1979 1183 2030 οὐκ
1227 1977 1409 2037 αὑτὸν.
1439 1977 1571 2030 ἀλλὰ
1611 1979 1706 2045 τήν
1748 1994 1810 2045 γε
1908 2000 1927 2038 ι

1790 1994 1810 2029 ε
1908 1993 2133 2052 uterque
2163 2000 2267 2039 non
2300 2000 2330 2039 e
2354 1986 2491 2039 laico
2513 1986 2684 2039 solum
2708 1986 2772 2040 ad
2790 1988 3129 2056 episcopatus
3149 2003 3465 2059 progressus

256 2069 472 2121 σύνοδον
526 2068 627 2119 ὑπὸ
702 2067 855 2134 δίκην
906 2064 1103 2134 μᾶλλον
1177 2066 1339 2125 ποιεῖ,
1380 2064 1556 2115 καίτοι
1609 2063 1811 2115 τούτων
1911 2086 1931 2125 ρ

1794 2080 1811 2113 ν
1911 2078 1993 2125 est
2024 2074 2568 2137 consummationem,
2606 2075 2698 2129 sed
2730 2091 2850 2130 cum
2883 2077 3120 2130 nondum
3160 2088 3342 2132 essent
3368 2078 3469 2131 ini-

255 2160 513 2229 ἑκάτερος
552 2160 650 2210 οὐκ
696 2160 760 2209 ὲκ
787 2155 975 2208 λαῖκοῦ
1026 2155 1185 2224 μόνον
1228 2156 1319 2206 ἐπὶ
1342 2154 1439 2224 τὴν
1485 2154 1578 2221 τῆς
1628 2154 1816 2221 ἀρχιε-

258 2249 505 2321 ρωσύνης
546 2246 779 2317 προῆλθε
813 2245 1110 2311 τελείωσιν,
1150 2244 1284 2298 ἀλλά
1320 2246 1421 2297 κάν
1472 2247 1578 2307 τοῖς
1634 2245 1815 2312 άμυή-

256 2358 369 2401 τοις
407 2338 779 2407 ἐξεταζόμενοι
819 2336 951 2405 ὁμοῦ
986 2353 1044 2388 τε
1099 2337 1193 2404 τῆς
1223 2337 1427 2405 δωρεᾶς
1470 2334 1562 2386 τοῦ
1623 2333 1815 2402 βαπτίο

265 2446 471 2499 σματος
509 2471 523 2495 ,
580 2430 672 2479 καὶ
730 2428 823 2495 τῆς
884 2426 1272 2495 ἀρχιερατικῆς
1331 2426 1638 2495 ἠξιώθησαν
1670 2426 1819 2493 χάρι-

256 2541 367 2584 τος.
396 2523 454 2573 Εἰ
487 2521 541 2572 δὲ
575 2519 776 2572 τούτων
825 2518 1122 2588 οὐδέτερον,
1162 2519 1332 2579 οὐδεὶς
1379 2516 1444 2568 ἂν
1481 2518 1536 2567 ὲν
1571 2515 1819 2578 εὐθύναις

279 2614 587 2679 λογίζεσθαι
635 2610 827 2679 τολμᾷ,
872 2607 979 2661 οὐδ’
1034 2610 1083 2660 εἰ
1115 2608 1287 2660 πάντα
1329 2606 1529 2677 θρασὺς
1561 2608 1666 2676 εἴη,
1700 2606 1818 2658 οὐδὲ

260 2706 529 2774 Ταράσιον
570 2702 659 2754 τὸν
704 2702 968 2769 ἡμέτερον
994 2700 1332 2768 πατρόθειον,
1369 2701 1427 2751 οὐ
1459 2700 1513 2749 δέ
1548 2714 1609 2765 γε
1648 2699 1819 2768 Νικη-

262 2800 428 2867 φόρον
453 2797 542 2849 τὸν
588 2796 679 2847 καὶ
703 2793 795 2846 τοῦ
828 2793 1015 2860 γένους
1058 2794 1153 2845 καὶ
1195 2793 1287 2844 τοῦ
1326 2792 1534 2862 Θρόνου,
1563 2792 1654 2843 καὶ
1713 2790 1819 2843 τῶν

263 2891 481 2959 τρόπων
510 2889 671 2953 ἀξίως
718 2886 982 2955 διάδοχον.
1028 2884 1129 2937 Ἐῶ
1157 2884 1212 2937 δὲ
1244 2884 1406 2936 τανῦν
1450 2884 1540 2935 τὸν
1564 2882 1656 2936 τοῦ
1687 2883 1813 2935 Θεο-

264 2983 423 3048 λόγου
476 2981 807 3051 Γρηγόριον,
844 2980 937 3029 καὶ
984 2976 1075 3029 τὸν
1123 2976 1454 3045 Καισαρείας
1501 2974 1818 3035 Θαλάσσιον,

266 3077 360 3126 καὶ
388 3074 494 3124 τῶν
533 3071 729 3123 λοιπῶν
782 3069 1080 3138 ἀρχιερέων
1132 3069 1223 3119 τὸν
1251 3068 1455 3128 θίασον,
1481 3065 1528 3116 οἳ
1562 3065 1702 3117 κατὰ
1723 3065 1820 3133 τὴν

1913 2159 2050 2223 tiati,
2099 2160 2256 2213 simul
2285 2169 2341 2214 et
2379 2160 2717 2229 baptismatis
2761 2179 2956 2217 munus
2986 2164 3065 2235 ad
3108 2166 3470 2234 pontiﬁcalem

1913 2251 2135 2319 gratiam
2162 2262 2493 2306 meruerunt.
2526 2252 2677 2317 Quod
2727 2254 2771 2309 si
2821 2255 3009 2309 horum
3040 2267 3292 2311 neutrum
3321 2259 3471 2327 quis-

1911 2354 2071 2407 quam
2132 2342 2198 2394 ad
2244 2342 2575 2397 reddendam
2630 2345 2893 2399 rationem
2952 2362 3230 2402 accersere
3289 2349 3471 2413 audet,

1913 2431 2074 2484 etiam
2126 2433 2280 2486 valde
2308 2432 2602 2499 conlidens,
2634 2450 2741 2489 non
2776 2434 3055 2490 Tarasium
3111 2438 3328 2506 quidem
3374 2456 3472 2492 nn-

1917 2532 2092 2577 strutn
2112 2525 2555 2591 proavunculum,
2576 2540 2677 2579 nec
2691 2526 3049 2595 Nicephorum
3068 2529 3210 2583 illius
3232 2536 3287 2583 et
3308 2545 3473 2600 gene-

1916 2614 1992 2667 ris
2012 2624 2065 2667 et
2097 2616 2239 2669 sedis
2272 2626 2325 2670 et
2344 2633 2553 2671 morum
2590 2619 2810 2689 dignum
2836 2634 3226 2675 successorem.
3247 2623 3476 2676 Praeter-

1916 2705 2072 2759 mitto
2108 2706 2158 2759 in
2188 2722 2426 2776 przesens
2447 2718 2501 2762 et
2528 2710 2783 2780 Theologi
2815 2720 3096 2779 parentem
3137 2712 3475 2783 Gregorium,

1914 2804 1969 2850 et
1987 2795 2243 2850 Cmsarete
2265 2796 2626 2864 Thalassium,
2644 2812 2697 2854 et
2714 2802 3025 2870 pontiﬁcum
3050 2802 3210 2855 vitam
3239 2804 3471 2872 reliquo-

1914 2902 2053 2945 rum.
2080 2888 2168 2956 qui
2202 2889 2470 2943 consimili
2493 2890 2683 2944 ordine
2705 2900 2762 2944 et
2784 2890 2891 2945 ritu
2914 2902 3168 2962 suscepto
3188 2895 3477 2961 praesulatu

1916 2975 2304 3040 Ecclesiarum,
2330 2978 2478 3031 omni
2510 2979 2903 3047 vituperatione
2928 2990 2983 3033 et
2999 2980 3271 3034 calumnia
3289 2996 3476 3035 carue-

1919 3074 2070 3120 l‘lﬂil.

264 3167 456 3230 ὁμοίαν
484 3166 635 3227 τάξιν
651 3180 708 3215 τε
746 3165 835 3214 καί
854 3159 1167 3215 ἀκολουθίαν
1194 3160 1290 3220 τὰς
1340 3157 1447 3209 τῶν
1488 3156 1822 3226 Ἐκκλησιῶν
1851 3158 2184 3226 προστασίας
2243 3159 2630 3229 ἀναδεξάμενοι
2683 3161 2881 3225 παντὸς
2928 3161 3095 3231 ψόγου
3119 3162 3213 3214 καὶ
3229 3162 3476 3232 διαϐολῆς

268 3263 485 3329 ἀπάσης
508 3257 785 3327 κρείττους
812 3255 1072 3321 ἐγένοντο.

353 3349 509 3402 Ἀλλά
534 3348 699 3399 ταῦτα
731 3345 827 3413 μὲν
873 3343 1010 3411 ὑπὲρ
1042 3336 1116 3393 ὧν
1159 3339 1431 3406 προσῆκον
1464 3334 1542 3407 ,ἦν
1587 3338 1815 3408 ῥηθῆναι
1845 3344 1891 3405 c
1988 3339 2026 3390 Α

1803 3344 1891 3405 ιο
1988 3339 2159 3406 Atque
2209 3338 2321 3392 haec
2358 3353 2456 3408 pro
2498 3340 2691 3407 quibus
2720 3339 2821 3393 dici
2860 3340 3213 3395 conveniebat
3267 3380 3285 3405 ,
3336 3343 3478 3396 dicta

271 3444 364 3495 καὶ
396 3442 626 3509 εἴρηται.
662 3433 1002 3503 ’Υπὲρήμῶν
1048 3431 1104 3483 δὲ
1137 3431 1191 3482 ἓν
1221 3432 1450 3497 εἴρηται,
1487 3429 1579 3480 καὶ
1609 3430 1821 3497 εἰρήσε-

269 3548 380 3590 ται,
410 3528 482 3586 ὡς
509 3527 726 3584 ἄκοντες
757 3523 851 3574 καὶ
872 3520 1222 3589 είσήχθημεν,
1257 3520 1349 3569 καὶ
1380 3520 1540 3587 μέχρι
1589 3517 1681 3568 τοῦ
1729 3517 1822 3568 νῦν

269 3623 346 3683 ὡς
384 3617 733 3686 κατεχόμενοι
782 3613 1142 3681 καθεζόμεθα.
1192 3612 1276 3662 Ἐν
1309 3612 1439 3661 πᾶσι
1471 3610 1524 3660 δὲ
1562 3610 1619 3660 τὸ
1666 3608 1821 3660 πειθ-

271 3719 420 3782 ήνιον
456 3712 522 3777 τῇ
556 3708 792 3775 πατρικῇ
834 3706 859 3754 ὑ
870 3704 981 3772 μῶν
1011 3702 1400 3762 ἐπιδεικνύντες
1424 3702 1629 3771 ἀγάπῃ,
1659 3700 1737 3751 ἔτι
1765 3700 1820 3752 δὲ

273 3806 457 3874 σαφῶς,
472 3802 835 3872 παριστῶντες
857 3799 931 3867 μὴ
958 3797 1282 3866 φιλονεικίας
1300 3796 1455 3866 χάριν
1475 3798 1538 3848 τὰ
1567 3796 1815 3864 ρηθέντα,

272 3897 365 3963 τῆς
385 3894 556 3946 sui»
582 3890 863 3961 μακαρίων
888 3888 1313 3958 Πατέρωνήμῶν
1357 3887 1651 3949 άθωώσεως
1682 3889 1821 3955 εἱρῆ-

275 3985 398 4036 σθαι
423 3982 706 4042 συνοδικῶς
728 3980 1101 4047 ὲκφωνηθῆναι
1122 3978 1603 4048 συνευδοκήσαμεν,
1627 3982 1824 4049 μηκέτι

272 4074 367 4127 τοῦ
384 4072 568 4126 λοιποῦ
608 4074 741 4141 πρὸς
769 4072 828 4123 τὸ
856 4071 951 4139 τῆς
981 4071 1276 4137 ἐπισκοπῆς
1308 4070 1435 4137 ὕψος
1478 4070 1685 4137 ἁθρόως
1729 4073 1823 4123 ἁν-

276 4165 504 4231 άγεσθαι
545 4166 668 4225 τοὺς
709 4165 770 4214 ὲκ
809 4162 1088 4231 λαῐκῶν,ἢ
1121 4162 1363 4230 μοναχῶν
1407 4162 1824 4231 ψηφιζομένους,

275 4258 323 4309 εἰ
346 4256 418 4325 μὴ
438 4256 523 4307 διά
554 4255 657 4306 τῶν
686 4254 880 4322 ἐφεξῆς
917 4254 1200 4324 ἱερατικῶν
1233 4253 1449 4323 βαθμῶν
1465 4254 1821 4307 διοδεύσωσιν.

289 4342 376 4393 Ἐν
394 4336 469 4403 οἷς
499 4341 602 4409 γὰρ
633 4342 925 4393 σκανδάλου
945 4342 1095 4402 νόσος
1113 4344 1223 4403 τοῖς
1249 4342 1493 4410 ἀδελφοῖς
1517 4342 1821 4410 ἐπιφύεται,

1923 3426 2049 3480 sint.
2082 3428 2152 3480 De
2178 3427 2334 3480 nobis
2367 3437 2549 3481 autem
2588 3443 2755 3481 unum
2786 3429 2990 3483 dictum
3018 3439 3123 3495 est,
3155 3445 3218 3485 ac
3245 3431 3475 3485 dicetur.

1922 3516 2078 3572 Inviti
2110 3520 2216 3572 huc
2242 3519 2458 3573 adducti
2489 3535 2715 3575 sumus:
2747 3536 2918 3589 usque
2948 3522 3123 3575 adhuc
3154 3522 3475 3585 retinentur.

1920 3617 1975 3663 et
2001 3609 2269 3663 sedemus.
2310 3610 2747 3665 Demonstrantes
2768 3619 2946 3663 autem
2976 3625 3076 3664 nos
3104 3612 3410 3680 obtempera
3422 3630 3478 3666 re

1920 3708 2161 3767 paterna:
2212 3708 2405 3753 vestrae
2453 3699 2721 3761 cbaritati,
2768 3710 3056 3766 aperteque
3107 3699 3476 3753 ostendentes.

1922 3804 2031 3843 non
2082 3791 2446 3845 contentionis
2474 3805 2631 3844 causa
2662 3790 2778 3844 hmo
2801 3791 2939 3844 dicta
2980 3806 3118 3854 esse,
3152 3790 3246 3845 sed
3298 3791 3480 3845 beato-

1924 3894 2042 3932 rum
2074 3890 2381 3933 nostrorum
2410 3880 2626 3933 Patrum
2658 3880 3024 3950 purgationis:
3057 3880 3261 3934 assensi
3292 3897 3479 3935 sumUs

1927 3979 1986 4023 ut
2014 3971 2270 4040 synodice
2300 3972 2374 4041 (4)
2428 3972 2883 4041 promulgaretur,
2911 3988 2977 4025 ne
3009 3973 3233 4040 posthac
3256 3973 3321 4026 ad
3365 3974 3479 4043 epi-

1930 4074 2185 4133 scopatus
2228 4064 2614 4119 sublimitatem
2643 4064 2926 4136 confestim
2955 4066 3360 4131 extollerentur,
3386 4084 3478 4135 qui

1930 4172 1959 4211 e
1989 4157 2137 4211 laicis
2192 4157 2274 4210 vel
2314 4158 2590 4211 monachis
2636 4166 2973 4219 crearentur,
3004 4158 3109 4210 nisi
3155 4172 3250 4225 per
3296 4172 3479 4211 sacros

1928 4246 2181 4314 deinceps
2236 4246 2430 4315 gradus
2459 4244 2832 4315 procederent.
2868 4245 2998 4299 Nam
3029 4245 3117 4299 ubi
3168 4245 3480 4301 offensionis

1928 4336 2149 4389 morbus
2196 4333 2445 4389 Patribus
2475 4336 2731 4400 exoritur,
2762 4336 2865 4389 nisi
2904 4335 3040 4390 forte
3074 4336 3336 4391 medicina
3384 4343 3476 4390 ίςιι-

277 4432 345 4486 ἂν
371 4434 443 4501 μὴ
474 4432 612 4501 μέγα
647 4431 853 4501 βλάπτῃ
885 4433 944 4483 τὸ
976 4432 1246 4496 ἰάσασθαι,
1282 4434 1402 4485 ἐπεὶ
1434 4434 1525 4486 καὶ
1541 4435 1701 4500 ἄφετε
1732 4436 1825 4486 αὺ-
1852 4446 1902 4506 D
1928 4428 1952 4481 tl

1803 4462 1825 4473 -
1852 4446 1902 4506 ι)
1928 4428 2019 4481 dat
2050 4427 2495 4497 (quandoquidem
2538 4427 2825 4481 nonnullos
2875 4426 3001 4480 vitio
3034 4441 3133 4481 suo
3159 4426 3355 4482 oﬁ'endi
3383 4442 3475 4481 su-

276 4522 424 4584 τοὺς,
443 4521 792 4589 ἐδιδάχθημεν
811 4519 1440 4582 σκανδαλίζεσθαι.”οταν
1461 4519 1599 4581 τινὲς
1615 4520 1828 4582 ἑκόντες

276 4612 357 4680 τῷ
410 4610 587 4679 φθόνῳ
631 4610 1030 4678 τυφλώττωσιν,
1080 4609 1282 4678 ἕτοιμοι
1338 4610 1482 4663 λύειν
1520 4612 1677 4679 ⁴ἡμεῖς
1734 4610 1827 4662 τοῦ

279 4701 576 4754 σκανδάλου
609 4701 708 4770 τὴν
757 4701 1048 4769 πρόφασιν,
1091 4701 1179 4752 καὶ
1212 4700 1413 4768 ῥᾴστην
1464 4700 1723 4769 παρέχειν
1763 4704 1825 4771 τῇ

277 4793 567 4862 ἀφαιρέσει
609 4792 701 4845 τοῦ
757 4793 1233 4861 συνταράσσοντος,
1266 4792 1363 4862 τὴν
1408 4791 1700 4861 θεραπείαν
1736 4794 1827 4845 τοὺ

277 4882 732 4950 ἀρῤωστήματος.
756 4881 827 4932 Τὸ
864 4883 959 4947 μὲν
985 4875 1077 4931 οὖν
1111 4880 1203 4930 ἐπὶ
1218 4880 1323 4932 τῶν
1346 4882 1827 4950 προγεγενημένων

277 4972 640 5040 ἀποδέχεσθαι
668 4972 763 5038 τὴν
796 4972 1120 5042 συμϐουλὴν,
1154 4974 1245 5024 καὶ
1274 4974 1364 5025 τὸν
1394 4972 1521 5042 παρ’
1571 4973 1695 5041 ὑμῖν
1735 4991 1832 5024 κα-

277 5062 406 5113 νόνα
459 5063 675 5130 κρατεῖν
706 5061 904 5126 ἀξιοῦν,
942 5062 1082 5114 κατά
1143 5063 1397 5132 Πατέρων
1441 5058 1506 5132 ἦν
1532 5064 1630 5131 τὴν
1679 5063 1831 5133 ὓϐριν

276 5157 624 5221 ἀναμετρεῖν,
657 5154 749 5204 καὶ
778 5154 901 5214 τοὺς
930 5153 1090 5221 μηδὲν
1119 5153 1443 5222 ἠδικηκότας
1476 5153 1628 5221 δίκην
1654 5154 1821 5204 ἁπαι-

276 5247 389 5297 τεῖν
421 5262 433 5273 ·
460 5244 519 5296 τό
538 5244 581 5296 δ’
603 5247 681 5306 εῖς
722 5245 845 5305 τοὺς
882 5245 1069 5297 ἔπειτα
1102 5246 1493 5313 γενησομένους
1527 5246 1822 5314 συγχωρεῖν

279 5334 373 5385 καὶ
438 5333 822 5401 παραπέμπειν
872 5334 1046 5401 κρίσει
1085 5332 1311 5396 πολλῶν,
1372 5330 1492 5383 οὔτε
1552 5334 1822 5400 Πατράσιν

280 5424 437 5491 ὓϐριν
467 5426 703 5492 ἐμποιεῖ,
728 5422 851 5474 οὔτε
881 5425 1068 5492 ποινὴν
1107 5423 1306 5486 ἄδικον,
1332 5424 1445 5476 ἀλλ’
1470 5424 1588 5474 οὐδὲ
1623 5423 1822 5493 ζημίαν

276 5515 472 5580 ἐπάγει
530 5515 661 5567 τισί.
693 5519 782 5567 Δεῖ
826 5516 931 5585 γὰρ
974 5516 1042 5565 τά
1096 5515 1335 5578 τεθέντας
1363 5513 1671 5581 φυλάσσειν,
1732 5514 1822 5566 καὶ

277 5608 516 5683 πατράσι
540 5608 703 5660 τέκνα
732 5606 932 5659 δίκαιόν
963 5624 1018 5657 τε
1049 5608 1139 5657 καὶ
1174 5608 1317 5658 ὅσιον
1356 5605 1687 5675 πειθαρχεῖν.

1926 4534 2045 4571 mus
2071 4517 2265 4581 edocti,
2290 4531 2411 4570 cum
2442 4526 2635 4586 sponte
2661 4524 2882 4585 propter
2908 4516 3165 4569 invidiam
3187 4517 3478 4570 caecutiunt

1924 4609 2093 4677 parati
2122 4622 2307 4662 sumus
2329 4608 2664 4661 occasionem
2694 4606 2879 4660 tollere
2901 4605 3214 4661 oﬁ‘ensionis
3240 4615 3292 4660 et
3316 4621 3476 4660 scan-

1923 4698 2048 4763 dali,
2081 4698 2489 4766 facillimamque
2515 4699 2774 4765 praebere,
2805 4697 3013 4751 sublato
3043 4713 3107 4752 eo
3124 4698 3263 4767 quod
3295 4698 3478 4751 turba-

1925 4790 2035 4852 bat,
2061 4788 2390 4856 :egritudinis
2427 4804 2632 4841 curam.
2680 4788 3037 4852 Quamobrem
3063 4787 3128 4842 de
3152 4788 3312 4841 rebus
3339 4804 3433 4857 pra
3453 4819 3477 4827 -

1926 4880 2102 4932 teritis
2130 4878 2416 4933 consilium
2455 4879 2720 4947 accipere,
2754 4887 2809 4931 et
2847 4878 3119 4946 postulare
3156 4885 3216 4931 ut
3237 4893 3301 4932 ea
3355 4895 3477 4947 qua:

1928 4971 2065 5039 apud
2099 4985 2195 5023 vos
2241 4979 2343 5032 est,
2377 4971 2560 5040 regula
2604 4978 2803 5034 teneat,
2842 4966 3094 5022 Patribus
3138 4978 3253 5023 erat
3283 4978 3470 5023 contu-

1927 5064 2143 5116 meliam
2194 5062 2461 5124 admetiri,
2512 5068 2567 5115 et
2597 5061 2664 5114 ab
2695 5061 2760 5113 iis
2787 5060 2879 5128 qui
2929 5059 3060 5113 nihil
3101 5058 3477 5129 deliquissent,

1930 5169 2115 5223 ptenas
2137 5163 2403 5222 expetere.
2436 5154 2492 5204 ln
2535 5161 2805 5219 posterum
2834 5166 2961 5204 vero
2990 5150 3041 5204 id
3074 5150 3390 5213 concedere,
3424 5162 3476 5204 et

1930 5247 2239 5314 permittere
2266 5244 2550 5297 multorum
2574 5244 2777 5312 judicio
2805 5258 2903 5296 nec
2924 5241 3170 5297 Patribus
3197 5252 3477 5297 contumed

1928 5337 2053 5389 liam
2104 5335 2279 5398 aﬁ'ert.
2310 5350 2407 5389 nec
2443 5335 2690 5403 cuiquam
2740 5348 2951 5402 pinnam
2989 5334 3264 5402 injustam,
3310 5348 3371 5387 ac
3410 5346 3481 5387 ne

1928 5429 2179 5482 damnum
2202 5429 2413 5496 quidem
2431 5427 2646 5497 irrogat.
2693 5426 2823 5491 Qua:
2844 5426 2987 5479 enim
3010 5425 3300 5479 constituta
3330 5440 3473 5485 sum,

1928 5518 2195 5571 custodire
2233 5524 2481 5587 oportet;
2521 5526 2577 5570 et
2599 5516 2841 5586 patribus
2874 5515 3009 5569 ﬁlios
3059 5514 3148 5585 jus
3176 5513 3360 5585 fasque
3397 5516 3477 5569 est

1928 5607 2169 5660 obedire.

1812 5724 2041 5778 NOTAE.

348 5819 423 5890 (4)
461 5818 591 5875 (Ian.
624 5818 709 5885 l7,
738 5819 994 5887 repetitus
1021 5820 1075 5872 in
1106 5829 1293 5875 octava
1320 5819 1519 5889 synodo
1547 5819 1801 5873 Photiuna
1839 5819 2061 5874 inferius
2082 5819 2180 5875 sub
2201 5818 2355 5875 Joan.
2386 5835 2509 5891 pap.
2546 5830 2735 5877 octavo
2764 5821 2963 5877 habita.
