4242 6438
785 369 884 434 611

1967 367 2230 429 ΡΗΟΤΙΙ
2267 368 2767 433 ΡΑΤΒΙΛΒΟΗΕ
2801 371 2908 434 CP.

3913 365 4037 430 612

849 479 1054 536 Idcirco
1086 477 1314 532 alterum
1340 475 1556 545 quidem
1581 489 1692 530 non
1712 475 2042 545 accepimus,
2069 476 2165 531 sed
2192 493 2358 548 repu-
2383 490 2430 544 Α

2356 508 2358 514 ν
2383 490 2430 544 Α
2529 481 2620 532 Διὸ
2644 481 2706 532 τὸ
2730 482 2828 550 μὲν
2851 480 2912 533 ού
2933 476 3351 549 προσηκάμεθα,
3379 476 3491 532 ἀλλ’
3514 473 3966 546 ἀπεδοκιμάσαμε
3977 495 4031 538 ν,

781 574 966 636 limus,
991 579 1045 624 et
1067 571 1186 624 aliis
1208 579 1267 623 ut
1293 569 1628 638 repellerent
1659 607 1674 632 ,
1717 568 2007 632 suasimus,
2042 578 2203 638 atque
2231 586 2358 624 sua-

781 666 1068 726 debimus;
1102 663 1328 715 alterum
1347 675 1476 715 vero
1506 670 1563 714 et
1609 661 1922 726 ascivimus,
1955 671 2011 716 et
2030 662 2358 730 synodaliter

780 756 1010 826 egimus.
1044 758 1216 822 Atque
1239 755 1444 806 utinam
1502 754 1721 823 pridem
1753 753 2356 824 Constantinopolitana

782 847 1020 902 Ecclesia
1042 848 1279 916 regulam
1308 845 1450 898 hanc
1477 857 1750 899 servasset
1776 848 1788 899 l
1816 845 1908 900 Sic
1929 846 2073 900 enim
2126 846 2356 901 fortasse

782 939 1138 994 intolerabilis
1167 938 1461 1003 violentiae,
1495 949 1550 992 et
1597 937 1937 992 influentium
1966 939 2020 992 in
2061 953 2147 992 me
2173 938 2356 1007 oppri-

783 1032 1156 1099 mentiumque
1207 1030 1678 1084 incommodorum
1746 1030 1961 1083 turbam
2019 1028 2354 1098 effugissem.

786 1123 985 1177 Verum
1014 1123 1135 1176 aliis
1162 1121 1380 1190 quidem
1417 1121 1486 1174 ob
1523 1120 1752 1174 salutem
1794 1131 1850 1174 et
1879 1136 2130 1181 curarum
2155 1119 2354 1174 libera-

784 1217 987 1271 tionem
1009 1215 1188 1285 regula
1220 1230 1281 1268 ea
1311 1214 1508 1283 scripta
1534 1223 1618 1267 est
1649 1231 1661 1266 :
1686 1213 1819 1267 mihi
1847 1229 1977 1267 vero
2003 1214 2180 1267 crebri
2209 1213 2356 1266 labo-

783 1324 927 1373 rum,
949 1308 1436 1377 aegritudinumque
1466 1305 1701 1360 influxus
1728 1321 1848 1374 qua:
1869 1305 2138 1368 liberatio,
2167 1320 2354 1374 quaeve

783 1401 923 1454 ratio
959 1410 1014 1454 et
1038 1400 1124 1453 via
1154 1399 1381 1452 inveniri
1423 1398 1665 1468 poterit?
1695 1396 1850 1462 Quod
1881 1397 2163 1450 instabiles
2182 1396 2352 1450 stabi-

781 1491 884 1547 lire
928 1498 1194 1560 Oporteat,
1229 1491 1445 1560 ignaros
1486 1491 1736 1552 edocere,
1769 1489 2070 1543 ineruditos
2115 1489 2352 1552 erudire,

783 1592 839 1637 et
867 1583 1072 1636 ratione
1118 1595 1182 1634 ac
1214 1596 1466 1634 sermone
1520 1595 1615 1634 eos
1651 1580 1887 1650 aggredi,
1922 1581 2013 1649 qui
2044 1595 2186 1650 aagre
2219 1595 2352 1634 con-

783 1681 1092 1735 vertuntur,
1137 1681 1194 1724 et
1224 1671 1402 1740 ﬂagris
1431 1679 1713 1739 protervos
1756 1672 2072 1739 reprimere,
2133 1671 2352 1739 ignavos

2459 574 2553 624 καὶ
2584 576 2693 635 τοῖς
2718 571 2898 634 ἀλλοις
2936 571 3358 641 ἀποδοκιμάζειν
3415 566 3910 636 συνεδουλεύσαμέν
3962 584 4034 618 τε

2458 664 2553 717 καὶ
2589 662 3080 734 συμϐουλεύσομεν.
3123 662 3198 714 Τὸ
3224 663 3281 715 δὲ
3310 663 3405 715 καὶ
3440 660 3986 732 προσῳκειωσάμεθα
4007 699 4029 724 ,

2457 759 2552 811 καὶ
2606 755 2897 819 συνοδικῶς
2947 754 3396 826 διεπραξάμεθα,
3445 753 3542 807 καὶ
3595 753 3706 806 εἴθε
3765 753 3930 806 πάλαι
3989 755 4028 822 ἡ

2455 846 3103 902 Κωνσταντινουπολιτῶν
3140 845 3438 915 Ἐκκλησία
3467 845 3560 898 τὸν
3586 844 3789 898 κανόνα
3830 841 4030 896 τοῦτον

2455 942 2796 1010 φυλάττουσα
2820 940 3190 1008 κατεφαίνετο.
3226 938 3381 992 Οὕτω
3403 939 3514 1009 γὰρ
3538 939 3604 992 ἀν
3630 939 3759 999 ἴσως
3788 935 3899 1005 ἐγὼ
3918 937 4027 1006 τῆς

2454 1011 2731 1099 ἀφορήτου
2771 1029 2924 1098 βίας,
2957 1029 3050 1081 καὶ
3083 1027 3190 1080 τῶν
3219 1027 3584 1098 ἐπιρρεόντων
3615 1042 3704 1095 μοι
3739 1026 3834 1076 καὶ
3883 1041 4030 1092 συμ-

2457 1123 2756 1190 πνιγόντων
2803 1123 3168 1194 πειρατηρίων
3205 1121 3298 1174 τδν
3340 1122 3496 1191 δχλον
3547 1121 3826 1190 ἐξέφυγον.
3879 1120 4029 1173 Ἀλλ’

2456 1217 2661 1286 ἑτέροις
2708 1217 2805 1286 μὲν
2843 1217 2937 1268 έπὶ
2985 1215 3223 1286 σωτηρίᾳ
3257 1216 3354 1269 καὶ
3399 1216 3688 1286 ἀπαλλαγῇ
3724 1213 4028 1284 φροντίδων

2455 1311 2486 1362 ὁ
2532 1309 2711 1362 κανὼν
2740 1309 3186 1379 ἀναγέγραπται,
3226 1310 3351 1378 ἐμοὶ
3383 1309 3440 1361 δὲ
3478 1309 3576 1377 τῆς
3619 1306 4026 1376 ἀλλεπαλλήλου

2455 1403 2564 1456 τῶν
2604 1403 2781 1455 πόνων
2833 1419 2894 1455 τε
2945 1402 3041 1454 καὶ
3075 1403 3337 1471 καμάτων
3371 1401 3634 1472 έπιρῤοῆς
3681 1402 3765 1464 τίς
3801 1400 4024 1471 μηχανὴ

2454 1497 2556 1563 τῆς
2587 1495 2907 1565 ἀπαλλαγῆς
2927 1495 3317 1566 εὐρεθήσεται;
3345 1495 3470 1558 τοὺς
3499 1494 3861 1564 ἀστηρίκτους
3891 1510 4027 1560 στηο

2459 1586 2639 1655 ρίξαι,
2672 1587 2799 1648 τοὺς
2849 1585 3080 1652 ἀμαθεῖς
3125 1584 3430 1648 ἐκδιδάξαι,
3485 1585 3611 1645 τοὺς
3665 1581 4026 1643 ἀπαιδεύτους

2455 1678 2762 1741 παιδεῦσαι,
2795 1677 2888 1730 καὶ
2908 1677 2984 1745 τῷ
3003 1676 3144 1746 λόγῳ
3171 1676 3484 1744 πειρᾶσθαι,
3515 1676 3563 1726 οἳ
3593 1676 3746 1744 μόλις
3769 1675 4028 1743 έπιστρέ-

782 1765 1044 1826 excitare,
1073 1763 1254 1816 avaris
1297 1761 1623 1830 persuadere
1653 1762 2006 1829 pecuniarum
2046 1760 2352 1829 despicien-
2386 1823 2426 1876 Β

785 1857 851 1876 ιτ-
883 1873 908 1876 _-
979 1865 1135 1876 ....,.Δ
1190 1869 1484 1876 ---ηκκ-.-.ηη
1542 1868 1777 1876 ...κη-.-.ει
1807 1871 1820 1876 -
1874 1852 2145 1876 _..l‘_....-....
2185 1852 2324 1876 -..με

2350 1789 2352 1798 ’
2386 1823 2426 1876 Β
2457 1788 2645 1840 φονται
2667 1771 2762 1824 καὶ
2792 1773 2912 1833 ταῖς
2938 1768 3188 1840 μάστιξι·
3213 1769 3342 1830 τοὺς
3367 1769 3586 1837 θρασεῖς
3620 1766 3867 1828 έλκῦσαι,
3897 1765 4025 1825 τοὺς

785 1857 937 1919 tiam,
975 1865 1139 1923 atque
1190 1869 1486 1922 pauperum
1540 1868 1822 1918 amorem;
1874 1852 2148 1906 refrenare
2183 1852 2355 1907 ambi-

783 1949 976 2012 tiosos,
1029 1948 1210 2014 itaque
1265 1944 1628 2011 assuefacere,
1679 1954 1739 1998 ut
1786 1945 2047 1999 honorem
2097 1954 2356 2014 expetant

784 2041 876 2109 qui
906 2039 1385 2101 honorabiliorem,
1409 2037 1841 2104 divinioremque
1864 2036 2099 2090 animam
2126 2036 2352 2099 efﬁciat;

784 2131 1046 2199 superbos
1094 2128 1347 2182 deorsum
1402 2128 1640 2193 trahere,
1672 2141 1873 2196 eosque
1925 2128 1994 2181 ad
2037 2128 2355 2182 modestiam

787 2223 1015 2287 hortari,
1050 2231 1106 2275 et
1136 2220 1203 2273 ad
1241 2220 1453 2273 modice
1485 2220 1552 2273 de
1582 2234 1640 2274 se
1683 2219 2025 2274 sentiendum
2055 2236 2069 2283 ;
2115 2219 2356 2289 impuros

783 2332 847 2370 ac
877 2314 1192 2368 libidinosos
1219 2321 1275 2366 et
1295 2311 1616 2365 l'ornicarios
1645 2311 2027 2380 comprimere,
2043 2321 2098 2365 et
2125 2312 2193 2365 ad
2220 2320 2356 2364 tem-

784 2407 1087 2479 perantiam
1134 2405 1519 2468 conformare;
1557 2404 1854 2473 prohibere
1887 2404 2135 2471 injurias,
2178 2402 2356 2456 homi-

786 2515 992 2569 nesque
1016 2499 1083 2552 ad
1106 2499 1253 2567 juste
1281 2496 1550 2566 agendum
1577 2495 1886 2560 adducere;
1935 2495 2104 2549 lenire
2125 2504 2180 2548 et
2204 2509 2358 2548 man-

785 2595 1068 2648 suefacere
1119 2590 1430 2650 iracundos,
1464 2587 1838 2658 pusillanimes
1859 2586 2160 2650 consolari;
2191 2601 2255 2640 ac
2289 2599 2358 2639 ne

786 2697 982 2739 czmera
1023 2681 1300 2752 sigillatim
1328 2694 1669 2744 enumerem,
1696 2679 1973 2733 consuetis
2013 2677 2360 2747 passionibus

786 2786 843 2831 et
871 2775 1213 2844 improbitate
1246 2779 1301 2826 et
1335 2771 1576 2840 nequitia
1613 2787 1734 2840 qua:
1768 2779 1882 2822 tum
1920 2770 2131 2823 animas
2155 2771 2212 2823 in
2238 2784 2359 2823 ser-

787 2868 1017 2921 vitutetn
1073 2864 1346 2933 redigunt,
1378 2874 1490 2915 tum
1535 2877 1760 2931 corpora
1804 2860 2101 2923 sordidant,
2144 2859 2361 2913 studere

787 2957 874 3009 vel
922 2955 1117 3008 invitos
1173 2970 1267 3008 eos
1322 2954 1551 3007 liberare
1590 2954 1682 3022 qui
1734 2953 1800 3006 iis
1858 2961 2133 3017 tenentur,
2160 2965 2361 3020 eosque

789 3048 1007 3101 Christo
1041 3061 1194 3100 veros
1220 3048 1448 3098 famulos
1492 3046 1708 3099 offerre.
1741 3046 1807 3099 Et
1841 3061 1946 3114 qua
1977 3046 2184 3100 ratione
2209 3046 2364 3115 quis-

2460 1862 2754 1933 βλακὼδεις
2783 1862 3079 1932 ἀνδρῶσαι,
3109 1861 3234 1924 τοὺς
3263 1858 3631 1931 φιλαργύρους
3666 1861 3850 1911 πεῖσαι
3880 1875 4023 1926 χρη-

2459 1957 2642 2027 μάτων
2695 1956 3090 2026 ὑπερφρονεῖν,
3125 1953 3218 2006 καὶ
3266 1950 3638 2022 φιλοπτώχους
3687 1946 3858 2008 εἶναι.
3894 1950 4026 2011 τοὺς

2456 2049 2770 2117 φιλοτίμους
2811 2046 3286 2117 χαλιναγωγῆσαι,
3317 2044 3412 2098 καὶ
3437 2047 3600 2112 τιμῆς
3635 2044 3765 2110 έρᾷν
3805 2040 3987 2093 ἐθίσαι
4007 2079 4023 2102 ,

2455 2139 2578 2205 ἥτις
2605 2137 2938 2207 τιμιωτέραν
2975 2136 3070 2189 καὶ⁸
3097 2134 3376 2204 θειοτέραν
3403 2133 3580 2203 ψυχὴν
3608 2130 3987 2202 ἀπεργάζεται
4007 2144 4024 2160 ο

2455 2232 2582 2293 τοὺς
2628 2229 3011 2300 ὑπερηφάνους
3061 2227 3441 2290 κατασπάσαι,
3480 2224 3578 2278 καὶ
3615 2226 4028 2296 μετριοφρονεῐν

2456 2321 2848 2392 παρορμῆσαιο
2904 2320 3030 2381 τοὺς
3083 2317 3510 2388 ὲκπορνεύοντας
3557 2315 3863 2385 ἀνακόψαι,
3929 2314 4029 2367 καὶ

2459 2413 2756 2483 σωφρονεῖν
2799 2412 3160 2483 καταρτίσαιο
3207 2411 3336 2472 τοὺς
3381 2407 3702 2470 ἀδικοῦντας
3743 2406 4025 2468 κωλῦσαι,

2458 2501 2556 2554 καὶ
2611 2501 3026 2572 δικαιοπραγεῖν
3086 2499 3536 2570 παρασκευάσαι·
3598 2499 3724 2562 τοὺς
3773 2497 4030 2567 ὀργίλους

2457 2594 2770 2666 ἡμερῶσαι,
2800 2596 2926 2658 τοὺς
2973 2593 3324 2662 ὀλιγοψύχους
3357 2590 3884 2662 παραμυθήσασθαι,
3930 2590 4031 2642 καὶ

2457 2687 2512 2739 τί
2539 2686 2620 2739 δεῖ
2647 2686 2716 2740 τά
2757 2687 2898 2740 κατά
2935 2685 3098 2756 μέρος
3134 2685 3420 2756 ἀριθμεῖν;
3458 2684 3566 2738 τῶν
3601 2684 3806 2753 ὲθίμων
3833 2682 4030 2736 παθῶν

2457 2794 2518 2829 τε
2545 2777 2639 2830 καὶ
2663 2777 2891 2840 κακιῶν,
2930 2776 2968 2830 ἃ
2993 2777 3168 2847 ψυχὰς
3193 2776 3472 2840 ὲδούλωσε,
3491 2777 3585 2828 καὶ
3615 2774 3842 2845 σώματα
3889 2791 4028 2827 κατ-

2460 2866 2768 2938 ερῤύπωσε,
2800 2867 2900 2920 καὶ⁵
2931 2866 3174 2920 ἀκόντων
3198 2866 3306 2920 τῶν
3336 2867 3718 2937 κατεχομένων
3773 2865 4032 2918 σπεύδειν

2459 2953 2786 3022 ἀπαλλάξαι,
2826 2956 2922 3009 καὶ
2951 2956 3170 3027 Χριστῷ
3197 2959 3544 3028 παραστῆσαι
3575 2957 3828 3026 γνησίους
3861 2957 4032 3026 θερά-

2462 3065 2682 3111 ποντας.
2717 3051 2826 3102 Καὶ
2854 3049 2972 3112 πῶς
2997 3050 3063 3103 ἄν
3087 3067 3172 3114 τις
3190 3050 3520 3120 τηλικούτων
3548 3066 3607 3102 τε
3637 3050 3730 3102 καὶ
3755 3049 4032 3102 τοσούτων

789 3155 951 3209 quam
982 3139 1069 3192 cui
1097 3147 1175 3192 tot
1218 3147 1598 3206 tantarumque
1626 3153 1808 3191 rerum
1837 3153 1967 3192 cura
1997 3138 2064 3191 sit
2087 3139 2354 3206 imposita,
2384 3159 2426 3218 ο

2384 3159 2426 3218 c
2463 3139 2807 3209 πραγμάτων
2863 3141 3169 3210 φροντίζειν
3220 3140 3399 3204 τεθεὶς
3460 3141 3521 3193 ού
3583 3141 3682 3210 τὴν
3736 3140 4031 3210 ἀφαίρεσιν

792 3246 901 3283 non
943 3230 1340 3298 ademptionem
1397 3229 1567 3298 magis
1614 3243 1776 3297 quam
1830 3229 2354 3284 administrationem

792 3321 954 3391 hujus
983 3321 1318 3391 principatus
1340 3322 1580 3390 requirat
1602 3321 1625 3373 ?

864 3415 921 3467 In
967 3413 1195 3467 circuitu
1231 3429 1418 3466 rursus
1459 3413 1653 3482 impii:
1687 3413 1778 3466 alii
1829 3412 2120 3484 imaginem
2158 3412 2357 3468 Christi

793 3516 1156 3574 conspuentes
1191 3515 1245 3560 et
1279 3506 1380 3573 ipsi
1403 3505 1621 3558 Christo
1653 3505 1709 3558 in
1735 3520 1799 3558 ea
1831 3505 2194 3560 obtrectantes
2220 3524 2234 3571 ;
2265 3507 2356 3560 alii

795 3611 1014 3653 naturas
1040 3601 1094 3651 in
1127 3616 1192 3652 eo
1221 3599 1643 3662 confundentes,
1683 3606 1776 3650 aut
1803 3598 2152 3667 abnegantes,
2187 3607 2242 3652 et
2269 3597 2358 3652 alii

795 3707 948 3746 nova:
993 3700 1204 3743 natura:
1237 3689 1553 3743 inductione
1581 3686 1792 3758 priores
1813 3691 2257 3753 exterminantes,
2303 3699 2359 3744 ct

793 3792 1036 3851 quartam
1068 3782 1329 3852 synodum
1359 3779 1844 3834 innumerabilibus
1860 3781 2159 3833 maledictis
2181 3782 2358 3834 inces-

793 3885 998 3940 sentes,
1049 3875 1336 3926 adversum
1371 3887 1506 3941 quos
1535 3870 1691 3925 nobis
1731 3871 1931 3924 bellum
1957 3871 2252 3924 excitatum
2305 3879 2361 3924 et

793 3967 964 4022 multo
985 3973 1227 4034 tempore
1254 3976 1483 4035 gestum,
1501 3964 1702 4017 multos
1718 3963 1771 4016 in
1788 3964 2152 4017 obedientiam
2201 3963 2360 4018 Chri-

795 4058 864 4111 sti
899 4055 1217 4124 captivavit.
1269 4053 1465 4123 Ecquis
1503 4054 1632 4106 mihi
1667 4054 1778 4117 det,
1811 4063 1869 4108 ut
1905 4070 2094 4108 omnes
2119 4054 2362 4123 captivos

794 4148 1006 4203 videam
1032 4147 1054 4198 ?
1086 4144 1287 4215 Vulpes
1321 4160 1509 4199 rursus
1541 4161 1607 4199 ex
1649 4145 1885 4199 latibulis
1913 4146 2024 4198 suis
2073 4146 2359 4213 prodeunt,

797 4255 998 4308 eosque
1022 4239 1114 4307 qui
1152 4237 1334 4290 multis
1350 4236 1712 4305 simpliciores
1739 4245 1942 4290 suntet
1970 4251 2132 4305 prave
2152 4235 2360 4300 faciles,

800 4348 898 4404 per
921 4331 1168 4384 fraudem
1199 4339 1260 4382 ut
1290 4328 1465 4397 pullos
1496 4329 1778 4382 devorant.
1826 4327 2212 4382 Schismaticas
2242 4328 2362 4382 dico

795 4425 1006 4492 vulpes,
1051 4435 1280 4490 quarum
1336 4418 1651 4473 abscondita
1698 4427 1780 4472 est
1822 4419 2044 4482 malitia,
2092 4419 2262 4471 multo
2297 4419 2362 4472 iis

2461 3232 2683 3301 μᾶλλον,
2707 3233 2742 3302 ἢ
2775 3231 2875 3301 τὴν
2905 3233 3219 3302 ἐγχείρησιν
3245 3231 3343 3302 τῆς
3367 3231 3540 3302 ἀρχῆς
3569 3231 3918 3303 ἐπιζητήσειε
3941 3249 3958 3298 ;

2531 3411 2732 3482 Κύκλῳ
2770 3412 2933 3464 πάλιν
2963 3411 3013 3465 οἱ
3055 3410 3293 3477 ἀσεϐεῖς,
3338 3412 3386 3463 οί
3419 3411 3516 3480 μὲν
3547 3410 3645 3481 τὴν
3677 3411 3860 3464 εἰκόνα
3890 3413 4032 3483 Χρι·

2462 3504 2589 3556 στοῦ
2619 3504 2990 3566 διαπτύοντες,
3019 3504 3114 3557 καὶ
3151 3504 3382 3574 Χριστὸν
3420 3504 3580 3556 αὑτὸν
3610 3505 3667 3557 έν
3692 3504 3866 3575 ταύτῃ
3906 3507 4030 3559 6w.-

2463 3597 2737 3666 σύροντες,
2785 3598 2835 3647 οἱ
2883 3596 3067 3659 δὲτὰς
3120 3595 3328 3648 ἑαυτῶν
3373 3595 3561 3663 φύσεις
3605 3596 3960 3665 συγχέοντες,
3991 3597 4026 3665 ἢ

2457 3690 2894 3759 ἀπαρνούμενοι,
2922 3689 3086 3759 ἄλλης
3113 3689 3326 3757 φύσεως
3358 3689 3673 3758 καινοτέρας
3717 3691 4026 3756 ἐπεισαγω·

2459 3783 2624 3849 γηταὶ
2669 3781 2945 3851 προτέρας
2973 3781 3328 3851 έξορίζοντες,
3347 3783 3440 3834 καὶ
3466 3781 3564 3852 τὴν
3607 3785 3872 3852 τετάρτην
3902 3783 4029 3835 σύν-

2460 3874 2582 3926 οδον
2627 3874 2849 3943 μυρίαις
2913 3877 3036 3938 ταῖς
3081 3874 3449 3945 βλασφημίαις
3491 3875 4025 3942 καθυποσάλλοντες,

2463 3966 2598 4036 πρὸς
2622 3965 2711 4029 οὒς
2748 3967 2877 4035 ἡμῖν
2905 3967 2932 4018 ὁ
2971 3966 3205 4036 πόλεμος
3255 3967 3688 4038 ἀναῤῥιπισθεὶς,
3720 3969 3812 4020 καὶ
3848 3969 4029 4038 χρόνῳ

2465 4056 2644 4124 συχνῷ
2673 4057 3082 4127 συγκροτηθεὶς,
3130 4060 3209 4122 είς
3238 4059 3336 4130 τὴν
3371 4061 3616 4130 ὑπακοὴν
3659 4061 3751 4115 τοῦ
3787 4063 4028 4133 Χριστοῦ

2465 4147 2690 4212 πολλοὺς
2737 4150 3146 4218 ᾑχμαλώτευσε.
3194 4152 3290 4215 Τίς
3331 4152 3388 4204 δέ
3421 4170 3510 4221 μοι
3543 4153 3656 4225 δοίη
3702 4156 3792 4207 καὶ
3824 4157 3887 4207 τὸ
3920 4159 4032 4208 πᾶν

2467 4240 2594 4291 ίδεῖν
2650 4241 3215 4311 αἰχμαλωτιζόμενονς
3260 4245 3328 4296 Al.
3380 4245 3661 4308 ἀλώπεκες
3712 4247 3873 4300 πάλιν
3920 4249 4031 4301 τῶν

2465 4331 2686 4399 φωλεῶν
2717 4333 3141 4399 ύπεκδύνουσαι,
3174 4336 3267 4389 καὶ
3295 4337 3420 4400 τοὺς
3451 4338 3560 4390 τῶν
3596 4339 3803 4392 πολλῶν
3832 4341 4033 4408 ἀφελε-

2468 4423 2708 4491 στέρους,
2761 4425 2794 4493 ἢ
2847 4423 3255 4497 εύηθεστέρους,
3287 4427 3544 4499 ὀρνιθίοις
3578 4430 3665 4482 ῑσα
3701 4431 3768 4483 δι’
3813 4433 4033 4502 ἀπάτης

796 4513 1063 4575 infestior,
1106 4510 1197 4579 qui
1236 4519 1423 4578 aperte
1454 4509 1794 4563 insidiantur.
1832 4509 1964 4561 Nam
2001 4509 2362 4578 ingredientes
2397 4519 2471 4573 υτ

2358 4529 2362 4561 '.
2397 4519 2440 4573 ι)
2467 4515 2845 4568 κατεσθίουσαι
2867 4556 2881 4580 ,
2914 4518 3013 4579 τὰς
3047 4520 3409 4589 σχισματικάς
3441 4520 3730 4594 ἀλώπεκας
3759 4522 3932 4590 λέγω,
3958 4518 4033 4578 ὧν

799 4604 853 4658 in
919 4603 1130 4667 domos,
1186 4601 1337 4669 juxta
1387 4601 1630 4654 divinum
1681 4601 1996 4669 Apostolum
2045 4602 2362 4670 decipiunt'

798 4696 1145 4751 mulierculas
1192 4702 1444 4748 oneratas
1495 4694 1747 4763 peccatis,
1802 4703 2064 4764 quaestum
2097 4695 2196 4748 sibi
2243 4711 2365 4750 esse

799 4789 1058 4843 ducentes
1083 4787 1338 4858 ingluviei
1370 4795 1422 4840 et
1454 4801 1606 4839 vanae
1647 4785 1847 4856 gloriae,
1879 4793 1935 4840 et
1958 4795 2165 4840 exterae
2189 4788 2365 4842 omnis

799 4879 1094 4948 voluptatis
1139 4891 1298 4946 atque
1346 4876 1863 4947 impurmlihidinis,
1917 4877 2259 4952 artiﬁciosam
2309 4880 2364 4933 in

799 4982 1038 5026 sanctam
1073 4971 1370 5024 Eeelesiam
1405 4969 1880 5023 insurrectionem.

2469 4607 2526 4658 έν
2553 4606 2782 4679 κρυπτῷ
2817 4608 2849 4678 ἡ
2882 4610 3068 4674 κακία,
3103 4613 3194 4663 καὶ
3226 4614 3256 4681 ἠ
3301 4611 3474 4682 βλάϐη
3512 4614 3645 4668 πολὺ
3681 4614 3786 4668 τῶν
3815 4632 4035 4686 προτρα-

2468 4699 2572 4762 νῶς
2601 4700 3057 4756 ἐπιϐουλευόντων
3089 4704 3464 4777 χαλεπωτέρα.
3498 4708 3606 4760 Καὶ
3637 4708 3741 4778 γὰρ
3773 4709 4036 4772 εἰσιόντες

2469 4793 2548 4857 είς
2573 4794 2672 4858 τὰς
2701 4795 2875 4859 οἰκίας
2905 4798 3048 4850 κατά
3077 4799 3168 4850 τὸν
3194 4799 3335 4852 θεῖον
3376 4800 3695 4854 ’Δπόστολον
3721 4802 4035 4866 ἐξαπατῶσι

2469 4887 2796 4958 γυναικάρια
2837 4890 3221 4960 σεσωρευμένα
3260 4891 3584 4962 ἁμαρτίαις,
3636 4895 3908 4964 πορισμὸν
3941 4896 4038 4948 αύ-

2469 4980 2581 5042 τοῖς
2608 4982 3068 5050 γαστριμαργίας,
3115 4984 3208 5037 καὶ
3244 4984 3568 5051 κενοδοξίας,
3604 4987 3696 5039 καὶ
3731 4987 3830 5056 τῆς
3867 4989 4036 5056 άλλης

801 5065 1018 5132 ἀπάσης
1044 5062 1409 5132 ,ἡδυπαθείας,
1443 5063 1538 5114 καὶ
1567 5063 1932 5133 ἀκαθαρσίας,
1961 5063 2059 5134 τὴν
2091 5065 2230 5118 κατά
2268 5066 2366 5135 τῆς
2390 5069 2713 5140 Ἐκκλησίας
2744 5073 3160 5144 έπιτεχνώμενοι
3187 5077 3573 5133 ἐπανάστασιν.

873 5157 1062 5209 Solent
1083 5155 1227 5207 enim
1257 5192 1272 5217 ,
1315 5164 1373 5209 ut
1402 5154 1718 5224 plurimum,
1758 5156 1902 5225 vulgi
1941 5171 2119 5210 mores
2149 5169 2368 5226 propter

807 5247 1174 5301 inﬁrmitatem
1221 5256 1275 5300 et
1312 5247 1715 5300 instabilitatem
1751 5247 1967 5312 mentis,
2013 5249 2364 5313 novitatibus,

807 5340 1068 5406 novisque
1125 5337 1452 5392 factionibus
1504 5337 1673 5407 magis
1724 5339 1962 5402 studere,
2009 5354 2168 5406 quam
2214 5339 2371 5392 bonis

809 5429 1070 5482 institutis
1103 5429 1220 5483 niti.
1253 5428 1494 5495 Quorum
1525 5431 1766 5482 omnium
1786 5429 2030 5498 quamvis
2055 5431 2290 5483 audacia:
2318 5439 2373 5483 et

807 5521 1146 5574 contumeliae
1161 5521 1374 5576 flamma
1405 5523 1666 5576 exstincta
1691 5525 1781 5590 sit,
1809 5523 1885 5593 (5)
1913 5524 2167 5594 synodico
2182 5524 2374 5579 decre-

889 5645 908 5675 ¹
949 5639 992 5696 ιι
1035 5639 1174 5694 Tim.
1209 5655 1286 5703 ιιι,
1313 5640 1366 5694 6.

2539 5162 2686 5215 Φιλεῖ
2710 5165 2813 5236 γὰρ
2841 5164 2914 5228 ὼς
2944 5168 3010 5220 τὰ
3036 5167 3203 5220 πολλά
3225 5170 3332 5221 τῶν
3365 5170 3634 5238 ἀγελαίων
3659 5173 3687 5224 ὁ
3714 5172 3916 5242 τρόπος
3949 5173 4036 5226 διὰ

2470 5253 2657 5324 τὸτῆς
2713 5258 2933 5328 γνώμης
2983 5260 3342 5331 ἠρῤωστηκδς
3394 5263 3488 5315 καὶ
3530 5264 3858 5334 ἀστήρικτον
3917 5267 4036 5328 uti;

2473 5349 2840 5417 καινοτομίαις
2872 5368 2930 5402 τε
2965 5351 3059 5404 καὶ
3099 5355 3220 5414 ταῖς
3249 5355 3690 5424 νεωτεροποιίαις
3723 5372 4035 5427 προσκεχη-

2474 5436 2621 5490 νέναι
2663 5441 2881 5508 μᾶλλον,
2914 5442 2946 5512 ἢ
2981 5447 3090 5506 τοῖς
3119 5443 3479 5516 καθεστηκόσι
3510 5447 3601 5500 καὶ
3631 5446 3811 5510 καλῶς
3846 5449 4038 5516 κειμέ·

2477 5545 2588 5593 νοις
2621 5535 3159 5604 προσεπερείδεσθαι,
3195 5531 3267 5591 ὧν
3296 5538 3550 5592 ἁπάντων
3597 5541 3644 5592 εί
3680 5540 3774 5593 καὶ
3818 5539 3879 5592 τὸ
3928 5538 3997 5592 πῖ
4007 5555 4037 5609 ρ

2311 5710 2541 5768 NOTAE.

881 5783 953 5853 i5).
997 5782 1124 5834 Can.
1166 5781 1252 5835 lSl
1291 5789 1396 5835 oet.
1429 5781 1614 5848 synod.
1650 5784 1749 5838 sub
1781 5783 1936 5838 Phot.
