4242 6438
196 408 307 473 613

1349 398 1889 463 EPISTOLARUM
1931 397 2157 460 LIBER
2192 397 2242 459 ῐ.

3307 392 3411 463 614

196 520 293 573 τοῦ
340 517 571 588 θράσους
632 516 726 568 καὶ
759 514 858 582 τῆς
907 511 1192 583 παροινίας
1223 514 1288 582 τῇ
1320 514 1569 582 συνοδικῇ
1623 528 1749 565 κατ’
1785 520 1871 577 At

1739 540 1749 552 -
1785 524 1827 577 Α
1858 520 1910 565 to
1936 521 2171 579 paternze
2206 517 2399 563 vestra:
2430 507 2701 577 religionis
2727 549 2743 572 ,
2786 508 3052 562 sententia
3083 508 3136 562 in
3181 522 3276 563 eos
3317 524 3414 565 sua

197 611 435 677 εσεέσθη
450 609 634 678 ψήφῳ,
660 608 761 673 τῆς
783 605 937 674 ὑμῶν
958 606 1229 674 πατρικῆς
1250 605 1523 673 ὁσιότητος
1548 604 1636 655 διὰ
1652 604 1758 655 τῶν

195 700 544 768 τιμιωτάτων
570 698 735 764 αὐτῆς
762 694 1146 764 τοποτηρητῶν
1169 695 1267 761 τὴν
1295 693 1412 745 κατ’
1442 692 1620 744 αὐτῶν
1644 692 1759 742 ἐπι-

194 789 479 857 πυρούσης
508 789 801 853 ἀπόφασιν,
848 786 962 839 ἀλλ’
1012 782 1104 838 οὖν
1137 788 1164 836 ὁ
1198 785 1403 847 καπνὸς
1433 785 1513 837 ἔτι
1554 784 1758 843 δάκνει,

199 882 301 933 καὶ
364 881 489 949 ἀνιᾷ
544 878 669 939 τοὺς
726 878 1038 929 ἐπισκοπεῖν
1090 876 1341 944 ἐμμελῶς
1397 874 1458 926 τὸ
1514 874 1761 941 ποίμνιον

203 966 692 1037 προαιρουμένους,
726 967 818 1019 καὶ
859 966 919 1017 τὸ
955 964 1148 1035 μικρὸν
1184 964 1292 1015 τῶν
1330 966 1762 1033 ποιμαινομένων

200 1059 529 1129 ἁμάρτημα,
558 1056 799 1126 μεγάλην
823 1055 973 1123 σφῶν
995 1052 1369 1123 λογιζομένους
1389 1053 1611 1124 ζημίαν,
1635 1056 1763 1116 ι’σως

202 1155 264 1206 δὲ
289 1156 399 1214 τοῖς
418 1170 483 1204 τυ
494 1150 713 1203 πωθεῖσι
736 1150 976 1213 κανόσιν,
998 1143 1078 1211 οἷς
1105 1148 1391 1217 ὁλόκληρος
1417 1151 1448 1216 ή
1483 1148 1763 1216 Ῥωμαίων

204 1246 506 1313 Ἐκκλησία
520 1245 927 1313 συντετήρηται,
945 1244 1326 1311 σχισματικαῖς
1354 1242 1413 1293 οὑ
1437 1241 1761 1310 μεριζομένη

211 1337 453 1407 μανίαις,
491 1337 584 1388 καὶ
611 1338 637 1387 ό
665 1335 871 1394 καπνὸς
896 1333 1277 1401 διασκεδασθῇ,
1310 1334 1401 1385 καὶ
1431 1333 1491 1384 τὸ
1532 1331 1765 1399 ζοφῶδες

208 1428 531 1495 ἑκριπισθῇ,
562 1429 656 1478 καὶ
683 1427 811 1493 ἡμῖν
838 1427 935 1492 τῆς
963 1424 1195 1493 ἀθυμίας
1220 1422 1465 1493 ἀναψυχὴ
1509 1423 1766 1492 πορισθή-

210 1536 389 1571 σεται.
426 1519 500 1569 Οὐ
530 1518 637 1585 γὰρ
671 1517 829 1585 μόνος
866 1519 896 1568 ὁ
930 1516 1255 1585 προρρηθεὶς
1290 1514 1468 1566 κανὼν
1498 1515 1636 1566 κατὰ
1672 1512 1768 1581 τὴν

210 1611 486 1680 ὑμετέραν
517 1609 835 1676 παραίνεσιν
868 1606 1227 1674 φυλάττεσθαι
1250 1607 1608 1669 δεδικαίωται,
1637 1605 1770 1656 ἀλλά

212 1719 278 1768 γε
330 1702 393 1769 δὴ
438 1700 900 1752 συνευδοκούντων
934 1699 1187 1751 ἁπάντων
1226 1699 1319 1749 καὶ
1368 1698 1544 1765 ἕτεροι
1598 1712 1771 1763 παρα-

209 1794 476 1854 δέδονται,
505 1785 578 1843 ὧν
607 1792 667 1842 τὸ
690 1791 886 1859 κράτος
910 1790 1005 1842 καὶ
1027 1789 1224 1857 πολλὴν
1251 1791 1314 1857 τῇ
1357 1786 1647 1857 Ἐκκλησία
1674 1785 1770 1853 τὴν

212 1886 442 1953 εἰρήνην
474 1881 745 1951 βραϐεύει,
778 1885 873 1933 καὶ
899 1882 994 1950 τὴν
1023 1880 1375 1949 ὀφειλομένην
1398 1880 1563 1947 τιμήν
1596 1894 1655 1929 τε
1681 1877 1774 1929 καὶ
1805 1872 1844 1925 Β

213 1978 375 2043 δόξαν
408 1979 486 2039 εἰς
516 1979 640 2037 τοὺς
678 1975 845 2027 πάλαι
877 1975 971 2042 μὲν
1006 1972 1428 2042 παρειληφότας,
1461 1970 1578 2023 νυνὶ
1602 1969 1659 2021 δὲ
1683 1968 1776 2020 καὶ

218 2066 547 2135 μεταδόντας
596 2056 915 2129 διαόιόάξει,
964 2065 1058 2117 καὶ
1102 2065 1273 2127 οὐδεὶς
1311 2063 1378 2115 ἂν
1406 2062 1512 2114 τῶν
1548 2061 1652 2113 ὑπὸ
1678 2061 1777 2128 τῆς

218 2158 375 2227 ὑμῶν
418 2157 845 2226 θεομακαρίστου
883 2156 1218 2227 Μτρὸτητος
1274 2155 1645 2225 διορισθέντων
1682 2169 1775 2203 τυ-

218 2251 468 2319 πωθῆναι
491 2249 910 2318 παραλέλειπτο,
939 2250 987 2300 εἰ
1016 2249 1089 2317 μή
1113 2265 1195 2309 τις
1219 2247 1467 2317 βασιλικὴ
1494 2249 1776 2313 ἀνάνευσις

221 2339 385 2391 πλέον
427 2339 688 2407 ἰσχύσασα
723 2338 815 2389 τοῦ
851 2338 1113 2407 ἡμετέρου
1158 2338 1479 2407 θελήματος,
1513 2342 1639 2409 περί⁵
1671 2340 1777 2392 τῶν

222 2428 427 2481 λοιπῶν
466 2428 826 2480 ἀποθεσπίσαι
856 2428 916 2478 ού
944 2425 1326 2496 παρεχώρησε.
1356 2427 1433 2479 Δι’
1474 2427 1501 2478 ὃ
1532 2428 1646 2497 ἃμα
1670 2429 1778 2481 τῶν

222 2519 567 2587 τιμιωτάτων
590 2518 972 2587 τοποτηρητῶν
1004 2517 1277 2586 συμφέρον
1307 2518 1671 2587 ἡγησάμενος,
1705 2519 1779 2588 μὴ

226 2613 285 2663 ὲν
321 2613 389 2680 τῇ
419 2610 736 2680 ἐπιζητήσει
788 2609 880 2661 τοῦ
925 2609 1121 2671 παντὸς
1156 2610 1514 2661 συναπολέσαι
1546 2611 1606 2662 τὸ
1636 2611 1778 2675 πᾶν,

227 2707 286 2757 ἐν
315 2710 380 2773 τῃ
411 2703 677 2772 ἀπολήψει
701 2702 804 2754 τῶν
832 2701 1089 2754 πλειόνων
1128 2702 1226 2770 τὴν
1254 2704 1308 2755 ἐν
1339 2704 1449 2764 τοῖς
1472 2702 1781 2764 ὑπολοίποις

226 2795 434 2863 ζημίαν
473 2810 541 2862 γε
586 2794 650 2846 ἂν
676 2794 1009 2863 ὑπέστημεν.
1045 2795 1296 2864 ¹Ἄριστον
1327 2795 1424 2863 μὲν
1454 2795 1560 2863 γὰρ
1591 2788 1664 2848 ὧν
1699 2813 1783 2857 τις

229 2886 441 2953 ἐφίεται
486 2884 709 2953 μηδενὸς
756 2886 1041 2936 ἐκπεσεῖν·
1074 2886 1405 2953 ἀπρονόητον
1444 2886 1498 2937 δὲ
1526 2887 1784 2939 πλειόνων

231 2975 523 3043 διδομένων
564 2975 691 3043 περί
718 2973 824 3025 τῶν
862 2975 922 3025 οὐ
961 2974 1248 3043 διδομένων
1276 2974 1781 3045 πολυπραγμονεῖν,

232 3067 331 3119 καὶ
358 3064 762 3133 φιλονεικοῦντα
798 3066 925 3134 περὶ
964 3066 1167 3118 τούτων
1195 3067 1409 3120 πάντων
1432 3070 1622 3121 ἑαυτὸν
1650 3069 1786 3121 ἀπο·

233 3161 471 3230 στερεῖν.
520 3156 595 3208 Δι’
648 3156 675 3207 ὃ
710 3157 838 3226 περὶ
889 3150 962 3210 ὧν
1001 3160 1032 3226 ἡ
1074 3158 1263 3227 γνώμη
1292 3158 1575 3227 σύμφωνος
1611 3160 1789 3230 ἐξενή-

235 3268 458 3315 νεκται,
511 3250 803 3311 συνοδικῶς
855 3251 1073 3312 τούτους
1131 3250 1448 3318 ἐξεθέμεθα,
1491 3246 1582 3312 οὒς
1618 3254 1673 3304 ἐν
1704 3252 1781 3322 τῷ

1861 619 1958 671 per
1988 602 2325 657 venerabiles
2357 602 2584 655 vicarios
2622 612 2750 654 suos
2776 601 3090 669 opitulantis
3116 618 3129 653 :
3177 611 3415 656 attamen

1861 694 2039 748 fumus
2060 709 2153 747 eos
2176 694 2355 747 adhuc
2383 693 2591 745 mordet
2631 702 2687 746 et
2719 691 2885 761 angit,
2914 692 3003 761 qui
3028 692 3171 762 gregi
3200 708 3415 747 accom-

1860 787 2075 840 modate
2104 799 2334 853 praeesse
2365 784 2570 844 volunt,
2590 798 2651 836 ac
2673 783 2922 853 exiguum
2946 799 3151 846 eorum,
3183 784 3272 851 qui
3320 800 3416 852 pa-

1863 885 2111 940 scuntur,
2150 884 2452 945 peccatum,
2491 889 2743 944 magnum
2788 889 2943 927 suum
2995 874 3251 926 damnum
3297 888 3419 927 esse

1862 969 2089 1023 ducunt.
2120 969 2197 1020 Ac
2229 967 2459 1020 fortasse
2488 966 2573 1020 his
2601 966 2899 1020 canonibus
2925 966 3257 1027 constitutis,
3292 965 3419 1034 qui-

1863 1061 1965 1115 bus
2003 1062 2208 1129 integra
2257 1058 2618 1113 Romanorum
2657 1058 2896 1112 Ecclesia
2942 1068 3258 1112 conservata
3304 1067 3417 1121 est,

1865 1152 2071 1205 insanis
2103 1152 2485 1205 schismatibus
2510 1167 2619 1204 non
2646 1152 2839 1215 divisa,
2871 1151 3217 1220 dissipabitur
3242 1150 3423 1207 fumus

1863 1254 1918 1298 et
1946 1245 2120 1314 caligo
2140 1246 2483 1307 discutietur,
2533 1259 2597 1299 ac
2627 1244 2787 1299 nobis
2824 1244 3070 1299 maeroris
3100 1244 3424 1312 praebebitur

1865 1338 2183 1391 consolatio.
2215 1337 2332 1390 Non
2364 1337 2511 1390 enim
2536 1345 2744 1390 tantum
2787 1351 2959 1389 canon
3000 1336 3252 1405 praefatus
3268 1339 3425 1406 juxta

1867 1428 2297 1482 exhortationem
2341 1438 2573 1482 vestram
2605 1428 2859 1482 custodiri
2883 1428 3068 1496 jussus
3104 1437 3217 1493 est;
3251 1428 3343 1482 sed
3374 1438 3427 1482 et

1868 1521 1977 1585 alii,
2014 1523 2203 1575 vestris
2259 1521 2471 1574 vicariis
2524 1521 2966 1585 assentientibus,
3024 1531 3150 1575 sunt
3199 1522 3422 1575 traditi:

1868 1629 2096 1671 quorum
2151 1613 2230 1665 vis
2259 1620 2312 1664 et
2352 1612 2535 1673 robur,
2587 1620 2641 1664 et
2676 1611 2895 1664 multam
2944 1610 3195 1665 Ecclesia:
3239 1627 3425 1679 pacem

1869 1704 2082 1766 alleret,
2117 1711 2172 1756 et
2216 1704 2456 1757 debitum
2487 1703 2745 1756 honorem
2777 1702 3103 1772 gloriamque
3154 1704 3219 1757 iis
3259 1704 3426 1766 dabit,

1871 1795 1963 1863 qui
1990 1794 2190 1847 dudum
2220 1793 2437 1860 quidem
2472 1802 2815 1861 acceperunt,
2850 1808 2995 1846 nunc
3024 1809 3150 1846 vero
3182 1794 3429 1862 imperti-

1874 1894 2085 1939 verunt.
2111 1885 2219 1938 Nec
2235 1886 2339 1937 ulla
2360 1885 2663 1951 regularum
2681 1901 2709 1937 a
2731 1885 3035 1938 beatissima
3054 1886 3108 1939 in
3126 1886 3235 1939 Deo
3258 1896 3430 1955 pater-

1874 1978 2042 2031 nitate
2093 1986 2271 2031 vestra
2298 1977 2643 2031 deﬁnitarum
2685 1977 2812 2044 quin
2858 1978 3163 2031 sanciretur
3207 1989 3427 2047 praeter—

1876 2068 2037 2121 missa
2082 2076 2245 2128 esset.
2306 2069 2410 2121 nisi
2457 2068 2699 2137 quedam
2756 2068 3095 2136 imperatoria
3144 2070 3431 2139 refragatio

1877 2157 2157 2225 plusquam
2204 2158 2455 2211 voluntas
2500 2166 2683 2211 nostra
2710 2158 2935 2226 pollens,
2964 2157 3032 2211 de
3078 2160 3295 2227 reliquis
3321 2176 3431 2213 non

1876 2249 2178 2303 sanciendis
2203 2249 2617 2304 intercessisset.
2652 2250 2853 2303 Idcirco
2884 2265 2987 2303 una
3010 2265 3129 2303 cum
3154 2251 3431 2305 venerabi-

1878 2340 2020 2393 libus
2058 2340 2271 2394 vivariis
2304 2341 2356 2394 in
2398 2357 2509 2394 rem
2534 2356 2653 2395 esse
2699 2342 2957 2404 arbitrati,
2992 2358 3121 2403 non.
3153 2343 3277 2397 dum
3311 2358 3432 2396 om-

1878 2444 1973 2482 nes
2023 2443 2259 2482 canones
2296 2438 2658 2496 expetuntur,
2723 2444 2984 2483 summam
3032 2430 3107 2483 rei
3152 2430 3429 2492 amittere,

1878 2520 2180 2587 complures
2219 2518 2528 2584 obtinendo,
2561 2519 2886 2587 reliquorum
2918 2520 3172 2572 damnum
3204 2521 3255 2574 in
3293 2536 3433 2589 pra:-

1878 2624 2002 2664 sens
2047 2610 2330 2664 subiimus.
2378 2610 2647 2678 Optimum
2686 2611 2831 2664 enim
2878 2611 3201 2680 estquidem
3246 2627 3434 2667 eorum

1879 2719 1999 2773 qua:
2028 2704 2150 2771 quis
2191 2712 2427 2772 expetat,
2486 2704 2634 2756 nullo
2667 2703 2913 2756 excidere
2944 2720 2957 2755 :
2994 2713 3048 2757 at
3095 2705 3435 2773 desperantis

1880 2803 1983 2858 est,
2013 2809 2116 2848 nec
2147 2794 2279 2848 satis
2298 2810 2443 2848 sana:
2475 2792 2697 2857 mentis,
2726 2810 2849 2847 cum
2883 2796 3033 2864 plura
3059 2797 3252 2850 dantur
3276 2796 3343 2850 de
3370 2796 3437 2851 iis

1882 2901 2002 2956 quae
2048 2902 2156 2940 non
2198 2888 2415 2950 dantur,
2454 2887 2618 2941 nimis
2651 2902 2771 2941 esse
2800 2887 3089 2952 curiosum,
3134 2904 3197 2941 ac
3227 2887 3295 2941 de
3350 2888 3437 2941 his

1884 2979 2322 3041 contendentem,
2362 2979 2615 3032 omnibus
2653 2979 2887 3048 seipsum
2940 2981 3171 3048 privare.
3207 2968 3438 3048 Ideoque

1885 3086 1998 3133 eos,
2038 3072 2105 3124 de
2140 3072 2336 3138 quibus
2362 3071 2641 3125 sententia:
2656 3086 2905 3125 consona:
2920 3072 3074 3125 dictae
3107 3080 3252 3134 sunt,
3283 3087 3441 3141 syno-

1885 3164 2078 3217 daliter
2102 3164 2465 3233 exposuimus,
2498 3180 2713 3233 unaque
2762 3164 2814 3217 in
2851 3164 3042 3216 litteris
3063 3179 3185 3218 cum
3224 3163 3289 3218 iis
3320 3179 3439 3233 qua:

1885 3270 1913 3307 a
1944 3256 2099 3308 nobis
2115 3255 2266 3323 prius
2294 3255 2535 3323 exposita
2564 3254 2795 3320 fuerant,
2830 3254 3179 3322 subjecimus.

235 3344 567 3414 γραμματίῳ
592 3344 728 3412 μετά
754 3343 860 3393 τῶν
888 3343 1319 3410 προεκτεθέντων
1348 3343 1437 3408 ὑφ’
1465 3342 1624 3409 ήμῶν
1673 3343 2134 3413 συνυπετάξαμεν.

314 3441 446 3510 Περὶ
495 3440 551 3491 δέ
600 3457 663 3508 γε
694 3440 802 3490 τῶν
845 3439 942 3499 τὰς
987 3436 1312 3507 χειροτονίας
1350 3436 1575 3488 αὐτόθεν
1620 3438 1857 3501 πάλαιο
1958 3441 1989 3492 Il

1771 3455 1786 3489 ι
1813 3443 1857 3501 c
1958 3441 2033 3493 De
2068 3441 2131 3493 iis
2165 3456 2312 3503 vero,
2361 3440 2451 3510 qui
2482 3440 2849 3494 ordinationes
2882 3440 2955 3509 (6)
2984 3455 3047 3494 ex
3080 3456 3158 3503 se,
3189 3449 3243 3495 et
3295 3442 3440 3497 arbi-

237 3533 656 3601 λαμϐανόντων,
705 3531 1178 3597 ἐκοινολογήσαντο
1229 3529 1356 3596 ἡμῖν
1406 3530 1454 3580 oi
1500 3532 1595 3596 τῆς
1639 3529 1790 3597 ὑμῶν

239 3625 516 3692 όθσιότητος
546 3621 946 3690 τοποτηρηταὶ,
973 3620 1046 3683 ὡς
1073 3620 1247 3689 χρεὼν
1290 3620 1374 3686 εἴη
1418 3620 1635 3679 τούτους
1690 3621 1789 3671 ὲπ-

245 3716 676 3784 αναστραφῆναι,
711 3716 804 3765 καὶ
837 3714 971 3781 πρὸς
1005 3712 1101 3782 τὴν
1125 3711 1325 3763 οἰκείαν
1364 3711 1788 3779 παλινδρομήσαι

244 3811 583 3878 προμήτορα.
628 3808 766 3858 Ἀλλ’
798 3808 846 3857 εἰ
883 3807 977 3874 μὲν
1005 3807 1060 3856 ὲν
1086 3806 1215 3873 ἡμῖν
1243 3804 1301 3855 τὸ
1330 3802 1421 3854 τοῦ
1458 3803 1791 3871 βουλήματος

242 3900 408 3970 κῦρος
438 3900 635 3960 ἔκειτο,
684 3900 775 3950 καὶ
808 3900 879 3967 μὴ
919 3898 1344 3965 συνεμεμέριστο
1376 3898 1439 3963 τῇ
1482 3894 1720 3964 βασιλείᾳ
1757 3895 1789 3963 ή

244 3990 465 4060 πρᾶξις,
518 3989 616 4041 οὑκ
666 3988 730 4041 ἂν
778 3990 1070 4054 ἀπολογίας
1104 3987 1229 4048 ἔδει,
1286 3987 1415 4037 αὐτὸ
1446 3986 1500 4037 δὲ
1550 3986 1607 4036 τὸ
1637 3984 1793 4054 ἔργον

242 4085 491 4151 κρεῖττον
536 4080 595 4132 ὃν
642 4080 738 4149 τῆς
770 4080 1063 4145 ἀπολογίας
1098 4079 1388 4131 ἐδείκνυτο.
1438 4078 1585 4128 Ἐπεὶ
1630 4078 1684 4128 δὲ
1726 4078 1793 4130 τὰ

243 4173 694 4242 ὲκκλησιαστικά,
721 4171 816 4222 καὶ
841 4170 1069 4238 μάλιστά
1110 4186 1171 4235 γε
1193 4169 1259 4221 τά
1285 4170 1412 4236 περὶ
1438 4168 1545 4220 τῶν
1574 4167 1795 4236 ὲνοριῶν

241 4263 428 4317 δίκαια
455 4264 575 4325 ταῖς
622 4263 921 4324 πολιτικαῖς
968 4261 1338 4329 ἐπικρατείαις
1367 4276 1425 4311 τε
1470 4260 1562 4311 καὶ
1596 4259 1795 4329 διοική-

244 4369 364 4405 σεσι
402 4351 939 4421 συμμεταϐάλλεσθαι
968 4350 1175 4413 εἴωθεν,
1213 4352 1245 4419 ἡ
1280 4349 1377 4415 τῆς
1402 4349 1554 4417 ὑμῶν
1582 4348 1794 4416 ὁσιότη-

244 4459 336 4506 τος
367 4442 752 4511 εὐγνωμοσύνη
786 4442 845 4493 τὸ
874 4441 1027 4510 ήμῶν
1058 4442 1149 4492 ἐπὶ
1174 4441 1235 4492 τὸ
1270 4440 1603 4493 συνευδοκεῖν
1630 4440 1708 4501 είς
1736 4439 1795 4489 τὸ

246 4535 551 4603 παρασχεῖν
591 4534 961 4600 ἀποδεχομένη
1001 4532 1232 4600 θέλημα,
1262 4533 1321 4583 τὸ
1350 4531 1424 4600 μὴ
1459 4530 1657 4594 λαϐεῖν,
1698 4530 1795 4597 τῆς

246 4620 568 4689 πολιτικῆς,
608 4620 721 4673 ἀλλ’
766 4622 861 4688 οὑχ
896 4621 1162 4689 ἡμέτερον
1191 4616 1485 4686 λογιζέσθω
1526 4616 1794 4685 ἔγκλημα.

261 4713 405 4780 Ἐγὼ
446 4715 554 4783 γάρ
579 4716 673 4781 οὐχ
719 4714 755 4766 ἃ.
788 4714 953 4765 πάλαι
983 4713 1074 4765 ὑπ’
1106 4712 1295 4773 ἄλλους
1333 4711 1499 4763 ἐτέλει
1534 4712 1670 4779 μετά
1705 4709 1797 4761 τοῦ

1887 3532 1989 3586 trio
2042 3548 2140 3587 suo
2187 3535 2390 3601 pridem
2420 3534 2710 3601 accipiunt,
2739 3533 3019 3586 nobiseum
3070 3534 3441 3587 communica-

1888 3632 2015 3675 runt
2041 3622 2340 3676 sanctitatis
2377 3632 2569 3676 vestrae
2595 3621 2777 3675 vicarii
2809 3640 2823 3687 ;
2856 3630 3105 3690 oportere
3131 3637 3224 3676 eos
3257 3638 3439 3675 rever-

1889 3712 1948 3777 ti,
1993 3720 2049 3765 et
2074 3713 2138 3765 ad
2168 3712 2434 3779 propriam
2466 3726 2745 3765 recurrere
2781 3726 2916 3771 eam,
2964 3725 3082 3779 quae
3112 3711 3261 3778 prius
3318 3711 3435 3773 fuit,

1888 3812 2133 3855 matrem.
2174 3801 2367 3856 Verum
2388 3803 2429 3855 si
2454 3802 2594 3871 quod
2621 3803 2931 3856 volebamus
2960 3802 3014 3855 in
3036 3811 3218 3856 nostra
3251 3801 3441 3857 fuisset

1891 3902 2154 3963 potestate
2188 3895 2373 3955 situm,
2410 3910 2511 3949 nec
2548 3894 2823 3963 negotium
2871 3910 2995 3949 cum
3042 3896 3266 3964 imperio
3301 3896 3441 3950 divi-

1890 4002 2007 4039 sum
2063 3986 2270 4050 fuisset,
2297 3986 2521 4040 dicenda
2551 4001 2709 4039 causa
2738 4001 2846 4039 non
2870 4000 3031 4050 esset,
3063 3987 3155 4040 sed
3187 3987 3298 4056 ipsa
3330 4002 3438 4050 res,

1889 4093 2008 4146 qua:
2034 4093 2208 4131 causa:
2235 4078 2470 4131 dictione
2499 4092 2561 4130 ac
2589 4077 2731 4130 omni
2778 4076 3090 4131 defensione
3115 4086 3197 4131 est
3244 4078 3438 4146 potior,

1889 4179 2030 4223 esset
2057 4170 2312 4223 exhibita.
2330 4169 2593 4233 Quoniam
2624 4184 2750 4223 vero
2778 4170 3121 4224 ecclesiastici
3142 4179 3196 4223 et
3213 4171 3444 4223 maxime

1886 4262 2006 4331 jura
2059 4275 2177 4328 quae
2224 4259 2290 4312 de
2354 4258 2660 4327 regionibus
2722 4266 2849 4309 sunt
2904 4266 2956 4310 et
3005 4257 3222 4317 finibus,
3270 4258 3444 4311 solent

1891 4368 2011 4405 cum
2049 4350 2352 4419 reipublicae
2387 4358 2651 4418 potestate
2702 4364 2765 4401 ac
2798 4349 3257 4403 administratione
3320 4365 3441 4403 mu-

1894 4445 1989 4495 tari
2025 4451 2251 4504 ;vestr:e
2274 4440 2546 4509 religionis
2579 4439 2824 4507 aequitas,
2856 4447 3092 4492 nostram
3149 4440 3213 4493 ad
3250 4455 3444 4494 conce-

1892 4534 2124 4586 dendum
2174 4532 2538 4585 assensionem
2598 4531 2845 4598 probans,
2889 4529 2940 4582 id
2976 4546 3083 4582 non
3124 4532 3441 4595 obtinuisse,

1894 4620 2197 4689 reipublicae
2215 4619 2714 4679 administrationis,
2751 4634 2855 4670 non
2885 4629 3127 4671 nostrum
3155 4628 3303 4688 putet
3325 4635 3447 4674 esse

1896 4713 2123 4765 crimen.
2159 4712 2269 4779 Ego
2309 4710 2451 4763 enim
2475 4727 2581 4764 non
2612 4714 2789 4775 modo,
2824 4727 2940 4779 qua:
2970 4712 3173 4779 pridem
3209 4712 3261 4763 in
3311 4712 3445 4763 alio-

252 4805 485 4865 δικαίου,
518 4806 611 4857 καὶ
642 4805 739 4874 τῆς
768 4804 927 4873 φίλης
956 4806 1173 4874 εἰρήνης
1218 4803 1573 4872 ἀναστρέφειν
1603 4800 1801 4871 πρόθυ-
1831 4822 1873 4877 ι)
1904 4819 1926 4855 r

1773 4827 1801 4841 -
1831 4822 1873 4877 ι)
1904 4818 2019 4855 rum
2052 4803 2252 4854 ditioue
2287 4810 2459 4863 erant,
2490 4817 2608 4855 cum
2638 4803 2757 4869 jure
2791 4813 2845 4856 et
2869 4804 3036 4857 amica
3074 4812 3223 4869 parte
3257 4803 3448 4856 studeo

255 4911 377 4965 μος,
407 4893 540 4946 ἀλλά
568 4894 657 4945 καὶ
690 4894 793 4945 τῶν
821 4894 1079 4946 ἀνέκαθεν
1101 4894 1176 4962 τῷ
1201 4894 1372 4963 θρόνῳ
1416 4894 1585 4961 τούτῳ
1635 4909 1801 4962 προσ-

253 4984 671 5052 ανατιθεμένων,
688 4986 831 5046 εῑτις
860 4984 1054 5053 ἰσχύων
1082 4984 1455 5053 ἐπιτροπεύειν
1480 4983 1649 5050 ἠξίου,
1668 4982 1802 5034 ἑτοί-

254 5092 373 5144 μως
415 5074 481 5127 ἂν
505 5075 869 5144 παρεχώρησα
897 5075 972 5142 τῷ
994 5075 1275 5144 δυναμένῳ
1308 5074 1503 5143 μᾶλλον
1542 5073 1800 5124 πλειόνων

245 5163 586 5231 ἀντέχεσθαι.
616 5165 723 5215 Καὶ
746 5166 852 5231 γὰρ
875 5166 901 5215 ὁ
924 5164 1020 5230 μὲν
1052 5165 1171 5232 ἐμοί
1195 5182 1243 5216 τι
1271 5164 1375 5216 τῶν
1401 5166 1462 5216 οὑ
1495 5163 1798 5232 προσόντων

245 5254 580 5323 προστιθεὶς,
614 5248 767 5315 οὗτος
796 5255 859 5305 τὸ
890 5254 1049 5323 βάρος
1075 5253 1233 5305 πλέον
1254 5254 1399 5305 ἐστὶν
1436 5254 1464 5304 ό
1494 5252 1753 5312 ἐπιτιθείς
1779 5269 1793 5282 ·

250 5344 519 5415 μερίμνης
553 5344 660 5413 γὰρ
704 5341 930 5411 αὔξησιν
980 5346 1151 5394 ποιεῖ·
1203 5345 1231 5395 ό
1282 5344 1337 5394 δὲ
1374 5344 1468 5394 καὶ
1512 5342 1622 5395 τῶν
1663 5359 1795 5411 προ-

250 5440 605 5509 ὓπαρχόντων
642 5439 762 5491 τινὰ
792 5439 887 5491 σὺν
922 5439 1107 5511 ἀγάπῃ
1134 5438 1314 5491 λαϐεῖν
1338 5438 1636 5505 ἐπιζητῶν,
1669 5438 1801 5507 μᾶλ-

247 5550 337 5586 λον
382 5531 508 5601 ἐμοὶ
555 5531 713 5601 χάριν
741 5532 956 5594 διδόντι,
1006 5532 1039 5605 ἢ
1076 5530 1223 5600 αὑτῴ
1261 5531 1584 5601 λαμϐάνοντι
1614 5532 1798 5602 κέρδος

1902 4896 2122 4948 reddere
2155 4912 2170 4951 z
2202 4893 2295 4946 sed
2322 4894 2531 4947 etiamsi
2564 4894 2914 4961 quorumdam
2948 4909 3009 4945 ex
3050 4893 3115 4947 iis
3141 4910 3258 4962 quae
3289 4903 3444 4949 antea

1904 4986 2028 5039 huic
2069 4985 2178 5038 sedi
2210 4986 2384 5037 dicata
2417 4995 2570 5037 erant
2618 4986 2808 5053 aliquis
2841 4986 3043 5037 viribus
3071 4986 3275 5053 pollens
3318 5001 3442 5055 pro-

1902 5077 2236 5130 curationem
2284 5077 2616 5144 deposceret,
2666 5084 2879 5145 paratus
2920 5094 3064 5129 eram
3104 5079 3304 5145 petenti
3348 5092 3448 5145 po-

1904 5166 2009 5218 tius
2039 5167 2251 5231 cedere,
2281 5182 2436 5234 quam
2462 5166 2612 5234 plura
2635 5168 2887 5219 retinere.
2920 5166 3049 5219 Nam
3075 5168 3164 5234 qui
3192 5167 3321 5220 mihi
3345 5168 3444 5222 ali-

1899 5257 2025 5325 quid
2050 5272 2233 5310 eorum
2264 5272 2381 5325 qua:
2411 5272 2519 5311 non
2556 5258 2775 5311 habeam
2817 5258 2985 5317 addit,
3014 5258 3055 5309 is
3077 5259 3194 5325 plus
3222 5260 3449 5327 imponit

1900 5346 2082 5400 oneris
2106 5363 2119 5409 ;
2144 5362 2324 5399 curam
2348 5347 2492 5399 enim
2512 5357 2565 5399 et
2589 5346 3001 5398 sollicitudinem
3021 5362 3047 5397 a
3074 5362 3156 5400 me
3180 5349 3445 5413 postulat:

1900 5437 1988 5506 qui
2021 5453 2147 5491 vero
2181 5452 2365 5492 eorum
2392 5453 2508 5505 qua:
2529 5437 2659 5489 mihi
2682 5446 2855 5497 erant,
2881 5437 3080 5503 aliquid
3111 5438 3165 5491 in
3187 5454 3244 5492 se
3271 5449 3447 5494 trans-

1902 5529 2027 5595 fert,
2063 5531 2283 5600 gratiam
2337 5543 2368 5583 a
2406 5544 2491 5584 me
2523 5528 2663 5593 init;
2714 5529 2884 5583 levius
2910 5530 3052 5582 enim
3080 5529 3212 5585 mihi
3253 5530 3448 5599 praefe-

1740 5671 1963 5727 ΝΟΤᾸΞ.

318 5765 395 5835 (6)
437 5766 547 5821 Hos
579 5766 753 5821 Graeci
777 5766 1337 5835 αὑτοχειροτονήτους.
