4242 6438
723 344 829 406 615

1880 321 2141 382 PlIOTII
2180 311 2683 378 PATRIARCIIIE
2727 310 2834 368 (ΣΡ.

3860 289 3978 353 616

718 465 887 509 ςιυτειι
920 448 1129 519 pondus
1162 446 1305 500 facit.
1336 444 1490 509 Quod
1521 444 1586 506 si,
1611 442 1703 510 qui
1729 455 1847 494 mea
1872 454 1997 493 cum
2027 435 2293 491 eharitate
2325 434 2371 490 Λ

2325 434 2371 490 Λ
2403 429 2654 499 προξενεί
2687 444 2699 456 ·
2737 424 3099 493 ἐλαφρότερον
3129 419 3238 487 γάρ
3279 433 3367 487 μοι
3397 415 3456 468 τὺ
3481 411 3697 483 φορτίον
3726 409 3824 477 τῆς
3850 410 3979 461 Em-

722 544 952 612 acccpit,
1000 542 1051 594 ei
1092 540 1315 610 gratiam
1366 537 1558 598 habeo,
1586 544 1640 587 ct
1668 534 1757 602 qui
1806 529 2023 601 propria
2078 526 2291 596 quierit,

722 636 998 705 quomodo
1025 648 1131 685 non
1164 631 1313 683 dabit
1341 628 1463 697 quis
1491 629 1643 679 laetus
1668 626 1712 678 si
1741 624 1901 677 modo
1936 636 2096 675 nemo
2127 620 2299 686 impe-

723 729 872 781 diat?
913 736 1062 780 tanto
1100 722 1399 792 prmsertim
1442 720 1607 782 Patri,
1652 717 1853 786 quique
1884 715 1985 768 hoc
2020 729 2117 783 per
2142 711 2295 771 tales,

723 832 780 873 ct
831 834 924 888 per
956 818 1064 870 Deo
1105 815 1363 868 amabiles
1404 814 1745 881 Optimosque
1797 810 1941 861 viros
1990 803 2300 876 postulavit.

726 912 791 967 lli
822 912 968 965 enim
1001 924 1187 963 revera
1221 916 1413 959 vestra:
1454 916 1688 975 paterna:
1739 900 2086 972 perfectionis
2120 896 2303 963 vicarii

729 1002 1017 1073 prudentia
1047 1011 1100 1053 et
1126 999 1321 1051 virtute
1350 1006 1405 1050 et
1437 998 1601 1050 nuilta
1626 1010 1805 1048 rerum
1842 989 2170 1061 experientia
2200 988 2305 1041 ful-

728 1106 879 1164 gent,
908 1108 1009 1146 nec
1030 1091 1245 1161 propria
1273 1088 1687 1141 conuersatione
1711 1087 1890 1138 n‘iinus
1912 1098 2073 1151 quam
2103 1077 2306 1134 Christi

732 1186 981 1255 discipuli
1012 1200 1137 1236 eum
1162 1184 1252 1251 qui
1288 1181 1435 1234 misit
1472 1180 1759 1232 honorant.
1785 1175 1995 1240 Quibus
2032 1173 2307 1239 complura

734 1295 923 1332 eorum
969 1293 1089 1345 qua:
1118 1276 1223 1327 dici
1250 1288 1312 1326 ac
1360 1273 1522 1325 scribi
1567 1270 1890 1327 debuerant,
1936 1265 2305 1333 exposuimus,

733 1385 857 1425 cum
910 1382 1233 1437 persuasum
1290 1365 1447 1417 nobis
1485 1370 1654 1424 esset,
1702 1371 1756 1414 ct
1790 1360 1971 1413 dicere
2024 1372 2118 1409 eos
2155 1368 2312 1423 posse

737 1478 901 1531 quam
958 1476 1083 1515 vera
1115 1468 1322 1522 essent,
1363 1474 1426 1512 ac
1459 1458 1631 1510 multo
1661 1454 1831 1525 magis
1858 1467 2021 1522 quam
2051 1451 2186 1503 alios
2229 1447 2313 1501 di-

737 1570 873 1625 gnos
893 1570 1014 1608 esse
1044 1553 1241 1622 quibus
1267 1550 1400 1604 lides
1441 1550 1751 1602 haberetur.

2404 521 2623 581 ccasio;
2682 517 2956 570 ἀποτελεῖ.
3016 514 3077 565 Ei
3124 512 3167 564 δ’
3196 513 3224 564 ὁ
3255 508 3323 561 τά
3374 507 3482 577 ὲμά
3528 504 3822 573 λαμϐάνων
3874 501 3983 552 σὺν

2403 613 2589 683 ἀγάπῃ
2643 610 2739 662 καὶ
2784 602 3288 676 προσκαταὸάλλειν
3342 600 3502 669 χάριν
3555 592 3982 664 ἀνωμολόγηταξ

2408 724 2497 776 μοι
2533 702 2610 770 τῷ
2631 702 2699 753 τὰ
2721 701 2899 752 οἰκεῖα
2922 694 3197 767 ζητοῦντι,
3233 692 3349 754 πῶς
3375 692 3440 743 ἄν
3468 707 3550 752 τις
3580 688 3638 740 οὐ
3666 685 3828 740 δώσει
3858 684 3986 753 χαί-

2411 816 2518 869 ρων
2549 794 2776 867 μηδενὸς
2802 793 3140 862 ὑπάρχοντος
3177 785 3447 857 ἐμποδὼν,
3477 780 3711 851 μάλιστά
3733 796 3800 846 γε
3822 776 3986 847 τηλιο

2412 888 2589 957 κούτῳ
2616 887 2811 957 Πατρὶ,
2845 883 2940 936 καὶ
2974 882 3062 934 διὰ
3087 879 3345 933 τοιούτων
3374 873 3637 943 θεοφιλῶν
3672 873 3766 924 καὶ
3809 885 3990 922 σπον-

2409 982 2575 1034 δαίων
2618 978 2829 1047 άνδρῶν
2857 974 3210 1043 ποιησαμένῳ
3241 972 3341 1038 τὴν
3365 971 3614 1036 αίτησινς
3648 964 3840 1032 ἄνδρες
3876 962 3993 1029 γὰρ

2412 1075 2487 1136 ὡς
2519 1072 2732 1141 ἀληθῶς
2770 1071 2819 1122 οἱ
2850 1070 2951 1138 τῆς
2983 1067 3137 1137 ὑμῶν
3160 1063 3434 1133 πατρικῆς
3458 1059 3795 1126 τελειότητος
3823 1070 3994 1107 τοπο-

2413 1164 2673 1239 τηρηταὶ,
2723 1162 2936 1214 συνέσει
2980 1176 3071 1220 τε,
3125 1157 3218 1210 καὶ
3268 1156 3469 1224 ἀρετῇ,
3519 1151 3613 1203 καὶ
3660 1144 3997 1215 πολυπειρία

2418 1235 2829 1328 διαπρέποντες,
2857 1252 2950 1305 καὶ
2983 1250 3135 1303 οὐδὲν
3166 1243 3329 1317 ἦττον
3352 1245 3441 1298 διὰ
3468 1245 3567 1313 τῆς
3595 1240 3801 1301 οἰκείας
3834 1235 3998 1288 πολι-

2417 1327 2588 1413 τείας,
2620 1350 2652 1419 ἢ
2689 1348 2739 1400 οἱ
2773 1342 3008 1415 Χριστοῦ
3056 1340 3295 1411 μαθηταὶ
3327 1336 3597 1405 τιμῶντες
3626 1334 3715 1384 τὸν
3743 1327 3998 1383 ἁποστεί·

2420 1444 2610 1504 λαντα,
2654 1436 2737 1501 οἷς
2779 1438 2848 1490 τὰ
2896 1435 3066 1488 πλείω
3092 1433 3202 1485 τῶν
3245 1430 3565 1497 ὀερειλόντων
3598 1426 3692 1479 καὶ
3731 1421 3995 1492 ῥηθῆναι,

2424 1536 2519 1587 καὶ
2548 1531 2827 1600 γραφῆναι
2875 1524 3355 1599 προσανεθέμεθα,
3397 1521 3491 1575 au
3534 1520 3597 1589 δὴ
3636 1513 4002 1581 πεπεισμένοι

739 1649 832 1701 καὶ
855 1648 1031 1714 λέγειν
1058 1646 1253 1707 αὐτοὺς
1280 1643 1485 1711 τάληθῆ
1515 1638 1795 1702 δυνατοὺς,
1827 1638 1922 1689 καὶ
1967 1636 2102 1691 πολὺ
2138 1632 2302 1685 πλέον
2345 1628 2452 1681 τῶν
2483 1626 2661 1681 ἄλλων
2692 1623 2878 1688 ἀξίους
2902 1617 3271 1672 πιστεύεσθαι.

811 1743 887 1796 Ac
911 1742 1183 1793 volueram
1214 1735 1432 1805 quidem
1458 1734 1591 1787 nihil
1622 1733 1689 1786 de
1716 1730 1872 1784 nobis
1899 1728 2158 1790 scribere,
2190 1740 2312 1779 cum
2350 1736 2388 1787 ιι

2350 1736 2388 1787 Β
2497 1720 2605 1772 Καὶ
2630 1715 2931 1784 ἐϐουλόμην
2958 1713 3057 1783 μὲν
3080 1710 3217 1773 ὅλως
3242 1707 3406 1777 μηδὲν
3433 1704 3639 1775 γράψαι
3661 1719 3726 1753 πε
3738 1702 3793 1770 pi.
3814 1699 4001 1769 ήμῶν,

740 1834 1043 1904 pt'msertiltt
1083 1839 1299 1899 paterna
1342 1834 1518 1878 vestra
1554 1823 1873 1893 religiositas
1903 1834 2008 1873 non
2043 1834 2135 1887 per
2172 1817 2317 1869 litte-

745 1942 851 1985 ras,
871 1924 963 1975 sed
996 1939 1088 1990 per
1112 1918 1360 1989 proprios
1373 1916 1600 1970 vicarios
1621 1929 1680 1967 se
1698 1915 1985 1966 certiorem
2011 1912 2123 1962 fieri
2154 1922 2319 1976 opor-

742 2029 859 2071 tere
881 2014 1233 2069 decrevisset.
1263 2013 1401 2065 Atne
1427 2007 1716 2079 principio,
1740 2005 1874 2058 nihil
1896 2005 2031 2056 velle
2052 2002 2317 2062 scribere,

747 2109 1074 2180 negligentia
1126 2105 1569 2159 existimaretur:
1618 2100 1738 2153 ideo
1772 2114 1868 2165 per
1900 2110 2188 2150 excursum
2234 2106 2322 2144 res

748 2215 962 2252 nostras
998 2197 1387 2266 exposuimus;
1441 2209 1565 2248 cum
1601 2193 1771 2245 multa
1803 2191 1932 2249 sint,
1980 2203 2042 2240 ac
2090 2186 2319 2238 nmltmn

752 2295 923 2346 otium
953 2292 1307 2361 requirentia,
1332 2304 1451 2357 qua:
1482 2284 1844 2355 pratermissa
1866 2290 2019 2335 sunt.
2050 2280 2185 2333 Cum
2227 2292 2328 2330 au-

752 2398 859 2441 tem
892 2388 984 2439 Dei
1013 2386 1251 2440 cultores
1284 2382 1472 2436 vicarii
1509 2378 1789 2448 complura
1824 2376 1925 2445 ipsi
1962 2373 2197 2427 viderint
2240 2380 2326 2423 at-

753 2492 862 2546 que
887 2475 1182 2540 audierint,
1223 2482 1453 2542 possunt
1488 2478 1675 2538 aperte
1702 2468 1918 2525 docere,
1955 2464 2000 2516 si
2040 2460 2326 2532 prudentia

758 2579 961 2631 vestra,
998 2582 1193 2637 magno
1232 2564 1458 2633 praadita
1500 2560 1738 2631 ingenio,
1773 2558 1902 2612 velit
1930 2554 2259 2625 percontari.

829 2738 985 2805 Quod
1002 2746 1185 2792 autem
1212 2735 1314 2789 dici
1350 2742 1581 2804 oportet,
1613 2744 1678 2785 ac
1710 2743 1850 2799 pene
1883 2743 1967 2781 me
2005 2726 2212 2796 effugit,
2236 2725 2337 2777 hoc

758 2850 882 2889 cum
922 2832 1209 2895 addidero,
1256 2830 1418 2882 linem
1451 2826 1667 2880 faciam.
1697 2824 1983 2877 Canonum
2020 2819 2265 2873 custodia
2308 2834 2339 2871 a

761 2926 954 2994 quovis
978 2925 1120 2977 bono
1145 2922 1394 2979 debetur,
1420 2918 1592 2987 magis
1632 2931 1761 2969 vero
1790 2915 1859 2967 ab
1891 2913 1958 2965 iis
2012 2912 2105 2979 qui
2142 2910 2340 2963 divinae

763 3013 1123 3068 Providentia:
1157 3009 1469 3079 dignatione
1505 3008 1641 3061 alios
1681 3014 1894 3074 regunt,
1942 3002 2182 3055 omnium
2213 3015 2343 3053 sane

2429 1808 2659 1877 μάλιστά
2710 1823 2773 1874 γε
2810 1805 2909 1872 τῆς
2964 1802 3118 1872 ὑμῶν
3161 1798 3434 1867 πατρικῆς
3483 1794 3763 1861 ὁσιότητος
3803 1792 3866 1843 ού
3914 1789 4007 1841 διὰ

2424 1900 2790 1970 γραμμάτων,
2826 1896 2912 1949 διὰ
2962 1895 3020 1946 δὲ
3051 1892 3159 1946 τῶν
3201 1890 3418 1944 οἰκείων
3448 1885 3836 1956 τοποτηρητῶν
3866 1882 4001 1953 πληο

2431 1993 2799 2066 ροφορηθῆναι
2853 1990 3142 2059 κρινάσης,
3194 1985 3307 2038 ἀλλ’
3371 1986 3456 2036 ἵνα
3505 1984 3576 2052 μὴ
3625 1982 3684 2033 τὸ
3722 1979 3856 2049 μηδὲ
3909 1978 4010 2046 τὴν

2429 2088 2605 2158 ἀρχὴν
2637 2086 2843 2138 ἐθέλειν
2871 2082 3103 2152 γράφειν
3134 2078 3493 2149 παροράσεως
3532 2075 3703 2127 αἴτιον
3744 2071 4006 2140 νομισθῇ,

2428 2182 2623 2233 τούτου
2652 2178 2815 2247 χάριν
2843 2178 2901 2228 ὲν
2929 2174 3195 2242 ἐπιδρομῇ
3224 2173 3291 2222 τὰ
3317 2168 3437 2220 καθ’
3466 2169 3611 2237 ἡμᾶς
3632 2164 4009 2233 διεξήλθομεν,

2434 2272 2644 2327 πολλῶν
2677 2270 2869 2332 ὄντων,
2897 2267 2993 2320 mi.
3024 2266 3218 2336 σχολῆς
3250 2263 3449 2331 πολλῆς
3474 2260 3738 2330 δεομένων
3771 2258 3882 2310 τῷν
3907 2274 4013 2309 πα-

2439 2363 2899 2435 ραλελειμμένων.
2927 2360 3203 2414 Αύτόπται
3227 2357 3281 2410 δὲ
3315 2357 3405 2408 καὶ
3438 2357 3659 2423 ἐπήκοοι
3682 2352 3730 2404 οί
3766 2349 4017 2403 θεοσεὸἐο

2440 2474 2622 2509 στατοι
2648 2455 3018 2524 τοποτηρηταὶ
3037 2453 3143 2505 τῶν
3170 2451 3433 2504 πλειόνων
3461 2446 3747 2515 γεγονότες
3774 2445 4017 2497 δύναιντ’

2438 2548 2504 2599 ἂν
2537 2549 2747 2601 ᾶπαντα
2774 2544 2961 2613 σαφῶς
2992 2540 3324 2605 ἀναδιδάξαι,
3351 2541 3448 2607 τῆς
3484 2536 3635 2607 ὑμῶν
3669 2534 4017 2603 μεγαλοφυε-

2443 2639 2645 2707 στάτης
2715 2635 2979 2696 συνέσεως
3025 2630 3482 2685 διαπυνθάνεσθαι
3532 2626 3888 2696 βουλομένης.

2520 2732 2584 2784 Ὀ
2627 2730 2684 2783 δὲ
2720 2728 2949 2798 ῥηθῆναι
2980 2726 3098 2779 δέον
3134 2722 3332 2796 μικροῦ
3371 2740 3435 2793 με
3486 2722 3826 2792 παρέδραμε,
3862 2718 4023 2772 τοῦτο

2448 2824 2512 2895 δὴ
2546 2824 2641 2876 καὶ
2674 2822 2930 2892 προσθεὶς
2960 2820 3297 2873 καταπαύσω
3326 2818 3417 2869 τὶν
3460 2818 3639 2883 λόγον,
3671 2817 3768 2883 τῆς
3808 2818 4026 2867 ἐπιστο-

2447 2915 2548 2982 λῆς
2576 2910 2971 2981 εὐλαϐούμενος
2995 2912 3057 2962 τὸ
3086 2910 3277 2979 μῆκος.
3319 2909 3383 2960 ’Π
3407 2906 3512 2959 τῶν
3539 2905 3753 2974 ἀληθῶν
3780 2904 4025 2957 κανόνων

2453 3005 2690 3076 φυλακὴ,
2749 3004 3019 3073 σπουδαίῳ
3086 3002 3187 3070 μὲν
3235 3000 3578 3069 ὲποφείλεται
3641 2999 3825 3061 παντὶ,
3889 2996 4027 3049 πολὺ

765 3106 1001 3158 maxime
1032 3103 1231 3171 quibus
1266 3102 1318 3153 in
1354 3101 1544 3153 horum
1568 3113 1797 3151 numero
1829 3098 2091 3164 primatus
2118 3093 2338 3163 obtigit:
2370 3099 2410 3153 C

2370 3099 2410 3153 C
2445 3098 2501 3148 δὲ
2555 3097 2720 3148 πλέον
2768 3097 2882 3157 τοῖς
2935 3093 3258 3147 ἀπευθύνειν
3290 3092 3395 3164 [(7)
3435 3092 3505 3143 τὰ
3533 3091 3640 3142 τῶν
3696 3089 3872 3143 ἄλλων
3922 3088 4030 3141 ὑπὸ

767 3206 971 3267 quanto
1007 3195 1152 3248 enim
1184 3194 1305 3246 aliis
1352 3201 1628 3261 praestant,
1672 3200 1820 3243 tanto
1866 3188 2237 3257 diligentiores
2271 3187 2345 3239 le-

766 3307 891 3358 gum
915 3287 1169 3341 custodes
1215 3285 1411 3337 debent
1465 3298 1633 3346 esse;
1680 3297 1804 3333 nam
1858 3280 2088 3333 celerius
2127 3279 2341 3331 illorum

771 3383 1027 3435 delictum
1072 3389 1257 3446 utpote
1290 3377 1343 3429 in
1378 3374 1709 3429 sublimitate
1750 3373 2051 3441 positorum
2094 3371 2345 3424 omnibus

768 3476 1076 3536 nuntiatur,
1105 3484 1269 3539 atque
1300 3468 1425 3521 inde
1482 3468 1618 3521 alios
1668 3465 1938 3535 Oportebit
1966 3464 2031 3517 ad
2086 3463 2343 3515 virtutem

771 3566 977 3627 reduci,
1002 3564 1086 3617 vel
1119 3563 1185 3615 ad
1229 3561 1358 3614 vitia
1399 3557 1600 3612 retrahi
1656 3573 1719 3611 ac
1770 3554 2132 3625 pessumdari.
2168 3554 2346 3617 Quare

773 3668 950 3711 vestra
988 3656 1150 3710 debet
1199 3653 1444 3707 amabilis
1496 3649 1774 3704 beatitudo
1822 3647 2242 3702 ecclesiasticam
2266 3645 2347 3699 dio

2455 3193 2553 3257 τῆς
2606 3188 2856 3257 προνοίας
2888 3187 3227 3254 ἠξιωμένοις·
3265 3186 3356 3236 καὶ
3400 3183 3601 3235 τούτων
3647 3182 3725 3233 ἔτι
3768 3181 4028 3249 μάλιστα,

2447 3286 2559 3343 τοῖς
2616 3285 2672 3333 ἐν
2732 3282 2912 3342 αὐτοῖς
2964 3278 3173 3341 τούτοις
3232 3275 3534 3346 πρωτεύειν
3594 3272 3887 3343 λαχοῦσιν·
3921 3272 4033 3340 ὅσῳ

2451 3376 2556 3442 γὰρ
2587 3373 2938 3441 ὑπερέχουσι,
2997 3370 3233 3438 τοσούτῳ
3284 3368 3675 3437 νομοφυλακείν
3729 3364 4026 3433 ὀφείλουσι·

2454 3465 2643 3515 θᾶττόν
2721 3482 2779 3515 τε
2844 3464 2951 3532 γὰρ
3013 3463 3073 3514 τὸ
3148 3460 3367 3513 ἐκείνων
3444 3460 3765 3526 ἐλάττωμα,
3823 3450 3910 3509 οἷα
3968 3457 4033 3526 δὴ

3542 3548 3997 3620 περιαγγέλλεται
4014 3590 4029 3610 ,

2454 3646 2705 3698 κάκεῖθεν
2733 3647 2857 3709 τοὺς
2894 3646 3084 3709 ἄλλους
3125 3645 3305 3713 δεήσει
3357 3645 3493 3715 πρὸς
3524 3643 3722 3716 ἀρετὴν
3757 3641 4032 3707 ἐπανάγε-

2453 3557 2721 3624 κειμένων
2792 3557 2848 3606 ὲν
2901 3554 3060 3623 ὕψει,
3122 3556 3201 3616 εἰς
3258 3554 3463 3614 πάντας

2302 3756 2530 3817 NOTAE.

843 3869 919 3934 (7)
950 3865 1115 3919 Unczs
1179 3863 1383 3916 Inclusa
1425 3862 1709 3934 _supplevit
1776 3861 1914 3934 Ang.
1954 3860 2161 3934 _lilaius‘
2213 3858 2349 3910 Bibl.

774 3930 1009 3996 ηυνξιν,
1048 3952 1098 4003 p.
1137 3936 1202 3987 ὅθ
1235 3951 1245 3984 :
1280 3964 1350 3973 —
1374 3951 1391 3982 ι
1424 3931 1637 3991 Utrum,
1674 3932 1866 3997 inquit,
1892 3930 2355 3984 schismaticorum

776 4010 907 4062 item
963 4000 1133 4057 fraudi
1176 4003 1517 4057 tribuendum
1576 4003 1669 4061 sit,
1723 4017 1915 4062 necne,
1971 4002 2117 4068 quod
2181 4000 2357 4051 adhuc

777 4095 895 4131 smn
952 4078 1218 4133 dicturus,
1287 4073 1426 4141 arqui
1498 4072 1725 4141 lectores
1783 4070 2355 4141 judicabuntul’hotii

775 4149 986 4215 longam
1057 4139 1365 4215 epistolam‘
1410 4143 1474 4195 ad
1543 4139 1820 4215 Meonian
1879 4156 2065 4215 papam
2116 4140 2186 4215 ob
2261 4140 2359 4191 im-

776 4211 1236 4286 parandam—sui
1302 4214 1353 4265 in
1419 4212 1813 4286 patriarcbattn
1858 4211 2354 4286 conﬁrmationem,

777 4280 947 4339 edidit
1024 4284 1208 4337 Latine
1261 4280 1489 4346 tantum,
1547 4283 1702 4333 l’ctro
1770 4280 1974 4333 Morino
2027 4281 2355 4347 interprete,

778 4356 924 4409 card.
966 4354 1224 4405 Baronius
1264 4352 1327 4404 ad
1383 4366 1468 4403 an.
1511 4351 1634 4413 Stil,
1683 4367 1735 4404 u.
1790 4351 2013 4403 δάιεθά
2061 4365 2121 4401 ea
2177 4350 2358 4403 Graece

778 4426 995 4479 demum
1042 4422 1252 4491 vulgata
1308 4420 1517 4491 fuitﬂab
1564 4420 2210 4491 Anthitnoschismatico
2248 4417 2351 4471 lie-

780 4474 1266 4560 episcopo
1308 4492 1357 4542 in
1404 4490 1647 4542 Valachia
1693 4508 1778 4541 an.
1822 4490 1973 4551 1706,
2026 4506 2183 4557 quem
2236 4505 2353 4541 rur-
2386 4474 2429 4529 Ῐ)

781 4580 874 4618 sus
944 4574 1148 4616 textum
1218 4564 1364 4629 prelo
1435 4576 1607 4626 napcr
1654 4561 1703 4612 in
1775 4562 1940 4611 Gallia
1994 4561 2222 4628 subjecit
2277 4560 2356 4612 vir

781 4635 853 4687 cl.
892 4632 1115 4701 Jagerus
1151 4632 1203 4683 in
1238 4646 1331 4701 sua
1360 4631 1610 4701 prieclara
1650 4632 1715 4681 de
1762 4631 1950 4683 l’botio
1979 4632 2150 4682 Grzcci
2182 4631 2356 4683 schis-

782 4703 939 4756 matis
960 4698 1193 4755 auctore
1226 4700 1466 4761 historia,
1488 4715 1539 4767 p.
1565 4700 1684 4751 459.
1718 4700 1826 4768 Ego
1858 4714 1984 4750 vero
2015 4698 2257 4753 Graecum
2284 4700 2353 4753 ibi

784 4782 988 4826 textum
1020 4774 1221 4841 legens,
1255 4769 1434 4821 statim
1464 4770 1652 4841 agnovi
1682 4770 1754 4837 (p.
1789 4770 1911 4835 45:2)
1951 4770 2051 4822 line
2078 4785 2195 4821 esse
2238 4788 2357 4822 mu-

783 4844 1015 4905 tilatum,
1042 4839 1093 4893 id
1125 4840 1265 4907 quod
1289 4840 1393 4892 illic
1422 4848 1530 4891 tum
1567 4839 1739 4891 hiulca
1775 4840 2059 4901 sententia,
2115 4848 2168 4891 et
2200 4856 2356 4892 voca-

784 4912 912 4966 bula
942 4922 1194 4977 corrupta
1227 4911 1355 4961 satis
1384 4909 1631 4969 suadent,
1672 4923 1779 4960 tum
1815 4911 2017 4977 integra
2040 4918 2198 4977 atque
2225 4926 2359 4963 cou-

787 4984 934 5035 tinua
976 4983 1115 5049 apud
1169 4980 1455 5049 Baronium
1509 4980 1879 5045 interpretatio
1933 4982 2087 5046 plane
2133 4980 2359 5033 demon-

786 5062 940 5104 strat.
969 5048 1085 5103 .lam
1116 5066 1239 5101 vero
1280 5050 1329 5100 in
1372 5048 1551 5100 Graeca
1579 5060 1702 5100 ante
1736 5050 1871 5100 hanc
1898 5050 2038 5102 diem
2068 5061 2216 5117 parte
2247 5051 2360 5103 iuc-

788 5123 915 5177 dita.
938 5120 1157 5173 l‘liotius
1174 5118 1389 5170 disertis
1419 5118 1596 5171 verbis
1620 5118 1815 5171 fatetur
1845 5117 2067 5172 Romani
2094 5119 2362 5187 pontiﬁcis

789 5192 1101 5259 primatum,
1131 5191 1258 5259 dum
1290 5188 1364 5240 ait
1388 5189 1533 5241 illum
1571 5189 1710 5241 inter
1738 5189 2162 5243 Christianorum
2187 5201 2363 5244 recto-

788 5258 873 5313 res
905 5260 1200 5328 πρωτεύειν
1245 5258 1469 5325 λαχόντα
1512 5266 1567 5310 et
1602 5260 1903 5327 ὑπερέχειν,
1944 5260 2239 5329 principem
2272 5277 2362 5313 su-

788 5345 1140 5399 premumque
1194 5329 1622 5399 locumgtenere.
1688 5330 1902 5381 Fatetur
1963 5334 2087 5383 item
2140 5330 2363 5384 l’hotius

791 5397 1061 5467 vigentem
1091 5397 1534 5451 consuetudinem
1552 5397 1983 5469 Christianorum
2017 5402 2361 5469 coulugiendi

790 5470 1200 5538 appellandique
1232 5469 1465 5536 undique
1497 5468 1563 5520 ad
1606 5470 1762 5522 lium.
1803 5471 2007 5535 sedem,
2048 5482 2103 5523 ut
2148 5468 2365 5538 pentili-

791 5540 985 5592 calium
1021 5545 1214 5608 pedum
1244 5540 1548 5591 fruerentur
1575 5540 1779 5602 osculo,
1821 5552 1877 5593 ut
1906 5543 1971 5593 ad
2000 5544 2367 5608 apostolorum

794 5610 980 5661 limina
1011 5618 1247 5671 orarent,
1279 5620 1331 5661 et
1358 5617 1699 5675 peccatorum
1727 5612 1935 5662 veniam
1968 5626 2337 5679 cousequeren

799 5679 1419 5759 tur.Tantumpostulat,
1452 5693 1518 5759 ne
1541 5680 1592 5731 id
1623 5680 1739 5731 sine
1777 5682 2235 5759 continendatiliis
2272 5700 2362 5751 pa~

798 5750 1042 5804 triarcba:
1074 5749 1315 5817 epistolis
1345 5750 1493 5801 lieret
1522 5765 1533 5799 :
1564 5764 1671 5817 quo
1707 5758 1823 5803 astu
1854 5750 2074 5803 Photius
2123 5749 2365 5806 liomana

2463 3860 2896 3939 peregrinatione
2940 3868 2993 3913 et
3039 3858 3410 3939 appellatione
3438 3859 3759 3939 iis_volebat
3806 3861 4035 3916 interdi-

2464 3944 2605 3991 cere,
2648 3930 2735 3998 qui
2775 3947 2840 3983 ne
2871 3945 2991 3983 cum
3025 3931 3247 3983 obtruso
3279 3930 3605 3998 patriarcha,
3640 3931 3689 3985 id
3717 3941 3799 3984 est
3826 3946 4032 3995 secum,

2463 4000 2944 4060 eonimuniearent,
2999 3999 3219 4052 liomam
3276 4000 3691 4062 confugiebant,
3734 4002 3823 4054 ubi
3872 4004 4034 4057 etiam

2464 4067 2641 4148 liliotii
2668 4073 2893 4148 _crimina
2920 4070 3261 4148 revelabant;
3295 4062 3521 4148 ideoque
3549 4071 3737 4124 callide
3775 4071 3843 4124 iis
3867 4074 4036 4126 male-

2464 4138 2612 4211 dicit.
2660 4139 2775 4194 Jam
2828 4156 2954 4193 vero
3003 4150 3113 4211 tota
3142 4139 3271 4211 _hzec
3311 4139 3591 4211 Photiana:
3627 4141 3869 4208 epistola:
3910 4158 4039 4211 pars

2462 4208 2647 4263 Gratce
2699 4211 2919 4275 excidit,
2963 4219 3019 4263 ut
3053 4210 3106 4263 in
3142 4207 3501 4263 Valachorum
3545 4207 3705 4278 atque
3756 4207 3929 4266 etiam
3982 4215 4035 4266 in

2462 4278 2635 4358 Jageri
2667 4282 2902 4358 editione
2943 4280 3124 4333 videre
3145 4289 3254 4358 _est.
3287 4279 3377 4348 qui
3409 4295 3537 4333 sane
3580 4282 3659 4333 vir
3684 4280 3878 4335 doctus
3921 4284 4036 4336 edi-

2464 4350 2625 4402 tionis
2658 4350 2926 4404 defectum
2965 4350 3204 4419 agnovit,
3232 4366 3406 4419 neque
3437 4359 3613 4403 tamen
3650 4352 3826 4419 potuit
3853 4352 4037 4406 Cra-cc

2465 4420 3127 4500 supplere.mllisp_licttisse
3163 4431 3345 4499 autem
3376 4420 3569 4474 edituri
3603 4420 3864 4500 Anthimo
3894 4424 4039 4476 hunc

2458 4491 2694 4555 epistola:
2745 4490 2920 4542 Photii
2968 4498 3214 4551 tractum,
3254 4491 3304 4542 in
3362 4506 3468 4558 quo
3517 4505 3705 4560 papam
3739 4490 3897 4545 Rom.
3939 4508 4037 4546 ceu

2459 4562 2559 4615 sibi
2602 4562 2934 4625 superiorem
2981 4560 3154 4613 adlmc
3213 4570 3509 4621 reveretur,
3544 4573 3599 4615 et
3628 4562 3693 4613 de
3722 4562 4040 4629 appellatio-

2460 4633 2616 4685 nibus
2662 4632 2725 4683 ad
2776 4631 3124 4697 apostolicam
3163 4632 3344 4683 sedem
3392 4630 3665 4698 loquitur,
3714 4631 3789 4683 nil
3840 4632 4037 4684 mirum

2459 4713 2560 4767 est;
2592 4718 2717 4755 nam
2746 4711 2888 4753 totus
2916 4701 3004 4752 ille
3032 4700 3275 4752 Anthimi
3311 4712 3489 4752 tomus
3510 4700 3875 4754 scliismatieis
3904 4716 4040 4769 epu-

2460 4773 2642 4833 sculis,
2668 4772 2923 4824 Roman-.e
2951 4772 3247 4837 priesertim
3271 4771 3575 4822 auctoritati
3601 4769 4038 4829 adversantibus,

2460 4852 2648 4895 scatet.
2688 4841 2821 4894 Tum
2869 4856 2995 4892 vero
3039 4838 3319 4901 Valachos,
3365 4840 3629 4908 calogeris
3678 4840 3790 4892 suis
3819 4841 4041 4893 auscul-

2461 4921 2655 4971 tantes.
2681 4912 2856 4965 alieno
2883 4911 3198 4979 plerumque
3223 4910 3405 4962 animo
3435 4924 3461 4961 a
3496 4909 3753 4963 Romanis
3798 4910 4042 4978 partibus

2461 4983 2750 5043 exstitisse,
2806 4983 2953 5034 disco
3008 4997 3073 5033 ex
3110 4980 3330 5033 historia
3383 4994 3586 5045 nupera
3634 4993 3795 5045 quam
3844 4980 3913 5033 de
3958 4980 4042 5033 illa

2466 5054 2679 5120 regione
2705 5052 2871 5105 edidit
2892 5050 3225 5120 Berolinivir
3244 5051 3436 5103 doctus
3466 5048 3628 5103 Mich.
3660 5048 4041 5120 Kogalnitcha-

2464 5118 2565 5174 nus
2598 5132 2725 5174 tom.
2761 5122 2798 5185 l,
2841 5137 2959 5189 pag.
2986 5121 3108 5172 257.
3138 5118 3289 5171 Haud
3339 5135 3465 5187 ergo
3500 5122 3782 5173 temeraria
3812 5119 4045 5173 fortasse

2464 5193 2700 5261 suspicio
2752 5204 2865 5254 est,
2918 5200 3122 5259 partem
3158 5190 3321 5261 illam
3366 5190 3609 5261 epistola:
3651 5190 3828 5243 dedita
3879 5204 4042 5257 opera

2466 5259 2604 5332 typis
2633 5264 2797 5315 fuisse
2823 5264 3121 5332 seclusam.
3143 5260 3295 5324 Quod
3317 5259 3378 5332 _si
3400 5261 3536 5332 quis
3574 5260 3757 5313 mitius
3799 5260 4043 5327 judicare

2468 5330 2616 5395 velit,
2647 5344 2698 5385 ct
2730 5332 2968 5385 Anthimi
2998 5331 3290 5384 editionem
3316 5330 3654 5383 Valacliicam
3677 5332 3833 5398 culpa
3865 5330 4043 5399 potius

2465 5405 2685 5466 codicis,
2724 5402 2948 5455 fortasse
2988 5402 3179 5463 mutili,
3212 5416 3455 5453 mancam
3489 5401 3831 5461 existimare;
3865 5400 4043 5452 adhuc

2465 5473 2812 5539 qua-rendum
2869 5480 3118 5540 superest
3168 5471 3287 5540 quis
3336 5471 3581 5522 lacunam
3630 5472 3681 5522 in
3728 5470 3819 5523 illo
3853 5470 4042 5523 codice

2468 5544 2675 5603 fecerit,
2711 5558 2937 5597 casusne
2962 5542 3171 5610 aliquis,
3211 5557 3277 5593 an
3308 5541 3633 5594 schismatici
3670 5541 3904 5594 hominis
3939 5540 4045 5608 pri-

2467 5629 2590 5666 scus
2615 5614 2806 5667 dolus?
2838 5613 2942 5665 Sed
2974 5622 3246 5680 utcunque
3277 5626 3335 5662 se.
3358 5612 3457 5664 ista
3485 5610 3705 5672 habent,
3729 5626 3797 5664 en
3826 5612 4043 5664 demqu

2469 5684 2581 5736 lucc
2621 5684 2843 5751 epistola
2865 5699 2893 5734 a
2916 5683 3069 5736 nobis
3102 5697 3204 5750 ope
3224 5683 3454 5736 duorum
3480 5680 3728 5737 codicum
3764 5680 4038 5736 Vaticano-

2470 5770 2584 5806 rum
2616 5754 2799 5809 GTWCC
2828 5754 3147 5823 completur.
3178 5771 3194 5802 ι
