4242 6438
234 408 341 470 617

1375 399 1911 466 EPISTOLARUM
1949 400 2179 461 LIBER
2222 401 2272 460 Ι.

3346 396 3451 461 618

226 521 376 580 σθαι,
431 516 464 585 ἢ
514 515 649 586 πρὸς
706 516 905 569 κακίαν
967 513 1367 584 ύποσύρεσθαι’
1427 514 1509 566 διδ
1565 513 1645 564 δεῖ
1706 512 1873 569 καὶΑ

1771 512 1799 562 ,ι
1829 517 1873 569 Α
1901 511 2182 580 sciplinam
2225 524 2289 563 ac
2330 507 2646 563 modestiam
2682 506 2736 560 in
2768 507 3021 561 omnibus
3056 521 3199 561 curaa
3223 506 3446 569 habens,

223 610 327 676 τὴν
382 606 650 676 ὑμετέραν
703 604 1065 674 πολυέραστον
1122 604 1492 674 μακαριότητα
1542 606 1641 672 τῆς
1692 604 1784 654 ἐκ-

226 698 621 766 κλησιαστικῆς
661 696 913 759 εὐταξίας
950 698 1009 749 ἐν
1063 697 1197 747 πᾶσι
1256 694 1659 765 φροντίζουσαν,
1696 694 1789 747 καὶ

225 788 330 857 τῆς
356 788 638 857 καωνικῆς
661 786 1025 857 ἀπεχομένην
1046 786 1355 855 εὐθύτητος,
1387 788 1510 852 τοὺς
1541 786 1669 839 ἀνευ
1697 803 1791 839 συ-

230 879 501 934 στατικῶν
530 880 869 950 γραμμάτων
894 879 1028 949 πρὸς
1050 879 1150 949 τὴν
1175 880 1282 933 τῶν
1343 878 1627 948 Ῥωμαίων
1668 879 1790 931 Ἐκ-

232 973 465 1042 κλησίαν
488 972 736 1025 ἐντεῦθεν
764 972 1117 1043 ἀπαίροντας,
1175 973 1248 1043 μὴ
1282 972 1357 1037 ὡς
1385 973 1571 1043 ἔτυχεν
1604 972 1793 1025 ὑποδέ-

215 1066 460 1136 ίχεσθαιο
500 1065 634 1135 μηδὲ
675 1063 977 1134 φιλοξενίας
1012 1069 1391 1135 προσχήματι,
1440 1065 1793 1135 μισαδελφίας

232 1159 583 1226 παραχωρεῖν
641 1154 1069 1209 καταὸἀλλεσθαι
1119 1156 1406 1225 σπέρματα
1426 1172 1439 1187 ·
1476 1155 1535 1207 τὸ
1566 1155 1663 1224 μὲν
1686 1156 1793 1225 γὰρ

234 1249 356 1301 καθ’
384 1248 617 1317 ἑκάστην
639 1248 775 1317 πρὸς
796 1249 894 1316 τὴν
918 1246 947 1300 ύ
956 1248 1071 1315 μῶν
1093 1249 1363 1319 πατρικὴν
1392 1248 1645 1317 ὁσιότητα
1668 1249 1793 1310 τοὺς

238 1338 597 1408 βουλομένους
653 1339 1070 1410 παραγίνεσθαι,
1110 1340 1205 1392 καὶ
1255 1341 1366 1392 τῶν
1393 1339 1589 1410 τιμίων
1622 1340 1794 1406 αὐτῆς

236 1430 532 1484 ἀπολαύειν
587 1431 765 1499 ίχνῶν,
818 1429 974 1483 τοῦτο
1027 1431 1145 1483 λίαν
1178 1434 1300 1500 ἐμοὶ
1353 1432 1669 1502 προσφιλὲς,
1700 1434 1796 1485 καὶ

241 1519 347 1585 πρὸ
368 1516 578 1569 πολλῶν
606 1518 779 1570 ἀλλων
809 1517 1115 1585 τιμώμενον
1136 1534 1149 1547 ⁸
1178 1520 1238 1570 τὸ
1257 1519 1313 1571 δέ
1340 1520 1506 1588 χωρὶς
1539 1519 1637 1587 τῆς
1660 1520 1795 1587 ἠμε-

239 1609 404 1676 τέρας
435 1608 707 1677 είδήσεως,
746 1610 839 1661 καὶ
870 1610 1204 1663 συστατικῶν
1256 1610 1595 1681 γραμμάτων
1645 1610 1794 1674 ἀνευ,

241 1700 551 1768 ἀποδημίας
581 1701 845 1762 ἀτάκτους
881 1701 1171 1763 ποιεῖσθαι,
1196 1700 1319 1753 οὔτε
1366 1703 1495 1770 ἡμῖν
1533 1700 1653 1754 οὔτε
1684 1704 1796 1763 τοῖς

242 1792 482 1857 κανόσιν,
516 1792 627 1843 ἀλλ’
648 1793 765 1844 οὐδὲ
785 1795 849 1860 τῇ
882 1792 1033 1860 ὑμῶν
1052 1792 1332 1862 ἀδεκάστῳ
1350 1796 1526 1861 κρίσει
1552 1792 1796 1861 εὐπαρά-

1890 606 1946 651 et
1991 597 2307 651 canonicam
2354 604 2544 649 tenens
2602 594 3006 658 rectitudinem,
3063 610 3157 649 eos
3199 594 3291 665 qui
3332 595 3453 649 sine

1888 688 2347 743 commendatitiis
2364 687 2563 741 litteris
2581 686 2649 740 ad
2682 686 2975 740 Romanam
3002 686 3297 741 Ecclesiam
3325 683 3455 741 hinc

1889 778 2325 848 proficiscuntur,
2374 791 2486 832 non
2550 785 2755 831 temere
2803 791 2868 830 ac
2916 775 3139 831 fortuito
3188 777 3449 847 recipere,

1891 887 1996 927 nec
2022 872 2205 926 sinere
2260 868 2645 940 hospitalitatis
2709 869 2887 937 specie
2929 868 3039 923 odii
3082 867 3305 923 fraterni
3347 869 3452 939 jaci

1893 965 2122 1022 semina.
2152 962 2285 1018 Nam
2330 963 2568 1034 quotidie
2632 962 2700 1017 ad
2739 972 2973 1016 vestram
3024 972 3303 1033 paternam
3332 979 3455 1017 san-

1892 1062 2131 1115 ctitatem
2194 1075 2307 1120 eos.
2361 1057 2452 1127 qui
2506 1057 2692 1120 velint,
2721 1056 2891 1121 adire,
2936 1066 2990 1110 et
3040 1056 3293 1126 pretiosis
3336 1059 3455 1127 ejus

1893 1151 1999 1206 frui
2019 1150 2281 1221 vestigiis,
2302 1151 2407 1203 hoc
2430 1148 2564 1202 mihi
2594 1148 2749 1203 valde
2786 1148 3018 1202 amabile
3047 1158 3151 1214 est,
3177 1162 3243 1201 ac
3273 1149 3457 1202 multis

1895 1246 2013 1299 aliis
2041 1245 2204 1299 rebus
2235 1242 2673 1311 anteponendum
2706 1261 2718 1295 :
2748 1251 2803 1294 at
2830 1241 2949 1295 sine
3003 1252 3185 1295 nostra
3209 1242 3456 1306 scientia,

1894 1345 1951 1391 et
1995 1337 2198 1406 absque
2250 1334 2711 1390 commendatitiis
2760 1333 2953 1386 litteris
3004 1332 3460 1403 peregrinationes

1895 1429 2047 1483 nullo
2078 1428 2268 1484 ordine
2314 1427 2515 1497 suscipi
2540 1445 2554 1481 :
2579 1427 2634 1481 id
2668 1441 2770 1480 nec
2798 1426 2977 1491 nobis,
3009 1442 3111 1481 nec
3140 1427 3458 1489 canonibus,

1895 1536 1999 1575 nec
2022 1535 2152 1574 vero
2192 1529 2373 1574 vestro
2402 1519 2750 1590 integerrimo
2768 1517 2971 1585 judicio
2999 1526 3083 1572 est
3111 1517 3460 1587 acceptabile.

1896 1612 2100 1669 Omitto
2131 1614 2275 1668 enim
2297 1614 2398 1668 alia
2419 1628 2548 1682 quae
2576 1612 2796 1667 evenire
2822 1611 3001 1665 solent
3029 1611 3096 1664 iis
3112 1612 3202 1680 qui
3220 1611 3349 1666 hinc
3377 1612 3464 1666 di-

1898 1703 2145 1767 scedunt,
2178 1705 2279 1757 iter
2303 1720 2367 1758 ac
2399 1705 2871 1775 peregrinationes
2900 1720 3007 1759 non
3030 1707 3180 1773 juxta
3202 1720 3463 1759 canonem

1903 1792 2228 1849 habentibus
2268 1811 2494 1865 pugnas,
2536 1796 2851 1858 seditiones,
2877 1796 3040 1859 rixas,
3068 1796 3464 1858 contentiones,

244 1883 454 1936 δεκτοψ
511 1882 688 1952 ἐῶμεν
721 1882 828 1951 γὰρ
856 1882 902 1934 τ’
939 1882 1071 1935 ἄλλα
1102 1883 1137 1936 ἀ
1162 1883 1479 1952 συμϐαίνειν
1518 1883 1694 1945 εἴωθε,
1724 1882 1799 1953 μὴ
1830 1876 1873 1933 Β
1902 1902 1919 1941 ί

1791 1901 1799 1953 ι
1830 1876 1873 1933 Β
1902 1886 2218 1949 calumnias,
2253 1885 2497 1950 insidias,
2526 1886 2974 1939 insurrectiones.
3024 1885 3129 1940 Sed
3156 1887 3297 1955 quod
3321 1903 3466 1942 nunc

246 1975 391 2027 κατά
420 1974 513 2024 τὸν
565 1973 764 2026 κανόνα
814 1972 913 2036 τὰς
944 1974 1249 2043 ἀποδημίας
1308 1974 1663 2043 ποιουμένων,
1695 1973 1802 2027 τῶν

244 2064 668 2133 ἀποδημούντων
695 2065 792 2127 τὰς
818 2066 1014 2134 μάχας,
1049 2065 1145 2127 τὰς
1178 2067 1392 2129 στάσεις
1413 2104 1427 2129 ,
1472 2064 1569 2127 τὰς
1603 2064 1801 2137 ἐριδας,

245 2155 348 2217 τὰς
376 2155 726 2223 φιλονεικίας,
770 2158 868 2218 τὰς
918 2156 1189 2217 διαϐολὰς,
1241 2156 1337 2218 τὰς
1366 2156 1674 2222 ἐπιϐουλὰς,
1706 2158 1805 2219 τὰς

250 2248 685 2310 ἐπαναστάσεις,
733 2247 867 2300 ἀλλά
918 2249 979 2301 τό
1036 2264 1098 2315 γε
1155 2247 1249 2301 νῦν
1282 2246 1554 2318 ὁρώμενόν
1604 2266 1667 2301 τε
1714 2250 1807 2301 καὶ

252 2340 623 2408 πραττόμενον
661 2340 768 2409 ἐρῶ
792 2354 805 2369 ·
843 2340 1060 2392 ἐπειδὰν
1100 2339 1208 2410 γὰρ
1263 2339 1494 2393 ἐνταῦθά
1534 2357 1680 2403 τινες
1719 2341 1808 2393 διὰ

252 2432 357 2501 τῆς
390 2431 686 2484 παθοποιοῦ
739 2432 1015 2503 ῥᾳστώνης
1039 2432 1127 2486 τὸν
1178 2433 1291 2501 βίον
1312 2432 1807 2503 καταρῤυπώσωσι,

255 2526 367 2579 τῶν
401 2526 455 2578 δὲ
515 2524 997 2596 πλημμελημάτων
1054 2523 1282 2587 εὐθύνας
1327 2526 1675 2588 ἀπαιτεῖσθαι
1710 2521 1811 2580 ὦσι

255 2617 633 2687 προσδόκιμοι,
668 2616 806 2686 μετά
833 2616 1035 2684 σεμνῆς
1064 2615 1164 2684 τῆς
1217 2616 1532 2686 ἐπωνυμίας
1578 2619 1813 2687 φυγάδες

258 2707 561 2777 γίγνονται,
608 2709 913 2778 προσευχῆς
964 2706 1132 2776 (ονομα
1156 2710 1222 2778 τῇ
1268 2712 1412 2779 φυγῇ
1445 2710 1812 2781 περιθέμενοι,

260 2802 359 2853 καὶ
374 2802 571 2870 πρᾶξιν
592 2800 821 2869 αἰσχράν
841 2800 1104 2869 ὀνομασία
1127 2804 1335 2870 χρηστῇ
1354 2801 1812 2870 συγκαλύψαντες·

263 2885 343 2943 ὧν
372 2891 422 2943 ol
444 2891 543 2959 μὲν
573 2889 882 2959 ἀλλοτρίους
910 2890 1115 2957 γάμους
1143 2888 1422 2959 διώρυξαν,
1446 2891 1494 2942 οἱ
1515 2890 1570 2943 δὲ
1593 2890 1817 2954 κλοπαῖς

264 2982 599 3045 ἑαλώκεσαν,
624 2982 658 3051 ἢ
686 2982 805 3043 ταῖς
838 2979 1026 3055 μέθαις
1050 2979 1448 3049 προεπόθησαν,
1482 2980 1515 3049 ἢ
1542 2982 1660 3043 ταῖς
1692 2981 1822 3033 ἀκο-

265 3075 427 3129 λασία
436 3091 482 3137 ις
502 3071 872 3140 ἐδουλώθησαν
891 3086 904 3099 ·
936 3070 1082 3124 ἄλλοι
1109 3069 1163 3121 δὲ
1189 3070 1281 3121 καὶ
1299 3069 1407 3121 τῶν
1427 3070 1821 3140 ταπεινοτέρων

268 3165 582 3235 αὐτόχειρες
630 3163 1007 3233 ἐφωράθησαν,
1065 3162 1159 3214 καὶ
1207 3161 1354 3216 ἄλλοι
1387 3160 1562 3223 ἀλλοις
1598 3161 1821 3214 πάθεσιν

270 3253 609 3324 ἀκαθαρσίας
643 3251 1060 3321 συνεσχέθησαν·
1104 3250 1153 3303 οἳ
1198 3250 1413 3303 ἐπειδάδ
1472 3251 1591 3303 κατ’
1643 3251 1821 3304 αὐτῶν

270 3346 374 3414 τὴν
394 3343 547 3412 δίκην
570 3341 890 3411 ἀφιεμένην,
924 3339 1111 3409 ῶσπερ
1140 3340 1370 3408 ἔφημεν,
1415 3337 1823 3404 συναίσθωνται,

274 3434 413 3507 ὁμοῦ
438 3435 614 3487 πάντα
642 3432 981 3502 κυκήσαντὲς
1001 3448 1060 3483 τε
1084 3431 1177 3483 καὶ
1209 3430 1634 3501 συνταράξαντες
1654 3468 1669 3494 ,
1695 3431 1825 3500 δρα-

278 3526 403 3596 σμῷ
424 3524 519 3587 τάς
551 3524 644 3576 ἐπὶ
686 3525 797 3585 τοῖς
842 3520 1322 3591 αίσχρουργηθεῖσι
1366 3521 1464 3573 καὶ
1508 3521 1829 3591 τολμηθεῖσι

277 3613 653 3684 διακρούονται
686 3612 966 3672 κολάσεις·
1005 3612 1140 3680 μήτε
1184 3613 1305 3673 ταῖς
1352 3612 1693 3680 ἐπιτιμήσεσι
1726 3629 1832 3664 σω·

282 3705 676 3777 φρονιζόμενοι,
716 3704 852 3773 μήτε
908 3702 1027 3754 ταῖς
1056 3701 1341 3771 τιμωρίαις
1390 3700 1828 3773 θεραπευόμενοι,

285 3800 424 3868 μήτε
450 3795 541 3848 τοῦ
572 3793 859 3861 πτώματος
882 3792 1282 3862 ἀνορθούμενοι,
1314 3792 1424 3845 ἀλλ’
1454 3795 1633 3856 αὐτοῖς
1654 3811 1714 3845 τε
1737 3793 1831 3847 καὶ

284 3890 397 3948 τοῖς
427 3885 607 3946 ἀλλοις
650 3882 1016 3943 διατελοῦντες
1061 3882 1310 3953 ὀλέθριοι·
1354 3881 1414 3946 ἐξ
1431 3875 1505 3935 ὧν
1536 3881 1613 3951 τῷ
1646 3882 1830 3952 βουλο-

288 3979 434 4047 μένῳ
460 3974 655 4029 πάθεσι
680 3975 889 4043 τρυφᾷν
918 3975 953 4043 ἡ
984 3973 1126 4042 πύλη
1156 3973 1382 4026 πλατεῖα
1418 3974 1519 4043 τῆς
1558 3975 1832 4039 ἀπωλείας

285 4067 691 4133 ὑπανοίγνυταιο
727 4064 907 4134 ἔχουσι
928 4064 1034 4134 γὰρ
1082 4066 1179 4134 τῆς
1210 4064 1363 4135 δίκης
1407 4066 1707 4135 ἀποφυγεῖν
1735 4066 1833 4137 τὴν

286 4159 382 4210 ἐπὶ
409 4159 678 4227 προφάσει
716 4155 1021 4225 προσευχῆς
1074 4157 1167 4207 ἐπὶ
1212 4155 1428 4225 Ῥώμην
1473 4156 1723 4211 κάθοδονο
1760 4154 1835 4212 ὧν

285 4250 383 4317 τὴν
412 4249 734 4315 κακότεχνον
776 4247 1019 4315 μηχανὴν
1051 4246 1347 4314 ὴὺμετέρα
1383 4246 1706 4309 παθοκτόνος
1741 4248 1834 4300 καλ⁵

287 4339 671 4408 θεοχαρίτωτος
715 4334 1093 4389 ἀνασκοποῦσα
1118 4336 1347 4404 κεφαλὴ,
1366 4337 1633 4407 ἄχρηστον
1656 4338 1836 4401 αὐτοῖς

288 4434 384 4486 καὶ
417 4432 840 4501 ἁτελεσφόρητον
867 4430 955 4482 τὸν
976 4430 1123 4482 δόλον
1152 4430 1245 4483 καὶ
1284 4431 1381 4500 τὴν
1426 4432 1837 4502 μηχανορῤἀφον

1904 1978 2138 2042 videtur,
2175 1993 2239 2032 ac
2276 1978 2353 2042 fit,
2395 1978 2613 2042 dicam;
2641 1993 2764 2031 cum
2803 1977 2949 2030 enim
2978 1976 3065 2030 hic
3103 1977 3345 2031 nonnulli
3370 1994 3467 2047 per

1906 2072 2170 2141 impuram
2202 2070 2501 2139 nequitiam
2564 2072 2721 2125 vitam
2756 2069 3173 2124 contaminarint
3202 2085 3265 2124 ac
3294 2071 3467 2125 sordi-

1905 2158 2084 2211 darint
2112 2174 2125 2210 :
2159 2157 2230 2211 sit
2256 2172 2385 2211 vero
2412 2157 2763 2227 exspectatio,
2784 2158 2850 2212 de
2874 2159 2939 2212 iis
2971 2156 3255 2212 criminum
3282 2174 3469 2227 poenas

1905 2250 2201 2319 expetitum
2234 2249 2295 2303 iri
2324 2266 2338 2302 :
2372 2249 2617 2319 speciosa
2644 2254 3047 2320 nuncupatione
3074 2248 3283 2319 fugitivi
3311 2248 3466 2313 fiunt,

1907 2339 2167 2395 orationis
2187 2355 2249 2394 ac
2270 2341 2379 2395 voti
2400 2355 2600 2395 nomen
2632 2339 2770 2411 fugae
2794 2356 2905 2395 sua:
2933 2341 3201 2407 indentes,
3223 2355 3287 2394 ac
3315 2349 3469 2409 turpe

1908 2431 2167 2502 ﬂagitium
2207 2432 2567 2502 appellatione
2591 2433 2758 2503 proba
2803 2440 3174 2501 contegentes.
3227 2429 3468 2496 Quorum

1909 2525 2001 2577 alii
2041 2524 2218 2578 aliena
2246 2524 2496 2597 coniugia
2535 2524 2909 2596 perfoderunt,
2943 2524 3031 2577 alii
3058 2523 3187 2577 furti
3230 2522 3473 2578 damnati

1914 2624 2062 2680 sunt,
2088 2624 2182 2670 aut
2216 2615 2525 2670 vinolentia
2549 2631 2609 2670 se
2635 2616 3014 2685 propinarunt,
3071 2622 3162 2668 aut
3215 2613 3473 2680 lasciviae,

1913 2707 2121 2763 libidini
2151 2716 2207 2762 et
2235 2707 2669 2777 intemperantiae
2715 2706 3019 2761 servierunt
3049 2722 3064 2772 ;
3104 2706 3193 2759 alii
3230 2720 3360 2761 vero
3398 2715 3477 2760 te-

1914 2797 2166 2851 nuiorum
2197 2797 2476 2850 hominum
2511 2811 2858 2865 percussores
2885 2805 2940 2850 et
2968 2794 3251 2850 homicida:
3281 2793 3478 2865 depre-

1918 2887 2073 2942 hensi
2115 2895 2274 2950 sunt;
2323 2887 2414 2940 alii
2471 2887 2592 2942 aliis
2637 2887 2979 2957 passionibus
3022 2886 3379 2964 immunditla
3420 2900 3480 2941 se

1920 2980 2323 3034 immerserunt;
2364 2978 2468 3044 Qui
2531 2994 2653 3033 cum
2700 2979 2756 3032 in
2804 2980 3012 3047 seipsos
3050 2979 3140 3046 jus
3182 2976 3380 3041 emitti,
3419 2986 3480 3031 ut

1921 3070 2175 3133 diximus,
2222 3070 2638 3140 persentiscunt,
2672 3069 2831 3123 simul
2879 3068 3059 3123 omnia
3103 3068 3393 3121 miscentes
3425 3075 3482 3121 et

1923 3164 2327 3229 conturbantes,
2383 3162 2705 3232 ﬂagitiorum
2770 3176 2834 3215 ac
2904 3160 3202 3214 facinorum
3257 3173 3482 3214 suorum

1925 3271 2112 3326 pinnas
2135 3256 2259 3325 fuga
2298 3256 2647 3320 amoliuntur,
2676 3270 2779 3309 nec
2817 3252 3279 3324 ohjurgationibus
3317 3251 3482 3306 casti-

1927 3351 2055 3421 gati,
2083 3364 2184 3405 nec
2211 3350 2489 3420 suppliciis
2514 3348 2709 3414 curati,
2739 3363 2841 3402 nec
2868 3362 2928 3402 se
2956 3361 2985 3400 a
3014 3346 3166 3414 lapsu
3192 3344 3481 3413 erigentes,

1927 3439 2023 3495 sed
2056 3440 2157 3495 sibi
2191 3448 2351 3509 atque
2395 3438 2515 3493 aliis
2547 3453 2718 3508 usque
2766 3435 3073 3507 perniciosi.
3108 3433 3183 3487 Ex
3212 3432 3407 3502 quibus
3432 3431 3483 3484 ei

1928 3531 2019 3601 qui
2067 3530 2200 3585 velit
2252 3530 2591 3601 passionibus
2646 3528 2867 3583 delicias
2914 3529 3122 3591 facere,
3186 3526 3291 3580 lata
3332 3524 3485 3579 exitii

1928 3632 2080 3693 porta
2113 3623 2474 3692 subaperitur.
2533 3620 2743 3676 Habent
2796 3620 2942 3674 enim
2980 3635 3153 3690 pinnae
3205 3618 3484 3689 eﬂ‘ugium,

1929 3715 2156 3769 Romam
2196 3716 2298 3770 sub
2349 3713 2606 3769 orationis
2641 3714 2862 3768 obtentu
2910 3711 3197 3782 proﬁcisci.
3244 3709 3486 3775 Quorum

1930 3807 2069 3860 male
2118 3806 2404 3860 artificiosa
2476 3806 2752 3859 molimina
2813 3804 3176 3868 considerans,
3245 3809 3486 3856 vestrum

1932 3898 2207 3967 passiones
2272 3896 2601 3951 interficiens
2658 3907 2715 3949 et
2769 3893 2878 3949 Deo
2910 3893 3272 3964 gratissimum
3304 3900 3485 3960 caput,

1932 3989 2177 4043 inutilem
2210 3987 2296 4051 iis,
2338 3995 2393 4041 et
2445 4002 2643 4042 vanum
2666 3994 2719 4039 et
2752 3986 2870 4039 sine
2891 3984 3087 4039 effectu
3121 3982 3368 4037 ostendat
3401 3982 3493 4035 do-

1931 4080 2062 4145 lum,
2104 4087 2158 4133 et
2206 4079 2536 4133 voluntatem
2582 4080 2748 4132 multa
2799 4077 3045 4146 nequiter
3065 4074 3484 4139 machinantem,

1932 4178 1986 4225 et
2020 4169 2166 4224 varie
2201 4176 2575 4234 consuentem,
2608 4185 2703 4223 eos
2744 4170 2835 4238 qui
2881 4168 2998 4223 sine
3034 4166 3489 4221 commendatitiis

1934 4260 2127 4313 litteris
2166 4259 2480 4324 adveniunt,
2539 4259 2826 4329 diligenter
2867 4258 2993 4311 illuc
3044 4257 3314 4327 redigens,
3346 4256 3489 4309 unde

1934 4351 2092 4415 male,
2125 4365 2187 4403 ac
2216 4350 2362 4405 nullo
2400 4350 2585 4404 ordine
2622 4350 2947 4421 effugerunt.
2992 4348 3081 4403 Sic
3112 4351 3260 4402 enim
3289 4356 3344 4401 et
3372 4347 3489 4401 illo-

1939 4456 2055 4495 rum
2102 4442 2244 4496 salus
2293 4443 2685 4511 procurabitur,
2723 4452 2779 4497 et
2834 4441 3096 4512 regularis
3150 4439 3412 4495 modestia
3439 4446 3493 4491 et

286 4523 633 4591 ἀποφαινέτω
656 4522 1002 4592 προαίρεσιν·
1035 4522 1160 4584 τοὺς
1205 4522 1333 4575 ἀνευ
1363 4524 1698 4576 συστατικῶν
1730 4542 1833 4576 πα-
1864 4543 1910 4601 D
1934 4546 1961 4587 ο

1818 4553 1833 4563 -
1864 4543 1910 4601 D
1934 4533 2069 4587 ordo
2104 4534 2452 4597 custodietur,
2481 4542 2535 4587 et
2576 4534 2875 4587 firmabitur
2927 4549 3077 4587 amor
3115 4532 3403 4594 fraternus,
3439 4540 3493 4584 et

289 4615 670 4685 ραγινομένους
726 4614 1081 4683 γραμμάτων,
1136 4612 1250 4681 μετ’
1302 4614 1613 4683 ἐπιμελείας
1660 4618 1833 4669 ἐκεῖσε

289 4705 452 4758 πάλιν
507 4704 1007 4773 ἐπαναστρέφουσα,
1053 4705 1173 4757 ὅθεν
1229 4706 1413 4768 κακῶς
1464 4711 1553 4758 καὶ
1588 4708 1835 4772 ἀτάκτως

1941 4624 2243 4678 communis
2288 4625 2586 4679 sollicitudo
2632 4626 2882 4680 omnibus
2918 4626 2983 4679 ad
3020 4625 3247 4679 salutem
3300 4625 3491 4678 anima:

1941 4724 1997 4767 et
2015 4717 2254 4784 corporis
2292 4716 2649 4786 impendetur.

289 4798 551 4865 ἐξέφυγον
572 4815 585 4827 ·
614 4796 755 4849 οὕτω
776 4799 882 4867 γάρ
911 4796 976 4848 ἂν
1006 4797 1183 4848 αὐτῶν
1201 4814 1261 4848 τε
1288 4797 1511 4850 ἐκείνων
1536 4800 1569 4867 ἠ
1606 4801 1845 4870 σωτηρία
1888 4806 2347 4875 πραγματεύοιτο,
2376 4810 2527 4879 κοινή
2580 4827 2638 4861 τε
2693 4812 2726 4879 η
2776 4809 2995 4878 φροντὶς
3014 4811 3177 4862 πᾶσιν
3223 4808 3309 4861 ἐπ’
3348 4807 3492 4875 ώφε-

292 4888 410 4960 λείᾳ
443 4890 619 4959 ψυχῆς
650 4906 709 4941 τε
742 4889 834 4941 καὶ
863 4890 1109 4958 σώματος
1131 4888 1558 4958 πρυτανεύοιτο.ἶ

1640 4982 1973 5037 EPISTOLA
2017 4984 2104 5038 Ill.

1640 4984 1973 5037 EPISTOLA
2017 4984 2104 5039 Ill.

851 5071 928 5124 Ad
968 5070 1259 5127 Orientales
1304 5070 1647 5127 Palriarclms
1692 5086 1740 5129 et
1777 5075 2139 5131 OEconomum
2178 5076 2424 5131 Ecclesia:
2454 5077 2526 5131 An

1640 4984 1973 5037 EPISTOLA
2017 4984 2104 5039 Ill.

1234 5088 1259 5123 s
1304 5070 1647 5127 Palriarclms
1692 5086 1740 5129 et
1777 5075 2139 5131 OEconomum
2178 5076 2424 5131 Ecclesia:
2454 5077 2780 5133 Antiocheam
2810 5080 2908 5147 (8).

901 5158 1122 5212 ΕΠΙΣΤ.
1158 5157 1234 5211 Δ’.

295 5248 512 5318 Βάρδᾳ,
570 5248 900 5316 Ματίστρῳ,
932 5251 1217 5312 Πατοικίιιξ
1274 5250 1373 5303 καὶ
1402 5254 1845 5321 Κουροπαλάτῃ.

2540 5169 2755 5223 EPIST.
2815 5158 2901 5223 IV.

2098 5258 2319 5322 Bardaz,
2350 5259 2595 5331 Magistro
2615 5300 2628 5325 ,
2665 5260 2891 5314 Palritio
2919 5269 2967 5314 et
3002 5260 3350 5331 Curopalatw.

1434 5344 1572 5397 Edita
1594 5361 1619 5395 a
1643 5348 1932 5397 Montacutio
1954 5356 2056 5413 (ep.
2076 5356 2175 5414 3,p
2215 5352 2316 5416 635.)

368 5429 493 5483 Ἐπὶ
521 5428 580 5481 τὸ
631 5431 792 5493 ἀλγος
837 5425 944 5477 τῶν
978 5428 1302 5497 τραυμάτων
1334 5446 1434 5498 μου
1463 5432 1843 5502 προστίθεσθαι

296 5524 541 5591 ἄλγημα,
578 5518 672 5588 τῆς
706 5517 801 5585 μέν
830 5518 966 5587 ἐμῆς
1020 5518 1146 5581 ἴσως
1185 5519 1499 5591 ἀθλιότητος
1536 5524 1701 5591 ἄξιον,
1746 5529 1843 5593 τῆς

2023 5438 2267 5491 Dolorem
2313 5439 2481 5492 dolori
2524 5455 2767 5493 meorum
2795 5443 3078 5495 vulnerum
3111 5444 3490 5511 superaddere,

1951 5529 2173 5599 dignum
2198 5530 2441 5585 fortassis
2467 5547 2582 5585 mea
2604 5534 2818 5587 miseria
2850 5533 2984 5601 fuit;
3013 5534 3289 5602 indignum
3313 5547 3491 5591 autem

1786 5640 2014 5695 ΝΟΤᾸΞ.

382 5734 453 5804 (8)
470 5730 655 5784 Exstat
672 5730 725 5782 in
744 5742 904 5797 opere
925 5727 1011 5781 cui
1037 5729 1223 5784 titulus
1236 5731 1413 5801 Τόμος
1434 5730 1643 5801 χαρᾶς,
1669 5733 1872 5789 editum
1898 5734 2181 5792 Bucharest
2198 5755 2263 5793 an
2277 5778 2289 5791 .
2306 5738 2459 5795 l705.
2486 5738 2596 5797 Hoc
2613 5740 2806 5796 frustra
2825 5742 2928 5798 huc
2943 5759 3113 5812 usque
3128 5746 3493 5811 quaesivimus.

506 5822 775 5882 Ριτιιοι..
821 5819 938 5882 Gn.
988 5820 1115 5880 Cll.

3108 5837 3186 5894 20
