4248 6444
782 388 885 451 619

1928 384 2187 444 ΡΗΟΤΙΙ
2226 386 2721 447 ΡΑΤΒῙΑΗΕΗᾸΞ
2758 388 2861 448 CP.

3904 384 4020 448 620

785 503 943 574 plane
967 499 1437 556 commiseratione
1464 510 1663 561 vestra,
1714 510 1769 555 et
1803 500 2002 554 aﬂectu
2043 502 2132 554 illo
2158 516 2264 569 quo
2292 502 2344 554 in
2373 508 2417 562 Α
2446 504 2462 555 ε

2336 520 2344 554 ι
2373 508 2417 562 Α
2446 503 2489 555 δ’
2529 504 2796 574 ὑμετέρας
2829 502 3188 573 συμπαθείας,
3224 502 3315 555 καὶ
3360 502 3487 571 περὶ
3520 500 3664 570 ἡμᾶς
3697 498 4013 561 διαθέσεως,

786 610 872 648 me
899 593 1121 646 animari
1144 592 1366 647 debeas.
1391 592 1544 657 Quod
1582 593 1627 646 si
1668 593 1789 661 quis
1849 592 1949 647 sibi
2018 594 2348 661 persuaserit

787 693 975 739 contra
1008 694 1238 737 vestram
1271 685 1529 738 obvenire
1563 683 1719 737 nobis
1752 684 1855 737 ista
1887 684 2221 738 voluntatem
2249 725 2263 745 ,
2302 684 2349 737 is

788 790 910 828 cum
942 775 1120 829 videat
1143 775 1243 828 ista
1274 789 1373 828 nos
1399 775 1532 843 pati,
1568 782 1622 828 te
1650 782 1974 842 potestatem
2010 784 2066 829 et
2093 775 2201 828 vim
2226 775 2349 844 pul-

788 868 940 921 δυηόί
978 867 1314 936 possidente,
1342 875 1515 920 mutet
1540 869 1765 920 omnino
1792 867 2119 921 sententiam
2168 883 2341 921 suam.

789 959 1013 1027 Decepti
1043 974 1252 1023 sumus,
1282 958 1459 1012 aﬁ‘ecti
1503 958 1845 1012 contumeliis
1879 998 1894 1023 ,
1953 959 2221 1013 dedecore
2292 968 2349 1012 et

790 1050 1023 1118 injuriis,
1049 1050 1271 1119 insuper
1295 1058 1350 1103 et
1369 1050 1422 1102 in
1446 1066 1545 1103 nos
1566 1049 1980 1119 conspirabatur
2006 1067 2021 1115 ;
2050 1051 2143 1105 sed
2167 1059 2347 1104 tamen

790 1142 993 1211 plagas,
1021 1142 1192 1205 aiunt,
1226 1158 1332 1195 non
1382 1142 1690 1211 accepimus
1720 1160 1733 1195 :
1762 1142 1871 1195 imo
1902 1152 2081 1197 autem
2130 1145 2343 1213 accepi-

790 1250 932 1295 mus,
962 1246 1015 1288 et
1058 1237 1199 1303 quod
1246 1234 1463 1303 gravius
1492 1241 1596 1299 est,
1636 1235 1779 1289 haud
1814 1235 1868 1288 in
1920 1250 2180 1305 corpore;
2218 1237 2351 1290 illud

792 1327 936 1379 enim
970 1326 1022 1378 in
1060 1326 1248 1380 oculos
1290 1326 1529 1379 incurret
1558 1326 1801 1380 omnium
1826 1368 1839 1393 ,
1887 1336 1943 1381 et
1993 1328 2346 1382 lacessentem

792 1420 1109 1489 redarguet,
1152 1428 1209 1472 et
1258 1418 1312 1471 in
1367 1418 1696 1472 intuentium
1742 1428 1797 1473 et
1847 1421 2345 1475 commiserantium

790 1509 1153 1571 condolentia,
1184 1509 1470 1577 quamdam
1503 1509 1667 1564 habet
1685 1510 2107 1565 consolationem
2135 1528 2149 1575 ;
2173 1512 2267 1565 sed
2293 1513 2347 1565 in

790 1600 968 1652 anima
1000 1600 1182 1668 plagas
1213 1600 1451 1663 tulimus,
1475 1614 1574 1669 per
1607 1600 1840 1653 animam
1862 1601 2349 1671 morbisallligitur

789 1706 1018 1759 corpus:
1052 1691 1139 1743 hic
1156 1691 1246 1759 qui
1277 1689 1482 1760 aﬂligit,
1510 1690 1669 1744 veluti
1705 1691 1839 1744 nihil
1870 1690 2074 1745 faciens
2112 1691 2346 1760 injurias,

788 1799 897 1837 non
929 1783 1169 1852 pudelit;
1213 1784 1257 1835 is
1291 1791 1470 1835 autem
1498 1782 1589 1851 qui
1624 1782 1839 1847 vapulat
1878 1797 2052 1851 paenae
2077 1782 2347 1850 quoddam

2450 594 2687 659 ἀνάξιον.
2730 596 2835 647 Καὶ
2869 597 2918 646 εἰ¹
2946 612 3029 657 τις
3057 592 3301 660 πεισθείη
3336 593 3409 663 μὴ
3431 593 3567 645 κατά
3598 590 3823 659 γνώμην
3855 589 4019 658 ὑμῶν

2449 684 2621 738 ταῦτα
2650 688 2945 754 συμπεσεῖν
2989 686 3122 753 ἡμῖν
3144 699 3157 713 ο
3212 683 3349 735 ἀλλά
3385 698 3449 750 γε
3474 682 3534 734 τὸ
3573 680 3728 750 ὑμῶν
3763 678 4017 742 ἐξουσια-

2452 777 2649 840 ζόντων
2692 779 2785 829 καὶ
2836 776 3151 844 ἰσχυόντων,
3203 773 3378 826 ταῦτα
3411 774 3640 841 πάσχειν
3682 772 3850 841 ἡμᾶς,
3891 769 4021 822 ἐπεὶ

2449 864 2605 917 τοῦτο
2627 865 2833 934 βλέπι,
2857 865 2965 916 οὐδ’
2986 864 3051 917 ἂν
3080 862 3484 933 μεταπεισθείη.
3508 859 4019 931 Παρελογίσθημεν,

2450 958 2869 1029 ἑξυϐρίσθημεν,
2901 955 3280 1026 ἠτιμώθημεν,
3306 954 3749 1025 ἐπηρεαζόμεθα,
3789 953 4022 1005 ἐπιϐου-

2451 1048 2762 1117 λευόμεθα·
2801 1048 2937 1099 ἀλλά
2974 1047 3188 1117 πληγάς
3238 1046 3337 1099 οὐκ
3382 1045 3677 1115 ἐλάϐομεν·
3710 1043 4014 1113 ἐλάϐομεν·

2452 1140 2546 1192 καὶ
2576 1139 2638 1191 τὸ
2679 1137 3079 1207 χαλεπώτερον,
3109 1140 3209 1191 οὐκ
3238 1138 3331 1191 ἐπὶ
3365 1136 3637 1205 σώματος,
3670 1135 3699 1188 ὂ
3749 1136 3843 1188 καὶ
3876 1136 4020 1187 πᾶσι

2452 1234 2718 1301 φαίνεται,
2767 1235 2871 1289 καὶ,
2906 1233 2998 1285 τὸν
3046 1231 3336 1285 ἀδικοῦντα
3372 1231 3621 1299 ἐλέγχει,
3673 1229 3766 1282 καὶ
3814 1228 4022 1298 πολλὴν

2450 1323 2824 1392 παραμυθίαν,
2852 1323 2949 1394 τὴν
2978 1305 3085 1376 ἀπὸ
3109 1324 3216 1376 τῶν
3246 1322 3495 1394 ὁρώντων
3521 1323 3614 1374 καὶ
3636 1320 4021 1390 οἰκτειρόντων
4046 1341 4051 1345 ·

2450 1416 2657 1482 εἰσάγει
2707 1417 3052 1483 συμπάθειαν
3076 1433 3089 1446 ·
3128 1416 3393 1486 ἐλάϐομεν
3446 1415 3657 1484 πληγὰς
3696 1414 3788 1467 ἐπὶ
3832 1412 4020 1483 ψυχὴν

2448 1506 2639 1574 αὐτὴν,
2692 1505 2758 1557 δι’
2794 1506 2859 1575 ῆν
2890 1508 2989 1559 καὶ
3040 1507 3099 1559 τὸ
3131 1507 3290 1575 σῶμα
3338 1507 3477 1575 νόσῳ
3512 1506 3830 1574 μαστίζεται
3855 1520 3871 1535 ⁸
3917 1503 4020 1556 καὶ

2449 1595 2478 1647 ὀ
2509 1598 2743 1659 τύπτων,
2800 1598 2876 1660 ὡς
2908 1599 2981 1669 μὴ
3018 1599 3255 1662 ἀδικῶν,
3289 1599 3389 1651 οὐκ
3445 1596 3791 1667 αἰσχύνεται·
3845 1598 3940 1649 καὶ
3987 1598 4020 1649 ό

2447 1693 2782 1760 τυπτόμενος
2814 1690 3129 1761 προσθήκην
3155 1690 3366 1760 δέχεται
3386 1692 3674 1761 τιμωρίας,
3700 1691 3792 1743 ὲπί
3814 1693 3879 1759 τῇ
3901 1689 4016 1742 τῶν

2451 1781 2677 1850 πληγῶν
2704 1780 2885 1850 ὀδύνῃ,
2917 1781 3015 1848 τὴν
3041 1780 3150 1833 ἀπὸ
3182 1780 3274 1833 τοῦ
3305 1780 3586 1834 λανθάνειν
3615 1780 4013 1849 ἀσπλαγχνῖαν.

785 1876 1209 1929 additamentum
1268 1874 1450 1935 habet,
1484 1873 1623 1941 quod
1674 1889 1795 1928 cum
1855 1874 2050 1937 doleat,
2084 1874 2202 1942 ejus
2236 1889 2345 1927 non
2377 1859 2462 1925 ΒΔ

2337 1892 2345 1927 ι
2377 1859 2421 1916 Β
2447 1871 2714 1926 Λανθάνει
2759 1872 2867 1942 γὰρ
2916 1874 3041 1935 τοὺς
3079 1872 3305 1935 πολλοὺς
3360 1872 3419 1925 τὸ
3464 1873 3704 1927 τοιοῦτον
3741 1869 3878 1936 εἶδος
3910 1874 4014 1942 τῆς

785 1968 1107 2021 miserentur
1136 1966 1248 2029 alii,
1276 1965 1418 2035 quod
1442 1965 1550 2034 pati
1576 1980 1698 2017 eum
1745 1965 2014 2035 ignorant.
2053 1963 2344 2019 Enimvero
2450 1981 2462 2016 :

2331 1981 2344 2017 ι
2450 1964 2739 2028 κολάσεως,
2774 1964 2803 2015 ὃ
2846 1962 3059 2015 καὶτὸν
3106 1963 3401 2026 κολάζοντα
3441 1964 3600 2016 πλέον
3637 1964 3882 2033 εὐθυμεῖ,
3914 1964 4008 2017 καὶ

785 2060 1071 2127 plerosque
1099 2059 1229 2111 latet
1252 2056 1553 2111 istiusmodi
1579 2057 1881 2124 punitionis
1904 2057 2138 2126 species,
2161 2072 2264 2125 qua
2288 2066 2343 2111 et
2447 2056 2462 2108 ἐ

2336 2073 2343 2111 '.
2447 2056 2814 2126 ἀμετανόητον
2844 2056 3127 2112 ἀποτελεῖ·
3166 2058 3260 2109 καὶ
3289 2058 3379 2109 τὸν
3421 2057 3775 2127 κολαζόμενον
3807 2056 4013 2127 μᾶλλον

784 2152 957 2219 magis
979 2152 1282 2204 oblectatur
1304 2151 1395 2219 qui
1425 2151 1630 2220 plagam
1657 2149 1838 2210 infert,
1863 2156 1916 2203 et
1950 2152 2001 2203 in
2034 2150 2086 2203 id
2115 2150 2340 2204 adduci-
2446 2148 2461 2201 ί

2043 2150 2086 2203 id
2115 2150 2340 2204 adduci-
2446 2148 2683 2217 δαπανᾷ,
2713 2149 2762 2199 εἰ
2791 2149 2886 2201 καὶ
2913 2149 3004 2200 τὸν
3030 2147 3219 2218 μισθὸν
3255 2150 3426 2218 μείζω
3456 2150 3720 2220 προξενεῖ.

780 2251 957 2305 tur,ut
973 2259 1039 2297 ne
1061 2243 1324 2313 paeniteat
1344 2241 1499 2308 facti;
1522 2243 1776 2297 alllictum
1794 2258 1921 2297 vero
1942 2246 2109 2314 magis
2122 2243 2326 2307 atterit,
2352 2250 2629 2310 utcunque
2652 2241 2908 2311 majorem
2943 2243 2991 2295 ei
3016 2242 3389 2296 retributionis
3410 2243 3711 2297 mercedem
3732 2252 4008 2313 procurat.

852 2332 1115 2387 Caeterum
1143 2342 1198 2386 et
1231 2333 1331 2386 ista
1370 2348 1470 2386 nos
1502 2342 1717 2401 propter
1746 2331 2021 2387 Christum
2050 2341 2105 2386 et
2127 2331 2337 2386 divinas

778 2425 923 2495 leges
953 2424 1298 2478 toleravimus
1327 2432 1515 2488 antea;
1542 2432 1595 2477 et
1624 2424 1822 2493 gratias
1843 2422 1952 2477 Deo
1969 2425 2197 2494 agimus,
2220 2425 2335 2491 qui,

777 2530 901 2569 cum
926 2515 1195 2583 angimur,
1222 2514 1366 2584 quod
1387 2515 1633 2569 celantur
1660 2529 1932 2579 :erumnte,
1968 2524 2021 2569 et
2054 2516 2134 2569 sic
2165 2514 2336 2585 inglo-

777 2610 856 2661 rie
886 2607 1151 2676 patimur,
1190 2607 1494 2660 mercedem
1539 2607 1797 2675 majorem
1823 2606 2199 2661 accumulavit.
2245 2605 2337 2659 ln-

779 2700 1081 2769 telligebam
1109 2699 1275 2769 probe
1299 2741 1314 2765 ,
1352 2700 1419 2754 ab
1454 2700 1587 2753 inito
1643 2700 1875 2769 primum
1910 2700 2205 2753 certamine
2249 2714 2337 2754 me

776 2793 896 2845 haec
924 2807 1237 2861 passurum;
1280 2793 1654 2858 exspectabam
1700 2805 1915 2859 quoque
1954 2800 2079 2843 ante
2121 2804 2339 2859 perpes-

774 2888 984 2941 sionem
1010 2894 1064 2938 et
1083 2893 1357 2937 certamen
1384 2884 1449 2951 (si
1481 2898 1605 2937 vera
1636 2897 1744 2935 non
1783 2882 1992 2950 loquar,
2027 2882 2203 2951 patiar
2239 2896 2341 2950 ego

776 2977 955 3031 adhuc
977 2975 1043 3029 iis
1060 2989 1179 3043 qua:
1198 2988 1488 3043 perpessus
1505 2988 1622 3026 sum
1649 2972 1935 3043 graviora),
1957 2971 2335 3040 exspectabam

773 3069 1013 3138 quidem,
1038 3076 1200 3138 prout
1213 3066 1343 3129 dixi,
1366 3081 1429 3119 ea
1447 3080 1565 3134 quae
1592 3079 1780 3134 passus
1796 3078 1938 3126 sum,
1955 3078 2121 3135 angor
2139 3062 2342 3117 nihilo-

2533 2329 2694 2382 Ἀλλά
2719 2330 2890 2383 ταῦτα
2928 2331 3027 2401 μὲν
3060 2331 3199 2400 ὑπὲρ
3231 2330 3491 2399 Χριστοῦ,
3516 2333 3610 2384 καὶ
3637 2330 3792 2384 θείων
3823 2333 4012 2401 νόμων

2446 2421 2762 2491 ὑπέστημεν
2785 2422 3097 2493 ἔμπροσθεν
3117 2440 3131 2455 ο
3166 2424 3257 2476 καί
3288 2440 3351 2492 γε
3384 2424 3541 2495 χάρις
3564 2423 3703 2495 Θεῷ,
3734 2425 3810 2495 τῷ
3844 2427 4011 2479 πλέον

2445 2512 2661 2580 αὕξοντι
2689 2516 2778 2568 τὸν
2808 2516 3017 2585 μισθὸν.
3055 2517 3113 2571 ὲν
3148 2520 3215 2586 τῇ
3244 2517 3337 2570 τοῦ
3358 2517 3635 2571 λανθάνειν
3659 2517 3888 2589 ἀθυμία,
3910 2520 4010 2573 καὶ

2443 2611 2512 2679 τῇ
2545 2606 2654 2662 τῶν
2685 2607 2872 2660 παθῶν
2895 2608 3102 2680 ἀδοξίᾳ.
3137 2609 3247 2662 Καὶ
3274 2609 3421 2679 ⁴ᾔδειν
3449 2611 3549 2679 μὲν
3570 2610 3802 2680 ἐμαυτὸν
3830 2612 4007 2665 ταῦτα

2443 2700 2658 2766 παθεῖν,
2715 2700 2874 2763 εὐθὺς
2922 2702 3221 2771 ἀρχομένου
3254 2701 3347 2754 τοῦ
3384 2703 3627 2771 ἀγῶνος,
3686 2704 3912 2773 ἡλπιζον
3945 2704 4006 2757 δὲ

2442 2794 2538 2846 καί⁵
2568 2792 2673 2864 πρὸ
2702 2792 2795 2845 τοῦ
2832 2792 3059 2855 πάθους,
3086 2796 3179 2846 καὶ
3206 2794 3311 2867 πρὸ
3343 2794 3436 2847 τοῦ
3482 2794 3689 2862 ἀγῶνος
3725 2796 3796 2865 (εἰ
3835 2797 3895 2849 δὲ
3927 2797 4006 2867 μὴ

2437 2882 2643 2953 τάληθῆ
2690 2881 2850 2949 λέγω,
2884 2882 3111 2952 πάθοιμι
3152 2886 3277 2953 παρ’
3331 2884 3510 2937 αὐτῶν
3560 2878 3741 2955 ὦνπερ
3773 2885 4002 2949 ἔπαθον,

2439 2974 2677 3046 χείρονα,
2730 2974 2955 3045 ἦλπιζον
3020 2975 3162 3044 μὲν,
3217 2976 3292 3038 ὡς
3342 2976 3511 3046 εφην,
3570 2974 3712 3046 άπερ
3775 2975 4002 3039 ἔπαθον,

2443 3066 2716 3133 λυποῦμαι
2751 3063 2807 3117 δὲ
2857 3066 3080 3135 πάσχων
3131 3065 3234 3118 ὑπὸ
3284 3067 3576 3119 τοιούτων·
3628 3068 3690 3119 τὸ
3740 3068 3840 3137 μὲν
3890 3068 4005 3137 γὰρ

773 3160 957 3213 minus
989 3158 1154 3211 animi
1212 3156 1355 3225 quod
1414 3156 1516 3210 sub
1548 3155 1746 3209 talibus
1776 3156 1982 3225 patior:
2017 3152 2167 3207 Finis
2200 3154 2334 3206 mihi
2365 3158 2410 3219 ε
2440 3158 2450 3208 l

2326 3155 2334 3206 ἱ
2365 3158 2410 3219 C
2440 3158 2570 3227 ἐμὸν
2593 3156 2743 3220 τέλος
2766 3156 2884 3227 Θεῷ
2914 3156 3171 3227 ὥρισται·
3196 3158 3291 3209 καὶ
3319 3158 3546 3228 δέχομαι
3575 3158 3779 3228 χαίρων
3816 3161 4003 3212 ὁποῖον

772 3265 805 3301 a
840 3248 949 3303 Deo
976 3248 1277 3303 destinatus
1310 3256 1431 3312 est,
1464 3254 1519 3299 et
1557 3245 1750 3299 lubens
1786 3245 1945 3299 ebibo
1975 3244 2334 3313 quodcunque

775 3342 907 3395 mihi
942 3342 1259 3411 propinatur
1288 3338 1563 3409 poculum.
1605 3336 1714 3391 Nec
1736 3346 1955 3405 pr0pter
1984 3337 2070 3389 ilia
2096 3353 2217 3406 quae
2240 3353 2332 3406 pa-

772 3433 900 3497 tior,
940 3446 1268 3495 succenseo;
1294 3432 1402 3485 imo
1432 3430 1593 3484 etiam
1621 3439 1675 3482 et
1701 3429 1789 3481 illa
1816 3428 2063 3482 desidero
2092 3444 2212 3496 quae
2246 3444 2333 3482 me

772 3526 948 3583 adhuc
970 3526 1080 3595 pati
1100 3533 1311 3594 oportet
1358 3533 1633 3591 utcunque
1690 3521 1809 3574 sine
1862 3535 2025 3574 sensu
2055 3520 2333 3575 doloriiico

770 3615 884 3685 pati
917 3614 1015 3668 ista
1071 3628 1370 3683 nequeam;
1406 3613 1650 3667 homines
1680 3614 1823 3665 enim
1850 3611 1922 3665 ita
1951 3611 2241 3680 comparati
2274 3620 2333 3665 ut

771 3707 890 3761 sine
920 3706 1121 3760 doloris
1152 3720 1314 3758 sensu
1350 3705 1461 3774 pati
1498 3712 1772 3772 nequeant
1801 3718 1815 3755 :
1845 3711 1900 3756 et
1930 3702 2003 3756 ita
2035 3717 2123 3756 me
2152 3704 2331 3757 animo

770 3797 1025 3851 atl‘ectum
1082 3796 1279 3849 debere
1332 3809 1452 3849 esse
1500 3794 1741 3863 intelligo
1770 3808 1895 3863 erga
1943 3792 2031 3846 illa
2100 3810 2221 3863 qua:
2245 3810 2329 3849 me

769 3890 1090 3960 jampridem
1140 3889 1477 3947 invaserunt,
1510 3896 1566 3940 et
1606 3886 1863 3955 deinceps
1886 3896 2014 3940 sunt
2053 3887 2325 3941 invasura.

772 3983 849 4036 Te
873 3991 1051 4036 autem
1075 3982 1252 4051 potius
1280 3979 1508 4050 optarim
1527 3993 1626 4049 ego
1657 3979 1881 4033 ultorem
1909 3994 2097 4032 eorum
2123 3979 2215 4048 qui
2242 3992 2327 4034 me

772 4074 985 4144 injuriis
1020 4072 1280 4138 alliciunt,
1324 4087 1482 4141 quam
1517 4086 1731 4126 causam
1771 4079 1826 4124 et
1865 4070 2076 4124 initium
2109 4070 2325 4125 dedisse

2443 3250 2509 3302 ἂν
2593 3250 2653 3301 τὸ
2680 3251 2963 3319 ποτήριον·
2982 3252 3074 3310 καὶ
3088 3251 3185 3320 οὐχ
3210 3251 3348 3322 ὑπὲρ
3368 3245 3443 3304 ὧν
3468 3250 3661 3321 πάσχω
3678 3253 3999 3319 ἀγανακτῶ,

2441 3340 2553 3393 ἀλλ’
2588 3335 2663 3394 ὧν
2689 3358 2755 3408 με
2783 3341 2863 3393 δεῖ
2899 3340 3089 3394 παθεῖν
3136 3342 3227 3395 καὶ
3258 3342 3326 3394 τά
3360 3343 3607 3395 λείποντα
3642 3344 3909 3412 ἐπιζητῶ,
3945 3347 3998 3396 εί

2440 3433 2535 3484 καὶ
2563 3431 2729 3502 χωρὶς
2756 3431 3045 3503 ἀλγηδόνος
3068 3432 3239 3484 ταῦτα
3271 3432 3456 3501 φέρειν
3478 3432 3721 3486 ἀδυνατῶ
3742 3450 3755 3462 ·
3781 3433 3997 3504 ἀνθρω-

2439 3521 2569 3590 πίνη
2592 3521 2700 3591 γάρ
2728 3522 2885 3590 φύσις
2935 3522 3253 3591 ἀναλγήτως
3285 3523 3517 3593 πάσχειν
3542 3524 3603 3575 ού
3630 3524 3838 3590 πέφυκε
3861 3539 3874 3551 ·
3901 3525 4001 3578 καὶ

2444 3614 2571 3684 περὶ
2600 3612 2699 3681 μὲν
2738 3611 2845 3667 τῶν
2894 3612 3329 3682 ὲπισκηψάντων,
3362 3614 3395 3684 ἢ
3445 3614 3540 3667 καὶ
3588 3616 4000 3686 ἐπισκηψόντων

2439 3704 2520 3756 ἔτι
2550 3703 2693 3773 ἐμοὶ,
2724 3703 2865 3756 οὕτω
2893 3720 2959 3774 με
2985 3704 3066 3757 δεῖ
3091 3708 3331 3774 φρονεῖν,
3357 3706 3450 3759 καὶ
3474 3705 3780 3776 λογίζομαι.
3802 3708 3998 3776 -Τιμω-

2434 3797 2562 3867 ροὺς
2591 3794 2646 3848 δὲ
2682 3794 2791 3848 τῶν
2824 3795 3151 3849 ἀδικούντων
3179 3836 3194 3861 ,
3244 3797 3361 3850 ἀλλ’
3409 3798 3509 3850 οὐκ
3567 3800 3838 3869 ἀρχηγοὺς
3889 3800 3998 3852 τῶν

2432 3889 2802 3959 ἀδικημάτων,
2835 3888 2979 3958 ὑμᾶς
3025 3888 3263 3960 εὐχόμην
3313 3891 3511 3958 εὑρεῖν.
3568 3890 3707 3943 Ἀλλ’
3734 3891 3856 3944 οὔτε
3897 3895 3998 3963 ἐμὲ

2432 3981 2623 4047 φυγεῖν
2668 3977 2837 4041 ἔστιν,
2887 3978 2923 4031 ἆ.
2978 3995 3045 4047 με
3075 3978 3154 4031 δεῖ
3200 3978 3427 4031 παθεῖν·
3481 3978 3603 4032 οὔτε
3633 3980 3732 4051 τὴν
3790 3982 3995 4051 ἑτέρων

2431 4071 2618 4140 εὐχὴν,
2665 4070 2867 4139 ἐτέρων
2894 4070 3119 4141 γνώμην
3156 4072 3398 4125 ἀκόντων
3435 4072 3776 4143 μεταϐαλεῖν.

771 4171 1091 4238 injuriarum
1122 4187 1135 4223 :
1172 4170 1265 4223 sed
1291 4184 1353 4222 ea
1385 4184 1503 4238 qua:
1546 4184 1633 4222 me
1673 4168 1779 4237 pati
1811 4167 2010 4222 debere
2050 4177 2306 4222 statutum
2342 4176 2444 4232 est,
2487 4166 2721 4236 effugere
2778 4182 3019 4237 nequeo;
3050 4168 3139 4238 qui
3175 4182 3277 4222 nec
3340 4178 3657 4223 ceterorum
3716 4168 3991 4239 optionem

770 4268 856 4321 vel
908 4266 1169 4336 judicium
1215 4275 1399 4319 contra
1449 4265 1776 4318 voluntatem
1820 4263 2058 4333 ipsorum
2091 4273 2300 4317 mutare
2326 4277 2567 4333 possum.

838 4360 1017 4426 Atque
1048 4358 1194 4427 prius
1223 4357 1443 4426 quidem
1467 4366 1545 4410 tot
1570 4366 1624 4410 et
1655 4365 1803 4410 tanta
1830 4356 2200 4425 patiebamur;
2235 4356 2328 4409 sed
2361 4359 2406 4413 Ι)
2503 4356 2515 4407 l

2314 4356 2328 4409 I
2361 4359 2406 4413 D
2503 4356 2612 4407 Kal.
2649 4355 2884 4409 τοσαῦτα
2920 4356 3018 4427 μὲν
3053 4356 3401 4427 πεπόνθαμεν
3434 4358 3740 4428 ἔμπροσθεν
3764 4374 3777 4388 ·
3801 4358 3991 4431 ῶσπερ

768 4456 1023 4516 tanquam
1059 4463 1166 4501 non
1198 4448 1331 4501 satis
1361 4449 1628 4516 ingestum
1663 4447 1820 4500 nobis
1859 4447 2121 4500 malorum
2164 4454 2326 4511 esset,

768 4538 1103 4607 excogitatur
1141 4538 1333 4591 modus
1384 4538 1521 4591 alius
1563 4537 1760 4605 injuria
1806 4536 2070 4590 alliciendi
2106 4553 2212 4599 me,
2271 4546 2329 4591 ut

768 4646 889 4685 mea
918 4645 1079 4685 causa
1105 4630 1265 4684 etiam
1290 4629 1377 4682 alii
1410 4631 1563 4683 malis
1596 4629 1896 4683 afﬁciantur
1928 4647 1941 4682 :
1969 4628 2131 4683 Fame
2151 4630 2327 4684 clerus

770 4724 1151 4793 strangulatur,
1184 4734 1238 4775 et
1272 4724 1361 4791 qui
1394 4723 1524 4777 mihi
1566 4725 1815 4786 subsunt,
1851 4724 2166 4777 illustriores
2204 4724 2326 4793 qui-

768 4832 894 4884 que,
920 4817 971 4867 in
990 4831 1111 4868 eum
1134 4816 1317 4879 tinem,
1343 4824 1400 4867 ut
1430 4830 1551 4868 cum
1570 4816 1862 4883 loquuntur
1892 4824 1945 4868 et
1974 4816 2327 4869 recordantur

768 4921 826 4958 se
856 4921 1028 4959 meam
1048 4906 1117 4959 ob
1132 4921 1347 4959 causam
1370 4906 1469 4959 hac
1494 4906 1800 4959 calamitate
1826 4921 2039 4974 pressos
2064 4906 2117 4958 in
2144 4922 2324 4960 meum

767 4995 982 5049 demum
1002 5005 1161 5064 caput
1180 5005 1233 5049 et
1258 4996 1699 5065 exprobrationes
1721 5006 1774 5051 et
1797 4997 2189 5051 exsecrationes
2214 4997 2327 5065 eja-

767 5088 1033 5142 culentur.
1055 5088 1207 5143 Mitto
1234 5088 1361 5143 illud
1390 5088 1590 5152 dicere,
1608 5090 1751 5158 quod
1776 5088 2125 5159 mihimetipsi
2148 5090 2325 5159 portio

766 5180 1053 5232 exhibetur
1085 5181 1149 5234 ad
1183 5181 1509 5246 dimensum,
1534 5182 1675 5251 quod
1710 5183 1928 5236 dimidia
1961 5191 2114 5251 parte
2141 5182 2326 5251 privor

762 5271 1151 5340 jurisdictionis
1200 5288 1332 5325 mea:
1370 5290 1382 5325 :
1420 5281 1563 5327 certe
1603 5274 1857 5343 praeclara
1892 5274 2028 5328 ratio
2070 5275 2199 5328 inita
2241 5284 2323 5329 est

766 5377 864 5430 per
894 5362 1221 5426 auferentes,
1257 5366 1347 5432 qui
1377 5364 1454 5417 sic
1477 5364 1825 5418 artiﬁciosam
1866 5367 1919 5418 in
1950 5370 2322 5434 me'persecu-

765 5454 966 5507 tionem
991 5456 1349 5533 concitarunt.
1369 5455 1522 5521 Quod
1546 5458 1610 5521 si,
1627 5467 1684 5510 ut
1704 5472 1883 5510 meum
1914 5458 2163 5527 expleant
2192 5458 2321 5511 mihi

764 5543 1090 5599 desiderium
1122 5548 1138 5610 (
1167 5548 1269 5601 hoc
1295 5557 1395 5609 est,
1433 5558 1490 5601 ut
1519 5549 1623 5601 isto
1646 5550 1773 5618 jugo
1810 5559 1974 5617 atque
2030 5564 2195 5603 onere
2228 5566 2321 5602 ex-

765 5634 999 5704 pediar),
1027 5638 1139 5689 luec
1167 5648 1545 5707 perpetrarunt
1568 5641 1860 5709 (utcunque
1896 5657 2103 5695 mecum
2138 5641 2321 5694 ludere

766 5726 939 5779 visum
969 5728 1021 5780 in
1052 5729 1168 5782 istis
1200 5731 1325 5798 est),
1356 5732 1551 5801 gratias
1570 5740 1713 5785 certe
1742 5733 1807 5785 de
1842 5732 2034 5785 ablatis
2066 5746 2182 5785 sum
2222 5732 2319 5784 ιη.

766 5813 977 5869 biturus
1007 5835 1019 5871 :
1052 5826 1107 5871 et
1129 5834 1291 5888 grave
1324 5821 1458 5875 mihi
1499 5831 1580 5877 est
1613 5822 1754 5892 quod
1802 5822 1997 5879 residui
2026 5822 2316 5893 quidquam

2386 4466 2389 4469 ν
2430 4446 2487 4499 δὲ
2527 4446 2807 4509 λείποντος
2833 4447 2925 4500 τοῦ
2949 4448 3143 4511 κακοῦ,
3190 4453 3625 4519 προσεπινοεῖται
3655 4451 3748 4503 καὶ
3788 4453 3992 4520 τρόπος

2429 4541 2583 4604 ἄλλος
2634 4539 2952 4602 κακώσεως,
2993 4540 3088 4593 καί
3128 4541 3420 4593 κακοῦνται
3467 4541 3535 4593 δι’
3575 4544 3721 4611 ἡμᾶς
3774 4542 3987 4613 ἕτερον

2428 4631 2525 4685 καὶ
2555 4632 2963 4701 λιμαγχονεῖται
3012 4632 3232 4701 κλῆρος,
3284 4633 3376 4684 καὶ
3422 4632 3530 4684 τῶν
3582 4632 3685 4685 ὑπὸ
3741 4636 3901 4704 χεῖρα
3930 4636 3990 4687 τὸ

2433 4723 2866 4794 ἓπισημότερονδ
2901 4724 2967 4775 ἶν’
3014 4724 3099 4791 ἐφ’
3127 4722 3284 4794 ἡμῶν
3317 4724 3610 4793 ὑποστῆναι
3652 4723 3749 4795 τὴν
3782 4742 3989 4795 συμφο-

2428 4812 2529 4883 ράν
2555 4814 2644 4866 καί
2666 4813 2913 4881 λέγοντες
2946 4814 3038 4866 καὶ
3074 4814 3521 4884 μνημονεύοντες,
3554 4815 3645 4867 τὸν
3686 4815 3987 4883 ὀνειδισμὸν

2426 4906 2519 4958 καὶ
2570 4906 2664 4976 τὴν
2694 4906 2840 4977 ’ἀράν
2870 4908 2961 4958 ἐπὶ
3006 4906 3248 4976 κεφαλὴν
3301 4906 3457 4976 ὴμῶν
3485 4907 3846 4977 ἀναφέρωσιν.
3883 4908 3987 4961 Ἐῶ

2426 4998 2535 5068 γάρ
2560 5000 2752 5063 εἰπεῖν,
2785 5000 2866 5051 ὅτι
2898 5000 2990 5053 καὶ
3012 5002 3144 5069 ἡμῖν
3190 5002 3222 5070 ἡ
3258 5000 3409 5069 μᾶζα
3440 5001 3619 5070 μέτρῳ
3649 5003 3983 5072 προσρίπτε-

2424 5106 2533 5153 ται,
2570 5090 2663 5142 καὶ
2689 5091 3000 5159 ἀφαιρεῖται
3032 5092 3125 5160 ἀφ’
3156 5092 3309 5161 ἡμῶν
3352 5093 3413 5145 τὸ
3446 5094 3616 5162 ἥμισυ
3646 5092 3744 5161 τῆς
3772 5092 3981 5162 ἀρχῆς·

2428 5180 2607 5242 καλῶς
2661 5197 2725 5247 γε
2775 5180 3070 5233 ποιούντων
3098 5182 3204 5234 τῶν
3248 5182 3643 5251 ἀφαιρούντων,
3692 5182 3784 5234 καὶ
3818 5182 3982 5251 τέχνῃ

2425 5270 2514 5323 τὸν
2560 5269 2683 5323 καθ’
2722 5270 2879 5339 ἡμῶν
2918 5271 3156 5341 διωγμὸν
3206 5272 3584 5327 ἐπινοούντων.
3629 5272 3771 5327 Ἀλλ’
3804 5274 3854 5324 εἰ
3887 5274 3985 5341 τὴν

2426 5362 2699 5431 ἡμετέραν
2718 5358 3049 5432 πληροῦντες
3078 5362 3290 5433 αἰτησιν
3319 5364 3483 5433 (λέγω
3502 5364 3564 5434 δὴ
3596 5365 3656 5415 τὸ
3683 5364 3981 5434 ἐλευθερω-

2424 5453 2582 5523 θῆναι
2608 5454 2753 5523 ἡμᾶς
2782 5453 2871 5505 τοῦ
2902 5453 3067 5521 ζυγοῦ
3092 5456 3183 5507 καὶ
3209 5456 3302 5508 τοῦ
3329 5456 3548 5525 φορτίου
3574 5456 3786 5525 τούτου)
3808 5456 3981 5508 ταῦτα

2424 5546 2791 5615 πεποιήκασιν
2846 5547 2999 5616 (ῖσως
3053 5548 3163 5617 γάρ
3213 5547 3500 5602 καὶτοῦτο
3555 5548 3808 5612 παίζουσι
3859 5548 3979 5602 καθ’

2425 5636 2621 5706 ἡμῶν),
2656 5638 2813 5707 χάρις
2848 5638 2946 5707 μὲν
2976 5640 3157 5703 αὐτοῖς
3185 5641 3321 5712 ὑπὲρ
3350 5634 3424 5693 ὧν
3462 5643 3675 5709 ἀφεῖλον
3704 5657 3719 5672 °
3750 5641 3979 5693 λυποῦσι

2422 5728 2479 5780 δὲ
2530 5729 2668 5799 ὑπὲρ
2716 5726 2791 5783 ὧν
2823 5730 3113 5784 κατέλιπον
3134 5773 3147 5796 ,
3184 5733 3277 5786 καί
3306 5732 3657 5802 βραδύνοντες
3692 5734 3827 5805 πρὸς
3880 5734 3977 5804 τὴν

2424 5820 2711 5891 ἀφαίρεσιν
2740 5820 2832 5874 τοῦ
2858 5820 3063 5891 λοιποῦ,
3097 5824 3256 5879 πλέον
3299 5825 3521 5880 ἀνιῶσιν
3548 5843 3559 5856 '
3581 5827 3769 5896 ῶσπερ
3798 5828 3845 5877 οἱ
3877 5843 3976 5879 κα-
