4248 6444
213 392 321 460 621

1370 393 1900 455 EPISTOLARUM
1944 395 2171 455 LIBER
2209 394 2257 455 Ξ.

3331 391 3438 456 622

211 502 653 564 τιλιμπανχντκ
690 501 783 555 τὸν
814 500 906 555 ὑπ’
938 500 1097 555 αὑτὸν
1130 512 1152 540 ο
1208 502 1619 574 ἀναιρούμενον,
1654 507 1782 575 ἡμι-
1812 514 1855 566 Α

1885 506 2257 576 reliquerunt,
2309 520 2524 575 quoque
2571 505 2779 560 tardius
2841 504 3094 560 incedant
3145 503 3213 559 ad
3253 519 3442 559 eorum

212 594 355 661 θανῆ
388 592 484 645 καὶ
524 593 812 663 ἡμίτομον,
844 594 877 663 ἢ
915 595 964 645 οἱ
1003 593 1211 663 ἀθρόως
1242 595 1588 665 ἀναιροῦντες
1608 614 1621 627 ·
1654 597 1783 650 ἐκά-

209 705 375 757 τερος
407 687 507 756 μὲν
534 687 643 756 γάρ
665 689 826 740 αὑτὸν
856 688 1086 757 ἀναιρεῖ,
1125 687 1239 740 ἀλλ’
1278 691 1305 740 6
1339 688 1435 758 μὲν
1464 689 1562 757 τῆς
1592 688 1785 760 ὀδύνης

211 782 279 832 οὐ
327 780 668 846 παρατείνων
710 779 807 850 τὴν
867 778 1139 850 αἴσθησιν,
1191 783 1219 833 6
1259 780 1316 834 δέ
1345 782 1548 851 ζημίαν
1594 781 1784 851 ὥσπερ

212 870 545 940 ἡγούμενος,
582 873 629 922 εξ
660 871 873 939 θανάτῳ
898 872 1043 942 μόνῳ
1069 872 1427 943 παραπέμψει
1456 874 1547 928 τὸν
1575 875 1786 943 ἄνθρωα-

214 979 342 1025 nov,
377 964 450 1031 μὴ
488 962 658 1015 πολλὰ
683 965 945 1035 πρότερον
972 964 1315 1036 στρεόλώσας
1341 983 1399 1018 τε
1424 967 1515 1020 καὶ
1538 966 1783 1037 μελίσας,

214 1058 317 1106 καὶ
364 1056 705 1108 πολλαπλοῦν
756 1058 905 1129 αὑτῷ
960 1062 1027 1130 τῇ
1076 1059 1367 1130 δριμύτητι
1423 1059 1528 1113 τῶν
1553 1060 1659 1112 ἀπὸ
1685 1062 1786 1131 τῆς

215 1147 499 1209 κολάσεως
552 1148 859 1217 ἀλγηδόνων
907 1150 1309 1204 κατασκευάσοι
1376 1151 1468 1204 τὸν
1531 1151 1781 1204 θάνατον.

217 1238 478 1291 Τοιοῦτον
510 1239 655 1291 ἐστιν
695 1241 825 1310 ὁρᾷν
855 1242 947 1293 καὶ
978 1244 1040 1294 τὸ
1067 1243 1353 1313 ἡμέτερον.
1387 1242 1785 1312 Τιμωρούμεθα

217 1331 349 1384 καθ’
385 1332 650 1402 ἑκάστην,
692 1334 793 1385 καὶ
834 1333 1211 1403 πληττόμεθα,
1245 1336 1361 1387 νυνὶ
1384 1335 1441 1387 δὲ
1476 1336 1568 1387 καὶ
1592 1336 1786 1405 ἡμίτο-

222 1441 321 1492 μοι
373 1425 671 1493 γεγόναμεν
695 1440 707 1452 ·
747 1425 841 1476 καὶ
879 1425 956 1487 ὡς
996 1426 1191 1491 ἔοικεν,
1221 1428 1302 1480 ὅτι
1326 1439 1386 1479 το
1415 1427 1537 1480 ὅλον
1557 1427 1623 1480 ἂν
1648 1429 1784 1481 ἀπο-

219 1514 415 1565 θέσθαι
457 1513 799 1583 ᾐτησάμεθα,
836 1515 1026 1567 τούτου
1062 1518 1221 1587 χάριν
1265 1518 1325 1569 τὸ
1368 1519 1538 1587 ἥμισυ
1568 1521 1784 1591 ἀφῃρή-

228 1603 374 1673 μεθα
406 1620 418 1631 ·
452 1604 547 1656 καὶ
574 1606 621 1657 εί
657 1605 758 1677 τὴν
782 1605 1047 1674 διαίρεσιν
1077 1608 1175 1676 τῆς
1208 1608 1383 1677 ἀρχῆς
1419 1609 1782 1678 ἐζητήσαμεν,

218 1697 305 1757 εἰς
331 1697 393 1748 τὸ
417 1695 537 1748 ὅλον
570 1696 637 1748 ἂν
661 1696 1117 1766 εἰσηκούσθημεν.
1167 1699 1308 1750 Ἀλλ’
1340 1698 1462 1752 οὕτε
1483 1699 1572 1753 τὸν
1598 1700 1787 1769 ἡμίτο-

222 1805 328 1857 μον
375 1788 473 1857 ζῇν
521 1790 639 1840 ἐστι
666 1788 917 1842 δυνατόν’
963 1788 1086 1841 οὕτε
1126 1791 1274 1860 ἡμᾶς
1319 1790 1553 1845 ἐνταῦθα
1584 1792 1784 1861 μένειν,

217 1878 369 1931 οὕτω
390 1879 757 1950 διαιρεθέντας
782 1897 796 1911 ⁸
829 1881 1058 1951 αἰσχύνη
1090 1882 1186 1936 καὶ
1209 1883 1433 1947 ὄνειδος,
1456 1885 1515 1936 οὐ
1535 1886 1649 1947 τοῖς
1679 1884 1785 1955 πρὸ
1817 1869 1858 1923 Β

225 1969 389 2037 ήμῶν
438 1970 846 2041 γεγενημένοις,
890 1971 1024 2024 ἀλλά
1056 1988 1119 2039 γε
1158 1973 1253 2025 καὶ
1300 1975 1410 2035 τοῖς
1460 1974 1578 2043 μεθ’
1611 1976 1779 2045 ἡμᾶς,

221 2060 385 2130 εἰπερ
427 2060 535 2131 ἀρα
570 2063 664 2115 καὶ
694 2059 801 2115 εἷεν
842 2062 979 2127 ὅλως
1014 2064 1158 2127 τινὲς
1184 2064 1340 2135 ἡμῶν
1367 2064 1703 2137 ἀθλιώτεροι,
1733 2066 1783 2118 οἳ

227 2152 352 2222 μεθ’
378 2154 410 2222 ὴ
422 2155 525 2221 μᾶς
550 2153 666 2206 ἀνθ’
700 2154 855 2224 ἡμῶν
880 2157 1090 2209 τουτονὶ
1131 2156 1222 2210 τὸν
1257 2157 1420 2227 ζυγὸν
1462 2158 1785 2212 ὑπελεύσον-

222 2261 337 2297 ται.
382 2243 744 2314 Ἐξερχόμεθα
789 2246 883 2300 τοῦ
919 2248 1083 2302 τόπου
1106 2264 1120 2277 ·
1157 2251 1374 2304 παυέτω
1404 2250 1595 2319 φθόνος
1618 2268 1632 2283 ·
1660 2252 1783 2305 εἰδὲ

228 2336 330 2404 μὴ,
363 2337 637 2405 λυποῦμέν
664 2355 852 2399 τινας·
906 2340 1104 2409 μᾶλλον
1136 2342 1193 2395 δὲ
1228 2344 1277 2394 εί
1312 2342 1406 2413 μὴ,
1453 2345 1558 2397 κάν
1614 2342 1785 2416 τούτῳ

225 2428 571 2497 γραφόμεθα.
612 2431 721 2482 Καὶ
756 2431 847 2483 τὸν
889 2433 1162 2502 κονιορτὸν
1190 2435 1619 2498 ἐκτινάσσοντες,
1650 2438 1785 2489 ἀπο-

224 2516 489 2586 τιθέμεθα
510 2519 600 2571 τὸν
636 2520 853 2590 θρόνον·
886 2523 1329 2578 ἀποτιθέσθωσαν
1359 2525 1450 2579 τὸν
1476 2527 1597 2580 καθ’
1629 2528 1786 2597 ἡμῶν

226 2608 401 2674 δόλον,
441 2610 539 2673 τὰς
567 2613 938 2680 ἐπιτηρήσεις,
970 2616 1067 2677 τὰς
1087 2615 1325 2684 ἐνέδρας,
1353 2619 1452 2679 τὰς
1475 2618 1784 2682 ἐπιϐουλάς.

227 2697 300 2754 Ὠ
323 2702 468 2773 δίκη,
496 2704 591 2756 καὶ
615 2704 787 2773 νόμοι,
823 2705 916 2758 καὶ
947 2706 1082 2760 Θεοῦ
1132 2710 1417 2779 κριτήριαι
1446 2711 1527 2763 ὃτι
1565 2712 1641 2781 μὴ
1684 2728 1789 2763 πα-

228 2799 433 2868 τοῦμεν
482 2799 647 2869 ὑμᾶς,
712 2800 1040 2870 ἀδικοῦμεν·
1097 2802 1191 2853 καὶ
1228 2804 1309 2855 ὅτι
1363 2804 1682 2874 στέργομεν,
1728 2805 1787 2856 ού

232 2889 561 2960 φιλούμεθαο
588 2892 681 2943 καὶ
703 2892 783 2943 ὅτι
800 2893 939 2961 ὑπὲρ
961 2890 1113 2960 ὑμῶν
1137 2893 1423 2960 ἱστάμεθα,
1439 2893 1786 2963 διχαζόμεθα·

230 2981 329 3032 καὶ
357 2980 681 3031 πλάττονται
705 2980 872 3047 λόγοι,
900 2981 994 3033 καὶ
1019 2983 1047 3033 6
1073 2980 1191 3033 καθ’
1216 2982 1372 3050 ἡμῶν
1397 2998 1449 3034 τι
1480 2984 1791 3053 καινότερον

232 3070 483 3130 ἐπινοῶν,
530 3064 683 3133 οὗτος
735 3072 763 3123 6
810 3072 1065 3141 νουνεχὴς
1107 3074 1202 3125 καὶ
1256 3073 1612 3143 δραστήριος’
1657 3076 1685 3127 6
1736 3074 1792 3125 δέ

232 3161 688 3230 συλλυπούμενος,
718 3160 907 3232 ἐχθρὸς
941 3164 1031 3214 καὶ
1074 3163 1393 3233 παραϐάτης
1434 3164 1610 3233 νόμων
1642 3165 1789 3217 εἰσά-

232 3272 409 3323 γεται,
440 3254 545 3307 κᾶν
579 3256 803 3321 ἀδελφὸς
836 3250 889 3328 ᾖ,
925 3253 1014 3307 καὶ
1043 3256 1141 3323 τὴν
1188 3257 1349 3323 φύσιν
1393 3255 1490 3326 ἐχῃ
1537 3255 1790 3309 κινοῦσαν

235 3346 377 3414 πρὸς
402 3345 574 3398 ἔλεον.
602 3344 761 3397 Ποῖόν
790 3361 873 3407 τις
901 3344 1234 3411 ὑπενέγκειά
1261 3344 1483 3413 ῥᾳδίως,
1501 3346 1582 3397 ὅτι
1605 3346 1795 3413 κριτὰς

235 3435 434 3505 ἔχομεν
460 3435 553 3487 τοῦ
590 3434 730 3505 βίου,
760 3437 884 3497 τοὺς
918 3436 1047 3506 πρὶν
1079 3435 1389 3499 ἐπαινέτας,
1433 3436 1529 3487 καὶ
1555 3436 1604 3487 οἳ
1637 3437 1797 3507 χάριν

234 3526 570 3596 ὡμολόγουν,
605 3528 653 3578 εί
681 3526 757 3596 μὴ
783 3525 909 3595 παρ’
945 3525 1104 3595 ἡμῶν
1133 3529 1515 3596 κατεκρίνοντο
1534 3543 1547 3557 ·
1581 3528 1661 3579 ὅτι
1689 3529 1797 3580 τῶν

237 3615 409 3684 φίλων
442 3615 811 3686 χωριζόμεθα,
861 3618 945 3669 ὅτι
973 3616 1081 3667 τῶν
1111 3615 1355 3684 ἀδελφῶν
1385 3615 1758 3685 ἀποσπώμεθα
1777 3633 1792 3647 ·

236 3710 376 3777 πρὸς
400 3712 528 3761 ποῖα
560 3709 763 3762 τούτων
795 3708 877 3771 τίς
907 3708 1311 3777 ὑποστήσεται;

1883 600 2230 663 ablationcm,
2262 614 2327 653 eo
2361 599 2494 652 mihi
2528 607 2653 653 sunt
2685 597 3050 662 molestiores;
3089 597 3442 667 quemadmo-

1883 693 2010 745 dum
2050 689 2142 758 qui
2172 690 2485 758 relinquunt
2532 689 2942 744 semimortuum
2992 696 3047 743 et
3094 690 3440 743 semisectum

1883 796 2035 850 reum
2084 796 2243 850 quem
2291 780 2547 835 volebant
2623 780 2892 846 occidere,
2960 781 3300 851 potiusquam
3349 780 3438 849 qui

1885 873 2104 945 penitus
2143 872 2427 943 privarunt
2465 874 2609 937 vita;
2657 874 2933 928 hominem
2966 873 3052 927 hic
3103 882 3329 940 uterque
3358 872 3442 924 iu-

1887 965 2101 1031 terﬁcit,
2121 965 2215 1021 sed
2243 965 2377 1019 alter
2403 964 2699 1019 cruciatum
2728 980 2834 1019 non
2859 979 2951 1031 per
2972 980 3150 1018 moras
3174 962 3441 1026 extendit,

1885 1056 2020 1111 alter
2051 1056 2190 1111 forte
2218 1065 2370 1111 ratus
2390 1056 2714 1110 detrimento
2746 1071 2805 1109 se
2828 1056 2987 1115 allici,
3017 1056 3060 1109 si
3094 1071 3237 1109 mera
3269 1064 3444 1109 morte

1888 1149 2160 1203 hominem
2201 1149 2330 1202 hinc
2357 1147 2628 1213 amandet,
2660 1147 2845 1201 multis
2874 1162 2998 1201 eum
3044 1147 3309 1215 imprimis
3345 1161 3445 1199 ex-

1884 1240 2251 1294 carnificatum
2303 1240 2585 1294 tormentis
2630 1248 2685 1293 et
2722 1240 3010 1293 dissectum
3070 1238 3443 1301 membratim,

1885 1347 1997 1384 non
2042 1330 2275 1399 simplici
2308 1339 2483 1384 morte
2520 1329 2794 1391 affectum,
2828 1344 2923 1398 per
2953 1330 3207 1383 horrores
3245 1338 3299 1383 et
3317 1344 3444 1383 cru-
3508 1352 3513 1355 η

1887 1422 2058 1477 ciatus
2083 1420 2391 1475 dolorificos
2424 1435 2455 1474 e
2482 1419 2592 1474 vita
2620 1420 2804 1474 trahit.
2834 1420 2949 1474 Nec
2978 1420 3323 1474 abludentem
3363 1420 3447 1472 vi-

1886 1513 2015 1567 dere
2058 1521 2145 1566 est
2179 1519 2420 1566 nostram
2444 1510 2831 1565 conditionem.
2866 1510 3120 1575 Quotidie
3158 1510 3447 1579 plectimur

1886 1613 1943 1657 et
1977 1602 2241 1657 afficimur
2260 1602 2451 1672 plagis,
2487 1602 2544 1655 in
2572 1603 2824 1670 presenti
2857 1601 3130 1655 semisecti
3159 1600 3445 1654 constitui-

1887 1712 2045 1763 mur;
2078 1696 2293 1751 videtur
2324 1704 2503 1749 autem
2536 1709 2633 1764 per
2662 1702 2845 1763 partes
2881 1694 2993 1748 tolli
3021 1710 3052 1747 a
3085 1693 3241 1748 nobis
3279 1690 3441 1750 illud.

1888 1790 2027 1858 quod
2056 1788 2216 1843 simul
2244 1798 2301 1843 et
2340 1789 2508 1843 semel
2538 1796 2599 1843 ut
2622 1789 2959 1857 deponamus
2996 1784 3235 1857 ﬂagitant
3260 1803 3272 1838 :
3299 1787 3444 1853 quod

1886 1881 1930 1935 si
1964 1879 2323 1949 principatum
2354 1878 2544 1949 partiri
2578 1878 2949 1943 voluissemus,
2980 1877 3212 1933 exauditi
3252 1875 3445 1931 fuisse-

1885 1986 2006 2025 mus
2040 1972 2096 2025 in
2133 1980 2269 2026 toto.
2299 1968 2501 2025 Verum
2531 1986 2653 2025 cum
2693 1971 3040 2025 semisectum
3087 1970 3269 2024 vivere
3316 1984 3444 2039 pos-

1886 2063 2040 2119 sibile
2081 2079 2192 2117 non
2237 2064 2329 2129 sit,
2361 2078 2464 2119 nec
2493 2079 2593 2118 nos
2624 2064 2713 2118 hic
2752 2062 3047 2117 subsistere
3076 2062 3149 2116 ita
3181 2062 3444 2116 diminuto

1884 2157 2235 2225 principatu:
2270 2156 2525 2212 dedecori
2568 2158 2715 2211 enim
2762 2165 2818 2210 et
2864 2154 3266 2224 exprobrationi
3317 2154 3443 2209 facti

1886 2246 2199 2311 fuissemus,
2223 2262 2331 2302 non
2354 2247 2573 2317 quidem
2599 2246 3087 2316 praedecessoribus
3108 2246 3325 2312 nostris,
3350 2248 3445 2300 sed

1884 2342 2292 2397 successoribus
2335 2351 2457 2411 post
2492 2341 2707 2407 futuris,
2760 2342 2804 2396 si
2851 2349 3029 2397 tamen
3070 2341 3234 2396 futuri
3278 2342 3443 2411 aliqui

1885 2435 2171 2505 aliquando
2201 2436 2330 2497 sint,
2366 2433 2525 2489 nobis
2558 2433 2887 2495 miseriores,
2917 2436 3006 2503 qui
3039 2444 3160 2503 post
3200 2448 3302 2488 nos
3347 2449 3446 2503 pro

1885 2529 2043 2583 nobis
2064 2528 2250 2600 jugum
2281 2526 2423 2581 istud
2447 2526 2630 2580 subire
2652 2526 2837 2580 velint.
2862 2525 3005 2581 Loco
3028 2526 3158 2595 quin
3182 2525 3444 2588 cedimus;

1887 2628 2062 2673 cesset
2089 2617 2307 2672 invndia.
2340 2615 2495 2682 Quod
2533 2615 2576 2669 si
2612 2630 2719 2669 non
2754 2614 3000 2678 facimus,
3036 2614 3295 2684 quosdam
3327 2614 3447 2667 alli-

1889 2711 2063 2765 cimus
2090 2725 2344 2773 mmrore,
2370 2709 2552 2779 potius
2589 2717 2643 2762 et
2668 2708 2736 2761 ob
2764 2708 2864 2762 hoc
2886 2707 3063 2776 ipsum
3092 2706 3149 2760 in
3166 2706 3255 2775 jus
3275 2706 3451 2775 rapie-

1889 2818 2013 2855 mur
2042 2821 2055 2857 :
2086 2800 2316 2856 excusso
2354 2801 2594 2870 pulvere,
2628 2799 2812 2853 sedem
2844 2798 3163 2858 deserimus.
3196 2798 3448 2867 quocirca

1889 2895 2041 2950 dolos
2077 2895 2336 2963 deinceps
2368 2893 2423 2946 in
2446 2908 2548 2946 nos
2584 2900 2903 2945 construere
2933 2898 2989 2944 et
3036 2890 3285 2944 meditari
3314 2890 3452 2945 desi-

1891 2994 2053 3049 stant,
2068 3000 2138 3039 ne
2152 2985 2460 3047 observent,
2474 2982 2813 3048 insidientur,
2835 2982 3219 3051 impressiones
3230 2981 3450 3037 faciant.

1894 3075 2009 3131 Heu
2036 3077 2268 3146 justitia,
2303 3075 2448 3144 leges
2481 3074 2601 3136 Dei,
2634 3073 2897 3128 tribunal!
2929 3072 3083 3139 Quod
3111 3089 3452 3143 nequaquam

1894 3186 1990 3223 vos
2019 3169 2420 3232 conculcamus,
2448 3168 2644 3226 iniuria
2676 3165 2939 3221 allicimus
2962 3183 2977 3231 ;
2998 3176 3284 3236 propterea
3305 3169 3451 3236 quod

1894 3262 2188 3329 diligimus,
2219 3276 2327 3313 non
2361 3274 2634 3323 amamur;
2657 3273 2723 3313 eo
2753 3258 2896 3327 quod
2921 3273 3017 3326 pro
3038 3258 3192 3311 vobis
3221 3268 3451 3317 stamus.

1895 3366 1925 3403 a
1964 3350 2122 3403 nobis
2149 3349 2206 3403 fit
2250 3350 2556 3403 dissidium.
2592 3349 3093 3404 Comminiscuntur
3135 3350 3413 3405 mendacia
3435 3392 3451 3414 ,

1894 3444 1950 3489 et
1978 3436 2068 3503 qui
2110 3444 2298 3489 contra
2332 3450 2433 3490 nos
2468 3436 2759 3489 maximam
2796 3436 3160 3506 proditionem
3196 3435 3411 3491 finxerit
3436 3482 3452 3501 ,

1896 3528 2134 3595 prudens
2169 3528 2399 3581 habetur
2427 3536 2482 3581 et
2531 3537 2809 3593 actuosus;
2841 3530 2935 3597 qui
2991 3529 3163 3585 vicem
3210 3539 3454 3583 nostram

1894 3619 2058 3682 dolet,
2096 3630 2154 3672 ut
2181 3618 2354 3673 hostis
2380 3628 2435 3672 et
2469 3620 2648 3689 legum
2674 3620 2903 3674 violator
2935 3630 3243 3683 accusatur.
3288 3622 3459 3675 frater

1898 3709 2026 3763 licet
2050 3707 2233 3773 fuerit,
2257 3717 2314 3762 et
2348 3718 2541 3763 natura
2568 3710 2683 3779 ipsa
2714 3719 2996 3764 moveatur
3027 3712 3095 3765 ad
3113 3712 3459 3781 compassio—

235 3817 387 3855 nem.
426 3801 707 3867 Quomodo
741 3800 884 3871 quis,
919 3815 1122 3869 quaeso,
1165 3799 1392 3854 tolerare
1431 3810 1631 3869 posset,
1657 3800 1801 3869 quod
1841 3799 1909 3854 de
1934 3801 2041 3854 vita
2068 3802 2277 3869 judices
2296 3810 2351 3855 et
2377 3817 2633 3857 censores
2657 3802 2919 3857 habemus
2946 3818 3059 3870 eos,
3113 3821 3250 3875 quos
3307 3807 3458 3875 prius

234 3894 563 3958 laudatores,
606 3902 661 3947 et
701 3894 793 3961 qui
846 3893 984 3946 bene
1031 3906 1216 3945 secum
1266 3891 1351 3959 agi
1402 3900 1685 3959 putassent
1744 3892 1790 3945 si
1826 3903 2011 3946 noStro
2036 3892 2240 3961 judicio
2257 3908 2370 3947 non
2392 3894 2915 3961 condemnarentur;
2966 3895 3112 3965 quod
3170 3898 3238 3952 ab
3265 3900 3455 3953 amicis

235 3988 577 4052 divellamur,
620 4000 651 4039 a
697 3986 967 4056 germanis
1009 3984 1420 4039 abstrahamur?
1463 3985 1660 4054 Ecquis
1704 3996 1790 4040 est
1824 3986 1918 4055 qui
1955 3986 2149 4040 horum
2181 3987 2380 4057 aliquid
2410 3986 2614 4056 possit?

322 4079 463 4133 Ἀλλ’
494 4080 612 4147 ἐρεῖ
657 4095 763 4142 τις,
805 4076 880 4146 μὴ
932 4076 1045 4128 δεῖν
1075 4075 1325 4143 ἀθυμεῖν,
1357 4075 1593 4145 Χριστοῦ
1623 4076 1790 4146 πάθη,

1972 4078 2077 4130 Sed
2116 4077 2347 4140 dicetur,
2378 4078 2819 4147 despondendum
2849 4093 2959 4132 non
2998 4093 3119 4134 esse
3174 4079 3452 4146 animum;

234 4171 333 4226 zeal.
363 4171 599 4239 Χριστὸν
645 4168 806 4221 αὑτὸν
832 4169 910 4231 εἰς
952 4167 1112 4236 μέσον
1160 4166 1327 4233 ἄγων,
1361 4167 1603 4229 καὶτοὺς
1653 4167 1792 4237 ὑπὲρ

1899 4168 2096 4221 Christi
2129 4169 2261 4222 mihi
2300 4169 2609 4237 passiones,
2657 4151 2855 4224 Christi
2898 4168 3217 4240 exemplum
3252 4186 3454 4241 γοργω-

235 4264 403 4315 αύτοῦ
435 4263 746 4332 μάρτυραςο
772 4260 838 4312 ἄν
871 4276 960 4329 μοι
986 4258 1077 4311 καὶ
1102 4258 1193 4310 τὸν
1221 4257 1483 4327 προδότην
1506 4257 1673 4328 δείξῃ,
1700 4260 1796 4311 καὶ

1902 4259 2154 4322 sentabit,
2184 4267 2239 4311 et
2261 4258 2573 4326 martyrium
2596 4260 2684 4327 qui
2707 4267 2929 4328 prOpter
2954 4258 3106 4311 illum
3128 4260 3448 4312 tolerarunt.

233 4356 335 4422 τὴν
365 4353 716 4415 κουστωδίαν,
748 4350 842 4403 καὶ
890 4352 1016 4412 τοὺς
1047 4349 1361 4419 τυράννους,
1412 4347 1613 4417 πολλὴν
1644 4341 1794 4410 οὗτος

1902 4350 2063 4404 Certe
2085 4351 2128 4403 si
2166 4350 2299 4403 mihi
2347 4351 2675 4419 proditorem
2726 4352 2816 4405 hic
2860 4352 3146 4416 exhibeat,
3177 4353 3222 4405 si
3268 4363 3453 4407 custo-

233 4449 332 4516 τὴν
379 4443 643 4513 εὐθυμίαν
693 4442 1014 4513 χαρίσεται·
1068 4440 1227 4509 μέχρι
1260 4439 1304 4492 δ’
1332 4438 1398 4493 ἂν
1434 4438 1508 4509 μὴ
1558 4438 1794 4506 φανῶσιν
1829 4494 1858 4516 n

1901 4440 2067 4504 diam,
2090 4444 2133 4495 si
2165 4449 2440 4511 tyrannos,
2468 4440 2691 4494 multam
2725 4440 2814 4494 ille
2846 4440 3103 4511 largietur
3130 4443 3453 4497 consolatio-

233 4531 402 4599 οὗτοι,
453 4534 593 4604 λόγῳ
644 4533 892 4585 πλάττων
922 4532 1019 4601 τὴν
1074 4531 1389 4599 ὁμοιότητα,
1447 4530 1648 4599 ἀσθενῆ
1697 4529 1795 4599 τὴν
1828 4529 1858 4551 ⁵³

1901 4547 2049 4586 nem.
2090 4533 2157 4585 At
2187 4533 2426 4601 quandiu
2456 4548 2721 4602 nusquam
2748 4542 3008 4602 apparent
3039 4533 3149 4598 isti,
3178 4536 3269 4604 qui
3302 4535 3454 4589 simi-

233 4628 590 4699 παραμυθίαν
628 4626 948 4696 παρέχεται.
974 4624 1035 4675 El
1062 4624 1159 4692 μὲν
1189 4623 1280 4675 οῦν
1311 4623 1568 4676 πλειόνων
1596 4622 1795 4691 ξεσμά-

231 4737 344 4772 των
375 4719 455 4770 ἐτι
486 4719 580 4771 καὶ
628 4716 1002 4787 χωνευτηρίων
1032 4716 1060 4765 6
1098 4716 1361 4785 ἡμέτερος
1398 4714 1618 4782 ἀνδριὰς
1659 4714 1795 4783 πρὸς

233 4812 503 4878 κάθαρσιν
532 4811 721 4872 δεῖται,
774 4809 869 4862 καὶ
926 4806 1131 4873 ξυέσθω
1160 4807 1254 4859 καὶ
1298 4806 1547 4875 τηκέσθω
1573 4805 1665 4858 καὶ
1686 4824 1793 4874 χω-

235 4903 495 4963 νευέσθω,
522 4899 754 4972 Χριστοῦ
780 4899 1014 4962 διδόντος
1036 4897 1335 4969 ὑπομονὴν,
1355 4898 1449 4949 καὶ
1464 4900 1529 4967 τῇ
1545 4896 1795 4965 ἀσθενείᾳ.

234 4998 337 5064 τῆς
371 4996 584 5063 φύσεως
637 4994 735 5063 τὴν
768 4992 998 5061 βάσανον
1059 4989 1517 5060 συμμετροῦντος.
1580 4988 1639 5041 El
1679 4988 1724 5039 δ’
1758 4990 1792 5058 ή

237 5087 512 5158 ὑπερϐολὴ
552 5085 659 5138 τῶν
698 5085 968 5138 κολάσεων
1011 5082 1199 5150 φθάνει
1248 5081 1541 5135 δαπανῶσα
1572 5080 1667 5149 τὴν
1698 5079 1792 5131 δύ-

236 5197 403 5248 ναμιν
427 5181 546 5248 (οὐκ
576 5178 707 5249 ἐμὸν
730 5177 838 5247 γὰρ
863 5177 1038 5229 εἰπεῖν
1057 5178 1104 5227 ει
1125 5172 1478 5244 κεκάθαρται)
1505 5176 1531 5225 6
1553 5172 1794 5241 πλάστης

238 5273 415 5343 ρυέτω
462 5271 522 5323 τὸ
574 5271 797 5340 πλάσμα
825 5269 924 5338 τῆς
976 5268 1244 5338 βασάνου,
1277 5268 1369 5319 καὶ
1410 5266 1597 5335 μηδεὶς
1638 5266 1795 5334 ἡμῶν

235 5363 402 5414 ἓνεκα
454 5362 672 5430 ὀφθήτω
726 5362 863 5430 μήτε
918 5358 1222 5428 προδότης,
1275 5356 1411 5427 μήτε
1467 5354 1789 5419 κουστωδία,

241 5455 382 5525 μήτε
411 5453 668 5521 τύραννος
688 5470 703 5484 ο
732 5453 922 5521 εἴησαν
954 5452 1012 5505 δέ
1039 5449 1237 5513 πάντες
1255 5448 1501 5501 ἐκλεκτοὶ
1530 5447 1665 5501 Θεοῦ
1703 5464 1799 5500 και

237 5540 337 5609 τῆς
365 5540 477 5594 ἇνω
494 5539 650 5610 δόξης
677 5541 908 5604 ἐπάξιοι.

1896 4623 2183 4678 litudinem
2217 4639 2467 4679 sermone
2492 4641 2591 4680 suo
2646 4623 2851 4695 amngit
2879 4624 3149 4680 infirmum
3201 4626 3453 4680 solatium

1898 4715 2193 4769 exhibebit.
2246 4714 2399 4781 Quod
2432 4717 2478 4771 si
2508 4726 2685 4771 autem
2716 4727 2903 4771 nostra
2940 4718 3039 4771 ista
3072 4727 3247 4771 statua
3280 4719 3453 4788 pluri-

1903 4806 2090 4859 fariam
2119 4807 2293 4861 adhuc
2315 4808 2551 4861 radenda
2594 4807 2780 4873 fuerit,
2812 4819 2924 4873 aut,
2956 4818 3012 4862 ut
3041 4810 3227 4879 purior
3249 4810 3361 4875 ﬁat,
3389 4811 3456 4864 li-

1902 4896 2257 4965 qucfacienda
2314 4900 2412 4963 sit;
2464 4899 2676 4962 radant,
2706 4900 3076 4969 liquefaciant,
3108 4899 3374 4964 conﬂent,
3406 4902 3455 4956 si

1902 4994 2090 5053 velint.
2116 4992 2406 5046 dummodo
2425 4990 2674 5046 Christus
2712 4992 3018 5061 suppeditet
3043 4992 3376 5061 patientiam,
3400 5003 3459 5047 et

1900 5084 2196 5136 secundum
2242 5082 2641 5150 proportionem
2681 5083 2943 5137 naturalis
2979 5096 3175 5138 nostrae
3227 5083 3457 5137 infirmi-

1900 5173 2026 5226 tatis
2071 5172 2420 5226 tentationem
2460 5172 2833 5227 admensuret.
2872 5173 3027 5238 Quod
3077 5174 3121 5228 si
3171 5188 3456 5242 poenarum

1899 5279 2158 5319 excessus
2196 5264 2507 5333 patientiam
2546 5264 2805 5334 anticipet
2852 5274 2907 5319 et
2957 5265 3207 5319 absumat
3252 5264 3327 5333 (in
3369 5282 3456 5319 me

1903 5353 2045 5407 haud
2087 5364 2170 5407 est
2194 5354 2353 5407 situm
2388 5352 2652 5408 aﬂirmare
2680 5355 2823 5423 quod
2858 5356 3173 5425 purgatur),
3208 5355 3362 5409 fictor
3394 5358 3456 5408 fi-

1902 5456 2175 5516 gmentum
2202 5446 2269 5500 de
2321 5447 2605 5500 tormentis
2658 5446 2879 5509 liberet,
2940 5461 3118 5515 neque
3170 5446 3456 5514 quisquam

1904 5539 2130 5607 optarim
2157 5552 2279 5592 mea
2300 5553 2462 5593 causa
2480 5538 2705 5593 exsistat
2734 5538 2995 5607 proditor,
3014 5536 3257 5592 custodia
3290 5534 3455 5602 nulla,

239 5640 424 5695 nullus
453 5650 740 5709 tyrannus;
774 5638 882 5693 sint
911 5646 1087 5692 autem
1119 5653 1309 5693 omnes
1339 5654 1368 5693 a
1394 5638 1505 5695 Deo
1529 5637 1705 5703 electi,
1743 5645 1797 5689 et
1821 5636 1965 5706 digni
1997 5637 2087 5706 qui
2120 5651 2408 5707 supernam
2432 5649 2786 5709 assequantur
2824 5636 3067 5711 gloriam.

1558 5752 1792 5808 VARIE
1832 5752 2231 5810 LECTIONES.

312 5832 337 5863 ⁸
365 5823 449 5877 ισ.
482 5823 681 5877 αὐτῶν.
808 5819 833 5859 δ
864 5821 900 5875 l.
924 5820 1237 5892 ύπήνεγκοι.
