4248 6444
820 387 927 458 623

1437 493 1652 548 EPIST.
1694 493 1754 546 ν.

828 593 1043 657 Eidem,
1082 591 1385 662 Deprecatio
1428 604 1522 662 pro
1550 585 1892 662 Δςίιισὶδςιοιίιιίο
1944 599 1977 637 a
2027 580 2236 636 secretis
2295 578 2382 646 qui

1397 658 1812 728 periclitabatur.

1958 381 2219 443 PHOTII
2261 378 2762 439 PATRIARCIIE
2796 379 2901 440 (ΖΡ.

3463 448 3468 453 ,
3939 377 4054 441 625

3089 486 3309 543 ΕΠΙΣΤ.
3351 487 3424 540 E'.

2494 574 2576 639 Τῷ
2607 576 2787 642 αὐτῷ,
2815 578 3102 645 Πρεσσεία
3136 579 3287 647 ὑπὲρ
3310 578 3748 647 ΧριστοδΟὑλου
3777 577 4055 646 ἀσηκρή-

2939 665 3028 714 τις
3057 649 3580 713 κινδυνεύσαντος.

1911 740 2054 791 Edita
2073 754 2100 789 a
2120 733 2414 787 Montacutio
2436 734 2492 794 (ι.
2515 749 2556 784 c.
2587 748 2666 798 ep.
2693 738 2740 797 4,
2771 752 2818 800 p.
2845 737 2944 800 68).

897 837 1181 906 Utcunque
1239 836 1496 889 molestus
1545 849 1665 886 esse
1695 831 1902 893 videor,
1940 838 1993 882 ct
2043 828 2180 881 ultra
2227 837 2379 876 mem

829 947 1007 985 suram
1049 929 1245 982 frustra
1285 927 1612 989 misericors,
1643 941 1751 978 non
1782 931 1963 977 tamen
2005 923 2148 991 quod
2194 931 2381 991 potero

829 1031 1081 1093 praestare
1125 1020 1432 1087 dill‘ugiam,
1487 1017 1727 1071 fortassis
1779 1031 1958 1070 acrem
2013 1017 2282 1069 lacessens
2327 1024 2382 1068 et

828 1115 1024 1168 frustra
1049 1113 1297 1165 laborans
1328 1129 1340 1163 :
1377 1125 1502 1162 nam
1535 1109 1633 1161 hoc
1667 1123 1752 1161 me
1787 1107 1914 1160 facit
1951 1107 2206 1172 cogitare,
2237 1106 2378 1172 quod

829 1220 924 1273 spe
958 1204 1194 1270 tlejcctus
1225 1201 1506 1270 aliquoties
1539 1199 1855 1261 exciderim;
1891 1200 1942 1252 in
1964 1209 2220 1267 quantum
2251 1213 2379 1250 vero

828 1296 1126 1363 potuerim,
1204 1292 1441 1346 debitum
1522 1291 1846 1359 persolvam.
1907 1291 2115 1360 Pauper
2163 1291 2377 1358 quidem

823 1385 1032 1453 jocans,
1096 1393 1373 1451 antiquum
1424 1397 1579 1435 suum
1632 1382 1894 1440 obtinuit;
1933 1383 2141 1448 jocatus
2180 1389 2283 1445 est,
2327 1391 2381 1436 et

828 1473 1033 1526 comico
1065 1487 1235 1535 more,
1270 1473 1394 1524 licet
1427 1488 1534 1523 non
1569 1472 1620 1523 in
1654 1486 1806 1536 quos,
1848 1478 1940 1522 aut
1968 1471 2195 1537 qualiter
2223 1486 2381 1538 opor-

829 1563 950 1616 tuit.
996 1563 1123 1614 Erat
1164 1562 1394 1614 ebrietas
1431 1558 1734 1628 primipilus
1769 1576 1782 1611 :
1819 1560 1919 1613 hac
1957 1569 2134 1612 autem
2173 1559 2376 1626 abrepti

829 1652 1074 1706 homines
1108 1652 1393 1720 plurimum
1439 1650 1613 1702 solent
1654 1648 2015 1716 delinqueudo
2061 1650 2183 1702 labi.
2228 1649 2384 1701 Dedit

2556 824 2614 875 Ei
2643 824 2736 875 καὶ
2766 824 2859 876 νῦν
2906 824 3134 894 ὀχληρὸς
3158 819 3295 878 εἶναι
3326 825 3480 890 δόξω,
3533 826 3628 878 καὶ
3680 826 3940 894 περιττὸς
3989 826 4056 879 τὸ

2485 915 2878 986 φιλάνθρωπον,
2914 916 3051 972 ἀλλὰ
3079 918 3203 986 τόγε
3234 918 3469 986 ἐμαυτοῦ
3514 920 3689 969 ποιεῖν
3717 918 3814 970 οὐκ
3846 917 4051 983 ἀφέξο-

2488 1024 2606 1074 μαι,
2651 1007 2776 1067 ἴσως
2814 1007 2914 1074 μὲν
2952 1009 3030 1070 εἰς
3057 1009 3193 1078 ἀέρα
3241 1009 3436 1080 δέρων,
3483 1009 3577 1062 καὶ
3619 1009 3795 1078 μάτην
3838 1010 4046 1063 πονῶν.

2485 1098 2666 1152 Ταῦτα
2701 1100 2808 1170 γάρ
2844 1117 2908 1169 με
2945 1100 3277 1168 λογίζεσθαι,
3334 1101 3396 1153 τὸ
3423 1100 3679 1162 πολλάκις
3722 1101 4049 1170 διαμαρτεῖν

2487 1193 2583 1259 τῆς
2617 1191 2852 1254 ἐλπίδος,
2887 1192 3296 1262 παρεσκεῦασεν
3318 1205 3331 1219 ⁸
3359 1193 3482 1245 ὅσον
3509 1191 3552 1244 δ’
3585 1194 3666 1253 είς
3714 1192 3854 1262 ἐμὴν
3891 1195 4050 1262 ίσχὺν

2485 1279 2609 1356 ἦκε,
2644 1286 2702 1337 τὸ
2741 1286 2899 1355 χρέος
2943 1285 3184 1354 πληρῶν.
3244 1284 3557 1354 ’Ἄνθρωπος
3607 1283 3776 1352 πένης
3808 1283 4060 1346 παίζων..

2486 1377 2688 1445 ἔπραξε
2737 1377 2804 1429 τὰ
2855 1376 3061 1446 συνήθη
3110 1375 3288 1444 αὐτῷ’
3336 1375 3525 1441 ἔπαιξε
3570 1377 3694 1442 γὰρ,
3732 1376 3781 1427 εἰ
3835 1377 3930 1426 καὶ
3973 1377 4052 1443 μὴ

2488 1469 2624 1538 πρὸς
2675 1470 2767 1530 οὓς
2826 1469 2954 1528 ἔδει.
3016 1469 3140 1537 μηδ’
3186 1463 3294 1531 οἷα,
3335 1467 3831 1536 κωμικευσάμενος.
3885 1467 4047 1536 Μέθη

2486 1563 2776 1629 κορυφαῖος
2805 1555 2892 1628 ἦν,
2913 1553 2956 1626 ᾧ
2991 1559 3061 1610 τὰ
3092 1558 3262 1610 πολλά
3293 1559 3708 1626 περιπίπτοντες
3743 1557 4046 1626 ἄνθρωποι,

2491 1647 2832 1714 σφάλλονται.
2871 1647 3076 1699 Ἔδωκε
3115 1646 3212 1714 τῆς
3240 1647 3540 1700 ἀκολάστου
3570 1647 3819 1714 γλώσσης
3855 1647 4041 1710 δίκας,

827 1754 1008 1795 autem
1077 1757 1265 1810 ptenas
1330 1741 1396 1794 de
1454 1741 1766 1793 lasciviente
1823 1740 2043 1806 lingua,
2102 1741 2379 1793 acerbiore
2414 1737 2504 1790 Ba

2374 1760 2379 1791 ε
2414 1737 2455 1790 Β
2487 1741 2704 1790 κόλασιν
2731 1737 2932 1805 πικρὰν
2957 1737 3212 1798 ὑποστὰς,
3234 1737 3360 1798 τοὺς
3379 1739 3435 1788 ἐν
3452 1736 3529 1806 τῷ
3554 1736 3762 1805 σώματι
3782 1737 4051 1805 σφοδροὺς

827 1835 1084 1889 multatus
1133 1833 1431 1903 punitione,
1467 1847 1691 1900 corpore
1733 1832 2110 1884 vehementius
2142 1847 2312 1884 caesus
2329 1841 2383 1885 et

828 1927 1120 1978 mutilatos.
1179 1924 1415 1978 Ulterius
1478 1938 1545 1975 ue
1597 1923 1988 1992 progrediatur.
2049 1923 2275 1977 Sacrum
2331 1933 2385 1977 et

829 2026 1077 2072 sanctum
1108 2025 1190 2068 est
1215 2015 1307 2068 Dei
1335 2016 1611 2082 templum,
1635 2029 1661 2066 a
1682 2014 1828 2066 nullo
1846 2012 2153 2067 Christiano
2176 2013 2386 2066 violan-

831 2107 992 2170 dum;
1034 2106 1099 2158 ad
1133 2106 1232 2158 hoc
1262 2104 1502 2172 confugit
1530 2104 1629 2156 iste
1660 2122 1672 2157 :
1706 2104 1990 2157 intercedit
2021 2120 2117 2172 pro
2149 2104 2240 2158 illo
2273 2104 2385 2156 An-

829 2199 984 2252 tistes
1021 2198 1237 2265 templi;
1282 2197 1567 2251 intercedit
1607 2205 1661 2250 et
1705 2197 1874 2265 culpa:
1919 2196 2186 2263 tenuitas;
2235 2205 2289 2250 et
2341 2196 2387 2250 si

828 2290 1007 2346 adhuc
1039 2291 1240 2361 pateris
1281 2291 1409 2346 illud
1440 2309 1452 2344 :
1481 2290 1752 2353 Dimitttte,
1788 2300 1836 2343 et
1859 2290 2148 2344 dimittetur
2175 2292 2382 2355 vobis’;

828 2384 915 2438 vel
947 2403 959 2438 :
978 2384 1090 2448 Qua
1111 2400 1349 2437 mensura
1379 2385 1538 2437 mensi
1560 2385 1697 2446 estis,
1719 2385 1900 2436 eadem
1920 2383 2056 2436 vobis
2086 2386 2326 2438 metietur
2342 2385 2383 2437 ‘.

1449 2490 1660 2545 EPlST.
1712 2492 1800 2547 VI.

878 2581 1068 2636 Barda:
1094 2583 1352 2652 Magistro
1383 2584 1604 2637 Patritio
1630 2594 1676 2637 et
1699 2583 2032 2652 Curopatata:
2046 2602 2140 2652 pro
2170 2587 2352 2641 clerico

1141 2653 1307 2707 Blasii
1340 2656 1393 2706 in
1420 2655 1667 2722 periculis
1688 2658 1988 2709 constituto.

2489 1830 2797 1899 αίκισμούς.
2846 1831 3030 1897 Στὴτω
3074 1829 3232 1898 μέχρι
3269 1827 3456 1880 τούτου
3505 1827 3571 1879 τά
3604 1829 3704 1896 τῆς
3744 1829 4043 1897 τιμωρίας.

2504 1921 2563 1973 '0
2590 1920 2684 1973 τοῦ
2714 1920 2847 1972 Θεοῦ
2895 1920 3043 1984 ναὸς,
3099 1920 3259 1988 ἱερὸς.
3295 1923 3389 1973 καὶ
3423 1921 3556 1972 πᾶσι
3602 1921 3714 1981 τοῖς
3763 1921 4052 1972 εύσεϐέσιν

2485 2014 2701 2076 ἄσυλος,
2755 2012 2888 2080 πρὸς
2937 2012 2996 2064 ὃν
3023 2005 3174 2073 οὗτος
3211 2014 3519 2080 κατέφυγε·
3563 2011 3854 2082 πρεσϐεύει
3900 2013 4044 2080 ὑπὲρ

2486 2102 2648 2155 αὑτοῦ
2678 2103 2706 2154 ό
2734 2101 2827 2154 τοῦ
2860 2100 2985 2155 ναοῦ
3024 2100 3224 2170 ἱερεὺς.
3267 2101 3327 2152 τὸ
3365 2101 3458 2152 τοῦ
3516 2101 3854 2169 πταίσματος
3888 2101 4045 2151 εὐτε-

2491 2193 2600 2257 λὲς,
2653 2195 2700 2246 εί
2731 2193 2907 2262 βούλει
2936 2192 3014 2256 δὲ,
3047 2193 3139 2245 καὶ
3168 2191 3250 2254 τό,
3285 2193 3499 2260 ’Ἄφετε
3542 2191 3639 2243 καί
3676 2189 4047 2260 ἀφεθήσεται

2489 2286 2630 2356 ὑμῖν
2651 2302 2665 2317 ·
2692 2287 2787 2338 καὶ
2815 2285 2895 2350 τὸ,
2933 2285 3029 2338 Ἑν
3057 2278 3106 2351 ᾧ
3129 2283 3324 2353 μέτρῳ
3368 2281 3652 2350 μετρεῖτε,
3677 2281 4047 2351 μετρηθήσε-

2489 2397 2582 2433 ται
2608 2378 2769 2448 ὑμῖν.

3078 2489 3299 2541 ΕΠιΣτ.
3354 2490 3444 2554 ς’.

2495 2584 2694 2652 Βάρδᾳ
2749 2583 3061 2650 Ματίστρῳ
3109 2581 3397 2652 Πατρικίῳ
3441 2577 3538 2631 καὶ
3567 2576 4022 2652 ΑΚουροπαλὰτῃ

2563 2637 2696 2722 οἶερί
2724 2637 3010 2719 κληρικοῦ
3031 2637 3140 2704 τοῦ
3167 2637 3434 2703 Βλασίου
3459 2637 4043 2714 urbm-853001109",

1918 2747 2060 2796 Edita
2090 2763 2117 2798 a
2139 2748 2435 2802 Montacutio
2458 2752 2513 2814 (l.
2536 2763 2581 2798 c.
2603 2761 2682 2810 ep.
2704 2745 2753 2800 6.
2774 2743 2945 2807 p.69).

896 2826 1160 2880 Noveram
1177 2842 1278 2896 ego
1297 2827 1532 2896 quidem,
1548 2827 1785 2880 nondum
1813 2839 2086 2897 expertus,
2107 2831 2388 2900 indignum

829 2935 916 2972 me
939 2918 1106 2972 fuisse
1145 2934 1266 2971 cum
1313 2921 1477 2988 gradu
1519 2928 1573 2972 et
1606 2918 1868 2988 dignitate
1908 2919 2387 2992 archiepiscopali,

830 3020 942 3063 tum
974 3009 1258 3079 pastoralis
1297 3009 1662 3077 cujuscunque
1705 3009 2017 3072 functionis,
2049 3022 2212 3081 atque
2268 3028 2386 3068 eam

829 3101 899 3152 ob
927 3114 1142 3153 causam
1173 3108 1325 3152 actus
1361 3107 1416 3152 et
1459 3107 1716 3153 attractus
1742 3101 1966 3156 moleste
1994 3117 2112 3156 eam
2155 3119 2266 3157 rem
2306 3104 2388 3158 fe-

827 3192 1011 3246 rebam
1044 3206 1058 3254 ;
1088 3199 1247 3260 atque
1286 3191 1488 3244 utinam
1528 3206 1613 3244 me
1653 3191 1799 3260 prius
1827 3208 1973 3246 mors
2007 3193 2262 3249 invaserit
2292 3211 2389 3249 an-

829 3287 1045 3350 tequam
1084 3283 1186 3335 hac
1207 3282 1459 3346 violenta,
1496 3283 1818 3338 intolerabili
1871 3286 2067 3353 potius,
2126 3287 2388 3341 electione

830 3373 1132 3442 arripererl
1173 3373 1518 3442 Nequaquam
1571 3381 1649 3426 tot
1690 3381 1744 3426 et
1799 3383 2066 3429 tantorum
2124 3377 2384 3431 malorum

831 3455 1024 3512 ﬂuctus
1056 3459 1287 3511 animam
1331 3474 1500 3512 meam
1535 3461 1771 3528 quotidie
1805 3462 2119 3528 abluissent,
2158 3481 2385 3532 quorum

831 3565 954 3618 spes
978 3560 1033 3603 et
1059 3553 1384 3619 exspectatio
1402 3551 1504 3618 (est
1531 3552 1672 3604 enim
1695 3561 1884 3605 natura
1911 3552 2188 3607 hominum
2217 3556 2388 3623 appri-

830 3655 918 3694 me
951 3652 1254 3710 comparata
1284 3641 1349 3694 ad
1380 3643 1584 3695 futuras
1630 3642 1966 3697 diliicultates
1995 3645 2382 3712 pratvidendas,

831 3735 1124 3802 praasertim
1157 3735 1245 3788 ubi
1281 3733 1693 3802 propriasipsius
1737 3749 1894 3787 causa
1923 3735 2117 3803 agitur)
2152 3752 2381 3790 concus-

833 3842 951 3879 sum
1005 3840 1090 3878 me
1141 3835 1196 3878 et
1233 3827 1616 3878 conturbatum
1657 3835 1785 3878 tunc
1837 3826 2093 3895 temporis
2147 3827 2379 3883 habuit:

833 3917 950 3970 istis
980 3930 1079 3986 ego
1153 3916 1453 3983 exagitatus
1505 3926 1559 3968 et
1624 3917 1816 3970 acerbe
1864 3926 2088 3970 vexatus
2129 3917 2326 3986 ploravi
2363 3961 2378 3986 ,

831 4007 1176 4076 deprecabar,
1200 4007 1334 4060 nihil
1357 4023 1463 4061 non
1493 4007 1669 4075 potius
1689 4008 1740 4060 in
1767 4023 1850 4061 me
1871 4008 2204 4062 admisissem
2221 4026 2380 4078 quam

833 4105 892 4149 ut
927 4097 982 4150 in
1031 4097 1276 4166 suflragia
1317 4113 1499 4150 eorum
1539 4096 1692 4158 irem,
1723 4097 1811 4164 qui
1843 4114 1928 4150 me
1956 4099 2376 4167 compellebant;

831 4188 1161 4257 utpoculum
1219 4189 1346 4241 illud
1398 4190 1683 4242 multarum
1715 4199 1769 4242 et
1811 4189 2181 4258 multiplicium
2227 4207 2380 4246 cura-

831 4294 948 4332 rum
974 4294 1003 4332 a
1045 4295 1130 4332 me
1149 4279 1500 4334 transferatur
1539 4293 1697 4348 atque
1741 4282 2114 4344 tentationum,
2148 4283 2380 4337 interce-

829 4370 1041 4424 debam.
1083 4369 1236 4424 Nunc
1269 4370 1532 4438 siquidem
1589 4386 1674 4423 res
1721 4370 1847 4439 ipsa:
1907 4387 1992 4425 me
2046 4373 2268 4438 docent,
2325 4384 2380 4428 et

2565 2832 2748 2901 ’ᾘδειν
2784 2827 2914 2895 ἐγὼ,
2959 2827 3052 2879 καὶ
3090 2825 3195 2894 πρὸ
3230 2825 3450 2893 πείρας,
3482 2823 3696 2888 ἀνάξιον
3733 2822 3923 2875 ἑαυτὸν
3942 2821 4046 2879 εστ,

2494 2923 2586 2976 καὶ
2614 2921 2708 2974 τοῦ
2741 2917 3122 2990 ἀρχιερατικοῦ
3159 2916 3386 2986 βαθμοῦ,
3423 2917 3516 2968 καὶ
3553 2917 3652 2985 τῆς
3683 2915 4050 2984 ποιμαντικῆς

2493 3011 2872 3083 ἐγχειρήσεως·
2895 3007 2984 3060 διὰ
3005 3007 3161 3059 τοῦτο
3185 3007 3293 3074 γάρ
3321 3005 3581 3073 ἀγόμενος
3611 3004 3706 3057 καὶ
3731 3005 4049 3073 ἑλκόμενος,

2495 3088 2896 3156 ἀπεδυσπέτουν
2941 3099 3076 3169 πρὸς
3105 3097 3293 3150 ταῦτα·
3328 3097 3401 3159 ὼς
3437 3097 3548 3149 ετθε
3582 3096 3805 3157 θάνατός
3851 3112 3918 3165 με
3947 3094 4048 3161 τῆς

2492 3195 2612 3247 τότε
2637 3192 2928 3263 προϐολῆς,
2955 3190 3152 3261 μᾶλλον
3178 3191 3233 3242 δὲ
3263 3190 3363 3258 τῆς
3391 3190 3659 3258 ἀφορήτου
3727 3187 3868 3255 βίας.
3904 3204 4044 3254 προ·-

2491 3288 2825 3357 ανήρπασεν.
2851 3285 2922 3337 Ού
2945 3285 3049 3354 γὰρ
3079 3283 3144 3336 ἂν
3166 3281 3428 3334 τοσούτων
3459 3281 3552 3333 καὶ
3583 3278 3911 3348 τηλικούτων
3941 3296 4043 3332 καο

2495 3379 2604 3430 κῶν
2654 3376 2871 3444 κύματα
2915 3376 3012 3445 τὴν
3056 3373 3212 3444 ἐμὴν,
3257 3371 3377 3424 καθ’
3417 3372 3687 3440 ἐκάστην,
3725 3369 4038 3433 ἐϐάπτιζον,

2493 3467 2851 3531 ἐπικλύζοντα
2898 3466 3150 3519 τάλαιναν
3198 3464 3403 3534 ψυχήν·
3461 3455 3535 3515 ῶν
3575 3464 3606 3530 ή
3657 3461 3812 3522 ἐλπὶς
3868 3463 3962 3512 καὶ
4013 3464 4045 3529 ὴ

2494 3557 2785 3628 προσδοκία
2820 3555 2983 3627 (δεινὴ
3030 3557 3137 3624 γὰρ
3189 3558 3221 3624 ἡ
3271 3555 3376 3606 τῶν
3421 3553 3718 3623 ἀνθρώπων
3770 3551 3931 3621 φύσις
3977 3553 4045 3602 τά

2493 3648 2749 3718 μέλλοντα
2781 3647 3007 3700 συνιδεῖν
3038 3646 3292 3716 δυσχερῆ,
3325 3645 3389 3696 ἂν
3417 3646 3502 3695 ἐπ’
3536 3645 3702 3713 αὐτὴν
3740 3644 3774 3713 ἡ
3809 3642 4044 3712 χαλεπό-

2487 3758 2587 3809 της
2644 3741 2878 3810 μάλιστα
2929 3739 3197 3808 φέρηται)
3242 3737 3605 3806 συνετάρασσέ
3653 3754 3718 3804 με
3772 3739 3894 3788 τότε
3949 3737 4042 3790 καὶ

2491 3833 2764 3900 συνέσχεν⁶
2797 3831 2885 3898 ὑφ’
2919 3824 2992 3883 ὧν
3024 3829 3344 3899 βαλλόμενος
3375 3828 3469 3879 καὶ
3498 3826 3709 3895 πικρῶς
3739 3826 4041 3895 ἀλγυνόμε-

2487 3942 2596 3987 νος,
2629 3924 2860 3987 ἐκλαιον,
2907 3921 3231 3984 ἐδυσώπουν,
3277 3919 3451 3971 πάντα
3488 3918 3683 3986 μᾶλλον
3719 3918 3971 3979 ἐποίουν,
4006 3919 4038 3989 ἢ

2486 4020 2596 4078 τοῖς
2643 4015 3030 4085 ψηφιζομένοις
3079 4012 3174 4064 καὶ
3232 4010 3566 4079 βιαζομένοις
3613 4009 4038 4076 συγκατένευον,

2486 4109 2884 4178 παρενεχθῆναι
2914 4107 2973 4158 τὸ
2999 4107 3253 4174 ποτήριον
3276 4103 3370 4156 ἀπ’
3396 4101 3550 4172 ἐμοῦ.
3577 4101 3686 4152 τῶν
3715 4100 3924 4152 πολλῶν
3947 4101 4039 4152 καὶ

2487 4203 2836 4272 πολυτρόπων
2862 4197 3156 4268 φροντίδων
3179 4196 3272 4248 καὶ
3300 4194 3615 4263 πειρασμῶν
3646 4191 4031 4260 ποτνιώμενος

2486 4293 2580 4346 νῦν
2633 4293 2691 4345 δέ
2736 4290 2875 4345 αὑτά
2922 4287 3292 4359 μεταδιδάσκει
3330 4286 3398 4338 τά
3444 4285 3760 4355 πράγματα,
3807 4286 3904 4335 καὶ
3941 4285 4036 4352 τὴν

2487 4381 2672 4455 [ἐμὴν]
2707 4381 2913 4449 ἐλέγχει
2939 4377 3282 4446 ἀναξιότηταο
3301 4377 3393 4428 καὶ
3421 4374 3598 4427 οὐκέτι
3629 4372 3790 4442 φόϐος
3814 4372 4036 4441 προσδο-

831 4476 1003 4514 meam
1033 4461 1163 4514 satis
1203 4461 1534 4530 redarguunt
1577 4461 1891 4529 dignitatem
1932 4480 1946 4528 ;
1991 4478 2091 4518 nec
2151 4464 2377 4519 ulterius
2483 4495 2508 4528 κ

2360 4481 2377 4518 3
2483 4478 2625 4538 κίας,
2641 4473 2754 4528 ἀλλ’
2767 4473 2921 4542 ὀδύνη
2939 4467 3289 4537 στεριζομένη
3305 4465 3430 4536 περὶ
3441 4465 3507 4516 τά
3523 4463 3728 4534 καίρια,
3747 4464 3842 4514 καὶ
3859 4479 4037 4514 στενα-

832 4567 916 4605 me
939 4561 1115 4605 metus
1141 4552 1522 4620 exspectando.
1555 4552 1649 4606 sed
1699 4553 1849 4606 dolor
1899 4555 2104 4623 accepti
2165 4556 2376 4612 letbalis
2482 4586 2509 4636 γ

2354 4573 2376 4612 5
2482 4567 2655 4636 γμὸς,
2696 4565 2791 4618 καὶ
2831 4561 3127 4632 ἀμηχανία.
3175 4558 3268 4612 ἐπὶ
3314 4558 3422 4617 τοῖς
3470 4555 3568 4625 ἤδη
3615 4552 4031 4606 καταλαϐοῦσιν.

831 4645 1066 4698 vulneris
1100 4654 1328 4713 torquet,
1372 4644 1666 4714 singultus,
1716 4645 1944 4713 suspiria
1983 4657 2038 4700 et
2073 4647 2375 4717 desperatio
2411 4680 2453 4734 Β
2486 4660 2508 4678 ·’

2357 4665 2375 4703 )
2411 4680 2453 4734 ι)
2486 4660 2614 4712 Ὀτε
2643 4657 2750 4727 γὰρ
2781 4655 2966 4725 ἱερεῖς,
2995 4654 3163 4704 ὁποῖοι
3192 4649 3257 4702 ἂν
3279 4647 3371 4700 καὶ
3392 4640 3523 4709 εἷεν,
3551 4645 3688 4714 ὁμοῦ
3709 4644 3918 4704 πάντας
3945 4644 4034 4694 ἐπὶ

831 4746 1071 4790 tenuere.
1107 4735 1239 4788 Cum
1267 4735 1488 4788 aillictos
1517 4735 1725 4789 intuear
1760 4738 2038 4792 universos
2057 4749 2112 4792 et
2142 4741 2380 4810 singulos

830 4827 1137 4882 sacerdotes
1189 4827 1259 4879 ob
1316 4827 1529 4879 unicum
1554 4827 1868 4893 admissum,
1903 4829 2242 4894 verberibus,
2269 4833 2380 4885 vin-

830 4918 966 4973 culis
994 4917 1132 4969 male
1173 4925 1447 4978 tractatos,
1481 4916 1638 4968 etiam
1686 4919 1879 4972 excisis
1913 4919 2106 4988 linguis
2142 4921 2377 4990 (ignosce

830 5010 1084 5080 peccatis,
1125 5024 1326 5077 quaeso,
1365 5010 1586 5064 nostris.
1617 5009 1880 5076 Domine),
1916 5027 2010 5064 cur
2047 5027 2154 5064 non
2192 5012 2376 5067 beatos

830 5101 1110 5169 praedicem
1161 5098 1461 5163 defunctos,
1511 5101 1688 5167 potius
1722 5116 1883 5168 quam
1943 5102 2244 5170 meipsum?
2281 5121 2376 5157 cur

829 5207 937 5245 non
988 5191 1089 5244 hoc
1115 5206 1252 5243 onus
1272 5191 1401 5243 mihi
1455 5191 1762 5259 impositum
1786 5201 2023 5260 reputem
2049 5194 2100 5246 in
2134 5210 2374 5249 meorum

828 5290 1170 5348 peccatorum
1209 5282 1638 5349 redargutionem
1659 5282 1680 5333 ?
1704 5282 1949 5352 indigens
1969 5285 2130 5338 homo
2163 5295 2217 5340 et
2258 5288 2375 5342 sine

827 5382 1076 5441 patrono,
1116 5373 1208 5425 sed
1241 5390 1341 5428 nec
1384 5387 1563 5427 mente
1619 5390 1745 5426 sana
1802 5377 2052 5443 praeditus
2077 5379 2213 5446 (qua:
2251 5391 2376 5433 sunt

823 5462 944 5532 cjus
979 5464 1192 5532 generis
1231 5473 1289 5524 ut
1327 5465 1690 5518 misericordia
1721 5467 1897 5532 potius
1927 5483 2085 5537 quam
2128 5470 2375 5540 indigna—

897 5575 919 5607 ⁸
960 5575 1090 5629 Luc.
1119 5593 1192 5639 νι,
1221 5578 1311 5634 57.
1386 5579 1406 5609 ⁸
1447 5579 1629 5634 Matth.
1661 5597 1754 5646 vn,
1790 5581 1841 5632 ἓ.

2483 4752 2562 4803 ἐνὶ
2591 4749 2887 4815 πταίσματι
2910 4745 3213 4812 πάσχοντας
3234 4739 3364 4809 δρῶ,
3389 4736 3773 4805 τυπτομένους,
3805 4735 4033 4802 δημευο-

2485 4844 2700 4912 μένους,
2733 4837 3178 4908 φαυλιζομένους,
3205 4833 3305 4900 τὴν
3334 4829 3582 4897 γλῶσσαν
3606 4827 4034 4894 ἐκτεμνομένους

2481 4937 2706 5002 (φεῖσαι,
2728 4931 2920 5000 Κύριε,
2947 4928 3051 4980 τῶν
3073 4924 3352 4995 ἁμαρτιῶν
3387 4922 3542 4992 ἡμῶν
3562 4919 3602 4986 ),
3628 4919 3742 4981 πῶς
3770 4918 3831 4970 οὗ
3857 4935 4033 4986 μακα-

2484 5026 2617 5092 ρίσω
2639 5024 2763 5084 τοὺς
2790 5017 3240 5086 τετελευτηκότας
3266 5014 3406 5082 ὑπὲρ
3429 5013 3557 5082 ἐμέ;
3586 5009 3701 5071 πῶς
3727 5009 3788 5060 οὐ
3815 5009 3878 5060 τὸ
3906 5025 4033 5078 φορ-

2481 5116 2592 5166 τίον
2640 5114 2702 5164 τὸ
2741 5110 2984 5163 ἐπιτεθέν
3037 5125 3147 5178 μοι,
3198 5107 3296 5158 οὐκ
3344 5106 3422 5165 εἰς
3476 5101 3694 5169 ἔλεγχον
3742 5097 3849 5150 τῶν
3887 5098 4033 5166 ἐμῶν

2481 5198 2888 5267 ἁμαρτημάτων
2917 5195 3200 5261 λογίσομαι
3224 5210 3238 5256 ;
3281 5190 3560 5261 ἄνθρωπος
3585 5188 3785 5255 ἄπορος
3803 5224 3819 5248 ,
3856 5186 4028 5254 ἀπρο-

2483 5290 2791 5350 στάτευτος,
2817 5286 2937 5340 οὐδὲ
2963 5285 3052 5338 τὸν
3076 5283 3198 5336 νοῦν
3218 5283 3354 5352 ἔχων
3382 5279 3564 5348 ἀπαθῆ
3596 5272 3697 5350 (οἷς
3725 5277 3873 5338 ἔλεος
3903 5277 4029 5344 μᾶ).-

2481 5379 2590 5439 low,
2627 5379 2725 5432 οὐκ
2759 5377 3126 5445 ἀγανάκτησις
3160 5373 3386 5437 ἕπεται)
3421 5371 3616 5423 ἔπαθεν
3650 5369 3764 5436 ἅμα
3795 5366 4028 5419 τοσαῦτα

2485 5471 2656 5522 κακά·
2691 5470 2922 5540 ἐπράθη,
2957 5467 3179 5537 ἐτύφθη,
3213 5462 3562 5532 ἐφυλακεσθηο
3587 5461 3645 5513 τὸ
3673 5459 4028 5529 ἀπαραμύθη-

2104 5647 2328 5702 νΑΙῖΙΛΞ
2375 5647 2773 5704 [.ECTIONES.

901 5717 980 5756 ⁸-ί
1009 5718 1093 5771 (cr.
1119 5719 1370 5787 ἐμαυτόν.
