4248 6444
313 413 421 475 625

1455 409 1981 471 EPISTOLARUM
2020 409 2249 470 LIBER
2286 412 2334 469 Ι.

3407 414 3515 477 626

310 549 426 593 τον,
470 526 757 595 ἀπετμήθη
802 525 898 595 τὴν
927 524 1194 592 γλῶσσαν,
1216 524 1316 576 καὶ
1356 523 1525 576 ταῦτα
1571 505 1866 593 ἱερωσύνην
1893 526 1983 581 At

1837 505 1866 573 ν
1893 526 1936 581 Α
1965 524 2109 577 tione
2135 523 2291 593 digna
2330 521 2646 591 habeantur)
2672 522 2867 576 multas
2892 523 3047 576 simul
3073 534 3311 594 aggestas
3341 528 3513 578 mise—

314 622 498 692 φορῶν
517 637 531 652 ·
564 620 705 690 ὑπὲρ
731 612 791 671 οὗ
815 617 1073 677 πολλάκις
1100 613 1459 684 ἐπρέσϐευσα,
1490 614 1626 682 ὑπὲρ
1652 607 1711 666 οὗ
1745 612 1869 664 πολ-

310 713 471 774 λάκις
500 708 853 778 ὲδυσὼπησα,
891 706 1029 775 ὑπὲρ
1063 698 1123 758 οὗ
1168 705 1195 755 ὁ
1238 703 1465 773 μάταιος
1509 703 1617 770 ἐγὼ
1648 704 1739 756 καὶ
1771 705 1866 771 ῥή-

316 820 463 872 ματα
507 800 769 861 ἀπαθείας
794 797 1002 859 ἔλασαν,
1027 796 1122 849 καὶ
1143 798 1191 849 οἱ
1221 796 1414 857 ἰδόντες
1447 797 1778 847 ἐπίστανται.
1808 795 1868 847 Εἰ

311 893 372 945 δὲ
422 893 513 944 καὶ
549 890 873 942 ἐπελάθοντο
918 881 1084 950 οὗτοι,
1131 886 1191 938 τὸ
1224 887 1371 938 Θεῖον
1418 885 1517 937 οὐκ
1553 884 1864 937 ἐπελάθετο.

312 985 451 1037 Ποία
494 982 676 1035 λοιπὸν
724 982 877 1044 ἐλπὶς
920 982 1054 1051 πρὸς
1102 980 1171 1033 τὰ
1225 979 1412 1049 ἄδηλα,
1455 980 1542 1031 ὅτε
1588 979 1713 1047 περὶ
1762 977 1869 1030 τῶν

313 1077 564 1145 φανερῶν
598 1077 691 1127 καὶ
726 1075 814 1126 ὑπ’
846 1074 965 1143 ὄψιν
1004 1074 1270 1142 κειμένων
1303 1072 1470 1134 οὕτως
1511 1070 1868 1140 ἀποτυγχάνω

314 1169 411 1217 καὶ
443 1164 835 1233 διαπαίςομαις
871 1163 985 1224 πῶς
1031 1162 1168 1229 ὑπὲρ
1205 1160 1502 1232 ἁμαρτιῶν,
1537 1160 1629 1212 καὶ
1682 1160 1865 1229 ὑμῶν,

318 1255 414 1308 καὶ
439 1254 532 1307 τοῦ
562 1254 711 1319 λαοῦ,
740 1253 1079 1324 πρεσϐεύσας
1099 1252 1431 1322 ἐξιλάσομαι,
1460 1253 1548 1305 ὅτε
1576 1252 1708 1321 πρὸς
1729 1251 1871 1321 ὑμᾶς

318 1350 460 1418 ὑπὲρ
503 1348 617 1409 ἐνὸς
651 1345 989 1415 πρεσϐεύσας
1021 1344 1191 1406 οὕτως
1224 1344 1478 1407 ὲξὲπεσα,
1507 1341 1650 1397 οὔτω
1696 1360 1866 1412 παρε-

319 1438 628 1507 κρούσθην;
653 1436 839 1488 Ταῦτα
861 1434 1109 1505 δακρύων
1140 1436 1329 1504 αἱματι
1359 1433 1594 1503 ἔγραψα·
1618 1436 1676 1485 ὲν
1704 1434 1785 1484 σοὶ
1812 1431 1871 1485 δέ

319 1532 437 1581 ὲστι
469 1531 528 1581 τὸ
552 1529 756 1591 λοιπὸν,
784 1528 817 1596 ἢ
862 1526 1102 1596 πρώτην,
1150 1526 1183 1595 ἢ
1217 1526 1527 1579 τελευταίαν
1585 1524 1738 1593 τήνδε
1772 1524 1872 1590 τὴν

320 1618 607 1687 επιστολὴν
637 1617 909 1680 δέξασθαι.
952 1614 1093 1682 Ἐγὼ
1121 1615 1226 1683 γὰρ
1258 1614 1374 1666 κατ’
1404 1613 1631 1667 ἐνώπιον
1665 1612 1869 1682 Κυρίου

320 1708 491 1775 λέγω,
516 1708 591 1770 ὡς
620 1711 666 1760 εἰ
692 1707 861 1769 οὕτως
880 1710 1024 1759 ἐστὶν
1047 1708 1172 1775 ὑμῖν
1194 1706 1391 1767 σκοπὸς
1414 1708 1471 1757 ὲν
1492 1707 1613 1766 ταῖς
1634 1705 1871 1770 εὐλόγοις

332 1800 365 1866 ἠ
375 1798 488 1867 μῶν
506 1797 725 1859 ἱκεσίαις
756 1799 846 1848 καὶ
860 1815 931 1848 πα
939 1796 1258 1865 ρακλήσεσιν
1275 1794 1709 1864 παρακρούεσθαι
1726 1793 1871 1862 ἡμᾶς

324 1890 417 1941 καὶ
454 1888 892 1956 ἀποπέμπεσθαι·
923 1889 1015 1939 καὶ
1040 1888 1090 1939 εί
1117 1888 1191 1957 μή
1224 1903 1305 1948 τις
1339 1888 1562 1954 γένηται
1599 1885 1676 1955 τῷ
1706 1885 1873 1955 ἀθλίῳ

326 1980 518 2048 ἐκείνῳ
536 1979 623 2031 τὸν
636 1979 853 2030 δυνατὸν
870 1982 1068 2046 τρόπον
1086 1976 1382 2045 παραψυχὴ
1396 1977 1489 2029 καὶ
1513 1977 1875 2045 παράκλησις,

327 2070 449 2123 οὔτε
468 2088 499 2137 γ
508 2071 680 2140 ράψω,
701 2069 820 2121 οὔτε
834 2068 1004 2131 ἄλλως
1024 2086 1138 2129 πως
1155 2069 1445 2137 ἐνοχλήσω,
1468 2068 1580 2119 ἀλλ’
1599 2067 1873 2136 ήσυχάσω,

329 2163 561 2231 ἐμαυτὸν
595 2161 925 2224 ἐπισκοπῶν,
958 2160 1052 2212 καὶ
1076 2159 1143 2211 τά
1180 2158 1413 2228 ἐμαυτοῦ
1441 2158 1778 2229 ὀδυρόμενος.
1816 2158 1877 2210 Εἰ

326 2256 436 2322 γάρ
473 2254 606 2323 μετά
637 2253 743 2305 τῶν
772 2251 1168 2323 καθημερινῶν,
1199 2251 1306 2303 τῶν
1349 2250 1544 2313 ἔξωθεν
1584 2252 1715 2317 ἡμῖν
1747 2250 1876 2301 ἀνα-

330 2346 664 2415 φυσωμένων
717 2346 1037 2415 πειρασμῶν
1078 2346 1169 2397 καὶ
1204 2344 1610 2412 περιστάσεων,
1646 2344 1739 2394 καὶ
1779 2342 1876 2411 τὴν

330 2436 518 2489 ἀθλίαν
576 2453 674 2503 μου
728 2434 1113 2503 προσαπολέσω
1162 2430 1373 2499 ψυχὴν,
1435 2426 1755 2497 ἀθλιώτερος
1810 2426 1875 2479 ἂν

331 2529 445 2598 είήν
476 2528 687 2579 πάντων
716 2525 1034 2595 άνθρωπων.

1971 619 2078 671 rias
2122 617 2342 685 pertulit
2382 634 2395 671 :
2443 616 2711 680 venditus,
2747 624 2801 670 et
2825 616 3138 670 verberibus
3183 630 3351 670 caesus
3411 628 3513 681 est,

1971 709 2022 760 in
2053 723 2321 762 carcerem
2355 708 2571 762 demum
2595 709 2889 776 coniectus.
2928 716 3001 768 et,
3028 708 3166 776 quod
3189 709 3395 762 nullum
3429 726 3514 763 so-

1969 796 2153 849 latium
2175 796 2429 858 admittit,
2454 795 2628 863 lingua
2694 796 2766 849 illi
2800 794 3234 861 exscindebatur,
3267 799 3515 866 quodque

1968 886 2138 956 magis
2174 896 2255 941 est
2299 887 2596 955 indignum,
2625 903 2745 941 cum
2785 887 3035 941 sacerdos
3061 896 3245 952 esset;
3278 904 3374 957 pro
3426 889 3515 942 illo

1972 978 2166 1046 saepius
2219 978 2517 1038 intercessi.
2556 977 2748 1045 salpius
2780 978 2998 1032 adhibui
3034 993 3239 1046 preces,
3274 980 3325 1032 in
3359 981 3516 1048 cujus

1971 1084 2127 1123 causa
2165 1070 2323 1124 verba
2359 1079 2567 1125 tantum
2590 1068 2770 1138 accepi
2819 1084 2915 1137 ego
2956 1086 3125 1124 vanus
3170 1070 3286 1123 sine
3315 1071 3517 1124 condo-

1976 1159 2155 1213 lentize
2207 1175 2392 1222 sensu,
2423 1158 2564 1227 quod
2616 1158 2858 1212 videntes
2902 1158 3287 1228 intelligebant.
3320 1158 3421 1223 Qui
3474 1161 3519 1213 si

1974 1250 2167 1304 horum
2202 1250 2349 1303 obliti
2384 1251 2513 1315 sint,
2562 1260 2617 1304 at
2670 1264 2776 1303 non
2804 1250 3044 1304 divinum
3084 1251 3292 1303 Numen
3325 1250 3517 1304 oblivi-

1975 1352 2173 1396 scetur.
2204 1343 2336 1396 Cum
2383 1342 2437 1395 in
2470 1342 2633 1395 rebus
2662 1350 2767 1395 tam
2802 1340 3097 1409 perspicuis
3125 1351 3179 1395 et
3208 1342 3308 1395 sub
3336 1342 3520 1395 oculos

1972 1434 2159 1502 positis
2191 1434 2263 1487 ita
2289 1448 2383 1502 spe
2406 1433 2627 1501 dejiciar
2646 1472 2661 1495 ,
2686 1443 2739 1487 et
2769 1433 2897 1486 risui
2955 1449 3226 1502 exponat,
3258 1449 3376 1503 quae
3435 1450 3520 1487 rc-

1972 1524 2093 1578 licta
2122 1526 2226 1578 erit
2255 1539 2377 1593 spes
2411 1524 2545 1577 mihi
2580 1524 2645 1578 de
2676 1523 2941 1578 incertis?
2969 1524 3247 1589 Quomodo
3271 1542 3367 1594 pro
3396 1543 3521 1595 pec-

1974 1612 2108 1666 catis
2130 1621 2185 1665 et
2209 1614 2403 1666 vestris
2429 1622 2482 1667 et
2506 1613 2688 1681 populi
2713 1612 3060 1676 intercedam,
3081 1625 3133 1668 et
3156 1615 3241 1667 illa
3271 1616 3517 1684 expiabo,

1974 1718 2093 1755 cum
2129 1718 2228 1771 pro
2266 1704 2350 1756 vel
2379 1720 2490 1756 uno
2512 1704 2652 1772 apud
2707 1716 2760 1757 te
2800 1704 3154 1768 intercedens,
3190 1707 3323 1759 adeo
3374 1708 3518 1759 exci-

1975 1794 2147 1848 derim
2197 1797 2619 1864 exspectatione,
2678 1796 2810 1849 adeo
2856 1795 3046 1849 fuerim
3097 1796 3522 1864 deceptus?lsta

1976 1887 2189 1955 quidem
2221 1887 2519 1957 lacrymans
2553 1903 2674 1941 cum
2702 1889 2956 1958 sanguine
3007 1888 3240 1942 exaravi.
3274 1888 3447 1942 Penes
3471 1899 3521 1943 te

1975 1987 2057 2031 est
2086 1978 2339 2047 deinceps
2391 1988 2449 2032 ut
2480 1980 2618 2033 hanc
2661 1980 2745 2033 vel
2799 1981 3024 2048 primam
3064 1982 3145 2034 vel
3198 1993 3522 2050 postremam

1976 2069 2253 2136 epistolam
2285 2084 2315 2121 a
2344 2083 2428 2122 me
2477 2068 2697 2123 habeas.
2743 2070 2963 2125 Domino
3001 2073 3197 2125 etenim
3245 2082 3379 2125 teste
3425 2072 3522 2124 de-

1977 2159 2187 2224 nuntio,
2217 2160 2355 2228 quod
2384 2162 2429 2214 si
2462 2160 2514 2214 id
2561 2161 2656 2214 tibi
2714 2163 3047 2230 propositum
3081 2165 3151 2217 sit
3186 2174 3243 2217 ut
3272 2166 3525 2231 deceptos

1977 2264 2078 2302 nos
2112 2250 2324 2319 ableges
2354 2260 2405 2304 et
2440 2260 2807 2321 contemptos,
2833 2254 2920 2306 ubi
2950 2263 3051 2306 tam
3081 2255 3421 2309 rationabiles
3446 2258 3520 2309 ol-

1978 2339 2199 2395 ferimus
2220 2343 2568 2411 supplicando
2601 2344 3016 2410 admonitiones,
3041 2347 3111 2399 ita
3144 2357 3220 2407 ut,
3253 2364 3373 2400 cum
3402 2364 3525 2415 pos-

1977 2432 2046 2485 sit
2088 2432 2200 2486 ficri
2254 2450 2362 2487 non
2421 2435 2731 2498 diﬂiculter,
2790 2437 2956 2490 miser
3004 2438 3089 2491 ille
3142 2439 3338 2491 nullam
3376 2440 3527 2491 inve-

1976 2521 2116 2574 nerit
2136 2524 2553 2578 consolationem
2578 2534 2669 2579 aut
2699 2526 3168 2581 refocillamentum
3196 2546 3526 2599 nequaquam

331 2625 583 2691 deinceps
602 2624 947 2691 scripturum,
975 2630 1065 2673 aut
1087 2618 1383 2672 molestiam
1409 2616 1499 2669 tibi
1528 2615 1951 2671 creaturum.sed
1974 2617 2133 2670 rebus
2164 2620 2296 2672 meis
2325 2620 2628 2684 consulens,
2648 2632 2701 2675 et
2724 2638 2896 2676 meam
2922 2625 3089 2677 vicem
3106 2625 3406 2695 deplorans,
3428 2630 3526 2682 ob-

334 2726 650 2769 mutescam.
690 2715 743 2765 Si
768 2715 911 2765 enim
931 2720 1049 2780 post
1073 2711 1409 2779 quotidianas
1437 2708 1553 2761 illas
1577 2723 1695 2775 qua:
1731 2722 1761 2759 a
1790 2706 1923 2760 foris
1944 2708 2252 2775 quotidiein
2284 2725 2368 2762 me
2398 2711 2736 2765 concitantur
2773 2715 3095 2769 tentationes
3128 2726 3179 2771 et
3218 2720 3529 2788 exigentias,

336 2811 562 2863 miseras
585 2824 799 2877 quoque
824 2808 1056 2859 animam
1088 2820 1261 2858 meam
1293 2804 1348 2857 in
1384 2819 1447 2857 eo
1486 2804 1585 2856 sim
1604 2812 1665 2855 ut
1687 2801 2011 2868 disperdam,
2033 2804 2170 2857 ultra
2195 2819 2384 2858 omnes
2409 2808 2662 2860 mortales
2692 2809 3147 2877 deploratissimus
3175 2828 3369 2869 essem.

935 2896 1159 2949 ΕΠΙΣΤ.
1193 2896 1265 2948 Ζ’.

854 2987 1051 3055 Βιίρδᾳ
1093 2988 1360 3052 Καίσαρι.

2550 2896 2765 2953 EPIST.
2796 2900 2911 2953 VII.

2519 2985 2712 3041 Bardte
2737 2988 2951 3043 Caesari.

1424 3073 1559 3123 Edita
1582 3088 1606 3120 a
1629 3073 1920 3122 Montacutio
1945 3075 2001 3137 (l.
2026 3086 2068 3123 c.
2095 3085 2175 3136 ep.
2198 3075 2245 3134 8,
2270 3089 2317 3135 p.
2339 3076 2438 3137 71).

406 3160 675 3229 Χαίρομεν
722 3159 1165 3227 επηρεαζόμενοιο
1198 3158 1467 3226 άλγοῦμεν
1496 3157 1584 3217 δὲ,
1634 3159 1714 3209 ὅτι
1756 3158 1878 3217 τοὺς
1905 3160 1949 3219 C
2049 3156 2083 3210 C

1856 3174 1878 3217 ;
1905 3160 1949 3219 ί]
2049 3156 2399 3211 Contumeliis
2437 3159 2615 3212 aﬂ'ecti
2646 3161 2971 3230 gaudemus;
3006 3180 3143 3234 :egre
3172 3175 3374 3222 tantum
3408 3170 3533 3225 feri-

337 3251 735 3321 ἐπηρεάζοντας
778 3252 916 3318 ὑμᾶς
957 3250 1177 3319 ἔχομεν,
1211 3249 1336 3317 παρ’
1375 3243 1446 3299 ὧν
1473 3250 1601 3317 ἡμῖν
1628 3248 1721 3299 καὶ
1751 3264 1886 3316 προ-

340 3344 561 3404 στασίας
606 3342 811 3403 ἐλπίδες
837 3383 851 3405 ,
901 3342 1069 3393 ἄλλων
1102 3340 1229 3401 ἴσως
1274 3338 1691 3406 ἐπιτιθεμένων,
1734 3338 1886 3404 ὲκρέ-

341 3454 527 3505 μαντο,
558 3435 649 3486 καὶ
680 3436 737 3484 τὸ
772 3432 1065 3501 βαρύτατον
1086 3472 1099 3493 ,
1128 3433 1207 3483 ὅτι
1238 3430 1396 3483 ἄδικα
1425 3429 1736 3497 πάσχοντες,
1774 3428 1885 3479 ἀδι-

340 3529 454 3577 κεῖν
489 3524 876 3592 ἐγκαλούμεθα·
913 3524 1003 3574 καὶ
1050 3523 1230 3582 δόλους
1265 3523 1487 3591 ῥάπτειν
1532 3518 1881 3587 γραφόμεθα,

339 3619 426 3684 ὑφ’
449 3611 523 3669 ὧν
548 3618 698 3668 αὐτοὶ
726 3616 946 3674 πολλοὺς
971 3615 1088 3665 καθ’
1117 3615 1347 3681 εκάστην
1378 3613 1733 3681 ὑπομένομεν.
1768 3614 1884 3665 Χά-

343 3726 423 3777 ρις
455 3704 567 3769 οὖν,
588 3710 797 3759 πάντων
821 3708 1000 3769 ἕνεκα,
1021 3705 1094 3774 τῷ
1117 3708 1326 3775 Σωτῆρι
1353 3704 1506 3774 ἡμῶν
1535 3704 1669 3773 Θεῷ.
1701 3706 1809 3758 Καὶ
1834 3705 1883 3756 εί

343 3799 418 3866 μὴ
446 3798 534 3849 τὸν
579 3798 815 3865 παρόντα
866 3798 975 3865 βίον
1020 3800 1366 3867 πειρατήριον
1396 3797 1645 3867 ᾔδειμεν,
1685 3797 1885 3867 σφόδρα

341 3888 408 3940 ἂν
434 3890 525 3940 ἐπὶ
554 3892 661 3951 τοῖς
695 3889 1090 3957 συμϐεϐηκόσιν
1120 3889 1616 3957 άπωλοφυράμεθα.
1644 3888 1715 3939 Σὺ
1740 3889 1816 3953 δὲ,
1836 3888 1884 3938 εί

344 3984 417 4051 μή
449 4000 500 4034 τι
547 3984 673 4035 ἄλλο
704 3984 809 4034 τῶν
847 3984 1086 4035 παλαιῶν
1124 3982 1581 4050 παραδειγμάτων
1626 3980 1717 4031 ἐπὶ
1760 3978 1884 4030 νοῦν

341 4072 624 4124 ἀναλαϐεῖν
649 4073 873 4137 ἐθέλοις,
912 4074 1046 4125 ἀλλὰ
1080 4074 1170 4125 τόν
1191 4090 1252 4139 γε
1303 4072 1540 4141 Ἡρώδου
1580 4067 1755 4132 οἷκον,
1791 4069 1885 4121 καὶ

339 4165 464 4225 τοὺς
521 4165 868 4233 Ἀντιπάτρου
922 4167 1148 4231 τρόπους
1198 4166 1512 4216 ἐπισκοπεῖν
1554 4161 1882 4229 διανάστηθι.

342 4252 549 4315 Ὅπως,
580 4253 607 4301 ὀ
639 4254 735 4322 μὲν
763 4253 978 4317 πολλαῖς
998 4257 1259 4321 μηχαναῖς
1282 4254 1370 4304 τὸν
1397 4253 1583 4322 ἄνδρα,
1610 4253 1780 4304 καίτοι
1823 4267 1884 4318 γε

344 4342 435 4392 καὶ
466 4342 717 4410 ἀγχίνουν
745 4342 891 4407 ὄντα,
929 4348 1065 4395 κατά
1096 4344 1199 4394 τῶν
1237 4345 1526 4411 φιλτάτων,
1562 4344 1849 4415 περιῆλθεν
1870 4359 1882 4372 ’

342 4431 370 4480 ὁ
415 4431 469 4481 δὲ
504 4434 613 4492 τοῖς
648 4430 842 4495 ἔξωθεν
878 4434 1010 4483 πᾶσι
1044 4433 1462 4501 περιρρεόμενος
1513 4433 1763 4500 ἀγαθοῖς,
1795 4434 1886 4485 καὶ

1989 3264 2106 3301 mus
2145 3251 2286 3317 quod
2320 3259 2377 3303 tu
2421 3252 2525 3305 seis
2564 3254 2651 3320 qui
2692 3254 2768 3307 sic
2825 3255 3007 3321 allicis,
3047 3273 3167 3326 spes
3216 3272 3332 3314 erat
3371 3274 3459 3327 ut,
3490 3265 3537 3318 si

1988 3337 2108 3403 quis
2162 3337 2297 3390 alius
2325 3353 2421 3391 nos
2466 3340 2866 3407 aggrederetur,
2898 3352 3009 3397 tute
3042 3354 3093 3397 te
3145 3358 3426 3414 patronum
3457 3352 3538 3404 in—

1988 3436 2319 3495 terponeres.
2356 3430 2546 3485 Adhuc
2579 3434 2744 3502 magis
2772 3451 2911 3505 zegre
2950 3447 3028 3490 est
3056 3441 3215 3506 quod,
3250 3459 3369 3495 eum
3396 3444 3539 3511 inju-

1988 3530 2066 3573 ste
2089 3522 2335 3589 patimur,
2367 3524 2616 3590 iniuriam
2649 3535 2823 3578 tamen
2848 3528 3075 3582 dicimur
3123 3532 3359 3599 inferre;
3390 3537 3538 3589 dolos

1986 3627 2286 3677 censuere;
2327 3622 2380 3665 et
2419 3614 2489 3665 illi
2532 3615 2631 3668 hoc
2668 3617 2937 3678 scribunt,
2983 3620 3071 3687 qui
3126 3638 3223 3675 nos
3294 3627 3529 3681 multifa-

1988 3702 2121 3755 riam
2149 3704 2390 3770 quotidie
2421 3704 2558 3758 dolis
2616 3715 2825 3774 petunt.
2871 3709 2946 3761 De
3015 3713 3223 3766 cunctis
3265 3714 3536 3771 Servatori

1987 3790 2095 3843 Deo
2131 3793 2322 3861 gratias
2359 3794 2584 3862 agimus.
2636 3798 2789 3861 Quod
2844 3800 2886 3851 si
2931 3812 3109 3855 autem
3180 3806 3317 3858 hanc
3372 3809 3536 3861 vitam

1988 3900 2094 3936 non
2154 3885 2525 3953 profiterentur
2586 3891 2949 3954 tentatorium,
3005 3906 3148 3947 certe
3210 3913 3328 3965 qua:
3379 3901 3535 3955 nobis

1986 3976 2233 4028 accidunt
2273 3978 2621 4032 vehementer
2670 3981 2992 4036 doleremus.
3043 3985 3120 4039 'l'u
3172 3998 3374 4053 autem,
3414 3993 3458 4045 si
3505 4009 3534 4047 ε

1988 4076 2193 4119 vetusta
2252 4068 2505 4120 memoria
2554 4070 2757 4123 nullum
2787 4072 2929 4125 aliud
2963 4078 3264 4144 exemplum
3298 4085 3532 4137 recolere

1989 4158 2240 4221 volueris,
2291 4168 2469 4212 tamen
2517 4163 2687 4215 excita
2756 4172 2917 4217 temet
2959 4176 3015 4219 ut
3056 4171 3257 4223 recolas
3310 4173 3532 4227 Herodis

1988 4250 2222 4311 domum,
2258 4259 2309 4302 et
2357 4251 2618 4319 Antipatri
2665 4269 2841 4309 mores
2874 4274 2885 4307 :
2914 4256 3190 4321 Quomodo
3234 4263 3528 4331 Antipater,

1987 4342 2179 4404 virum,
2211 4351 2479 4410 utcunque
2507 4344 2776 4409 solerlem,
2808 4358 2992 4401 contra
3022 4351 3374 4407 amicissimos
3398 4372 3530 4409 eon-

1992 4432 2192 4495 citarit,
2225 4432 2403 4485 multis
2445 4434 2868 4488 circumventum
2921 4441 3388 4498 machinamentis.
3424 4447 3529 4501 lle—

344 4520 727 4588 εύτυχέστατος
757 4517 893 4574 εἶναι
923 4523 1192 4591 νομισθεὶς
1213 4563 1229 4584 ,
1264 4524 1682 4592 δυστυχέστατός
1710 4541 1764 4575 τε
1794 4524 1886 4575 καὶ
1913 4499 1961 4556 D
1990 4538 2021 4573 ri

1854 4524 1886 4575 ιὶ
1913 4499 1961 4556 Ῐ)
1990 4524 2143 4575 rodes
2185 4538 2302 4575 cum
2360 4524 2597 4577 externis
2648 4524 2802 4579 bonis
2856 4530 3103 4584 omnibus
3147 4532 3430 4598 difﬂueret,
3478 4546 3531 4589 et

344 4611 669 4674 ἀθλιώτατος
702 4614 957 4680 γέγονεν*
989 4615 1068 4667 ὃτι
1103 4615 1280 4684 φθόνῳ
1327 4618 1417 4667 καὶ
1447 4616 1715 4677 διαϐολαῖς
1757 4617 1888 4667 ἁνα-

342 4702 583 4762 πετάσας
613 4703 679 4752 τά
709 4695 842 4766 ὦτα,
881 4704 1068 4769 γένους
1102 4705 1216 4769 ἃμα
1255 4707 1344 4756 καὶ
1378 4704 1573 4770 φίλων,
1606 4707 1695 4756 καὶ
1722 4705 1889 4773 αὐτῆς

342 4790 525 4857 γονῆς,
560 4790 648 4841 τὸν
681 4788 826 4842 οἷκον
871 4792 1073 4861 ἔρημον
1106 4792 1324 4858 ἔδειξεν.
1365 4794 1428 4846 Εἴ
1462 4811 1515 4845 τι
1557 4789 1649 4846 οὖν
1685 4812 1765 4846 σοι
1797 4794 1889 4845 καὶ⁵

343 4882 502 4949 ἡμεῖς
536 4882 590 4930 ὲν
621 4880 787 4947 φίλων
829 4882 919 4932 καὶ
942 4882 1152 4935 οἰκείων
1180 4885 1324 4946 τάξει
1365 4885 1748 4953 λελογίσμεθα,
1789 4885 1891 4954 ὅρα

347 4973 553 5039 μήποτε
584 4974 695 5033 τοῖς
723 4975 1078 5039 συκοφάνταις
1102 4975 1291 5025 ἑαυτὸν
1320 4976 1572 5045 χειροήθη
1608 4992 1889 5044 παραστη-

346 5066 605 5131 σάμενος,
650 5065 738 5113 τὸν
771 5066 859 5114 σὸν
892 5058 1037 5115 οἷκον
1070 5066 1236 5132 φίλων
1266 5067 1358 5117 καὶ
1388 5067 1730 5118 οἰκειοτάτων
1773 5066 1889 5130 ἐξε-

345 5155 640 5225 ρημώσεις.
677 5157 737 5208 ΕΞ
788 5157 842 5209 δέ
885 5158 966 5219 τίς
996 5159 1109 5209 ἐστι
1157 5159 1247 5209 καὶ
1288 5159 1440 5228 δίκης
1491 5159 1763 5227 ὀφθαλμὸς
1807 5160 1890 5208 ὲν-

338 5248 535 5310 ταῦθα,
589 5250 663 5318 μὴ
722 5250 904 5319 νόμισε
950 5250 1136 5301 τοῦτον
1187 5251 1477 5313 διαπαντὸς
1517 5252 1885 5320 καθευδήσων

341 5341 485 5407 ἡμᾶς
522 5339 577 5391 δὲ
610 5340 835 5409 πάσχειν
860 5341 1054 5403 ἀδίκως
1089 5343 1181 5394 καὶ
1209 5342 1277 5393 τά
1308 5341 1507 5409 ἔσχατα
1547 5360 1885 5413 παρεσκευα-

343 5432 591 5499 σμένους,
621 5434 679 5484 ού
717 5433 828 5495 νῦν,
860 5432 992 5485 ἀλλά
1027 5450 1089 5499 γε
1131 5438 1223 5485 καὶ
1253 5433 1435 5495 πάλαι,
1472 5437 1580 5495 τοῖς
1609 5433 1768 5495 θείοις
1795 5436 1880 5485 ὲν-

339 5524 661 5589 τραφὲντας,
697 5522 823 5585 ίσθι,
858 5524 1239 5593 πφστάγμασι
1260 5540 1272 5551 ·
1300 5523 1391 5575 καὶ
1420 5524 1577 5593 χάριν
1606 5524 1884 5592 ὁμολογεῖν

342 5612 559 5677 εἰδέναι,
589 5614 640 5665 εί
666 5632 746 5675 τις
780 5615 907 5682 ἡμῖν
939 5615 1340 5682 ἐπιτομωτέραν
1384 5618 1517 5683 πρὸς
1548 5614 1644 5682 τὴν
1678 5615 1884 5667 ἐκεῖθεν

344 5704 614 5756 πολιτείαν
648 5706 743 5773 τὴν
773 5705 992 5773 πορείαν
1027 5705 1427 5757 συσκευάσοιτο.

1986 4612 2321 4664 beatissimus
2352 4611 2666 4673 habebatur,
2697 4613 3101 4671 infelicissimus
3126 4620 3402 4675 exstititet
3426 4624 3529 4675 mi-

1986 4703 2267 4763 serrimus;
2328 4704 2540 4756 invidia:
2580 4703 2836 4772 siquidem
2874 4715 2927 4759 et
2966 4708 3243 4763 calumniis
3260 4713 3531 4779 patefactis

1988 4794 2226 4851 auribus.
2257 4792 2473 4846 domum
2501 4794 2769 4862 progenie,
2821 4796 3021 4858 amicis,
3073 4797 3251 4851 liberis
3274 4804 3531 4855 vacuarit.

1990 4885 2137 4949 Quod
2174 4885 2349 4937 sinos
2405 4886 2456 4936 in
2508 4886 2687 4952 aliquo
2737 4888 3028 4939 amicorum
3084 4904 3144 4943 ac
3194 4890 3533 4947 familiarium

1998 4976 2183 5028 ordine
2210 4991 2553 5040 annumeras,
2592 4976 2733 5035 vide.
2768 4993 2968 5045 qua-so,
3024 4994 3091 5031 ne
3136 4990 3186 5033 te
3230 4983 3531 5037 committas

1996 5067 2500 5120 circumducendum
2543 5069 2902 5137 sycophantis,
2956 5078 3112 5139 atque
3146 5072 3216 5126 ita
3254 5084 3370 5128 tuas
3394 5078 3535 5129 ardes

1996 5173 2206 5226 quoque
2261 5158 2512 5226 spoliatas
2585 5160 2772 5211 amicis
2825 5169 2877 5211 et
2918 5159 3265 5217 familiaribus
3324 5167 3533 5219 reddas.

1998 5250 2148 5313 Quod
2175 5251 2218 5301 si
2238 5249 2426 5302 oculus
2457 5250 2615 5302 rebus
2643 5250 3074 5305 nostrisintersit
3094 5255 3335 5322 justitize,
3367 5259 3535 5311 nolito

1998 5349 2185 5407 putare
2229 5348 2487 5406 perpetuo
2522 5338 2669 5391 illum
2700 5354 2890 5394 somno
2912 5343 3143 5411 sopitum
3188 5364 3199 5398 :
3231 5362 3294 5400 ea
3320 5364 3419 5403 nos
3443 5365 3537 5403 au—

1998 5440 2124 5493 tem,
2157 5444 2261 5481 non
2293 5444 2437 5481 nunc
2471 5430 2723 5497 primum,
2784 5431 2877 5483 sed
2928 5432 3039 5500 jam
3082 5436 3284 5503 pridem
3341 5439 3539 5508 injuste

1991 5520 2071 5572 vel
2104 5529 2339 5573 extrema
2368 5522 2472 5588 pati
2505 5529 2733 5587 paratos,
2767 5533 2947 5591 utpote
2999 5526 3192 5583 divinis
3250 5530 3540 5589 innutritos

1992 5607 2292 5675 praeceptis,
2314 5609 2790 5675 cognoscas.Certe
2806 5613 2998 5679 gratias
3020 5614 3091 5665 illi
3106 5617 3334 5672 habituri
3355 5638 3540 5677 sumus

1994 5699 2080 5767 qui
2109 5700 2245 5750 viam
2263 5698 2414 5750 nobis
2430 5699 2655 5751 maxime
2669 5704 3138 5770 compemliariam,
3158 5709 3281 5763 licet
3298 5715 3541 5782 pnecipio

2005 5800 2226 5843 tantem.
2258 5790 2324 5843 ad
2360 5790 2628 5843 (".BICSlC‘m
2656 5796 3029 5851 monstraverit
3054 5805 3537 5861 conversationem.
