  <div class='ocr_page' id='page_1' title='image "/cluster/home/n/w/nwhite01/storage/ocr_20150623/102/nnc1.0046979620/323.png"; bbox 0 0 4248 6444; ppageno 0'>
   <div class='ocr_carea' id='block_1_1' title="bbox 814 390 4067 459">
    <p class='ocr_par' dir='ltr' id='par_1_1' title="bbox 814 390 4067 459">
     <span class='ocr_line' id='line_1_1' title="bbox 814 390 4067 459; baseline 0.003 -9"><span class='ocrx_word' id='word_1_1' title='bbox 814 390 916 450; x_wconf 69' lang='lat'><strong>6‘27</strong></span> <span class='ocrx_word' id='word_1_2' title='bbox 1979 394 2236 454; x_wconf 87' lang='lat' dir='ltr'><strong>PHOTIl</strong></span> <span class='ocrx_word' id='word_1_3' title='bbox 2274 395 2775 458; x_wconf 72' lang='lat' dir='ltr'><strong>PATRIARCH/E</strong></span> <span class='ocrx_word' id='word_1_4' title='bbox 2812 399 2921 458; x_wconf 84' lang='lat' dir='ltr'><strong>CP.</strong></span> <span class='ocrx_word' id='word_1_5' title='bbox 3952 397 4067 459; x_wconf 74' lang='lat'><strong>628</strong></span> 
     </span>
    </p>
   </div>
   <div class='ocr_carea' id='block_1_2' title="bbox 1414 501 3091 568">
    <p class='ocr_par' dir='ltr' id='par_1_2' title="bbox 1414 501 3091 568">
     <span class='ocr_line' id='line_1_2' title="bbox 1414 501 3091 568; baseline 0.004 -12"><span class='ocrx_word' id='word_1_6' title='bbox 1414 501 1632 557; x_wconf 80' lang='lat' dir='ltr'><strong>EPIST.</strong></span> <span class='ocrx_word' id='word_1_7' title='bbox 1674 501 1814 558; x_wconf 68' lang='lat' dir='ltr'>VIII.</span> <span class='ocrx_word' id='word_1_8' title='bbox 2407 516 2453 568; x_wconf 76' lang='grc' dir='ltr'>Α</span> <span class='ocrx_word' id='word_1_9' title='bbox 3090 560 3091 563; x_wconf 45' lang='grc' dir='ltr'><strong>η</strong></span> 
     </span>
    </p>
   </div>
   <div class='ocr_carea' id='block_1_3' title="bbox 1753 501 3430 568">
    <p class='ocr_par' dir='ltr' id='par_1_3' title="bbox 1753 504 3430 568">
     <span class='ocr_line' id='line_1_3' title="bbox 1753 504 3430 568; baseline 0.005 -11"><span class='ocrx_word' id='word_1_10' title='bbox 1753 504 1814 558; x_wconf 90' lang='lat' dir='ltr'><strong>ll.</strong></span> <span class='ocrx_word' id='word_1_11' title='bbox 2407 516 2453 568; x_wconf 75' lang='grc' dir='ltr'>Α</span> <span class='ocrx_word' id='word_1_12' title='bbox 3090 513 3310 566; x_wconf 81' lang='grc' dir='ltr'><strong>ΕΠΙΣΤ.</strong></span> <span class='ocrx_word' id='word_1_13' title='bbox 3353 513 3430 566; x_wconf 80' lang='grc' dir='ltr'><strong>Η’.</strong></span> 
     </span>
    </p>
   </div>
   <div class='ocr_carea' id='block_1_4' title="bbox 812 597 2489 674">
    <p class='ocr_par' dir='ltr' id='par_1_4' title="bbox 812 597 2489 674">
     <span class='ocr_line' id='line_1_4' title="bbox 812 597 2489 674; baseline 0.003 -24"><span class='ocrx_word' id='word_1_14' title='bbox 812 597 986 674; x_wconf 69' lang='lat' dir='ltr'><strong>Pliotii</strong></span> <span class='ocrx_word' id='word_1_15' title='bbox 1065 597 1756 674; x_wconf 43' lang='lat' dir='ltr'><strong>sanctissimipatriarcha:</strong></span> <span class='ocrx_word' id='word_1_16' title='bbox 1813 597 2380 674; x_wconf 77' lang='lat' dir='ltr'><strong>Constantinopolitani</strong></span> <span class='ocrx_word' id='word_1_17' title='bbox 2483 623 2489 646; x_wconf 72' lang='grc' dir='ltr'>ε</span> 
     </span>
    </p>
   </div>
   <div class='ocr_carea' id='block_1_5' title="bbox 2388 597 4065 674">
    <p class='ocr_par' dir='ltr' id='par_1_5' title="bbox 2483 603 4065 674">
     <span class='ocr_line' id='line_1_5' title="bbox 2483 603 4065 674; baseline -0.003 -15"><span class='ocrx_word' id='word_1_18' title='bbox 2483 607 2705 659; x_wconf 79' lang='grc' dir='ltr'><strong>Φωτίου</strong></span> <span class='ocrx_word' id='word_1_19' title='bbox 2733 606 2839 658; x_wconf 84' lang='grc' dir='ltr'><strong>τοῦ</strong></span> <span class='ocrx_word' id='word_1_20' title='bbox 2867 604 3188 674; x_wconf 53' lang='grc' dir='ltr'><strong>ἁγιωτάτων</strong></span> <span class='ocrx_word' id='word_1_21' title='bbox 3217 604 3582 673; x_wconf 76' lang='grc' dir='ltr'><strong>πατριάρχου</strong></span> <span class='ocrx_word' id='word_1_22' title='bbox 3609 603 3719 672; x_wconf 81' lang='grc' dir='ltr'><strong>τῆς</strong></span> <span class='ocrx_word' id='word_1_23' title='bbox 3737 607 4065 658; x_wconf 70' lang='grc' dir='ltr'><strong>Κωνσταν-</strong></span> 
     </span>
    </p>
   </div>
   <div class='ocr_carea' id='block_1_6' title="bbox 881 667 2558 743">
    <p class='ocr_par' dir='ltr' id='par_1_6' title="bbox 881 667 2558 743">
     <span class='ocr_line' id='line_1_6' title="bbox 881 667 2558 743; baseline 0.004 -23"><span class='ocrx_word' id='word_1_24' title='bbox 881 668 1117 738; x_wconf 67' lang='grc' dir='ltr'><strong>Ιζγιξειοια</strong></span> <span class='ocrx_word' id='word_1_25' title='bbox 1144 668 1240 743; x_wconf 82' lang='lat' dir='ltr'><strong>_ad_</strong></span> <span class='ocrx_word' id='word_1_26' title='bbox 1287 667 1590 743; x_wconf 53' lang='lat' dir='ltr'><strong>ﬂicﬁaelem</strong></span> <span class='ocrx_word' id='word_1_27' title='bbox 1637 668 1907 738; x_wconf 76' lang='lat' dir='ltr'><strong>Bulgaria:</strong></span> <span class='ocrx_word' id='word_1_28' title='bbox 1947 667 2274 740; x_wconf 74' lang='lat' dir='ltr'><strong>principem;</strong></span> <span class='ocrx_word' id='word_1_29' title='bbox 2317 673 2381 726; x_wconf 86' lang='lat' dir='ltr'><strong>de</strong></span> <span class='ocrx_word' id='word_1_30' title='bbox 2551 698 2558 725; x_wconf 62' lang='grc' dir='ltr'>π</span> 
     </span>
    </p>
   </div>
   <div class='ocr_carea' id='block_1_7' title="bbox 2385 667 4062 743">
    <p class='ocr_par' dir='ltr' id='par_1_7' title="bbox 2551 667 4062 743">
     <span class='ocr_line' id='line_1_7' title="bbox 2551 667 4062 743; baseline -0.002 -14"><span class='ocrx_word' id='word_1_31' title='bbox 2551 667 2949 740; x_wconf 64' lang='grc' dir='ltr'><strong>τιγουπόλεωξ·</strong></span> <span class='ocrx_word' id='word_1_32' title='bbox 3014 676 3082 729; x_wconf 82' lang='grc' dir='ltr'><strong>ἐκ</strong></span> <span class='ocrx_word' id='word_1_33' title='bbox 3120 673 3230 742; x_wconf 84' lang='grc' dir='ltr'><strong>τῆς</strong></span> <span class='ocrx_word' id='word_1_34' title='bbox 3295 667 3444 743; x_wconf 55' lang='grc' dir='ltr'><strong>πρὸξ</strong></span> <span class='ocrx_word' id='word_1_35' title='bbox 3471 667 3717 743; x_wconf 54' lang='lat' dir='ltr'><strong>inquii)</strong></span> <span class='ocrx_word' id='word_1_36' title='bbox 3780 676 3887 726; x_wconf 77' lang='grc' dir='ltr'><strong>τὸν</strong></span> <span class='ocrx_word' id='word_1_37' title='bbox 3945 674 4062 740; x_wconf 83' lang='grc' dir='ltr'><strong>ἅρ-</strong></span> 
     </span>
    </p>
   </div>
   <div class='ocr_carea' id='block_1_8' title="bbox 881 737 4062 814">
    <p class='ocr_par' dir='ltr' id='par_1_8' title="bbox 881 737 4062 814">
     <span class='ocr_line' id='line_1_8' title="bbox 881 737 4062 814; baseline 0 -19"><span class='ocrx_word' id='word_1_38' title='bbox 881 737 1046 810; x_wconf 77' lang='lat' dir='ltr'><strong>o/ﬁcio</strong></span> <span class='ocrx_word' id='word_1_39' title='bbox 1073 737 1322 805; x_wconf 76' lang='lat' dir='ltr'><strong>principis</strong></span> <span class='ocrx_word' id='word_1_40' title='bbox 1352 738 1448 811; x_wconf 83' lang='lat'><strong>(6).</strong></span> <span class='ocrx_word' id='word_1_41' title='bbox 1746 737 1754 738; x_wconf 27' lang='grc' dir='ltr'>ί</span> <span class='ocrx_word' id='word_1_42' title='bbox 1950 737 1957 738; x_wconf 25' lang='grc' dir='ltr'>ί</span> <span class='ocrx_word' id='word_1_43' title='bbox 2121 737 2129 740; x_wconf 55' lang='grc'><strong>⁷</strong></span> <span class='ocrx_word' id='word_1_44' title='bbox 2554 763 2738 814; x_wconf 80' lang='grc' dir='ltr'>χοντα</span> <span class='ocrx_word' id='word_1_45' title='bbox 2795 737 3294 813; x_wconf 61' lang='grc' dir='ltr'><strong>Βουλταρίας”(7)</strong></span> <span class='ocrx_word' id='word_1_46' title='bbox 3333 737 3712 812; x_wconf 55' lang='grc' dir='ltr'><strong>ἓπὶστοάἦξ,</strong></span> <span class='ocrx_word' id='word_1_47' title='bbox 3770 747 3829 799; x_wconf 75' lang='grc' dir='ltr'>τι</span> <span class='ocrx_word' id='word_1_48' title='bbox 3876 737 4062 798; x_wconf 59' lang='grc' dir='ltr'>ἐστὶν</span> 
     </span>
    </p>
   </div>
   <div class='ocr_carea' id='block_1_9' title="bbox 2552 817 3074 885">
    <p class='ocr_par' dir='ltr' id='par_1_9' title="bbox 2552 817 3074 885">
     <span class='ocr_line' id='line_1_9' title="bbox 2552 817 3074 885; baseline 0.002 -16"><span class='ocrx_word' id='word_1_49' title='bbox 2552 819 2728 885; x_wconf 74' lang='grc' dir='ltr'><em>ἔργον</em></span> <span class='ocrx_word' id='word_1_50' title='bbox 2764 817 3074 885; x_wconf 78' lang='grc' dir='ltr'><strong>ἄρχοντος.</strong></span> 
     </span>
    </p>
   </div>
   <div class='ocr_carea' id='block_1_10' title="bbox 903 902 3954 970">
    <p class='ocr_par' dir='ltr' id='par_1_10' title="bbox 903 902 3954 970">
     <span class='ocr_line' id='line_1_10' title="bbox 903 902 3954 970; baseline 0 -16"><span class='ocrx_word' id='word_1_51' title='bbox 903 905 1044 955; x_wconf 85' lang='lat' dir='ltr'><strong>Edita</strong></span> <span class='ocrx_word' id='word_1_52' title='bbox 1065 904 1126 954; x_wconf 90' lang='lat' dir='ltr'><strong>ab</strong></span> <span class='ocrx_word' id='word_1_53' title='bbox 1149 905 1359 953; x_wconf 83' lang='lat' dir='ltr'><strong>Henrico</strong></span> <span class='ocrx_word' id='word_1_54' title='bbox 1382 903 1570 954; x_wconf 87' lang='lat' dir='ltr'><strong>Canisio</strong></span> <span class='ocrx_word' id='word_1_55' title='bbox 1591 902 1770 969; x_wconf 75' lang='lat' dir='ltr'><strong>(Antiq.</strong></span> <span class='ocrx_word' id='word_1_56' title='bbox 1803 903 2016 967; x_wconf 67' lang='lat' dir='ltr'><strong>let-tiam,</strong></span> <span class='ocrx_word' id='word_1_57' title='bbox 2040 912 2078 957; x_wconf 94' lang='lat' dir='ltr'><strong>t.</strong></span> <span class='ocrx_word' id='word_1_58' title='bbox 2104 905 2166 969; x_wconf 89' lang='lat' dir='ltr'><strong>Il,</strong></span> <span class='ocrx_word' id='word_1_59' title='bbox 2190 923 2238 970; x_wconf 92' lang='lat' dir='ltr'><strong>p.</strong></span> <span class='ocrx_word' id='word_1_60' title='bbox 2279 924 2327 967; x_wconf 83' lang='grc' dir='ltr'><strong>ιι,</strong></span> <span class='ocrx_word' id='word_1_61' title='bbox 2351 907 2471 958; x_wconf 94' lang='lat' dir='ltr'><strong>edit.</strong></span> <span class='ocrx_word' id='word_1_62' title='bbox 2511 907 2750 970; x_wconf 82' lang='lat' dir='ltr'><strong>Basnagii.</strong></span> <span class='ocrx_word' id='word_1_63' title='bbox 2796 921 2908 969; x_wconf 75' lang='lat' dir='ltr'><strong>pag.</strong></span> <span class='ocrx_word' id='word_1_64' title='bbox 2933 907 3066 969; x_wconf 76' lang='lat'><strong>382),</strong></span> <span class='ocrx_word' id='word_1_65' title='bbox 3091 909 3143 956; x_wconf 87' lang='lat' dir='ltr'><strong>et</strong></span> <span class='ocrx_word' id='word_1_66' title='bbox 3160 919 3185 954; x_wconf 86' lang='lat' dir='ltr'><strong>a</strong></span> <span class='ocrx_word' id='word_1_67' title='bbox 3217 906 3518 954; x_wconf 75' lang='lat' dir='ltr'><strong>Montacutio</strong></span> <span class='ocrx_word' id='word_1_68' title='bbox 3543 903 3647 967; x_wconf 91' lang='lat' dir='ltr'><strong>(ep.</strong></span> <span class='ocrx_word' id='word_1_69' title='bbox 3672 904 3720 965; x_wconf 82' lang='lat'><strong>1,</strong></span> <span class='ocrx_word' id='word_1_70' title='bbox 3741 918 3851 967; x_wconf 79' lang='lat' dir='ltr'><strong>pag.</strong></span> <span class='ocrx_word' id='word_1_71' title='bbox 3881 904 3954 964; x_wconf 81' lang='grc' dir='ltr'><strong>ι).</strong></span> 
     </span>
    </p>
   </div>
   <div class='ocr_carea' id='block_1_11' title="bbox 884 989 2561 1064">
    <p class='ocr_par' dir='ltr' id='par_1_11' title="bbox 884 989 2561 1058">
     <span class='ocr_line' id='line_1_11' title="bbox 884 989 2561 1058; baseline 0.002 -16"><span class='ocrx_word' id='word_1_72' title='bbox 884 990 936 1043; x_wconf 79' lang='grc'><strong>1.</strong></span> <span class='ocrx_word' id='word_1_73' title='bbox 990 991 1103 1044; x_wconf 86' lang='lat' dir='ltr'><strong>Alia</strong></span> <span class='ocrx_word' id='word_1_74' title='bbox 1149 989 1368 1058; x_wconf 77' lang='lat' dir='ltr'><strong>quidem</strong></span> <span class='ocrx_word' id='word_1_75' title='bbox 1413 989 1575 1048; x_wconf 89' lang='lat' dir='ltr'><strong>dona.</strong></span> <span class='ocrx_word' id='word_1_76' title='bbox 1617 989 1983 1045; x_wconf 89' lang='lat' dir='ltr'><strong>illustrissime</strong></span> <span class='ocrx_word' id='word_1_77' title='bbox 2013 1007 2076 1045; x_wconf 90' lang='lat' dir='ltr'><strong>ac</strong></span> <span class='ocrx_word' id='word_1_78' title='bbox 2105 993 2266 1047; x_wconf 91' lang='lat' dir='ltr'><strong>nobis</strong></span> <span class='ocrx_word' id='word_1_79' title='bbox 2293 994 2374 1048; x_wconf 88' lang='lat' dir='ltr'><strong>di-</strong></span> <span class='ocrx_word' id='word_1_80' title='bbox 2545 1011 2561 1046; x_wconf 76' lang='grc' dir='ltr'><strong>ε</strong></span> 
     </span>
    </p>
   </div>
   <div class='ocr_carea' id='block_1_12' title="bbox 2378 989 4055 1064">
    <p class='ocr_par' dir='ltr' id='par_1_12' title="bbox 2545 991 4055 1064">
     <span class='ocr_line' id='line_1_12' title="bbox 2545 991 4055 1064; baseline -0.004 -18"><span class='ocrx_word' id='word_1_81' title='bbox 2545 993 2614 1047; x_wconf 87' lang='grc' dir='ltr'><strong>α’.</strong></span> <span class='ocrx_word' id='word_1_82' title='bbox 2663 995 2736 1046; x_wconf 74' lang='grc' dir='ltr'><strong>Αἱ·</strong></span> <span class='ocrx_word' id='word_1_83' title='bbox 2780 994 2879 1061; x_wconf 80' lang='grc' dir='ltr'>μὲν</span> <span class='ocrx_word' id='word_1_84' title='bbox 2933 993 3087 1046; x_wconf 79' lang='grc' dir='ltr'>ἄλλαι</span> <span class='ocrx_word' id='word_1_85' title='bbox 3147 995 3404 1064; x_wconf 80' lang='grc' dir='ltr'><strong>χάριτες,</strong></span> <span class='ocrx_word' id='word_1_86' title='bbox 3456 993 3888 1060; x_wconf 77' lang='grc' dir='ltr'>περιφανέστατε</span> <span class='ocrx_word' id='word_1_87' title='bbox 3953 991 4055 1042; x_wconf 77' lang='grc' dir='ltr'><strong>καὶ</strong></span> 
     </span>
    </p>
   </div>
   <div class='ocr_carea' id='block_1_13' title="bbox 815 1077 2492 1156">
    <p class='ocr_par' dir='ltr' id='par_1_13' title="bbox 815 1081 2492 1152">
     <span class='ocr_line' id='line_1_13' title="bbox 815 1081 2492 1152; baseline 0.002 -17"><span class='ocrx_word' id='word_1_88' title='bbox 815 1083 952 1136; x_wconf 88' lang='lat' dir='ltr'><strong>lecte</strong></span> <span class='ocrx_word' id='word_1_89' title='bbox 994 1083 1101 1144; x_wconf 83' lang='lat' dir='ltr'><strong>fili,</strong></span> <span class='ocrx_word' id='word_1_90' title='bbox 1155 1081 1402 1152; x_wconf 76' lang='lat' dir='ltr'><strong>exiguam</strong></span> <span class='ocrx_word' id='word_1_91' title='bbox 1451 1082 1608 1149; x_wconf 85' lang='lat' dir='ltr'><strong>plane</strong></span> <span class='ocrx_word' id='word_1_92' title='bbox 1670 1097 1898 1150; x_wconf 83' lang='lat' dir='ltr'><strong>eamque</strong></span> <span class='ocrx_word' id='word_1_93' title='bbox 1947 1098 2056 1137; x_wconf 91' lang='lat' dir='ltr'><strong>non</strong></span> <span class='ocrx_word' id='word_1_94' title='bbox 2099 1084 2191 1137; x_wconf 93' lang='lat' dir='ltr'><strong>diu</strong></span> <span class='ocrx_word' id='word_1_95' title='bbox 2239 1085 2376 1139; x_wconf 89' lang='lat' dir='ltr'><strong>adeo</strong></span> <span class='ocrx_word' id='word_1_96' title='bbox 2470 1089 2492 1139; x_wconf 84' lang='lat' dir='ltr'><strong>i</strong></span> 
     </span>
    </p>
   </div>
   <div class='ocr_carea' id='block_1_14' title="bbox 2379 1077 4056 1156">
    <p class='ocr_par' dir='ltr' id='par_1_14' title="bbox 2470 1077 4056 1156">
     <span class='ocr_line' id='line_1_14' title="bbox 2470 1077 4056 1156; baseline -0.004 -16"><span class='ocrx_word' id='word_1_97' title='bbox 2470 1085 2796 1156; x_wconf 80' lang='grc' dir='ltr'><strong>ἡγαπημένε</strong></span> <span class='ocrx_word' id='word_1_98' title='bbox 2829 1085 2986 1154; x_wconf 75' lang='grc' dir='ltr'>ήμῶν</span> <span class='ocrx_word' id='word_1_99' title='bbox 3022 1083 3126 1144; x_wconf 85' lang='grc' dir='ltr'><strong>υἱὲ.</strong></span> <span class='ocrx_word' id='word_1_100' title='bbox 3172 1085 3372 1154; x_wconf 71' lang='grc' dir='ltr'>μικρὰς</span> <span class='ocrx_word' id='word_1_101' title='bbox 3400 1084 3495 1138; x_wconf 76' lang='grc' dir='ltr'>καὶ</span> <span class='ocrx_word' id='word_1_102' title='bbox 3525 1082 3916 1152; x_wconf 77' lang='grc' dir='ltr'>προσκαίρους,</span> <span class='ocrx_word' id='word_1_103' title='bbox 3965 1077 4056 1146; x_wconf 75' lang='grc' dir='ltr'>οἷς</span> 
     </span>
    </p>
   </div>
   <div class='ocr_carea' id='block_1_15' title="bbox 814 1176 2491 1249">
    <p class='ocr_par' dir='ltr' id='par_1_15' title="bbox 814 1178 2491 1248">
     <span class='ocr_line' id='line_1_15' title="bbox 814 1178 2491 1248; baseline -0.001 -17"><span class='ocrx_word' id='word_1_104' title='bbox 814 1180 1127 1232; x_wconf 77' lang='lat' dir='ltr'><strong>duraturam</strong></span> <span class='ocrx_word' id='word_1_105' title='bbox 1161 1178 1442 1231; x_wconf 89' lang='lat' dir='ltr'><strong>utilitatem</strong></span> <span class='ocrx_word' id='word_1_106' title='bbox 1472 1179 1536 1230; x_wconf 91' lang='lat' dir='ltr'><strong>iis</strong></span> <span class='ocrx_word' id='word_1_107' title='bbox 1557 1178 1792 1232; x_wconf 89' lang='lat' dir='ltr'><strong>aflerunt</strong></span> <span class='ocrx_word' id='word_1_108' title='bbox 1821 1179 1876 1232; x_wconf 94' lang='lat' dir='ltr'><strong>in</strong></span> <span class='ocrx_word' id='word_1_109' title='bbox 1909 1195 2048 1248; x_wconf 92' lang='lat' dir='ltr'><strong>quos</strong></span> <span class='ocrx_word' id='word_1_110' title='bbox 2081 1181 2374 1236; x_wconf 88' lang='lat' dir='ltr'><strong>conferun-</strong></span> <span class='ocrx_word' id='word_1_111' title='bbox 2479 1198 2491 1230; x_wconf 74' lang='grc' dir='ltr'><strong>τ</strong></span> 
     </span>
    </p>
   </div>
   <div class='ocr_carea' id='block_1_16' title="bbox 2379 1176 4056 1249">
    <p class='ocr_par' dir='ltr' id='par_1_16' title="bbox 2479 1176 4056 1249">
     <span class='ocr_line' id='line_1_16' title="bbox 2479 1176 4056 1249; baseline -0.002 -18"><span class='ocrx_word' id='word_1_112' title='bbox 2479 1181 2873 1249; x_wconf 82' lang='grc' dir='ltr'><strong>προσάγονται,</strong></span> <span class='ocrx_word' id='word_1_113' title='bbox 2929 1177 3027 1238; x_wconf 82' lang='grc' dir='ltr'>τὰς</span> <span class='ocrx_word' id='word_1_114' title='bbox 3074 1177 3340 1243; x_wconf 80' lang='grc' dir='ltr'>ὡφελείας</span> <span class='ocrx_word' id='word_1_115' title='bbox 3399 1177 3763 1248; x_wconf 59' lang='grc' dir='ltr'>παρέχουσιν</span> <span class='ocrx_word' id='word_1_116' title='bbox 3816 1176 3941 1229; x_wconf 84' lang='grc' dir='ltr'>ὅσαι</span> <span class='ocrx_word' id='word_1_117' title='bbox 3991 1176 4056 1228; x_wconf 81' lang='grc' dir='ltr'><strong>δὲ</strong></span> 
     </span>
    </p>
   </div>
   <div class='ocr_carea' id='block_1_17' title="bbox 815 1265 2492 1340">
    <p class='ocr_par' dir='ltr' id='par_1_17' title="bbox 815 1265 2492 1338">
     <span class='ocr_line' id='line_1_17' title="bbox 815 1265 2492 1338; baseline 0.003 -21"><span class='ocrx_word' id='word_1_118' title='bbox 815 1276 922 1318; x_wconf 89' lang='lat' dir='ltr'><strong>tur.</strong></span> <span class='ocrx_word' id='word_1_119' title='bbox 953 1265 1300 1334; x_wconf 66' lang='lat' dir='ltr'><strong>Quaecunque</strong></span> <span class='ocrx_word' id='word_1_120' title='bbox 1337 1281 1464 1320; x_wconf 87' lang='lat' dir='ltr'><strong>vero</strong></span> <span class='ocrx_word' id='word_1_121' title='bbox 1494 1267 1585 1320; x_wconf 89' lang='lat' dir='ltr'><strong>illa</strong></span> <span class='ocrx_word' id='word_1_122' title='bbox 1623 1267 1937 1320; x_wconf 89' lang='lat' dir='ltr'><strong>conditione</strong></span> <span class='ocrx_word' id='word_1_123' title='bbox 1971 1270 2202 1322; x_wconf 85' lang='lat' dir='ltr'><strong>naturali</strong></span> <span class='ocrx_word' id='word_1_124' title='bbox 2232 1286 2373 1338; x_wconf 64' lang='lat' dir='ltr'><strong>praa-</strong></span> <span class='ocrx_word' id='word_1_125' title='bbox 2477 1290 2492 1322; x_wconf 77' lang='grc' dir='ltr'><strong>σι</strong></span> 
     </span>
    </p>
   </div>
   <div class='ocr_carea' id='block_1_18' title="bbox 2380 1265 4057 1340">
    <p class='ocr_par' dir='ltr' id='par_1_18' title="bbox 2477 1267 4057 1340">
     <span class='ocr_line' id='line_1_18' title="bbox 2477 1267 4057 1340; baseline -0.001 -17"><span class='ocrx_word' id='word_1_126' title='bbox 2477 1271 2754 1340; x_wconf 78' lang='grc' dir='ltr'><strong>πεφύκασι</strong></span> <span class='ocrx_word' id='word_1_127' title='bbox 2807 1269 2986 1339; x_wconf 83' lang='grc' dir='ltr'>ψυχὴν</span> <span class='ocrx_word' id='word_1_128' title='bbox 3045 1269 3290 1340; x_wconf 81' lang='grc' dir='ltr'><strong>βελτίονα</strong></span> <span class='ocrx_word' id='word_1_129' title='bbox 3340 1267 3781 1340; x_wconf 74' lang='grc' dir='ltr'><strong>ἀπεργάζεσθαι,</strong></span> <span class='ocrx_word' id='word_1_130' title='bbox 3835 1267 4057 1334; x_wconf 80' lang='grc' dir='ltr'><strong>πλάνης</strong></span> 
     </span>
    </p>
   </div>
   <div class='ocr_carea' id='block_1_19' title="bbox 813 1353 2490 1431">
    <p class='ocr_par' dir='ltr' id='par_1_19' title="bbox 813 1356 2490 1428">
     <span class='ocr_line' id='line_1_19' title="bbox 813 1356 2490 1428; baseline 0.004 -19"><span class='ocrx_word' id='word_1_131' title='bbox 813 1356 922 1410; x_wconf 88' lang='lat' dir='ltr'><strong>dita</strong></span> <span class='ocrx_word' id='word_1_132' title='bbox 957 1367 1102 1421; x_wconf 87' lang='lat' dir='ltr'><strong>sunt,</strong></span> <span class='ocrx_word' id='word_1_133' title='bbox 1130 1368 1188 1410; x_wconf 91' lang='lat' dir='ltr'><strong>ut</strong></span> <span class='ocrx_word' id='word_1_134' title='bbox 1216 1358 1448 1411; x_wconf 86' lang='lat' dir='ltr'><strong>animam</strong></span> <span class='ocrx_word' id='word_1_135' title='bbox 1479 1359 1638 1412; x_wconf 89' lang='lat' dir='ltr'><strong>nobis</strong></span> <span class='ocrx_word' id='word_1_136' title='bbox 1661 1359 1889 1412; x_wconf 89' lang='lat' dir='ltr'><strong>reddant</strong></span> <span class='ocrx_word' id='word_1_137' title='bbox 1919 1360 2216 1423; x_wconf 73' lang='lat' dir='ltr'><strong>meliorem,</strong></span> <span class='ocrx_word' id='word_1_138' title='bbox 2245 1361 2374 1415; x_wconf 92' lang='lat' dir='ltr'><strong>dum</strong></span> <span class='ocrx_word' id='word_1_139' title='bbox 2481 1380 2490 1428; x_wconf 84' lang='grc' dir='ltr'>ι</span> 
     </span>
    </p>
   </div>
   <div class='ocr_carea' id='block_1_20' title="bbox 2379 1353 4056 1431">
    <p class='ocr_par' dir='ltr' id='par_1_20' title="bbox 2481 1353 4056 1431">
     <span class='ocr_line' id='line_1_20' title="bbox 2481 1353 4056 1431; baseline -0.002 -17"><span class='ocrx_word' id='word_1_140' title='bbox 2481 1365 2579 1428; x_wconf 81' lang='grc' dir='ltr'><strong>μὲν</strong></span> <span class='ocrx_word' id='word_1_141' title='bbox 2631 1363 2987 1431; x_wconf 82' lang='grc' dir='ltr'>καθαίρουσαι</span> <span class='ocrx_word' id='word_1_142' title='bbox 3028 1362 3122 1414; x_wconf 71' lang='grc' dir='ltr'><strong>καὶ</strong></span> <span class='ocrx_word' id='word_1_143' title='bbox 3175 1360 3398 1425; x_wconf 81' lang='grc' dir='ltr'>παθῶν,</span> <span class='ocrx_word' id='word_1_144' title='bbox 3439 1362 3536 1430; x_wconf 82' lang='grc' dir='ltr'><strong>τὴν</strong></span> <span class='ocrx_word' id='word_1_145' title='bbox 3587 1359 3782 1430; x_wconf 78' lang='grc' dir='ltr'><strong>αἴγλην</strong></span> <span class='ocrx_word' id='word_1_146' title='bbox 3840 1360 3898 1412; x_wconf 74' lang='grc' dir='ltr'><strong>δὲ</strong></span> <span class='ocrx_word' id='word_1_147' title='bbox 3951 1353 4056 1412; x_wconf 71' lang='grc' dir='ltr'>καὶ</span> 
     </span>
    </p>
   </div>
   <div class='ocr_carea' id='block_1_21' title="bbox 813 1450 2490 1523">
    <p class='ocr_par' dir='ltr' id='par_1_21' title="bbox 813 1450 2490 1522">
     <span class='ocr_line' id='line_1_21' title="bbox 813 1450 2490 1522; baseline 0.002 -19"><span class='ocrx_word' id='word_1_148' title='bbox 813 1450 882 1503; x_wconf 91' lang='lat' dir='ltr'><strong>ab</strong></span> <span class='ocrx_word' id='word_1_149' title='bbox 921 1466 1102 1504; x_wconf 90' lang='lat' dir='ltr'><strong>errore</strong></span> <span class='ocrx_word' id='word_1_150' title='bbox 1145 1460 1199 1504; x_wconf 88' lang='lat' dir='ltr'><strong>et</strong></span> <span class='ocrx_word' id='word_1_151' title='bbox 1228 1452 1407 1520; x_wconf 82' lang='lat' dir='ltr'><strong>pravis</strong></span> <span class='ocrx_word' id='word_1_152' title='bbox 1442 1451 1723 1505; x_wconf 77' lang='lat' dir='ltr'><strong>affectibus</strong></span> <span class='ocrx_word' id='word_1_153' title='bbox 1749 1464 2060 1522; x_wconf 79' lang='lat' dir='ltr'><strong>repurgant,</strong></span> <span class='ocrx_word' id='word_1_154' title='bbox 2095 1453 2216 1508; x_wconf 90' lang='lat' dir='ltr'><strong>luce</strong></span> <span class='ocrx_word' id='word_1_155' title='bbox 2246 1471 2374 1508; x_wconf 91' lang='lat' dir='ltr'><strong>vero</strong></span> <span class='ocrx_word' id='word_1_156' title='bbox 2477 1455 2490 1506; x_wconf 78' lang='lat' dir='ltr'><strong>i</strong></span> 
     </span>
    </p>
   </div>
   <div class='ocr_carea' id='block_1_22' title="bbox 2377 1450 4054 1523">
    <p class='ocr_par' dir='ltr' id='par_1_22' title="bbox 2477 1451 4054 1523">
     <span class='ocr_line' id='line_1_22' title="bbox 2477 1451 4054 1523; baseline -0.003 -16"><span class='ocrx_word' id='word_1_157' title='bbox 2477 1455 2836 1523; x_wconf 83' lang='grc' dir='ltr'><strong>λαμπρότητα</strong></span> <span class='ocrx_word' id='word_1_158' title='bbox 2867 1453 2974 1505; x_wconf 86' lang='grc' dir='ltr'>τῶν</span> <span class='ocrx_word' id='word_1_159' title='bbox 3011 1453 3222 1522; x_wconf 81' lang='grc' dir='ltr'><strong>ἀρετῶν</strong></span> <span class='ocrx_word' id='word_1_160' title='bbox 3262 1453 3353 1505; x_wconf 81' lang='grc' dir='ltr'>καὶ</span> <span class='ocrx_word' id='word_1_161' title='bbox 3391 1453 3486 1516; x_wconf 83' lang='grc' dir='ltr'><strong>τῆς</strong></span> <span class='ocrx_word' id='word_1_162' title='bbox 3519 1453 3776 1520; x_wconf 72' lang='grc' dir='ltr'>ἀληθείας</span> <span class='ocrx_word' id='word_1_163' title='bbox 3815 1451 4054 1518; x_wconf 79' lang='grc' dir='ltr'><strong>διαυγά-</strong></span> 
     </span>
    </p>
   </div>
   <div class='ocr_carea' id='block_1_23' title="bbox 813 1541 2490 1614">
    <p class='ocr_par' dir='ltr' id='par_1_23' title="bbox 813 1543 2490 1612">
     <span class='ocr_line' id='line_1_23' title="bbox 813 1543 2490 1612; baseline 0.003 -18"><span class='ocrx_word' id='word_1_164' title='bbox 813 1552 867 1594; x_wconf 90' lang='lat' dir='ltr'><strong>et</strong></span> <span class='ocrx_word' id='word_1_165' title='bbox 919 1543 1204 1610; x_wconf 85' lang='lat' dir='ltr'><strong>splendore</strong></span> <span class='ocrx_word' id='word_1_166' title='bbox 1252 1544 1507 1597; x_wconf 91' lang='lat' dir='ltr'><strong>virtutum</strong></span> <span class='ocrx_word' id='word_1_167' title='bbox 1570 1545 1846 1612; x_wconf 89' lang='lat' dir='ltr'><strong>ipsiusque</strong></span> <span class='ocrx_word' id='word_1_168' title='bbox 1893 1545 2135 1599; x_wconf 80' lang='lat' dir='ltr'><strong>veritatis</strong></span> <span class='ocrx_word' id='word_1_169' title='bbox 2198 1547 2371 1600; x_wconf 91' lang='lat' dir='ltr'><strong>collu-</strong></span> <span class='ocrx_word' id='word_1_170' title='bbox 2481 1547 2490 1599; x_wconf 74' lang='grc' dir='ltr'><em>ἱ</em></span> 
     </span>
    </p>
   </div>
   <div class='ocr_carea' id='block_1_24' title="bbox 2376 1541 4053 1614">
    <p class='ocr_par' dir='ltr' id='par_1_24' title="bbox 2481 1541 4053 1614">
     <span class='ocr_line' id='line_1_24' title="bbox 2481 1541 4053 1614; baseline -0.003 -15"><span class='ocrx_word' id='word_1_171' title='bbox 2481 1546 2700 1613; x_wconf 83' lang='grc' dir='ltr'>ζουσαι,</span> <span class='ocrx_word' id='word_1_172' title='bbox 2738 1541 2897 1600; x_wconf 73' lang='grc' dir='ltr'>αὗται</span> <span class='ocrx_word' id='word_1_173' title='bbox 2951 1545 3006 1597; x_wconf 76' lang='grc' dir='ltr'><strong>δὲ</strong></span> <span class='ocrx_word' id='word_1_174' title='bbox 3060 1546 3166 1612; x_wconf 82' lang='grc' dir='ltr'><strong>ἄρα</strong></span> <span class='ocrx_word' id='word_1_175' title='bbox 3218 1545 3439 1614; x_wconf 80' lang='grc' dir='ltr'><strong>χάριτές</strong></span> <span class='ocrx_word' id='word_1_176' title='bbox 3484 1546 3652 1607; x_wconf 84' lang='grc' dir='ltr'>εἰσιν,</span> <span class='ocrx_word' id='word_1_177' title='bbox 3682 1545 3756 1606; x_wconf 84' lang='grc' dir='ltr'>ὼς</span> <span class='ocrx_word' id='word_1_178' title='bbox 3788 1543 4053 1613; x_wconf 81' lang='grc' dir='ltr'>ἀληθῶς,</span> 
     </span>
    </p>
   </div>
   <div class='ocr_carea' id='block_1_25' title="bbox 815 1634 2492 1708">
    <p class='ocr_par' dir='ltr' id='par_1_25' title="bbox 815 1634 2492 1708">
     <span class='ocr_line' id='line_1_25' title="bbox 815 1634 2492 1708; baseline 0.005 -25"><span class='ocrx_word' id='word_1_179' title='bbox 815 1641 1008 1691; x_wconf 85' lang='lat' dir='ltr'><strong>strant.</strong></span> <span class='ocrx_word' id='word_1_180' title='bbox 1045 1634 1288 1701; x_wconf 66' lang='lat' dir='ltr'><strong>haacjant</strong></span> <span class='ocrx_word' id='word_1_181' title='bbox 1322 1635 1600 1688; x_wconf 89' lang='lat' dir='ltr'><strong>verissima</strong></span> <span class='ocrx_word' id='word_1_182' title='bbox 1632 1636 1772 1689; x_wconf 89' lang='lat' dir='ltr'><strong>dona</strong></span> <span class='ocrx_word' id='word_1_183' title='bbox 1802 1637 1960 1688; x_wconf 93' lang='lat' dir='ltr'><strong>nobis</strong></span> <span class='ocrx_word' id='word_1_184' title='bbox 1995 1636 2118 1689; x_wconf 88' lang='lat' dir='ltr'><strong>data</strong></span> <span class='ocrx_word' id='word_1_185' title='bbox 2143 1637 2370 1691; x_wconf 91' lang='lat' dir='ltr'><strong>dicenda</strong></span> <span class='ocrx_word' id='word_1_186' title='bbox 2482 1657 2492 1708; x_wconf 74' lang='grc' dir='ltr'>ι</span> 
     </span>
    </p>
   </div>
   <div class='ocr_carea' id='block_1_26' title="bbox 2377 1634 4054 1708">
    <p class='ocr_par' dir='ltr' id='par_1_26' title="bbox 2482 1635 4054 1708">
     <span class='ocr_line' id='line_1_26' title="bbox 2482 1635 4054 1708; baseline -0.003 -18"><span class='ocrx_word' id='word_1_187' title='bbox 2482 1639 2692 1708; x_wconf 82' lang='grc' dir='ltr'>μεγάλα</span> <span class='ocrx_word' id='word_1_188' title='bbox 2747 1637 2910 1706; x_wconf 83' lang='grc' dir='ltr'><strong>κέρδη</strong></span> <span class='ocrx_word' id='word_1_189' title='bbox 2957 1637 3048 1688; x_wconf 80' lang='grc' dir='ltr'><strong>καὶ</strong></span> <span class='ocrx_word' id='word_1_190' title='bbox 3096 1637 3336 1690; x_wconf 79' lang='grc' dir='ltr'>ἀθάνατα</span> <span class='ocrx_word' id='word_1_191' title='bbox 3388 1636 3638 1705; x_wconf 81' lang='grc' dir='ltr'><strong>ἀθανάτῳ</strong></span> <span class='ocrx_word' id='word_1_192' title='bbox 3673 1637 3767 1688; x_wconf 76' lang='grc' dir='ltr'>καὶ</span> <span class='ocrx_word' id='word_1_193' title='bbox 3820 1635 4054 1687; x_wconf 81' lang='grc' dir='ltr'>Θεοειδεί</span> 
     </span>
    </p>
   </div>
   <div class='ocr_carea' id='block_1_27' title="bbox 813 1724 2490 1800">
    <p class='ocr_par' dir='ltr' id='par_1_27' title="bbox 813 1724 2490 1793">
     <span class='ocr_line' id='line_1_27' title="bbox 813 1724 2490 1793; baseline 0.005 -19"><span class='ocrx_word' id='word_1_194' title='bbox 813 1731 975 1786; x_wconf 82' lang='lat' dir='ltr'><strong>sunt;</strong></span> <span class='ocrx_word' id='word_1_195' title='bbox 1020 1733 1204 1791; x_wconf 84' lang='lat' dir='ltr'><strong>utpote</strong></span> <span class='ocrx_word' id='word_1_196' title='bbox 1227 1740 1344 1792; x_wconf 73' lang='lat' dir='ltr'><strong>qua:</strong></span> <span class='ocrx_word' id='word_1_197' title='bbox 1371 1725 1562 1786; x_wconf 91' lang='lat' dir='ltr'><strong>menti,</strong></span> <span class='ocrx_word' id='word_1_198' title='bbox 1585 1724 1784 1778; x_wconf 69' lang='lat' dir='ltr'><strong>divina:</strong></span> <span class='ocrx_word' id='word_1_199' title='bbox 1806 1725 2040 1793; x_wconf 83' lang='lat' dir='ltr'><strong>cuipiam</strong></span> <span class='ocrx_word' id='word_1_200' title='bbox 2073 1726 2147 1779; x_wconf 90' lang='lat' dir='ltr'><strong>rei</strong></span> <span class='ocrx_word' id='word_1_201' title='bbox 2183 1736 2236 1780; x_wconf 90' lang='lat' dir='ltr'><strong>et</strong></span> <span class='ocrx_word' id='word_1_202' title='bbox 2267 1728 2371 1780; x_wconf 88' lang='lat' dir='ltr'><strong>im-</strong></span> <span class='ocrx_word' id='word_1_203' title='bbox 2480 1748 2490 1782; x_wconf 67' lang='grc' dir='ltr'>τ</span> 
     </span>
    </p>
   </div>
   <div class='ocr_carea' id='block_1_28' title="bbox 2374 1724 4051 1800">
    <p class='ocr_par' dir='ltr' id='par_1_28' title="bbox 2480 1727 4051 1800">
     <span class='ocr_line' id='line_1_28' title="bbox 2480 1727 4051 1800; baseline -0.004 -18"><span class='ocrx_word' id='word_1_204' title='bbox 2480 1731 2762 1800; x_wconf 82' lang='grc' dir='ltr'><strong>πράγματι</strong></span> <span class='ocrx_word' id='word_1_205' title='bbox 2818 1727 3186 1798; x_wconf 79' lang='grc' dir='ltr'><strong>χορηγοῦσαι,</strong></span> <span class='ocrx_word' id='word_1_206' title='bbox 3235 1731 3300 1797; x_wconf 83' lang='grc' dir='ltr'>τῇ</span> <span class='ocrx_word' id='word_1_207' title='bbox 3339 1727 3515 1797; x_wconf 77' lang='grc' dir='ltr'>ψυχῇ,</span> <span class='ocrx_word' id='word_1_208' title='bbox 3569 1727 3664 1780; x_wconf 76' lang='grc' dir='ltr'>καὶ</span> <span class='ocrx_word' id='word_1_209' title='bbox 3715 1728 3805 1780; x_wconf 77' lang='grc' dir='ltr'><strong>τὸν</strong></span> <span class='ocrx_word' id='word_1_210' title='bbox 3846 1727 4051 1780; x_wconf 75' lang='grc' dir='ltr'>ἄσυλον</span> 
     </span>
    </p>
   </div>
   <div class='ocr_carea' id='block_1_29' title="bbox 813 1812 2490 1911">
    <p class='ocr_par' dir='ltr' id='par_1_29' title="bbox 813 1814 2490 1911">
     <span class='ocr_line' id='line_1_29' title="bbox 813 1814 2490 1911; baseline 0.005 -48"><span class='ocrx_word' id='word_1_211' title='bbox 813 1814 1047 1874; x_wconf 83' lang='lat' dir='ltr'><strong>mortali.</strong></span> <span class='ocrx_word' id='word_1_212' title='bbox 1091 1831 1281 1884; x_wconf 84' lang='lat' dir='ltr'><strong>magna</strong></span> <span class='ocrx_word' id='word_1_213' title='bbox 1332 1832 1430 1869; x_wconf 93' lang='lat' dir='ltr'><strong>nec</strong></span> <span class='ocrx_word' id='word_1_214' title='bbox 1464 1831 1702 1884; x_wconf 90' lang='lat' dir='ltr'><strong>unquam</strong></span> <span class='ocrx_word' id='word_1_215' title='bbox 1740 1817 2032 1869; x_wconf 87' lang='lat' dir='ltr'><strong>emoritura</strong></span> <span class='ocrx_word' id='word_1_216' title='bbox 2071 1817 2373 1887; x_wconf 82' lang='lat' dir='ltr'><strong>largiuntur</strong></span> <span class='ocrx_word' id='word_1_217' title='bbox 2407 1839 2490 1911; x_wconf 74' lang='lat' dir='ltr'><strong>Bc</strong></span> 
     </span>
    </p>
   </div>
   <div class='ocr_carea' id='block_1_30' title="bbox 2372 1812 4049 1911">
    <p class='ocr_par' dir='ltr' id='par_1_30' title="bbox 2372 1812 4049 1911">
     <span class='ocr_line' id='line_1_30' title="bbox 2372 1812 4049 1911; baseline -0.002 -39"><span class='ocrx_word' id='word_1_218' title='bbox 2372 1839 2373 1846; x_wconf 46' lang='grc' dir='ltr'><strong>η</strong></span> <span class='ocrx_word' id='word_1_219' title='bbox 2407 1858 2449 1911; x_wconf 80' lang='grc' dir='ltr'><strong><em>Β</em></strong></span> <span class='ocrx_word' id='word_1_220' title='bbox 2479 1821 2614 1890; x_wconf 80' lang='grc' dir='ltr'>αὐτῇ</span> <span class='ocrx_word' id='word_1_221' title='bbox 2655 1820 2749 1872; x_wconf 82' lang='grc' dir='ltr'><strong>καὶ</strong></span> <span class='ocrx_word' id='word_1_222' title='bbox 2791 1819 3038 1886; x_wconf 74' lang='grc' dir='ltr'>οὐράνιον</span> <span class='ocrx_word' id='word_1_223' title='bbox 3086 1820 3523 1889; x_wconf 82' lang='grc' dir='ltr'>ὲμπορευόμεναι</span> <span class='ocrx_word' id='word_1_224' title='bbox 3570 1817 3798 1871; x_wconf 82' lang='grc' dir='ltr'>πλοῦτον</span> <span class='ocrx_word' id='word_1_225' title='bbox 3825 1859 3839 1879; x_wconf 86' lang='grc'>,</span> <span class='ocrx_word' id='word_1_226' title='bbox 3884 1812 3964 1870; x_wconf 82' lang='grc' dir='ltr'><strong>ὧν</strong></span> <span class='ocrx_word' id='word_1_227' title='bbox 4012 1820 4049 1887; x_wconf 84' lang='grc' dir='ltr'>ή</span> 
     </span>
    </p>
   </div>
   <div class='ocr_carea' id='block_1_31' title="bbox 812 1907 2489 1983">
    <p class='ocr_par' dir='ltr' id='par_1_31' title="bbox 812 1907 2489 1978">
     <span class='ocr_line' id='line_1_31' title="bbox 812 1907 2489 1978; baseline 0.005 -26"><span class='ocrx_word' id='word_1_228' title='bbox 812 1907 1174 1959; x_wconf 76' lang='lat' dir='ltr'><strong>emolumenta</strong></span> <span class='ocrx_word' id='word_1_229' title='bbox 1223 1925 1236 1959; x_wconf 90' lang='lat'>:</span> <span class='ocrx_word' id='word_1_230' title='bbox 1280 1907 1491 1961; x_wconf 79' lang='lat' dir='ltr'><strong>divitias</strong></span> <span class='ocrx_word' id='word_1_231' title='bbox 1533 1919 1712 1962; x_wconf 90' lang='lat' dir='ltr'><strong>autem</strong></span> <span class='ocrx_word' id='word_1_232' title='bbox 1757 1908 2046 1962; x_wconf 87' lang='lat' dir='ltr'><strong>illiusmodi</strong></span> <span class='ocrx_word' id='word_1_233' title='bbox 2070 1909 2116 1962; x_wconf 90' lang='lat' dir='ltr'><strong>ei</strong></span> <span class='ocrx_word' id='word_1_234' title='bbox 2153 1925 2372 1978; x_wconf 90' lang='lat' dir='ltr'><strong>compa-</strong></span> <span class='ocrx_word' id='word_1_235' title='bbox 2407 1907 2489 1960; x_wconf 58' lang='grc' dir='ltr'><strong>⁷η</strong></span> 
     </span>
    </p>
   </div>
   <div class='ocr_carea' id='block_1_32' title="bbox 2372 1907 4049 1983">
    <p class='ocr_par' dir='ltr' id='par_1_32' title="bbox 2407 1907 4049 1983">
     <span class='ocr_line' id='line_1_32' title="bbox 2407 1907 4049 1983; baseline 0 -20"><span class='ocrx_word' id='word_1_236' title='bbox 2407 1907 2443 1911; x_wconf 64' lang='grc'><strong>”</strong></span> <span class='ocrx_word' id='word_1_237' title='bbox 2476 1912 2783 1980; x_wconf 84' lang='grc' dir='ltr'><strong>τιμιωτάτη</strong></span> <span class='ocrx_word' id='word_1_238' title='bbox 2821 1913 2913 1964; x_wconf 77' lang='grc' dir='ltr'>καὶ</span> <span class='ocrx_word' id='word_1_239' title='bbox 2943 1911 3052 1963; x_wconf 84' lang='grc' dir='ltr'><strong>τῶν</strong></span> <span class='ocrx_word' id='word_1_240' title='bbox 3083 1911 3258 1966; x_wconf 87' lang='grc' dir='ltr'>ἀλλων</span> <span class='ocrx_word' id='word_1_241' title='bbox 3281 1912 3634 1983; x_wconf 82' lang='grc' dir='ltr'><strong>πρωτεύουσα</strong></span> <span class='ocrx_word' id='word_1_242' title='bbox 3660 1912 3819 1982; x_wconf 81' lang='grc' dir='ltr'>χάρις</span> <span class='ocrx_word' id='word_1_243' title='bbox 3847 1914 3878 1980; x_wconf 78' lang='grc' dir='ltr'><strong>ἡ</strong></span> <span class='ocrx_word' id='word_1_244' title='bbox 3904 1911 4049 1980; x_wconf 74' lang='grc' dir='ltr'>πρὸς</span> 
     </span>
    </p>
   </div>
   <div class='ocr_carea' id='block_1_33' title="bbox 811 2000 2488 2075">
    <p class='ocr_par' dir='ltr' id='par_1_33' title="bbox 811 2000 2488 2071">
     <span class='ocr_line' id='line_1_33' title="bbox 811 2000 2488 2071; baseline 0.005 -25"><span class='ocrx_word' id='word_1_245' title='bbox 811 2005 933 2047; x_wconf 87' lang='lat' dir='ltr'><strong>rant</strong></span> <span class='ocrx_word' id='word_1_246' title='bbox 976 2000 1319 2065; x_wconf 82' lang='lat' dir='ltr'><strong>negotiando,</strong></span> <span class='ocrx_word' id='word_1_247' title='bbox 1371 2016 1490 2069; x_wconf 72' lang='lat' dir='ltr'><strong>qua:</strong></span> <span class='ocrx_word' id='word_1_248' title='bbox 1527 2016 1649 2054; x_wconf 91' lang='lat' dir='ltr'><strong>cum</strong></span> <span class='ocrx_word' id='word_1_249' title='bbox 1682 2002 1790 2054; x_wconf 90' lang='lat' dir='ltr'><strong>sint</strong></span> <span class='ocrx_word' id='word_1_250' title='bbox 1823 2001 2068 2055; x_wconf 71' lang='lat' dir='ltr'><strong>cmlestes</strong></span> <span class='ocrx_word' id='word_1_251' title='bbox 2108 2017 2214 2054; x_wconf 90' lang='lat' dir='ltr'><strong>non</strong></span> <span class='ocrx_word' id='word_1_252' title='bbox 2248 2017 2372 2071; x_wconf 86' lang='lat' dir='ltr'><strong>pos-</strong></span> <span class='ocrx_word' id='word_1_253' title='bbox 2475 2023 2488 2055; x_wconf 64' lang='grc' dir='ltr'>ιι</span> 
     </span>
    </p>
   </div>
   <div class='ocr_carea' id='block_1_34' title="bbox 2358 2000 4035 2075">
    <p class='ocr_par' dir='ltr' id='par_1_34' title="bbox 2358 2003 4035 2075">
     <span class='ocr_line' id='line_1_34' title="bbox 2358 2003 4035 2075; baseline 0.001 -18"><span class='ocrx_word' id='word_1_254' title='bbox 2358 2031 2372 2043; x_wconf 91' lang='grc'><strong><em>-</em></strong></span> <span class='ocrx_word' id='word_1_255' title='bbox 2475 2005 2534 2057; x_wconf 74' lang='grc' dir='ltr'><strong>τὸ</strong></span> <span class='ocrx_word' id='word_1_256' title='bbox 2582 2003 2722 2056; x_wconf 85' lang='grc' dir='ltr'>θεῖόν</span> <span class='ocrx_word' id='word_1_257' title='bbox 2752 2006 2898 2056; x_wconf 76' lang='grc' dir='ltr'>ἐστιν</span> <span class='ocrx_word' id='word_1_258' title='bbox 2947 2003 3190 2074; x_wconf 77' lang='grc' dir='ltr'><strong>ἀπλανὴς</strong></span> <span class='ocrx_word' id='word_1_259' title='bbox 3229 2005 3322 2057; x_wconf 80' lang='grc' dir='ltr'>καὶ</span> <span class='ocrx_word' id='word_1_260' title='bbox 3358 2007 3622 2075; x_wconf 89' lang='grc' dir='ltr'><strong>σωτήριος</strong></span> <span class='ocrx_word' id='word_1_261' title='bbox 3670 2005 4035 2073; x_wconf 80' lang='grc' dir='ltr'>χειραγωγία.</span> 
     </span>
    </p>
   </div>
   <div class='ocr_carea' id='block_1_35' title="bbox 810 2090 2487 2168">
    <p class='ocr_par' dir='ltr' id='par_1_35' title="bbox 810 2090 2487 2162">
     <span class='ocr_line' id='line_1_35' title="bbox 810 2090 2487 2162; baseline 0.007 -26"><span class='ocrx_word' id='word_1_262' title='bbox 810 2098 935 2140; x_wconf 83' lang='lat' dir='ltr'><strong>sunt</strong></span> <span class='ocrx_word' id='word_1_263' title='bbox 964 2090 1221 2160; x_wconf 80' lang='lat' dir='ltr'><strong>sacrilege</strong></span> <span class='ocrx_word' id='word_1_264' title='bbox 1252 2094 1551 2160; x_wconf 86' lang='lat' dir='ltr'><strong>compilari.</strong></span> <span class='ocrx_word' id='word_1_265' title='bbox 1585 2093 1790 2148; x_wconf 87' lang='lat' dir='ltr'><strong>Primas</strong></span> <span class='ocrx_word' id='word_1_266' title='bbox 1817 2095 1958 2147; x_wconf 91' lang='lat' dir='ltr'><strong>inter</strong></span> <span class='ocrx_word' id='word_1_267' title='bbox 1995 2095 2096 2146; x_wconf 83' lang='lat' dir='ltr'><strong>ista</strong></span> <span class='ocrx_word' id='word_1_268' title='bbox 2137 2103 2191 2147; x_wconf 90' lang='lat' dir='ltr'><strong>et</strong></span> <span class='ocrx_word' id='word_1_269' title='bbox 2225 2095 2371 2162; x_wconf 91' lang='lat' dir='ltr'><strong>prin-</strong></span> <span class='ocrx_word' id='word_1_270' title='bbox 2480 2101 2487 2116; x_wconf 91' lang='lat'>&#39;</span> 
     </span>
    </p>
   </div>
   <div class='ocr_carea' id='block_1_36' title="bbox 2364 2090 4041 2168">
    <p class='ocr_par' dir='ltr' id='par_1_36' title="bbox 2364 2096 4041 2168">
     <span class='ocr_line' id='line_1_36' title="bbox 2364 2096 4041 2168; baseline -0.001 -20"><span class='ocrx_word' id='word_1_271' title='bbox 2364 2125 2371 2134; x_wconf 92' lang='lat'><strong><em>-</em></strong></span> <span class='ocrx_word' id='word_1_272' title='bbox 2480 2098 2580 2148; x_wconf 83' lang='grc' dir='ltr'><strong>Ἦν</strong></span> <span class='ocrx_word' id='word_1_273' title='bbox 2623 2097 2811 2168; x_wconf 85' lang='grc' dir='ltr'>πρώτη</span> <span class='ocrx_word' id='word_1_274' title='bbox 2857 2097 2951 2149; x_wconf 74' lang='grc' dir='ltr'><strong>καὶ</strong></span> <span class='ocrx_word' id='word_1_275' title='bbox 2988 2098 3122 2166; x_wconf 80' lang='grc' dir='ltr'>μόνη</span> <span class='ocrx_word' id='word_1_276' title='bbox 3173 2097 3454 2166; x_wconf 83' lang='grc' dir='ltr'>χαρίζεται</span> <span class='ocrx_word' id='word_1_277' title='bbox 3499 2099 3596 2165; x_wconf 85' lang='grc' dir='ltr'>τῆς</span> <span class='ocrx_word' id='word_1_278' title='bbox 3641 2096 3884 2165; x_wconf 78' lang='grc' dir='ltr'>καθαρᾶς</span> <span class='ocrx_word' id='word_1_279' title='bbox 3943 2096 4041 2147; x_wconf 82' lang='grc' dir='ltr'><strong>καὶ</strong></span> 
     </span>
    </p>
   </div>
   <div class='ocr_carea' id='block_1_37' title="bbox 808 2177 2485 2260">
    <p class='ocr_par' dir='ltr' id='par_1_37' title="bbox 808 2177 2485 2254">
     <span class='ocr_line' id='line_1_37' title="bbox 808 2177 2485 2254; baseline 0.009 -27"><span class='ocrx_word' id='word_1_280' title='bbox 808 2177 1044 2244; x_wconf 82' lang='lat' dir='ltr'><strong>eipatuni</strong></span> <span class='ocrx_word' id='word_1_281' title='bbox 1099 2191 1247 2234; x_wconf 87' lang='lat' dir='ltr'><strong>tenet</strong></span> <span class='ocrx_word' id='word_1_282' title='bbox 1297 2183 1425 2236; x_wconf 91' lang='lat' dir='ltr'><strong>illud</strong></span> <span class='ocrx_word' id='word_1_283' title='bbox 1473 2185 1616 2252; x_wconf 88' lang='lat' dir='ltr'><strong>quod</strong></span> <span class='ocrx_word' id='word_1_284' title='bbox 1665 2201 1765 2238; x_wconf 91' lang='lat' dir='ltr'><strong>nos</strong></span> <span class='ocrx_word' id='word_1_285' title='bbox 1808 2200 1973 2236; x_wconf 90' lang='lat' dir='ltr'><strong>manu</strong></span> <span class='ocrx_word' id='word_1_286' title='bbox 2002 2184 2149 2237; x_wconf 92' lang='lat' dir='ltr'><strong>velut</strong></span> <span class='ocrx_word' id='word_1_287' title='bbox 2175 2200 2369 2254; x_wconf 86' lang='lat' dir='ltr'><strong>appre-</strong></span> <span class='ocrx_word' id='word_1_288' title='bbox 2471 2192 2485 2242; x_wconf 69' lang='grc' dir='ltr'><em>ε</em></span> 
     </span>
    </p>
   </div>
   <div class='ocr_carea' id='block_1_38' title="bbox 2358 2177 4035 2260">
    <p class='ocr_par' dir='ltr' id='par_1_38' title="bbox 2358 2189 4035 2260">
     <span class='ocr_line' id='line_1_38' title="bbox 2358 2189 4035 2260; baseline -0.001 -18"><span class='ocrx_word' id='word_1_289' title='bbox 2358 2215 2369 2225; x_wconf 91' lang='grc'><strong>-</strong></span> <span class='ocrx_word' id='word_1_290' title='bbox 2471 2191 2772 2260; x_wconf 83' lang='grc' dir='ltr'><strong>ἀμωμήτου</strong></span> <span class='ocrx_word' id='word_1_291' title='bbox 2804 2190 3035 2251; x_wconf 82' lang='grc' dir='ltr'>πίστεως</span> <span class='ocrx_word' id='word_1_292' title='bbox 3071 2189 3228 2259; x_wconf 79' lang='grc' dir='ltr'>ἡμῶν</span> <span class='ocrx_word' id='word_1_293' title='bbox 3275 2189 3381 2244; x_wconf 84' lang='grc' dir='ltr'><strong>τῶν</strong></span> <span class='ocrx_word' id='word_1_294' title='bbox 3439 2189 3805 2259; x_wconf 83' lang='grc' dir='ltr'><strong>Χριστιανῶν,</strong></span> <span class='ocrx_word' id='word_1_295' title='bbox 3855 2190 3887 2259; x_wconf 80' lang='grc' dir='ltr'>ἡ</span> <span class='ocrx_word' id='word_1_296' title='bbox 3925 2189 4035 2258; x_wconf 84' lang='grc' dir='ltr'>μά-</span> 
     </span>
    </p>
   </div>
   <div class='ocr_carea' id='block_1_39' title="bbox 809 2269 2486 2351">
    <p class='ocr_par' dir='ltr' id='par_1_39' title="bbox 809 2269 2486 2344">
     <span class='ocr_line' id='line_1_39' title="bbox 809 2269 2486 2344; baseline 0.008 -24"><span class='ocrx_word' id='word_1_297' title='bbox 809 2269 1010 2324; x_wconf 80' lang='lat' dir='ltr'><strong>liensos</strong></span> <span class='ocrx_word' id='word_1_298' title='bbox 1053 2273 1169 2325; x_wconf 89' lang='lat' dir='ltr'><strong>sine</strong></span> <span class='ocrx_word' id='word_1_299' title='bbox 1217 2273 1321 2327; x_wconf 88' lang='lat' dir='ltr'><strong>ulla</strong></span> <span class='ocrx_word' id='word_1_300' title='bbox 1366 2275 1708 2330; x_wconf 88' lang='lat' dir='ltr'><strong>aberratione</strong></span> <span class='ocrx_word' id='word_1_301' title='bbox 1739 2277 1804 2330; x_wconf 91' lang='lat' dir='ltr'><strong>ad</strong></span> <span class='ocrx_word' id='word_1_302' title='bbox 1839 2276 2006 2329; x_wconf 82' lang='lat' dir='ltr'><strong>Deum</strong></span> <span class='ocrx_word' id='word_1_303' title='bbox 2041 2276 2286 2344; x_wconf 89' lang='lat' dir='ltr'><strong>perducit</strong></span> <span class='ocrx_word' id='word_1_304' title='bbox 2311 2287 2368 2332; x_wconf 89' lang='lat' dir='ltr'><strong>et</strong></span> <span class='ocrx_word' id='word_1_305' title='bbox 2471 2280 2486 2333; x_wconf 81' lang='grc' dir='ltr'>ε</span> 
     </span>
    </p>
   </div>
   <div class='ocr_carea' id='block_1_40' title="bbox 1476 2269 3153 2351">
    <p class='ocr_par' dir='ltr' id='par_1_40' title="bbox 1476 2276 3153 2351">
     <span class='ocr_line' id='line_1_40' title="bbox 1476 2276 3153 2351; baseline 0.005 -25"><span class='ocrx_word' id='word_1_306' title='bbox 1476 2277 1708 2330; x_wconf 91' lang='lat' dir='ltr'><strong>rratione</strong></span> <span class='ocrx_word' id='word_1_307' title='bbox 1739 2277 1804 2330; x_wconf 91' lang='lat' dir='ltr'><strong>ad</strong></span> <span class='ocrx_word' id='word_1_308' title='bbox 1839 2276 2006 2329; x_wconf 83' lang='lat' dir='ltr'><strong>Deum</strong></span> <span class='ocrx_word' id='word_1_309' title='bbox 2041 2276 2286 2344; x_wconf 86' lang='lat' dir='ltr'><strong>perducit</strong></span> <span class='ocrx_word' id='word_1_310' title='bbox 2311 2287 2368 2332; x_wconf 90' lang='lat' dir='ltr'><strong>et</strong></span> <span class='ocrx_word' id='word_1_311' title='bbox 2471 2280 2623 2351; x_wconf 82' lang='grc' dir='ltr'>θησις</span> <span class='ocrx_word' id='word_1_312' title='bbox 2655 2283 2747 2335; x_wconf 73' lang='grc' dir='ltr'>καὶ</span> <span class='ocrx_word' id='word_1_313' title='bbox 2781 2283 3153 2351; x_wconf 82' lang='grc' dir='ltr'><strong>μυσταγωγία.</strong></span> 
     </span>
    </p>
   </div>
   <div class='ocr_carea' id='block_1_41' title="bbox 808 2361 4035 2443">
    <p class='ocr_par' dir='ltr' id='par_1_41' title="bbox 808 2361 4035 2443">
     <span class='ocr_line' id='line_1_41' title="bbox 808 2361 4035 2443; baseline 0.005 -31"><span class='ocrx_word' id='word_1_314' title='bbox 808 2361 1056 2415; x_wconf 75' lang='lat' dir='ltr'><strong>salutem.</strong></span> <span class='ocrx_word' id='word_1_315' title='bbox 1103 2363 1213 2418; x_wconf 85' lang='lat' dir='ltr'><strong>Hoc</strong></span> <span class='ocrx_word' id='word_1_316' title='bbox 1267 2367 1444 2436; x_wconf 91' lang='lat' dir='ltr'><strong>ipsum</strong></span> <span class='ocrx_word' id='word_1_317' title='bbox 1482 2378 1660 2424; x_wconf 90' lang='lat' dir='ltr'><strong>autem</strong></span> <span class='ocrx_word' id='word_1_318' title='bbox 1713 2369 1994 2437; x_wconf 88' lang='lat' dir='ltr'><strong>imprimis,</strong></span> <span class='ocrx_word' id='word_1_319' title='bbox 2024 2368 2153 2436; x_wconf 90' lang='lat' dir='ltr'><strong>quin</strong></span> <span class='ocrx_word' id='word_1_320' title='bbox 2191 2372 2370 2436; x_wconf 89' lang='lat' dir='ltr'><strong>potius</strong></span> <span class='ocrx_word' id='word_1_321' title='bbox 2409 2373 2541 2436; x_wconf 89' lang='lat' dir='ltr'><strong>sola,</strong></span> <span class='ocrx_word' id='word_1_322' title='bbox 2587 2384 2809 2442; x_wconf 76' lang='lat' dir='ltr'><strong>przestat</strong></span> <span class='ocrx_word' id='word_1_323' title='bbox 2863 2375 2996 2428; x_wconf 80' lang='lat' dir='ltr'><strong>fides</strong></span> <span class='ocrx_word' id='word_1_324' title='bbox 3035 2382 3218 2428; x_wconf 88' lang='lat' dir='ltr'><strong>nostra</strong></span> <span class='ocrx_word' id='word_1_325' title='bbox 3263 2373 3590 2439; x_wconf 85' lang='lat' dir='ltr'><strong>Christiana,</strong></span> <span class='ocrx_word' id='word_1_326' title='bbox 3623 2374 3916 2443; x_wconf 90' lang='lat' dir='ltr'><strong>purissima</strong></span> <span class='ocrx_word' id='word_1_327' title='bbox 3943 2372 4035 2427; x_wconf 87' lang='lat' dir='ltr'><strong>illa</strong></span> 
     </span>
    </p>
   </div>
   <div class='ocr_carea' id='block_1_42' title="bbox 806 2459 2548 2534">
    <p class='ocr_par' dir='ltr' id='par_1_42' title="bbox 806 2459 2548 2534">
     <span class='ocr_line' id='line_1_42' title="bbox 806 2459 2548 2534; baseline 0.007 -26"><span class='ocrx_word' id='word_1_328' title='bbox 806 2459 1006 2514; x_wconf 87' lang='lat' dir='ltr'><strong>acideo</strong></span> <span class='ocrx_word' id='word_1_329' title='bbox 1033 2462 1324 2532; x_wconf 88' lang='lat' dir='ltr'><strong>inculpata.</strong></span> <span class='ocrx_word' id='word_1_330' title='bbox 1358 2479 1481 2517; x_wconf 92' lang='lat' dir='ltr'><strong>cum</strong></span> <span class='ocrx_word' id='word_1_331' title='bbox 1503 2466 1754 2532; x_wconf 83' lang='lat' dir='ltr'><strong>mysteria</strong></span> <span class='ocrx_word' id='word_1_332' title='bbox 1788 2468 1906 2534; x_wconf 87' lang='lat' dir='ltr'><strong>ejus</strong></span> <span class='ocrx_word' id='word_1_333' title='bbox 1936 2469 2111 2524; x_wconf 91' lang='lat' dir='ltr'><strong>edocti</strong></span> <span class='ocrx_word' id='word_1_334' title='bbox 2146 2467 2548 2524; x_wconf 88' lang='lat' dir='ltr'><strong>edidicerimus.</strong></span> 
     </span>
    </p>
   </div>
   <div class='ocr_carea' id='block_1_43' title="bbox 875 2553 2552 2630">
    <p class='ocr_par' dir='ltr' id='par_1_43' title="bbox 875 2553 2552 2630">
     <span class='ocr_line' id='line_1_43' title="bbox 875 2553 2552 2630; baseline 0.007 -24"><span class='ocrx_word' id='word_1_335' title='bbox 875 2555 928 2606; x_wconf 62' lang='lat'><strong>22.</strong></span> <span class='ocrx_word' id='word_1_336' title='bbox 962 2553 1084 2608; x_wconf 58' lang='lat' dir='ltr'><strong>l-ia‘c</strong></span> <span class='ocrx_word' id='word_1_337' title='bbox 1113 2558 1258 2610; x_wconf 91' lang='lat' dir='ltr'><strong>enim</strong></span> <span class='ocrx_word' id='word_1_338' title='bbox 1288 2558 1553 2624; x_wconf 88' lang='lat' dir='ltr'><strong>homines,</strong></span> <span class='ocrx_word' id='word_1_339' title='bbox 1588 2569 1870 2629; x_wconf 87' lang='lat' dir='ltr'><strong>postquam</strong></span> <span class='ocrx_word' id='word_1_340' title='bbox 1913 2563 1980 2615; x_wconf 89' lang='lat' dir='ltr'><strong>ab</strong></span> <span class='ocrx_word' id='word_1_341' title='bbox 2007 2578 2190 2618; x_wconf 91' lang='lat' dir='ltr'><strong>errore</strong></span> <span class='ocrx_word' id='word_1_342' title='bbox 2221 2563 2362 2618; x_wconf 90' lang='lat' dir='ltr'><strong>mul-</strong></span> <span class='ocrx_word' id='word_1_343' title='bbox 2541 2562 2552 2630; x_wconf 68' lang='grc' dir='ltr'><em>ε</em></span> 
     </span>
    </p>
   </div>
   <div class='ocr_carea' id='block_1_44' title="bbox 2360 2553 4037 2630">
    <p class='ocr_par' dir='ltr' id='par_1_44' title="bbox 2360 2557 4037 2630">
     <span class='ocr_line' id='line_1_44' title="bbox 2360 2557 4037 2630; baseline -0.001 -18"><span class='ocrx_word' id='word_1_344' title='bbox 2360 2594 2362 2601; x_wconf 61' lang='grc' dir='ltr'>ι</span> <span class='ocrx_word' id='word_1_345' title='bbox 2541 2559 2603 2630; x_wconf 85' lang='grc' dir='ltr'><strong>β’.</strong></span> <span class='ocrx_word' id='word_1_346' title='bbox 2639 2561 2784 2629; x_wconf 75' lang='grc' dir='ltr'><strong>Αὕτη</strong></span> <span class='ocrx_word' id='word_1_347' title='bbox 2814 2561 2922 2630; x_wconf 84' lang='grc' dir='ltr'><strong>γὰρ</strong></span> <span class='ocrx_word' id='word_1_348' title='bbox 2963 2562 3058 2629; x_wconf 78' lang='grc' dir='ltr'><strong>τῆς</strong></span> <span class='ocrx_word' id='word_1_349' title='bbox 3094 2560 3440 2629; x_wconf 73' lang='grc' dir='ltr'>πολυμόρφου</span> <span class='ocrx_word' id='word_1_350' title='bbox 3470 2558 3678 2627; x_wconf 81' lang='grc' dir='ltr'>πλάνης</span> <span class='ocrx_word' id='word_1_351' title='bbox 3708 2557 3800 2609; x_wconf 73' lang='grc' dir='ltr'><strong>τὸν</strong></span> <span class='ocrx_word' id='word_1_352' title='bbox 3824 2557 4037 2627; x_wconf 77' lang='grc' dir='ltr'><strong>ἄνθρω-</strong></span> 
     </span>
    </p>
   </div>
   <div class='ocr_carea' id='block_1_45' title="bbox 806 2643 2483 2721">
    <p class='ocr_par' dir='ltr' id='par_1_45' title="bbox 806 2643 2483 2721">
     <span class='ocr_line' id='line_1_45' title="bbox 806 2643 2483 2721; baseline 0.01 -27"><span class='ocrx_word' id='word_1_353' title='bbox 806 2643 1006 2698; x_wconf 90' lang='lat' dir='ltr'><strong>tiformi</strong></span> <span class='ocrx_word' id='word_1_354' title='bbox 1037 2645 1292 2700; x_wconf 89' lang='lat' dir='ltr'><strong>liberatos</strong></span> <span class='ocrx_word' id='word_1_355' title='bbox 1316 2649 1667 2716; x_wconf 59' lang='lat' dir='ltr'><strong>expedis-erit,</strong></span> <span class='ocrx_word' id='word_1_356' title='bbox 1698 2651 1945 2721; x_wconf 83' lang='lat' dir='ltr'><strong>illiusque</strong></span> <span class='ocrx_word' id='word_1_357' title='bbox 1971 2655 2224 2708; x_wconf 85' lang='lat' dir='ltr'><strong>tenebras</strong></span> <span class='ocrx_word' id='word_1_358' title='bbox 2243 2671 2363 2709; x_wconf 93' lang='lat' dir='ltr'><strong>om-</strong></span> <span class='ocrx_word' id='word_1_359' title='bbox 2471 2668 2483 2701; x_wconf 69' lang='grc' dir='ltr'>τ</span> 
     </span>
    </p>
   </div>
   <div class='ocr_carea' id='block_1_46' title="bbox 2356 2643 4033 2721">
    <p class='ocr_par' dir='ltr' id='par_1_46' title="bbox 2356 2647 4033 2719">
     <span class='ocr_line' id='line_1_46' title="bbox 2356 2647 4033 2719; baseline -0.002 -17"><span class='ocrx_word' id='word_1_360' title='bbox 2356 2685 2363 2694; x_wconf 90' lang='grc'><strong>-</strong></span> <span class='ocrx_word' id='word_1_361' title='bbox 2471 2667 2590 2703; x_wconf 87' lang='grc' dir='ltr'>πον.</span> <span class='ocrx_word' id='word_1_362' title='bbox 2631 2649 2800 2717; x_wconf 89' lang='grc'><strong>(8)....</strong></span> <span class='ocrx_word' id='word_1_363' title='bbox 2828 2650 2904 2719; x_wconf 85' lang='grc' dir='ltr'>τῷ</span> <span class='ocrx_word' id='word_1_364' title='bbox 2934 2649 3115 2702; x_wconf 79' lang='grc' dir='ltr'>κάλλει</span> <span class='ocrx_word' id='word_1_365' title='bbox 3145 2650 3242 2718; x_wconf 83' lang='grc' dir='ltr'><strong>τῆς</strong></span> <span class='ocrx_word' id='word_1_366' title='bbox 3275 2649 3528 2718; x_wconf 82' lang='grc' dir='ltr'>λατρείας</span> <span class='ocrx_word' id='word_1_367' title='bbox 3561 2647 3814 2718; x_wconf 78' lang='grc' dir='ltr'>καθαρῶς</span> <span class='ocrx_word' id='word_1_368' title='bbox 3844 2650 4033 2699; x_wconf 84' lang='grc' dir='ltr'>ἐνατε-</span> 
     </span>
    </p>
   </div>
   <div class='ocr_carea' id='block_1_47' title="bbox 805 2735 2482 2813">
    <p class='ocr_par' dir='ltr' id='par_1_47' title="bbox 805 2735 2482 2813">
     <span class='ocr_line' id='line_1_47' title="bbox 805 2735 2482 2813; baseline 0.008 -26"><span class='ocrx_word' id='word_1_369' title='bbox 805 2735 936 2788; x_wconf 91' lang='lat' dir='ltr'><strong>nino</strong></span> <span class='ocrx_word' id='word_1_370' title='bbox 974 2736 1286 2805; x_wconf 88' lang='lat' dir='ltr'><strong>dispulerit,</strong></span> <span class='ocrx_word' id='word_1_371' title='bbox 1339 2739 1646 2795; x_wconf 81' lang='lat' dir='ltr'><strong>facultatem</strong></span> <span class='ocrx_word' id='word_1_372' title='bbox 1692 2742 1795 2797; x_wconf 91' lang='lat' dir='ltr'><strong>illis</strong></span> <span class='ocrx_word' id='word_1_373' title='bbox 1833 2746 2036 2813; x_wconf 76' lang='lat' dir='ltr'><strong>prazbet</strong></span> <span class='ocrx_word' id='word_1_374' title='bbox 2086 2747 2135 2798; x_wconf 93' lang='lat' dir='ltr'><strong>in</strong></span> <span class='ocrx_word' id='word_1_375' title='bbox 2187 2746 2362 2799; x_wconf 88' lang='lat' dir='ltr'><strong>Divini</strong></span> <span class='ocrx_word' id='word_1_376' title='bbox 2470 2759 2482 2793; x_wconf 61' lang='grc' dir='ltr'>π</span> 
     </span>
    </p>
   </div>
   <div class='ocr_carea' id='block_1_48' title="bbox 2355 2735 4032 2813">
    <p class='ocr_par' dir='ltr' id='par_1_48' title="bbox 2355 2737 4032 2811">
     <span class='ocr_line' id='line_1_48' title="bbox 2355 2737 4032 2811; baseline -0.003 -18"><span class='ocrx_word' id='word_1_377' title='bbox 2355 2747 2362 2799; x_wconf 83' lang='lat' dir='ltr'><strong>i</strong></span> <span class='ocrx_word' id='word_1_378' title='bbox 2470 2741 2636 2806; x_wconf 77' lang='grc' dir='ltr'>νίζειν</span> <span class='ocrx_word' id='word_1_379' title='bbox 2671 2742 2969 2811; x_wconf 78' lang='grc' dir='ltr'>παρέχεται</span> <span class='ocrx_word' id='word_1_380' title='bbox 2991 2757 3005 2772; x_wconf 84' lang='grc'>⁶</span> <span class='ocrx_word' id='word_1_381' title='bbox 3057 2742 3122 2793; x_wconf 80' lang='grc' dir='ltr'><strong>δι’</strong></span> <span class='ocrx_word' id='word_1_382' title='bbox 3169 2737 3236 2810; x_wconf 73' lang='grc' dir='ltr'>ἧς</span> <span class='ocrx_word' id='word_1_383' title='bbox 3271 2743 3348 2802; x_wconf 81' lang='grc' dir='ltr'><strong>εἰς</strong></span> <span class='ocrx_word' id='word_1_384' title='bbox 3377 2741 3471 2810; x_wconf 82' lang='grc' dir='ltr'><strong>τὴν</strong></span> <span class='ocrx_word' id='word_1_385' title='bbox 3515 2739 3654 2808; x_wconf 69' lang='grc' dir='ltr'>ὑπὲρ</span> <span class='ocrx_word' id='word_1_386' title='bbox 3687 2738 3810 2791; x_wconf 81' lang='grc' dir='ltr'>νοῦν</span> <span class='ocrx_word' id='word_1_387' title='bbox 3843 2740 4032 2790; x_wconf 78' lang='grc' dir='ltr'>οὐσίαν</span> 
     </span>
    </p>
   </div>
   <div class='ocr_carea' id='block_1_49' title="bbox 806 2830 2483 2903">
    <p class='ocr_par' dir='ltr' id='par_1_49' title="bbox 806 2830 2483 2899">
     <span class='ocr_line' id='line_1_49' title="bbox 806 2830 2483 2899; baseline 0.007 -16"><span class='ocrx_word' id='word_1_388' title='bbox 806 2830 983 2884; x_wconf 90' lang='lat' dir='ltr'><strong>cultus</strong></span> <span class='ocrx_word' id='word_1_389' title='bbox 1029 2831 1491 2899; x_wconf 90' lang='lat' dir='ltr'><strong>pulchritudinem</strong></span> <span class='ocrx_word' id='word_1_390' title='bbox 1538 2837 1708 2890; x_wconf 91' lang='lat' dir='ltr'><strong>oculis</strong></span> <span class='ocrx_word' id='word_1_391' title='bbox 1752 2837 1942 2892; x_wconf 76' lang='lat' dir='ltr'><strong>defixis</strong></span> <span class='ocrx_word' id='word_1_392' title='bbox 1982 2840 2245 2893; x_wconf 81' lang='lat' dir='ltr'><strong>intuendi.</strong></span> <span class='ocrx_word' id='word_1_393' title='bbox 2276 2843 2368 2894; x_wconf 83' lang='lat' dir='ltr'><strong>At-</strong></span> <span class='ocrx_word' id='word_1_394' title='bbox 2468 2851 2483 2885; x_wconf 67' lang='grc'><strong>³</strong></span> 
     </span>
    </p>
   </div>
   <div class='ocr_carea' id='block_1_50' title="bbox 2356 2830 4033 2903">
    <p class='ocr_par' dir='ltr' id='par_1_50' title="bbox 2356 2833 4033 2903">
     <span class='ocr_line' id='line_1_50' title="bbox 2356 2833 4033 2903; baseline 0.001 -21"><span class='ocrx_word' id='word_1_395' title='bbox 2356 2872 2368 2882; x_wconf 91' lang='grc'><strong>.</strong></span> <span class='ocrx_word' id='word_1_396' title='bbox 2468 2835 2562 2885; x_wconf 68' lang='grc' dir='ltr'>καὶ</span> <span class='ocrx_word' id='word_1_397' title='bbox 2591 2834 2807 2886; x_wconf 83' lang='grc' dir='ltr'><strong>πάντων</strong></span> <span class='ocrx_word' id='word_1_398' title='bbox 2845 2833 3022 2885; x_wconf 81' lang='grc' dir='ltr'>αἰτίαν</span> <span class='ocrx_word' id='word_1_399' title='bbox 3054 2834 3145 2886; x_wconf 69' lang='grc' dir='ltr'><strong>καὶ</strong></span> <span class='ocrx_word' id='word_1_400' title='bbox 3181 2833 3509 2903; x_wconf 83' lang='grc' dir='ltr'>δημιουργὸν</span> <span class='ocrx_word' id='word_1_401' title='bbox 3549 2833 3898 2900; x_wconf 81' lang='grc' dir='ltr'>ἀναγόμενοι,</span> <span class='ocrx_word' id='word_1_402' title='bbox 3932 2833 4033 2898; x_wconf 70' lang='grc' dir='ltr'><strong>τὴν</strong></span> 
     </span>
    </p>
   </div>
   <div class='ocr_carea' id='block_1_51' title="bbox 805 2925 2482 3000">
    <p class='ocr_par' dir='ltr' id='par_1_51' title="bbox 805 2925 2482 3000">
     <span class='ocr_line' id='line_1_51' title="bbox 805 2925 2482 3000; baseline 0.007 -26"><span class='ocrx_word' id='word_1_403' title='bbox 805 2938 911 2988; x_wconf 93' lang='lat' dir='ltr'><strong>que</strong></span> <span class='ocrx_word' id='word_1_404' title='bbox 947 2925 1018 2976; x_wconf 87' lang='lat' dir='ltr'><strong>ita</strong></span> <span class='ocrx_word' id='word_1_405' title='bbox 1058 2941 1155 2992; x_wconf 92' lang='lat' dir='ltr'><strong>per</strong></span> <span class='ocrx_word' id='word_1_406' title='bbox 1182 2927 1358 2989; x_wconf 85' lang='lat' dir='ltr'><strong>istam,</strong></span> <span class='ocrx_word' id='word_1_407' title='bbox 1395 2929 1460 2982; x_wconf 93' lang='lat' dir='ltr'><strong>ad</strong></span> <span class='ocrx_word' id='word_1_408' title='bbox 1491 2928 1784 2981; x_wconf 84' lang='lat' dir='ltr'><strong>essentiam</strong></span> <span class='ocrx_word' id='word_1_409' title='bbox 1827 2930 1969 2983; x_wconf 83' lang='lat' dir='ltr'><strong>illam</strong></span> <span class='ocrx_word' id='word_1_410' title='bbox 2001 2948 2120 3000; x_wconf 74' lang='lat' dir='ltr'><strong>qua:</strong></span> <span class='ocrx_word' id='word_1_411' title='bbox 2151 2943 2371 3000; x_wconf 82' lang='lat' dir='ltr'><strong>supcrat</strong></span> <span class='ocrx_word' id='word_1_412' title='bbox 2467 2930 2482 2980; x_wconf 80' lang='grc' dir='ltr'><strong>ἑ</strong></span> 
     </span>
    </p>
   </div>
   <div class='ocr_carea' id='block_1_52' title="bbox 2356 2925 4033 3000">
    <p class='ocr_par' dir='ltr' id='par_1_52' title="bbox 2356 2925 4033 2994">
     <span class='ocr_line' id='line_1_52' title="bbox 2356 2925 4033 2994; baseline -0.002 -15"><span class='ocrx_word' id='word_1_413' title='bbox 2356 2943 2371 2985; x_wconf 85' lang='lat' dir='ltr'><strong>t</strong></span> <span class='ocrx_word' id='word_1_414' title='bbox 2467 2926 2672 2993; x_wconf 82' lang='grc' dir='ltr'>ὲνοειδῆ</span> <span class='ocrx_word' id='word_1_415' title='bbox 2706 2926 2799 2977; x_wconf 75' lang='grc' dir='ltr'><strong>καὶ</strong></span> <span class='ocrx_word' id='word_1_416' title='bbox 2822 2925 3083 2994; x_wconf 84' lang='grc' dir='ltr'>ὑπέρθεον</span> <span class='ocrx_word' id='word_1_417' title='bbox 3113 2926 3210 2994; x_wconf 82' lang='grc' dir='ltr'><strong>τῆς</strong></span> <span class='ocrx_word' id='word_1_418' title='bbox 3236 2926 3462 2994; x_wconf 79' lang='grc' dir='ltr'>Τριάδος</span> <span class='ocrx_word' id='word_1_419' title='bbox 3487 2925 3734 2994; x_wconf 85' lang='grc' dir='ltr'><strong>θεότητα,</strong></span> <span class='ocrx_word' id='word_1_420' title='bbox 3760 2926 3883 2977; x_wconf 81' lang='grc' dir='ltr'>καθ’</span> <span class='ocrx_word' id='word_1_421' title='bbox 3905 2926 4033 2976; x_wconf 83' lang='grc' dir='ltr'>ὅσον</span> 
     </span>
    </p>
   </div>
   <div class='ocr_carea' id='block_1_53' title="bbox 807 3011 2484 3090">
    <p class='ocr_par' dir='ltr' id='par_1_53' title="bbox 807 3011 2484 3090">
     <span class='ocr_line' id='line_1_53' title="bbox 807 3011 2484 3090; baseline 0.009 -29"><span class='ocrx_word' id='word_1_422' title='bbox 807 3011 1161 3075; x_wconf 88' lang='lat' dir='ltr'><strong>intellectum,</strong></span> <span class='ocrx_word' id='word_1_423' title='bbox 1209 3029 1389 3068; x_wconf 90' lang='lat' dir='ltr'><strong>rerum</strong></span> <span class='ocrx_word' id='word_1_424' title='bbox 1430 3018 1643 3070; x_wconf 88' lang='lat' dir='ltr'><strong>scilicet</strong></span> <span class='ocrx_word' id='word_1_425' title='bbox 1666 3018 1907 3071; x_wconf 89' lang='lat' dir='ltr'><strong>omnium</strong></span> <span class='ocrx_word' id='word_1_426' title='bbox 1937 3036 2154 3075; x_wconf 85' lang='lat' dir='ltr'><strong>causam</strong></span> <span class='ocrx_word' id='word_1_427' title='bbox 2185 3033 2239 3075; x_wconf 89' lang='lat' dir='ltr'><strong>et</strong></span> <span class='ocrx_word' id='word_1_428' title='bbox 2261 3023 2373 3090; x_wconf 84' lang='lat' dir='ltr'><strong>opi-</strong></span> <span class='ocrx_word' id='word_1_429' title='bbox 2467 3020 2484 3070; x_wconf 79' lang='grc' dir='ltr'><strong>ἑ</strong></span> 
     </span>
    </p>
   </div>
   <div class='ocr_carea' id='block_1_54' title="bbox 2357 3011 4034 3090">
    <p class='ocr_par' dir='ltr' id='par_1_54' title="bbox 2360 3015 4034 3086">
     <span class='ocr_line' id='line_1_54' title="bbox 2360 3015 4034 3086; baseline -0.002 -15"><span class='ocrx_word' id='word_1_430' title='bbox 2360 3053 2373 3064; x_wconf 69' lang='grc' dir='ltr'><strong><em>υ</em></strong></span> <span class='ocrx_word' id='word_1_431' title='bbox 2467 3019 2614 3070; x_wconf 72' lang='grc' dir='ltr'>ἐστὶν</span> <span class='ocrx_word' id='word_1_432' title='bbox 2645 3017 2913 3086; x_wconf 79' lang='grc' dir='ltr'>ἀνθρώπῳ</span> <span class='ocrx_word' id='word_1_433' title='bbox 2954 3016 3198 3080; x_wconf 75' lang='grc' dir='ltr'>δυνατὸν,</span> <span class='ocrx_word' id='word_1_434' title='bbox 3242 3015 3690 3086; x_wconf 76' lang='grc' dir='ltr'><strong>ἐνοπτριζόμεθα.</strong></span> <span class='ocrx_word' id='word_1_435' title='bbox 3737 3016 3850 3082; x_wconf 80' lang='grc' dir='ltr'><strong>Τῆς</strong></span> <span class='ocrx_word' id='word_1_436' title='bbox 3879 3016 4034 3083; x_wconf 84' lang='grc' dir='ltr'>τηλι-</span> 
     </span>
    </p>
   </div>
   <div class='ocr_carea' id='block_1_55' title="bbox 808 3104 2485 3182">
    <p class='ocr_par' dir='ltr' id='par_1_55' title="bbox 808 3104 2485 3171">
     <span class='ocr_line' id='line_1_55' title="bbox 808 3104 2485 3171; baseline 0.008 -15"><span class='ocrx_word' id='word_1_437' title='bbox 808 3104 981 3158; x_wconf 83' lang='lat' dir='ltr'><strong>licem.</strong></span> <span class='ocrx_word' id='word_1_438' title='bbox 1010 3108 1272 3171; x_wconf 56' lang='lat' dir='ltr'><strong>subvecti,</strong></span> <span class='ocrx_word' id='word_1_439' title='bbox 1297 3109 1578 3163; x_wconf 86' lang='lat' dir='ltr'><strong>Trinitatis</strong></span> <span class='ocrx_word' id='word_1_440' title='bbox 1605 3111 1748 3164; x_wconf 92' lang='lat' dir='ltr'><strong>illius</strong></span> <span class='ocrx_word' id='word_1_441' title='bbox 1767 3111 2088 3168; x_wconf 89' lang='lat' dir='ltr'><strong>nniformem</strong></span> <span class='ocrx_word' id='word_1_442' title='bbox 2115 3124 2169 3168; x_wconf 91' lang='lat' dir='ltr'><strong>et</strong></span> <span class='ocrx_word' id='word_1_443' title='bbox 2196 3125 2370 3169; x_wconf 90' lang='lat' dir='ltr'><strong>trans-</strong></span> <span class='ocrx_word' id='word_1_444' title='bbox 2467 3129 2485 3162; x_wconf 69' lang='grc'>³</span> 
     </span>
    </p>
   </div>
   <div class='ocr_carea' id='block_1_56' title="bbox 2356 3104 4033 3182">
    <p class='ocr_par' dir='ltr' id='par_1_56' title="bbox 2356 3110 4033 3182">
     <span class='ocr_line' id='line_1_56' title="bbox 2356 3110 4033 3182; baseline -0.001 -20"><span class='ocrx_word' id='word_1_445' title='bbox 2356 3145 2370 3155; x_wconf 94' lang='grc'><strong>-</strong></span> <span class='ocrx_word' id='word_1_446' title='bbox 2467 3113 2671 3179; x_wconf 80' lang='grc' dir='ltr'>καύτης</span> <span class='ocrx_word' id='word_1_447' title='bbox 2693 3110 2870 3163; x_wconf 86' lang='grc' dir='ltr'>τοίνυν</span> <span class='ocrx_word' id='word_1_448' title='bbox 2903 3110 3122 3181; x_wconf 80' lang='grc' dir='ltr'>χάριτος</span> <span class='ocrx_word' id='word_1_449' title='bbox 3161 3111 3254 3162; x_wconf 68' lang='grc' dir='ltr'><strong>καὶ</strong></span> <span class='ocrx_word' id='word_1_450' title='bbox 3287 3111 3494 3180; x_wconf 81' lang='grc' dir='ltr'>δωρεᾶς</span> <span class='ocrx_word' id='word_1_451' title='bbox 3523 3111 3621 3180; x_wconf 81' lang='grc' dir='ltr'><strong>τὴν</strong></span> <span class='ocrx_word' id='word_1_452' title='bbox 3658 3110 3907 3182; x_wconf 73' lang='grc' dir='ltr'>ἐμφρονά</span> <span class='ocrx_word' id='word_1_453' title='bbox 3936 3126 4033 3161; x_wconf 89' lang='grc' dir='ltr'><strong>σου</strong></span> 
     </span>
    </p>
   </div>
   <div class='ocr_carea' id='block_1_57' title="bbox 2405 3223 2633 3280">
    <p class='ocr_par' dir='ltr' id='par_1_57' title="bbox 2405 3223 2633 3280">
     <span class='ocr_line' id='line_1_57' title="bbox 2405 3223 2633 3280; baseline 0.004 -1"><span class='ocrx_word' id='word_1_454' title='bbox 2405 3223 2633 3280; x_wconf 68' lang='lat' dir='ltr'><strong>NOTAE.</strong></span> 
     </span>
    </p>
   </div>
   <div class='ocr_carea' id='block_1_58' title="bbox 880 3311 4034 3387">
    <p class='ocr_par' dir='ltr' id='par_1_58' title="bbox 880 3311 4034 3387">
     <span class='ocr_line' id='line_1_58' title="bbox 880 3311 4034 3387; baseline 0 -23"><span class='ocrx_word' id='word_1_455' title='bbox 880 3311 956 3387; x_wconf 63' lang='grc' dir='ltr'><strong>(θ)</strong></span> <span class='ocrx_word' id='word_1_456' title='bbox 978 3312 1211 3387; x_wconf 63' lang='grc' dir='ltr'><strong>Εῃῑςιοιτι</strong></span> <span class='ocrx_word' id='word_1_457' title='bbox 1244 3317 1312 3367; x_wconf 88' lang='lat' dir='ltr'><strong>ad</strong></span> <span class='ocrx_word' id='word_1_458' title='bbox 1343 3317 1640 3387; x_wconf 82' lang='lat' dir='ltr'><strong>Michaelem</strong></span> <span class='ocrx_word' id='word_1_459' title='bbox 1676 3318 1945 3387; x_wconf 66' lang='lat' dir='ltr'><strong>Bulgaria</strong></span> <span class='ocrx_word' id='word_1_460' title='bbox 1975 3320 2278 3386; x_wconf 86' lang='lat' dir='ltr'><strong>principem.</strong></span> <span class='ocrx_word' id='word_1_461' title='bbox 2305 3322 2367 3373; x_wconf 81' lang='lat' dir='ltr'><strong>de</strong></span> <span class='ocrx_word' id='word_1_462' title='bbox 2395 3324 2438 3380; x_wconf 89' lang='lat' dir='ltr'><strong>C</strong></span> <span class='ocrx_word' id='word_1_463' title='bbox 2470 3319 2813 3373; x_wconf 89' lang='lat' dir='ltr'><strong>Christianus</strong></span> <span class='ocrx_word' id='word_1_464' title='bbox 2852 3319 3110 3385; x_wconf 87' lang='lat' dir='ltr'><strong>patricius</strong></span> <span class='ocrx_word' id='word_1_465' title='bbox 3155 3318 3282 3370; x_wconf 90' lang='lat' dir='ltr'><strong>item</strong></span> <span class='ocrx_word' id='word_1_466' title='bbox 3313 3328 3548 3379; x_wconf 89' lang='lat' dir='ltr'><strong>creatur,</strong></span> <span class='ocrx_word' id='word_1_467' title='bbox 3584 3316 3648 3369; x_wconf 90' lang='lat' dir='ltr'><strong>ad</strong></span> <span class='ocrx_word' id='word_1_468' title='bbox 3684 3331 3885 3368; x_wconf 89' lang='lat' dir='ltr'><strong>annum</strong></span> <span class='ocrx_word' id='word_1_469' title='bbox 3921 3315 4034 3366; x_wconf 80' lang='lat' dir='ltr'><strong>Do-</strong></span> 
     </span>
    </p>
   </div>
   <div class='ocr_carea' id='block_1_59' title="bbox 811 3381 4035 3456">
    <p class='ocr_par' dir='ltr' id='par_1_59' title="bbox 811 3381 4035 3456">
     <span class='ocr_line' id='line_1_59' title="bbox 811 3381 4035 3456; baseline -0.002 -10"><span class='ocrx_word' id='word_1_470' title='bbox 811 3381 972 3456; x_wconf 58' lang='lat' dir='ltr'><strong>OmCI&#39;O</strong></span> <span class='ocrx_word' id='word_1_471' title='bbox 1019 3385 1288 3456; x_wconf 74' lang='lat' dir='ltr'><strong>principis.</strong></span> <span class='ocrx_word' id='word_1_472' title='bbox 1340 3386 1436 3440; x_wconf 88' lang='lat' dir='ltr'><strong>Hic</strong></span> <span class='ocrx_word' id='word_1_473' title='bbox 1494 3397 1576 3440; x_wconf 90' lang='lat' dir='ltr'><strong>est</strong></span> <span class='ocrx_word' id='word_1_474' title='bbox 1630 3381 1818 3442; x_wconf 72' lang='lat' dir='ltr'><strong>titulus</strong></span> <span class='ocrx_word' id='word_1_475' title='bbox 1858 3405 1888 3442; x_wconf 91' lang='lat' dir='ltr'><strong>a</strong></span> <span class='ocrx_word' id='word_1_476' title='bbox 1938 3381 2208 3450; x_wconf 84' lang='lat' dir='ltr'><strong>librariis,</strong></span> <span class='ocrx_word' id='word_1_477' title='bbox 2257 3405 2367 3443; x_wconf 91' lang='lat' dir='ltr'><strong>non</strong></span> <span class='ocrx_word' id='word_1_478' title='bbox 2472 3390 2602 3443; x_wconf 91' lang='lat' dir='ltr'><strong>mini</strong></span> <span class='ocrx_word' id='word_1_479' title='bbox 2650 3389 2776 3442; x_wconf 85' lang='lat' dir='ltr'><strong>7T7.</strong></span> <span class='ocrx_word' id='word_1_480' title='bbox 2825 3381 3069 3442; x_wconf 65' lang='lat' dir='ltr'><strong>Praesens</strong></span> <span class='ocrx_word' id='word_1_481' title='bbox 3113 3397 3290 3441; x_wconf 89' lang='lat' dir='ltr'><strong>autem</strong></span> <span class='ocrx_word' id='word_1_482' title='bbox 3347 3390 3619 3456; x_wconf 89' lang='lat' dir='ltr'><strong>princeps,</strong></span> <span class='ocrx_word' id='word_1_483' title='bbox 3672 3387 3895 3438; x_wconf 89' lang='lat' dir='ltr'><strong>nomine</strong></span> <span class='ocrx_word' id='word_1_484' title='bbox 3937 3387 4035 3438; x_wconf 79' lang='lat' dir='ltr'><strong>Mi-</strong></span> 
     </span>
    </p>
   </div>
   <div class='ocr_carea' id='block_1_60' title="bbox 811 3453 4031 3528">
    <p class='ocr_par' dir='ltr' id='par_1_60' title="bbox 811 3453 4031 3528">
     <span class='ocr_line' id='line_1_60' title="bbox 811 3453 4031 3528; baseline 0.002 -25"><span class='ocrx_word' id='word_1_485' title='bbox 811 3453 1030 3528; x_wconf 81' lang='lat' dir='ltr'><strong>opinor.</strong></span> <span class='ocrx_word' id='word_1_486' title='bbox 1061 3455 1128 3506; x_wconf 91' lang='lat' dir='ltr'><strong>ab</strong></span> <span class='ocrx_word' id='word_1_487' title='bbox 1162 3467 1380 3528; x_wconf 86' lang='lat' dir='ltr'><strong>auctore</strong></span> <span class='ocrx_word' id='word_1_488' title='bbox 1409 3457 1656 3528; x_wconf 63' lang='lat' dir='ltr'><strong>prtefixus</strong></span> <span class='ocrx_word' id='word_1_489' title='bbox 1687 3473 1700 3510; x_wconf 94' lang='lat'><strong>:</strong></span> <span class='ocrx_word' id='word_1_490' title='bbox 1726 3474 2028 3528; x_wconf 89' lang='lat' dir='ltr'><strong>quanquam</strong></span> <span class='ocrx_word' id='word_1_491' title='bbox 2053 3475 2123 3512; x_wconf 91' lang='lat' dir='ltr'><strong>ne</strong></span> <span class='ocrx_word' id='word_1_492' title='bbox 2144 3459 2220 3512; x_wconf 88' lang='lat' dir='ltr'><strong>sic</strong></span> <span class='ocrx_word' id='word_1_493' title='bbox 2248 3461 2370 3528; x_wconf 88' lang='lat' dir='ltr'><strong>qui-</strong></span> <span class='ocrx_word' id='word_1_494' title='bbox 2471 3460 2691 3518; x_wconf 78' lang='lat' dir='ltr'><strong>cliaelis.</strong></span> <span class='ocrx_word' id='word_1_495' title='bbox 2725 3459 2792 3512; x_wconf 89' lang='lat' dir='ltr'><strong>ab</strong></span> <span class='ocrx_word' id='word_1_496' title='bbox 2823 3459 3027 3522; x_wconf 71' lang='lat' dir='ltr'><strong>origine</strong></span> <span class='ocrx_word' id='word_1_497' title='bbox 3051 3457 3240 3528; x_wconf 87' lang='lat' dir='ltr'><strong>prima,</strong></span> <span class='ocrx_word' id='word_1_498' title='bbox 3270 3453 3417 3528; x_wconf 78' lang='lat' dir='ltr'><strong>inter</strong></span> <span class='ocrx_word' id='word_1_499' title='bbox 3448 3453 3598 3518; x_wconf 82' lang='lat' dir='ltr'><strong>suos,</strong></span> <span class='ocrx_word' id='word_1_500' title='bbox 3636 3459 3717 3509; x_wconf 91' lang='lat' dir='ltr'><strong>vel</strong></span> <span class='ocrx_word' id='word_1_501' title='bbox 3752 3456 3802 3507; x_wconf 93' lang='lat' dir='ltr'><strong>in</strong></span> <span class='ocrx_word' id='word_1_502' title='bbox 3834 3458 4031 3523; x_wconf 84' lang='lat' dir='ltr'><strong>patria,</strong></span> 
     </span>
    </p>
   </div>
   <div class='ocr_carea' id='block_1_61' title="bbox 812 3526 4034 3600">
    <p class='ocr_par' dir='ltr' id='par_1_61' title="bbox 812 3526 4034 3600">
     <span class='ocr_line' id='line_1_61' title="bbox 812 3526 4034 3600; baseline 0.002 -27"><span class='ocrx_word' id='word_1_503' title='bbox 812 3526 933 3600; x_wconf 58' lang='lat' dir='ltr'><strong>item</strong></span> <span class='ocrx_word' id='word_1_504' title='bbox 978 3535 1208 3600; x_wconf 83' lang='lat' dir='ltr'><strong>constat_</strong></span> <span class='ocrx_word' id='word_1_505' title='bbox 1240 3527 1538 3600; x_wconf 67' lang='lat' dir='ltr'><strong>inscriptio.</strong></span> <span class='ocrx_word' id='word_1_506' title='bbox 1586 3526 1731 3600; x_wconf 15' lang='lat' dir='ltr'><strong>Nam,</strong></span> <span class='ocrx_word' id='word_1_507' title='bbox 1749 3526 1813 3581; x_wconf 87' lang='lat' dir='ltr'><strong>in</strong></span> <span class='ocrx_word' id='word_1_508' title='bbox 1849 3526 2069 3600; x_wconf 73' lang='lat' dir='ltr'><strong>scriptis</strong></span> <span class='ocrx_word' id='word_1_509' title='bbox 2094 3538 2228 3594; x_wconf 89' lang='lat' dir='ltr'><strong>erat,</strong></span> <span class='ocrx_word' id='word_1_510' title='bbox 2260 3526 2369 3583; x_wconf 85' lang='lat' dir='ltr'><strong>non</strong></span> <span class='ocrx_word' id='word_1_511' title='bbox 2468 3529 2711 3600; x_wconf 82' lang='lat' dir='ltr'><strong>Bagaris,</strong></span> <span class='ocrx_word' id='word_1_512' title='bbox 2754 3545 2860 3600; x_wconf 90' lang='lat' dir='ltr'><strong>non</strong></span> <span class='ocrx_word' id='word_1_513' title='bbox 2898 3527 3116 3582; x_wconf 77' lang='lat' dir='ltr'><strong>Michael</strong></span> <span class='ocrx_word' id='word_1_514' title='bbox 3147 3527 3472 3600; x_wconf 70' lang='lat' dir='ltr'><strong>dicebatur:</strong></span> <span class='ocrx_word' id='word_1_515' title='bbox 3509 3541 3695 3600; x_wconf 79' lang='lat' dir='ltr'><strong>verum</strong></span> <span class='ocrx_word' id='word_1_516' title='bbox 3729 3541 4034 3600; x_wconf 83' lang='lat' dir='ltr'><strong>conversus</strong></span> 
     </span>
    </p>
   </div>
   <div class='ocr_carea' id='block_1_62' title="bbox 813 3593 2490 3665">
    <p class='ocr_par' dir='ltr' id='par_1_62' title="bbox 813 3593 2490 3665">
     <span class='ocr_line' id='line_1_62' title="bbox 813 3593 2490 3665; baseline 0.007 -24"><span class='ocrx_word' id='word_1_517' title='bbox 813 3593 1085 3665; x_wconf 77' lang='grc' dir='ltr'>ἐπιστολή.</span> <span class='ocrx_word' id='word_1_518' title='bbox 1118 3597 1210 3650; x_wconf 92' lang='lat' dir='ltr'><strong>sed</strong></span> <span class='ocrx_word' id='word_1_519' title='bbox 1254 3599 1316 3648; x_wconf 82' lang='grc' dir='ltr'><strong>ὲκ</strong></span> <span class='ocrx_word' id='word_1_520' title='bbox 1360 3593 1459 3664; x_wconf 79' lang='grc' dir='ltr'><strong>τῆς</strong></span> <span class='ocrx_word' id='word_1_521' title='bbox 1497 3598 1801 3665; x_wconf 76' lang='grc' dir='ltr'>ἐπιστολῆς.</span> <span class='ocrx_word' id='word_1_522' title='bbox 1849 3598 1917 3652; x_wconf 88' lang='lat' dir='ltr'><strong>Ut</strong></span> <span class='ocrx_word' id='word_1_523' title='bbox 1965 3593 2223 3652; x_wconf 70' lang='lat' dir='ltr'><strong>videatur</strong></span> <span class='ocrx_word' id='word_1_524' title='bbox 2260 3617 2368 3654; x_wconf 92' lang='lat' dir='ltr'><strong>non</strong></span> <span class='ocrx_word' id='word_1_525' title='bbox 2469 3617 2490 3652; x_wconf 81' lang='lat' dir='ltr'><strong>a</strong></span> 
     </span>
    </p>
   </div>
   <div class='ocr_carea' id='block_1_63' title="bbox 2353 3593 4030 3665">
    <p class='ocr_par' dir='ltr' id='par_1_63' title="bbox 2353 3593 4030 3664">
     <span class='ocr_line' id='line_1_63' title="bbox 2353 3593 4030 3664; baseline -0.003 -10"><span class='ocrx_word' id='word_1_526' title='bbox 2353 3617 2368 3654; x_wconf 85' lang='grc' dir='ltr'>ι</span> <span class='ocrx_word' id='word_1_527' title='bbox 2469 3593 2732 3653; x_wconf 61' lang='grc' dir='ltr'><strong>λύ’ῐίιιθῐη</strong></span> <span class='ocrx_word' id='word_1_528' title='bbox 2774 3599 3157 3659; x_wconf 85' lang='lat' dir='ltr'><strong>Christianam,</strong></span> <span class='ocrx_word' id='word_1_529' title='bbox 3202 3606 3257 3650; x_wconf 90' lang='lat' dir='ltr'><strong>et</strong></span> <span class='ocrx_word' id='word_1_530' title='bbox 3295 3597 3559 3663; x_wconf 90' lang='lat' dir='ltr'><strong>baptismo</strong></span> <span class='ocrx_word' id='word_1_531' title='bbox 3590 3597 3906 3656; x_wconf 87' lang='lat' dir='ltr'><strong>illustratus,</strong></span> <span class='ocrx_word' id='word_1_532' title='bbox 3939 3597 4030 3664; x_wconf 86' lang='lat' dir='ltr'><strong>qui</strong></span> 
     </span>
    </p>
   </div>
   <div class='ocr_carea' id='block_1_64' title="bbox 813 3663 4030 3739">
    <p class='ocr_par' dir='ltr' id='par_1_64' title="bbox 813 3663 4030 3739">
     <span class='ocr_line' id='line_1_64' title="bbox 813 3663 4030 3739; baseline 0.001 -23"><span class='ocrx_word' id='word_1_533' title='bbox 813 3672 920 3739; x_wconf 72' lang='lat' dir='ltr'><strong>tum</strong></span> <span class='ocrx_word' id='word_1_534' title='bbox 971 3663 1176 3732; x_wconf 79' lang='lat' dir='ltr'><strong>integra</strong></span> <span class='ocrx_word' id='word_1_535' title='bbox 1217 3663 1463 3734; x_wconf 85' lang='lat' dir='ltr'><strong>epistola,</strong></span> <span class='ocrx_word' id='word_1_536' title='bbox 1510 3669 1591 3721; x_wconf 89' lang='lat' dir='ltr'><strong>vel</strong></span> <span class='ocrx_word' id='word_1_537' title='bbox 1641 3663 1776 3721; x_wconf 84' lang='lat' dir='ltr'><strong>liber</strong></span> <span class='ocrx_word' id='word_1_538' title='bbox 1816 3669 2017 3738; x_wconf 87' lang='lat' dir='ltr'><strong>potius,</strong></span> <span class='ocrx_word' id='word_1_539' title='bbox 2055 3679 2108 3723; x_wconf 92' lang='lat' dir='ltr'><strong>et</strong></span> <span class='ocrx_word' id='word_1_540' title='bbox 2149 3670 2367 3738; x_wconf 91' lang='lat' dir='ltr'><strong>quidem</strong></span> <span class='ocrx_word' id='word_1_541' title='bbox 2470 3671 2574 3723; x_wconf 89' lang='lat' dir='ltr'><strong>fuit</strong></span> <span class='ocrx_word' id='word_1_542' title='bbox 2617 3671 2671 3722; x_wconf 93' lang='lat' dir='ltr'><strong>in</strong></span> <span class='ocrx_word' id='word_1_543' title='bbox 2700 3670 3016 3739; x_wconf 81' lang='lat' dir='ltr'><strong>paganismo</strong></span> <span class='ocrx_word' id='word_1_544' title='bbox 3049 3667 3290 3739; x_wconf 71' lang='lat' dir='ltr'><strong>Bogaris,</strong></span> <span class='ocrx_word' id='word_1_545' title='bbox 3325 3667 3393 3739; x_wconf 77' lang='lat' dir='ltr'><strong>ab</strong></span> <span class='ocrx_word' id='word_1_546' title='bbox 3417 3667 3672 3739; x_wconf 84' lang='lat' dir='ltr'><strong>episcopo</strong></span> <span class='ocrx_word' id='word_1_547' title='bbox 3697 3663 4030 3739; x_wconf 62' lang='lat' dir='ltr'><strong>baptiaante,</strong></span> 
     </span>
    </p>
   </div>
   <div class='ocr_carea' id='block_1_65' title="bbox 811 3733 4034 3808">
    <p class='ocr_par' dir='ltr' id='par_1_65' title="bbox 811 3733 4034 3808">
     <span class='ocr_line' id='line_1_65' title="bbox 811 3733 4034 3808; baseline 0.002 -25"><span class='ocrx_word' id='word_1_548' title='bbox 811 3733 942 3785; x_wconf 82' lang='lat' dir='ltr'><strong>satis</strong></span> <span class='ocrx_word' id='word_1_549' title='bbox 989 3733 1430 3808; x_wconf 26' lang='lat' dir='ltr'><strong>magnusgqnam</strong></span> <span class='ocrx_word' id='word_1_550' title='bbox 1475 3733 1945 3806; x_wconf 75' lang='lat' dir='ltr'><strong>reprzesentamns.</strong></span> <span class='ocrx_word' id='word_1_551' title='bbox 1979 3755 2137 3807; x_wconf 90' lang='lat' dir='ltr'><strong>quam</strong></span> <span class='ocrx_word' id='word_1_552' title='bbox 2167 3733 2245 3794; x_wconf 71' lang='grc' dir='ltr'><strong>ἐκ</strong></span> <span class='ocrx_word' id='word_1_553' title='bbox 2279 3741 2366 3794; x_wconf 87' lang='lat' dir='ltr'><strong>illa</strong></span> <span class='ocrx_word' id='word_1_554' title='bbox 2469 3740 2562 3808; x_wconf 91' lang='lat' dir='ltr'><strong>qui</strong></span> <span class='ocrx_word' id='word_1_555' title='bbox 2599 3740 2664 3793; x_wconf 91' lang='lat' dir='ltr'><strong>ad</strong></span> <span class='ocrx_word' id='word_1_556' title='bbox 2703 3733 2835 3792; x_wconf 72' lang='lat' dir='ltr'><strong>eum</strong></span> <span class='ocrx_word' id='word_1_557' title='bbox 2881 3741 3080 3792; x_wconf 89' lang='lat' dir='ltr'><strong>missus</strong></span> <span class='ocrx_word' id='word_1_558' title='bbox 3125 3737 3299 3792; x_wconf 88' lang='lat' dir='ltr'><strong>fuerat</strong></span> <span class='ocrx_word' id='word_1_559' title='bbox 3343 3733 4034 3808; x_wconf 27' lang='lat' dir='ltr'><strong>Constantinopolihbapti—</strong></span> 
     </span>
    </p>
   </div>
   <div class='ocr_carea' id='block_1_66' title="bbox 812 3805 4034 3877">
    <p class='ocr_par' dir='ltr' id='par_1_66' title="bbox 812 3805 4034 3877">
     <span class='ocr_line' id='line_1_66' title="bbox 812 3805 4034 3877; baseline 0.001 -23"><span class='ocrx_word' id='word_1_560' title='bbox 812 3818 1064 3877; x_wconf 61' lang='lat' dir='ltr'><strong>excerpta</strong></span> <span class='ocrx_word' id='word_1_561' title='bbox 1102 3807 1344 3874; x_wconf 60' lang='lat' dir='ltr'><strong>quaedam</strong></span> <span class='ocrx_word' id='word_1_562' title='bbox 1388 3805 1688 3868; x_wconf 85' lang='lat' dir='ltr'><strong>continere.</strong></span> <span class='ocrx_word' id='word_1_563' title='bbox 1723 3808 1790 3861; x_wconf 91' lang='lat' dir='ltr'><strong>ab</strong></span> <span class='ocrx_word' id='word_1_564' title='bbox 1820 3805 2250 3877; x_wconf 40' lang='lat' dir='ltr'><strong>aliquo—lectore,</strong></span> <span class='ocrx_word' id='word_1_565' title='bbox 2283 3811 2366 3862; x_wconf 90' lang='lat' dir='ltr'><strong>vel</strong></span> <span class='ocrx_word' id='word_1_566' title='bbox 2470 3805 2721 3872; x_wconf 77' lang='lat' dir='ltr'><strong>zandum,</strong></span> <span class='ocrx_word' id='word_1_567' title='bbox 2751 3810 2817 3863; x_wconf 91' lang='lat' dir='ltr'><strong>de</strong></span> <span class='ocrx_word' id='word_1_568' title='bbox 2854 3809 3073 3861; x_wconf 91' lang='lat' dir='ltr'><strong>nomine</strong></span> <span class='ocrx_word' id='word_1_569' title='bbox 3098 3808 3363 3862; x_wconf 78' lang='lat' dir='ltr'><strong>mittentis</strong></span> <span class='ocrx_word' id='word_1_570' title='bbox 3391 3807 3756 3877; x_wconf 84' lang='lat' dir='ltr'><strong>imperatoris.</strong></span> <span class='ocrx_word' id='word_1_571' title='bbox 3791 3805 4034 3860; x_wconf 80' lang='lat' dir='ltr'><strong>Michae-</strong></span> 
     </span>
    </p>
   </div>
   <div class='ocr_carea' id='block_1_67' title="bbox 813 3871 4031 3949">
    <p class='ocr_par' dir='ltr' id='par_1_67' title="bbox 813 3871 4031 3949">
     <span class='ocr_line' id='line_1_67' title="bbox 813 3871 4031 3949; baseline 0.002 -25"><span class='ocrx_word' id='word_1_572' title='bbox 813 3871 1055 3928; x_wconf 25' lang='lat' dir='ltr'><strong>fortas’sis</strong></span> <span class='ocrx_word' id='word_1_573' title='bbox 1097 3871 1210 3945; x_wconf 86' lang='lat' dir='ltr'><strong>ipso</strong></span> <span class='ocrx_word' id='word_1_574' title='bbox 1239 3877 1430 3949; x_wconf 83' lang='lat' dir='ltr'><strong>Photio</strong></span> <span class='ocrx_word' id='word_1_575' title='bbox 1470 3878 1578 3947; x_wconf 88' lang='lat' dir='ltr'><strong>(qui</strong></span> <span class='ocrx_word' id='word_1_576' title='bbox 1609 3871 1976 3949; x_wconf 77' lang='lat' dir='ltr'><strong>delectabatur</strong></span> <span class='ocrx_word' id='word_1_577' title='bbox 2002 3879 2275 3949; x_wconf 89' lang='lat' dir='ltr'><strong>epitomis)</strong></span> <span class='ocrx_word' id='word_1_578' title='bbox 2313 3881 2364 3932; x_wconf 92' lang='lat' dir='ltr'><strong>in</strong></span> <span class='ocrx_word' id='word_1_579' title='bbox 2467 3880 2534 3932; x_wconf 90' lang='lat' dir='ltr'><strong>lis</strong></span> <span class='ocrx_word' id='word_1_580' title='bbox 2559 3871 2722 3940; x_wconf 82' lang='lat' dir='ltr'><strong>tertii,</strong></span> <span class='ocrx_word' id='word_1_581' title='bbox 2756 3894 2848 3932; x_wconf 91' lang='lat' dir='ltr'><strong>seu</strong></span> <span class='ocrx_word' id='word_1_582' title='bbox 2875 3878 3364 3949; x_wconf 64' lang='lat' dir='ltr'><strong>Porphyrogenitaa.</strong></span> <span class='ocrx_word' id='word_1_583' title='bbox 3388 3871 3622 3949; x_wconf 69' lang='lat' dir='ltr'><strong>Michael</strong></span> <span class='ocrx_word' id='word_1_584' title='bbox 3648 3886 3702 3929; x_wconf 89' lang='lat' dir='ltr'><strong>et</strong></span> <span class='ocrx_word' id='word_1_585' title='bbox 3735 3877 3848 3945; x_wconf 90' lang='lat' dir='ltr'><strong>ipse</strong></span> <span class='ocrx_word' id='word_1_586' title='bbox 3881 3877 4031 3949; x_wconf 82' lang='lat' dir='ltr'><strong>dice-</strong></span> 
     </span>
    </p>
   </div>
   <div class='ocr_carea' id='block_1_68' title="bbox 813 3947 4028 4014">
    <p class='ocr_par' dir='ltr' id='par_1_68' title="bbox 813 3947 4028 4014">
     <span class='ocr_line' id='line_1_68' title="bbox 813 3947 4028 4014; baseline 0.001 -20"><span class='ocrx_word' id='word_1_587' title='bbox 813 3959 1098 3998; x_wconf 89' lang='lat' dir='ltr'><strong>numerum</strong></span> <span class='ocrx_word' id='word_1_588' title='bbox 1133 3956 1293 4014; x_wconf 88' lang='lat' dir='ltr'><strong>atque</strong></span> <span class='ocrx_word' id='word_1_589' title='bbox 1321 3947 1564 4000; x_wconf 90' lang='lat' dir='ltr'><strong>ordinem</strong></span> <span class='ocrx_word' id='word_1_590' title='bbox 1599 3957 1837 4002; x_wconf 85' lang='lat' dir='ltr'><strong>coaetus.</strong></span> <span class='ocrx_word' id='word_1_591' title='bbox 1892 3948 1984 4002; x_wconf 86' lang='lat' dir='ltr'><strong>Est</strong></span> <span class='ocrx_word' id='word_1_592' title='bbox 2019 3959 2219 4009; x_wconf 86' lang='lat' dir='ltr'><strong>autem,</strong></span> <span class='ocrx_word' id='word_1_593' title='bbox 2255 3947 2367 4003; x_wconf 88' lang='lat' dir='ltr'><strong>sive</strong></span> <span class='ocrx_word' id='word_1_594' title='bbox 2470 3950 2669 4003; x_wconf 89' lang='lat' dir='ltr'><strong>batur:</strong></span> <span class='ocrx_word' id='word_1_595' title='bbox 2715 3950 2855 4003; x_wconf 87' lang='lat' dir='ltr'><strong>hanc</strong></span> <span class='ocrx_word' id='word_1_596' title='bbox 2899 3947 3176 4002; x_wconf 88' lang='lat' dir='ltr'><strong>historiam</strong></span> <span class='ocrx_word' id='word_1_597' title='bbox 3209 3948 3468 4000; x_wconf 86' lang='lat' dir='ltr'><strong>Baronius</strong></span> <span class='ocrx_word' id='word_1_598' title='bbox 3494 3947 3663 3999; x_wconf 91' lang='lat' dir='ltr'><strong>fusius</strong></span> <span class='ocrx_word' id='word_1_599' title='bbox 3691 3947 4028 4014; x_wconf 74' lang='lat' dir='ltr'><strong>exsequitur,</strong></span> 
     </span>
    </p>
   </div>
   <div class='ocr_carea' id='block_1_69' title="bbox 811 4014 2488 4087">
    <p class='ocr_par' dir='ltr' id='par_1_69' title="bbox 811 4014 2488 4087">
     <span class='ocr_line' id='line_1_69' title="bbox 811 4014 2488 4087; baseline 0.004 -22"><span class='ocrx_word' id='word_1_600' title='bbox 811 4021 929 4087; x_wconf 79' lang='lat' dir='ltr'><strong>erat</strong></span> <span class='ocrx_word' id='word_1_601' title='bbox 976 4014 1108 4068; x_wconf 89' lang='lat' dir='ltr'><strong>liber</strong></span> <span class='ocrx_word' id='word_1_602' title='bbox 1138 4019 1365 4086; x_wconf 75' lang='lat' dir='ltr'><strong>integer,</strong></span> <span class='ocrx_word' id='word_1_603' title='bbox 1397 4019 1507 4071; x_wconf 91' lang='lat' dir='ltr'><strong>sive</strong></span> <span class='ocrx_word' id='word_1_604' title='bbox 1533 4017 1758 4086; x_wconf 92' lang='lat' dir='ltr'><strong>epistola</strong></span> <span class='ocrx_word' id='word_1_605' title='bbox 1789 4019 2069 4087; x_wconf 84' lang='grc' dir='ltr'>νουθετική</span> <span class='ocrx_word' id='word_1_606' title='bbox 2104 4033 2156 4071; x_wconf 88' lang='lat' dir='ltr'><strong>et</strong></span> <span class='ocrx_word' id='word_1_607' title='bbox 2183 4019 2366 4071; x_wconf 85' lang='grc' dir='ltr'>διδακ-</span> <span class='ocrx_word' id='word_1_608' title='bbox 2468 4035 2488 4072; x_wconf 81' lang='lat' dir='ltr'><strong>a</strong></span> 
     </span>
    </p>
   </div>
   <div class='ocr_carea' id='block_1_70' title="bbox 2249 4014 3926 4087">
    <p class='ocr_par' dir='ltr' id='par_1_70' title="bbox 2249 4015 3926 4087">
     <span class='ocr_line' id='line_1_70' title="bbox 2249 4015 3926 4087; baseline -0.001 -17"><span class='ocrx_word' id='word_1_609' title='bbox 2249 4019 2366 4071; x_wconf 76' lang='lat' dir='ltr'><strong>iax-</strong></span> <span class='ocrx_word' id='word_1_610' title='bbox 2468 4019 2532 4072; x_wconf 92' lang='lat' dir='ltr'><strong>ad</strong></span> <span class='ocrx_word' id='word_1_611' title='bbox 2564 4035 2764 4072; x_wconf 91' lang='lat' dir='ltr'><strong>annum</strong></span> <span class='ocrx_word' id='word_1_612' title='bbox 2793 4019 2915 4081; x_wconf 69' lang='lat'><strong>845,</strong></span> <span class='ocrx_word' id='word_1_613' title='bbox 2947 4034 2978 4072; x_wconf 89' lang='lat' dir='ltr'><strong>e</strong></span> <span class='ocrx_word' id='word_1_614' title='bbox 3014 4017 3222 4071; x_wconf 87' lang='lat' dir='ltr'><strong>Joanne</strong></span> <span class='ocrx_word' id='word_1_615' title='bbox 3247 4015 3587 4087; x_wconf 85' lang='lat' dir='ltr'><strong>Curopalata.</strong></span> <span class='ocrx_word' id='word_1_616' title='bbox 3623 4015 3926 4087; x_wconf 70' lang='lat' dir='ltr'><strong>Mpsncur.</strong></span> 
     </span>
    </p>
   </div>
   <div class='ocr_carea' id='block_1_71' title="bbox 808 4084 4029 4156">
    <p class='ocr_par' dir='ltr' id='par_1_71' title="bbox 808 4084 4029 4156">
     <span class='ocr_line' id='line_1_71' title="bbox 808 4084 4029 4156; baseline 0.001 -18"><span class='ocrx_word' id='word_1_617' title='bbox 808 4084 971 4156; x_wconf 55' lang='lat' dir='ltr'><strong>md],</strong></span> <span class='ocrx_word' id='word_1_618' title='bbox 1012 4101 1108 4154; x_wconf 90' lang='lat' dir='ltr'><strong>per</strong></span> <span class='ocrx_word' id='word_1_619' title='bbox 1153 4084 1332 4141; x_wconf 84' lang='lat' dir='ltr'><strong>omnia</strong></span> <span class='ocrx_word' id='word_1_620' title='bbox 1382 4084 1710 4142; x_wconf 75' lang='lat' dir='ltr'><strong>conformata</strong></span> <span class='ocrx_word' id='word_1_621' title='bbox 1760 4087 2011 4142; x_wconf 91' lang='lat' dir='ltr'><strong>Isocratis</strong></span> <span class='ocrx_word' id='word_1_622' title='bbox 2059 4084 2138 4142; x_wconf 83' lang='lat' dir='ltr'><strong>illi</strong></span> <span class='ocrx_word' id='word_1_623' title='bbox 2171 4090 2368 4156; x_wconf 79' lang='lat' dir='ltr'><strong>scripto</strong></span> <span class='ocrx_word' id='word_1_624' title='bbox 2541 4089 2614 4154; x_wconf 81' lang='grc'><strong>(7)</strong></span> <span class='ocrx_word' id='word_1_625' title='bbox 2651 4088 3022 4155; x_wconf 77' lang='grc' dir='ltr'><strong>Βουλγαρίας</strong></span> <span class='ocrx_word' id='word_1_626' title='bbox 3087 4088 3253 4141; x_wconf 83' lang='lat' dir='ltr'><strong>Erant</strong></span> <span class='ocrx_word' id='word_1_627' title='bbox 3285 4086 3517 4156; x_wconf 80' lang='lat' dir='ltr'><strong>Bulgari,</strong></span> <span class='ocrx_word' id='word_1_628' title='bbox 3551 4095 3644 4139; x_wconf 92' lang='lat' dir='ltr'><strong>aut</strong></span> <span class='ocrx_word' id='word_1_629' title='bbox 3671 4084 3869 4153; x_wconf 73' lang='lat' dir='ltr'><strong>Bulgae,</strong></span> <span class='ocrx_word' id='word_1_630' title='bbox 3896 4101 4029 4154; x_wconf 74' lang='lat' dir='ltr'><strong>gens</strong></span> 
     </span>
    </p>
   </div>
   <div class='ocr_carea' id='block_1_72' title="bbox 813 4155 4028 4228">
    <p class='ocr_par' dir='ltr' id='par_1_72' title="bbox 813 4155 4028 4228">
     <span class='ocr_line' id='line_1_72' title="bbox 813 4155 4028 4228; baseline 0.001 -21"><span class='ocrx_word' id='word_1_631' title='bbox 813 4155 879 4207; x_wconf 86' lang='lat' dir='ltr'><strong>ad</strong></span> <span class='ocrx_word' id='word_1_632' title='bbox 913 4155 1205 4228; x_wconf 62' lang='lat' dir='ltr'><strong>Nicoclem,</strong></span> <span class='ocrx_word' id='word_1_633' title='bbox 1239 4159 1394 4226; x_wconf 88' lang='lat' dir='ltr'><strong>cujus</strong></span> <span class='ocrx_word' id='word_1_634' title='bbox 1434 4174 1626 4228; x_wconf 90' lang='lat' dir='ltr'><strong>scopus</strong></span> <span class='ocrx_word' id='word_1_635' title='bbox 1659 4158 1726 4211; x_wconf 85' lang='lat' dir='ltr'><strong>ab</strong></span> <span class='ocrx_word' id='word_1_636' title='bbox 1753 4158 2102 4226; x_wconf 86' lang='lat' dir='ltr'><strong>inscriptione</strong></span> <span class='ocrx_word' id='word_1_637' title='bbox 2142 4155 2366 4211; x_wconf 80' lang='lat' dir='ltr'><strong>exliibe-</strong></span> <span class='ocrx_word' id='word_1_638' title='bbox 2467 4159 2716 4222; x_wconf 89' lang='lat' dir='ltr'><strong>barbara,</strong></span> <span class='ocrx_word' id='word_1_639' title='bbox 2748 4159 2934 4220; x_wconf 85' lang='lat' dir='ltr'><strong>effera,</strong></span> <span class='ocrx_word' id='word_1_640' title='bbox 2969 4173 3193 4228; x_wconf 78' lang='lat' dir='ltr'><strong>pagana.</strong></span> <span class='ocrx_word' id='word_1_641' title='bbox 3226 4155 3592 4228; x_wconf 80' lang='lat' dir='ltr'><strong>AquilOnaris,</strong></span> <span class='ocrx_word' id='word_1_642' title='bbox 3616 4171 3736 4224; x_wconf 60' lang='lat' dir='ltr'><strong>qua:</strong></span> <span class='ocrx_word' id='word_1_643' title='bbox 3757 4165 4028 4228; x_wconf 84' lang='lat' dir='ltr'><strong>postrema</strong></span> 
     </span>
    </p>
   </div>
   <div class='ocr_carea' id='block_1_73' title="bbox 814 4226 4026 4297">
    <p class='ocr_par' dir='ltr' id='par_1_73' title="bbox 814 4226 4026 4297">
     <span class='ocr_line' id='line_1_73' title="bbox 814 4226 4026 4297; baseline 0.001 -22"><span class='ocrx_word' id='word_1_644' title='bbox 814 4233 922 4297; x_wconf 73' lang='lat' dir='ltr'><strong>tur.</strong></span> <span class='ocrx_word' id='word_1_645' title='bbox 951 4226 1188 4294; x_wconf 72' lang='grc' dir='ltr'><strong>Τὶἔργον</strong></span> <span class='ocrx_word' id='word_1_646' title='bbox 1209 4230 1484 4296; x_wconf 81' lang='grc' dir='ltr'>ἄρχοντος.</span> <span class='ocrx_word' id='word_1_647' title='bbox 1514 4227 1696 4295; x_wconf 89' lang='lat' dir='ltr'><strong>Itaque</strong></span> <span class='ocrx_word' id='word_1_648' title='bbox 1729 4228 1974 4281; x_wconf 85' lang='lat' dir='ltr'><strong>inscribit</strong></span> <span class='ocrx_word' id='word_1_649' title='bbox 1997 4229 2111 4296; x_wconf 91' lang='lat' dir='ltr'><strong>ipse</strong></span> <span class='ocrx_word' id='word_1_650' title='bbox 2136 4230 2366 4293; x_wconf 90' lang='lat' dir='ltr'><strong>titulum,</strong></span> <span class='ocrx_word' id='word_1_651' title='bbox 2468 4244 2604 4288; x_wconf 84' lang='lat' dir='ltr'><strong>pene</strong></span> <span class='ocrx_word' id='word_1_652' title='bbox 2651 4229 2892 4282; x_wconf 91' lang='lat' dir='ltr'><strong>omnium</strong></span> <span class='ocrx_word' id='word_1_653' title='bbox 2938 4230 3005 4282; x_wconf 90' lang='lat' dir='ltr'><strong>ab</strong></span> <span class='ocrx_word' id='word_1_654' title='bbox 3043 4226 3338 4297; x_wconf 55' lang='lat' dir='ltr'><strong>&#39;Aquilone.</strong></span> <span class='ocrx_word' id='word_1_655' title='bbox 3371 4227 3513 4280; x_wconf 88' lang='lat' dir='ltr'><strong>unde</strong></span> <span class='ocrx_word' id='word_1_656' title='bbox 3539 4241 3700 4280; x_wconf 92' lang='lat' dir='ltr'><strong>omne</strong></span> <span class='ocrx_word' id='word_1_657' title='bbox 3739 4227 3940 4297; x_wconf 82' lang='lat' dir='ltr'><strong>malum</strong></span> <span class='ocrx_word' id='word_1_658' title='bbox 3973 4227 4026 4279; x_wconf 91' lang='lat' dir='ltr'><strong>in</strong></span> 
     </span>
    </p>
   </div>
   <div class='ocr_carea' id='block_1_74' title="bbox 812 4295 2489 4369">
    <p class='ocr_par' dir='ltr' id='par_1_74' title="bbox 812 4295 2489 4369">
     <span class='ocr_line' id='line_1_74' title="bbox 812 4295 2489 4369; baseline 0.005 -25"><span class='ocrx_word' id='word_1_659' title='bbox 812 4295 956 4369; x_wconf 67' lang='lat' dir='ltr'><strong>llpb;</strong></span> <span class='ocrx_word' id='word_1_660' title='bbox 987 4297 1078 4346; x_wconf 74' lang='grc' dir='ltr'><strong>τὸν</strong></span> <span class='ocrx_word' id='word_1_661' title='bbox 1124 4295 1356 4369; x_wconf 81' lang='grc' dir='ltr'><strong>ἄρχοντα</strong></span> <span class='ocrx_word' id='word_1_662' title='bbox 1401 4299 1749 4366; x_wconf 65' lang='grc' dir='ltr'><strong>Βουλγαρὶαςτ</strong></span> <span class='ocrx_word' id='word_1_663' title='bbox 1785 4300 1864 4348; x_wconf 79' lang='lat' dir='ltr'><strong>Ad</strong></span> <span class='ocrx_word' id='word_1_664' title='bbox 1892 4295 2178 4368; x_wconf 61' lang='lat' dir='ltr'><strong>prinbipem</strong></span> <span class='ocrx_word' id='word_1_665' title='bbox 2207 4301 2368 4368; x_wconf 86' lang='lat' dir='ltr'><strong>gentis</strong></span> <span class='ocrx_word' id='word_1_666' title='bbox 2469 4300 2489 4353; x_wconf 80' lang='grc' dir='ltr'>Ι</span> 
     </span>
    </p>
   </div>
   <div class='ocr_carea' id='block_1_75' title="bbox 2349 4295 4026 4369">
    <p class='ocr_par' dir='ltr' id='par_1_75' title="bbox 2349 4295 4026 4369">
     <span class='ocr_line' id='line_1_75' title="bbox 2349 4295 4026 4369; baseline -0.001 -17"><span class='ocrx_word' id='word_1_667' title='bbox 2349 4317 2368 4352; x_wconf 83' lang='lat' dir='ltr'><strong>s</strong></span> <span class='ocrx_word' id='word_1_668' title='bbox 2469 4300 2771 4353; x_wconf 86' lang='lat' dir='ltr'><strong>Romanum</strong></span> <span class='ocrx_word' id='word_1_669' title='bbox 2825 4295 3133 4369; x_wconf 49' lang='lat' dir='ltr'><strong>imperium&#39;</strong></span> <span class='ocrx_word' id='word_1_670' title='bbox 3165 4298 3467 4359; x_wconf 82' lang='lat' dir='ltr'><strong>inundavit,</strong></span> <span class='ocrx_word' id='word_1_671' title='bbox 3514 4306 3637 4366; x_wconf 92' lang='lat' dir='ltr'><strong>post</strong></span> <span class='ocrx_word' id='word_1_672' title='bbox 3669 4297 3801 4369; x_wconf 86' lang='lat' dir='ltr'><strong>alias</strong></span> <span class='ocrx_word' id='word_1_673' title='bbox 3830 4314 3860 4349; x_wconf 87' lang='lat' dir='ltr'><strong>e</strong></span> <span class='ocrx_word' id='word_1_674' title='bbox 3890 4295 4026 4369; x_wconf 72' lang='lat' dir='ltr'><strong>Sey.-</strong></span> 
     </span>
    </p>
   </div>
   <div class='ocr_carea' id='block_1_76' title="bbox 811 4364 4024 4438">
    <p class='ocr_par' dir='ltr' id='par_1_76' title="bbox 811 4364 4024 4438">
     <span class='ocr_line' id='line_1_76' title="bbox 811 4364 4024 4438; baseline 0.001 -24"><span class='ocrx_word' id='word_1_675' title='bbox 811 4364 1312 4438; x_wconf 20' lang='lat' dir='ltr'><strong>Bulgaroramilta</strong></span> <span class='ocrx_word' id='word_1_676' title='bbox 1355 4369 1496 4421; x_wconf 90' lang='lat' dir='ltr'><strong>enim</strong></span> <span class='ocrx_word' id='word_1_677' title='bbox 1524 4364 1856 4421; x_wconf 86' lang='lat' dir='ltr'><strong>vocabantur</strong></span> <span class='ocrx_word' id='word_1_678' title='bbox 1889 4364 2068 4438; x_wconf 64' lang='lat' dir='ltr'><strong>gentis</strong></span> <span class='ocrx_word' id='word_1_679' title='bbox 2103 4364 2245 4422; x_wconf 80' lang='lat' dir='ltr'><strong>illius</strong></span> <span class='ocrx_word' id='word_1_680' title='bbox 2268 4408 2282 4432; x_wconf 94' lang='lat'><strong>,</strong></span> <span class='ocrx_word' id='word_1_681' title='bbox 2314 4379 2368 4423; x_wconf 90' lang='lat' dir='ltr'><strong>et</strong></span> <span class='ocrx_word' id='word_1_682' title='bbox 2470 4373 2582 4422; x_wconf 90' lang='lat' dir='ltr'><strong>tnia</strong></span> <span class='ocrx_word' id='word_1_683' title='bbox 2626 4364 2915 4438; x_wconf 72' lang='lat' dir='ltr'><strong>proluvies,</strong></span> <span class='ocrx_word' id='word_1_684' title='bbox 2953 4369 3283 4438; x_wconf 86' lang='lat' dir='ltr'><strong>irruperunt,</strong></span> <span class='ocrx_word' id='word_1_685' title='bbox 3309 4377 3364 4420; x_wconf 86' lang='lat' dir='ltr'><strong>et</strong></span> <span class='ocrx_word' id='word_1_686' title='bbox 3387 4364 3686 4438; x_wconf 77' lang='lat' dir='ltr'><strong>Romanum</strong></span> <span class='ocrx_word' id='word_1_687' title='bbox 3715 4364 4024 4438; x_wconf 85' lang='lat' dir='ltr'><strong>imperium.</strong></span> 
     </span>
    </p>
   </div>
   <div class='ocr_carea' id='block_1_77' title="bbox 812 4435 4023 4505">
    <p class='ocr_par' dir='ltr' id='par_1_77' title="bbox 812 4435 4023 4505">
     <span class='ocr_line' id='line_1_77' title="bbox 812 4435 4023 4505; baseline 0 -19"><span class='ocrx_word' id='word_1_688' title='bbox 812 4435 1051 4488; x_wconf 88' lang='lat' dir='ltr'><strong>omnium</strong></span> <span class='ocrx_word' id='word_1_689' title='bbox 1073 4437 1182 4491; x_wconf 84' lang='lat' dir='ltr'><strong>fere</strong></span> <span class='ocrx_word' id='word_1_690' title='bbox 1199 4435 1573 4498; x_wconf 90' lang='lat' dir='ltr'><strong>Barbarorum,</strong></span> <span class='ocrx_word' id='word_1_691' title='bbox 1594 4437 1866 4501; x_wconf 90' lang='lat' dir='ltr'><strong>ductores,</strong></span> <span class='ocrx_word' id='word_1_692' title='bbox 1895 4435 2010 4492; x_wconf 79' lang='lat' dir='ltr'><strong>sive</strong></span> <span class='ocrx_word' id='word_1_693' title='bbox 2037 4438 2222 4501; x_wconf 89' lang='lat' dir='ltr'><strong>duces,</strong></span> <span class='ocrx_word' id='word_1_694' title='bbox 2255 4439 2367 4494; x_wconf 91' lang='lat' dir='ltr'><strong>sive</strong></span> <span class='ocrx_word' id='word_1_695' title='bbox 2468 4453 2497 4490; x_wconf 89' lang='lat' dir='ltr'><strong>a</strong></span> <span class='ocrx_word' id='word_1_696' title='bbox 2521 4435 2877 4494; x_wconf 83' lang='lat' dir='ltr'><strong>Constantino</strong></span> <span class='ocrx_word' id='word_1_697' title='bbox 2913 4435 3168 4500; x_wconf 90' lang='lat' dir='ltr'><strong>divisum,</strong></span> <span class='ocrx_word' id='word_1_698' title='bbox 3193 4439 3244 4491; x_wconf 94' lang='lat' dir='ltr'><strong>in</strong></span> <span class='ocrx_word' id='word_1_699' title='bbox 3283 4447 3464 4505; x_wconf 85' lang='lat' dir='ltr'><strong>partes</strong></span> <span class='ocrx_word' id='word_1_700' title='bbox 3495 4437 3807 4499; x_wconf 86' lang='lat' dir='ltr'><strong>dissectum,</strong></span> <span class='ocrx_word' id='word_1_701' title='bbox 3836 4435 4023 4503; x_wconf 71' lang='lat' dir='ltr'><strong>prtesi-</strong></span> 
     </span>
    </p>
   </div>
   <div class='ocr_carea' id='block_1_78' title="bbox 811 4505 4022 4577">
    <p class='ocr_par' dir='ltr' id='par_1_78' title="bbox 811 4505 4022 4577">
     <span class='ocr_line' id='line_1_78' title="bbox 811 4505 4022 4577; baseline 0.001 -21"><span class='ocrx_word' id='word_1_702' title='bbox 811 4505 1125 4574; x_wconf 83' lang='lat' dir='ltr'><strong>principes;</strong></span> <span class='ocrx_word' id='word_1_703' title='bbox 1169 4522 1276 4559; x_wconf 91' lang='lat' dir='ltr'><strong>non</strong></span> <span class='ocrx_word' id='word_1_704' title='bbox 1323 4517 1501 4560; x_wconf 90' lang='lat' dir='ltr'><strong>autem</strong></span> <span class='ocrx_word' id='word_1_705' title='bbox 1550 4517 1705 4560; x_wconf 88' lang='lat' dir='ltr'><strong>erant</strong></span> <span class='ocrx_word' id='word_1_706' title='bbox 1760 4523 1933 4577; x_wconf 81' lang='lat' dir='ltr'><strong>reges,</strong></span> <span class='ocrx_word' id='word_1_707' title='bbox 1976 4517 2033 4561; x_wconf 93' lang='lat' dir='ltr'><strong>ut</strong></span> <span class='ocrx_word' id='word_1_708' title='bbox 2071 4524 2286 4576; x_wconf 86' lang='lat' dir='ltr'><strong>semper</strong></span> <span class='ocrx_word' id='word_1_709' title='bbox 2314 4509 2366 4562; x_wconf 92' lang='lat' dir='ltr'><strong>in</strong></span> <span class='ocrx_word' id='word_1_710' title='bbox 2467 4508 2572 4562; x_wconf 92' lang='lat' dir='ltr'><strong>diis</strong></span> <span class='ocrx_word' id='word_1_711' title='bbox 2614 4509 2955 4567; x_wconf 89' lang='lat' dir='ltr'><strong>destitutum,</strong></span> <span class='ocrx_word' id='word_1_712' title='bbox 2994 4507 3048 4561; x_wconf 92' lang='lat' dir='ltr'><strong>in</strong></span> <span class='ocrx_word' id='word_1_713' title='bbox 3091 4509 3299 4560; x_wconf 90' lang='lat' dir='ltr'><strong>ruinam</strong></span> <span class='ocrx_word' id='word_1_714' title='bbox 3327 4507 3614 4577; x_wconf 84' lang='lat' dir='ltr'><strong>dederunt,</strong></span> <span class='ocrx_word' id='word_1_715' title='bbox 3645 4521 3780 4577; x_wconf 87' lang='lat' dir='ltr'><strong>quos</strong></span> <span class='ocrx_word' id='word_1_716' title='bbox 3816 4507 4022 4577; x_wconf 87' lang='lat' dir='ltr'><strong>primus</strong></span> 
     </span>
    </p>
   </div>
   <div class='ocr_carea' id='block_1_79' title="bbox 814 4575 4022 4646">
    <p class='ocr_par' dir='ltr' id='par_1_79' title="bbox 814 4575 4022 4646">
     <span class='ocr_line' id='line_1_79' title="bbox 814 4575 4022 4646; baseline 0.001 -23"><span class='ocrx_word' id='word_1_717' title='bbox 814 4577 1065 4646; x_wconf 72' lang='lat' dir='ltr'><strong>Hammo.</strong></span> <span class='ocrx_word' id='word_1_718' title='bbox 1123 4591 1227 4646; x_wconf 89' lang='lat' dir='ltr'><strong>per</strong></span> <span class='ocrx_word' id='word_1_719' title='bbox 1260 4591 1496 4631; x_wconf 88' lang='lat' dir='ltr'><strong>errorem</strong></span> <span class='ocrx_word' id='word_1_720' title='bbox 1550 4575 1860 4645; x_wconf 75' lang='lat' dir='ltr'><strong>interpretis</strong></span> <span class='ocrx_word' id='word_1_721' title='bbox 1909 4580 2014 4641; x_wconf 83' lang='lat' dir='ltr'><strong>sui,</strong></span> <span class='ocrx_word' id='word_1_722' title='bbox 2056 4575 2367 4632; x_wconf 89' lang='lat' dir='ltr'><strong>nominatur</strong></span> <span class='ocrx_word' id='word_1_723' title='bbox 2467 4577 2854 4633; x_wconf 84' lang='lat' dir='ltr'><strong>Constantinus</strong></span> <span class='ocrx_word' id='word_1_724' title='bbox 2895 4579 3264 4646; x_wconf 79' lang='lat' dir='ltr'><strong>Copronymus</strong></span> <span class='ocrx_word' id='word_1_725' title='bbox 3304 4575 3444 4631; x_wconf 89' lang='lat' dir='ltr'><strong>bello</strong></span> <span class='ocrx_word' id='word_1_726' title='bbox 3485 4576 3647 4644; x_wconf 82' lang='lat' dir='ltr'><strong>vicit;</strong></span> <span class='ocrx_word' id='word_1_727' title='bbox 3688 4576 3781 4629; x_wconf 89' lang='lat' dir='ltr'><strong>sed</strong></span> <span class='ocrx_word' id='word_1_728' title='bbox 3814 4590 3921 4646; x_wconf 81' lang='lat' dir='ltr'><strong>non</strong></span> <span class='ocrx_word' id='word_1_729' title='bbox 3951 4576 4022 4628; x_wconf 85' lang='lat' dir='ltr'><strong>ita</strong></span> 
     </span>
    </p>
   </div>
   <div class='ocr_carea' id='block_1_80' title="bbox 813 4644 4022 4720">
    <p class='ocr_par' dir='ltr' id='par_1_80' title="bbox 813 4644 4022 4720">
     <span class='ocr_line' id='line_1_80' title="bbox 813 4644 4022 4720; baseline 0 -21"><span class='ocrx_word' id='word_1_730' title='bbox 813 4645 901 4720; x_wconf 81' lang='lat' dir='ltr'><strong>l_I_ic</strong></span> <span class='ocrx_word' id='word_1_731' title='bbox 950 4645 1150 4720; x_wconf 74' lang='grc' dir='ltr'><strong>ἄρχων.</strong></span> <span class='ocrx_word' id='word_1_732' title='bbox 1204 4645 1549 4720; x_wconf 72' lang='lat' dir='ltr'><strong>Cuillelmus</strong></span> <span class='ocrx_word' id='word_1_733' title='bbox 1577 4644 2028 4720; x_wconf 75' lang='lat' dir='ltr'><strong>Bibliothecarius</strong></span> <span class='ocrx_word' id='word_1_734' title='bbox 2087 4649 2154 4701; x_wconf 89' lang='lat' dir='ltr'><strong>ad</strong></span> <span class='ocrx_word' id='word_1_735' title='bbox 2202 4649 2362 4720; x_wconf 75' lang='lat' dir='ltr'><strong>finem</strong></span> <span class='ocrx_word' id='word_1_736' title='bbox 2396 4666 2440 4720; x_wconf 78' lang='grc' dir='ltr'>ι)</span> <span class='ocrx_word' id='word_1_737' title='bbox 2469 4649 2857 4720; x_wconf 85' lang='lat' dir='ltr'><strong>pessumdedit,</strong></span> <span class='ocrx_word' id='word_1_738' title='bbox 2897 4644 3027 4717; x_wconf 90' lang='lat' dir='ltr'><strong>quin</strong></span> <span class='ocrx_word' id='word_1_739' title='bbox 3053 4644 3341 4720; x_wconf 73' lang='lat' dir='ltr'><strong>resumptis</strong></span> <span class='ocrx_word' id='word_1_740' title='bbox 3375 4647 3578 4701; x_wconf 87' lang='lat' dir='ltr'><strong>viribus</strong></span> <span class='ocrx_word' id='word_1_741' title='bbox 3631 4653 3816 4720; x_wconf 79' lang='lat' dir='ltr'><strong>postea</strong></span> <span class='ocrx_word' id='word_1_742' title='bbox 3862 4644 4022 4699; x_wconf 84' lang='lat' dir='ltr'><strong>Nice-</strong></span> 
     </span>
    </p>
   </div>
   <div class='ocr_carea' id='block_1_81' title="bbox 824 4714 4021 4788">
    <p class='ocr_par' dir='ltr' id='par_1_81' title="bbox 824 4714 4021 4788">
     <span class='ocr_line' id='line_1_81' title="bbox 824 4714 4021 4788; baseline 0 -23"><span class='ocrx_word' id='word_1_743' title='bbox 824 4714 956 4766; x_wconf 75' lang='lat' dir='ltr'><strong>Vitae</strong></span> <span class='ocrx_word' id='word_1_744' title='bbox 984 4717 1249 4788; x_wconf 74' lang='lat' dir='ltr'><strong>Anastasii</strong></span> <span class='ocrx_word' id='word_1_745' title='bbox 1283 4717 1374 4778; x_wconf 87' lang='lat' dir='ltr'><strong>ait,</strong></span> <span class='ocrx_word' id='word_1_746' title='bbox 1403 4717 1652 4769; x_wconf 79' lang='lat' dir='ltr'><strong>Dominus</strong></span> <span class='ocrx_word' id='word_1_747' title='bbox 1692 4717 1934 4782; x_wconf 79' lang='lat' dir='ltr'><strong>Michael,</strong></span> <span class='ocrx_word' id='word_1_748' title='bbox 1967 4720 2203 4787; x_wconf 77' lang='lat' dir='ltr'><strong>princeps</strong></span> <span class='ocrx_word' id='word_1_749' title='bbox 2234 4717 2362 4771; x_wconf 83' lang='lat' dir='ltr'><strong>Bul-</strong></span> <span class='ocrx_word' id='word_1_750' title='bbox 2396 4714 2428 4720; x_wconf 71' lang='grc'><em>’</em></span> <span class='ocrx_word' id='word_1_751' title='bbox 2469 4714 2702 4787; x_wconf 84' lang='lat' dir='ltr'><strong>phorum</strong></span> <span class='ocrx_word' id='word_1_752' title='bbox 2748 4714 3129 4786; x_wconf 70' lang='lat' dir='ltr'><strong>imperatorem</strong></span> <span class='ocrx_word' id='word_1_753' title='bbox 3175 4714 3512 4788; x_wconf 75' lang='lat' dir='ltr'><strong>profligatum</strong></span> <span class='ocrx_word' id='word_1_754' title='bbox 3566 4716 3922 4788; x_wconf 74' lang='lat' dir='ltr'><strong>occiderent,_</strong></span> <span class='ocrx_word' id='word_1_755' title='bbox 3968 4723 4021 4766; x_wconf 92' lang='lat' dir='ltr'><strong>et</strong></span> 
     </span>
    </p>
   </div>
   <div class='ocr_carea' id='block_1_82' title="bbox 812 4784 4017 4856">
    <p class='ocr_par' dir='ltr' id='par_1_82' title="bbox 812 4784 4017 4856">
     <span class='ocr_line' id='line_1_82' title="bbox 812 4784 4017 4856; baseline 0.001 -21"><span class='ocrx_word' id='word_1_756' title='bbox 812 4800 1076 4856; x_wconf 73' lang='lat' dir='ltr'><strong>gnroram,</strong></span> <span class='ocrx_word' id='word_1_757' title='bbox 1124 4793 1178 4837; x_wconf 88' lang='lat' dir='ltr'><strong>et</strong></span> <span class='ocrx_word' id='word_1_758' title='bbox 1214 4786 1266 4837; x_wconf 94' lang='lat' dir='ltr'><strong>in</strong></span> <span class='ocrx_word' id='word_1_759' title='bbox 1309 4788 1573 4855; x_wconf 81' lang='lat' dir='ltr'><strong>excerptis</strong></span> <span class='ocrx_word' id='word_1_760' title='bbox 1613 4789 1754 4854; x_wconf 92' lang='lat' dir='ltr'><strong>apud</strong></span> <span class='ocrx_word' id='word_1_761' title='bbox 1789 4784 2296 4856; x_wconf 55' lang='lat' dir='ltr'><strong>ipsnm&#39;Baronium.</strong></span> <span class='ocrx_word' id='word_1_762' title='bbox 2331 4806 2362 4843; x_wconf 90' lang='lat' dir='ltr'><strong>e</strong></span> <span class='ocrx_word' id='word_1_763' title='bbox 2471 4784 2632 4856; x_wconf 78' lang='lat' dir='ltr'><strong>caput</strong></span> <span class='ocrx_word' id='word_1_764' title='bbox 2690 4784 3148 4856; x_wconf 40' lang='lat' dir='ltr'><strong>ejus—abscissum</strong></span> <span class='ocrx_word' id='word_1_765' title='bbox 3177 4784 3432 4841; x_wconf 50' lang='lat' dir='ltr'><strong>&#39;ludib&#39;rio</strong></span> <span class='ocrx_word' id='word_1_766' title='bbox 3477 4797 3833 4856; x_wconf 81' lang='lat' dir='ltr'><strong>exponerent.</strong></span> <span class='ocrx_word' id='word_1_767' title='bbox 3884 4784 4017 4838; x_wconf 85' lang='lat' dir='ltr'><strong>Cum</strong></span> 
     </span>
    </p>
   </div>
   <div class='ocr_carea' id='block_1_83' title="bbox 811 4854 4019 4927">
    <p class='ocr_par' dir='ltr' id='par_1_83' title="bbox 811 4854 4019 4927">
     <span class='ocr_line' id='line_1_83' title="bbox 811 4854 4019 4927; baseline 0 -20"><span class='ocrx_word' id='word_1_768' title='bbox 811 4854 1126 4927; x_wconf 70' lang='lat' dir='ltr'><strong>Menologio,</strong></span> <span class='ocrx_word' id='word_1_769' title='bbox 1145 4870 1209 4927; x_wconf 85' lang='lat' dir='ltr'><strong>ex</strong></span> <span class='ocrx_word' id='word_1_770' title='bbox 1241 4854 1482 4927; x_wconf 83' lang='lat' dir='ltr'><strong>historiis</strong></span> <span class='ocrx_word' id='word_1_771' title='bbox 1505 4857 1684 4910; x_wconf 80' lang='lat' dir='ltr'><strong>Basilii</strong></span> <span class='ocrx_word' id='word_1_772' title='bbox 1707 4854 1890 4912; x_wconf 80' lang='lat' dir='ltr'><strong>Cilicis</strong></span> <span class='ocrx_word' id='word_1_773' title='bbox 1911 4867 1966 4911; x_wconf 92' lang='lat' dir='ltr'><strong>et</strong></span> <span class='ocrx_word' id='word_1_774' title='bbox 1988 4858 2358 4927; x_wconf 86' lang='lat' dir='ltr'><strong>Theophanis,</strong></span> <span class='ocrx_word' id='word_1_775' title='bbox 2464 4854 2697 4927; x_wconf 86' lang='lat' dir='ltr'><strong>primum</strong></span> <span class='ocrx_word' id='word_1_776' title='bbox 2723 4854 3120 4925; x_wconf 80' lang='lat' dir='ltr'><strong>irrumperent,</strong></span> <span class='ocrx_word' id='word_1_777' title='bbox 3153 4857 3470 4912; x_wconf 90' lang='lat' dir='ltr'><strong>Dardaniam</strong></span> <span class='ocrx_word' id='word_1_778' title='bbox 3505 4855 3846 4927; x_wconf 87' lang='lat' dir='ltr'><strong>occupabant</strong></span> <span class='ocrx_word' id='word_1_779' title='bbox 3880 4872 3893 4906; x_wconf 90' lang='lat'>:</span> <span class='ocrx_word' id='word_1_780' title='bbox 3927 4855 4019 4908; x_wconf 86' lang='lat' dir='ltr'><strong>sed</strong></span> 
     </span>
    </p>
   </div>
   <div class='ocr_carea' id='block_1_84' title="bbox 809 4925 4014 4998">
    <p class='ocr_par' dir='ltr' id='par_1_84' title="bbox 809 4925 4014 4998">
     <span class='ocr_line' id='line_1_84' title="bbox 809 4925 4014 4998; baseline -0.001 -20"><span class='ocrx_word' id='word_1_781' title='bbox 809 4925 894 4978; x_wconf 92' lang='lat' dir='ltr'><strong>vel</strong></span> <span class='ocrx_word' id='word_1_782' title='bbox 916 4927 1058 4998; x_wconf 53' lang='lat' dir='ltr'><strong>dux,</strong></span> <span class='ocrx_word' id='word_1_783' title='bbox 1089 4925 1170 4998; x_wconf 77' lang='lat' dir='ltr'><strong>vel</strong></span> <span class='ocrx_word' id='word_1_784' title='bbox 1197 4926 1768 4998; x_wconf 13' lang='lat' dir='ltr'><strong>princepsinominatur</strong></span> <span class='ocrx_word' id='word_1_785' title='bbox 1804 4946 1816 4980; x_wconf 92' lang='lat'><strong>:</strong></span> <span class='ocrx_word' id='word_1_786' title='bbox 1850 4928 1943 4982; x_wconf 92' lang='lat' dir='ltr'><strong>sed</strong></span> <span class='ocrx_word' id='word_1_787' title='bbox 1974 4925 2235 4996; x_wconf 82' lang='lat' dir='ltr'><strong>imprimis</strong></span> <span class='ocrx_word' id='word_1_788' title='bbox 2263 4929 2356 4982; x_wconf 85' lang='lat' dir='ltr'><strong>Ba-</strong></span> <span class='ocrx_word' id='word_1_789' title='bbox 2464 4925 2718 4997; x_wconf 75' lang='lat' dir='ltr'><strong>deinceps</strong></span> <span class='ocrx_word' id='word_1_790' title='bbox 2759 4928 3088 4982; x_wconf 54' lang='lat' dir='ltr'><strong>Macedonia).</strong></span> <span class='ocrx_word' id='word_1_791' title='bbox 3115 4939 3170 4983; x_wconf 84' lang='lat' dir='ltr'><strong>et</strong></span> <span class='ocrx_word' id='word_1_792' title='bbox 3202 4928 3390 4998; x_wconf 85' lang='lat' dir='ltr'><strong>Illyrici</strong></span> <span class='ocrx_word' id='word_1_793' title='bbox 3427 4937 3608 4996; x_wconf 88' lang='lat' dir='ltr'><strong>partes</strong></span> <span class='ocrx_word' id='word_1_794' title='bbox 3635 4926 4014 4998; x_wconf 80' lang='lat' dir='ltr'><strong>possederunt.</strong></span> 
     </span>
    </p>
   </div>
   <div class='ocr_carea' id='block_1_85' title="bbox 808 4994 4014 5066">
    <p class='ocr_par' dir='ltr' id='par_1_85' title="bbox 808 4994 4014 5066">
     <span class='ocr_line' id='line_1_85' title="bbox 808 4994 4014 5066; baseline 0 -19"><span class='ocrx_word' id='word_1_795' title='bbox 808 4994 1270 5066; x_wconf 82' lang='lat' dir='ltr'><strong>roniiversionem</strong></span> <span class='ocrx_word' id='word_1_796' title='bbox 1301 4997 1515 5059; x_wconf 84' lang='lat' dir='ltr'><strong>refellit,</strong></span> <span class='ocrx_word' id='word_1_797' title='bbox 1542 4999 1684 5065; x_wconf 93' lang='lat' dir='ltr'><strong>quod</strong></span> <span class='ocrx_word' id='word_1_798' title='bbox 1714 5001 1855 5065; x_wconf 91' lang='lat' dir='ltr'><strong>apud</strong></span> <span class='ocrx_word' id='word_1_799' title='bbox 1887 4999 2035 5052; x_wconf 92' lang='lat' dir='ltr'><strong>illum</strong></span> <span class='ocrx_word' id='word_1_800' title='bbox 2051 4994 2358 5053; x_wconf 31' lang='lat' dir='ltr'><strong>‘Bibliotlie-</strong></span> <span class='ocrx_word' id='word_1_801' title='bbox 2465 4998 2539 5052; x_wconf 91' lang='lat' dir='ltr'><strong>De</strong></span> <span class='ocrx_word' id='word_1_802' title='bbox 2579 4994 2700 5060; x_wconf 81' lang='lat' dir='ltr'><strong>illis,</strong></span> <span class='ocrx_word' id='word_1_803' title='bbox 2743 4999 2808 5052; x_wconf 90' lang='lat' dir='ltr'><strong>ad</strong></span> <span class='ocrx_word' id='word_1_804' title='bbox 2858 4999 3171 5066; x_wconf 71' lang='lat' dir='ltr'><strong>religionem</strong></span> <span class='ocrx_word' id='word_1_805' title='bbox 3217 4994 3456 5050; x_wconf 84' lang='lat' dir='ltr'><strong>nostram</strong></span> <span class='ocrx_word' id='word_1_806' title='bbox 3489 4994 3784 5055; x_wconf 87' lang='lat' dir='ltr'><strong>conversis,</strong></span> <span class='ocrx_word' id='word_1_807' title='bbox 3819 4995 4014 5066; x_wconf 89' lang='lat' dir='ltr'><strong>deinde</strong></span> 
     </span>
    </p>
   </div>
   <div class='ocr_carea' id='block_1_86' title="bbox 807 5065 4018 5139">
    <p class='ocr_par' dir='ltr' id='par_1_86' title="bbox 807 5065 4018 5139">
     <span class='ocr_line' id='line_1_86' title="bbox 807 5065 4018 5139; baseline 0 -23"><span class='ocrx_word' id='word_1_808' title='bbox 807 5065 1242 5139; x_wconf 77' lang='lat' dir='ltr'><strong>cariumlegitur,</strong></span> <span class='ocrx_word' id='word_1_809' title='bbox 1277 5067 1416 5139; x_wconf 71' lang='lat' dir='ltr'><strong>quod</strong></span> <span class='ocrx_word' id='word_1_810' title='bbox 1442 5069 1695 5134; x_wconf 74' lang='lat' dir='ltr'><strong>principes</strong></span> <span class='ocrx_word' id='word_1_811' title='bbox 1718 5067 2066 5139; x_wconf 83' lang='lat' dir='ltr'><strong>Bulgarornm</strong></span> <span class='ocrx_word' id='word_1_812' title='bbox 2090 5078 2135 5121; x_wconf 86' lang='lat' dir='ltr'><strong>et</strong></span> <span class='ocrx_word' id='word_1_813' title='bbox 2159 5070 2359 5125; x_wconf 84' lang='lat' dir='ltr'><strong>litteras</strong></span> <span class='ocrx_word' id='word_1_814' title='bbox 2463 5079 2724 5122; x_wconf 88' lang='lat' dir='ltr'><strong>certatum</strong></span> <span class='ocrx_word' id='word_1_815' title='bbox 2753 5074 2862 5139; x_wconf 84' lang='lat' dir='ltr'><strong>est</strong></span> <span class='ocrx_word' id='word_1_816' title='bbox 2903 5065 3046 5123; x_wconf 89' lang='lat' dir='ltr'><strong>inter</strong></span> <span class='ocrx_word' id='word_1_817' title='bbox 3089 5069 3406 5139; x_wconf 80' lang='lat' dir='ltr'><strong>Romanam</strong></span> <span class='ocrx_word' id='word_1_818' title='bbox 3430 5075 3485 5120; x_wconf 91' lang='lat' dir='ltr'><strong>et</strong></span> <span class='ocrx_word' id='word_1_819' title='bbox 3521 5065 4018 5139; x_wconf 71' lang='lat' dir='ltr'><strong>Constantinopoli-</strong></span> 
     </span>
    </p>
   </div>
   <div class='ocr_carea' id='block_1_87' title="bbox 805 5136 4018 5208">
    <p class='ocr_par' dir='ltr' id='par_1_87' title="bbox 805 5136 4018 5208">
     <span class='ocr_line' id='line_1_87' title="bbox 805 5136 4018 5208; baseline 0 -22"><span class='ocrx_word' id='word_1_820' title='bbox 805 5136 880 5187; x_wconf 81' lang='lat' dir='ltr'><strong>eis</strong></span> <span class='ocrx_word' id='word_1_821' title='bbox 934 5144 980 5186; x_wconf 84' lang='lat' dir='ltr'><strong>et</strong></span> <span class='ocrx_word' id='word_1_822' title='bbox 1016 5137 1152 5208; x_wconf 73' lang='lat' dir='ltr'><strong>dona</strong></span> <span class='ocrx_word' id='word_1_823' title='bbox 1193 5153 1284 5203; x_wconf 87' lang='lat' dir='ltr'><strong>per</strong></span> <span class='ocrx_word' id='word_1_824' title='bbox 1336 5136 1544 5208; x_wconf 77' lang='lat' dir='ltr'><strong>Petrum</strong></span> <span class='ocrx_word' id='word_1_825' title='bbox 1574 5136 2137 5206; x_wconf 61' lang='lat' dir='ltr'><strong>aliosqne&#39;direxerint.</strong></span> <span class='ocrx_word' id='word_1_826' title='bbox 2177 5139 2360 5208; x_wconf 81' lang='lat' dir='ltr'><strong>Neque</strong></span> <span class='ocrx_word' id='word_1_827' title='bbox 2464 5148 2641 5191; x_wconf 86' lang='lat' dir='ltr'><strong>tanam</strong></span> <span class='ocrx_word' id='word_1_828' title='bbox 2673 5138 2874 5208; x_wconf 76' lang='lat' dir='ltr'><strong>sedem,</strong></span> <span class='ocrx_word' id='word_1_829' title='bbox 2910 5140 3065 5206; x_wconf 90' lang='lat' dir='ltr'><strong>cujus</strong></span> <span class='ocrx_word' id='word_1_830' title='bbox 3085 5139 3369 5191; x_wconf 89' lang='lat' dir='ltr'><strong>subessent</strong></span> <span class='ocrx_word' id='word_1_831' title='bbox 3391 5136 3773 5208; x_wconf 81' lang='lat' dir='ltr'><strong>jurisdictioni.</strong></span> <span class='ocrx_word' id='word_1_832' title='bbox 3797 5136 3881 5208; x_wconf 80' lang='lat' dir='ltr'><strong>De</strong></span> <span class='ocrx_word' id='word_1_833' title='bbox 3913 5150 4018 5208; x_wconf 91' lang='lat' dir='ltr'><strong>quo</strong></span> 
     </span>
    </p>
   </div>
   <div class='ocr_carea' id='block_1_88' title="bbox 807 5205 4018 5276">
    <p class='ocr_par' dir='ltr' id='par_1_88' title="bbox 807 5205 4018 5276">
     <span class='ocr_line' id='line_1_88' title="bbox 807 5205 4018 5276; baseline 0 -20"><span class='ocrx_word' id='word_1_834' title='bbox 807 5219 937 5256; x_wconf 84' lang='lat' dir='ltr'><strong>sane</strong></span> <span class='ocrx_word' id='word_1_835' title='bbox 970 5206 1205 5272; x_wconf 86' lang='lat' dir='ltr'><strong>princeps</strong></span> <span class='ocrx_word' id='word_1_836' title='bbox 1233 5207 1497 5266; x_wconf 88' lang='lat' dir='ltr'><strong>absolute,</strong></span> <span class='ocrx_word' id='word_1_837' title='bbox 1522 5210 1604 5261; x_wconf 88' lang='lat' dir='ltr'><strong>vel</strong></span> <span class='ocrx_word' id='word_1_838' title='bbox 1637 5205 1781 5260; x_wconf 90' lang='lat' dir='ltr'><strong>solus</strong></span> <span class='ocrx_word' id='word_1_839' title='bbox 1809 5219 1954 5274; x_wconf 89' lang='lat' dir='ltr'><strong>erat;</strong></span> <span class='ocrx_word' id='word_1_840' title='bbox 1981 5209 2223 5263; x_wconf 85' lang='lat' dir='ltr'><strong>fortassis</strong></span> <span class='ocrx_word' id='word_1_841' title='bbox 2245 5205 2363 5264; x_wconf 74' lang='lat' dir='ltr'><strong>erat</strong></span> <span class='ocrx_word' id='word_1_842' title='bbox 2463 5209 2755 5261; x_wconf 88' lang='lat' dir='ltr'><strong>certamine</strong></span> <span class='ocrx_word' id='word_1_843' title='bbox 2800 5206 3033 5262; x_wconf 84' lang='lat' dir='ltr'><strong>Photius</strong></span> <span class='ocrx_word' id='word_1_844' title='bbox 3057 5209 3249 5262; x_wconf 88' lang='lat' dir='ltr'><strong>alicubi</strong></span> <span class='ocrx_word' id='word_1_845' title='bbox 3295 5209 3346 5260; x_wconf 93' lang='lat' dir='ltr'><strong>in</strong></span> <span class='ocrx_word' id='word_1_846' title='bbox 3393 5205 3636 5276; x_wconf 84' lang='lat' dir='ltr'><strong>epistolis</strong></span> <span class='ocrx_word' id='word_1_847' title='bbox 3667 5224 3679 5258; x_wconf 90' lang='lat'>:</span> <span class='ocrx_word' id='word_1_848' title='bbox 3719 5206 3809 5274; x_wconf 89' lang='lat' dir='ltr'><strong>qui</strong></span> <span class='ocrx_word' id='word_1_849' title='bbox 3856 5205 4018 5276; x_wconf 84' lang='lat' dir='ltr'><strong>vehe-</strong></span> 
     </span>
    </p>
   </div>
   <div class='ocr_carea' id='block_1_89' title="bbox 807 5275 4016 5346">
    <p class='ocr_par' dir='ltr' id='par_1_89' title="bbox 807 5275 4016 5346">
     <span class='ocr_line' id='line_1_89' title="bbox 807 5275 4016 5346; baseline 0 -20"><span class='ocrx_word' id='word_1_850' title='bbox 807 5278 1018 5327; x_wconf 78' lang='lat' dir='ltr'><strong>c;eteris</strong></span> <span class='ocrx_word' id='word_1_851' title='bbox 1061 5277 1403 5339; x_wconf 87' lang='lat' dir='ltr'><strong>eminentior,</strong></span> <span class='ocrx_word' id='word_1_852' title='bbox 1457 5279 1548 5330; x_wconf 89' lang='lat' dir='ltr'><strong>sed</strong></span> <span class='ocrx_word' id='word_1_853' title='bbox 1595 5293 1716 5329; x_wconf 75' lang='lat' dir='ltr'><strong>cum</strong></span> <span class='ocrx_word' id='word_1_854' title='bbox 1761 5280 1900 5342; x_wconf 90' lang='lat' dir='ltr'><strong>aliis,</strong></span> <span class='ocrx_word' id='word_1_855' title='bbox 1953 5281 2223 5346; x_wconf 82' lang='lat' dir='ltr'><strong>princeps.</strong></span> <span class='ocrx_word' id='word_1_856' title='bbox 2275 5283 2362 5334; x_wconf 83' lang='lat' dir='ltr'><strong>Ait</strong></span> <span class='ocrx_word' id='word_1_857' title='bbox 2459 5279 2694 5331; x_wconf 91' lang='lat' dir='ltr'><strong>mentius</strong></span> <span class='ocrx_word' id='word_1_858' title='bbox 2742 5294 2801 5332; x_wconf 91' lang='lat' dir='ltr'><strong>ea</strong></span> <span class='ocrx_word' id='word_1_859' title='bbox 2831 5279 2895 5332; x_wconf 88' lang='lat' dir='ltr'><strong>de</strong></span> <span class='ocrx_word' id='word_1_860' title='bbox 2923 5294 2979 5331; x_wconf 89' lang='lat' dir='ltr'><strong>re</strong></span> <span class='ocrx_word' id='word_1_861' title='bbox 3010 5277 3401 5341; x_wconf 85' lang='lat' dir='ltr'><strong>contendebat;</strong></span> <span class='ocrx_word' id='word_1_862' title='bbox 3429 5275 3575 5330; x_wconf 81' lang='lat' dir='ltr'><strong>unde</strong></span> <span class='ocrx_word' id='word_1_863' title='bbox 3604 5275 3868 5346; x_wconf 80' lang='lat' dir='ltr'><strong>imprimis</strong></span> <span class='ocrx_word' id='word_1_864' title='bbox 3894 5275 4016 5346; x_wconf 88' lang='lat' dir='ltr'><strong>odio</strong></span> 
     </span>
    </p>
   </div>
   <div class='ocr_carea' id='block_1_90' title="bbox 807 5345 4014 5417">
    <p class='ocr_par' dir='ltr' id='par_1_90' title="bbox 807 5345 4014 5417">
     <span class='ocr_line' id='line_1_90' title="bbox 807 5345 4014 5417; baseline 0 -21"><span class='ocrx_word' id='word_1_865' title='bbox 807 5345 950 5396; x_wconf 84' lang='lat' dir='ltr'><strong>enim</strong></span> <span class='ocrx_word' id='word_1_866' title='bbox 1004 5347 1260 5417; x_wconf 81' lang='lat' dir='ltr'><strong>principes</strong></span> <span class='ocrx_word' id='word_1_867' title='bbox 1291 5347 1658 5416; x_wconf 84' lang='lat' dir='ltr'><strong>Bulgarorum.</strong></span> <span class='ocrx_word' id='word_1_868' title='bbox 1710 5347 1902 5401; x_wconf 86' lang='lat' dir='ltr'><strong>Multos</strong></span> <span class='ocrx_word' id='word_1_869' title='bbox 1946 5350 2018 5403; x_wconf 92' lang='lat' dir='ltr'><strong>illi</strong></span> <span class='ocrx_word' id='word_1_870' title='bbox 2067 5345 2357 5417; x_wconf 87' lang='lat' dir='ltr'><strong>principes,</strong></span> <span class='ocrx_word' id='word_1_871' title='bbox 2459 5356 2617 5416; x_wconf 84' lang='lat' dir='ltr'><strong>atque</strong></span> <span class='ocrx_word' id='word_1_872' title='bbox 2667 5349 2866 5402; x_wconf 88' lang='lat' dir='ltr'><strong>invidia</strong></span> <span class='ocrx_word' id='word_1_873' title='bbox 2917 5349 3058 5414; x_wconf 89' lang='lat' dir='ltr'><strong>apud</strong></span> <span class='ocrx_word' id='word_1_874' title='bbox 3109 5347 3382 5417; x_wconf 84' lang='lat' dir='ltr'><strong>Romanos</strong></span> <span class='ocrx_word' id='word_1_875' title='bbox 3446 5348 3742 5417; x_wconf 78' lang='lat' dir='ltr'><strong>laborabat.</strong></span> <span class='ocrx_word' id='word_1_876' title='bbox 3805 5345 4014 5417; x_wconf 65' lang='lat' dir='ltr'><strong>Bulgari</strong></span> 
     </span>
    </p>
   </div>
   <div class='ocr_carea' id='block_1_91' title="bbox 807 5415 4010 5493">
    <p class='ocr_par' dir='ltr' id='par_1_91' title="bbox 807 5415 4010 5493">
     <span class='ocr_line' id='line_1_91' title="bbox 807 5415 4010 5493; baseline 0 -28"><span class='ocrx_word' id='word_1_877' title='bbox 807 5425 866 5493; x_wconf 78' lang='lat' dir='ltr'><strong>ut</strong></span> <span class='ocrx_word' id='word_1_878' title='bbox 908 5425 962 5493; x_wconf 77' lang='lat' dir='ltr'><strong>et</strong></span> <span class='ocrx_word' id='word_1_879' title='bbox 1012 5416 1128 5468; x_wconf 73' lang='lat' dir='ltr'><strong>alia:</strong></span> <span class='ocrx_word' id='word_1_880' title='bbox 1167 5433 1195 5468; x_wconf 91' lang='lat' dir='ltr'><strong>e</strong></span> <span class='ocrx_word' id='word_1_881' title='bbox 1230 5415 1603 5493; x_wconf 66' lang='lat' dir='ltr'><strong>septentrione</strong></span> <span class='ocrx_word' id='word_1_882' title='bbox 1635 5428 1839 5493; x_wconf 73' lang='lat' dir='ltr'><strong>gentes,</strong></span> <span class='ocrx_word' id='word_1_883' title='bbox 1877 5415 2114 5493; x_wconf 77' lang='lat' dir='ltr'><strong>habuere</strong></span> <span class='ocrx_word' id='word_1_884' title='bbox 2146 5415 2360 5475; x_wconf 78' lang='lat' dir='ltr'><strong>familiis</strong></span> <span class='ocrx_word' id='word_1_885' title='bbox 2459 5415 2796 5493; x_wconf 79' lang='lat' dir='ltr'><strong>dicebantur,</strong></span> <span class='ocrx_word' id='word_1_886' title='bbox 2849 5435 2878 5471; x_wconf 92' lang='lat' dir='ltr'><strong>a</strong></span> <span class='ocrx_word' id='word_1_887' title='bbox 2934 5418 3114 5493; x_wconf 76' lang='lat' dir='ltr'><strong>llolga,</strong></span> <span class='ocrx_word' id='word_1_888' title='bbox 3166 5418 3284 5493; x_wconf 79' lang='lat' dir='ltr'><strong>sive</strong></span> <span class='ocrx_word' id='word_1_889' title='bbox 3333 5416 3494 5486; x_wconf 72' lang='lat' dir='ltr'><strong>Volga</strong></span> <span class='ocrx_word' id='word_1_890' title='bbox 3536 5416 3756 5493; x_wconf 84' lang='lat' dir='ltr'><strong>flumine</strong></span> <span class='ocrx_word' id='word_1_891' title='bbox 3788 5415 4010 5493; x_wconf 77' lang='lat' dir='ltr'><strong>ingenti,</strong></span> 
     </span>
    </p>
   </div>
   <div class='ocr_carea' id='block_1_92' title="bbox 805 5486 4014 5557">
    <p class='ocr_par' dir='ltr' id='par_1_92' title="bbox 805 5486 4014 5557">
     <span class='ocr_line' id='line_1_92' title="bbox 805 5486 4014 5557; baseline -0 -21"><span class='ocrx_word' id='word_1_892' title='bbox 805 5486 1116 5547; x_wconf 87' lang='lat' dir='ltr'><strong>distinctos,</strong></span> <span class='ocrx_word' id='word_1_893' title='bbox 1165 5496 1219 5557; x_wconf 76' lang='lat' dir='ltr'><strong>et</strong></span> <span class='ocrx_word' id='word_1_894' title='bbox 1269 5487 1482 5540; x_wconf 85' lang='lat' dir='ltr'><strong>familiis</strong></span> <span class='ocrx_word' id='word_1_895' title='bbox 1526 5489 1838 5556; x_wconf 65' lang='lat' dir='ltr'><strong>prmfectos;</strong></span> <span class='ocrx_word' id='word_1_896' title='bbox 1896 5493 1986 5543; x_wconf 91' lang='lat' dir='ltr'><strong>sed</strong></span> <span class='ocrx_word' id='word_1_897' title='bbox 2041 5491 2356 5557; x_wconf 87' lang='lat' dir='ltr'><strong>plerumque</strong></span> <span class='ocrx_word' id='word_1_898' title='bbox 2460 5490 2618 5541; x_wconf 89' lang='lat' dir='ltr'><strong>etiam</strong></span> <span class='ocrx_word' id='word_1_899' title='bbox 2658 5489 2814 5542; x_wconf 82' lang='lat' dir='ltr'><strong>hodie</strong></span> <span class='ocrx_word' id='word_1_900' title='bbox 2846 5486 3167 5552; x_wconf 78' lang='lat' dir='ltr'><strong>notissimo;</strong></span> <span class='ocrx_word' id='word_1_901' title='bbox 3203 5487 3356 5553; x_wconf 84' lang='lat' dir='ltr'><strong>cuius</strong></span> <span class='ocrx_word' id='word_1_902' title='bbox 3386 5498 3541 5541; x_wconf 91' lang='lat' dir='ltr'><strong>erant</strong></span> <span class='ocrx_word' id='word_1_903' title='bbox 3567 5488 3762 5541; x_wconf 75' lang='lat' dir='ltr'><strong>accola:</strong></span> <span class='ocrx_word' id='word_1_904' title='bbox 3788 5501 3912 5538; x_wconf 94' lang='lat' dir='ltr'><strong>cum</strong></span> <span class='ocrx_word' id='word_1_905' title='bbox 3941 5486 4014 5535; x_wconf 91' lang='lat' dir='ltr'><strong>ir-</strong></span> 
     </span>
    </p>
   </div>
   <div class='ocr_carea' id='block_1_93' title="bbox 808 5556 3532 5627">
    <p class='ocr_par' dir='ltr' id='par_1_93' title="bbox 808 5556 3532 5627">
     <span class='ocr_line' id='line_1_93' title="bbox 808 5556 3532 5627; baseline 0.002 -21"><span class='ocrx_word' id='word_1_906' title='bbox 808 5571 995 5616; x_wconf 86' lang='lat' dir='ltr'><strong>nnum,</strong></span> <span class='ocrx_word' id='word_1_907' title='bbox 1037 5571 1100 5608; x_wconf 75' lang='lat' dir='ltr'><strong>ex</strong></span> <span class='ocrx_word' id='word_1_908' title='bbox 1149 5556 1360 5610; x_wconf 91' lang='lat' dir='ltr'><strong>illorum</strong></span> <span class='ocrx_word' id='word_1_909' title='bbox 1394 5573 1638 5621; x_wconf 89' lang='lat' dir='ltr'><strong>numero,</strong></span> <span class='ocrx_word' id='word_1_910' title='bbox 1673 5559 1739 5611; x_wconf 88' lang='lat' dir='ltr'><strong>de</strong></span> <span class='ocrx_word' id='word_1_911' title='bbox 1760 5556 2136 5613; x_wconf 82' lang='lat' dir='ltr'><strong>communibus</strong></span> <span class='ocrx_word' id='word_1_912' title='bbox 2162 5556 2357 5614; x_wconf 76' lang='lat' dir='ltr'><strong>suffra-</strong></span> <span class='ocrx_word' id='word_1_913' title='bbox 2459 5569 2775 5627; x_wconf 83' lang='lat' dir='ltr'><strong>rumperent</strong></span> <span class='ocrx_word' id='word_1_914' title='bbox 2805 5561 2858 5612; x_wconf 91' lang='lat' dir='ltr'><strong>in</strong></span> <span class='ocrx_word' id='word_1_915' title='bbox 2881 5561 3184 5627; x_wconf 85' lang='lat' dir='ltr'><strong>imperium.</strong></span> <span class='ocrx_word' id='word_1_916' title='bbox 3226 5557 3532 5612; x_wconf 67' lang='lat' dir='ltr'><strong>Momacur.</strong></span> 
     </span>
    </p>
   </div>
   <div class='ocr_carea' id='block_1_94' title="bbox 803 5626 4007 5699">
    <p class='ocr_par' dir='ltr' id='par_1_94' title="bbox 803 5626 4007 5699">
     <span class='ocr_line' id='line_1_94' title="bbox 803 5626 4007 5699; baseline 0.002 -25"><span class='ocrx_word' id='word_1_917' title='bbox 803 5628 905 5694; x_wconf 76' lang='lat' dir='ltr'><strong>gits</strong></span> <span class='ocrx_word' id='word_1_918' title='bbox 943 5627 1194 5687; x_wconf 88' lang='lat' dir='ltr'><strong>electum,</strong></span> <span class='ocrx_word' id='word_1_919' title='bbox 1239 5627 1468 5691; x_wconf 65' lang='lat' dir='ltr'><strong>caeteris,</strong></span> <span class='ocrx_word' id='word_1_920' title='bbox 1518 5630 1782 5699; x_wconf 86' lang='lat' dir='ltr'><strong>imprimis</strong></span> <span class='ocrx_word' id='word_1_921' title='bbox 1831 5631 1970 5682; x_wconf 84' lang='lat' dir='ltr'><strong>bello</strong></span> <span class='ocrx_word' id='word_1_922' title='bbox 2011 5633 2262 5699; x_wconf 78' lang='lat' dir='ltr'><strong>gerendo.</strong></span> <span class='ocrx_word' id='word_1_923' title='bbox 2305 5641 2358 5685; x_wconf 92' lang='lat' dir='ltr'><strong>et</strong></span> <span class='ocrx_word' id='word_1_924' title='bbox 2531 5626 2602 5688; x_wconf 66' lang='lat' dir='ltr'><strong>(8i</strong></span> <span class='ocrx_word' id='word_1_925' title='bbox 2639 5628 2828 5682; x_wconf 86' lang='lat' dir='ltr'><strong>Hiatus</strong></span> <span class='ocrx_word' id='word_1_926' title='bbox 2854 5626 2971 5682; x_wconf 84' lang='lat' dir='ltr'><strong>erat</strong></span> <span class='ocrx_word' id='word_1_927' title='bbox 3019 5638 3073 5681; x_wconf 89' lang='lat' dir='ltr'><strong>et</strong></span> <span class='ocrx_word' id='word_1_928' title='bbox 3115 5628 3359 5699; x_wconf 86' lang='lat' dir='ltr'><strong>defectus</strong></span> <span class='ocrx_word' id='word_1_929' title='bbox 3390 5629 3441 5699; x_wconf 86' lang='lat' dir='ltr'><strong>in</strong></span> <span class='ocrx_word' id='word_1_930' title='bbox 3473 5636 3659 5699; x_wconf 81' lang='lat' dir='ltr'><strong>nostro</strong></span> <span class='ocrx_word' id='word_1_931' title='bbox 3679 5626 4007 5699; x_wconf 67' lang='lat' dir='ltr'><strong>codicepost</strong></span> 
     </span>
    </p>
   </div>
   <div class='ocr_carea' id='block_1_95' title="bbox 803 5695 2480 5768">
    <p class='ocr_par' dir='ltr' id='par_1_95' title="bbox 803 5695 2480 5767">
     <span class='ocr_line' id='line_1_95' title="bbox 803 5695 2480 5767; baseline 0.004 -21"><span class='ocrx_word' id='word_1_932' title='bbox 803 5706 978 5749; x_wconf 73' lang='lat' dir='ltr'><strong>cazttts</strong></span> <span class='ocrx_word' id='word_1_933' title='bbox 1007 5699 1371 5749; x_wconf 86' lang='lat' dir='ltr'><strong>convocando.</strong></span> <span class='ocrx_word' id='word_1_934' title='bbox 1418 5695 1778 5764; x_wconf 68' lang='lat' dir='ltr'><strong>prmficiebant</strong></span> <span class='ocrx_word' id='word_1_935' title='bbox 1807 5717 1823 5752; x_wconf 89' lang='lat'><strong><em>:</em></strong></span> <span class='ocrx_word' id='word_1_936' title='bbox 1851 5695 2036 5767; x_wconf 73' lang='lat' dir='ltr'><strong>quales</strong></span> <span class='ocrx_word' id='word_1_937' title='bbox 2066 5703 2204 5767; x_wconf 86' lang='lat' dir='ltr'><strong>apud</strong></span> <span class='ocrx_word' id='word_1_938' title='bbox 2243 5701 2358 5755; x_wconf 87' lang='lat' dir='ltr'><strong>illos</strong></span> <span class='ocrx_word' id='word_1_939' title='bbox 2460 5701 2480 5752; x_wconf 78' lang='grc' dir='ltr'>ὁ</span> 
     </span>
    </p>
   </div>
   <div class='ocr_carea' id='block_1_96' title="bbox 2335 5695 4012 5768">
    <p class='ocr_par' dir='ltr' id='par_1_96' title="bbox 2335 5695 4012 5768">
     <span class='ocr_line' id='line_1_96' title="bbox 2335 5695 4012 5768; baseline -0.005 -13"><span class='ocrx_word' id='word_1_940' title='bbox 2335 5719 2358 5755; x_wconf 85' lang='lat' dir='ltr'><strong>s</strong></span> <span class='ocrx_word' id='word_1_941' title='bbox 2460 5699 2741 5768; x_wconf 81' lang='grc' dir='ltr'><strong>ἄνθρωπον</strong></span> <span class='ocrx_word' id='word_1_942' title='bbox 2799 5718 2810 5751; x_wconf 89' lang='lat'><strong>:</strong></span> <span class='ocrx_word' id='word_1_943' title='bbox 2861 5700 3111 5757; x_wconf 73' lang='lat' dir='ltr'><strong>fortassis</strong></span> <span class='ocrx_word' id='word_1_944' title='bbox 3175 5697 3472 5766; x_wconf 87' lang='lat' dir='ltr'><strong>supplenda</strong></span> <span class='ocrx_word' id='word_1_945' title='bbox 3520 5698 3708 5750; x_wconf 88' lang='lat' dir='ltr'><strong>lacuna</strong></span> <span class='ocrx_word' id='word_1_946' title='bbox 3762 5696 3828 5749; x_wconf 86' lang='lat' dir='ltr'><strong>ad</strong></span> <span class='ocrx_word' id='word_1_947' title='bbox 3868 5695 4012 5768; x_wconf 87' lang='lat' dir='ltr'><strong>hunc</strong></span> 
     </span>
    </p>
   </div>
   <div class='ocr_carea' id='block_1_97' title="bbox 802 5767 2479 5839">
    <p class='ocr_par' dir='ltr' id='par_1_97' title="bbox 802 5769 2476 5839">
     <span class='ocr_line' id='line_1_97' title="bbox 802 5769 2476 5839; baseline 0.004 -23"><span class='ocrx_word' id='word_1_948' title='bbox 802 5776 1297 5839; x_wconf 72' lang='lat' dir='ltr'><strong>commemorantur</strong></span> <span class='ocrx_word' id='word_1_949' title='bbox 1341 5769 1654 5827; x_wconf 80' lang='lat' dir='ltr'><strong>Clirnnnus,</strong></span> <span class='ocrx_word' id='word_1_950' title='bbox 1711 5769 1903 5830; x_wconf 73' lang='lat' dir='ltr'><strong>Zm-ns,</strong></span> <span class='ocrx_word' id='word_1_951' title='bbox 1954 5772 2218 5833; x_wconf 79' lang='lat' dir='ltr'><strong>Tetricus,</strong></span> <span class='ocrx_word' id='word_1_952' title='bbox 2264 5773 2353 5839; x_wconf 85' lang='lat' dir='ltr'><strong>qui</strong></span> <span class='ocrx_word' id='word_1_953' title='bbox 2462 5787 2476 5822; x_wconf 84' lang='grc' dir='ltr'>ι</span> 
     </span>
    </p>
   </div>
   <div class='ocr_carea' id='block_1_98' title="bbox 2336 5767 4013 5839">
    <p class='ocr_par' dir='ltr' id='par_1_98' title="bbox 2342 5767 4013 5839">
     <span class='ocr_line' id='line_1_98' title="bbox 2342 5767 4013 5839; baseline -0.004 -15"><span class='ocrx_word' id='word_1_954' title='bbox 2342 5773 2353 5824; x_wconf 91' lang='lat' dir='ltr'><strong>i</strong></span> <span class='ocrx_word' id='word_1_955' title='bbox 2462 5767 2702 5831; x_wconf 77' lang='lat' dir='ltr'><strong>modum,</strong></span> <span class='ocrx_word' id='word_1_956' title='bbox 2755 5768 3179 5838; x_wconf 74' lang='grc' dir='ltr'>ἐλευθερώσασα,</span> <span class='ocrx_word' id='word_1_957' title='bbox 3240 5767 3813 5839; x_wconf 13' lang='grc' dir='ltr'><strong>καὶῗπᾶζσανλέκείνηε</strong></span> <span class='ocrx_word' id='word_1_958' title='bbox 3852 5767 4013 5835; x_wconf 74' lang='grc' dir='ltr'>ἀχλὺν</span> 
     </span>
    </p>
   </div>
   <div class='ocr_carea' id='block_1_99' title="bbox 807 5836 2484 5909">
    <p class='ocr_par' dir='ltr' id='par_1_99' title="bbox 807 5836 2484 5908">
     <span class='ocr_line' id='line_1_99' title="bbox 807 5836 2484 5908; baseline 0.002 -21"><span class='ocrx_word' id='word_1_959' title='bbox 807 5837 991 5890; x_wconf 82' lang='lat' dir='ltr'><strong>relicto</strong></span> <span class='ocrx_word' id='word_1_960' title='bbox 1021 5838 1325 5906; x_wconf 86' lang='lat' dir='ltr'><strong>principatu</strong></span> <span class='ocrx_word' id='word_1_961' title='bbox 1355 5839 1861 5908; x_wconf 83' lang='lat' dir='ltr'><strong>ConstantinOpolin</strong></span> <span class='ocrx_word' id='word_1_962' title='bbox 1889 5842 2037 5907; x_wconf 82' lang='lat' dir='ltr'><strong>abiit,</strong></span> <span class='ocrx_word' id='word_1_963' title='bbox 2063 5842 2151 5896; x_wconf 90' lang='lat' dir='ltr'><strong>ubi</strong></span> <span class='ocrx_word' id='word_1_964' title='bbox 2185 5836 2354 5896; x_wconf 74' lang='lat' dir='ltr'><strong>lactus</strong></span> <span class='ocrx_word' id='word_1_965' title='bbox 2462 5843 2484 5891; x_wconf 80' lang='grc' dir='ltr'>ό</span> 
     </span>
    </p>
   </div>
   <div class='ocr_carea' id='block_1_100' title="bbox 2160 5836 3837 5909">
    <p class='ocr_par' dir='ltr' id='par_1_100' title="bbox 2185 5836 3837 5909">
     <span class='ocr_line' id='line_1_100' title="bbox 2185 5836 3837 5909; baseline -0.003 -14"><span class='ocrx_word' id='word_1_966' title='bbox 2185 5836 2354 5896; x_wconf 74' lang='lat' dir='ltr'><strong>lactus</strong></span> <span class='ocrx_word' id='word_1_967' title='bbox 2462 5839 2900 5907; x_wconf 69' lang='grc' dir='ltr'>ἀποσκεδάσασα,</span> <span class='ocrx_word' id='word_1_968' title='bbox 2945 5836 3180 5909; x_wconf 71' lang='grc' dir='ltr'>δύναμιν</span> <span class='ocrx_word' id='word_1_969' title='bbox 3222 5836 3470 5907; x_wconf 83' lang='grc' dir='ltr'><strong>αὺτῷτῴ</strong></span> <span class='ocrx_word' id='word_1_970' title='bbox 3499 5836 3697 5901; x_wconf 77' lang='grc' dir='ltr'>κάλλει,</span> <span class='ocrx_word' id='word_1_971' title='bbox 3732 5846 3837 5890; x_wconf 89' lang='lat' dir='ltr'><strong>ctc.</strong></span> 
     </span>
    </p>
   </div>
  </div>
