4248 6444
272 392 379 453 629
1420 397 1949 459 EPISTOLARUM

1815 399 1952 459 lUM
1994 398 2227 459 LIBER
2268 401 2319 460 Ι.
3388 396 3492 459 630

264 507 443 578 ψυχὴν
483 508 778 580 εὑρηκότες
807 509 962 573 ἀξίαν
1028 510 1189 581 (ἐρᾷν
1223 512 1330 582 γάρ
1363 530 1421 565 σε
1470 515 1669 585 ἀρετῆς
1724 519 1816 570 καὶ
1850 520 1941 573 Α(

1809 536 1816 568 ι
1850 520 1897 573 Α
1924 515 2241 569 cendentem
2280 514 2661 579 divinitatem,
2704 520 2970 583 quatenus
3012 509 3159 564 illam
3214 509 3486 574 homines,

265 601 548 665 εὐσεϐείας
596 602 995 671 πεπείσμεθα),
1025 604 1101 671 τῷ
1160 604 1463 675 φιλουμένῳ
1520 608 1674 679 δώρῳ
1736 614 1832 666 καὶ
1935 623 1942 659 ε

1811 614 1832 666 ι
1935 605 2148 675 assequi
2168 606 2491 675 poterimus,
2519 615 2777 675 tanquam
2805 603 2860 656 in
2892 601 3116 671 speculo
3140 609 3488 656 contuemur.

270 692 684 762 μεγαλοπρεπεῖ
709 693 1053 763 δεξιοῦμεθα.
1105 696 1191 748 Ἑν
1217 688 1279 763 ᾧ,
1311 697 1409 765 τῆς
1444 699 1711 767 ἀχράντου
1737 704 1829 756 καὶ
1936 698 1947 752 1

1811 704 1829 756 t
1936 697 2239 754 Istiusmodi
2275 713 2404 768 ergo
2431 697 2601 768 gratia
2644 704 2805 765 atque
2824 693 2969 748 dono
3000 692 3218 761 dignum
3246 699 3303 745 et
3327 706 3488 759 capa-

268 782 517 851 καθαρᾶς
540 784 695 853 ἡμῶν
730 786 964 850 πίστεως
996 785 1059 838 τὸ
1095 788 1237 857 ἱερὸν
1268 788 1361 841 καὶ
1385 787 1637 858 θεόσοφον
1675 793 1831 845 ἐντά-

268 873 461 937 ξαντες
492 876 739 947 μάθημα,
779 878 879 942 τὰς
912 878 1077 946 ἁγίας
1120 880 1214 932 καὶ
1264 882 1645 951 οίκουμενικας
1691 884 1831 938 ἑπτὰ

268 968 545 1031 συνόδους,
576 970 737 1023 οἱονεὶ
759 971 1005 1041 χάρακας
1029 989 1182 1034 τινας
1206 974 1300 1027 καὶ
1329 973 1647 1044 περιϐόλους
1668 974 1834 1039 οὔσας

267 1059 367 1109 τοῦ
408 1059 553 1111 θείου
595 1060 788 1114 τούτου
837 1066 932 1115 καὶ
972 1064 1251 1133 ὀρθοδόξου
1285 1065 1627 1135 μαθήματος,
1672 1070 1836 1134 σαφεῖ

266 1166 330 1201 τε
365 1152 461 1202 καὶ
495 1153 742 1222 συντόμῳ
789 1154 930 1222 λόγῳ
987 1158 1546 1225 συμπαρατιθέμεθα·
1582 1160 1688 1212 οὐδ’
1733 1161 1832 1215 ὅσα

271 1242 389 1310 βίον
427 1243 630 1306 ἰθύνει,
663 1249 754 1298 καὶ
808 1252 1077 1318 μαρτυρεῖ
1110 1253 1208 1319 τῆς
1260 1251 1493 1313 πίστεως
1531 1252 1631 1323 τὴν
1670 1252 1825 1323 ὀρθό-

268 1352 448 1403 τητα,
502 1338 781 1401 παντελῶς
839 1340 1291 1409 ἁποσιγήσαντες.
1357 1342 1561 1412 Ὠσπερ
1609 1344 1715 1412 γὰρ
1771 1347 1832 1397 τὸ

270 1428 451 1481 πάντα
500 1431 776 1500 καταρχὰς
820 1431 1111 1501 πειρᾶσθαι
1164 1433 1379 1501 λέγειν,
1429 1435 1828 1505 ἀπειρόκαλον·

268 1520 414 1572 οὕτω
446 1524 540 1574 καὶ
566 1523 626 1574 τὸ
665 1523 829 1591 μηδὲν
860 1526 1031 1575 εἰπεῖν
1052 1565 1066 1589 ,
1098 1526 1443 1591 ἀφιλόκαλον.

1930 798 2053 847 οεω
2099 790 2423 861 prudentem
2462 797 2616 843 tuum
2647 787 2889 842 animum
2912 794 3270 856 agnoscentes
3292 785 3490 850 (virtu-

1936 895 2043 939 tem
2095 894 2150 938 te
2196 883 2463 953 siquidem
2515 896 2581 936 ac
2621 881 2875 950 pietatem
2928 892 3112 933 amare
3167 890 3490 947 persuasum

1930 975 2215 1047 habemus)
2253 991 2450 1029 munus
2485 974 2555 1028 ad
2584 985 2636 1027 te
2666 973 2765 1027 tibi
2806 980 3017 1043 gratum
3044 970 3310 1033 futurum,
3346 969 3402 1021 in
3430 980 3491 1022 se

1929 1068 2313 1137 magniﬁcum,
2356 1067 2655 1121 aﬁ‘erimus.
2700 1064 2800 1118 Cui
2853 1063 3073 1132 quidem
3118 1060 3241 1113 ﬁdei
3288 1068 3490 1112 nostra:

1929 1161 2363 1215 incontaminatis
2406 1167 2461 1212 et
2502 1156 2799 1216 defaecata,
2844 1162 2899 1207 et
2936 1153 3179 1207 divinam
3224 1158 3279 1203 et
3316 1163 3349 1201 a
3379 1149 3490 1200 Deo

1929 1254 2176 1307 edoctam
2227 1252 2532 1304 inserentes
2600 1246 2978 1315 disciplinam,
3045 1244 3213 1299 sacris
3276 1250 3488 1310 septem

1932 1344 2325 1398 universalibus
2366 1342 2606 1413 synodis,
2649 1354 2759 1393 non
2814 1340 2971 1393 aliter
3005 1350 3165 1404 quam
3192 1334 3332 1387 vallo
3354 1345 3489 1400 quo-

1933 1437 2055 1490 dam
2106 1446 2162 1490 et
2209 1435 2530 1504 sepimento,
2576 1432 2883 1487 doctrinam
2930 1432 3070 1485 hanc
3109 1428 3386 1483 ccelcstem
3436 1431 3492 1475 et

1935 1528 2325 1592 orthodoxam,
2376 1524 2862 1589 eommunivimus,
2917 1536 3050 1589 quas
3101 1518 3384 1588 perspicua
3436 1522 3491 1565 et

269 1614 425 1667 brevi
454 1616 715 1679 oratione,
750 1634 855 1670 uua
884 1620 1305 1687 cognoscendas,
1360 1622 1719 1690 adjunximus.
1780 1621 1889 1676 Nec
1928 1623 2154 1687 interea,
2204 1638 2324 1691 quae
2381 1620 2446 1674 ad
2492 1621 2655 1673 vitam
2696 1628 2843 1673 recte
2887 1615 3272 1671 instituendam
3323 1612 3487 1681 perti-

269 1717 424 1769 nent,
462 1706 688 1775 lideique
720 1710 1030 1763 rectitudini
1064 1712 1428 1764 testimonium
1474 1715 1784 1781 perhibent,
1827 1728 2046 1782 prorsus
2074 1714 2287 1768 silentio
2332 1710 2752 1782 prateribimus.
2801 1707 2961 1761 Certe
2994 1707 3133 1761 sicut
3202 1705 3383 1757 omnia
3414 1704 3488 1758 si-

267 1799 491 1870 gillatim
534 1800 602 1852 ab
640 1801 795 1853 initio
839 1801 975 1853 velle
1029 1801 1238 1866 dicere,
1285 1802 1526 1871 ineptum
1577 1815 1701 1867 est;
1750 1806 1821 1859 ita
1860 1804 1999 1860 nihil
2042 1805 2263 1860 omnino
2291 1804 2492 1865 dicere,
2518 1811 2675 1870 turpe
2704 1808 2758 1854 et
2786 1799 3134 1851 inhonestum
3173 1805 3276 1850 est.

339 1890 408 1958 γ’,
440 1895 530 1943 Δεῖ
564 1892 617 1943 δὲ
651 1893 747 1953 τὰς
779 1894 977 1962 ἀρετὰς
1012 1897 1076 1963 τῇ
1112 1896 1291 1946 πίστει
1334 1898 1823 1965 παραπεπηγέναι,
1858 1906 1899 1958 Β
1995 1898 2016 1952 Ξ

1813 1937 1823 1959 ι
1858 1906 1899 1958 Β
1995 1898 2049 1955 3.
2088 1896 2314 1964 Oportet
2365 1903 2547 1947 autem
2594 1895 2821 1948 virtutes
2856 1901 2911 1945 et
2952 1890 3091 1944 bona
3132 1905 3296 1958 opera
3323 1905 3352 1943 a
3385 1890 3490 1943 ﬁde

264 1984 360 2035 καὶ
380 1984 444 2035 δι’
468 1985 668 2051 ἀμφοῖν
694 1984 783 2036 τὸν
815 1985 1095 2037 σπουδαῖον
1128 1986 1542 2055 καταρτίζεσθαι
1582 1989 1681 2057 (9).
1717 1990 1822 2041 Καὶ

264 2076 377 2145 γὰρ
409 2075 690 2143 δογμάτων
738 2076 836 2144 μὲν
874 2075 1103 2146 εὐθύτης
1147 2077 1423 2141 πολιτείας
1468 2079 1825 2149 προϐάλλεται

265 2168 632 2236 κοσμιότητα,
674 2168 923 2238 πράξεων
972 2170 1027 2222 δὲ
1076 2170 1381 2241 καθαρότης
1430 2172 1530 2242 τῆς
1592 2173 1828 2234 πίστεως

262 2259 599 2325 ἀπαγγέλλει
624 2258 875 2328 θειότητα
896 2277 908 2289 ·
929 2254 1003 2312 ὧν
1034 2262 1292 2330 ἑκάτερον
1316 2263 1481 2331 χωρὶς
1508 2262 1603 2315 τοῦ
1637 2263 1825 2333 ἐτέρου

267 2350 399 2418 ῥᾷον
448 2347 635 2401 εἴωθεν
670 2351 927 2420 ὑπορρεῖν
960 2352 1054 2403 καὶ
1098 2352 1541 2421 παρασύρεσθαι,
1595 2352 1667 2422 μὴ
1705 2355 1827 2405 ἀνε-

266 2443 494 2511 χόμενον
546 2445 856 2513 καταμόνας
910 2445 1110 2513 ψυχαῖς
1166 2445 1465 2515 ἀνθρώπων
1514 2448 1827 2513 ὲγκατοικί-

265 2530 476 2595 ζεσθαι.
519 2532 678 2585 vim
714 2533 843 2602 περὶ
879 2533 975 2602 μὲν
1004 2534 1206 2586 τούτων
1232 2536 1324 2586 καὶ
1358 2533 1602 2604 ὕστερον.
1632 2536 1744 2588 Νῦν
1771 2536 1827 2589 δέ

268 2640 353 2675 σοι
379 2624 440 2676 τὸ
464 2626 604 2694 ἱερὸν
628 2626 721 2677 καὶ
747 2626 1072 2697 θεόχρηστον
1093 2627 1191 2696 τῆς
1222 2629 1372 2697 ἱερᾶς
1392 2630 1549 2698 ἡμῶν
1579 2629 1826 2698 λατρείας

268 2716 634 2783 ἀνατιθέμεθα
677 2716 821 2786 μὰθη
831 2736 927 2786 μα.

344 2812 406 2863 δ’.
464 2814 724 2862 Πιστεύω
767 2814 852 2875 εὶς
885 2811 993 2864 ἕνα
1044 2810 1188 2864 Θεὸν
1228 2811 1457 2878 Πατέρα
1498 2810 1827 2877 παντοκρά-

268 2918 433 2967 τορα,
472 2902 724 2966 ποιητὴν
756 2899 1015 2966 οὐρανοῦ
1052 2902 1147 2953 καὶ
1180 2900 1313 2969 γῆς,
1343 2899 1568 2967 ὁρατῶν
1596 2917 1656 2953 τε
1679 2899 1831 2951 πάν-

271 3010 392 3043 των
422 2994 517 3044 καὶ
571 2992 859 3057 ἀοράτων.
912 2994 1017 3044 Καὶ
1048 2994 1135 3055 είς
1180 2992 1288 3044 ἕνα
1337 2994 1550 3059 Κύριον
1601 2991 1833 3057 Ἰησοῦν

270 3085 530 3153 Χριστὸν
552 3123 566 3146 ,
596 3086 701 3137 τὸν
736 3086 869 3137 Υίύν
902 3086 1006 3137 τοῦ
1043 3084 1188 3137 Θεοῦ
1230 3084 1333 3137 τὸν
1358 3083 1653 3153 μονογενῆ
1678 3124 1693 3147 ,
1726 3083 1832 3135 τὸν

271 3178 341 3229 ἐκ
378 3177 482 3230 τοῦ
514 3177 741 3243 Πατρός
766 3177 1127 3245 γεννηθέντα
1160 3177 1268 3244 πρὸ
1296 3176 1534 3229 πάντων
1556 3175 1674 3229 τῶν
1699 3175 1829 3229 αἰώ-

1927 2004 2035 2043 non
2090 1988 2295 2047 divelli.
2340 1986 2433 2041 sed
2476 1986 2730 2054 utrinque
2771 1985 2945 2037 virum
2984 1985 3185 2037 bonum
3218 1980 3405 2051 perﬁci
3436 1990 3491 2034 ct

1927 2080 2289 2135 consummari
2332 2098 2343 2131 :
2378 2078 2511 2132 ﬁdes
2545 2078 2690 2131 enim
2724 2085 2869 2129 recta
2898 2090 3077 2129 mores
3104 2073 3355 2142 producit
3389 2074 3488 2126 ho-

1928 2185 2110 2229 nestos
2135 2192 2150 2241 ;
2176 2184 2231 2229 et
2253 2189 2477 2243 operum
2503 2173 2710 2243 puritas
2736 2171 2893 2226 ﬁdem
2926 2186 3045 2225 esse
3069 2170 3307 2223 divinam
3330 2170 3491 2238 plane

1927 2268 2119 2337 probat
2161 2285 2175 2320 :
2226 2267 2449 2320 istorum
2502 2281 2633 2319 vero
2679 2264 2909 2317 alterum
2953 2264 3069 2316 sine
3122 2263 3294 2315 altero
3334 2262 3492 2316 facile

1923 2359 2169 2415 dillluere
2219 2359 2355 2413 solet
2392 2368 2449 2413 et
2488 2358 2744 2412 aliorsum
2786 2358 2901 2426 rapi
2936 2374 2948 2408 :
2984 2372 3155 2426 neque
3181 2357 3329 2411 enim
3365 2373 3491 2426 pos-

1928 2455 2055 2499 sunt
2095 2445 2340 2513 seiuncta
2387 2454 2444 2499 et
2483 2445 2693 2497 divulsa
2743 2443 2797 2496 in
2837 2443 3032 2497 animis
3074 2442 3356 2497 hominum
3400 2459 3489 2498 se-

1925 2536 2049 2591 dem
2080 2536 2259 2607 ﬁgere.
2294 2536 2401 2589 Sed
2431 2536 2498 2589 de
2526 2536 2644 2588 istis
2678 2534 2981 2589 videbimus
3016 2534 3069 2587 in
3113 2535 3488 2604 sequentibus.

1929 2628 1987 2681 In
2028 2629 2282 2697 praesenti
2311 2642 2519 2681 sacram
2554 2636 2608 2680 et
2638 2626 2822 2680 divino
2851 2627 3072 2681 oraculo
3103 2626 3280 2681 fusam
3302 2642 3489 2681 sacro-

1929 2727 2128 2772 sancta:
2156 2727 2354 2771 nostrae
2386 2718 2659 2787 religionis
2688 2718 2988 2770 doctrinam
3014 2726 3489 2787 repraesentamus.

1998 2812 2051 2862 4.
2106 2807 2270 2864 Credo
2306 2810 2360 2861 in
2402 2826 2567 2861 unum
2601 2808 2769 2862 Deum
2808 2809 3029 2863 Patrem
3059 2812 3489 2877 omnipotentem,

1930 2900 2043 2953 coeli
2077 2909 2124 2953 et
2155 2909 2310 2953 terra
2333 2900 2658 2963 Creatorem,
2696 2916 2892 2953 necnon
2945 2900 3229 2953 visibilium
3264 2902 3495 2953 omnium

1930 3008 1993 3043 ac
2030 2991 2367 3044 inuisibilium
2405 3007 2424 3044 :
2457 2989 2522 3043 Et
2557 2992 2612 3043 in
2636 3006 2796 3043 unum
2826 2991 3107 3045 Dominum
3131 2991 3307 3045 Iesum
3339 2992 3495 3047 Chri-

1930 3093 2087 3144 stum.
2134 3081 2333 3135 Filium
2364 3082 2459 3135 Dei
2492 3084 2839 3153 unigenitum,
2876 3100 2939 3137 ea:
2964 3082 3123 3137 Patre
3159 3093 3342 3137 natum
3371 3094 3495 3137 ante

1930 3175 2104 3226 omnia
2146 3172 2568 3238 sacula;lumen
2609 3178 2670 3227 de
2712 3174 2907 3227 lumine
2933 3214 2948 3241 ,
2994 3174 3159 3227 Deum
3206 3191 3383 3228 verum
3429 3175 3496 3228 de

271 3286 415 3321 νων.
445 3266 572 3331 Φῶς
597 3268 664 3319 ὲκ
694 3267 903 3335 φωτὸς,
934 3270 1083 3320 Θεὸν
1110 3268 1400 3331 ἀληθινὸν
1418 3268 1486 3319 ἐκ
1518 3267 1663 3320 Θεοῦ
1691 3268 1831 3334 ἀλη-
1855 3277 1900 3338 C
1932 3265 1948 3318 ί

1817 3298 1831 3307 -
1855 3277 1900 3338 C
1932 3265 2040 3319 Deo
2082 3280 2233 3327 vero;
2279 3267 2529 3335 genitum,
2579 3282 2681 3318 non
2712 3267 2943 3335 factum;
2975 3265 3126 3320 Patri
3150 3268 3494 3320 consubstan-

274 3358 477 3411 θινοῦ·
533 3357 929 3425 γεννηθέντα,
985 3358 1057 3409 οὐ
1107 3356 1459 3421 ποιηθέντα·
1510 3358 1833 3424 όμοούσιον

274 3448 355 3513 τῷ
390 3452 591 3517 Πατρί,
624 3450 697 3503 δι’
736 3446 806 3505 οὗ
830 3450 902 3502 τὰ
924 3450 1116 3503 πάντα
1146 3449 1379 3519 ἐγένετο
1400 3468 1412 3479 ·
1444 3452 1551 3502 τὸν
1578 3450 1651 3502 δι’
1676 3448 1833 3517 ἡμᾶς

273 3543 415 3607 τοὺς
446 3543 793 3609 ἀνθρώπους
827 3543 923 3596 καί
946 3542 1041 3595 διὰ
1071 3543 1184 3609 τὴν
1209 3542 1498 3610 ἡμετέραν
1535 3544 1834 3608 σωτηρίαν

274 3636 639 3687 κατελθόντα
691 3633 760 3696 ἐξ
812 3631 1113 3700 οὐρανῶν·
1172 3634 1267 3685 καὶ
1326 3634 1705 3699 σαρκωθέντα
1764 3634 1832 3685 ἐκ

274 3726 616 3792 Πνεύματος
646 3725 817 3791 ἁγίου
836 3726 931 3778 καὶ
967 3726 1192 3790 Μαρίας
1227 3722 1334 3789 τῆς
1364 3724 1668 3790 Παρθένου
1691 3765 1704 3783 .
1736 3724 1833 3777 καί

279 3816 837 3881 ὲνανθρωπήσαντα,
877 3816 1291 3883 σταυρωθέντα
1336 3832 1397 3867 τε
1456 3816 1607 3881 ὑπὲρ
1667 3814 1834 3883 ἡμῶν

274 3909 371 3959 ἐπὶ
404 3908 653 3959 Ποντίου
684 3906 961 3969 Πιλάτου,
999 3909 1093 3959 καὶ
1125 3908 1407 3971 παθόντα,
1428 3908 1523 3959 καὶ
1556 3908 1831 3975 ταρέντα,

276 3998 374 4051 καὶ
398 3998 742 4051 ἀναστάντα
769 3997 840 4064 τῇ
871 4000 1034 4065 τρίτῃ
1062 3998 1245 4065 ἡμέρᾳ
1268 4000 1415 4051 κατὰ
1438 3998 1543 4062 τὰς
1572 4001 1619 4050 Γ
1615 4000 1832 4065 pass-dc,

276 4090 374 4143 καὶ
432 4091 758 4142 ἀνελθόντα
791 4094 877 4153 είς
914 4090 1051 4156 τοὺς
1095 4091 1423 4157 οὐρανοὺς,
1469 4090 1565 4143 καὶ
1608 4089 1835 4149 καθεζό-

272 4199 460 4252 μενον
480 4185 547 4235 ἐν
568 4182 735 4248 δεξιᾷ
754 4184 860 4236 τοῦ
882 4185 1108 4249 Πατρός
1132 4200 1145 4213 ·
1174 4184 1273 4236 καί
1303 4184 1487 4236 πάλιν
1513 4185 1836 4252 ἐρχόμενον

274 4273 424 4343 μετὰ
457 4274 639 4339 δόξης
687 4275 879 4342 κρῖναι
909 4274 1127 4339 ζῶντας
1164 4275 1260 4328 καί
1293 4278 1575 4342 νεκρούς·
1610 4272 1680 4331 οὗ
1727 4275 1835 4341 τῆς

273 4363 594 4430 ,ϐασιλείας
629 4366 738 4417 οὐκ
788 4365 957 4418 ἔσται
1003 4366 1192 4429 τέλος,
1226 4364 1334 4417 Καὶ
1371 4368 1455 4430 είς
1500 4366 1565 4418 τὸ
1598 4366 1835 4433 Πνεῦμα

278 4454 346 4508 τὸ
382 4455 569 4523 ἅγιον,
602 4456 665 4508 τὸ
693 4456 910 4523 Κύριον
943 4456 1037 4509 καὶ
1078 4453 1361 4513 ζωοποιὸν
1390 4456 1456 4507 τὸ
1481 4456 1548 4508 ἐκ
1585 4456 1691 4508 τοῦ
1722 4459 1837 4507 Πα-

278 4546 418 4614 τρός
446 4547 937 4615 ἐκπορευόμενον,
969 4546 1035 4598 τὸ
1068 4546 1187 4597 σὺν
1213 4547 1391 4608 Πατρὶ
1423 4548 1522 4599 καὶ
1566 4545 1674 4610 Υίῷ
1696 4562 1834 4611 προ-

280 4641 698 4706 σκυνούμενον
742 4639 839 4692 καί
880 4639 1419 4705 συνδοεαζόμενον,
1451 4624 1837 4705 τὸίλαλῆσαν

1933 3356 2131 3421 tialem,
2170 3373 2261 3424 per
2293 3371 2444 3425 quem
2477 3359 2654 3409 omnia
2678 3360 2819 3427 facta
2849 3368 2971 3411 sunt
3002 3375 3019 3411 :
3050 3360 3137 3428 qui
3168 3370 3379 3428 propter
3404 3377 3500 3414 nos

1932 3453 2162 3505 homines
2180 3463 2227 3505 et
2248 3461 2457 3519 propter
2474 3461 2701 3503 nostram
2717 3452 2939 3504 salutem
2955 3452 3214 3505 descendit
3238 3455 3299 3505 de
3320 3453 3457 3507 caelis
3477 3471 3496 3513 :

1932 3546 2240 3597 incarnatus
2282 3561 2345 3597 ex
2392 3542 2595 3613 Spiritu
2637 3552 2818 3596 sancto
2862 3550 2911 3597 et
2960 3542 3133 3596 Maria
3174 3542 3413 3613 Virgine;
3448 3554 3498 3597 et

1933 3637 2081 3689 homo
2126 3638 2295 3706 [actus
2346 3646 2441 3700 est,
2481 3636 2859 3704 cruciﬁxusque
2895 3652 2988 3704 pro
3020 3636 3163 3689 nobis
3189 3636 3281 3689 sub
3310 3635 3497 3689 Pontio

1933 3728 2131 3791 Pilato,
2180 3746 2362 3794 passus
2413 3738 2460 3781 et
2511 3728 2775 3796 sepultus;
2829 3740 2876 3780 et
2902 3729 3181 3781 resurrexit
3230 3729 3387 3781 tertia
3414 3730 3499 3782 die

1933 3821 2211 3872 secundum
2254 3818 2587 3887 Scripturas;
2627 3830 2674 3872 et
2702 3822 2935 3872 ascendit
2970 3822 3023 3871 in
3051 3821 3238 3883 caelos;
3270 3832 3317 3873 et
3360 3827 3498 3873 sedet

1935 3926 1968 3961 a
2006 3910 2204 3961 dextris
2233 3908 2410 3961 Patris
2438 3927 2455 3963 :
2482 3920 2529 3962 et
2559 3912 2745 3962 iterum
2784 3921 3028 3961 venturus
3058 3920 3130 3962 est
3159 3926 3274 3961 cum
3305 3910 3497 3979 gloria,

1927 4004 2265 4071 judicatqu
2320 4004 2459 4055 vivos
2514 4014 2670 4073 atque
2709 4014 2976 4067 mortuos;
3019 4004 3164 4071 cujus
3205 4004 3349 4073 regni
3398 4020 3501 4055 non

1936 4093 2032 4145 erit
2067 4094 2186 4153 linis
2219 4110 2231 4145 :
2270 4092 2337 4145 Et
2372 4095 2424 4144 in
2449 4093 2706 4159 Spiritum
2730 4104 2969 4147 sanctum
2999 4094 3277 4147 Dominum
3312 4104 3359 4146 et
3396 4111 3499 4147 au-

1936 4191 2127 4235 ctorem
2152 4183 2270 4235 vita
2291 4200 2307 4245 ;
2331 4184 2417 4251 qui
2440 4185 2670 4251 procedit
2691 4200 2723 4235 a
2753 4183 2950 4246 Patre;
2984 4185 3073 4253 qui
3098 4201 3214 4236 cum
3250 4183 3413 4236 Patre
3437 4200 3500 4235 ac

1938 4272 2071 4325 Filio
2115 4274 2369 4325 adoratur
2415 4283 2463 4325 et
2508 4273 2867 4343 gloriﬁcatur;
2922 4276 3012 4343 qui
3057 4275 3255 4328 locutus
3294 4284 3367 4328 est
3410 4291 3502 4341 per

1936 4364 2212 4431 prophetas
2258 4380 2274 4416 :
2326 4363 2388 4416 In
2419 4382 2577 4417 unam
2602 4365 2909 4417 catholicam
2936 4377 2984 4417 et
3025 4366 3365 4432 apostolicam
3400 4366 3501 4418 Ec-

1938 4455 2167 4508 clesium.
2220 4454 2480 4522 Conﬁteor
2530 4474 2691 4509 unum
2738 4459 3019 4525 baptisma,
3064 4458 3118 4509 in
3151 4458 3502 4510 remissionem

1936 4556 2280 4613 peccatorum.
2324 4547 2576 4611 Exspecto
2605 4550 3036 4603 resurrectionem
3074 4561 3419 4611 mortuorum,
3442 4555 3499 4600 et

1944 4640 2105 4691 vitam
2134 4640 2335 4691 venturi
2361 4641 2558 4691 swculi.
2586 4640 2764 4693 Amen.
2913 4630 2919 4639 ’

281 4732 379 4783 διὰ
428 4730 545 4783 τῶν
592 4730 927 4798 προφητῶν.
977 4734 1076 4795 Εἰς
1105 4732 1249 4798 μίαν
1290 4732 1465 4799 ἁγίαν
1511 4730 1838 4795 καθολικὴν
1875 4732 1969 4785 καὶ
2012 4730 2427 4797 ἀποστολικὴν
2474 4734 2860 4798 Ἐκκλησίαν.
2909 4732 3203 4802 Ὀμολογῶ
3266 4731 3334 4784 ἐν
3386 4731 3501 4794 ,ϐἀ-

282 4840 507 4892 πτισμα
531 4826 614 4889 είς
640 4826 853 4891 ἄφεσιν
875 4824 1169 4891 ἁμαρτιῶν
1190 4840 1203 4853 ·
1234 4824 1545 4892 προσδοκῶ
1572 4823 1908 4877 ἀνάστασιν
1947 4824 2175 4893 νεκρῶν
2195 4866 2209 4889 ,
2250 4826 2347 4877 καὶ
2374 4823 2524 4891 ζωὴν
2560 4825 2665 4877 τοῦ
2682 4826 3016 4892 μέλλοντος
3043 4824 3274 4887 αἰῶνος.
3295 4821 3496 4889 Ἀμήν.

354 4914 415 4969 ε’.
466 4916 620 4967 Οῦτω
653 4916 939 4985 τοιγαροῦν
970 4916 1179 4985 φρονῶν
1224 4916 1317 4967 καὶ
1360 4916 1660 4978 πιστεύων,
1703 4916 1841 4968 κατὰ
1874 4920 1917 4973 D
2018 4920 2031 4973 ε

1826 4920 1841 4968 ι
1874 4920 1917 4973 D
2018 4920 2069 4973 5.
2124 4919 2203 4972 Ad
2248 4918 2391 4971 hunc
2426 4933 2551 4987 ergo
2576 4917 2793 4970 modum
2826 4918 3066 4971 sentiens
3097 4931 3159 4969 ac
3191 4916 3417 4971 credens
3445 4926 3503 4967 ut

285 5004 385 5074 τὴν
435 5005 727 5074 παράδοσιν
765 5006 863 5073 τῆς
903 5006 1063 5073 ἁγίας
1111 5004 1204 5057 τοῦ
1239 5005 1373 5058 Θεοῦ
1414 5006 1703 5076 καθολικῆς
1744 5008 1838 5059 καὶ

288 5097 649 5167 ἀποστολιχῆς
680 5097 1023 5167 Ἐκκλησίας,
1045 5092 1089 5151 ὦ
1110 5098 1269 5151 καλὸν
1306 5098 1526 5168 ἄγαλμα
1555 5099 1659 5151 τῶν
1690 5098 1839 5168 ἐμῶν

1947 5010 2244 5064 secundum
2271 5010 2613 5062 traditionem
2654 5018 2853 5061 sanctze
2895 5007 3171 5061 catholica:
3208 5014 3261 5059 et
3288 5014 3505 5074 aposto-

1947 5101 2061 5155 lica:
2116 5099 2388 5164 Ecclesia,
2433 5114 2466 5152 ο
2506 5098 2747 5153 laborum
2790 5112 3035 5169 meorum
3062 5094 3319 5148 eximium
3346 5108 3505 5148 orna-

1777 5234 2003 5293 NOTAE.

360 5352 435 5421 (9)
474 5352 551 5405 Δι’
585 5342 805 5419 ἀμφοῖν
845 5352 951 5405 τὸν
993 5352 1341 5421 σπουδαῖον
1368 5350 1825 5421 καταρτίζεσθαι.

290 5419 524 5493 Ignatius
570 5422 625 5475 in
673 5423 762 5475 illa
810 5422 874 5475 ad
936 5424 1134 5491 Ephes.
1198 5420 1361 5491 Ἀρχὴ
1412 5419 1594 5489 ζωῆς,
1647 5422 1844 5493 πίστις,

290 5492 441 5553 τέλος
470 5494 545 5554 δὲ,
576 5494 783 5561 ἀγάπη·
819 5493 885 5543 τὰ
912 5493 967 5543 δὲ
1002 5494 1094 5545 δύο
1116 5533 1128 5551 ,
1192 5497 1245 5544 ὲν
1292 5493 1501 5557 ἐνότητι
1556 5492 1841 5559 γενόμενα⁹

288 5563 423 5615 Θεοῦ
450 5560 735 5631 ἄνθρωπον
774 5563 1043 5614 ἀποτελεῖ·
1083 5565 1149 5615 τὰ
1178 5564 1230 5614 δὲ
1256 5562 1387 5616 ἄλλα
1424 5564 1597 5613 πάντα
1627 5564 1704 5622 εἰς
1745 5578 1845 5613 κα-

290 5634 621 5699 λοκαγαθίαν
646 5632 913 5683 ἀκόλουθα
938 5636 1102 5683 ἐστιν·
1142 5634 1315 5693 οὐδεὶς
1362 5634 1542 5682 πίστιν
1573 5632 1841 5695 ἐπαγγελ-

294 5704 513 5771 λόμενος
547 5704 743 5770 ὀφείλει
781 5704 1132 5771 ἁμαρτάνειν,
1174 5704 1291 5755 οῦδὲ
1328 5704 1545 5767 ἀγάπην
1575 5702 1845 5767 κεκτημέ-

298 5790 387 5835 νος
420 5776 594 5842 μισεῖν
625 5774 711 5825 τάν
738 5773 980 5839 ἀδελφὴ.
1012 5773 1109 5827 [ibi
1135 5776 1279 5835 τέλος
1311 5788 1416 5825 ιιυιι
1444 5787 1525 5828 cst
1567 5782 1669 5826 tum
1700 5772 1839 5837 finis,

1937 5359 1997 5404 ut
2013 5358 2228 5405 vertunt
2245 5350 2582 5419 interpretes.
2605 5363 2765 5417 quam
2786 5345 3060 5419 τελείωσις
3075 5343 3345 5419 ρει-[εειὶρζ
3358 5342 3505 5396 idem

1952 5423 2139 5475 beatus
2208 5412 2412 5490 martyr
2462 5412 2655 5490 iterqu
2728 5419 2855 5490 ait:
2919 5416 2984 5467 Ol
3039 5412 3505 5490 ’ἐπαγγελλόμενοι

1952 5490 2183 5558 Χριστοῦ
2216 5475 2370 5551 εἶναι,
2411 5491 2507 5563 οῦκ
2532 5490 2589 5551 ἐξ
2620 5483 2692 5540 ὧν
2724 5488 2941 5563 λέγουσι
2980 5475 3416 5563 λιιόνοκιωιὶλλὰρξ⁵

1951 5552 2244 5630 πράττουσι
2276 5560 2659 5627 γνωρίζονται·
2696 5564 2756 5610 ἐκ
2786 5552 3006 5628 γὰριτοῦ
3050 5553 3262 5630 impne-3
3303 5553 3362 5630 τὸ
3390 5552 3507 5630 δέν-τ

1947 5618 2070 5700 δρον
2098 5618 2437 5700 γινώσέεται.
2456 5618 2533 5679 ⁷’Ἀ
2546 5632 2723 5698 μεινόν
2767 5618 2880 5681 ἐστὶ
2910 5618 3136 5693 σιωπᾷν
3160 5625 3251 5676 καὶ
3283 5618 3440 5686 εἶναι,
3470 5623 3503 5690 ἢ

1946 5697 2119 5755 λαλεῖν
2146 5702 2236 5754 καὶ
2272 5702 2343 5769 μὴ
2381 5697 2535 5751 εἶναι.
