4248 6444
743 397 837 465 631

1898 394 2153 457 ΡΗΟΤΙΙ
2194 397 2694 460 ΡΑΤΙΠΛΗΟΗΕ
2741 402 2848 462 CP.

3862 402 3980 464 632

745 513 1006 563 mentum,
1054 518 1235 555 sacras
1280 510 1334 555 et
1378 502 1746 556 tecumenicas
1796 512 2003 570 septem
2058 504 2307 572 synodos,
2341 510 2422 563 Α·

2303 546 2307 562 ,
2341 510 2383 563 Α
2415 506 2590 559 πόνων
2630 509 2774 576 (10).
2819 512 2916 571 τάς
2940 510 3098 576 ἁγίας
3126 512 3218 564 καὶ
3246 514 3624 580 οἰκουμενικίις
3654 514 3791 565 ἑπτὰ
3825 514 3980 563 συνό-

746 594 937 662 partim
994 602 1249 662 tanquam
1283 594 1499 663 pietatis
1528 595 1834 660 magistras,
1861 596 2055 663 partim
2090 606 2147 649 ut
2181 611 2305 665 pro-

745 684 1106 752 pugnatrices.
1150 684 1365 751 suscipe
1412 693 1465 736 et
1504 684 1829 753 amplectere
1862 702 1874 736 :
1909 682 2012 737 Per
2068 686 2186 740 illas
2226 695 2309 739 et-

746 775 890 828 enim
909 784 963 828 et
984 775 1191 828 illarum
1222 791 1322 843 ope
1352 776 1530 829 omnis
1559 776 1855 838 innovatio,
1882 778 2103 831 haeresis
2130 778 2307 830 omnis

751 868 1067 935 repellitur:
1116 880 1171 920 et
1216 868 1356 937 quod
1414 869 1772 921 orthodoxum
1821 878 1921 930 est,
1970 884 2106 937 puro
2140 878 2194 921 et
2239 868 2309 921 ab

750 959 982 1026 antiquis
1032 960 1229 1013 tradito
1281 960 1558 1013 intellectu
1607 969 1983 1023 conservatur,
2044 969 2207 1027 atque
2253 959 2307 1011 in

746 1051 960 1117 piorum
1013 1051 1304 1111 mentibus,
1343 1051 1686 1104 dubitatione
1719 1050 1960 1108 exclusa.
1989 1050 2306 1104 collocatur.

747 1141 948 1195 llarnm
999 1157 1097 1209 ego
1136 1142 1459 1211 synodorum
1498 1142 1864 1195 narrationem
1893 1140 2182 1211 aggredior
2222 1141 2309 1194 in-

750 1236 1010 1297 stituere;
1053 1235 1229 1287 locum
1283 1235 1470 1297 simul,
1513 1249 1824 1297 numerum,
1874 1234 2306 1295 multitudinem,

746 1324 1002 1392 praesides
1060 1341 1221 1393 porro
1268 1325 1621 1394 singularum,
1664 1341 1768 1377 una
1810 1342 1933 1379 cum
1986 1326 2308 1389 actionibus,

747 1432 855 1484 quo
884 1432 971 1470 res
1007 1418 1195 1470 melius
1231 1418 1614 1487 intelligantur,
1644 1418 2027 1485 descripturus.

820 1510 872 1561 6.
918 1508 1093 1562 Prima
1134 1510 1252 1563 idco
1291 1512 1524 1580 synodus
1552 1512 1871 1565 universalis
1908 1512 2047 1579 apud
2077 1509 2309 1565 Nicaeam

750 1597 1012 1667 Bithyniae
1057 1600 1329 1653 civitatem
1389 1611 1572 1653 coacta
1636 1602 1755 1655 fuit.
1818 1600 2198 1655 Couvenerant
2247 1616 2312 1655 eo

751 1689 973 1743 trecenti
1017 1690 1205 1743 decem
1252 1700 1303 1743 ct
1330 1699 1451 1743 octo
1489 1691 1580 1742 Dei
1609 1691 1917 1745 sacerdotes
1951 1709 1962 1743 :
1992 1693 2058 1744 de
2088 1693 2312 1744 veritate

747 1782 1008 1850 judicium
1076 1785 1271 1835 latum.
1332 1782 1495 1836 Erant
1550 1783 1704 1837 istius
1766 1794 1942 1837 curtus
2001 1784 2310 1851 principes.

752 1874 1054 1926 Alexander
1093 1872 1753 1941 ConstantinOpolitanum
1797 1874 2311 1942 archiepisciipalem

754 1965 1013 2018 thronum
1066 1966 1285 2019 sortitus
1336 1966 1819 2019 administrandum
1884 1967 2022 2032 (erat
2088 1966 2178 2019 ille
2234 1966 2316 2019 vir

754 2058 1018 2126 profunda
1076 2057 1290 2125 quidem
1340 2058 1561 2117 canitie,
1610 2068 1665 2111 et
1702 2056 1975 2111 consimili
2007 2056 2312 2122 prudentia,

754 2150 1103 2211 venerabilis;
1149 2150 1435 2219 plurimam
1472 2165 1633 2217 porro
1666 2149 1950 2217 possidens
1978 2150 2118 2217 apud
2150 2148 2315 2201 Deum

754 2242 1024 2302 ﬁduciam.
1068 2252 1286 2311 propter
1328 2242 1452 2295 vitae
1489 2242 1832 2310 splendorem
1858 2282 1871 2302 ,
1916 2241 2080 2294 animi
2118 2241 2318 2294 sancti-

754 2335 1015 2396 moniam,
1050 2343 1103 2388 et
1132 2345 1438 2389 accuratam
1476 2333 1595 2387 fidei
1636 2332 2050 2402 professionem)
2082 2351 2093 2384 :
2145 2333 2240 2387 sed
2266 2340 2321 2386 et

756 2428 981 2496 insuper
1013 2427 1276 2481 Slvester
1306 2437 1470 2495 atque
1504 2426 1679 2480 Julius
1702 2427 1942 2496 insignes
1968 2426 2043 2479 illi
2072 2426 2317 2480 celeber-

757 2522 987 2589 rimique
1027 2521 1280 2574 Romana:
1317 2520 1570 2573 Ecelesim
1611 2520 1891 2587 prmsules,
1923 2529 2116 2572 neuter
2141 2527 2320 2571 tamen

759 2628 946 2666 eorum
984 2612 1338 2680 personaliter
1372 2627 1630 2679 praesens,
1660 2610 1888 2663 aderant
1921 2628 1933 2662 :
1970 2609 2064 2663 sed
2096 2620 2323 2677 uterque

760 2721 854 2759 sua
896 2706 1035 2768 vice,
1081 2705 1163 2756 sui
1192 2704 1534 2773 pontificatus
1569 2716 1833 2771 tempore,
1876 2701 2059 2754 Vitum
2103 2711 2156 2754 et
2190 2698 2324 2753 Vin-

763 2798 1020 2857 centium,
1054 2798 1330 2850 communi
1371 2797 1443 2848 illi
1480 2796 1761 2849 conscssui
1794 2795 1986 2848 adesse
2022 2795 2323 2863 jusserunt,

764 2890 1012 2943 homines
1055 2891 1250 2942 virtute
1293 2890 1565 2957 praeditos,
1599 2889 1798 2957 quique
1830 2888 1897 2941 ad
1926 2887 2329 2956 presbyteratus

764 2983 1075 3049 dignitatem
1121 2983 1477 3035 ascenderant
1523 3000 1535 3033 :
1579 2995 1702 3033 cum
1737 2980 1932 3048 quibus
1966 2987 2023 3031 et
2065 2977 2329 3031 Cordubae

764 3075 1050 3144 episcopus
1093 3075 1333 3144 (llosius)
1369 3075 1706 3137 sociabatur;
1738 3072 1827 3141 qui
1862 3088 1957 3141 per
1990 3073 2329 3139 Paganorum

2408 596 2549 661 δους,
2579 598 2676 659 τὰς
2714 598 2813 665 μὲν
2841 599 2914 662 ὡς
2938 600 3312 663 διδασκάλους.
3343 602 3440 663 τὰς
3468 604 3523 654 δὲ
3551 601 3625 662 ὡς
3656 603 3979 668 προμάχους

2407 687 2506 754 τῆς
2533 689 2831 753 εὐσεϐείας,
2862 691 3120 759 ἀποδέχου
3147 694 3239 743 καί
3275 692 3522 763 περίεπε.
3562 693 3638 744 Δι’
3665 692 3845 744 αὐτῶν
3867 694 3983 760 γὰρ

2409 783 2559 831 πᾶσα
2610 783 2929 850 καινοτομία
2966 784 3059 837 καὶ
3106 786 3314 855 αἵρεσις
3362 785 3755 839 ἀπελαύνεται·
3802 785 3864 836 τὸ
3920 785 3983 835 δὲ

2407 872 2506 940 τῆς
2538 871 2841 941 όρθοδοξίας
2866 876 3143 943 ἀκήρατον
3175 877 3268 928 καὶ
3309 876 3808 945 ἀρχαιοπαράδοτον
3844 875 3984 943 φρό-

2410 979 2557 1031 νημα
2604 966 2724 1033 ταῖς
2763 964 3129 1018 εὐσεϐούντων
3168 966 3366 1034 ψυχαῖς
3405 968 3482 1027 είς
3527 966 3847 1019 ἀδίστακτον
3878 980 3981 1014 σε·

2411 1054 2748 1124 δασμιότητα
2778 1055 3177 1125 καθιδρύνεται.
3215 1051 3314 1109 Ὧν
3348 1060 3667 1126 ἀπάρχομαι
3706 1056 3803 1125 τὴν
3833 1056 3985 1123 ἀφή-

2411 1162 2596 1214 γησιν,
2636 1146 2729 1197 καὶ
2760 1147 2924 1200 τόπον
2948 1188 2961 1209 ,
3013 1150 3107 1199 καὶ
3158 1149 3390 1217 ἀριθμὸν
3422 1149 3516 1200 τοῦ
3554 1148 3788 1216 πλήθους
3811 1188 3826 1211 ,
3882 1146 3989 1197 καὶ

2408 1240 2537 1301 τοὺς
2597 1240 2871 1309 ἀρχηγοὺς
2944 1240 3212 1309 ἑκάστης,
3278 1241 3437 1311 χάριν
3501 1242 3800 1310 εὐμαθίας,
3855 1241 3986 1300 ταῖς

2409 1332 2635 1393 οἰκείαις
2672 1333 3214 1403 συνυποτυπούμενος
3241 1337 3266 1375 ⁸
3298 1335 3577 1407 πράξεσιν.

2483 1508 2555 1573 ς’.
2601 1510 2664 1561 'H
2702 1510 2881 1562 τοίνυν
2914 1508 3103 1578 πρώτη
3131 1511 3222 1561 καὶ
3266 1510 3613 1580 οἰκουμενικὴ
3646 1509 3775 1577 ἁγία
3822 1508 3985 1561 σύνο-

2410 1600 2518 1663 δος,
2562 1602 2619 1652 ἐν
2644 1603 2706 1668 τῇ
2738 1601 2876 1651 κατά
2905 1601 3156 1653 Βιθυνίαν
3181 1602 3387 1670 Νικαίᾳ
3416 1601 3805 1671 συνεκροτήθη⁶
3832 1600 3986 1654 ὀκτὼ

2411 1692 2503 1741 καὶ
2530 1690 2663 1742 δέκα
2694 1690 2749 1741 δὲ
2784 1690 3082 1757 τριακόσιοι
3113 1690 3246 1760 (ll),
3280 1691 3440 1743 θείων
3496 1690 3795 1760 ἀρχιερέων
3831 1691 3985 1759 ὁμή-

2414 1800 2590 1850 γυρις,
2623 1782 2721 1850 τὴν
2768 1784 2865 1850 τῆς
2908 1781 3167 1851 ἀληθείας
3196 1782 3377 1850 κρίσιν
3411 1783 3822 1851 ἑνεχειρίζοντο.
3873 1777 3983 1832 Ὃν

2415 1870 2551 1941 ἦσαν
2582 1874 2926 1942 προέχοντες,
2968 1872 3315 1941 Ἀλέξανδρός
3340 1890 3423 1936 τε,
3454 1874 3482 1925 ό
3514 1874 3605 1924 τὸν
3631 1873 3987 1924 Ιιὶωνσταντι⁶

2415 1967 2718 2029 νουπόλεως
2770 1966 3155 2037 ἁρχιερατικὸν
3202 1967 3391 2036 θρόνον
3428 1964 3612 2035 λαχὼν
3643 1964 3948 2017 διευθύνειν
3972 1981 3987 1993 ο

2417 2058 2557 2127 ἀνὴρ
2585 2058 2774 2130 βαθείᾳ
2809 2059 2907 2128 μὲν
2938 2058 3116 2128 πολιᾷ,
3160 2058 3530 2128 παραπλησίῳ
3567 2057 3623 2110 δὲ
3650 2056 3991 2127 φρονήματι,

2420 2150 2835 2217 σεμνυνόμενος,
2864 2150 2979 2219 βίου
3009 2152 3065 2205 δὲ
3088 2150 3433 2221 λαμπρότητι
3457 2150 3553 2203 καὶ
3583 2149 3823 2216 ὁσιότητι
3850 2149 3994 2214 γνώ-

2422 2258 2527 2311 μης
2562 2241 2657 2294 καὶ
2692 2242 2925 2305 πίστεως
2963 2241 3215 2313 ἀκριϐείᾳ
3245 2243 3343 2311 τὴν
3371 2244 3451 2304 είς
3488 2241 3551 2294 τὸ
3583 2240 3723 2293 θεῖον
3764 2242 3993 2310 παρρη-

2422 2334 2540 2386 σίαν
2561 2333 2757 2403 πολλὴν
2793 2334 3157 2405 οἰκειούμενος
3202 2352 3215 2364 ·
3247 2335 3342 2386 καὶ
3388 2334 3451 2404 δὴ
3498 2334 3593 2385 καὶ
3647 2330 3991 2398 Σίλϐεστρος,

2421 2426 2513 2476 καὶ
2573 2424 2826 2488 Ἰο3).ιος,
2895 2426 2996 2495 τῆς
3059 2425 3372 2493 Ῥωμαῖκῆς
3438 2422 3761 2492 Ἐκκλησίας
3841 2420 3989 2490 (12)

2422 2520 2680 2590 ἐπίσημοί
2721 2538 2780 2573 τε
2834 2521 2928 2574 καὶ
2973 2520 3245 2591 διαϐόητοι
3299 2521 3591 2591 πρόεδροι·
3649 2520 3827 2572 αὐτῶν
3893 2520 3994 2587 μὲν

2422 2612 2695 2681 οὐδέτερος
2729 2611 3136 2680 παραγεγονώς.
3194 2611 3397 2664 Βίτωνα
3440 2612 3497 2663 δὲ
3546 2611 3636 2662 καὶ
3678 2609 3992 2673 Βικέντιον,

2425 2705 2682 2775 ἑκάτερος
2711 2704 2827 2758 ἀνθ’
2868 2707 3082 2768 ἑαυτοῦ,
3124 2704 3263 2757 κατὰ
3295 2704 3385 2756 τὸν
3425 2705 3622 2755 οἰκεῖον
3661 2703 3759 2769 τῆς
3804 2704 3997 2770 ἀρχιε-

2430 2796 2643 2865 ρατείας
2686 2795 2911 2865 χρόνον,
2942 2799 3005 2865 τῇ
3038 2798 3192 2865 κοινῇ
3230 2797 3483 2864 παρεῖναι
3514 2793 3823 2846 συνελεύσει
3863 2810 3999 2860 προ-

2428 2887 2765 2957 ϐαλλόμενοι,
2800 2889 3117 2957 ἀνθρώπους
3144 2888 3344 2957 ἀρετὴν
3367 2886 3664 2956 τιμῶντας,
3692 2886 3787 2937 καὶ
3830 2888 3908 2945 εἰς
3938 2885 4002 2935 τὸ

2428 2978 2520 3029 τοῦ
2564 2978 2956 3048 πρεσῦυτερίου
2996 2980 3211 3046 ἀξίωμα
3243 2977 3743 3046 παραγγέλλοντας.
3779 2968 3873 3036 Οἷς
3904 2978 4002 3027 καὶ

2430 3072 2458 3121 ὁ
2492 3071 2801 3140 Κορδούὸης
2841 3072 3167 3133 Ἐπίσκοπος
3193 3071 3552 3123 συνετέτακτο
3574 3085 3586 3098 °
3616 3070 3674 3131 ὃς
3703 3069 3846 3120 κατὰ
3870 3070 4002 3129 τοὺς

766 3168 1173 3236 persecutiones
1218 3182 1417 3219 nomen
1457 3166 1557 3220 sibi
1601 3165 1869 3219 veraciter
1899 3164 2203 3233 impositum
2233 3161 2330 3216 de-
2357 3176 2399 3233 ο

2324 3176 2399 3233 ιο
2443 3163 2782 3232 Ἑλληνικοὺς
2834 3163 3107 3230 διωγμοὺς
3157 3163 3255 3229 τὴν
3313 3162 3508 3229 κλῆσιν
3558 3160 4001 3229 ἐπαληθεύουσιν

765 3259 1065 3312 claraverat
1116 3280 1128 3312 :
1170 3257 1369 3311 llosius
1399 3260 1543 3310 enim
1570 3257 1631 3322 (i.
1664 3271 1715 3309 e.
1745 3258 1987 3317 sanctus)
2018 3254 2328 3307 nzminatus

767 3366 956 3418 puram
1003 3358 1059 3401 et
1117 3358 1360 3403 sanctam
1420 3348 1811 3417 professionem
1851 3361 1880 3398 a
1923 3347 2073 3398 cultu
2107 3344 2329 3397 idolola-

769 3444 904 3496 trico
935 3458 1193 3496 conserva
1204 3452 1303 3494 rat.

838 3534 893 3589 7.
936 3535 1133 3588 Aderat
1183 3534 1344 3587 etiam
1389 3543 1441 3586 et
1485 3530 1821 3584 Alexandria:
1871 3528 2155 3597 cpiscopus
2200 3526 2327 3577 Ale-

767 3629 995 3688 xander,
1028 3628 1111 3679 vir
1142 3626 1303 3679 rebus
1326 3634 1509 3679 sancte
1542 3632 1597 3678 et
1619 3623 1873 3693 praeclare
1897 3620 2058 3689 gestis
2078 3618 2327 3672 eximius.

768 3715 1005 3768 Adduxit
1048 3715 1136 3769 ille
1179 3730 1360 3767 secum
1405 3714 1807 3767 colluctatorem
1853 3720 1909 3763 et
1954 3707 2329 3768 Athanasium,

770 3807 861 3877 qui
903 3817 1032 3862 tunc
1064 3808 1411 3861 diaconorum
1444 3804 1786 3876 primicerius
1823 3812 1939 3855 erat
1962 3840 1977 3863 ,
2021 3807 2141 3868 post
2172 3797 2334 3869 paulo

2432 3253 2650 3316 ἔδειξεν.
2688 3253 2871 3313 Ὀσιος
2911 3255 3019 3321 γὰρ
3063 3253 3460 3322 ὀνομαζόμενος
3504 3251 3769 3319 ἀϐέϐηλον
3833 3248 4001 3302 αὑτοῦ

2431 3345 2531 3413 τὴν
2561 3343 2849 3412 ὁμολογίαν
2870 3345 2965 3413 τῆς
2993 3344 3272 3414 εἰδωλικῆς
3299 3344 3549 3414 λατρείας
3586 3344 3927 3413 διετήρησεν.

2505 3523 2569 3585 ζ’.
2611 3524 2667 3575 Ὀ
2732 3523 2913 3591 μέντοι
2964 3522 3365 3591 Ἀλεξανδρείας
3416 3521 3784 3593 ’Λλὲξανδρος,
3843 3523 4003 3585 αὐτός

2434 3632 2492 3666 τε
2536 3615 2718 3683 παρῆν
2760 3617 2924 3685 ἱεροῖς
2969 3617 3025 3667 ὲν
3051 3615 3365 3684 διαπρέπων
3397 3614 3814 3684 κατορθώμασιν
3846 3632 3858 3643 ·
3896 3610 4000 3683 ἦγε

2436 3707 2492 3758 δὲ
2526 3708 2925 3774 συναγωνιστὴν
2945 3706 3119 3776 ἑαυτῷ
3148 3708 3241 3759 καὶ
3299 3706 3635 3771 Ἀθανάσιον,
3660 3706 3717 3770 ὃς
3755 3707 3877 3758 τότε
3902 3708 4001 3776 μὲν

2439 3798 2533 3850 τοῦ
2564 3798 2839 3867 τάγματος
2868 3798 2974 3850 τῶν
2998 3798 3256 3852 διακόνων
3279 3799 3464 3868 ἠγεῖτο
3482 3814 3495 3828 ·
3530 3801 3647 3869 μετ’
3669 3800 3730 3851 οὐ
3756 3799 3889 3851 πολὺ
3918 3799 3997 3862 δὲ,

2048 3940 2275 3996 νΔΒΙᾸΞ
2314 3938 2713 3994 LECTIONES.

2279 4079 2509 4133 NOTAE.

849 4023 873 4059 8
902 4018 1059 4073 ῑσ....
1092 4035 1234 4079 νους.

845 4190 957 4257 (ill)
984 4182 1059 4238 Ὦ
1092 4186 1283 4239 καλὸν
1309 4185 1543 4251 ἄγαλμα
1566 4180 1683 4235 τῶν
1710 4181 1868 4257 ἐμῶν
1896 4182 2116 4233 πόνων.
2146 4178 2333 4257 Simile

778 4250 861 4313 est
885 4258 1034 4326 illud.
1063 4267 1119 4311 et
1144 4257 1301 4326 plane
1321 4250 1635 4326 genuinum
1664 4294 1677 4315 ,
1726 4253 1779 4326 in
1815 4252 1920 4326 fine
1940 4250 2332 4326 _1tapa.w_éoerp;

782 4330 937 4384 istius
997 4324 1042 4382 ὢ
1084 4319 1188 4379 τών
1236 4319 1380 4392 ἐμῶν
1429 4323 1814 4389 πνευματικῶν
1854 4322 2058 4372 ὠδίνων
2114 4319 2334 4392 εὐγενὲς

782 4400 877 4452 καὶ
910 4402 1128 4466 γνήσιον
1150 4389 1309 4464 γέννή
1320 4413 1409 4461 μα.
1433 4394 1593 4466 Quasi
1613 4392 1806 4466 Photio
1827 4392 2151 4458 praedicante
2172 4389 2335 4466 [loga-

783 4471 858 4522 ris
881 4460 968 4522 ille
986 4460 1332 4536 Bulgaroruin
1362 4465 1612 4536 princeps
1626 4462 1690 4513 ad
1711 4461 1868 4536 fidem
1889 4473 2185 4513 conversus
2207 4460 2337 4536 fuis-

781 4548 883 4593 set.
903 4539 1056 4603 Quod
1074 4529 1178 4589 rion
1206 4536 1299 4596 ita,
1315 4529 1406 4588 sed
1427 4534 1515 4586 illo
1530 4529 1773 4603 fortassis
1791 4538 2112 4603 procurante
2126 4529 2344 4603 moduni

782 4599 1172 4661 conversionis.
1201 4605 1383 4679 μείονι
1404 4605 1547 4657 enim
1576 4600 1814 4679 Joannes
1835 4601 2188 4679 Curopalates
2209 4599 2349 4679 apud

784 4680 1073 4730 Baronium
1104 4669 1250 4744 (nam
1285 4690 1450 4741 penes
1478 4690 1562 4744 me
1584 4674 1717 4726 liber
1742 4687 1849 4723 non
1870 4680 1995 4744 est),
2023 4669 2123 4744 hoc
2148 4670 2346 4744 modo_:

785 4748 1051 4816 Principis
1078 4739 1227 4799 soror
1263 4739 1468 4811 captiva
1500 4742 1961 4816 Contantinopolin
2000 4739 2247 4816 adducto,
2275 4740 2349 4816 ﬁt

785 4808 1109 4879 Christiana;
1134 4827 1179 4869 et
1193 4808 1381 4891 postea
1411 4816 1621 4891 domum
1651 4808 1879 4891 reversa,
1909 4811 2063 4891 fratri
2088 4808 2351 4889 Christia-

786 4904 972 4941 norum
997 4878 1293 4953 mysterium
1315 4884 1660 4945 commendat,
1714 4892 1761 4934 et
1798 4878 1928 4953 ﬁdei
1957 4897 2126 4953 semen
2155 4878 2350 4953 in_ejus

787 4975 874 5009 cor
892 4949 1359 5026 spargituumque
1376 4956 1630 5026 deinceps
1655 4952 1864 5026 Bulgari
1882 4951 1950 5004 ab
1977 4950 2176 5018 ingenti
2212 4949 2351 5003 fame

786 5024 1184 5096 premerentur,
1225 5028 1289 5077 ad
1338 5027 1503 5077 Deum
1554 5024 2125 5096 Cliristia_noru_in__per
2162 5033 2350 5096 preces

786 5090 1043 5165 princeps
1080 5095 1339 5162 confugit,
1377 5097 1536 5162 idque
1559 5094 1699 5165 genti
1720 5090 2180 5165 isihidsubditagut
2207 5090 2350 5144 face-

791 5160 932 5229 rent,
970 5160 1214 5234 imperat.
1254 5160 1540 5233 impetrato
1566 5160 1787 5222 auxilio.
1821 5163 1887 5234 fit
1910 5160 2266 5234 Christianus.
2297 5170 2351 5234 et

793 5253 887 5303 per
918 5231 1251 5303 episcopum.
1302 5231 1370 5287 ob
1422 5236 1474 5288 id
1520 5236 1765 5287 niiSsum.
1820 5232 2141 5298 baptizatur.
2184 5231 2350 5303 Quod

793 5299 913 5359 cum
939 5299 1116 5359 Photii
1140 5306 1415 5375 auspiciis,
1440 5315 1491 5375 et
1522 5320 1617 5372 per
1635 5305 1751 5367 ejus
1774 5304 2151 5375 auctoritatem
2176 5299 2347 5375 fieret,

798 5386 983 5443 utpote
1014 5378 1156 5444 quod
1188 5373 1331 5430 esset
1367 5376 1423 5427 Ρ.
1464 5374 1549 5435 (1.,
1584 5375 1734 5425 illum
1772 5374 1843 5424 ita
1876 5378 2048 5433 vocat,
2084 5378 2195 5422 tum
2226 5373 2350 5437 γέν-

794 5464 961 5512 νημα,
995 5456 1107 5499 ttnn
1136 5446 1373 5513 ἄγαλμα,
1409 5456 1519 5498 tntn
1553 5444 1769 5513 Ορέμμα
1813 5458 1990 5494 suum.

866 5508 912 5584 (Ι
932 5518 977 5584 l)
1006 5508 1332 5585 Legendum.
1360 5516 1505 5567 ὀκτὼ
1533 5508 1621 5564 καὶ
1638 5508 1767 5565 δέκα
1789 5514 1879 5563 καὶ
1908 5511 2223 5578 τριακόσιοι.
2251 5508 2352 5564 Tot

796 5588 962 5648 enim,
1012 5584 1153 5653 quod
1192 5588 1531 5640 notissimum
1574 5594 1673 5648 est,
1720 5584 1958 5652 episcopi
1985 5592 2352 5635 convenerant

799 5658 851 5708 in
884 5656 1113 5710 concilio
1134 5657 1370 5710 Nicano.

870 5729 978 5793 (li)
1003 5727 1111 5781 Καὶ
1133 5726 1200 5778 δὲ
1231 5728 1329 5779 καὶ
1359 5728 1713 5792 Σίλὸεστρος
1736 5724 1846 5789 τῆς
1872 5721 2201 5793 Ῥωμαϊκῆς
2228 5723 2349 5775 Ἐκ-

803 5792 1077 5865 κλησίας.
1114 5797 1545 5855 γυιιςοῐιεὶιίυιι]
1570 5797 1842 5851 Νίρωιιυιη
1873 5796 1971 5850 sub
2006 5792 2265 5849 Silvestro
2297 5808 2351 5847 et

2438 4174 2579 4227 Julio
2607 4178 2964 4232 celebratum:
2995 4179 3137 4246 quod
3164 4187 3247 4231 est
3275 4178 3838 4232 falsissimum..lulius
3861 4180 4003 4232 enim

2440 4249 3019 4317 successitSilvestro;
3064 4258 3118 4302 at
3159 4248 3421 4302 Silvester
3450 4247 3680 4302 concilio
3708 4249 4008 4317 supervixit

2440 4316 2625 4383 plures
2657 4335 2848 4372 annos.
2890 4317 3084 4372 Verum
3114 4333 3223 4371 non
3252 4317 3475 4371 Photius
3504 4319 3649 4371 solus
3684 4316 3829 4372 hunc
3858 4335 4008 4373 erro-

2441 4400 2554 4457 rem
2595 4390 2814 4451 erravit,
2849 4390 2941 4442 sed
2972 4399 3027 4442 et
3052 4398 3241 4442 auctor
3266 4386 3524 4456 Synopsis
3554 4389 3881 4457 synodorum
3913 4404 4009 4457 per

2452 4454 2813 4512 Hteschelium
2860 4459 3058 4512 editus.
3098 4460 3165 4512 Et
3204 4454 3351 4511 illum
3392 4454 3628 4511 errorem
3673 4458 3841 4511 altero
3878 4454 4009 4512 insi-

2456 4530 2625 4599 gniori
2674 4540 2849 4599 auget.
2876 4530 2964 4595 qui
2999 4526 3575 4599 deciinoConstantini
3607 4544 3751 4581 anno
3781 4527 4011 4582 affirmat

2456 4598 3136 4655 conciliumcelebratum.
3196 4598 3319 4652 Haec
3346 4598 3491 4650 enim
3530 4600 3604 4650 ait
3648 4617 3659 4650 :
3708 4600 3817 4650 Καὶ
3842 4600 3875 4667 ὴ
3913 4599 4009 4664 μὲν

2456 4670 2645 4737 πρώτη
2700 4670 2913 4730 σύνοδος
2947 4671 3166 4736 γέγονεν
3221 4670 3277 4721 ὲν
3305 4667 3507 4736 Νικαίᾳ
3539 4668 3615 4734 τῷ
3646 4668 3854 4736 δεκάτῳ
3901 4668 4008 4719 ἔτει

2454 4744 2552 4808 τῆς
2584 4738 2856 4806 βασιλείας
2886 4739 3294 4791 Κωνσταντίνου
3324 4738 3415 4789 τοῦ
3454 4738 3696 4808 μεγάλου
3725 4737 4007 4803 βασιλέως,

2455 4806 2517 4872 ὃς
2547 4810 2890 4861 ἐϐασίλευσεν
2923 4809 3015 4878 ἐτη
3046 4811 3150 4878 λη’.
3181 4809 3334 4873 Quod
3356 4818 3647 4878 utrumque
3680 4806 3873 4860 falsum
3903 4818 4004 4878 est.

2457 4882 2696 4949 ὑπῆρχον
2730 4880 2785 4931 δὲ
2814 4876 3045 4947 πατέρες
3068 4876 3131 4931 τί.
3171 4885 3221 4933 ι’.
3246 4885 3316 4946 η’.
3350 4876 3892 4949 δγηοάοίρτίιιςὶρθιη
3936 4877 4011 4930 lo-

2455 4946 2581 5004 cum
2607 4946 2930 5003 "obtinuisse
2959 4946 3051 5003 ibi
3100 4949 3354 5003 dicuntur
3394 4946 3668 5001 Silvester
3711 4946 4009 5009 Romanus,

2454 5022 2759 5075 Alexander
2780 5020 3431 5088 Constantinopolitanus.
3455 5018 3759 5072 Alexander
3781 5019 4013 5088 Alexan-

2456 5094 2603 5151 driae,
2658 5090 2966 5143 Eustathius
3014 5087 3329 5148 Antiochiae,
3375 5097 3428 5141 et
3464 5088 3723 5142 Macarius
3756 5087 4013 5141 llieroso-

2456 5164 2764 5231 lyniitanus.
2825 5161 3062 5229 episcopi
3118 5159 3477 5231 :Sozomen,
3531 5160 3623 5231 lib.
3666 5174 3704 5219 ι,
3751 5173 3871 5225 cap.

2453 5228 2651 5286 Iulium
2721 5228 2975 5300 suggerit.
3026 5230 3175 5294 Quod
3222 5242 3277 5284 ct
3314 5228 3716 5300 ipsum__falsum
3758 5238 3864 5300 est.
3920 5228 4012 5279 lbi-

2457 5307 2600 5364 dem,
2648 5296 2847 5353 Βίτωῆ
2878 5304 2969 5351 καὶ
2999 5302 3289 5353 Βικέντιον.
3325 5299 3445 5353 Vult
3478 5297 3656 5352 Vituiu
3695 5304 3749 5349 et
3781 5296 4012 5350 Vincen-

2458 5376 2587 5428 tium
2638 5390 2651 5426 :
2698 5373 2792 5426 sed
2825 5370 2993 5426 (ἔτκοί
3028 5372 3179 5424 facile
3209 5385 3392 5423 errare
3421 5370 3596 5422 solent
3623 5368 3674 5421 in
3702 5367 4010 5419 nominibus

2460 5445 2681 5498 Latinis.
2737 5443 2889 5512 Apud
2934 5440 3440 5512 Sozom._legimus_,
3484 5439 3694 5498 Ἰούλιος
3724 5437 3834 5489 δὲό
3876 5437 4007 5512 ξΡω-

2459 5516 2633 5583 μαίων
2662 5506 2977 5583 ἐπίσκοπος,
3009 5506 3292 5583 διαῗγῇρᾱς
3312 5510 3737 5583 ἀπελιμίιτάνεςτοζ
3761 5506 4012 5583 παρῆσαν

2454 5577 2510 5639 δὲ
2550 5585 2663 5637 ἀντ’
2697 5582 2861 5637 αὑτοῦ
2898 5577 3138 5634 Βιτωτώ
3162 5577 3456 5642 Βικέντιος,
3483 5577 3582 5645 τῆς
3609 5579 3777 5641 αὐτῆς
3814 5577 4009 5645 ἔκκλη-

2458 5660 2575 5719 σίας
2596 5654 2972 5724 πρεσϐύτεροι.
3009 5652 3193 5724 Inepta
3240 5650 3402 5706 lectio
3432 5660 3515 5705 est
3547 5646 3799 5711 Βιτωτῶ;
3829 5645 4011 5716 legen-

2456 5728 2583 5782 dum
2610 5726 2861 5779 Βίτωντε.
