4248 6444
275 436 380 497 633

1417 430 1949 491 EPISTOLARUM
1990 432 2218 491 LIBER
2250 433 2299 492 Ι.

3384 437 3487 501 634

274 550 372 601 καὶ
398 545 491 599 τοῦ
520 541 899 614 ἀρχιερατικοῦ
920 541 1110 610 θρόνου
1163 542 1395 608 κατέστη
1426 540 1686 609 διάδοχος.
1720 542 1827 593 Ναὶ
1858 548 1904 601 Α
1931 558 1951 595 a

1808 542 2111 601 \Aautem
2165 544 2219 595 in
2270 542 2716 611 archiepiscopali
2778 544 2975 598 throno
3021 560 3315 600 successor.
3370 546 3485 602 Una

271 640 337 710 δὴ
371 641 463 691 καὶ
485 640 514 691 ὁ
543 636 751 699 κλεινὸς
798 634 1092 694 Εὑστάθιος
1126 634 1439 703 συμπαρῆν,
1479 634 1576 700 τῆς
1624 634 1826 685 Ἀντιο-

271 733 410 802 χέων
472 730 764 797 ἐκκλησίας
826 728 887 779 τὸ
944 724 1409 792 ὲγκαλλώπισμα,
1466 723 1669 786 πίσεως
1731 725 1828 793 μὲν

269 822 662 891 ἐναστράπτων
704 817 1055 887 καθαρότητι,
1094 816 1266 882 λόγων
1292 814 1348 867 δὲ
1397 815 1490 867 καὶ
1543 814 1828 883 νοημάτων

272 914 598 983 σωφροσύνῃ
640 911 1066 979 θαυμαζόμενος.
1103 907 1231 959 Μεθ’
1284 901 1359 959 ὧν
1406 907 1501 959 καὶ
1528 908 1555 959 ὁ
1596 908 1826 977 Ἰεροσο-

267 1006 456 1075 λύμων
504 1006 822 1072 Μακάριος,
860 1001 1079 1062 πολλαίς
1129 1001 1291 1062 ίδέαις
1340 999 1549 1068 ἀρετῶν
1604 998 1829 1051 ὲνευθυ-

267 1096 526 1165 νούμενος
548 1112 560 1124 ⁸
590 1096 735 1149 ἀλλοι
760 1111 819 1145 τε
850 1093 1087 1144 πλεῖστοι
1118 1090 1492 1150 ἀπστολικοῖς
1525 1090 1825 1159 χαρίσμασι

267 1189 364 1241 καὶ
406 1188 755 1257 μρτυρικοῖς
793 1184 1077 1254 παθήμασι
1130 1182 1540 1251 διαλάμποντες.
1579 1177 1680 1234 Ὧν
1720 1183 1832 1233 Παο

265 1281 536 1348 φνούτιος,
568 1278 661 1330 καὶ
680 1276 1004 1347 Σπυριδίων,
1047 1275 1297 1338 Ἰάκωϐός
1325 1291 1403 1337 τε,
1435 1274 1530 1326 καλ⁸
1550 1273 1825 1340 Μάξιμος,

264 1369 473 1437 ἀγαθοῦ
504 1371 599 1421 καὶ
627 1367 931 1436 θαυμασίου
961 1368 1299 1436 συστήματος
1333 1364 1525 1432 ἀγαθοὶ
1570 1364 1664 1415 καὶ
1691 1363 1826 1416 θαυ-

267 1464 456 1531 μάσιοι
513 1459 890 1529 πρωτοστάται
945 1455 1319 1528 ὲγνωρίζοντο.
1390 1457 1503 1521 Ἐφ’
1554 1450 1634 1518 οἷς
1682 1456 1825 1509 άπα-

264 1569 369 1615 σιν,
400 1553 492 1605 καὶ
523 1554 551 1604 ὁ
574 1551 746 1621 μέγας
779 1551 869 1603 καὶ
901 1550 1223 1615 ἀξιάγαστος
1268 1548 1691 1609 Κωνσταντίνος,
1725 1547 1823 1613 τῆς

272 1641 587 1712 Ῥωμαῖκῆς
641 1643 812 1712 ἀρχῆς
871 1640 1062 1693 ἰθύνων
1118 1641 1185 1691 τά
1237 1639 1508 1707 σκῆπτρα,
1544 1638 1821 1708 διέπρεπε,

258 1737 361 1804 τήν
397 1752 457 1786 τε
485 1734 700 1786 σύνοδον
721 1733 1005 1802 ἀθροίζων,
1038 1732 1131 1784 καὶ
1165 1732 1547 1801 λαμπροτέραν
1575 1733 1640 1801 τῇ
1682 1748 1824 1799 παρο

259 1828 431 1896 φυσία
460 1825 921 1895 ἀπεργαζόμενος.

1931 648 2144 701 quoque
2193 634 2379 688 aderat
2420 644 2474 689 et
2507 633 2730 687 illustris
2788 634 2877 687 ille
2928 635 3263 698 Eustathius,
3318 637 3485 692 decus

1930 722 2278 777 Antiochena
2322 723 2573 778 Ecclesia
2622 725 2910 794 singulare,
2964 727 3055 794 qui
3092 736 3313 795 propter
3357 728 3485 783 ﬁdei

1932 814 2217 883 puritatem
2280 815 2508 870 celebris
2556 816 2882 881 habebatur,
2946 829 3165 887 prepter
3222 820 3482 873 orationis

1932 914 1985 958 et
2049 894 2237 973 judicii
2292 908 2585 961 castitatem
2648 918 2766 962 erat
2814 912 3065 964 omnibus
3117 911 3477 965 admirationi.

1930 993 2063 1047 Cum
2079 995 2181 1049 illis
2197 996 2381 1050 aderat
2399 1006 2453 1051 et
2471 996 2733 1052 Macarius
2754 999 3273 1069 Hierosolytnitanus
3294 1001 3480 1054 multis

1931 1088 2187 1141 virtutum
2217 1091 2504 1158 generibus
2540 1100 2684 1145 recte
2711 1092 3096 1148 conformatus.
3148 1092 3254 1147 Sed
3306 1104 3358 1147 et
3390 1094 3477 1147 alii

1930 1177 1997 1229 ab
2025 1176 2141 1230 istis
2166 1178 2339 1239 multi.
2367 1180 2522 1233 donis
2551 1182 2858 1248 apostolicis
2879 1193 2933 1235 et
2956 1193 3245 1253 martyrum
3277 1184 3478 1251 passio-

1930 1267 2088 1321 nibus
2129 1268 2401 1337 conspicui
2442 1286 2453 1321 :
2488 1270 2628 1322 inter
2663 1286 2797 1339 quos
2824 1273 3185 1325 censebantur
3224 1272 3477 1340 Paphnu-

1929 1360 2058 1423 tius,
2081 1368 2130 1414 et
2160 1360 2462 1430 Spyridion,
2492 1360 2747 1428 Jacobus,
2785 1372 2839 1417 et
2878 1363 3139 1418 Maximus
3162 1403 3177 1427 ,
3210 1364 3298 1433 qui
3340 1379 3480 1432 pra-

1928 1453 2118 1506 stantis
2167 1453 2308 1507 illius
2366 1462 2421 1507 et
2484 1454 2783 1508 admirandi
2849 1467 3149 1511 conventus
3235 1457 3477 1526 praclari

1926 1544 2141 1611 quidam
2169 1554 2223 1599 et
2262 1543 2561 1598 admirandi
2601 1546 2853 1600 ductores
2897 1556 2951 1600 et
2996 1547 3269 1617 principes
3309 1562 3478 1617 agno-

1925 1636 2227 1692 scebantur.
2258 1637 2393 1690 Cum
2429 1638 2546 1691 istis
2571 1653 2730 1707 porro
2756 1639 3008 1693 omnibus
3045 1655 3268 1711 magnus
3299 1641 3387 1694 ille
3424 1648 3480 1692 et

1925 1727 2121 1780 merito
2145 1728 2338 1795 dignus
2378 1729 2734 1782 admiratione
2776 1729 3183 1794 Constantinus,
3228 1731 3319 1799 qui
3364 1741 3476 1784 tum

1926 1817 2150 1871 Romani
2207 1818 2416 1887 imperii
2479 1828 2691 1889 sceptra
2749 1821 3163 1886 moderabatur,
3237 1837 3478 1891 prasens

257 1918 551 1972 eminebat.
585 1917 674 1972 llle
705 1930 883 1971 autem
909 1926 961 1971 et
983 1916 1245 1987 synodum
1288 1917 1431 1969 illam
1473 1923 1813 1978 convocarat,
1853 1921 1908 1967 ct
1929 1929 2024 1967 sua
2078 1913 2249 1982 ipsius
2277 1912 2581 1981 prasentia,
2625 1923 2685 1966 ut
2716 1913 3031 1968 honoratior
3067 1923 3230 1977 esset,
3273 1914 3472 1969 elIecit.

331 2017 401 2079 η’.
452 2010 587 2063 ’Λλλ’
632 2010 695 2061 ἐκ
728 2010 994 2061 τοσούτων
1046 2010 1142 2077 μὲν
1187 2010 1280 2061 καὶ
1328 2008 1635 2061 τοιούτωνό
1678 2007 1819 2076 ἱερὸς
1853 2014 1893 2067 Β
1992 2006 2008 2060 ε

1798 2014 1893 2070 ςΒ
1992 2006 2045 2062 8.
2083 2006 2125 2058 E
2160 2015 2237 2060 tot
2271 2006 2434 2075 igitur
2479 2016 2533 2060 et
2570 2016 2676 2060 tam
2722 2007 2947 2077 egregiis
2995 2007 3127 2060 viris
3189 2023 3339 2060 sacra
3387 2009 3475 2061 illa

255 2104 466 2164 ἐκεῖνος
519 2102 800 2153 συνίστατο
844 2099 1119 2166 σύλλογος.
1152 2099 1369 2167 ’Ἄρειόν
1398 2116 1520 2151 τινα
1558 2114 1819 2166 νεωτερο-

257 2196 414 2248 ποιὸν
474 2194 789 2255 δυσσεϐείας
872 2193 1025 2254 δίκας
1094 2192 1564 2260 εἰςπραττόμενος,
1618 2190 1711 2241 καὶ
1763 2188 1821 2240 τὸ

256 2286 612 2340 ἀποστολικὸν
639 2287 732 2338 καὶ
763 2285 903 2335 θεῖον
929 2282 1285 2351 κρατύνοντες
1313 2283 1593 2351 κήρυγμα.
1632 2276 1740 2333 Ἦν
1772 2280 1817 2331 δ’

254 2376 414 2441 οὗτος
463 2378 491 2429 ό
521 2377 753 2437 δείλαιος
788 2377 960 2429 ἕλκων
1003 2375 1098 2444 μὲν
1142 2374 1202 2426 τὸ
1252 2374 1407 2440 γένος
1448 2374 1510 2425 ὲκ
1541 2372 1635 2440 τῆς
1677 2369 1821 2423 Ἀλε-

256 2469 508 2537 ξανδρου,
538 2469 616 2529 εἰς
646 2466 846 2533 κλῆρον
880 2465 936 2518 δὲ
987 2464 1306 2531 καταλεγεὶς
1348 2464 1444 2532 τῆς
1485 2464 1662 2515 ἐκεῖσε
1704 2462 1823 2514 Ἐκ-

254 2559 489 2628 κλησίας
517 2601 530 2623 ,
576 2557 668 2611 καὶ
719 2558 797 2619 είς
844 2555 1211 2625 πρεσϐυτέρου
1272 2553 1476 2623 βαθμὸν
1532 2553 1771 2605 ἀνελθὼν
1802 2591 1816 2616 ,

253 2650 521 2719 πρότερον
555 2651 649 2717 μὲν
671 2649 808 2700 κατά
840 2647 932 2699 τοῦ
976 2647 1105 2699 ἰδίου
1166 2648 1421 2715 ποιμένος
1470 2646 1818 2716 ὑπερήφανον

252 2741 484 2795 ἀνέλαϐε
516 2742 788 2810 φρόνημα,
820 2740 1026 2792 ἐκεῖθεν
1064 2739 1120 2791 δὲ
1164 2739 1305 2791 κατά
1344 2738 1439 2791 τοῦ
1486 2738 1664 2790 κοινοῦ
1702 2754 1821 2790 ποι-

256 2836 419 2903 μένος
469 2834 562 2885 καὶ
603 2835 869 2884 Δεσπότου
928 2832 1213 2900 παρέτεινε
1252 2832 1350 2899 τὴν
1385 2830 1641 2882 ἀπόνοιαν
1674 2847 1686 2859 ⁸
1729 2830 1818 2880 τὸν

252 2926 362 2991 γὰρ
412 2923 537 2975 Υίδν
581 2924 675 2974 καὶ
722 2921 892 2988 Λόγον
936 2920 1028 2971 τοῦ
1066 2920 1198 2971 Θεοῦ
1259 2914 1349 2986 (ὧ
1397 2920 1498 2988 τῆς
1539 2920 1819 2987 τολμηρᾶς

252 3016 467 3081 ἐκείνης
499 3016 593 3065 καὶ
628 3012 870 3081 γλώττης
910 3012 1004 3063 καὶ
1031 3012 1266 3073 διανοίας
1293 3013 1305 3063 !
1328 3012 1344 3080 )
1366 3014 1445 3073 εἰς
1470 3011 1675 3079 κτίσμα
1719 3011 1814 3063 καὶ

252 3104 467 3171 ποίημα
518 3101 891 3165 κατεϐίϐαζεν,
943 3101 1065 3153 οὐδὲ
1120 3101 1275 3153 τοῦτο
1320 3102 1549 3154 συνιδεῖν
1594 3101 1814 3168 ἐθέλων,

250 3198 430 3248 κοινὸν
461 3195 703 3264 ὑπάρχον
746 3198 879 3246 πᾶσι
928 3196 1019 3246 καὶ
1054 3194 1427 3247 αὐτοδίδακτον
1475 3196 1813 3265 ὁμολόγημα,

248 3288 329 3349 ὡς
358 3285 501 3347 ἅπας
530 3286 658 3347 Υἱὸς
688 3285 787 3353 τῆς
819 3285 986 3353 αὑτῆς
1014 3287 1127 3337 ἐστι
1157 3284 1235 3352 τῷ
1255 3286 1605 3354 γεγεννηκότι
1628 3286 1817 3345 οὐσίας

1923 2096 2157 2165 synodus
2179 2111 2301 2149 cum
2332 2105 2622 2155 constaret.
2654 2098 2721 2150 ab
2750 2097 2878 2149 Ario
2916 2098 3147 2166 quodam
3197 2099 3359 2150 rebus
3390 2098 3475 2150 in-

1921 2189 2184 2242 novandis
2197 2187 2381 2242 dedito
2404 2204 2592 2256 panas
2618 2189 2881 2243 liaretica
2904 2188 3181 2256 pravitatis
3204 2189 3470 2257 exigebat;

1920 2279 2268 2348 apostolicam
2310 2295 2372 2333 ac
2398 2280 2637 2334 divinam
2672 2288 2782 2333 tum
2817 2281 3103 2334 retinendo
3136 2290 3245 2333 tum
3278 2282 3474 2333 contir-

1920 2372 2118 2427 mando
2146 2372 2464 2427 doctrinam.
2500 2371 2624 2427 Erat
2650 2383 2825 2427 autem
2851 2375 3017 2427 miser
3038 2374 3124 2427 ille
3156 2373 3475 2427 maledictus

1919 2461 2078 2515 Arius
2106 2463 2503 2518 Alexandrinus
2526 2474 2647 2518 ortu
2684 2483 2694 2517 :
2728 2466 2817 2533 qui
2866 2480 2988 2518 cum
3019 2465 3072 2517 in
3102 2465 3302 2518 clerum
3331 2466 3475 2519 illius

1919 2553 2173 2608 Ecclesia
2202 2553 2391 2607 fuisset
2414 2564 2712 2624 coaptatus,
2745 2567 2799 2609 et
2822 2555 2886 2608 ad
2920 2556 3216 2625 presbyteri
3249 2556 3472 2624 gradum

1918 2643 2269 2708 ascendisset,
2301 2644 2530 2713 primum
2557 2644 2872 2698 insolentius
2895 2660 2951 2697 se
2982 2655 3167 2698 contra
3194 2646 3472 2715 proprium

1919 2749 2075 2787 suum
2107 2744 2373 2803 pastorem
2426 2734 2712 2798 eﬁ‘erebat;
2751 2744 2810 2787 ut
2854 2735 2926 2787 ita
2969 2734 3227 2804 deinceps
3276 2735 3472 2789 fastum

1920 2840 2074 2879 suum
2106 2833 2158 2878 et
2191 2825 2452 2878 insaniam
2484 2826 2928 2903 adcommunem
2965 2836 3232 2895 pastorem
3276 2836 3329 2881 et
3366 2827 3475 2880 Do-

1920 2923 2121 2972 minum
2150 2934 2309 2989 porro
2341 2920 2690 2989 protenderet
2715 2940 2727 2975 :
2763 2919 2955 2974 Filium
2988 2937 3223 2991 namque
3252 2938 3315 2976 ac
3342 2921 3475 2976 Ver-

1920 3009 2045 3063 bum
2076 3010 2169 3064 Dei
2198 3014 2250 3079 (ο
2275 3012 2687 3066 audacissimam
2729 3022 2841 3065 tum
2881 3014 3119 3083 linguam
3156 3022 3267 3067 tum
3310 3016 3472 3068 etiam

1919 3105 2225 3169 mentem!)
2268 3104 2332 3156 ad
2382 3112 2748 3158 creaturarum
2781 3119 2951 3174 usque
2974 3114 3025 3158 et
3057 3120 3235 3159 rerum
3273 3107 3472 3175 produ-

1918 3203 2124 3248 ctarutn
2174 3205 2370 3248 statum
2427 3203 2480 3248 et
2528 3196 2895 3250 conditionem
2946 3197 3253 3264 dejiciebat.
3298 3199 3375 3251 Ac
3405 3214 3472 3251 ne

1918 3286 2048 3339 illud
2077 3286 2312 3355 quidem,
2348 3288 2493 3356 quod
2524 3298 2697 3342 tanien
2727 3303 2917 3342 omnes
2946 3304 3039 3357 per
3064 3303 3121 3342 se
3167 3288 3475 3360 intelligunt

249 3380 348 3430 καὶ
391 3378 603 3443 φύσεως
638 3391 652 3405 ·
685 3377 778 3428 καὶ
814 3377 841 3426 ό
882 3377 974 3428 τὸν
1024 3377 1146 3429 Υίὸν
1188 3377 1396 3429 τάττων
1442 3379 1500 3428 ὲν
1527 3379 1808 3447 κτίσμασι,
1837 3362 1878 3417 C
1914 3392 1926 3429 t

1794 3419 1808 3441 ,
1837 3362 1878 3417 (αἶ
1914 3388 1966 3431 et
1984 3380 2342 3432 communiter
2372 3380 2423 3431 in
2454 3378 2703 3434 confesso
2746 3389 2992 3447 ponunt,
3027 3380 3239 3439 volebat
3264 3380 3469 3440 videre.

248 3471 345 3522 καὶ
398 3470 486 3521 τὸν
518 3469 733 3538 Πατέρα
762 3468 966 3537 κτίσμα
1003 3468 1473 3538 προανηγόρευσεν
1503 3485 1517 3498 ·
1550 3469 1736 3539 ὥσπερ
1785 3472 1813 3523 ό

246 3563 341 3615 τὸν
368 3562 585 3631 Πατέρα
616 3561 1010 3631 δημιουργικῆς
1054 3560 1238 3623 οὐσίας
1271 3564 1364 3613 καὶ
1395 3562 1566 3615 ἀϊδίου
1598 3562 1811 3631 φύσεως

248 3653 425 3717 εἰδὼς,
461 3654 557 3720 τῆς
581 3652 751 3715 αὐτῆς
787 3648 926 3703 εἶναι
960 3653 1053 3705 καὶ
1092 3651 1182 3705 τὸν
1216 3653 1342 3705 Υἰὸν
1382 3654 1813 3724 συνανομολογή-

249 3762 416 3799 σειεν.
443 3745 551 3797 Ποῦ
581 3745 625 3797 δ’
649 3745 714 3797 ἂν
747 3744 832 3813 εἴη
864 3745 924 3796 τὸ
959 3746 1182 3813 γνήσιον
1218 3745 1314 3813 τῆς
1351 3746 1616 3815 υίότητος,
1645 3746 1812 3815 ἄλλης

254 3839 352 3905 μὲν
375 3838 560 3899 οὐσίας
609 3836 702 3889 τοῦ
738 3838 969 3904 Πατρδς,
996 3837 1188 3905 ἑτέρας
1216 3838 1271 3890 δὲ
1315 3837 1409 3891 τοῦ
1447 3838 1571 3891 Υίοῦ
1604 3856 1812 3909 χρημα-

246 3929 483 3992 τίζοντος
508 3945 523 3991 ;
561 3928 681 3989 Πῶς
714 3928 757 3979 δ’
800 3930 859 3979 οὑ
889 3928 986 3995 τῆς
1031 3929 1344 3997 Ἑλληνικῆς
1374 3929 1577 3998 πλάνης
1604 3929 1810 3983 ἀνακύ-

246 4023 339 4090 ψει
374 4021 434 4072 τὸ
454 4021 732 4081 πολύθεον,
765 4023 842 4083 είς
877 4022 1083 4073 ὲλάττω
1126 4022 1220 4073 καὶ
1252 4023 1422 4090 μείζω
1448 4022 1636 4074 οὑσίαν
1678 4040 1810 4090 τεμ-

247 4111 479 4181 νομένης
515 4114 613 4181 τῆς
644 4112 911 4181 θεότητος.
940 4112 1032 4164 καὶ
1064 4113 1162 4180 τῆς
1202 4113 1298 4175 μὲν
1343 4114 1420 4174 εἰς
1455 4113 1665 4180 πρῶτον
1714 4113 1810 4166 καὶ

244 4202 573 4272 δημιουργὸν
622 4202 715 4253 καὶ
764 4201 1133 4272 πρεσϐύτερον
1183 4201 1314 4255 θεὸν
1378 4201 1803 4272 ἀφοριζομένης,

243 4294 347 4361 τῆς
381 4293 438 4345 δὲ
476 4296 553 4353 εἰς
582 4291 830 4361 δεύτερον
873 4292 1003 4344 Θεὸν
1028 4293 1441 4362 διακρινομένης
1486 4295 1575 4345 καὶ
1606 4294 1809 4363 ὑπουρ-

244 4387 341 4449 γὸν
386 4386 480 4438 καί
522 4387 812 4452 νεώτερον;
839 4384 1007 4437 ταῦτα
1045 4386 1153 4454 γάρ
1176 4385 1275 4452 τῆς
1322 4386 1415 4438 τοῦ
1456 4386 1665 4455 Ἀρείου
1708 4403 1807 4438 πο-

247 4478 418 4544 νηρᾶς
447 4478 651 4545 σπορᾶς
694 4477 760 4528 τὰ
787 4478 1117 4545 γεννήματα.
1161 4477 1319 4529 Ἀλλὰ
1371 4477 1558 4529 τοῦτον
1591 4479 1707 4545 μὲν,
1733 4478 1807 4540 ὠς

246 4564 397 4633 χείλη
436 4564 728 4633 βλάσφημα
750 4564 887 4616 κατά
912 4566 1002 4617 τοῦ
1034 4566 1394 4633 πεποιηκότος
1421 4566 1801 4635 ὁπλισάμενον,

241 4656 343 4722 τῆς
379 4654 674 4724 ἱερωσύνης
699 4657 727 4707 ό
758 4655 899 4722 ἱερὸς
933 4655 1325 4724 ἀπεγύμνωσεν
1349 4657 1534 4723 ὅμιλος
1566 4673 1580 4685 ·
1611 4658 1710 4724 τὴν
1744 4656 1801 4709 δὲ

1914 3469 2339 3538 quodnimirum
2365 3470 2591 3539 quilibet
2615 3468 2756 3523 ﬁlius
2779 3469 3020 3537 ejusdem
3046 3470 3116 3522 sit
3136 3470 3386 3523 essentia
3411 3485 3473 3523 ac

1913 3570 2119 3614 natura
2160 3576 2280 3614 cum
2329 3577 2426 3615 suo
2477 3561 2751 3631 genitore;
2801 3569 2855 3613 et
2885 3560 3026 3629 quod
3074 3559 3120 3613 is
3164 3560 3254 3629 qui
3303 3560 3468 3614 ﬁlium

1912 3654 2054 3707 inter
2081 3661 2348 3706 creaturas
2376 3653 2624 3715 collocat,
2658 3661 2869 3720 patrem
2908 3665 2973 3705 eo
3004 3651 3119 3719 ipso
3150 3667 3387 3720 quoque,
3417 3664 3473 3706 et

1911 3746 2123 3815 quidem
2158 3746 2329 3813 prius,
2360 3756 2663 3799 creaturam
2698 3753 2933 3798 statuat:
2969 3744 3041 3796 uti
3065 3752 3119 3798 et
3162 3742 3207 3797 is
3242 3744 3332 3809 qui
3369 3743 3468 3797 Pa-

1913 3848 2049 3892 trem
2074 3839 2307 3892 essentia
2327 3838 2599 3892 (Lreatoris
2624 3838 2908 3907 praditum
2953 3852 3072 3891 esse
3116 3837 3384 3906 intelligit,
3417 3847 3469 3889 et

1911 3940 2103 3983 natura
2129 3939 2350 3992 aeterna,
2380 3946 2487 3983 una
2518 3931 2678 3983 simul
2706 3938 2760 3983 et
2788 3931 2975 3983 eadem
3001 3946 3161 3999 opera
3196 3940 3250 3983 et
3272 3929 3467 3982 Filium

1911 4023 2153 4090 ejusdem
2203 4032 2409 4075 natura
2440 4037 2502 4076 ac
2545 4022 2791 4074 essentia
2835 4037 2955 4075 esse
3006 4022 3312 4075 conﬁtetur.
3368 4020 3465 4074 Ubi

1910 4122 2087 4167 autem
2120 4114 2223 4167 erit
2243 4113 2514 4167 ﬁlialitatis
2551 4116 2629 4179 (ut
2656 4113 2733 4165 sic
2764 4113 2971 4181 loquar)
2996 4114 3214 4177 veritas,
3242 4112 3283 4164 si
3311 4112 3469 4165 unius

1910 4206 2159 4260 essentia
2187 4206 2411 4259 exsistat
2446 4215 2615 4272 pater,
2642 4205 2863 4258 alterius
2907 4211 3086 4257 autent
3118 4204 3326 4257 dicatur
3349 4218 3467 4256 esse

1908 4294 2065 4347 ﬁlius.
2092 4293 2204 4347 lmo
2245 4302 2456 4355 autem.
2505 4294 2775 4363 quomodo
2812 4308 2919 4346 non
2979 4294 3219 4363 paganici
3268 4292 3468 4347 erroris

1908 4385 2235 4439 illadeorum
2268 4386 2636 4453 mnltiplicitas
2696 4400 2815 4438 sese
2864 4395 3093 4447 exseret,
3140 4386 3185 4438 si
3232 4384 3283 4437 in
3334 4385 3466 4439 sub-

1906 4477 2157 4529 stantiam
2197 4476 2455 4543 majorem
2506 4490 2559 4529 et
2593 4476 2855 4529 minorem
2894 4475 3155 4527 Divinitas
3188 4474 3461 4528 discinda-

1910 4573 2033 4618 tur:
2068 4574 2229 4635 atque
2259 4566 2345 4618 illa
2380 4566 2493 4635 ipsa
2527 4581 2738 4633 quoque
2766 4564 2817 4616 in
2847 4564 3103 4632 primum,
3135 4571 3463 4628 creatorem,

1907 4665 1961 4708 et
1991 4656 2257 4709 seniorem
2291 4655 2455 4709 Deum
2490 4656 2867 4723 dispertiatur;
2919 4669 3127 4731 necnon
3184 4654 3237 4705 in
3270 4669 3464 4707 secun-

241 4746 673 4816 δυσσεϐεστάτην
707 4748 800 4799 καὶ
833 4746 1096 4816 θεομάχον
1130 4747 1290 4799 αὑτοῦ
1319 4748 1529 4817 αἵρεσιν
1563 4747 1639 4816 τῷ
1672 4748 1800 4799 ἀνα-
1835 4716 1877 4770 D
1906 4762 1918 4797 t

1787 4777 1800 4786 -
1835 4716 1877 4770 Β
1906 4746 2055 4809 dum,
2102 4745 2155 4798 in
2178 4746 2525 4799 substitutum
2555 4756 2609 4797 ct
2630 4746 2896 4813 juniorem
2920 4718 3082 4797 Deum
3104 4743 3464 4813 discerpatur?

243 4839 440 4909 θέματι
472 4838 845 4891 καθυπέϐαλεν
867 4854 882 4867 ⁸
909 4838 1190 4908 όμοούσιον
1218 4839 1293 4902 δὲ,
1327 4842 1418 4891 καὶ
1444 4839 1677 4907 όμοφυῆ,
1710 4841 1802 4891 καὶ

244 4932 511 4984 συναῖδιον
532 4930 621 4983 τὸν
648 4931 771 4983 Υίὸν
787 4931 877 4983 καὶ
899 4932 1062 4997 Λόγον
1088 4930 1180 4981 τοῦ
1209 4930 1341 4984 Θεοῦ
1356 4931 1430 4999 τῷ
1449 4933 1799 5000 γεγεννηκότι

242 5023 552 5093 Πατρὶ,καὶ
588 5025 685 5093 τῆς
719 5011 883 5093 αὐτῆς
932 5024 1179 5089 ἐξουσίας
1226 5026 1319 5077 καὶ
1357 5025 1689 5097 κυριότητος,
1726 5026 1801 5088 ὡς

238 5117 289 5167 οἱ
332 5115 465 5168 θεῖοι
520 5116 778 5186 χρησμοὶ,
832 5116 1070 5169 καὶτῶν
1121 5117 1483 5170 εὐσεϐούντων
1532 5120 1597 5171 τὰ
1646 5121 1799 5171 κοινά

238 5203 507 5272 δόγματα,
532 5205 975 5274 ίερολογήσαντες
1003 5205 1364 5276 διετράνωσαν
1398 5224 1409 5235 ·
1448 5208 1627 5270 καλῶς
1657 5210 1793 5262 είδό-

234 5313 347 5359 τες,
375 5297 455 5349 ὅτι
497 5297 682 5365 ὥσπερ
715 5297 777 5349 τὸ
814 5300 891 5359 εἰς
924 5297 980 5348 ἒν
1021 5299 1319 5366 συγκλείειν
1360 5303 1646 5368 πρόσωπον
1699 5302 1797 5371 τὴν

235 5387 517 5458 τριαδικὴν
555 5389 850 5457 μοναρχίαν
889 5389 981 5441 καὶ
1016 5390 1311 5459 κυριότητα
1380 5392 1631 5445 Ίουδῖκόν
1681 5394 1793 5445 ἐστι

235 5481 331 5531 καὶ
352 5479 712 5550 μισόχριστον,
736 5479 878 5531 οὑτω
907 5484 999 5533 καὶ
1028 5482 1087 5532 τὸ
1105 5483 1459 5552 κατατέμνειν
1484 5488 1563 5547 εἱς
1580 5485 1794 5549 ἀνίσους

238 5573 431 5641 φύσεις
457 5574 550 5624 καὶ
598 5572 881 5640 ἀνομοίους
913 5573 1099 5637 οὐσίας
1155 5574 1254 5644 τὴν
1314 5576 1635 5645 ὑπερούσιον
1699 5579 1792 5631 καὶ

236 5664 489 5733 ὑπερφυῆ
529 5663 619 5716 καὶ
674 5666 879 5716 ἑνιαίαν
924 5665 1152 5735 θεότητα
1198 5667 1505 5736 Ἑλληνικὸν
1559 5670 1789 5739 ὑπάρχει

238 5756 331 5807 καὶ
354 5754 629 5807 πολύθεον.
679 5754 817 5807 Ἀλλ’
851 5759 906 5807 ὲν
932 5756 1139 5820 τούτοις
1168 5758 1319 5829 μὲνὴ
1342 5760 1468 5828 ἀγία
1495 5760 1588 5814 καὶ
1618 5761 1793 5812 οἰκου-

240 5847 432 5912 μενικη
463 5841 646 5913 πρώτη
680 5843 917 5906 Σύνοδος.

1909 4836 2033 4891 Hac
2050 4846 2174 4890 sunt
2202 4837 2345 4890 enim
2379 4837 2522 4905 impii
2554 4836 2695 4889 illius
2718 4836 2898 4889 Ariani
2921 4835 3143 4887 seminis
3170 4835 3459 4903 genintina.
3541 4876 3547 4885 .

1908 4926 2193 4981 Hominem
2226 4940 2401 4982 autem
2453 4929 2650 4989 istum,
2690 4937 2873 4996 utpote
2916 4935 3103 4980 contra
3151 4926 3459 4979 Creatorem

1907 5036 2063 5074 suum
2096 5021 2234 5075 labia
2261 5021 2573 5089 blasphema
2600 5029 2898 5074 armantem
2950 5034 3077 5081 sua,
3112 5026 3329 5074 sanctus
3376 5020 3463 5072 ille

1906 5124 2077 5169 catus
2124 5114 2359 5184 privavit
2398 5114 2700 5167 sacerdotio
2732 5129 2745 5165 :
2772 5112 2986 5181 impiam
3035 5126 3194 5181 porro
3239 5120 3294 5163 et
3351 5110 3462 5164 Dec

1903 5207 2099 5259 bellum
2140 5206 2460 5260 inferentem
2515 5206 2763 5259 haresim
2828 5204 3155 5258 anathemati
3206 5202 3455 5271 subjecit.

1900 5295 2156 5363 Ejusdem
2189 5306 2365 5350 autem
2400 5297 2715 5351 substantia:
2756 5297 3037 5355 exsistere.
3072 5302 3278 5347 natura
3314 5294 3457 5361 ejus-

1901 5390 2021 5443 dem
2061 5391 2557 5443 veluteoaternum
2582 5431 2595 5453 ,
2644 5390 2836 5443 Filium
2880 5398 3039 5457 atque
3067 5386 3298 5441 Verbum
3344 5387 3456 5448 Dei,

1900 5498 2001 5537 suo
2054 5482 2319 5553 genitori,
2376 5482 2491 5551 pari
2546 5483 2827 5551 praditum
2874 5489 3174 5550 potestate.
3232 5478 3458 5533 Domino

1897 5586 2256 5644 exaquatum,
2298 5577 2441 5645 quod
2490 5576 2670 5630 divina
2715 5585 2958 5629 statuunt
2997 5573 3232 5635 oracula,
3279 5581 3333 5625 et
3373 5587 3456 5624 se-

1900 5666 2134 5719 cundum
2175 5680 2236 5718 ea
2280 5676 2427 5719 recte
2467 5666 2709 5719 omnium
2753 5664 3099 5717 sentientium
3144 5662 3453 5726 sententia,

1896 5774 2030 5826 quas
2072 5759 2124 5811 in
2177 5774 2341 5811 unum
2388 5758 2746 5828 collegerant,
2780 5773 2967 5811 verum
3012 5772 3133 5810 esse
3174 5757 3457 5826 perspicue

1899 5852 2027 5905 satis
2060 5851 2424 5906 declarabant.
2467 5852 2599 5906 Illud
2630 5852 2776 5906 enim
2809 5851 3007 5919 optime
3030 5848 3446 5920 cognoscebant,
