4248 6444
730 391 836 456 635
1900 398 2160 460 PHOTII
2196 401 2407 463 PATR]

2279 402 2694 468 .TRIARCHE
2727 408 2835 469 CP.
3343 449 3345 451 ι
3850 401 3956 465 636

731 501 873 569 quod
919 501 1369 570 quemadmodum
1415 501 1696 558 Judaicnm
1756 513 1810 560 et
1851 503 2053 562 Christi
2099 509 2281 564 odium
2313 527 2424 581 praa
2451 529 2509 569 se
2562 515 2698 582 l‘ert,
2742 516 3108 573 monarchiam
3154 533 3211 573 et
3255 517 3591 572 dominatum
3656 511 3942 566 Trinitatis

731 595 787 646 in
821 593 1030 646 unicam
1054 608 1338 662 personam
1362 595 1668 649 conclusam
1695 597 1949 663 retinere,
1975 601 2046 654 ita
2069 616 2285 670 quoque
2323 614 2379 659 et
2408 605 2462 660 in
2528 617 2749 664 naturas
2769 610 3057 680 inaequales
3117 624 3181 663 ac
3225 608 3554 663 substantias
3591 604 3950 660 dissimilarcs

730 703 946 742 omnem
979 688 1333 742 substantiam
1357 692 1706 743 excedentem
1730 732 1745 755 ,
1782 707 1999 746 omnem
2037 703 2284 751 naturam
2308 712 2724 770 exsuperantem
2751 720 2932 769 unam,
2959 705 3194 766 unicam,
3248 715 3302 758 et
3358 701 3635 756 unientem
3676 697 3944 752 Deitatem

731 781 989 844 dividere,
1024 799 1348 853 paganorum
1373 785 1648 853 proprium
1669 795 1754 840 est
1775 787 2176 846 multitudinem
2216 793 2440 850 deorum
2474 797 3055 855 subintroducentium.
3089 801 3262 870 Atque
3323 799 3379 853 in
3443 798 3562 852 istis
3625 795 3714 848 illa
3761 802 3950 847 sancta

731 876 1052 932 universalis
1085 878 1253 947 prima
1283 880 1519 949 synodus
1546 883 1885 937 versabatur.

803 973 836 1026 9
899 972 1148 1028 Secunda
1203 989 1366 1042 porro
1419 983 1608 1030 sancta
1662 979 1998 1035 mcumenica
2063 983 2376 1053 synodusL
2473 987 2480 1032 l

2283 987 2376 1046 ΒΔ
2473 984 2538 1040 θ’.
2575 984 2650 1038 Ἦ.
2681 984 2740 1038 δέ
2777 984 2910 1054 ἀγία
2947 983 3043 1039 καὶ
3080 982 3429 1054 οίκουμενικὴ
3462 982 3690 1052 δευτέρα
3737 982 3960 1046 σύνοδος

733 1066 924 1119 urbem
941 1066 1140 1136 regiam
1166 1065 1439 1136 (nimirum
1456 1066 2005 1141 ConstantinOpolim)
2019 1088 2294 1129 sacrarum

733 1157 1182 1212 deliberationum
1213 1157 1455 1212 consiliis
1477 1159 1650 1213 locum
1683 1176 1896 1215 sacrmn
1923 1205 1937 1228 ,
1966 1164 2293 1220 destinatum

735 1250 883 1303 velut
924 1265 1170 1303 muscum
1221 1249 1514 1304 referebat.
1575 1250 1650 1305 Eo
1694 1268 1929 1322 namque
1977 1257 2291 1325 congregati

738 1340 954 1393 luerunt
983 1350 1196 1395 centum
1225 1342 1616 1412 quinquaginta
1648 1345 1841 1397 sacrati
1866 1345 1987 1399 viri.
2020 1345 2297 1415 Principes

737 1433 878 1485 inter
903 1432 1020 1485 illos
1054 1441 1226 1495 erant,
1275 1432 1614 1501 Timotheus,
1658 1436 1746 1504 qui
1796 1437 1975 1490 sedem
2023 1437 2296 1507 archiepi-

737 1524 1004 1592 seopalem
1029 1524 1485 1590 Alexandrinam;
1536 1526 1845 1595 spectabilis
1889 1526 2155 1591 Meletius,
2202 1529 2296 1599 qui

739 1615 1169 1679 Antiochenam;
1201 1615 1446 1684 Cyrillus,
1489 1618 1581 1685 qui
1621 1617 2162 1688 Hierosolymitanam
2200 1621 2297 1675 ad-

739 1705 1078 1759 ministrabat
1105 1707 1389 1762 Ecclesias.
1429 1707 1588 1761 Certe
1620 1709 1836 1777 quidem
1877 1709 2158 1766 Nectarius
2201 1712 2294 1779 ibi,

739 1796 830 1864 qui
860 1812 964 1850 non
999 1797 1066 1849 ita
1094 1797 1299 1865 pridem
1332 1798 1397 1852 de
1431 1801 1940 1854 catechumenoruin
1965 1817 2123 1871 grege
2145 1817 2299 1871 sepa-

742 1898 891 1939 ratus
935 1886 1119 1940 divino
1170 1888 1384 1941 lavacro
1435 1890 1624 1942 sordes
1689 1904 1801 1942 sum
1857 1891 1979 1944 vita:
2030 1891 2294 1958 abluerat,

743 1979 976 2031 mundus
1019 1978 1189 2032 factus
1235 1980 1585 2033 mundissima
1649 1980 1998 2049 pontiﬁcatus
2040 1982 2299 2053 dignitate

743 2068 1074 2121 convestitur
1113 2085 1126 2122 :
1173 2069 1240 2123 de
1294 2071 1560 2123 sententia
1609 2072 1751 2125 illius
1799 2073 1984 2142 synodi
2035 2074 2296 2142 generali,

744 2173 841 2226 per
880 2174 1098 2212 manum
1148 2176 1276 2214 vero
1317 2162 1695 2229 praedictorum
1739 2165 2031 2232 przesulum
2076 2165 2300 2235 imposi-

745 2251 966 2316 tionem.
1004 2253 1075 2305 ita
1102 2262 1158 2306 ut
1183 2254 1342 2306 simul
1366 2255 1523 2323 regia:
1547 2255 1694 2310 urbis
1727 2257 2012 2324 episcopus
2035 2266 2088 2312 et
2113 2258 2301 2328 synodi

2397 1073 2507 1127 τῶν
2549 1073 2646 1144 μὲν
2678 1075 2839 1144 ἱερῶν
2891 1074 3307 1145 φροντισμάτων
3357 1072 3456 1143 τὴν
3509 1072 3754 1142 βασιλίδα
3801 1073 3960 1125 πόλιν

2401 1164 2546 1235 ίερὺν
2571 1164 2779 1218 ἐδείκνυ
2854 1165 3269 1234 φροντιστήριον
3295 1164 3406 1232 (15)
3439 1181 3453 1195 ·
3485 1165 3564 1227 είς
3619 1166 3961 1233 πεντήκοντα

2397 1253 2452 1306 δὲ
2483 1255 2574 1305 καὶ⁵
2627 1253 2819 1306 ἐκατδν
2860 1253 3056 1322 ἀνδρας
3081 1255 3258 1323 ἱεροὺς
3283 1254 3632 1322 συνηγείρετο
3659 1269 3664 1273 ·
3693 1253 3962 1323 ἐξάρχους

2397 1345 2596 1413 ἔχουσα
2626 1345 2888 1416 Τιμόθεόν
2921 1363 2981 1398 τε
3028 1342 3056 1382 ιι
3093 1345 3183 1398 τὸν
3253 1345 3681 1414 Ἀλεξανδρείας,
3717 1346 3812 1398 καὶ
3867 1345 3977 1396 τὸν

2397 1434 2825 1504 ἀξιοθαύμαστον
2861 1434 2961 1504 τῆς
3021 1436 3348 1505 ’Δντιοχείας
3379 1435 3659 1490 Μελὲτιον.
3687 1435 3962 1506 Κύριλλόν

2398 1543 2457 1579 τε
2510 1526 2618 1580 τῶν
2681 1527 3071 1597 Ἰεροσολύμων
3097 1565 3112 1590 ,
3164 1529 3293 1590 τοὺς
3346 1527 3692 1596 ίεραρχικοὺς
3736 1525 3964 1597 θρόνους

2401 1617 2676 1681 ίθύνοντας
2708 1633 2723 1648 ’
2765 1621 2857 1671 καὶ
2884 1619 2948 1688 δὴ
2977 1618 3073 1671 καὶ
3104 1619 3429 1688 Νεκτάριον,
3451 1619 3510 1681 ὃς
3543 1619 3668 1686 ἀρτι
3719 1619 3819 1687 τῆς
3850 1618 3964 1671 τῶν

2399 1710 2818 1780 κατηχουμένων
2844 1710 3046 1778 ἀγέλης
3074 1709 3413 1781 ἀφορισθεὶς,
3445 1710 3540 1762 καὶ
3565 1709 3644 1778 τῷ
3676 1709 3807 1778 θείῳ
3833 1710 3963 1760 λουο

2398 1802 2511 1872 οτρῷ
2549 1802 2639 1854 τὸν
2694 1801 2786 1854 τοῦ
2839 1801 2953 1871 βίου
3003 1801 3168 1871 ῥύπον
3210 1800 3679 1867 άποπλυνάμενος,
3717 1799 3964 1867 καθαρὸς

2399 1895 2519 1964 ἥδη,
2545 1893 2604 1946 τὸ
2635 1893 3018 1964 καθαρώτατον
3065 1896 3163 1962 τῆς
3213 1894 3494 1962 ίεραρχίας
3544 1891 3760 1961 ἀξίωμα
3792 1907 3955 1959 περι-

2399 1985 2671 2049 ϐάλλεται,
2700 1984 2865 2054 ψήφῳ
2898 1985 2995 2052 μὲν
3043 1986 3193 2053 κοινῇ
3231 1984 3329 2053 τῆς
3373 1983 3615 2046 συνόδου,
3650 1981 3963 2051 χειροθεσίᾳ

2399 2076 2455 2128 δὲ
2491 2076 2598 2128 τῶν
2636 2076 2943 2147 προκρίτων
2976 2093 2990 2108 ·
3031 2079 3124 2128 καὶ
3155 2077 3270 2144 ἅμα
3317 2092 3377 2127 τε
3426 2075 3524 2144 τῆς
3575 2074 3963 2142 βασιλευούσης

2401 2166 2711 2231 ἐπίσκοπος,
2753 2167 2847 2219 xal.
2883 2167 2980 2235 τῆς
3030 2165 3248 2219 συνόδου
3299 2166 3664 2235 ἐχρημάτιζεν
3710 2165 3959 2235 ἔξαρχος.

2401 2256 2532 2310 Μεθ’
2556 2249 2629 2310 ὧν
2659 2257 2973 2327 Γρηγόριος,
2998 2257 3025 2309 ὅ
3070 2273 3130 2309 τε
3146 2255 3244 2325 τῆς
3264 2257 3322 2308 ἐν
3347 2257 3712 2326 Καππαδοκίᾳ
3741 2257 3964 2325 Νύσσης

744 2357 944 2410 praeses
1000 2346 1391 2398 nominaretur.
1452 2346 1651 2399 Aderat
1701 2355 1755 2401 et
1803 2348 1917 2404 istis
1971 2348 2298 2419 Gregorius,
2331 2331 2421 2401 Βέ

2283 2391 2298 2418 ,
2331 2331 2374 2384 Β
2404 2350 2719 2414 ἐπίσκοπος,
2765 2350 2856 2401 καὶ
2887 2351 2914 2401 ὁ
2945 2350 3042 2418 τῆς
3089 2350 3410 2417 Θεολοτίιις
3458 2350 3516 2415 ἐξ
3545 2350 3722 2419 ἔργων
3757 2349 3960 2401 ἐπώνυ-

745 2433 926 2504 Nyssaa
955 2435 1007 2488 in
1042 2436 1376 2504 Cappadocia
1396 2438 1725 2505 'episcopus,
1765 2449 1817 2492 et
1844 2440 1935 2508 qui
1968 2439 2205 2510 Theologi
2234 2456 2301 2495 ex

749 2527 1002 2595 operibus
1043 2544 1239 2581 nomen
1286 2529 1540 2582 habebat.
1571 2529 1706 2582 Cum
1750 2531 1946 2597 quibus
1989 2531 2301 2601 conspirare

745 2618 1136 2685 agnoscebatur
1179 2618 1439 2671 Damasus
1499 2617 1775 2672 Romanus
1819 2620 2127 2689 episcopus,
2176 2623 2302 2676 dum

2409 2458 2526 2511 μος.
2561 2435 2676 2505 Οἷς,
2707 2441 2766 2493 ού
2810 2441 2976 2504 πολὺς
2997 2441 3185 2511 χρόνος
3219 2442 3314 2495 καὶ
3339 2442 3611 2510 Δάμασος,
3647 2442 3676 2493 ὁ
3712 2442 3810 2511 τῆς
3841 2441 3970 2494 Ῥώ-

2412 2551 2537 2603 μης,
2565 2533 2632 2586 τὰ
2661 2532 2798 2586 αύτά
2836 2534 3141 2602 κρατύνων,
3168 2532 3513 2603 ἐγνωρίζετο,
3540 2531 3832 2602 σύμφωνος
3854 2534 3967 2595 τοῖς

2411 2622 2739 2692 προλαϐοῦσι
2777 2623 3189 2692 καθιστάμενος.

746 2712 935 2779 synodi
981 2711 1135 2766 istius
1181 2721 1321 2771 acta,
1353 2712 1596 2765 eamdem
1646 2728 1768 2766 cum
1799 2713 1930 2778 ipsis
1978 2714 2303 2768 sententiam
2330 2713 2542 2780 fovens,
2581 2714 2947 2769 conﬁrmaret.

822 2806 905 2856 lO.
947 2803 1357 2858 Sacratissimus
1390 2820 1549 2871 porro
1581 2804 1780 2857 chorus
1812 2804 1913 2858 iste
1934 2804 2303 2859 Macedonium

752 2895 1076 2964 quemdam,
1109 2894 1201 2963 qui
1256 2895 1436 2949 sedem
1479 2896 1753 2964 quondam
1805 2896 2308 2966 Constantinopoli-

755 2996 935 3039 tanam
987 2994 1257 3053 arreptam
1317 2986 1618 3047 invaserat,
1671 2988 1817 3054 juste
1862 2987 2074 3040 censuit
2122 3002 2310 3055 pmnas

755 3078 886 3132 dare
919 3077 1192 3141 debuisse,
1223 3092 1288 3130 eo
1315 3079 1456 3146 quod
1503 3078 1556 3130 in
1605 3079 2008 3131 sanctissimum
2047 3077 2309 3147 Spiritum

756 3172 879 3222 vita:
939 3169 1140 3223 fontem
1192 3171 1543 3238 blasphemus
1599 3171 1898 3224 exstiterat.
1966 3171 2117 3224 Sicut
2167 3174 2311 3225 enim

756 3260 913 3314 Arius
947 3271 1133 3314 contra
1177 3260 1391 3326 Filium,
1439 3261 1510 3314 ita
1555 3269 1608 3315 et
1656 3262 1758 3315 iste
1807 3271 1997 3314 contra
2050 3259 2313 3330 Spiritum

756 3360 1004 3405 sanctum
1031 3354 1197 3405 armis
1225 3353 1522 3407 instructus
1547 3354 1823 3422 prodierat
1851 3354 1906 3407 in
1929 3354 2100 3408 aciem
2123 3373 2136 3408 :
2157 3354 2316 3422 cujus

760 3443 1059 3497 dominium
1107 3459 1420 3513 supremum
1452 3455 1508 3498 et
1550 3445 1910 3514 principatum
1959 3445 2314 3500 excellentem

761 3534 829 3589 ad
858 3536 1110 3590 servilem
1155 3544 1210 3588 et
1260 3535 1622 3604 subjectitiam
1675 3536 1885 3606 redigat
1923 3535 2311 3592 conditionem.

761 3626 1077 3695 Quanquam
1131 3626 1286 3679 facile
1331 3633 1575 3693 poterat,
1620 3625 1663 3678 si
1714 3625 1768 3678 in
1808 3626 1860 3678 id
1909 3626 2188 3680 intendere
2215 3643 2311 3680 νο·
2341 3655 2382 3710 C

762 3719 971 3778 luisset.
1023 3717 1202 3771 infelix
1258 3727 1313 3771 et
1362 3717 1639 3785 improbus
1702 3717 1805 3770 iste
1861 3717 2307 3782 animadvertere,

762 3814 904 3883 quod
953 3823 1012 3867 ut
1063 3813 1137 3866 illi
1185 3814 1275 3880 qui
1325 3813 1518 3866 Filium
1561 3811 1912 3881 compingunt
1965 3812 2019 3865 in
2065 3812 2309 3866 ordinem

761 3913 1152 3966 creaturarum,
1187 3903 1509 3956 contumelia
1542 3903 1894 3955 nihilominus
1933 3901 2172 3956 alliciunt
2218 3903 2313 3955 Pa-

764 4004 921 4059 trem,
948 3994 1019 4047 ita
1045 3993 1203 4062 etqui
1228 4001 1631 4046 sacrosanctum
1676 3993 1792 4060 ejus
1837 3991 2098 4060 Spiritum
2140 4007 2314 4047 annu-

764 4095 976 4138 merant
1021 4085 1312 4147 creaturis,
1356 4084 1517 4137 simili
1554 4099 1776 4153 prorsus
1828 4095 1883 4137 et
1921 4083 2111 4151 aequali
2157 4083 2318 4136 modo

764 4175 1062 4246 blasphemi
1081 4176 1133 4228 in
1156 4175 1403 4229 eumdem
1427 4185 1570 4228 sunt.
1593 4175 1726 4228 Nam
1747 4175 1792 4229 si
1813 4174 2048 4244 Spiritus
2071 4183 2318 4228 creatura

765 4279 866 4329 est,
894 4278 1039 4322 certe
1066 4277 1119 4321 et
1144 4268 1229 4321 ille
1251 4277 1497 4321 creatura
1527 4267 1706 4330 fuerit,
1757 4267 1913 4337 cujus
1961 4267 2183 4335 spiritus
2210 4275 2314 4321 est.

767 4358 923 4422 Quod
971 4358 1017 4411 si
1057 4357 1210 4410 istius
1253 4357 1541 4425 impietatis
1587 4371 1871 4411 excessum
1918 4371 2076 4409 aures
2119 4363 2318 4408 nostrae

769 4454 909 4506 ferre
928 4459 1215 4521 nequeant,
1230 4453 1372 4506 unde
1398 4452 1598 4507 factum
1621 4460 1681 4505 ut
1698 4451 1862 4504 miser
1880 4449 1966 4502 ille
1987 4463 2092 4502 non
2108 4449 2318 4501 intelle-

767 4543 925 4607 xerit,
957 4543 1104 4596 omni
1138 4543 1296 4597 modo
1323 4543 1455 4596 illud
1486 4541 1866 4596 declinandum
1897 4539 1998 4593 sibi
2025 4553 2143 4592 esse
2175 4539 2318 4592 unde

2481 2813 2530 2860 ι’.
2562 2800 2729 2867 Οὗτος
2774 2807 2837 2876 δὴ
2871 2806 2962 2858 οῦν
2994 2807 3021 2858 ὁ
3067 2803 3391 2873 ἱεροφάντης
3438 2804 3600 2874 χορὸς
3641 2803 3973 2856 Μακεδόνιόν

2407 2916 2549 2962 τινα,
2600 2899 2690 2950 τὸν
2776 2897 3399 2958 Κωνσταντινουπόλεως
3460 2896 3646 2966 θρόνον
3699 2896 3974 2965 ἅρπαγμα

2411 2990 2577 3041 πάλαι
2600 2990 2985 3058 ποιησάμενον,
3018 2990 3098 3040 ὅτι
3126 2989 3187 3039 τὸ
3239 2989 3505 3055 πανάγιον
3550 2990 3642 3040 καὶ
3665 2989 3975 3056 ζωαρχικὸν

2412 3083 2708 3151 ὲδυσφήμει
2748 3083 2764 3121 ί
2818 3082 3057 3149 Πνεῦμα,
3099 3079 3327 3143 εὐθύνας
3378 3081 3617 3134 ἐδικαίου
3642 3080 3845 3134 δοῦναι.
3883 3082 3975 3145 Ὠς

2413 3173 2518 3240 γὰρ
2552 3173 2767 3240 Ἀρειος
2801 3170 2939 3222 κατά
2983 3168 3078 3220 τοῦ
3112 3169 3263 3232 Υίοῦ,
3303 3169 3446 3221 οὕτω
3483 3170 3576 3221 καὶ
3621 3170 3782 3230 αὐτὸς
3832 3171 3976 3221 κατά

2413 3262 2505 3314 τοῦ
2536 3260 2800 3326 παναγίου
2847 3260 3321 3336 παραταττόμενος
3350 3260 3686 3329 Πνεύματος,
3725 3262 3805 3323 είς
3855 3259 3977 3312 δού-

2413 3348 2537 3411 λους
2586 3349 2678 3401 καὶ
2701 3348 2974 3416 ὑπηρέτας
3013 3348 3112 3418 τὴν
3168 3348 3487 3418 δεσποτικὴν
3515 3349 3609 3400 καὶ
3653 3349 3980 3417 ὑπερκειμέ-

2415 3457 2512 3511 νην
2548 3439 2713 3493 αὑτοῦ
2760 3439 3048 3492 συνέταττε
3081 3440 3398 3509 κυριότητα.
3434 3440 3541 3492 Καί
3579 3457 3662 3492 τοι
3706 3441 3836 3508 ρᾷον
3884 3435 3976 3509 ἦν,

2415 3532 2574 3602 είπερ
2598 3531 2867 3593 ἐϐούλετο,
2892 3531 2969 3599 τῷ
3008 3531 3177 3602 ἀθλίῳ
3201 3533 3452 3602 συνορᾷν,
3491 3534 3594 3595 ὅτι,
3628 3533 3879 3599 καθάπερ
3927 3533 3980 3584 oi

2415 3621 2505 3674 τὸν
2534 3622 2662 3674 Υἱδν
2711 3624 2790 3684 είς
2848 3622 3051 3691 κτίσμα
3093 3622 3403 3682 τάττοντες,
3459 3622 3558 3690 τὴν
3613 3619 3768 3691 ῦὸριν
3823 3622 3980 3674 οὐδὲν

2418 3707 2578 3782 ἧττον
2605 3714 2978 3782 προσάπτουσι
2998 3712 3075 3781 τῷ
3122 3714 3316 3782 Πατρὶ,
3352 3711 3492 3765 οὕτω
3525 3713 3617 3765 καὶ
3639 3715 3687 3764 oi
3717 3713 3777 3765 τὸ
3804 3714 3982 3766 πανά-

2418 3820 2535 3870 γιον
2555 3801 2716 3856 αὐτοῦ
2731 3803 2949 3871 Πνεῦμα
2966 3806 3075 3865 τοῖς
3100 3807 3223 3872 ποιὴ
3234 3821 3396 3872 μασιν
3415 3797 3856 3872 ἐνάριθμοῦντες,
3873 3806 3979 3874 τὴν

2420 3895 2540 3963 ῐσην
2568 3895 2660 3948 καὶ
2684 3896 2874 3963 ὁμοίαν
2902 3894 3244 3964 βλασφημίαν
3289 3897 3479 3962 ἀφιᾶσι
3520 3896 3639 3947 κατ’
3679 3896 3864 3948 αὑτοῦ.
3901 3897 3965 3949 ΕΞ

2419 3988 2526 4056 γάρ
2542 3988 2600 4039 τὸ
2625 3986 2862 4056 Πνεῦμα,
2885 3986 3110 4056 κτίσμα,
3142 3989 3390 4048 κάκεῖνος
3412 3979 3472 4039 οὗ
3491 3987 3552 4038 τὺ
3573 3986 3816 4056 Πνεῦμα,
3842 3989 3982 4056 μετὰ

2418 4078 2871 4148 τῶνικτισμάτων.
2888 4078 2949 4129 Εί
2965 4077 3020 4129 δέ
3039 4077 3133 4130 καὶ
3157 4079 3345 4140 ἀκοαῖς
3362 4079 3632 4147 ἀφόρητον
3657 4079 3802 4148 ὴτῆς
3826 4078 3983 4131 ἀθεό-

2419 4185 2580 4236 τητος
2606 4169 2806 4238 ταύτης
2823 4167 3116 4236 ὑπερϐολὴ,
3147 4167 3263 4228 πῶς
3287 4168 3347 4218 ού
3373 4168 3601 4238 συνῆκεν
3629 4169 3658 4222 ὁ
3702 4168 3982 4222 ταλαίπω-

2427 4279 2516 4333 ρος
2560 4263 2736 4315 ἐκεῖνο
2774 4261 3017 4329 φεύγειν,
3053 4261 3119 4314 δι’
3180 4255 3241 4314 οὗ
3292 4260 3428 4330 πρὸς
3484 4261 3706 4323 τούτους
3763 4261 3982 4329 ἀνάγκη

2423 4357 2609 4407 πεσεῖν
2680 4357 2805 4416 τοὺς
2867 4353 3165 4423 θεομάχους
3223 4353 3553 4422 λογισμούς;
3634 4353 3871 4415 Ἀθετεῖς
3922 4354 3985 4405 τὸ

2425 4444 2651 4512 Πνεῦμα
2681 4440 2816 4496 εἶναι
2841 4442 3001 4506 Θεόν;
3042 4441 3152 4511 (14)
3185 4442 3300 4503 πῶς
3342 4443 3537 4513 ἐρευνᾷ
3565 4441 3632 4494 τὰ
3699 4439 3838 4511 βάθη
3887 4441 3982 4494 τοῦ

2423 4535 2580 4601 Θεοῦ,
2610 4535 2836 4607 κρύφιον
2864 4534 2958 4588 ἀπ’
3010 4533 3208 4600 αὑτοῦ;
3243 4533 3360 4598 πῶς
3413 4535 3563 4586 ἐστιν
3601 4533 3758 4596 ἀλλος
3801 4535 3983 4603 uapi-

2053 4678 2285 4733 VARIA'I
2325 4668 2724 4733 LECTIONES.

841 4777 868 4815 1³
909 4775 995 4828 Ia‘.
1027 4776 1287 4845 Τιμόθεον
1316 4776 1457 4829 τότε.

1563 4777 1577 4816 ι
1609 4777 1694 4829 τσ.
1734 4774 2090 4844 ἐϐλασφήμει.
2170 4773 2183 4822 i
2221 4775 2305 4828 ίσ.
2344 4774 2572 4842 ἁγνίζει.

2259 4888 2490 4944 NOT/E.

841 4986 950 5058 (i3)
981 4984 1460 5058 ¢pbrtwnjpzor.
1508 4987 1653 5050 Vult,
1686 4987 1826 5058 anod
1875 5000 2062 5058 verum
2091 4992 2313 5058 est,_sc-

774 5054 1004 5114 cundam
1025 5054 1036 5056 ’
1055 5059 1317 5126 synodum
1353 5057 1714 5111 universalem
1760 5054 2319 5126 Constantinopolita-

773 5145 895 5183 nam
927 5129 978 5180 in
1019 5124 1149 5180 urbe
1196 5128 1279 5180 illa
1307 5128 1449 5191 regia
1475 5128 1812 5180 convenisse.
1843 5126 1899 5178 ln
1931 5141 2034 5192 qua
2075 5124 2279 5194 synodo
2301 5163 2315 5186 ,

773 5216 830 5252 nt
863 5198 1116 5268 Synopsis
1157 5197 1349 5262 habet,
1379 5195 1611 5268 ἡγοῦντο
1647 5197 1908 5268 Δάμασος⁸
1943 5194 2179 5268 Ῥᾠᾼμηᾳ
2212 5194 2318 5268 Νε-

773 5262 991 5337 κτάριος
1009 5262 1024 5266 ’
1048 5262 1680 5337 Κῳνσταντινουπόλεως,
1716 5262 1986 5337 Κύᾼριλλος
2026 5262 2319 5337 Ἱεροσολύ-

778 5331 912 5406 μων,
959 5346 1064 5397 etc,
1097 5336 1241 5399 Quos
1299 5335 1585 5404 Ἐξάρχους
1608 5345 1763 5390 vocat
1799 5331 2045 5406 Photius.
2079 5333 2181 5386 Sed
2220 5331 2322 5406 lla-

774 5402 958 5461 inasus
990 5422 1094 5458 non
1117 5407 1315 5467 adfuit,
1352 5402 1662 5473 ne'quidem
1695 5421 1789 5474 per
1824 5405 2207 5474 legatosanec
2231 5402 2325 5453 Ti-

775 5478 1044 5538 motheus,
1067 5476 1170 5528 nisi
1203 5472 1509 5529 continuata
1537 5472 1756 5544 synodo.
1787 5472 1945 5528 turbo
1974 5483 2028 5527 et
2056 5472 2326 5544 ﬂabellum

777 5548 921 5599 illius
965 5547 1328 5614 tempestatis.
1369 5562 1472 5613 qua
1519 5543 1760 5611 dejectus
1797 5548 1990 5614 throno
2042 5543 2329 5614 Gregorius

779 5610 1179 5679 Nazianzenus,
1215 5617 1302 5683 qui
1336 5610 1447 5676 hic,
1482 5610 1768 5681 Θεολογίας
1801 5613 1858 5677 ἐξ
1897 5614 2071 5681 ἔργων
2122 5610 2329 5662 ἐπώνυ-

785 5702 900 5754 μος,
929 5685 1144 5739 dicitur.
1172 5684 1490 5743 Nazianzcni
1521 5701 1736 5738 causam
1769 5684 1840 5736 ita
1867 5683 2102 5754 breviter
2123 5692 2176 5734 et
2203 5695 2329 5754 vere

790 5751 1003 5825 expedit
1035 5756 1304 5829 Synopsis.
1329 5755 1604 5824 Gregorius
1631 5755 1909 5824 Theologus
1933 5753 2162 5807 obtinens
2192 5751 2328 5803 thro-

2422 4999 2544 5036 num
2594 4979 3251 5047 Constantinopolitanum,
3302 4977 3390 5045 qui
3437 4991 3553 5047 cum
3583 4975 3636 5026 in
3669 4973 3762 5047 ίίίσ
3794 4985 3984 5047 sancta

2421 5055 2612 5123 synodo
2645 5052 2828 5105 divisio
2858 5043 3137 5123 oriebatur,
3161 5043 3341 5123 sponte
3368 5062 3463 5099 sua
3499 5046 3555 5097 in
3580 5043 3771 5123 synodo
3799 5043 3987 5095 throno

2424 5112 2776 5187 ν’ὲηιιηιίαυίι,
2812 5129 2859 5173 et
2883 5120 3062 5171 habita
3096 5112 3354 5180 oratione,
3381 5132 3485 5183 qua
3527 5112 3644 5166 cum
3681 5112 3837 5187 [ide
3864 5129 3989 5179 pro-

2427 5194 2659 5260 ﬁteretur
2677 5230 2692 5254 ,
2738 5181 2848 5244 tum
2878 5189 3078 5260 abitum
3107 5194 3362 5260 pararet,‘
3382 5181 3438 5236 in
3459 5183 3734 5260 praesentia
3757 5181 3986 5260 Patrum

2428 5252 2638 5315 illorum
2665 5252 2872 5314 centum
2902 5268 2947 5311 et
2965 5252 3149 5330 decent
3173 5255 3628 5330 excessitsgnodo,
3655 5260 3703 5330 et
3737 5252 3989 5330 migravit

2430 5332 2777 5385 Nazianzum.
2805 5331 2860 5383 In
2893 5329 3047 5398 cujus
3077 5327 3252 5398 locum
3283 5324 3556 5398 impiiilli,
3582 5324 3991 5398 qu_i__amotio_nis

2428 5417 2590 5457 causa
2637 5391 2975 5473 exstiterant,
3022 5396 3328 5453 Nectarium
3361 5391 3576 5473 'laicum
3603 5433 3618 5457 ,
3649 5391 3796 5473 illum
3828 5391 3989 5459 cujus

2428 5472 2674 5526 meminit
2701 5470 2945 5530 Photius.
2983 5479 3170 5523 contra
3198 5478 3432 5520 canones
3454 5469 3806 5516 intruscrunt.

2499 5541 2609 5611 (Η)
2651 5541 2791 5611 Lego
2819 5549 2872 5594 et
2917 5534 3364 5611 distinguo,_n&c
3396 5534 3604 5611 festivi
3894 5529 3990 5581 τοῦ

2431 5599 2838 5680 Θεοῦ,’κρύῷιον
2872 5611 2963 5662 ἀπ’
2993 5599 3174 5664 αὺτῦῦ.
3193 5604 3330 5660 Nam
3359 5599 3552 5658 alludit
3582 5599 3648 5657 ad
3682 5599 3815 5656 illud
3845 5603 3992 5668 Apo-

2429 5683 2570 5747 stoli,
2602 5682 2622 5738 ι
2651 5681 2774 5738 Cor.
2807 5697 2865 5747 ιι,
2899 5680 2964 5735 l0
