4248 6444
270 422 378 483 637

1424 426 1951 488 EPISTOLARUM
1994 426 2222 486 LIBER
2254 426 2283 486 Ι

3385 421 3491 483 638

273 537 470 603 κλητος
503 552 517 599 ;
548 534 661 597 πῶς
711 534 1061 588 συντάττεται
1091 537 1267 606 Πατρὶ
1316 539 1410 591 καὶ
1453 539 1600 607 Υίῷ;
1630 540 1830 608 Πορευ-
1860 546 1902 597 Α
1930 539 1950 593 ι

1810 568 1830 581 -
1860 546 1902 597 Α
1930 539 2043 593 ﬁeri
2076 538 2298 592 omnino
2326 535 2513 590 debuit
2551 543 2610 589 ut
2636 548 2691 587 in
2738 532 3037 587 istiusmodi
3063 532 3255 601 impias
3284 541 3338 586 et
3363 549 3487 586 cum

271 627 457 687 θέντες
483 624 613 694 γὰρ,
639 626 799 688 αὑτός
824 643 987 695 φησιν
1013 627 1041 677 6
1075 628 1212 689 Υἱὸς,
1243 629 1616 698 μαθητεύσατε
1657 632 1833 685 πάντα

268 719 343 770 τὰ
386 718 535 785 ἔθνη,
573 719 927 787 βαπτίζοντες
963 722 1159 782 αὐτοὺς
1187 722 1267 784 είς
1295 722 1355 774 τὸ
1387 722 1553 793 ὄνομα
1599 725 1692 777 τοῦ
1721 727 1832 778 Πα-

267 810 421 877 τρὸς,
454 809 547 861 καὶ
572 809 666 861 τοῦ
704 809 853 872 Υίοῦ,
888 812 981 862 καὶ
1012 811 1104 863 τοῦ
1130 813 1285 879 ἁγίου
1312 814 1647 883 Πνεύματος.
1685 818 1745 869 El
1775 818 1833 870 ’ἐν

268 917 325 950 τι
359 900 468 951 τῶν
507 900 673 969 τριῶν
704 900 927 968 κτίσμα,
958 902 1013 952 ὲν
1053 897 1132 962 οἷς
1189 901 1558 973 φωτιζόμεθα,
1594 905 1713 957 οὐδὲ
1766 906 1833 959 τὰ

270 984 437 1037 λοιπὰ
464 986 791 1055 καθαρεύσει
822 989 918 1057 τῆς
949 988 1177 1059 ὕϐρεως.
1224 991 1364 1043 Ἀλλ’
1393 996 1442 1046 εἰ
1466 995 1691 1062 κτίσμα,
1718 996 1833 1058 πῶς

272 1076 450 1137 κτίζει
473 1094 487 1141 ;
508 1076 621 1139 πῶς
639 1078 855 1145 ἁγιάζει
880 1078 925 1144 i;
954 1081 1068 1143 πῶς
1082 1082 1335 1145 ζωοποιεῖ
1351 1104 1365 1149 ;
1390 1085 1506 1146 πῶς
1523 1085 1719 1156 διαιρεῖ
1739 1104 1835 1157 χα-

272 1167 547 1236 ρίσματα;
579 1170 693 1232 πῶς
729 1170 785 1222 δὲ
827 1171 985 1236 Θεός;
1009 1172 1147 1225 ἀλλὰ
1173 1174 1375 1227 τούτων
1394 1175 1547 1227 οὐδὲν
1581 1181 1783 1239 ἐκεῖνος
1806 1178 1833 1229 6

270 1258 641 1330 φρενοϐλαϐὴς
693 1262 787 1312 ἐπὶ
812 1264 935 1314 νοῦν
980 1262 1329 1333 βαλλόμενος,
1356 1268 1457 1335 τῆς
1505 1268 1835 1336 μοναρχικῆς

268 1351 407 1403 αὐτὸ
426 1354 519 1403 καὶ
541 1354 669 1420 μιᾶς
685 1354 990 1423 ἀδιαιρέτου
1014 1355 1263 1426 θεότητος
1283 1356 1515 1429 διασπᾷν
1529 1359 1589 1410 τὸ
1612 1360 1833 1428 Πνεῦμα

269 1441 476 1509 ἐτόλμα
532 1444 626 1495 καὶ
682 1445 1103 1514 ἀπεθρασύνετο.
1162 1448 1252 1499 Διὸ
1311 1449 1405 1500 καὶ
1448 1449 1545 1517 τῆς
1583 1448 1834 1513 ἀσεϐείας

270 1533 473 1597 ἐπάξια
507 1536 694 1605 εἴληφε
717 1538 784 1588 τὰ
814 1538 1108 1606 ὲπιχείρια,
1146 1540 1306 1601 αὐτός
1330 1558 1389 1592 τε
1424 1541 1709 1609 ἀφαιρέσει
1735 1542 1834 1609 τῆς

273 1628 575 1697 ἱερωσύνης
634 1630 947 1698 ζημιωθεὶς,
973 1633 1065 1682 καὶ
1116 1632 1315 1695 πάντες
1364 1633 1475 1684 ὅσοι
1510 1633 1609 1702 τῆς
1664 1632 1828 1685 αὐτοῦ

269 1718 565 1786 θεομαχίας
598 1720 659 1770 τὸ
698 1721 915 1773 ἀνίατον
945 1724 1355 1792 παρεζήλωσαν.
1404 1724 1513 1775 Καὶ
1552 1724 1625 1786 ὠς
1690 1728 1830 1777 εκεῖ-

268 1826 363 1870 νος
383 1810 444 1860 τὸ
472 1811 734 1877 πανάγιον
768 1812 990 1881 Πνεῦμα
1020 1814 1117 1879 τῆς
1150 1814 1429 1884 τριαδικῆς
1483 1818 1613 1883 μιᾶς
1645 1817 1831 1884 θεότη-

264 1902 362 1963 τός
388 1918 446 1952 τε
469 1904 561 1955 καὶ
590 1904 908 1973 κυριότητος
933 1904 1243 1975 ἀλλοτριοῦν
1271 1906 1621 1976 ἐφρυάττετο,
1657 1907 1829 1969 οὕτως

266 1992 434 2044 αὑτὸν
464 1995 496 2061 ή
528 1994 659 2059 άγία
701 1995 795 2045 καὶ
848 1996 1197 2065 οίκουμενικὴ
1239 1995 1454 2058 σύνοδος
1484 1998 1580 2047 καὶ
1622 1997 1721 2061 τῆς
1756 1997 1825 2048 ίε-

270 2083 521 2151 procum;
576 2085 797 2154 καὶτῆς
852 2086 959 2137 τῶν
993 2088 1196 2139 πιστῶν
1233 2076 1448 2157 μερίδος
1501 2089 1594 2139 καὶ
1635 2106 1830 2141 συναυ-

266 2172 390 2235 λίας
420 2166 506 2224 οἷα
527 2173 772 2243 δεύτερον
800 2176 1159 2245 ἡλλοτρίωσεν
1195 2179 1423 2247 Ἀρειον.
1457 2178 1529 2229 Τὸ
1569 2178 1623 2229 δὲ
1657 2179 1829 2231 πανά·

265 2280 391 2330 γιον
431 2265 523 2316 καὶ
573 2264 872 2333 ζωαρχικὸν
907 2268 1148 2334 Πνεῦμα,
1174 2269 1209 2320 ἆ
1254 2286 1310 2321 τε
1353 2268 1415 2339 δὴ
1460 2270 1696 2337 ὁμοφυὲς
1737 2270 1829 2320 καὶ

266 2355 577 2421 ὁμοούσιον,
608 2357 875 2417 ἰσοσθενές
896 2374 955 2408 τε
980 2360 1071 2410 καὶ
1089 2359 1518 2427 παντοδύναμον,
1554 2359 1629 2427 τῷ
1655 2360 1829 2424 Πατρὶ

268 2446 365 2497 καὶ
409 2446 485 2512 τῷ
532 2448 642 2517 ria
708 2451 1235 2519 συμπροσκυνεῖσθαι
1286 2454 1376 2504 καὶ
1442 2452 1831 2520 συνδοξολογεῖ-

269 2534 419 2597 σθαι,
448 2541 587 2590 κατὰ
618 2538 715 2601 τὰς
749 2540 1021 2607 πατρικάς
1058 2557 1117 2593 τε
1162 2541 1254 2593 καὶ
1282 2540 1591 2607 θεολογικάς
1624 2540 1826 2608 φωνὰς,

266 2628 607 2695 ἁνεκήρυξαν
641 2646 655 2659 ·
716 2631 1097 2699 ἐκθερίσαντες
1162 2632 1343 2684 τέλεον
1378 2633 1470 2685 καὶ
1536 2633 1589 2683 εἴ
1630 2649 1680 2683 τι
1725 2632 1821 2694 τῆς

283 2717 565 2787 Ἀρειανῆς
633 2724 837 2790 σπορᾶς
886 2722 1123 2785 ζιζάνιον
1167 2724 1459 2792 ὑπεφύετο.
1518 2725 1828 2793 Τηνικαῦτα

267 2810 325 2861 δὲ
378 2810 475 2871 τὰς
510 2811 609 2878 τῆς
667 2812 934 2881 βασιλείας
985 2815 1138 2883 ἡνίας
1185 2816 1212 2866 6
1272 2816 1442 2883 μέγας
1491 2816 1564 2876 ὡς
1618 2815 1830 2883 ἀληθῶς

269 2902 365 2953 καὶ
411 2903 650 2971 μεγάλης
697 2904 969 2974 εὐφημίας
1021 2905 1169 2969 ἄξιος
1222 2904 1611 2973 περιεζώννυτο
1644 2905 1830 2956 Θεοδό-

274 3010 408 3056 σιος,
448 2995 723 3062 πρόμαχος
771 2999 863 3048 καὶ
901 2998 1061 3059 αὐτὸς
1091 2998 1187 3066 τῆς
1235 2998 1512 3060 εὐσεϐείας
1538 2998 1549 3008 ⁸
1572 2995 1829 3067 γνωριζό-

277 3101 455 3150 μενος.
522 3084 657 3136 Ἀλλ’
715 3088 769 3137 ἐν
815 3087 1025 3149 τούτοις
1080 3089 1175 3156 μὲν
1224 3088 1319 3139 καὶ
1386 3088 1524 3157 αὕτη
1582 3090 1615 3157 ἡ
1699 3088 1828 3155 ἁγία

281 3191 517 3235 συνοοος.

1934 629 2044 682 Deo
2084 636 2382 697 pugnantes
2424 626 2709 693 opiniones
2752 623 2992 677 recidat?
3019 623 3332 677 Coneedere
3380 639 3490 677 non

1933 718 2015 771 vis
2049 718 2307 787 Spiritum
2328 731 2447 771 esse
2476 715 2679 769 Deum?
2717 724 2771 768 at
2794 714 3061 783 quomodo
3093 713 3359 781 profunda
3395 714 3488 768 Dei

1934 818 2222 871 scrutatur,
2260 810 2327 863 ab
2374 810 2491 877 ipso
2539 810 2823 862 abstrusa?
2867 808 3139 876 quomodo
3181 809 3285 861 erit
3345 809 3489 861 alius

1934 900 2280 955 Paraclctus?
2331 900 2473 954 unde
2530 898 2727 952 factum
2770 908 2830 951 ut
2872 914 2993 952 cum
3053 898 3209 952 Patre
3252 908 3305 953 et
3354 898 3491 952 Filio

1934 991 2327 1063 componatur?
2366 992 2559 1045 Euntes
2599 992 2768 1053 enim,
2806 991 2879 1042 ait
2923 991 3154 1058 ipsemet
3196 990 3382 1054 Filius,
3432 992 3490 1043 in

1934 1087 2181 1139 mundum
2216 1086 2543 1147 universum,
2578 1082 2753 1135 docete
2791 1098 2962 1134 omnes
3006 1082 3260 1143 nationes,
3308 1083 3485 1144 bapti-

1931 1185 2111 1229 zantes
2156 1193 2238 1229 eos
2295 1177 2350 1227 in
2406 1177 2609 1227 nomine
2641 1173 2840 1233 Patris.
2887 1183 2934 1225 et
2983 1173 3126 1237 Filii,
3175 1184 3222 1227 et
3261 1172 3492 1242 Spiritus

1930 1267 2098 1319 sancti
2148 1268 2189 1318 '.
2250 1264 2401 1328 Qnod
2490 1265 2534 1316 si
2598 1274 2777 1316 autem
2837 1278 2867 1316 e
2949 1264 3121 1315 tribus
3196 1265 3358 1329 istis,
3431 1262 3491 1317 in

1932 1372 2160 1426 quorum
2216 1355 2526 1407 numinibus
2579 1355 2826 1422 baptizati
2890 1354 3287 1416 illuminamur,
3348 1370 3492 1407 unus

1931 1449 2035 1503 erit
2066 1459 2336 1514 creatura,
2383 1458 2531 1503 certe
2558 1449 2775 1517 quidem
2821 1463 2920 1501 nec
2967 1445 3146 1501 ueteri
3182 1448 3248 1499 ab
3295 1446 3492 1514 injuria

1934 1543 2032 1596 hac
2058 1553 2110 1597 et
2137 1542 2462 1597 contumelia
2494 1540 2763 1593 immunes
2821 1537 3039 1591 fuerint.
3067 1536 3218 1601 Quod
3249 1538 3293 1589 si
3338 1552 3493 1591 crea-

1933 1643 2050 1686 tura
2112 1635 2222 1694 sit,
2303 1631 2573 1701 quomodo
2618 1629 2911 1699 quidquam
2988 1627 3167 1680 creat?
3223 1627 3495 1695 quomodo

1933 1724 2246 1785 sanctificat,
2300 1724 2382 1777 vel
2430 1721 2703 1775 viviﬁcat?
2735 1718 3004 1788 quomodo
3049 1717 3327 1771 distribuit
3365 1717 3495 1770 clia-

1935 1815 2195 1869 rismata?
2224 1813 2493 1883 quomodo
2513 1812 2691 1866 Deus?
2718 1810 2863 1864 Nihil
2905 1818 3081 1861 autem
3116 1808 3339 1860 istorum
3388 1808 3486 1859 de—

1864 1895 1903 1949 Β
1937 1907 2065 1960 lirus
2095 1906 2184 1959 ille
2228 1905 2367 1973 apud
2414 1903 2645 1956 animam
2680 1915 2831 1953 suam
2873 1908 3130 1968 reputans
3188 1897 3489 1967 cogitabat;

1936 1999 2028 2052 sed
2062 2013 2224 2051 ausus
2267 2006 2349 2050 est
2391 1996 2553 2048 homo
2579 1994 2940 2057 importunus,
2981 1991 3277 2044 insolenter
3314 2004 3343 2041 a
3370 2004 3489 2041 mo—

1935 2091 2188 2143 narchica
2222 2090 2402 2148 unica.
2441 2086 2670 2140 indivisa
2701 2084 2908 2136 Deitate
2931 2082 3171 2135 dividere
3204 2080 3489 2147 Spiritum.

1932 2181 2221 2247 Quorcirca
2263 2180 2473 2249 dignam
2508 2193 2602 2232 sua
2647 2178 2926 2235 molitione
2978 2174 3139 2243 impia
3186 2173 3489 2226 mercedem

1934 2272 2154 2340 recepit.
2188 2270 2319 2324 Nam
2350 2282 2402 2324 et
2426 2269 2725 2323 sacerdotio
2750 2269 2990 2337 privatus
3034 2266 3398 2327 multabatur;
3437 2271 3492 2317 et

1937 2378 2041 2416 una
2094 2380 2217 2416 cum
2276 2378 2340 2416 eo
2391 2371 2744 2430 quelcunque
2801 2358 3189 2428 incorrigibiles
3246 2356 3489 2409 eamdem

1936 2453 2179 2506 haeresim
2209 2453 2259 2504 in
2287 2451 2451 2505 Deum
2482 2451 2779 2519 blasphemi
2806 2451 3168 2503 sectabantur.
3203 2447 3267 2500 Et
3296 2460 3485 2513 quem-

1932 2547 2221 2599 admodum
2272 2546 2357 2598 ille
2402 2556 2645 2598 sanctum
2686 2543 2944 2611 Spiritum
2988 2541 3221 2593 alienum
3257 2554 3284 2591 a
3328 2535 3489 2590 Trin-

1936 2653 2039 2691 una
2099 2637 2306 2691 Deitate
2354 2644 2408 2689 et
2450 2636 2826 2688 Dominatione
2865 2633 3169 2702 jactitabat,
3222 2630 3289 2683 ita
3340 2629 3485 2680 illum

1935 2737 2117 2781 sancta
2168 2738 2220 2781 et
2261 2727 2582 2780 universalis
2620 2726 2899 2796 synodus,
2951 2733 3206 2790 tanquam
3260 2720 3486 2773 alterum

1935 2821 2143 2883 Arium,
2179 2835 2208 2872 a
2258 2819 2558 2872 sacerdotio
2606 2828 2659 2872 et
2698 2818 2935 2871 ﬁdelium
2980 2814 3224 2868 sodalitio
3265 2827 3327 2865 ac
3365 2827 3490 2879 por-

1937 2912 2083 2964 tione
2112 2911 2403 2964 declaravit
2459 2911 2714 2964 alienum.
2769 2908 3175 2964 Sanctissimum
3224 2919 3385 2973 porro
3435 2911 3490 2956 et

1934 3004 2056 3056 vita:
2077 3002 2367 3056 Auctorem
2392 3002 2739 3071 principalem
2776 3000 3058 3070 Spiritum,
3091 2999 3239 3067 juxta
3273 2996 3487 3049 Patrum

1934 3102 1989 3147 et
2038 3093 2409 3162 theologorum
2445 3093 2762 3154 sententias,
2815 3092 3031 3159 publico
3078 3087 3347 3157 praeconio
3395 3085 3489 3137 de-

1858 3176 1899 3231 C
1934 3182 2275 3241 monstravit.
2309 3196 2416 3232 una
2442 3194 2565 3233 cum
2610 3178 2764 3232 Patre
2814 3194 2877 3231 ac
2911 3178 3045 3231 Filio
3074 3175 3400 3231 adorandum
3434 3181 3490 3227 et

273 3268 436 3321 simul
480 3270 905 3337 gloriﬁcandum,
970 3283 1158 3342 utpote
1212 3274 1455 3341 ejusdem
1505 3273 1853 3325 exsistentem
1894 3288 2019 3325 cum
2058 3270 2162 3324 illis
2200 3280 2408 3325 natura;
2474 3268 2917 3336 substantiaeque,
2944 3268 3057 3336 pari
3091 3266 3370 3336 praeditum
3412 3265 3488 3326 vi,

271 3362 539 3429 potentia,
568 3362 839 3415 facultate.
865 3364 1004 3427 Quin
1038 3374 1092 3417 et
1130 3364 1171 3416 si
1202 3366 1343 3433 quod
1388 3364 1717 3417 zizaniorum
1774 3365 1949 3417 adhuc
2007 3366 2073 3417 de
2138 3364 2343 3416 semine
2382 3362 2492 3414 Arii
2536 3360 3013 3429 suppullulaverat,
3064 3367 3118 3409 et
3190 3356 3318 3409 illud
3359 3357 3485 3408 stir-

273 3453 420 3520 pitus
444 3455 765 3508 evellebant.
796 3455 1008 3524 Imperii
1040 3472 1200 3524 porro
1224 3466 1354 3511 tunc
1381 3458 1637 3525 temporis
1671 3456 1824 3509 frena
1862 3457 2243 3511 moderabatur
2272 3468 2498 3524 magnus
2531 3453 2617 3506 ille
2654 3459 2710 3504 et
2774 3465 2965 3519 magno
3007 3447 3222 3501 laudum
3286 3460 3488 3515 praeco-

273 3549 367 3601 nio
395 3549 748 3605 celebrandus
772 3551 1142 3615 Theodosius;
1183 3554 1274 3621 qui
1316 3553 1573 3623 religiosa:
1610 3553 1826 3622 pietatis
1900 3561 2272 3623 propugnator
2321 3550 2569 3621 egregius
2618 3548 2930 3603 exsistebat.
2997 3548 3170 3614 Atque
3232 3544 3296 3598 ad
3344 3544 3493 3596 hunc

272 3641 492 3693 modum
520 3644 707 3696 habuit
736 3660 793 3697 se
825 3644 923 3697 ista
954 3646 1212 3714 synodus.

348 3732 434 3785 ια’.
481 3734 543 3785 Ἡ
572 3735 626 3786 δὲ
652 3736 781 3801 ἁγία
830 3738 923 3788 καὶ
953 3737 1302 3807 οἰκουμενικὴ
1333 3738 1490 3807 τρίτη
1534 3737 1746 3801 σύνοδος
1772 3738 1831 3790 ὲν
2003 3736 2025 3787 1

1813 3753 1831 3790 ρ
2003 3735 2087 3787 Η.
2122 3733 2298 3787 Tertia
2347 3743 2526 3787 autem
2575 3741 2757 3787 sancta
2796 3741 2853 3785 et
2889 3730 3208 3785 universalis
3250 3724 3490 3800 synodus

276 3826 375 3893 μὲν
403 3828 468 3894 τῇ
520 3825 658 3877 κατὰ
687 3827 785 3895 τὴν
826 3828 1009 3878 Ἀσίαν
1060 3828 1266 3895 Ἐφέσῳ
1319 3828 1680 3897 συνεκροτήθη
1708 3843 1722 3855 ·
1751 3828 1832 3889 είς
1932 3828 1953 3882 Ι

1811 3845 1832 3889 ς
1932 3828 2127 3896 Ephesi
2145 3827 2196 3879 in
2211 3826 2331 3878 Asia
2344 3826 2781 3895 coogregabatur,
2802 3839 3027 3877 numero
3040 3824 3331 3877 ducenario
3343 3838 3461 3877 com
3472 3852 3488 3862 -

272 3917 580 3977 διακοσίους
620 3916 676 3967 δὲ
722 3916 1073 3986 ἐπληθύνετο.
1129 3919 1216 3969 Ἐν
1246 3912 1327 3979 οἷς
1372 3917 1637 3987 ἡγεμόνες
1666 3920 1833 3984 ὲγνω·
1932 3934 1949 3987 ι

1808 3944 1833 3957 -ι
1932 3920 2093 3987 pleta.
2116 3917 2395 3985 Principes
2425 3930 2587 3984 porro
2614 3914 2948 3977 ferebantur,
2972 3912 3201 3981 Cyrillus
3229 3912 3316 3966 ille
3348 3914 3485 3966 inter

283 4009 514 4075 ρίζοντο,
535 4008 811 4077 Κύριλλός
847 4026 905 4061 τε
938 4012 965 4061 6
996 4012 1052 4061 ὲν
1095 4009 1329 4076 πατράσι
1379 4007 1741 4077 περιώνυμος,
1772 4007 1829 4069 ὃς

272 4099 341 4151 δι’
378 4098 577 4167 ἀρετὴν
599 4098 695 4150 καὶ
734 4098 922 4166 σοφίας
955 4098 1181 4151 πλοῦτον
1211 4100 1307 4166 τῆς
1350 4097 1691 4167 Ἀλεξάνδρου
1735 4115 1829 4166 με·

274 4186 612 4253 γαλοπόλεως
646 4188 836 4241 ἰθύνων
870 4187 958 4241 τὸν
1005 4190 1210 4259 Θρόνον,
1234 4190 1325 4241 καὶ
1362 4188 1454 4241 τοῦ
1491 4188 1704 4257 Ῥώμης
1726 4190 1829 4243 Κε-

274 4278 515 4329 λεστίνου
541 4279 637 4344 τὴν
661 4278 927 4347 καθέδραν
972 4279 1278 4347 ἀνεπλήρου
1308 4280 1401 4332 καὶ
1431 4278 1490 4330 τὸ
1518 4280 1824 4349 πρόσωπον.

274 4370 409 4422 Μεθ’
438 4363 511 4421 ὧν
539 4370 629 4421 καὶ
656 4371 908 4437 Μέμνων,
942 4373 967 4421 ό
1002 4370 1097 4438 τῆς
1144 4370 1401 4435 Ἐφεσίων
1422 4371 1710 4440 ἐκκλησίας
1739 4372 1829 4439 ὲμο

275 4460 702 4528 πεπιστευμένος
718 4462 839 4522 τοὺς
856 4462 1065 4522 οἴακας·
1090 4462 1181 4512 καὶ
1195 4462 1257 4529 δὴ
1278 4463 1369 4513 καὶ
1387 4464 1412 4513 6
1426 4463 1533 4513 τῶν
1550 4462 1829 4532 Ἱεροσολύ-

280 4562 415 4612 μων,
464 4546 825 4610 ἰουόενάλιος.
863 4548 1067 4609 υῖτινες
1105 4549 1199 4599 σὺν
1225 4551 1383 4600 παντὶ
1408 4550 1485 4619 τῷ
1525 4550 1621 4617 τῆς
1671 4552 1827 4604 συνό⁴

275 4639 365 4688 ὅου
401 4638 744 4707 πληρώματι,
773 4640 861 4691 τὸν
893 4640 1125 4709 δυσσεόἧ
1158 4642 1465 4711 Νεστόριον,
1498 4661 1572 4694 ων
1620 4644 1824 4711 ὴσέὸει,

276 4730 431 4789 δίκας
488 4731 921 4798 εἰσεπράττοντο.
979 4734 1072 4793 Ὃς
1134 4734 1197 4783 ὲκ
1246 4732 1343 4800 τῆς
1411 4735 1696 4802 Ἀντιόχου,
1732 4736 1829 4804 τῆς

278 4819 413 4885 πρὸς
466 4819 542 4887 τῷ
594 4819 834 4890 Ὀρόντῃ,
886 4821 1220 4889 ὁρμώμενος,
1253 4824 1342 4874 τὸν
1398 4825 1830 4878 Κωνσταντινου-

279 4912 483 4969 πόλεως
517 4912 701 4979 θρόνον
730 4914 827 4964 οὐκ
859 4913 1067 4979 εὑαγῶς
1112 4916 1479 4982 ἐγκεχείριστο
1517 4918 1648 4986 (15).
1692 4918 1829 4969 Ἀλλ’

277 5004 305 5053 ὃ
328 5021 368 5053 ἐ
414 5001 750 5071 ταλαίπωρος
788 4999 939 5063 οὗτος
972 5042 986 5065 ,
1017 5006 1079 5055 ὲκ
1130 5004 1237 5057 τῶν
1268 5004 1377 5073 (16)
1419 5006 1678 5075 Διοδώρου
1734 5010 1826 5060 καὶ

349 5143 369 5172 '
404 5139 586 5193 Matth.
632 5156 821 5205 xxviii,
850 5140 1040 5194 18-20.

1931 4008 2119 4062 Patres
2138 4006 2620 4066 nominatissimns,
2651 4004 2743 4072 qui
2774 4012 2828 4057 et
2877 4004 3076 4055 virtute
3102 4012 3153 4055 et
3202 4003 3489 4071 prudentia

1935 4098 2382 4153 instructissimus
2405 4112 2606 4165 magnae
2637 4095 2777 4148 illius
2822 4094 3108 4147 Alexandri
3150 4094 3298 4146 urbis
3336 4094 3487 4147 thro.-

1935 4208 2062 4246 num
2093 4191 2403 4245 insidebat:
2452 4202 2661 4240 necnon
2716 4185 2991 4239 C(elestini
3047 4184 3301 4237 Romanae
3340 4182 3488 4236 urbis

1934 4284 2167 4353 episcopi
2208 4281 2389 4335 obibat
2425 4289 2480 4333 et
2505 4278 2790 4348 peragebat
2819 4277 2985 4330 vices.
3016 4276 3216 4329 Aderat
3249 4284 3302 4328 et
3323 4272 3487 4327 Mem-

1865 4353 1908 4407 ι)
1935 4391 2064 4439 non,
2101 4373 2191 4442 qui
2238 4373 2302 4425 ad
2343 4372 2551 4425 clavum
2588 4369 2873 4438 Ephesina:
2934 4368 3182 4421 Ecclesia:
3223 4367 3483 4420 sedebat:

1934 4466 2248 4521 Juvenalius
2276 4478 2487 4532 quoque
2522 4461 3032 4529 Hierosolymorum.
3056 4459 3168 4519 Isti,
3216 4474 3320 4511 una
3362 4472 3484 4510 cum

1939 4559 2103 4613 totius
2132 4556 2316 4627 synodi
2345 4569 2603 4608 consessu
2653 4562 2868 4615 caetero,
2921 4551 2987 4603 ab
3042 4550 3207 4619 impio
3234 4548 3483 4601 Nestorio

1933 4647 2221 4716 impietatis
2252 4660 2360 4699 sua:
2402 4658 2588 4712 pinnas
2621 4641 2989 4711 reposcebant.
3022 4640 3113 4692 Ille
3167 4648 3343 4691 autem
3372 4637 3485 4690 An-

1934 4738 2131 4792 tiochia
2161 4744 2310 4789 ortus
2356 4734 2421 4787 ad
2474 4734 2728 4789 Orontem
2768 4732 2965 4785 ﬂumen
3008 4732 3127 4792 sita,
3166 4740 3325 4798 atque
3359 4730 3483 4783 inde

1928 4828 2216 4895 profectus,
2242 4826 2428 4879 solium
2462 4822 3118 4890 Constantinopolitanum
3167 4821 3309 4873 haud
3352 4836 3481 4875 sane

1927 4919 2159 4985 legitime
2185 4916 2590 4969 conscenderat.
2624 4913 2807 4966 Infelix
2843 4913 2945 4966 iste
2968 4913 3128 4964 homo
3156 4911 3221 4965 de
3251 4911 3483 4964 lutulen-

1928 5009 1996 5061 tis
2022 5008 2233 5061 Diodori
2261 5016 2315 5060 et
2343 5002 2612 5060 Theodori
2660 5003 2996 5073 impietatum
3036 5002 3476 5071 scaturiginibus,

1768 5212 1993 5267 ΝΟΤᾸνῖ.

353 5300 461 5371 (15)
486 5300 605 5352 Οὐκ
629 5299 852 5367 εὺογῶς
874 5300 1290 5369 ἐγκεχείριστο.
1322 5300 1674 5370 Inauspicato,
1702 5304 1829 5357 alio-

278 5375 409 5438 quin
443 5384 721 5437 perperam
752 5372 891 5423 haud
919 5374 1162 5424 ascendit
1190 5373 1578 5441 episcopatum,
1613 5376 1704 5426 sed
1735 5390 1829 5441 per

279 5442 617 5500 canonicam.
640 5441 681 5493 si
713 5444 832 5507 quis
855 5443 1011 5503 alius,
1049 5442 1384 5493 electionem.
1414 5442 1536 5494 Post
1569 5459 1827 5495 excessum

281 5510 522 5573 Sisinnii,
553 5511 723 5576 inquit
748 5513 1013 5570 Socrates,
1041 5511 1131 5563 lib.
1160 5527 1250 5571 vn,
1289 5527 1407 5579 cap.
1450 5512 1537 5573 27,
1566 5516 1727 5564 visum
1753 5523 1826 5565 est

280 5581 585 5649 imperatori
612 5589 818 5646 propter
849 5582 1077 5632 homines
1110 5583 1345 5632 inanium
1376 5598 1546 5633 rerum
1578 5593 1827 5648 appeten-

280 5660 376 5711 tes,
401 5652 654 5720 neminem
677 5666 738 5702 ex
757 5652 853 5701 ista
884 5650 1131 5711 Ecclesia,
1167 5651 1281 5701 licet
1309 5652 1472 5720 aliqui
1506 5650 1823 5719 Philippum,

280 5720 570 5787 complures
600 5719 843 5772 Proclnm
877 5722 1202 5789 designatum
1232 5719 1493 5787 cuperent.
1536 5722 1603 5773 ad
1630 5724 1823 5787 episco-

282 5801 464 5856 patum
491 5791 641 5843 illum
671 5792 877 5859 eligere,
918 5793 1005 5844 sed
1045 5792 1295 5843 advenam
1341 5792 1609 5844 Antiochia
1646 5808 1818 5844 arces-

1935 5320 2061 5355 sere.
2113 5300 2307 5354 Deinde
2359 5300 2629 5352 hominem
2679 5300 2993 5354 accersitum
3054 5302 3124 5353 ita
3180 5300 3476 5355 describit:

1941 5372 2068 5424 Erat
2101 5373 2205 5423 illic
2234 5371 2504 5421 Nestorius
2529 5386 2589 5421 ca:
2627 5370 2908 5424 Germania
2936 5372 3205 5432 oriundus,
3230 5388 3345 5422 voce
3383 5372 3481 5421 im-

1934 5445 2114 5510 primis
2160 5457 2366 5497 sonora.
2418 5440 2593 5508 lingua
2641 5442 2857 5500 diserta,
2908 5450 2954 5492 et
3004 5442 3064 5492 ob
3112 5457 3224 5492 eam
3264 5456 3477 5491 causam

1936 5523 2186 5564 tanonam
2211 5512 2279 5561 ad
2307 5512 2590 5561 docendum
2613 5510 2861 5576 populum
2882 5511 3161 5561 admodum
3189 5525 3476 5561 accommo-

1933 5585 2106 5634 datus.
2140 5580 2445 5633 Accersitus
2473 5580 2648 5647 igitur,
2678 5589 2730 5631 et
2756 5581 3011 5631 canonice
3039 5580 3241 5633 electus
3268 5578 3477 5631 inthro-

1933 5653 2164 5704 nizatur.
2225 5648 2409 5713 Qualis
2469 5658 2646 5701 autem
2694 5649 2780 5701 ille
2832 5659 3016 5717 postea
3065 5649 3118 5701 in
3169 5649 3479 5718 episcopatu

1930 5722 2219 5778 exstiterit.
2257 5728 2440 5770 notum
2462 5726 2561 5771 est.

1998 5793 2109 5861 (16)
2155 5791 2247 5843 Ἐκ
2295 5786 2415 5841 τῶν
2440 5789 2722 5855 Διοδώρου
2752 5787 2847 5843 καί
2880 5786 3196 5855 Θεοδώρου.
3236 5782 3482 5855 lntelligit
