4248 6444
822 335 926 397 639

1986 355 2248 418 ΡΗΟΤῙΙ
2285 360 2786 425 PATRIARCH/E
2836 367 2943 427 CP.

3949 361 4070 422 640

826 449 914 502 uni
957 460 1232 518 potaverat
1256 458 1388 528 ipse,
1442 473 1496 519 et
1522 476 1706 524 mente
1755 470 1939 525 ebrius
1969 487 2089 528 esse
2117 486 2378 544 cceperat,
2405 479 2503 539 Αε

2405 481 2457 539 Α
2479 479 2752 549 Θεοδώρου
2775 482 3010 553 θολερῶν
3033 483 3131 552 τῆς
3155 481 3408 544 ἀσεϐείας
3438 481 3745 551 ὲκροφήσας
3765 477 4055 548 ναμάτων,

821 541 886 596 ad
923 545 1218 612 perniciem
1269 554 1443 623 gregis
1478 559 1582 623 sui,
1616 561 1880 616 absurdas
1907 570 1963 616 et
2011 541 2386 623 abhorrendas

821 637 1078 702 quasdam
1131 656 1290 696 voces
1319 646 1609 703 multorum
1646 652 1869 706 auribus
1891 654 2186 723 ingerebat.
2225 657 2388 712 Chri-

822 737 962 782 stum
998 734 1215 800 etenim,
1255 737 1344 791 Dei
1376 741 1568 797 Filium
1629 746 1870 811 unicum,
1922 748 2091 804 Deum
2138 761 2383 808 nostrum

821 837 1031 888 verum,
1061 828 1151 894 qui
1181 840 1402 899 propter
1431 851 1528 889 nos
1558 847 1613 892 et
1646 841 1873 894 salutem
1923 853 2161 898 nostram
2203 847 2385 903 carnis

821 922 982 980 atque
1013 919 1287 986 sanguinis
1315 926 1504 987 nostri,
1543 929 1734 985 similis
1761 933 1917 986 nobis
1938 932 2114 990 factus
2160 938 2384 1006 partici-

822 1006 986 1072 pavit,
1012 1017 1066 1060 et
1095 1009 1146 1060 in
1179 1013 1414 1080 seipsum
1444 1031 1682 1072 nostram
1737 1023 2038 1091 suscipiens
2074 1035 2127 1080 et
2180 1029 2383 1082 substi-

824 1104 978 1149 tuens
1007 1115 1258 1167 massam,
1320 1121 1458 1161 unus
1501 1111 1760 1166 eduobus
1793 1117 2077 1171 contrariis
2122 1119 2384 1175 conﬂatus

821 1187 1131 1246 dicebatur:
1162 1195 1302 1248 Deus
1324 1213 1518 1269 nempe
1539 1203 1678 1256 idem
1710 1215 1872 1274 atque
1905 1210 2067 1263 homo
2094 1215 2380 1277 exsistens,

822 1296 963 1334 unus
997 1283 1259 1348 Christus,
1293 1289 1458 1344 Filius
1483 1309 1642 1358 unus,
1672 1295 1814 1351 idem
1839 1299 2122 1354 desursum
2159 1317 2191 1357 e
2222 1305 2383 1359 Patre

822 1373 939 1426 sine
964 1385 1152 1442 matre,
1178 1380 1266 1447 qui
1297 1382 1549 1438 deorsum
1592 1398 1709 1441 erat
1739 1405 1770 1444 e
1808 1402 1981 1446 matre
2033 1394 2152 1447 sine
2175 1393 2334 1450 Patre
2363 1416 2376 1451 :

821 1653 963 1698 stum
1001 1648 1394 1707 infelicissimus
1419 1656 1504 1710 ille
1532 1659 1666 1713 nihil
1696 1665 1903 1718 veritus
1953 1666 2009 1719 in
2039 1668 2174 1722 duas
2211 1670 2381 1741 hypo-

822 1745 991 1790 stases
1015 1738 1288 1796 dissecare
1307 1753 1360 1797 et
1381 1745 1641 1806 dividere.
1687 1751 1908 1806 alteram
1941 1770 2151 1809 merum
2194 1738 2380 1828 etpu-

2492 572 2584 623 καὶ
2615 575 2693 636 είς
2739 576 2949 641 φρενῶν
2979 574 3148 644 μέθην
3181 573 3456 643 ἐμπεσὼν,
3483 575 3712 642 άπηχείς
3763 575 3858 624 καὶ
3909 570 4064 623 ἐκτό-

2487 681 2622 727 πους
2653 665 2852 733 φωνὰς,
2882 667 2975 719 ἐπὶ
3007 666 3154 738 λύμῃ
3197 666 3290 718 τοῦ
3321 665 3594 734 ποιμνίου,
3625 663 3834 715 πολλῶν
3862 663 4066 724 ἀκοαῖς

2487 757 2916 826 ἐναπηρείήατο.
2943 758 3176 827 Χριστὸν
3213 756 3341 826 γὰρ,
3366 756 3455 806 τὸν
3484 755 3577 806 ’ἐνα
3605 753 3739 805 Θεοῦ
3773 754 4060 822 Υίὸν(17),

2485 844 2576 898 τὸν
2619 845 2870 914 ἀληθινὸν
2915 847 3046 900 Θεὸν
3080 846 3256 916 ἡμῶν,
3293 845 3351 908 ὃς
3381 845 3447 897 δι’
3477 846 3622 914 ἡμᾶς
3671 844 3768 897 καὶ
3803 845 3891 898 διὰ
3951 845 4062 913 τὴν

2484 937 2758 1006 ἡμετέραν
2807 939 3077 1008 σωτηρίαν
3125 937 3324 1008 σαρκὸς
3357 976 3372 1001 ,
3434 937 3564 1005 ἡμῖν
3611 936 4058 1006 παραπλησίως.

2486 1029 2819 1099 κοινωνήσας
2868 1030 2963 1083 καὶ
2997 1030 3247 1098 αἵματος,
3284 1028 3377 1080 καὶ
3424 1031 3502 1089 εἰς
3529 1029 3718 1080 ἑαυτὸν
3745 1027 3807 1078 τὸ
3853 1027 4064 1096 ἡμέτε-

2491 1137 2579 1188 ρον
2618 1122 3065 1191 ὑποστησάμενος
3094 1122 3342 1191 φύραμα,
3367 1115 3450 1181 εἷς
3479 1121 3542 1172 ὲκ
3573 1119 3665 1172 δύο
3712 1121 4059 1189 ἐχρημάτισε

2484 1213 2592 1264 τῶν
2633 1213 2910 1273 ἐναντίοιν,
2953 1212 3087 1275 Θεὸς
3114 1215 3142 1264 6
3183 1211 3346 1272 αὐτὸς
3399 1209 3656 1278 ὑπάρχων
3693 1212 3786 1261 καὶ
3837 1208 4061 1278 ἄνθρω-

2486 1320 2585 1366 πος
2611 1320 2624 1332 ·
2657 1298 2735 1366 εἷς
2767 1303 3021 1373 Χριστὸς,
3051 1297 3132 1364 εἷς
3162 1303 3307 1367 Υἱὸς,
3331 1304 3360 1356 6
3388 1301 3552 1363 αὐτὸς
3580 1301 3693 1352 ἄνω
3723 1303 3785 1352 ἐκ
3830 1300 4061 1371 [ἰατρὸς

2485 1395 2736 1464 ἀμήτωρ,
2769 1395 2861 1446 καὶ
2888 1395 3039 1447 κάτω
3063 1396 3128 1446 ὲκ
3163 1394 3368 1462 μητρὸς
3396 1393 3628 1460 ἀπάτωρ
3661 1408 3674 1420 ·
3702 1393 3730 1443 6
3757 1391 3921 1454 αὐτὸς
3958 1392 4062 1442 καὶ

2482 1487 2582 1538 οὑκ
2597 1486 2754 1548 ἄλλος
2780 1503 2796 1518 ο
2820 1486 2877 1537 ἓν
2893 1486 3200 1555 πρόσωπον,
3235 1487 3334 1554 μία
3364 1487 3684 1545 ὑπόστασις.
3729 1482 3931 1535 Τοῦτον
3983 1484 4056 1548 δὴ

2483 1578 2575 1629 τὸν
2621 1577 2739 1642 ἒνα,
2769 1577 2968 1648 Κύριον
3003 1578 3158 1648 ἡμῶν
3195 1577 3400 1646 Ἰησοῦν
3457 1579 3548 1630 τὸν
3573 1575 3823 1646 Χριστὸν,
3852 1575 3935 1636 είς
3960 1572 4061 1626 δύο

2483 1670 2701 1738 τέμνειν
2733 1670 2824 1720 καὶ
2844 1669 3073 1737 διαιρεῖν
3087 1670 3430 1733 ὑποστάσεις,
3459 1671 3485 1719 6
3512 1667 3815 1738 τρισάθλιος
3844 1669 4059 1726 ἐκεῖνος

2484 1759 2544 1811 οὑ
2597 1760 2902 1829 πεφρικὼς,
2928 1760 3021 1812 τὸν
3069 1761 3166 1828 μὲν
3205 1759 3361 1828 ψιλὸν
3408 1760 3711 1828 ἄνθρωπον.
3751 1759 3844 1810 καὶ
3882 1759 4058 1826 χωρὶς

822 1842 937 1878 rum
972 1829 1244 1885 hominem
1277 1836 1536 1892 conﬁnxit
1595 1841 1647 1893 in
1680 1857 1777 1896 sua
1825 1847 2042 1914 propria
2097 1849 2372 1918 hypostasi
2405 1860 2452 1918 Β
2478 1867 2499 1900 1

2405 1849 2573 1918 Βτοῦ
2617 1850 3021 1920 προσλαϐόντος
3088 1851 3304 1918 Λόγου,
3358 1851 3476 1904 κατ’
3536 1851 3672 1903 ἰδίαν
3727 1851 4052 1910 ὑπόστασιν,

820 1919 1224 1990 subsistentem,
1275 1931 1560 1996 separatim
1593 1947 1623 1985 a
1666 1935 1844 1989 Verbo
1879 1951 2207 2004 assumente,
2240 1942 2376 1996 alte-

819 2031 930 2068 ram
963 2033 1086 2071 vero
1118 2021 1328 2075 divisim
1372 2025 1536 2079 Deum
1578 2043 1886 2085 assumento
1914 2035 2060 2086 omni
2118 2051 2377 2105 corporeo

817 2108 1144 2164 denudatum
1178 2130 1192 2167 :
1228 2116 1432 2170 veritus
1473 2117 1734 2183 fortassis,
1763 2139 1866 2191 qua
1900 2125 2002 2178 fuit
2034 2127 2279 2191 stultitia,
2310 2145 2378 2183 ne

817 2200 944 2267 quid
978 2212 1251 2269 pateretur
1279 2206 1435 2270 Deus,
1463 2209 1590 2262 dum
1624 2223 1845 2281 propter
1870 2232 2108 2269 amorem
2131 2234 2255 2288 erga
2282 2220 2378 2274 ho-

820 2289 994 2343 mines
1017 2291 1439 2362 inexplicabilem
1469 2314 1622 2354 suam
1655 2301 1826 2370 ipsius
1851 2307 2017 2359 subiit
2047 2317 2373 2376 creaturam,

820 2389 877 2432 ut
897 2379 1037 2434 illam
1053 2385 1338 2453 relingeret
1357 2397 1410 2441 et
1430 2402 1762 2457 persanaret.
1779 2392 1961 2462 Neque
1980 2396 2111 2450 illud
2126 2399 2374 2453 animad-

818 2470 1002 2529 vertit,
1037 2474 1177 2538 quod
1203 2490 1266 2528 eo
1305 2476 1421 2544 ipso
1469 2479 1522 2531 in
1556 2495 1666 2548 quo
1698 2492 1947 2536 naturam
1988 2485 2278 2541 humanam
2306 2491 2375 2544 ab

819 2559 1086 2628 liypostasi
1130 2563 1289 2621 Verbi
1341 2573 1634 2639 separavit,
1673 2576 1916 2629 eamdem
1974 2578 2130 2646 plane
2160 2581 2375 2635 insana-

814 2649 976 2702 bilem
1028 2663 1184 2722 atque
1253 2658 1607 2716 incurabilem
1678 2667 2081 2735 przedicaverit;
2153 2671 2376 2740 ipseque

816 2741 948 2794 adeo
977 2759 1125 2798 suam
1167 2751 1435 2816 propriam
1456 2754 1681 2807 salutem
1712 2768 2014 2823 aversetur,
2049 2777 2167 2815 eam
2215 2764 2374 2831 plane

815 2832 1146 2904 abnegando.
1181 2840 1284 2894 Sed
1310 2852 1364 2895 et
1395 2844 1640 2911 ulterius,
1673 2850 1824 2916 quasi
1857 2852 1996 2904 ratio
2024 2852 2123 2921 ipsi
2158 2855 2374 2924 penitus

815 2924 1003 2980 fuisset
1036 2942 1376 2998 expectorata
1434 2953 1462 2989 a
1518 2941 1792 3007 perversis
1842 2943 1992 2997 hisce
2027 2945 2374 3013 opinionibus

814 3017 943 3077 suis,
976 3020 1082 3085 pati
1127 3023 1296 3076 noluit
1350 3037 1578 3080 matrem
1629 3029 1748 3098 ejus
1795 3033 2094 3086 secundum
2127 3049 2370 3102 carnem,

814 3109 1202 3165 sanctissimam
1249 3130 1444 3184 nempe
1474 3117 1768 3188 Virginem,
1804 3138 1925 3191 quze
1955 3125 2222 3178 veraciter
2243 3128 2371 3194 qui-

2480 1939 2730 2003 ἐπλαττε,
2760 1945 2852 1993 τὸν
2907 1941 2964 1994 δὲ
3008 1941 3142 1993 Θεὸν
3195 1942 3300 1994 ἀνὰ
3357 1943 3543 2010 μέρος,
3591 1943 3681 1992 καὶ
3729 1940 4054 2009 γυμνὸντοῦ

2479 2032 2682 2100 προσλή
2693 2050 2902 2100 μματος
2943 2050 2955 2064 ·

2477 2123 2610 2187 Θεὸς
2667 2125 2848 2189 πάθοι,
2874 2126 2936 2177 τὸ
2988 2129 3187 2178 οἰκεῖον
3247 2127 3468 2194 πλάσμα
3502 2126 3568 2178 δι’
3615 2128 3817 2192 ἄφατον
3854 2126 4050 2192 φιλαν-

2479 2213 2744 2283 θρωπίαν,
2773 2216 2850 2277 είς
2873 2215 3186 2284 θεραπείαν,
3220 2218 3315 2267 καὶ
3332 2216 3632 2269 ἀνάπλασιν
3659 2215 4045 2284 ὑποδυόμενος.

2480 2306 2614 2358 Οὐδὲ
2637 2306 2793 2358 τοῦτο
2832 2307 3078 2373 συνιδὼν,
3117 2308 3191 2370 ὡς
3226 2305 3305 2370 οἷς
3334 2308 3430 2376 τὴν
3478 2308 3825 2377 ἀνθρωπίνην
3885 2306 4052 2374 φύσιν

2478 2398 2575 2467 τῆς
2599 2397 2693 2449 τοῦ
2733 2399 2907 2465 Λόγου
2942 2400 3185 2467 ἐδίκαζεν
3215 2400 3582 2461 ὑποστάσεως,
3627 2399 3842 2450 ἀνίατον
3876 2399 4052 2468 αὑτὴν

2479 2490 2572 2543 καὶ
2599 2489 2966 2557 ἀθεράπευτον
2999 2492 3349 2560 ἁνεκήρυττε,
3381 2491 3472 2543 καὶ¹
3518 2492 3610 2558 τῆς
3647 2490 3780 2552 ἰδίας
3822 2490 4050 2559 ἔξαρνος

3002 2034 3188 2102 ὥσπερ
3233 2033 3482 2094 δεδοικὼς
3519 2036 3546 2086 ὁ
3589 2035 3830 2098 ἀνόητος,
3871 2035 3946 2100 μή
3998 2049 4054 2083 τι

2479 2583 2750 2652 σωτηρίας
2779 2584 3041 2650 ἐγίγνετο.
3082 2584 3236 2635 Ἀλλὰ
3252 2585 3358 2652 γάρ
3385 2584 3430 2646 ι,
3454 2585 3577 2645 τοὺς
3601 2584 4049 2652 λογισμοὺς-ὅλως

2477 2674 2541 2724 ἐκ
2570 2674 2772 2726 τούτων
2803 2675 3173 2744 διαστραφεὶς,
3201 2674 3324 2727 οὐδὲ
3351 2676 3448 2745 τὴν
3473 2675 3633 2727 αὑτοῦ
3681 2677 3822 2727 κατὰ
3866 2677 4049 2745 σάρκα

2481 2765 2716 2833 μητέρα,
2763 2766 2859 2836 τὴν
2913 2767 3184 2834 παναγίαν
3235 2766 3525 2836 Παρθένον,
3553 2768 3650 2836 τὴν
3701 2768 3904 2836 κυρίως
3949 2769 4051 2819 καὶ

2475 2855 2690 2924 ἀληθῶς
2718 2857 2809 2910 τὸν
2836 2858 2966 2910 Θεὸν
2990 2859 3160 2924 Λόγον
3186 2859 3600 2928 σεσαρκωμένον
3620 2858 3905 2921 τεκοῦσαν,
3925 2859 4048 2910 οὐδὲ

2475 2947 2676 3016 ταύτην
2711 2949 2894 3001 καλεῖν
2925 2951 3183 3002 Θεοτόκον
3212 2953 3470 3020 ἠνέσχετο
3501 2968 3514 2980 ·
3562 2951 3673 3002 ἀλλ’
3716 2950 3903 3019 ὥσπερ
3955 2950 4048 3001 τὸν

2476 3037 2603 3089 Υίὸν
2635 3039 2926 3106 ἀπεστέρει
2954 3040 3052 3108 τῆς
3079 3041 3352 3109 θεότητος,
3394 3041 3565 3102 οὑτως
3618 3041 3899 3110 ἠλλοτρίου
3950 3044 4048 3093 καὶ

2475 3129 2573 3195 τὴν
2604 3131 3010 3198 γεννησαμένην
3041 3133 3138 3200 τῆς
3163 3131 3422 3183 Θεοτόκου
3458 3132 3721 3201 κλήσεως.

812 3199 931 3252 dem
962 3217 990 3253 a
1023 3205 1275 3270 peculiari
1306 3224 1402 3262 suo
1435 3211 1591 3265 modo
1615 3212 1780 3267 Deum
1819 3215 2054 3269 Verbum
2111 3218 2452 3273 incarnatum
2517 3232 2818 3289 pepererat,
2869 3223 3150 3292 Deiparam
3204 3224 3467 3278 nominari
3501 3243 3512 3277 :
3557 3225 3648 3278 sed
3713 3225 3785 3277 uti
3849 3225 4044 3278 Filium

812 3295 1048 3364 privarat
1074 3300 1289 3364 deitate,
1325 3303 1396 3357 ita
1429 3317 1702 3373 parentem
1723 3311 1842 3378 ejus
1872 3327 1900 3364 a
1936 3313 2090 3367 titulo
2121 3314 2369 3382 Deiparm
2406 3317 2636 3370 alienam
2663 3316 2810 3370 fecit.

882 3387 966 3440 12.
991 3388 1248 3453 Quocirca
1282 3395 1446 3459 hunc,
1471 3409 1631 3465 prout
1652 3403 1876 3456 meritus
1909 3403 2085 3457 fuerat
2109 3421 2206 3474 per
2233 3407 2372 3461 hanc
2400 3414 2442 3469 C

809 3493 960 3530 suam
999 3480 1260 3534 insaniam
1294 3492 1347 3537 et
1383 3487 1616 3556 linguam
1650 3491 2045 3556 blaspliemam,
2086 3510 2240 3550 sacer
2281 3498 2369 3552 hic

808 3568 1086 3622 beatorum
1118 3570 1333 3626 Patrum
1369 3579 1649 3634 confessus
1687 3584 1833 3635 omni
1862 3586 2163 3640 sacerdotio
2193 3587 2365 3642 denu-

806 3659 972 3724 davit,
1004 3672 1075 3726 et,
1111 3680 1214 3716 una
1238 3680 1358 3720 cum
1382 3667 1550 3736 ipsius
1574 3674 1789 3741 propria
1806 3683 1860 3727 et
1891 3675 2207 3732 detestanda
2242 3694 2368 3732 sen-

806 3754 995 3819 tentia,
1026 3757 1355 3823 sempiterno
1379 3761 1610 3828 subjecit
1660 3765 2013 3823 anathemati.
2074 3768 2363 3824 Dominum

806 3861 936 3898 vero
962 3855 1207 3900 nostrum
1251 3849 1436 3904 Jesum
1497 3854 1795 3918 Christum,
1829 3857 1884 3911 in
1933 3875 2039 3912 una
2068 3871 2124 3914 et
2173 3863 2361 3916 eadem

807 3939 1113 4009 hypostasi,
1173 3959 1323 3998 more
1343 3947 1509 3998 veteri
1532 3956 1587 4001 et
1614 3963 1643 4002 a
1675 3950 1893 4004 Patrum
1927 3954 2218 4009 traditione
2274 3973 2365 4010 aco

803 4039 979 4099 cepto,
1019 4033 1414 4100 praedicandum
1471 4048 1520 4091 et
1540 4041 1872 4095 adorandum
1901 4045 2189 4100 decrevere
2216 4066 2230 4101 :
2253 4048 2364 4103 Nec

803 4137 934 4184 llOﬂ,
966 4136 1126 4192 ρτουι
1145 4140 1481 4195 consequens
1502 4141 1636 4192 erat,
1661 4133 2054 4189 immaculatam
2075 4147 2129 4192 et
2151 4154 2364 4208 semper

802 4214 1066 4281 virginem
1099 4216 1215 4283 ejus
1241 4217 1460 4271 Matrem
1494 4222 1710 4289 proprie
1741 4233 1795 4276 et
1822 4240 1947 4280 vere
1975 4230 2360 4283 nominandam

804 4313 857 4357 et
887 4306 1282 4371 przedicandam
1310 4309 1589 4380 Deiparam
1623 4316 1929 4382 prodidere.
1961 4317 2038 4372 Eo
2065 4323 2209 4374 enim
2243 4324 2360 4391 ipso

802 4394 946 4460 quod
998 4395 1164 4448 Deum
1196 4399 1450 4462 Verbum,
1495 4404 1549 4455 in
1581 4420 1743 4459 carne
1772 4406 2051 4476 dignatum
2071 4412 2241 4474 nasci,
2266 4429 2361 4481 pe-

801 4486 960 4550 perit,
993 4485 1271 4554 Deiparam
1302 4505 1403 4544 nec
1427 4492 1620 4561 injuria
1651 4506 1704 4548 et
1730 4497 1833 4550 dici
1857 4505 1912 4551 et
1941 4499 2044 4553 coli
2080 4509 2140 4553 et
2169 4518 2266 4570 par
2305 4515 2362 4558 et

802 4587 1045 4629 sanetum
1072 4581 1363 4648 est.Atque
1389 4584 1534 4638 hisce
1553 4587 1625 4639 ita
1653 4587 2024 4643 determinatis
2054 4591 2214 4646 ﬁnem
2241 4609 2360 4648 sus—

2555 3407 2639 3476 ιβ’.
2665 3408 2741 3459 Δι’
2767 3409 2794 3460 ὃ
2824 3410 3031 3471 τοῦτον,
3058 3410 3223 3475 ἀξίως
3260 3411 3360 3478 τῆς
3402 3412 3729 3481 τηλικαύτης
3780 3414 4043 3476 ἀπονοίας

2477 3500 2571 3550 καὶ
2587 3500 2686 3567 τῆς
2714 3500 3032 3570 βλασφήμου
3075 3504 3346 3571 γλώσσης,
3371 3504 3478 3555 τῶν
3505 3505 3787 3572 μακαρίων
3819 3505 4046 3574 πατρῶν

2474 3592 2503 3642 6
2537 3589 2788 3656 σύλλογος
2819 3593 2995 3661 πάσης
3037 3610 3096 3643 τε
3151 3592 3447 3662 ἱερωσύνης
3478 3594 3780 3662 ἐγύμνωσε.
3807 3597 3898 3646 καὶ
3946 3597 4046 3648 σὺν

2473 3681 2551 3749 τῷ
2579 3685 2765 3753 οίκείῳ
2805 3684 2900 3736 καὶ
2945 3684 3331 3754 βδελυρωτάτῳ
3381 3688 3683 3756 φρονήματι
3713 3687 3789 3755 τῷ
3835 3689 4042 3757 αἰωνίῳ

2477 3774 2842 3843 παρέπεμψαν
2871 3775 3191 3844 ἀναθεματι.
3223 3777 3327 3828 Τὸν
3373 3777 3429 3828 δὲ
3481 3777 3680 3845 Κύριον
3729 3778 3888 3846 ἡμῶν
3939 3781 4034 3846 Ἰη-

2475 3865 2601 3917 σοῦν
2630 3866 2881 3935 Χριστὸν,
2910 3869 2968 3919 ἐν
3012 3869 3111 3938 μιᾷ
3143 3869 3235 3920 καὶ
3285 3873 3350 3939 τῇ
3408 3871 3542 3938 αὑτῇ
3588 3869 3881 3922 ὑποστάσει
3931 3890 4041 3923 πα-

2470 3959 2889 4026 τροπαραδότως
2938 3961 3032 4011 καὶ
3075 3961 3418 4032 ὁσιοπρεπῶς
3460 3963 3880 4032 προσκυνεῖσθαι
3946 3969 4041 4016 καὶ

2471 4048 2834 4118 κηρύττεσθαι
2879 4051 3317 4117 δογματίσαντες,
3347 4051 3651 4114 ἀκολούθως
3676 4053 3764 4103 καὶ
3789 4052 3888 4121 τὴν
3935 4071 4040 4106 πα-

2472 4141 2768 4210 νάχραντον
2804 4142 2968 4193 αὑτοῦ
2999 4143 3090 4194 καὶ
3145 4143 3522 4212 Ἀειπαρθένον
3582 4145 3793 4214 μητέρα
3831 4147 4039 4213 κυρίως

2472 4234 2566 4284 καὶ
2595 4234 2810 4302 ἀληθῶς
2851 4234 3128 4287 καλεῖσθαι
3169 4239 3261 4288 καὶ
3291 4237 3719 4305 ἀνευφημεῖσθαι
3775 4237 4038 4289 Θεοτὸκον

2469 4326 2930 4394 παραδεδώκασιν.
2999 4324 3094 4391 Οἷς
3148 4330 3257 4398 γὰρ
3301 4330 3392 4381 τὸν
3451 4329 3581 4381 Θεὸν
3626 4331 3817 4396 Λόγον,
3873 4331 4036 4398 σαρκὶ

2469 4418 2789 4487 γεννηθῆναι
2819 4421 3273 4489 καταδεξάμενον,
3309 4423 3546 4484 τέτοκεν,
3577 4423 3838 4485 Θεοτὸκος
3895 4424 4035 4473 ἐνδί-

2467 4521 2578 4567 κως
2600 4507 2991 4576 δοξολογεῖσθαι
3021 4512 3112 4563 καὶ
3137 4512 3495 4582 ὀνομάζεσθαι
3535 4513 3856 4577 ὲξωσίωται.
3892 4515 4031 4566 ’Λλλ’

2467 4597 2559 4648 ἐπὶ
2592 4598 2800 4661 τούτοις
2837 4601 2933 4670 μὲν
2981 4603 3073 4654 καὶ
3105 4603 3241 4673 αῦτη
3281 4605 3342 4655 τὸ
3373 4604 3522 4666 τέλος
3579 4605 3831 4674 ἔσχηκεν,
3868 4607 4031 4674 ἡνίκα

800 4666 943 4733 cepit
999 4676 1053 4720 et
1101 4671 1200 4724 ista
1249 4675 1486 4740 synodus
1530 4692 1637 4745 quo
1685 4687 1927 4749 tempore
1994 4682 2357 4740 Theodosium
2395 4682 2477 4735 Di

2353 4711 2357 4739 ι
2395 4682 2438 4735 Ι)
2466 4687 2558 4740 τὸν
2597 4689 2716 4743 νέον
2751 4666 3022 4744 Θεοδόσιον
3066 4697 3099 4764 ἡ
3151 4666 3429 4766 Ῥωμαῖκὴ
3487 4666 3730 4748 πολιτεία
3774 4666 4030 4768 γαληνοίς

2064 4825 2296 4882 VARIE
2334 4829 2729 4888 LECTIONES.

2317 4971 2551 5028 ΝΟΤᾸΕ.

875 4875 897 4914 ι
926 4877 1010 4931 lo’.
1044 4878 1118 4941 ὡς
1147 4880 1260 4932 καί.

798 5036 1232 5130 hlopsuestenuni
1281 5055 1336 5130 et
1372 5047 1717 5130 'Tarsensem
1783 5057 2085 5130 episcopos,
2148 5063 2238 5130 qui
2293 5075 2349 5119 et

799 5111 1088 5201 doctissimi
1114 5124 1168 5201 et
1193 5117 1677 5201 ortlmdoxinerant,
1701 5136 1795 5201 aut
1820 5111 2179 5196 habebantur:
2209 5149 2350 5201 pra:-

796 5178 954 5266 cipue
1003 5182 1264 5238 Diodorus
1285 5198 1380 5266 ..ει
1415 5205 1443 5241 a
1480 5178 1694 5266 Basilio,
1726 5178 2109 5266 Clirysostomo
2132 5178 2356 5257 aclaliis

798 5247 1098 5310 laudantur,
1132 5270 1229 5308 nec
1260 5258 1359 5334 nisi
1393 5262 1585 5313 mortui
1611 5263 1658 5314 in
1682 5247 2087 5334 uSuspicioncm
2118 5271 2356 5326 thCSCOS

798 5332 1028 5401 venere,
1059 5328 1459 5411 etqsequiorum
1496 5328 2063 5411 saeculorincalarniis
2098 5356 2348 5411 pungun-

800 5394 908 5467 tur,
940 5392 1029 5457 qui
1069 5392 1195 5446 mihi
1228 5392 1332 5449 non
1367 5402 1695 5467 persuadent
1732 5404 1900 5460 fuisse
1935 5392 2356 5467 haaresreosolabe

799 5455 1050 5513 infectos.

872 5527 1409 5621 (‘7‘)gpl0’76r‘ydp
1434 5541 1546 5621 ’τὸν
1567 5542 1674 5621 Era
1703 5545 1849 5621 Θεοῦ
1875 5550 2025 5621 Υἱόν.
2064 5549 2140 5603 ita
2172 5550 2354 5621 legen-

801 5593 971 5675 quin,
997 5593 1126 5654 Nam
1173 5593 1502 5670 Statil-n'ait,
1536 5613 1724 5665 τοῦτον
1755 5615 1810 5666 δὲ
1842 5619 1930 5668 τὸν
1961 5620 2056 5669 ἓνα
2078 5638 2090 5648 ·
2134 5593 2357 5675 sedbad-

809 5664 1039 5724 icndum
1086 5683 1168 5728 est
1211 5676 1366 5742 Θεοῦ,
1395 5664 1502 5735 Ιιοίέ
1525 5664 1963 5756 ωοάόῷέρισ-τὸν
1989 5691 2098 5759 γάρ
2131 5691 2221 5744 τὸν
2260 5691 2358 5744 ἕνα

2469 5068 2602 5122 Θεοῦ
2635 5069 2781 5134 Υίὸν,
2810 5070 3071 5125 Christum
3098 5071 3306 5124 unicum
3340 5073 3433 5126 Dei
3463 5074 3674 5127 Filium.
3715 5076 3912 5131 Statim
3948 5096 4032 5131 re-

2464 5155 2628 5208 pono,
2672 5141 2748 5201 ὠς
2800 5143 2894 5192 καὶ
2942 5142 3069 5203 τοὺς
3112 5142 3420 5210 λογισμούς.
3478 5143 3544 5197 Ει
3583 5162 3736 5207 mox,
3772 5149 3862 5198 τὸν
3913 5151 4030 5200 νέον

2464 5209 2758 5273 Θεοδόσιον,
2801 5226 2958 5278 quem
2992 5213 3078 5265 alii
3116 5209 3546 5285 ptprvvocant,
3583 5217 3683 5270 hoc
3716 5218 4026 5285 est.jum'o-

2465 5295 2592 5339 rem,
2649 5281 2738 5345 qui
2788 5283 3049 5354 regnavit
3078 5281 3254 5354 annos
3305 5283 3390 5337 42.
3435 5286 3490 5336 In
3548 5286 3646 5338 hac
3695 5281 3934 5354 synodo,
3967 5305 4027 5343 cx

2464 5351 2805 5425 annulatione
2850 5362 2904 5403 et
2947 5352 3270 5425 ambitione,
3307 5364 3571 5425 certatum
3622 5351 3926 5425 cst—usque
3963 5361 4028 5413 ad

2463 5421 2961 5489 anatheniatismos,
3012 5422 3153 5474 inter
3201 5423 3454 5489 Cyrillum
3494 5421 3944 5487 Alexandrinum,
3976 5440 4031 5483 et

2464 5487 2726 5563 Joannem
2782 5492 3218 5563 Antioclienuin,
3249 5487 3303 5563 Va
3354 5499 3508 5562 cujus
3561 5498 3802 5563 partibus
3852 5501 4030 5553 stabat

2457 5555 2806 5640 'doetissin'ius
2842 5560 3246 5640 Theodoretus,
3280 5562 3384 5620 hoc
3413 5555 3497 5619 est
3551 5555 3691 5620 inter
3739 5570 4028 5640 episcopos

2466 5626 2776 5684 Orientales
2806 5639 2860 5683 et
2894 5630 3256 5701 Egyptiacos.
