4248 6444
264 398 365 464 641

1403 395 1937 459 EPISTULARUM
1965 395 2197 457 LlBER
2240 395 2290 455 Ῑ.

3375 406 3482 472 642

268 516 414 584 ἑώρα
445 512 736 584 ὀφθαλμοῖς
779 514 878 585 τὴν
915 510 1169 583 πατρῴαν
1200 512 1296 565 καὶ
1352 509 1618 581 βασίλειον
1650 510 1823 578 ἀρχὴν
1862 507 1945 577 Δ]

1806 525 1823 561 ν
1862 516 1907 569 Α
1932 506 2203 577 iuniorem
2252 506 2491 561 Romana
2550 506 2849 576 respublica
2914 510 3089 566 oculis
3145 518 3353 572 serenis
3397 520 3483 574 in-

266 609 334 659 ἐκ
358 604 631 676 τριγονίας
650 603 954 657 διανύοντα.

342 772 429 832 ιγ’.
468 763 532 816 Ἦ
547 763 603 816 δὲ
649 763 777 831 ἀγία
800 763 892 815 καὶ
919 759 1269 831 οἰκουμενικὴ
1299 758 1531 828 τετάρτη
1585 755 1819 821 σύνοδος,

265 857 357 909 τὸν
391 858 448 908 ὲν
476 855 787 922 βασιλεῦσιν
817 855 1203 908 εὺσεδέστατον
1221 852 1530 922 Μαρκιανὸν
1554 867 1814 920 συμπαρ-

275 950 405 999 όντα
463 952 553 1001 καὶ
616 948 955 1017 συμπνέοντα
1000 947 1215 1015 ἔχουσα,
1256 944 1365 998 τῶν
1410 944 1671 1012 ἀληθινῶν
1724 943 1823 1011 μὲν

264 1041 549 1109 δογμάτων
581 1041 942 1110 ἀκροατήριον
979 1037 1087 1108 (18)
1124 1038 1339 1105 ἀνιέρου
1360 1035 1458 1105 τὴν
1486 1034 1820 1103 Χαλκηδόνα,

264 1133 421 1185 πόλιν
446 1133 694 1195 Βιθυνίας
713 1129 876 1186 οὖσαν
905 1132 1193 1201 ἐπίσημον.
1228 1131 1315 1183 Ἐν
1342 1130 1631 1199 τριάκοντα
1650 1128 1705 1180 δὲ
1730 1128 1822 1181 καὶ

268 1226 569 1291 ἑξακοσίοις
628 1226 717 1279 τὸν
762 1227 993 1297 ἀριθμὸν
1067 1226 1380 1290 ὲξετείνετο.
1426 1221 1532 1288 Ἧς
1605 1225 1823 1293 λογάδες

267 1316 637 1385 ἐχρημάτιζον
697 1318 999 1380 Ἀνατόλιός
1046 1335 1104 1368 τε
1131 1319 1159 1369 ό
1188 1317 1285 1385 τῆς
1310 1316 1579 1386 βασιλίδος
1619 1314 1823 1376 πόλεως

265 1410 392 1469 τοὺς
421 1408 763 1478 ίεραρχικοὺς
794 1407 1026 1477 θεσμοὺς
1054 1408 1472 1477 ἐγκεχρισμένος
1503 1405 1610 1474 (l9)
1645 1402 1663 1441 1
1701 1404 1825 1458 ’καὶ

265 1500 333 1568 δὴ
369 1500 698 1568 Πασχασῖνός
722 1516 779 1551 τε
798 1501 890 1551 καὶ
911 1498 1240 1561 Λουκίνσιος,
1255 1495 1594 1564 έπισκὸπικῷ
1609 1495 1825 1565 διαπρέ-

268 1609 463 1654 ποντες
496 1590 785 1661 ἀξιώματι,
824 1591 920 1644 σὺν
964 1590 1265 1659 Βονιφατίῳ
1322 1586 1695 1659 πρεσϐυτέρῳ,
1735 1586 1824 1638 τὸν

266 1684 430 1735 τόπον
462 1683 745 1750 ἐπέχοντες
772 1682 995 1743 Λέοντος
1026 1680 1118 1733 τοῦ
1144 1680 1445 1745 ἀγιωτάτου
1494 1678 1648 1730 nar...
1694 1676 1793 1727 ’ῖῴ

273 1790 400 1841 μης.
421 1765 493 1823 υἷι
518 1772 671 1831 κλέος
705 1770 863 1839 μέγα,
898 1770 993 1822 καὶ
1020 1770 1184 1831 πολὺς
1205 1770 1232 1819 ὁ
1258 1769 1393 1834 ὑπὲρ
1422 1766 1520 1834 τῆς
1546 1765 1823 1827 εὐσεϐείας

1929 598 2197 663 tuebatur,
2240 612 2463 666 regnum
2487 613 2517 651 a
2546 596 2705 652 Patre
2731 610 3010 670 acceptum
3029 617 3148 669 suo,
3170 609 3332 663 tertio
3370 610 3481 679 jam

1923 686 2113 740 ordine
2149 686 2384 755 generis,
2418 686 2832 754 gubernantem.

1929 824 1935 831 .
1995 779 2082 832 l5.
2114 778 2312 833 Sancta
2347 787 2401 832 et
2427 780 2760 834 tecumcnica
2785 790 2977 850 quarta
3015 785 3253 855 synodus
3272 789 3479 860 religio-

1923 870 2196 925 sissimum
2236 870 2537 941 principem
2562 870 2892 927 Marcianum
2919 886 3241 944 praesentem
3262 880 3394 935 vidit
3429 894 3476 936 et

1921 963 2341 1031 conspirantem,
2376 977 2496 1031 quae
2516 963 2755 1019 veritatis
2791 965 3102 1036 dogmatum
3150 970 3478 1026 auditorium

1922 1053 2319 1110 Chalcedonem
2340 1054 2605 1125 Bithyniae
2628 1056 2814 1110 urbem
2830 1058 3098 1114 celebrem
3122 1064 3478 1118 consecravit.

1922 1144 2003 1199 Ad
2029 1154 2315 1200 sexcentos
2348 1153 2401 1199 et
2431 1145 2653 1216 triginta
2683 1162 2943 1202 numerus
2978 1150 3318 1221 pertingebat
3349 1169 3482 1207 con-

1922 1251 2204 1291 venarum.
2252 1236 2493 1303 Quorum
2522 1237 2781 1306 przecipui
2812 1237 3132 1294 dicebantur
3176 1242 3476 1307 Anatolius,

1922 1328 2013 1397 qui
2038 1328 2092 1381 in
2126 1328 2460 1383 sacerdotale
2490 1329 2656 1398 regia:
2680 1330 2825 1383 urbis
2851 1330 3045 1385 solium
3098 1331 3273 1388 fuerat
3323 1335 3483 1388 inun-

1923 1424 2044 1469 ctus
2080 1434 2092 1469 :
2121 1414 2481 1471 Paschasinus
2508 1433 2724 1487 quoque
2752 1428 2807 1472 et
2864 1419 3158 1475 Lucentius
3193 1424 3482 1493 episcopali

1923 1506 2180 1575 dignitate
2210 1507 2501 1575 fulgentes,
2540 1523 2646 1561 una
2668 1524 2791 1563 cum
2839 1512 3149 1580 presbytero
3190 1511 3481 1574 Bonifacio,

1924 1597 2101 1651 locum
2133 1598 2332 1652 Leonis
2352 1598 2676 1652 sanctissimi
2706 1614 2857 1668 papae
2888 1599 3114 1654 Romani
3145 1603 3482 1667 obtinebant,

1925 1691 2079 1758 cujus
2134 1688 2327 1743 Leonis
2358 1690 2547 1764 ingens
2596 1691 2763 1760 gloria
2805 1701 2860 1745 et
2896 1694 3097 1746 multus
3160 1709 3258 1762 pro
3289 1695 3485 1764 pietate

1930 1782 2099 1835 zelus.
2132 1781 2375 1835 Aderant
2401 1790 2657 1850 praeterea
2687 1783 2948 1837 Maximus
2965 1785 3283 1848 Antiochiae,
3314 1796 3367 1839 et
3388 1787 3486 1841 Ju-

268 1867 448 1935 ζῆλος.
478 1866 611 1919 Μεθ’
650 1859 722 1918 ὧν
755 1864 1000 1932 Μάξιμός
1031 1882 1089 1915 τε
1111 1863 1139 1913 ὁ
1191 1863 1537 1932 Ἀντιοχείας,
1562 1862 1656 1915 καὶ
1681 1864 1708 1913 ὁ
1737 1860 1824 1912 Ίε-
1856 1848 1896 1901 Β
1932 1888 1945 1921 η

1809 1890 1824 1900 -
1856 1848 1896 1901 Β
1932 1870 2175 1925 venalius
2217 1848 2735 1941 Hierosolymorum.
2762 1873 2858 1927 lsti
2884 1875 3160 1944 Eutychen
3213 1877 3482 1932 infelicem

272 1958 585 2029 ροσολύμων
636 1956 1003 2019 Ἰουθενάλιος.
1057 1956 1263 2018 Οίτινες
1325 1956 1537 2024 Εὐτυχῆ
1611 1972 1671 2006 τε
1732 1954 1823 2006 τὸν

269 2049 505 2118 δυστυχῆ
547 2049 639 2099 καὶ
686 2048 777 2100 τὸν
821 2049 1197 2117 προασπιστην
1226 2044 1389 2097 αὑτοῦ
1446 2044 1536 2097 τόν
1592 2044 1823 2106 ἀλαζόνα

272 2142 561 2210 Διόσκορον
618 2139 1037 2207 δυσσεϐημάτων
1104 2139 1183 2200 είς
1236 2136 1464 2206 πράξεις
1519 2137 1820 2206 ἀπῄτησαν.

270 2233 380 2286 Καὶ
416 2233 523 2302 γὰρ
578 2233 670 2283 καὶ
723 2226 889 2295 οὗτοι,
925 2230 1022 2299 τὴν
1083 2230 1145 2281 ὲκ
1198 2228 1487 2298 διαμέτρου
1548 2228 1824 2299 Νεστορίῳ

273 2327 483 2395 πλάνην
499 2326 932 2394 οἱκειωσάμενοι,
962 2326 1041 2388 είς
1078 2324 1174 2395 τὴν
1202 2324 1391 2394 ὁμοίαν
1418 2325 1609 2391 ἐκείνῳ
1636 2322 1823 2386 ἐξέπε-

270 2436 363 2473 σον
414 2420 721 2488 ἀθλιότητα.
758 2420 861 2471 Τὸν
880 2418 987 2489 γὰρ
1026 2418 1120 2471 ἕνα
1152 2417 1351 2487 Κύριον
1402 2415 1555 2486 ἡμῶν
1621 2413 1823 2485 Ἰησοῦν

268 2515 524 2584 Χριστὸν,
546 2516 608 2565 ὲκ
637 2514 884 2583 θεότητος
917 2513 1006 2568 καὶ
1041 2510 1452 2581 ἀνθρωπότητος
1491 2508 1824 2579 γνωριζόμε-

269 2623 380 2669 νον,
400 2606 493 2658 καὶ
522 2606 579 2657 ὲν
610 2605 835 2667 ταύταις
860 2606 979 2665 ταῖς
1008 2603 1127 2654 δυσ)⁵
1170 2600 1636 2671 προσκυνούμενον
1658 2600 1823 2671 φύσε-

271 2712 378 2758 σιν,
413 2696 493 2757 εἰς
524 2694 649 2763 μίαν
683 2692 845 2760 φύσιν
871 2690 1154 2760 τολμηρῶς
1178 2692 1271 2742 καὶ
1321 2690 1569 2757 ἀφρόνως
1602 2687 1823 2757 ἀνεκίρ-

269 2801 377 2837 νων
404 2784 498 2836 καὶ
545 2783 817 2851 συνέχεον.
862 2780 952 2843 Ἐξ
982 2773 1075 2845 ὦν,
1107 2780 1204 2848 τῆς
1233 2796 1291 2830 τε
1329 2778 1599 2847 πατρικῆς
1641 2777 1823 2839 οὐσίας

270 2877 356 2928 ὲτε
368 2874 611 2944 ρόφυλον,
642 2874 862 2934 καὶτοῖς
887 2870 1191 2941 ἀνθρώποις
1216 2869 1561 2939 ὲτερόφυλον,
1592 2870 1685 2920 καὶ
1716 2870 1824 2930 τοῖς

270 2966 582 3035 ἀνθρώποις
636 2967 920 3034 ὲτεροφυᾶ,
955 2963 1015 3014 οὐ
1063 2962 1309 3014 συνίεσαν
1331 2962 1380 3012 οἱ
1411 2960 1631 3012 δείλαιοι
1684 2976 1824 3028 συμ-

271 3057 722 3127 περαίνοντες.Εί
766 3056 873 3123 γὰρ
916 3056 1012 3122 μία
1058 3055 1091 3122 ὴ
1150 3051 1242 3103 τοῦ
1281 3050 1512 3120 Χριστοῦ
1569 3050 1746 3118 φύσις,
1789 3048 1822 3119 ἢ

274 3151 392 3202 θεία
426 3150 641 3209 πάντως
671 3149 703 3215 ἢ
745 3147 1054 3215 ἀνθρωπίνη
1086 3144 1255 3197 ἔσται.
1301 3143 1437 3195 Ἀλλ’
1468 3143 1515 3193 et
1542 3144 1639 3211 μὲν
1690 3141 1820 3231 μόγη
1850 3176 1892 3231 c

268 3240 413 3304 θεία,
445 3239 545 3291 ποῦ
596 3241 653 3290 τὸ
682 3236 1043 3306 ἀνθρώπινον;
1068 3236 1116 3286 εἰ
1168 3234 1222 3285 δὲ
1268 3234 1578 3301 ἀνθρωπίνη
1616 3242 1690 3295 ω,·
1708 3230 1821 3292 πῶς

272 3335 374 3385 οὐκ
428 3332 642 3401 ἔξαρνοι
676 3332 769 3397 τῆς
814 3328 1180 3396 θεότητος;εί
1219 3325 1263 3377 δ’
1323 3325 1505 3393 ἕτερόν
1568 3340 1620 3374 τι
1675 3322 1823 3392 παρὰ

270 3424 444 3477 ταῦτα
483 3422 657 3490 (τοῦτο
682 3423 787 3491 γάρ
809 3420 1177 3483 ὑπολείπεται,
1209 3418 1302 3471 καὶ
1333 3417 1468 3487 πρὸς
1501 3415 1657 3467 τοῦτο
1688 3414 1823 3484 μᾶλ-

272 3516 363 3566 λον
397 3515 575 3567 αὐτῶν
615 3513 758 3565 νεύει
794 3512 855 3564 τὸ
903 3512 1198 3581 φρόνημα),
1242 3508 1357 3569 πῶς
1404 3509 1502 3577 οὐχ
1537 3506 1828 3577 έτεροφυὴς

276 3608 457 3668 αὐτοῖς
486 3609 512 3657 ό
544 3606 772 3677 Χριστὸς
806 3606 897 3657 καὶ
916 3606 1007 3656 τοῦ
1035 3604 1245 3671 Πατρός
1279 3602 1372 3654 καὶ
1402 3600 1558 3669 ἡμῶν
1587 3599 1830 3651 ἀναπλα-

274 3698 564 3767 σθήσεται;
595 3691 655 3750 οὗ
692 3699 742 3750 τί
768 3698 831 3750 ἂν
861 3696 1303 3764 δυσσεϐέστερον,
1400 3693 1819 3762 ἀφρονέστερονς

271 3789 556 3857 ἄνθρωπον
609 3786 855 3853 γενέσθαι
903 3786 1128 3854 φάσκειν
1179 3784 1266 3835 τὸν
1330 3780 1421 3832 τοῦ
1470 3778 1603 3831 Θεοῦ
1655 3780 1824 3845 Λόγον

273 3883 367 3933 καὶ
400 3882 551 3943 Θεὸν,
579 3880 668 3932 ἐπί
694 3896 751 3930 τε
772 3878 945 3948 φθορᾷ
977 3878 1072 3947 τῆς
1114 3876 1246 3937 ἰδίας
1295 3873 1565 3941 θεότητος,
1607 3872 1700 3923 καὶ
1732 3870 1824 3923 ἐπὶ

271 3973 546 4040 ἀναιρέσει
592 3972 685 4036 τῆς
717 3968 1151 4039 προσληφθείσης
1182 3964 1628 4036 ἀνθρωπότητος;
1656 3962 1824 4013 Τοῦτο

270 4065 378 4135 γὰρ
402 4064 590 4115 ἕπεται
611 4064 822 4124 πάντως
844 4066 953 4123 τοῖς
979 4059 1270 4129 μηδετέρας
1297 4058 1528 4124 φύσεως,
1559 4055 1673 4107 ἀλλ’
1707 4054 1824 4106 ἑτέ-

272 4173 373 4225 ρας
400 4156 549 4225 παρά
567 4154 784 4216 ταύτας,
815 4154 904 4205 τὸν
936 4150 1164 4220 Χριστὸν
1194 4151 1365 4201 εἰπεῖν
1403 4147 1782 4216 ὲκτολμήσασι.

1925 1971 1980 2015 et
2026 1960 2510 2015 insolentissimum
2572 1961 2719 2015 illum
2762 1962 2929 2031 ipsius
2970 1973 3326 2033 protectorem
3365 1967 3487 2022 Dio-

1925 2066 2137 2106 scorum
2164 2052 2400 2106 rationes
2431 2053 2656 2107 reddere
2686 2054 2754 2107 de
2802 2054 3075 2123 impietate
3104 2068 3412 2125 coegerunt.
3444 2060 3485 2112 E

1924 2143 2183 2197 diametro
2202 2142 2289 2196 isti
2335 2142 2669 2197 contrarium
2698 2141 2945 2197 Nestorio
2978 2160 3216 2199 errorem
3251 2147 3351 2200 sibi
3386 2164 3485 2217 ap-

1923 2236 2331 2304 pr0priaverant
2358 2251 2373 2299 ;
2406 2234 2546 2288 unde
2576 2235 2631 2287 in
2657 2248 2839 2302 parem
2864 2249 2989 2288 cum
3012 2235 3099 2289 illo
3154 2235 3484 2304 impietatem

1924 2332 2265 2394 proruerant.
2295 2323 2525 2378 Unicum
2539 2324 2682 2377 enim
2706 2324 2993 2378 Dominum
3022 2333 3268 2378 nostrum
3294 2324 3485 2380 Jesum

1924 2417 2201 2471 Christum
2220 2431 2250 2468 a
2280 2415 2463 2469 divina
2485 2424 2674 2469 natura
2712 2416 2952 2485 agnitum
2975 2416 3297 2482 ethuntana,
3326 2427 3487 2486 atque

1923 2507 1980 2561 in
2028 2519 2254 2576 utraque
2297 2515 2490 2561 natura
2538 2507 2838 2572 adoratum,
2882 2522 3145 2561 summam
3201 2522 3297 2577 per
3329 2510 3487 2563 auda-

1924 2601 2061 2653 ciam
2100 2608 2156 2653 et
2176 2599 2457 2653 stultitiam
2488 2599 2544 2653 in
2576 2614 2738 2652 unam
2767 2609 3015 2653 naturam
3050 2600 3483 2666 commiscentes,

1924 2688 2312 2743 confuderunt.
2336 2686 2448 2742 Nec
2467 2688 2652 2743 miseri
2670 2698 2729 2742 ut
2748 2700 2905 2743 erant
2933 2688 3325 2760 intelligebant,
3341 2694 3486 2761 quod

1922 2795 2019 2850 per
2054 2781 2191 2833 hanc
2214 2780 2418 2834 irritam
2455 2781 2718 2836 rationem
2738 2781 2887 2834 illum
2914 2781 3298 2851 alienigenam,
3338 2801 3365 2836 a
3388 2799 3485 2853 pa-

1925 2881 2076 2925 terna
2101 2871 2399 2925 substantia
2435 2872 2730 2935 diversum,
2758 2887 2973 2927 necnon
3010 2872 3277 2927 differenti
3297 2874 3364 2928 ab
3391 2876 3487 2929 ho-

1923 2963 2159 3016 minibus
2178 2973 2371 3017 natura
2396 2973 2756 3027 constantem,
2774 2964 3082 3018 delinirent.
3110 2966 3243 3018 Nam
3266 2966 3307 3019 si
3329 2966 3485 3020 unica

1927 3055 2297 3108 tantummodo
2344 3054 2416 3108 sit
2468 3068 2661 3109 natura
2721 3055 2945 3122 Christi,
2979 3058 3062 3111 vel
3112 3056 3291 3111 divina
3337 3073 3488 3127 pror-

1925 3162 2018 3201 sus
2047 3161 2109 3200 ea
2151 3145 2335 3209 fuerit,
2359 3146 2445 3200 vel
2472 3147 2727 3201 humana.
2750 3146 2902 3212 Quod
2938 3148 2983 3202 si
3019 3162 3166 3200 mere
3192 3147 3371 3201 divina
3393 3148 3482 3212 sit,

1925 3240 2015 3293 ubi
2048 3246 2177 3291 tunc
2223 3239 2504 3291 humana?
2533 3238 2676 3307 quod
2706 3238 2750 3291 si
2794 3248 3002 3291 tantum
3066 3237 3316 3303 humana,
3372 3238 3485 3292 ﬁeri

1923 3344 2031 3383 non
2060 3337 2235 3397 potest
2259 3328 2390 3397 quin
2414 3337 2641 3398 negetur
2668 3329 2868 3383 divina.
2898 3329 3054 3393 Quod
3077 3329 3124 3382 si
3154 3330 3281 3397 quid
3304 3330 3485 3385 diver-

1925 3435 2043 3473 sum
2074 3420 2143 3473 ab
2172 3429 2395 3489 utraque
2429 3428 2623 3474 natura
2639 3419 2803 3474 fuerit
2832 3421 3096 3488 (namhoc
3122 3420 3176 3474 in
3201 3424 3298 3475 hac
3325 3437 3485 3478 causa

1930 3512 2145 3565 unicum
2173 3512 2236 3566 iis
2262 3511 2601 3580 relinquitur,
2626 3520 2680 3566 et
2714 3527 2779 3565 eo
2825 3513 3078 3567 videntur
3106 3514 3483 3583 propendere),

1927 3604 2197 3673 quomodo
2224 3620 2333 3657 non
2387 3605 2493 3658 erit
2520 3604 2663 3673 apud
2699 3604 2844 3674 ipsos
2874 3605 3121 3658 Christus
3144 3605 3366 3660 alterius
3386 3622 3484 3661 cu-

1929 3696 2141 3766 jusdam
2165 3706 2220 3751 et
2239 3696 2463 3751 diversae
2491 3705 2698 3751 natura:
2752 3712 2873 3751 cum
2900 3714 2929 3751 a
2963 3713 3060 3752 suo
3098 3696 3253 3752 Patre
3290 3708 3402 3752 tum
3452 3715 3483 3753 a

1929 3787 2082 3840 vobis
2106 3786 2127 3837 ?
2147 3802 2253 3855 quo
2278 3787 2407 3855 quid
2451 3788 2621 3856 magis
2648 3788 2872 3857 impium
2921 3799 3013 3841 aut
3059 3788 3286 3843 delirum
3316 3791 3483 3860 magis

1932 3878 2056 3948 ﬁngi
2084 3886 2263 3947 potest
2290 3878 2312 3930 Ἰ
2337 3892 2581 3931 asserere
2604 3878 2857 3932 nimirum
2889 3880 3120 3933 Verbum
3147 3881 3262 3945 Dei,
3292 3882 3479 3947 Deum,

1929 3970 2199 4023 hominem
2225 3968 2422 4023 factum
2445 3968 2501 4021 in
2527 3984 2649 4022 eum
2679 3970 2861 4035 linem,
2886 3982 2945 4023 ut
2962 3987 3083 4025 cum
3104 3971 3357 4025 divinitas
3387 3974 3482 4026 de-

1926 4068 2223 4113 strueretur
2265 4060 2497 4128 propria,
2542 4061 2701 4114 etiam
2744 4073 3020 4132 assumpta
3073 4063 3380 4117 humanitas
3426 4065 3480 4117 in

1927 4151 2152 4203 nihilum
2182 4150 2535 4220 redigeretur.
2578 4151 2691 4205 Hoc
2712 4154 2857 4205 enim
2886 4152 2957 4205 ita
2997 4153 3152 4221 plane
3182 4167 3478 4222 conseque-

271 4269 380 4319 tur,
401 4255 586 4322 siquis
610 4253 930 4306 tueriausus
963 4249 1124 4302 fuerit
1163 4246 1433 4301 Christum
1460 4260 1568 4297 non
1620 4242 1841 4297 alterius
1894 4242 2137 4307 istarum,
2165 4243 2258 4297 sed
2306 4253 2502 4311 prazter
2524 4244 2654 4297 istas
2680 4245 2816 4298 alius
2856 4256 3061 4299 naturae
3103 4246 3475 4315 participasse.

351 4346 428 4400 ιδ’.
465 4347 555 4398 Διὸ
592 4346 801 4413 καὶτῆς
829 4344 1095 4411 τοσαύτης
1143 4340 1455 4400 δυσσεόείας
1489 4338 1536 4389 οι
1566 4336 1670 4388 τῶν
1706 4353 1822 4405 χρι-

166 4484 171 4491 .
274 4438 557 4507 στομάχων
607 4435 810 4488 τούτων
851 4434 1133 4502 δογμάτων
1165 4432 1475 4501 εἰσηγηταὶ,
1524 4428 1678 4491 ἀξίαν
1726 4428 1823 4496 τὴν

271 4529 427 4597 δίκην
451 4527 760 4590 δεδωκότες,
782 4525 1132 4596 ἀφῃρέθησάν
1161 4540 1217 4575 τε
1249 4524 1344 4591 τῆς
1378 4523 1697 4592 ἱερωσύνης,
1722 4521 1817 4573 καὶ

270 4620 377 4673 ἀπὸ
430 4620 608 4688 πάσης
654 4618 752 4687 τῆς
820 4615 1139 4683 Ἐκκλησίας
1196 4614 1477 4682 γεγόνασιν
1524 4612 1767 4681 ἀνάθεμα
1804 4627 1819 4642 ο

272 4709 730 4777 συναπελαθείσης
767 4708 947 4769 αὐτοῖς
987 4707 1080 4758 καὶ
1118 4705 1216 4774 τῆς
1260 4702 1624 4773 χριστομάχου
1670 4702 1821 4769 αἱρέ-

272 4818 409 4861 σεως
430 4840 443 4853 .
480 4801 553 4854 Τὸ
579 4800 636 4851 δὲ
668 4798 821 4868 ὀρθὸν
856 4798 949 4849 καὶ
978 4796 1362 4866 ἀπαράτρωτον
1392 4797 1487 4861 τῆς
1520 4793 1822 4863 ὀρθοδοξίας

274 4894 531 4963 φρόνημα
554 4892 630 4944 ἑτι
652 4892 845 4961 μᾶλλον
863 4893 979 4953 ταῖς
1004 4891 1295 4960 γραφικαῖς
1322 4905 1381 4939 τε
1414 4888 1507 4940 καὶ
1528 4891 1819 4953 πατρικαῖς

1994 4338 2079 4390 14.
2120 4337 2381 4402 Quocirca
2424 4338 2648 4409 dignum
2693 4352 2789 4391 sua
2829 4338 3098 4406 impietate
3153 4339 3476 4407 supplicium

1924 4429 2155 4492 subiere,
2185 4430 2275 4498 qui
2328 4429 2635 4500 dogmatum
2681 4429 2930 4492 istorum,
2966 4444 3061 4498 per
3118 4445 3237 4498 qua:
3266 4430 3476 4484 Christo

1923 4520 2119 4573 bellum
2149 4520 2415 4583 indicitur,
2434 4530 2682 4575 auctores
2705 4520 2938 4583 fuerant,
2958 4521 3257 4575 sacerdotio
3282 4535 3475 4588 nempe

1922 4615 2135 4681 dejecti,
2197 4622 2251 4667 et
2283 4629 2375 4683 per
2399 4629 2588 4669 omnes
2614 4614 2880 4668 Ecclesias
2921 4612 3247 4666 anathemati
3292 4614 3475 4681 subje-

1926 4704 2017 4769 cti,
2051 4719 2174 4757 cum
2204 4705 2396 4773 quibus
2419 4704 2602 4773 etipsa
2632 4704 2851 4757 haeresis
2900 4702 3283 4771 expellebatur.
3310 4700 3473 4755 Recta

1926 4804 2103 4849 autem
2123 4804 2175 4849 et
2194 4795 2487 4849 orthodoxa
2519 4797 2802 4853 sententia.
2830 4795 2988 4847 nullis
3004 4794 3311 4847 vulneribus
3342 4808 3473 4846 con-

1927 4886 2087 4948 fossa,
2112 4886 2367 4939 maiorem
2388 4884 2441 4938 in
2474 4886 2694 4940 modum
2714 4884 3033 4938 testimoniis
3060 4892 3114 4937 et
3137 4898 3167 4938 e
3196 4882 3473 4953 Scriptura

1526 5047 1754 5102 VARIAS
1791 5046 2184 5101 LECTIONES.

356 5170 373 5209 ι
415 5172 526 5244 Leg
580 5168 1069 5242 ἐγκεχειρισμένος.
1144 5176 1183 5204 ω
1213 5166 1297 5221 ισ.
1336 5167 1489 5235 μόνη.

1768 5269 1991 5327 NOTAE.

351 5409 460 5477 (18)
510 5402 931 5477 'Axpoaniptor.
953 5400 1028 5477 Ita
1054 5398 1203 5468 prius
1221 5397 1451 5477 vocavit,
1485 5395 1555 5448 ob
1577 5391 1819 5477 eamdem

272 5468 522 5538 causam,
571 5468 1069 5539 Constantinopolin
1123 5468 1552 5539 φροντιστήριον,
1581 5472 1822 5539 ΔΡι-οιπειι·

276 5551 380 5603 loci
418 5534 771 5610 nobilitatem,
806 5558 837 5595 a
878 5534 1008 5594 viris
1053 5534 1355 5593 eruditione
1398 5534 1699 5589 celebribus
1730 5546 1823 5585 ce-

272 5620 755 5756 lelirtiitfgéapm
790 5678 1267 5756 έγνιεχρισμέγος.
1301 5670 1820 5756 ληηοιετειειρςιίξ-

276 5741 454 5813 simus
480 5756 541 5809 n.
591 5741 845 5816 Lindsell,
876 5753 904 5803 δ
932 5741 1271 5819 μακαρίτης,
1301 5743 1584 5816 legendum
1610 5741 1712 5799 sibi
1742 5741 1824 5795 vi-

1925 5389 2037 5444 deri
2113 5385 2644 5456 ἐγκεχειρισμένους,
2676 5386 2918 5456 apposite
2942 5384 3179 5454 quidem,
3213 5392 3267 5438 et
3298 5400 3466 5450 magis

1925 5476 1992 5513 ex
2023 5474 2121 5512 usu
2144 5455 2490 5524 lingua-Sed
2516 5455 2737 5511 Photius
2750 5455 2893 5511 solet
2920 5456 3187 5509 interdum
3218 5470 3465 5506 καινοτο-

1928 5530 2048 5597 μεῖν
2084 5536 2140 5581 et
2176 5527 2545 5597 καινοφωνεῖν.
2593 5527 2850 5590 Quocirca
2901 5525 3096 5580 codicis
3147 5524 3463 5597 scripturam

1926 5593 2170 5661 admitto,
2207 5606 2264 5649 ut
2297 5595 2848 5666 εἱιῄὲγκεχρισμένος,
2896 5598 3156 5666 intinctus.
3189 5595 3269 5647 Ad
3302 5593 3463 5666 ﬁnem

1926 5667 2183 5722 sectionis
2212 5666 2347 5737 forte
2382 5662 2673 5737 legendum
2697 5675 2751 5720 et
2780 5664 3238 5737 distinguendum,
3275 5662 3461 5731 σαφῶς

1927 5754 1985 5790 τε
2002 5737 2094 5792 καὶ
2120 5736 2518 5805 ἀναντιρῥήτως
2548 5736 2707 5804 λέγω,
2730 5745 2833 5791 etc.
