4248 6444
758 412 860 475 643

761 617 1105 671 celeberrima
1152 614 1501 669 clarescebat.
1552 613 1731 668 Unum
1753 611 1898 665 enim
1928 609 2224 672 Christum,
2266 606 2318 660 id

760 720 861 774 est,
891 710 1099 763 unicam
1113 709 1231 778 ejus
1254 708 1585 779 hypostasin,
1616 715 1860 759 naturam
1886 702 2317 771 veroduplicem,

762 802 1000 855 divinam
1026 816 1221 871 nempe
1254 810 1307 854 et
1330 801 1642 861 humanam,
1694 797 2019 852 inconfusim
2040 804 2094 848 et
2124 793 2324 847 indivi-

764 894 864 947 sim
917 892 1325 956 consideratam,
1358 907 1454 962 per
1500 892 1843 946 beatissimos
1871 890 2034 944 hosce
2070 887 2323 942 sacerdo-

767 996 847 1039 tes
881 994 935 1039 et
985 986 1277 1053 theologos,
1334 988 1388 1040 in
1446 986 1703 1040 mundum
1737 984 2049 1038 universum
2076 992 2131 1037 et
2166 998 2325 1036 mun-

764 1078 820 1129 di
882 1087 1154 1131 extremos
1232 1080 1529 1142 terminos,
1598 1076 1940 1131 confessione
2008 1083 2062 1128 et
2127 1073 2325 1142 pracdi-

764 1171 980 1224 catione
1045 1171 1482 1239 agnoscendam,
1546 1169 1709 1231 clare,
1765 1168 2052 1236 perspicue
2099 1175 2152 1219 et
2210 1163 2329 1217 sine

770 1260 1108 1315 haesitatione
1173 1261 1559 1329 propagabant.
1628 1257 1766 1309 llinc
1842 1270 2055 1324 quoque
2119 1254 2329 1321 liquet,

770 1351 911 1420 quod
939 1367 1061 1404 cum
1083 1351 1287 1404 claudis
1306 1366 1523 1420 gressus
1562 1349 2034 1409 confirmarentur,
2088 1354 2143 1400 et
2174 1344 2333 1399 caecis

769 1445 985 1499 caecitas
1018 1446 1071 1497 in
1119 1442 1567 1496 efﬂorescentiam
1626 1441 1903 1494 oculorum
1944 1443 2328 1497 succresceret,

772 1552 897 1588 cum
932 1534 1124 1587 mortui
1163 1534 1229 1587 ab
1270 1534 1463 1587 inferni
1501 1533 1671 1601 portis
1720 1530 2148 1590 retraherentur,
2178 1536 2233 1580 et
2278 1526 2334 1579 in

774 1626 937 1679 vitam
963 1627 1139 1677 denuo
1166 1626 1659 1678 transmitterentur
1678 1664 1693 1687 ,
1726 1636 1935 1675 necnon
1965 1634 2088 1673 cum
2121 1628 2175 1672 et
2218 1617 2335 1670 alia:

773 1717 971 1770 divina:
996 1716 1243 1779 virtutes,
1268 1731 1399 1784 quas
1421 1730 1529 1767 non
1558 1723 1641 1768 est
1670 1713 1822 1767 facile
1838 1726 2176 1772 enumerare,
2211 1724 2337 1778 per-

776 1816 1139 1875 petrarentur,
1171 1817 1224 1859 et
1278 1807 1332 1859 in
1374 1814 1666 1875 conspectu
1696 1805 1935 1859 omnium
1986 1801 2335 1872 propalaren-

1898 400 2158 462 PHOTII
2193 395 2695 460 PATRIARCHAE
2731 395 2839 456 CP.

759 534 816 579 et
869 538 899 577 e
954 521 1206 577 Patribus
1280 520 1526 576 deductis
1592 517 1961 580 confirmatur,
2034 513 2436 584 praeconiis,“

1952 559 1961 580 ,
2034 513 2320 584 praeconiis
2344 514 2397 573 Α
2422 509 2748 580 μαρτυρίαις
2803 505 3146 578 ἀνεκηρύχθη
3203 508 3295 560 καὶ
3340 506 3629 577 διέλαμψεν

3881 385 4006 450 644

3666 520 3682 537 ο
3711 503 3846 556 Ἕνα
3897 504 3957 553 τὸ
3998 538 4003 541 -

2420 601 2672 670 Χριστὸν,
2701 601 2817 671 ἦτοι
2841 600 2967 669 μίαν
2994 598 3157 652 αὐτοῦ
3188 598 3285 668 τὴν
3308 598 3621 660 ὑπόστασιν,
3646 596 3738 647 καὶ
3767 594 3861 647 δύο
3888 595 4000 654 τὰς

2420 694 2630 761 φύσεις,
2658 690 2886 760 θεότητά
2900 708 2958 743 τε
2978 692 3071 745 καὶ
3097 690 3511 761 ἁνθρωπότητα,
3543 688 3863 755 ἀσυγχύτως
3895 688 3997 737 καὶ

2421 785 2737 853 ἁδιαιρέτως
2763 780 3219 852 ἐνθεωρουμένας,
3242 781 3348 834 τῶν
3384 779 3865 851 τρεσιιακαρίστων
3885 778 3997 846 ἁρ-

2421 880 2647 950 χιερέων
2704 878 3016 947 περιφανῶς
3047 877 3482 945 θεολογησαντων
3535 859 3630 927 καὶ
3676 870 3997 941 παραδεδω-

2424 973 2595 1023 κότων
2614 971 2946 1031 ἁδιστὰκτως
2962 969 3241 1037 ὁμολογεῖν
3266 969 3362 1021 καὶ
3388 968 3682 1035 κηρύσσειν
3712 967 3789 1027 εἰς
3812 966 3998 1016 πάντα.

2424 1063 2524 1132 τῆς
2544 1054 2868 1131 οἰκουμένης
2888 1062 2955 1114 τὰ
2981 1062 3214 1132 πέρατα.
3235 1060 3401 1129 Δῆλον
3418 1060 3471 1113 δὲ
3487 1056 3797 1120 κάντεῦθεν,
3821 1056 3898 1119 ὡς
3925 1056 4000 1107 δι’

2424 1151 2498 1211 ὧν
2527 1158 2623 1227 μὲν
2640 1158 2828 1226 χωλοῖς
2844 1160 2899 1210 αἱ
2928 1157 3111 1226 βάσεις
3134 1155 3429 1226 ὠρθοῦντο,
3449 1158 3540 1207 καὶ
3561 1156 3780 1223 τυφλοῖς
3809 1155 3869 1205 τὸ
3888 1155 4004 1204 πά-

2428 1249 2517 1311 Θος
2572 1252 2649 1311 εἰς
2682 1250 2944 1319 ὀμμάτων
2974 1249 3209 1320 βλάστην
3261 1249 3553 1316 ὑπεφύετο,
3577 1248 3754 1317 νεκροί
3776 1263 3835 1298 τε
3887 1246 4003 1297 τῶν

2430 1341 2618 1394 πυλῶν
2655 1342 2967 1394 ὰνεσπῶντο
3000 1341 3094 1393 τοῦ
3154 1341 3302 1413 ᾂδου,
3328 1342 3422 1394 καὶ
3457 1342 3591 1409 πρὸς
3616 1341 3676 1393 τὸ
3703 1340 3802 1409 ζῇν
3838 1334 4009 1409 μετεὲ

2430 1434 2707 1497 τάττοντο,
2743 1433 2887 1484 αἵτε
2916 1432 3073 1486 ἄλλαι
3101 1433 3442 1502 θεοσημεῖαι,
3474 1432 3541 1494 ἃς
3564 1431 3625 1483 οὐ
3662 1432 3842 1502 ῥᾴδιον
3876 1431 4010 1499 ἀρι-

2432 1529 2605 1599 θμεῖν,
2626 1528 2974 1582 ἐπετελοῦντο
2986 1529 3081 1581 καὶ
3098 1530 3490 1593 ἐπεδείκνυντο,
3510 1529 3607 1597 τῆς
3621 1528 3768 1588 Θείας
3783 1526 4009 1594 φύσεως

2434 1620 2677 1691 ἐναργῶς
2708 1620 3074 1691 παρεδηλοῦτο
3106 1621 3167 1673 τὸ
3196 1622 3433 1691 ἀξίωμα.
3468 1624 3545 1673 Δι’
3571 1614 3645 1673 ὧν
3688 1620 3745 1671 δὲ
3773 1620 4006 1679 κόπους,

2435 1712 2528 1764 καὶ
2544 1714 2737 1774 πόνους
2765 1712 2856 1764 καὶ
2883 1711 3040 1780 δίψαν
3078 1713 3171 1765 καί⁸
3202 1716 3413 1775 πεῖναν,
3443 1712 3538 1764 καὶ
3568 1711 3773 1774 πενίαν,
3811 1712 3909 1762 καὶ
3936 1711 4011 1760 τὰ

2433 1802 2643 1865 τούτοις
2654 1803 2915 1870 ὑφίστατο
2930 1805 3164 1875 συγγενῆ
3190 1804 3281 1857 καὶ
3294 1804 3672 1873 παραπλήσια,
3690 1805 3785 1873 τῆς
3799 1801 4013 1871 ἀνθρω-

778 1907 886 1959 tur.
911 1899 1107 1953 divinae
1130 1909 1341 1954 natura:
1369 1900 1603 1969 dignitas
1633 1910 1688 1953 et
1724 1897 2017 1953 eminentia
2057 1895 2336 1949 evidenter
2363 1876 2411 1935 Β
2438 1912 2455 1947 ι

2333 1909 2336 1920 ’
2363 1876 2411 1935 Β
2438 1893 2598 1963 πίνης
2623 1894 2810 1956 οὐσίας
2841 1897 3036 1965 ἐτρατο
3061 1895 3182 1965 (sic)
3205 1897 3266 1947 τὸ
3289 1895 3504 1965 ἰδίωμα.
3536 1888 3637 1947 Ὧν
3656 1895 3723 1947 τὰ
3756 1893 3855 1963 μὲν
3882 1891 4010 1943 θεο-

777 1992 1274 2045 demonstrabatur.
1320 1992 1524 2043 Rursus
1566 2006 1664 2059 per
1706 1989 1778 2052 id,
1825 1988 1967 2055 quod
2000 1984 2340 2055 defatigatio-
2437 2001 2454 2035 ι

2335 2012 2340 2023 -
2437 1985 2684 2055 πρεπῶς,
2705 1986 2773 2038 τὰ
2788 1986 2845 2038 δὲ
2866 1986 3353 2057 ἀνθρωποπρεπῶς
3368 1987 3396 2037 6
3414 1986 3573 2048 αὐτὸς
3592 1985 3823 2055 Χριστὸς
3836 1984 4012 2051 66.1m-

778 2099 926 2147 nem,
960 2084 1219 2145 laborem,
1264 2083 1429 2144 sitim,
1456 2082 1655 2135 famem
1700 2079 2015 2134 sustinuerit
2037 2087 2089 2131 et
2114 2092 2343 2148 pauper-
2440 2076 2455 2128 ί

2337 2104 2343 2113 -
2440 2076 2583 2140 θινὸς
2602 2076 2733 2139 Θεὸς
2754 2079 2786 2147 ἡ
2796 2078 2909 2148 μῶν
2926 2079 3238 2142 ἐπιτελέσας
3262 2079 3357 2131 καὶ
3392 2077 3848 2149 διαπραξάμενος,
3877 2078 4014 2147 μίαν

781 2184 965 2241 tatem,
999 2185 1156 2244 atque
1174 2176 1256 2229 his
1288 2175 1482 2229 similia
1503 2183 1556 2228 et
1579 2174 1883 2243 congenita,
1916 2171 2218 2241 proprietas
2241 2168 2345 2221 hu-
2444 2185 2458 2237 ι

2336 2196 2345 2206 -
2444 2167 2543 2237 μὲν
2580 2168 2743 2220 αὑτοῦ
2776 2170 2867 2222 καὶ
2894 2171 3097 2224 ἑνιαίαν
3114 2171 3211 2242 τὴν
3234 2172 3551 2233 ὑπόστασιν,
3578 2169 3670 2222 δύο
3691 2169 3750 2222 δὲ
3772 2170 3867 2222 καὶ
3891 2169 4013 2220 δια-

781 2282 952 2322 mame
993 2268 1308 2322 substantiae
1339 2266 1806 2321 manifestabatur.
1837 2262 2095 2329 Quaedam
2120 2261 2345 2314 istorum
2446 2279 2458 2313 ι

2336 2277 2345 2312 ι
2446 2260 2714 2331 φερούσας
2735 2262 2833 2326 τὰς
2862 2264 3073 2331 φύσεις,
3103 2264 3162 2316 ἐν
3188 2264 3475 2334 ἀσυγχύτῳ
3507 2263 3716 2327 ἐνώσει,
3742 2261 3930 2331 σαφῶς
3953 2279 4013 2312 τε

782 2369 842 2411 ιιι
880 2359 987 2412 Deo
1028 2358 1248 2430 dignum
1284 2366 1419 2421 erat,
1452 2357 1554 2410 alia
1612 2371 1712 2425 pro
1738 2354 2062 2409 conditionis
2092 2352 2344 2405 humana:

782 2449 963 2512 modo,
989 2448 1130 2501 idem
1172 2456 1389 2501 etunus
1432 2445 1703 2507 Christus,
1732 2458 1892 2497 verus
1941 2442 2081 2494 Deus
2136 2450 2341 2502 noster,

2165 2450 2341 2502 uoster,
2465 2442 2601 2496 Ἀλλ’
2631 2445 2690 2496 ὲν
2727 2443 2934 2499 τούτοις
2969 2446 3063 2498 καὶ
3088 2447 3153 2499 τὰ
3185 2447 3281 2514 τῆς
3310 2447 3577 2517 τετάρτης
3607 2447 3842 2499 συνόδου.

780 2552 906 2590 eum
938 2547 1254 2608 operaretur
1310 2546 1364 2590 et
1396 2536 1696 2604 perﬁceret,
1732 2543 1879 2589 certe
1926 2548 2088 2586 unam
2119 2541 2173 2584 et
2227 2532 2436 2587 unitate
2498 2536 2888 2591 consistentem
2955 2537 3266 2608 hypostasin
3317 2555 3493 2603 suam,
3547 2539 3681 2592 duas
3724 2549 3907 2593 autem
3962 2548 4019 2589 et

784 2634 1023 2686 diversas
1049 2640 1268 2684 naturas
1306 2630 1359 2683 in
1387 2628 1583 2682 unione
1605 2628 1693 2681 illa
1722 2622 2025 2686 inconfusa,
2057 2623 2344 2691 perspicue
2382 2623 2523 2677 clara
2550 2640 2651 2680 nec
2681 2626 2790 2680 ullo
2830 2638 2988 2696 pacto
3048 2630 3469 2685 eontradicenda
3526 2632 3736 2685 ratione
3773 2642 3885 2685 tum
3918 2649 4018 2685 es—

784 2727 964 2781 hibuit
987 2735 1097 2779 tum
1132 2723 1491 2778 confirmavit.
1521 2723 1694 2790 Atque
1745 2721 2008 2773 hactenus
2059 2718 2125 2772 de
2154 2728 2348 2787 quarta
2387 2719 2613 2789 synodo.

861 2820 947 2874 15.
988 2818 1185 2872 Sancta
1228 2814 1552 2869 universalis
1584 2814 1771 2883 quinta
1813 2813 2048 2883 synodus
2090 2810 2353 2879 sequitur.
2525 2832 2538 2866 ι

2342 2848 2353 2864 .
2525 2819 2607 2866 ιε’.
2654 2815 2717 2867 Ἠ
2746 2815 2801 2867 δὲ
2835 2816 2961 2884 ἁγία
2993 2818 3087 2870 καὶ
3115 2820 3464 2891 οἰκουμενικὴ
3504 2821 3726 2891 πέμπτη
3761 2820 3977 2880 σύνοδος
4003 2862 4019 2885 ,

788 2913 893 2967 Cui
939 2908 1327 2965 conveniendae
1360 2908 1691 2967 sacrabatur,
1722 2914 1975 2973 tanquam
2014 2911 2227 2972 septum
2270 2916 2357 2955 sa-
2454 2921 2465 2937 ι

2347 2930 2357 2940 -
2454 2906 2678 2975 τέμενος
2707 2908 2803 2975 μὲν
2836 2910 2979 2978 ἱερὸν
3000 2911 3134 2981 αὐτῇ
3167 2912 3331 2982 ή(20)
3356 2916 3759 2967 Κωνσταντίνου
3789 2916 4024 2983 μεγαλὸο

790 3019 967 3066 crum,
1011 3015 1205 3069 magna
1256 2998 1593 3051 Constantini
1630 2996 1842 3049 civitas.
1893 2994 2136 3049 Obtinuit
2178 3001 2357 3045 autem
2455 3014 2467 3047 ι

2346 3009 2357 3043 ι
2455 2998 2609 3060 πόλις
2641 3000 2932 3069 ἀφιέρωτο.
2968 3002 3133 3055 Πέντε
3169 3003 3343 3056 δὲκαὶ
3383 3004 3643 3074 ἐξήκοντα
3693 3008 3787 3059 καί
3825 3008 4023 3059 ἑκατὸν

794 3096 904 3148 vim
937 3104 991 3146 et
1010 3091 1431 3145 confirmabatur
1463 3106 1557 3158 per
1589 3088 1925 3158 prmsentiam
1948 3095 2003 3139 et
2035 3099 2358 3139 concursum
2458 3087 2471 3139 ί

2345 3099 2358 3136 I
2458 3087 2730 3159 θεοφόρων
2744 3094 2991 3173 πατέρων
3006 3095 3276 3163 παρουσίᾳ
3286 3095 3376 3147 καὶ
3391 3096 3659 3167 συνδρομῇ
3673 3098 4022 3165 ἐκρατύνεττι.

2450 2356 2541 2407 καὶ
2570 2356 2947 2426 ἁναντιρρήτῳ
2986 2356 3127 2427 λόγῳ
3162 2358 3468 2427 παρέστησε
3512 2358 3597 2409 καὶ
3644 2354 4012 2408 ἐπιστώσατο.

794 3185 1033 3255 quinque
1061 3183 1334 3253 sexaginta
1366 3190 1582 3235 centum
1613 3180 2008 3249 episcoporum.
2038 3176 2239 3231 Horum
2263 3177 2360 3230 du-
2388 3214 2430 3271 α

2347 3204 2360 3214 -
2388 3214 2430 3271 c
2489 3183 2561 3271 ρν
2586 3183 2815 3251 ἡγοῦντο
2842 3187 2933 3237 καὶ
2961 3188 3328 3256 προέλαμπον,
3359 3190 3550 3259 Μηνᾶς
3576 3191 3675 3259 μὲν
3700 3190 3796 3259 τὴν
3825 3192 4024 3261 ἀρχὴν,

799 3294 890 3332 ces
925 3286 978 3330 et
1005 3285 1261 3343 tanquam
1289 3274 1490 3327 lumina
1531 3273 1767 3337 fuerunt,
1802 3271 2022 3325 Mennas
2049 3270 2263 3339 quidem
2295 3269 2360 3323 ab

802 3370 979 3432 initio,
1017 3377 1127 3421 tum
1168 3365 1462 3435 Eutychius
1499 3379 1798 3427 successor,
1848 3363 1940 3431 qui
1970 3362 2177 3414 clavum
2207 3360 2364 3429 regia:

804 3462 960 3515 istius
1004 3468 1059 3513 et
1089 3458 1561 3527 archiepiscopalis
1585 3457 1727 3510 sedis
1749 3456 2183 3509 moderabantur.
2220 3452 2366 3522 Vigi-

804 3555 911 3607 lius
956 3554 1148 3607 aderat
1178 3552 1291 3621 (qui
1320 3559 1374 3605 et
1403 3552 1517 3620 ipse
1558 3550 1782 3603 Romam
1814 3557 2129 3616 susceperat
2170 3560 2367 3615 procuo

807 3644 1049 3711 randam)
1094 3642 1235 3711 apud
1281 3641 1466 3694 urbem
1510 3641 1748 3709 quidem,
1795 3640 1999 3710 synodo
2036 3648 2213 3692 tamen
2258 3652 2367 3690 non

808 3738 1075 3801 interfuit,
1120 3751 1186 3790 eo
1216 3736 1361 3805 quod
1403 3736 1619 3788 nolebat
1652 3745 1847 3803 sponte
1887 3749 1943 3787 se
1972 3733 2036 3786 ad
2079 3733 2227 3785 illum
2273 3748 2368 3801 ag-

804 3844 1034 3900 gregare
1079 3835 1427 3882 conventum.
1482 3824 1573 3879 Ille
1606 3834 1783 3879 autem
1823 3822 2191 3885 nihilominus,
2226 3823 2368 3891 quod

808 3921 1033 3973 minime
1061 3920 1270 3973 volebat
1287 3920 1425 3971 sacri
1445 3918 1587 3971 illius
1612 3932 1899 3970 consessus
1926 3915 2173 3969 sodalitio
2198 3915 2369 3968 inter-

810 4025 961 4073 esse,
1027 4008 1185 4063 f‘nlem
1246 4010 1520 4063 communi
1566 4008 1781 4062 Patrum
1836 4006 2088 4077 suffragio
2134 4006 2367 4071 editam,

810 4102 990 4156 libello
1028 4117 1126 4155 suo
1155 4101 1298 4165 dato,
1332 4100 1688 4154 confirmavit.
1730 4099 1889 4155 Hisce
1931 4100 2154 4154 aderant
2212 4099 2369 4169 Apol-

811 4194 1035 4248 linarius
1072 4194 1431 4259 Alexandriae,
1482 4202 1537 4247 et
1588 4193 1827 4247 Domnus
1875 4192 2133 4262 dignitate
2182 4191 2373 4245 Antio-

809 4288 1001 4341 chena:
1058 4285 1305 4340 Ecclesia:
1366 4284 1801 4353 archiepiscopali
1862 4283 2089 4351 praediti.
2140 4282 2375 4336 Aderant

824 4376 1076 4445 Didymus
1107 4384 1160 4427 et
1185 4372 1463 4442 Evagrius,
1494 4373 1668 4425 locum
1694 4382 1938 4426 tenentes
1958 4372 2231 4426 Eustochii
2251 4371 2375 4425 Hie-

816 4467 1181 4536 rosolymitani
1224 4466 1631 4535 archiepiscopi.
1685 4464 1787 4517 Per
1830 4465 1882 4518 id
1919 4465 2177 4533 temporis
2210 4465 2377 4518 Justi-

2463 3269 2580 3325 εἷτα
2607 3274 2664 3326 δὲ
2696 3277 2790 3327 καὶ
2825 3276 3081 3346 Εύτύχιος
3102 3318 3116 3341 ,
3148 3283 3245 3348 τῆς
3276 3281 3442 3349 αὐτῆς
3485 3281 3785 3349 βασιλίδος,
3816 3284 3879 3333 ἐκ
3908 3284 4029 3335 δια-

2463 3364 2655 3435 δοχῆς,
2682 3369 2808 3430 τοὺς
2864 3371 3279 3439 ἀρχιερατικοὺς
3328 3372 3862 3443 πηδαλιουχήσαντες
3907 3377 4025 3426 οἷα-

2466 3473 2597 3519 κας’
2638 3460 2733 3512 καὶ
2767 3460 3001 3529 Βιγίλιος
3032 3462 3142 3535 (21)
3168 3466 3195 3515 6
3231 3464 3329 3533 τῆς
3368 3462 3585 3534 Ῥώμης
3625 3468 3723 3536 τὴν
3752 3468 3905 3535 ίερὰν
3931 3468 4032 3519 λα-

2468 3549 2577 3619 χὼν
2614 3552 2855 3619 ἐφορίαν,
2888 3551 3076 3621 παρὼν
3118 3554 3216 3625 μὲν
3248 3558 3316 3625 τῇ
3348 3556 3529 3620 πόλει,
3559 3557 3618 3608 ού
3650 3557 3838 3627 παρὼν
3876 3558 3935 3611 δὲ
3965 3564 4031 3627 τῇ

2469 3642 2691 3712 συνόδῳ·
2727 3644 2785 3706 6;
2820 3647 2867 3697 εξ
2901 3646 2995 3699 καὶ
3048 3646 3122 3716 μὴ
3159 3649 3434 3718 πρόθυμος
3468 3651 3549 3712 είς
3576 3650 3675 3721 τὴν
3723 3652 4033 3722 συνδρομὴν

2467 3736 2567 3803 τῆς
2612 3737 2760 3806 ἱερᾶς
2800 3738 3125 3808 ὁμηγύρεως
3155 3741 3427 3810 κατέστη,
3471 3742 3585 3795 ἀλλ’
3624 3744 3776 3796 οὐδὲν
3810 3746 4036 3797 ἔλαττον

2467 3831 2617 3899 ὅμως
2658 3832 2755 3902 τὴν
2787 3833 2972 3903 κοινὴν
2998 3833 3109 3887 τῶν
3149 3838 3399 3903 πατέρων
3442 3838 3623 3891 πίστιν
3652 3840 3925 3911 ἐπεκύρου
3957 3841 4038 3891 λιο

2471 3922 2660 3991 δέλλῳ.
2690 3924 2795 3975 Σὺν
2820 3918 2900 3986 οἷς
2942 3922 3311 3996 Ἀπολινάριός
3334 3944 3393 3979 τε
3421 3929 3449 3980 6
3485 3928 3908 3999 Ἀλεξανδρείας,
3941 3934 4036 3987 καὶ

2471 4013 2672 4082 Δόμνος
2704 4015 2732 4065 6
2778 4014 3124 4085 Ἀντιοχείας,
3158 4016 3237 4087 τῷ
3258 4018 3624 4088 ἀρχιερατικῷ
3658 4020 3928 4090 ἀξιώματι
3952 4042 4037 4077 κε-

2472 4108 2830 4176 κοσμημένοι.
2879 4110 2989 4161 Καὶ
3042 4109 3106 4178 δὴ
3158 4112 3251 4162 καλ⁵
3301 4112 3531 4179 Δίδυμος
3583 4113 3676 4165 καὶ
3733 4115 4034 4184 Εύὰγριος,

2473 4198 2763 4268 Εὑστοχίου
2812 4201 2905 4253 τοῦ
2966 4200 3350 4273 Ἰεροσολύμων
3392 4205 3691 4273 ἀρχιερέως
3732 4206 3822 4259 τὸν
3869 4209 4036 4261 τόπον

2475 4288 2932 4358 ἀναπληροῦντες.
2986 4292 3299 4362 Τηνικαῦτα
3343 4296 3399 4347 δὲ
3451 4298 3546 4349 καὶ
3606 4298 3975 4363 Ἰουστινιανὸς
4010 4306 4039 4354 6

2477 4379 2766 4447 κράτιστος
2796 4382 2851 4433 ὲν
2881 4383 3189 4451 βασιλεῦσι,
3221 4386 3320 4454 τῆς
3382 4386 3692 4456 Ῥωμαῖκῆς
3720 4390 3897 4459 ἀρχῆς
3939 4394 4036 4454 τας

2478 4472 2759 4541 φροντίδας
2791 4476 3075 4546 ὲχείριζεν,
3106 4478 3199 4531 καὶ
3230 4478 3309 4548 τῷ
3333 4478 3766 4549 ἐκκλησιαστικῷ
3793 4484 4039 4551 συνεφώ-
4122 4464 4127 4473 ’

816 4560 1011 4611 nianus
1042 4560 1310 4611 maximus
1334 4557 1642 4626 imperator,
1672 4554 1895 4610 Romani
1934 4556 2263 4626 principatus
2283 4571 2379 4608 cu-
2412 4565 2456 4619 Ι)
2484 4581 2493 4605 ι

2361 4583 2379 4596 -
2412 4565 2456 4619 D
2484 4578 2561 4613 νει
2592 4564 2923 4634 φρονήματι.
2958 4565 3104 4635 Αὕτη
3133 4566 3419 4635 τοιγαροῦν
3446 4568 3477 4636 ἡ
3507 4569 3637 4635 ἁγία
3669 4570 3757 4619 καὶ
3782 4571 4038 4639 οίκουμε-

818 4667 931 4706 ram
970 4652 1215 4705 manibus
1248 4650 1595 4721 gubernabat,
1627 4657 1680 4702 et
1710 4664 1829 4701 cum
1860 4649 2240 4704 ecclesiasticis
2277 4649 2374 4703 do-

818 4743 1086 4812 gmatibus
1112 4742 1467 4811 conspirabat.
1513 4740 1635 4793 Haec
1668 4740 1844 4807 itaque
1868 4747 2047 4793 sancta
2075 4750 2129 4793 et
2157 4740 2375 4793 univer-

819 4837 945 4890 salis
988 4836 1222 4906 synodus
1248 4836 1453 4903 impura
1496 4833 1731 4887 Nestorii
1762 4832 2008 4903 dogmata
2058 4832 2376 4902 repullulas-

821 4928 996 4979 centia
1032 4928 1245 4995 penitus
1278 4928 1470 4980 iterum
1500 4924 1815 4986 demessuit,
1849 4938 1954 4977 una
1995 4938 2115 4977 cum
2147 4924 2379 4977 zizanio-

825 5032 943 5070 rum
976 5018 1090 5086 ipso
1117 5018 1440 5070 seminatore
1466 5034 1478 5068 :
1512 5014 1577 5069 Et
1598 5023 1717 5084 post
1745 5028 1891 5078 eum,
1926 5012 2267 5068 Theodorum
2296 5025 2379 5069 at-

2480 4652 2604 4722 νικὴ
2638 4652 2851 4716 σύνοδος
2896 4654 3190 4723 Νεστορίου
3238 4656 3398 4710 πάλιν
3432 4656 3499 4707 τὰ
3546 4657 3716 4726 μιαρὰ
3758 4661 4040 4727 παραφυό-

2485 4758 2617 4807 μενα
2646 4741 2888 4810 δόγματα
2922 4744 2999 4805 εἰς
3026 4742 3084 4795 τὸ
3116 4744 3373 4805 παντελὲς
3404 4743 3726 4813 ὲξεθέρισεν,
3753 4744 3867 4813 ἅμα
3892 4746 4039 4815 αύτῴ

2483 4835 2700 4886 ἐκείνων
2734 4834 2810 4904 τῷ
2839 4838 3026 4905 σπορεῖ
3053 4836 3158 4888 τῶν
3188 4835 3458 4900 ζιζανίων.
3494 4837 3630 4890 Μεθ’
3656 4837 3734 4898 6v,
3766 4837 4036 4907 Θεόδωρον

2487 4927 2579 4978 καὶ
2614 4926 2873 4997 Διόδωρον
2895 4943 2907 4955 °
2949 4922 3022 4979 ὧν
3046 4928 3073 4978 6
3106 4937 3198 4996 μὲν
3246 4927 3459 4995 Ταρσοῦ
3504 4927 3741 4993 πόλεως,
3774 4931 3802 4980 6
3848 4929 3903 4981 δὲ
3938 4930 4038 4981 Μο-

2486 5016 2773 5079 ώουεστίας
2820 5019 3212 5087 ἐπεσκόπησεν.
3260 5020 3359 5084 Οί,
3406 5019 3697 5089 Νεστορίου
3752 5020 4039 5090 πρότερον,

2345 5214 2575 5272 NOTAE.

900 5401 1007 5470 (20)
1048 5401 1356 5472 Legendnrn
1408 5402 1568 5472 αὐτῇ,
1601 5416 1708 5455 non
1744 5401 1903 5470 αὐτή.
1940 5402 2033 5458 Est
2066 5409 2246 5456 autem
2289 5399 2379 5472 τέ-

838 5488 1020 5542 μενος,
1042 5472 1191 5544 »quod
1216 5472 1291 5524 ait
1323 5471 1635 5544 Hesychius,
1673 5474 1778 5544 πᾶς
1804 5473 2266 5544 όᾼμεμερισμένυς
2292 5471 2381 5523 τό-

832 5541 931 5603 πος
959 5542 1063 5593 τινὶ
1097 5544 1176 5603 είς
1224 5546 1407 5612 τιμήν.
1460 5542 1603 5596 Idem
1637 5543 1778 5609 quod
1836 5541 2037 5597 Latinis
2092 5541 2381 5609 Templum,

831 5612 980 5665 locus
1000 5627 1104 5665 non
1129 5613 1299 5665 solum
1330 5620 1547 5666 sanctus
1570 5616 1663 5667 sed
1693 5622 1747 5665 et
1769 5628 1939 5677 sacer,
1968 5624 2028 5667 ut
2052 5614 2381 5682 sepulcrum.

2478 5400 2865 5472 stantinopolin
2893 5400 3075 5472 adiit.
3114 5411 3339 5456 vocante
3387 5402 3722 5467 Justiniano,
3755 5414 3809 5459 et
3841 5408 4042 5472 synodo

2478 5466 2742 5543 interfuit.
2801 5471 2907 5525 Sed
2963 5486 3098 5543 cum,
3145 5484 3262 5527 acta
3317 5489 3425 5527 non
3482 5466 3761 5543 probaret,
3822 5466 4043 5532 secessit

2479 5542 2894 5616 Chalcedonem,
2932 5542 3024 5595 sed
3056 5542 3122 5595 ab
3150 5542 3762 5616 imperatore’haeretico
3791 5557 3848 5599 et
3875 5546 4041 5616 impc-

2483 5614 2628 5667 rioso
2666 5613 2988 5682 exagitatus,
3020 5620 3180 5679 atque
3211 5615 3263 5665 in
3293 5614 3541 5668 exsilium
3568 5615 3793 5677 missus,
3828 5613 4042 5671 tandem

833 5682 1181 5737 Recentiores
1228 5682 1395 5737 Graeci
1456 5683 1533 5737 sic
1581 5684 1862 5738 ecclesiam
1922 5684 2226 5746 nominant,
2291 5682 2387 5735 sed
2484 5684 2724 5756 elanguit
2753 5692 2807 5756 et
2838 5684 3175 5756 subscripsit.
3204 5683 3396 5756 Statim
3425 5686 3543 5755 lego
3573 5701 3679 5738 non
3708 5686 3921 5756 ἐκείνῳ,
3954 5692 4043 5743 sed

833 5768 1106 5819 nunquam
1141 5756 1481 5806 vetustiores.

904 5822 1013 5893 (2|)
1055 5826 1313 5893 Βιγὶλιος
1344 5822 1453 5890 τῆς
1512 5822 1755 5894 Ῥώμης.
1798 5822 2023 5895 Vigilius
2065 5838 2199 5895 papa
2250 5821 2391 5878 Con-

2485 5754 2729 5825 ἐκείνων,
2764 5754 2865 5825 hoc
2902 5761 3005 5825 est,
3034 5753 3337 5825 ζιζανίων,
3376 5753 3723 5824 ρτοληϐοὖσι
3746 5799 3760 5820 ,
3806 5753 4047 5825 reposuit

2489 5822 2752 5878 Dominus
2782 5821 3199 5879 Herefordensis
3233 5821 3479 5895 ληροῦσι,
3510 5821 3653 5897 quod
3702 5821 3911 5882 rectum
3943 5842 4039 5884 est.
