4248 6444
244 399 355 463 645

1405 388 1930 454 EPISTOLARUM
1976 386 2208 449 LIBER
2247 386 2274 446 I
2282 432 2294 446 .

3379 382 3485 447 646

246 510 350 582 τὴν
382 507 634 577 τοιαύτην
662 508 941 572 ὼδίνοντες
980 507 1208 576 αἵρεσιν,
1252 504 1345 558 καὶ⁵
1378 503 1653 575 ἔγγραφον
1682 504 1817 556 ἀπο-
1846 504 1891 559 A
1922 527 1923 543 ι

1807 531 1817 542 -
1846 504 1891 559 Α
1922 513 2027 569 que
2056 498 2354 553 Diodorum
2381 516 2393 552 :
2428 512 2658 568 quorum
2686 496 2787 552 iste
2816 494 2968 552 Tarsi
2993 495 3240 561 civitatis,
3270 496 3359 551 ille
3388 513 3484 551 au-

247 601 528 654 λελοίπασι
556 641 571 664 ,
601 600 699 670 τῆς
726 598 883 652 νόθου
928 598 1164 660 διανοίας
1199 597 1268 649 τά
1300 593 1427 647 νόθα
1474 594 1567 646 καὶ
1612 592 1819 662 ἔκφυλα

247 695 531 763 κυήματα.
566 692 685 744 Ἔτι
709 691 765 744 δὲ
790 690 1108 745 κατεδίκασε
1142 687 1235 741 καὶ
1255 687 1644 756 ἀνεθεμάτισεν
1670 687 1817 754 Ὠρι-

247 787 436 856 γένην,
464 785 715 855 Δίδυμον,
742 785 1034 857 Εὑάγριον,
1059 780 1263 835 παλαιά
1283 779 1389 834 τῶν
1416 779 1622 832 πιστῶν
1650 778 1819 850 ἀρρω-

252 877 545 944 στήματα,
582 875 783 946 ἀνδρας
817 875 917 944 τὴν
956 871 1273 941 Ἑλληνικὴν
1307 869 1633 941 μυθολογίαν
1666 870 1723 921 ἐν
1751 871 1817 940 τῇ

250 960 348 1014 τοῦ
366 960 503 1014 Θεοῦ
532 961 827 1032 Ἐκκλησία
851 961 1295 1032 παρεισενεγκεῖν
1311 959 1818 1028 φιλονεικήσαντας.

251 1053 638 1124 Προῦπάρχειν
686 1070 746 1107 τε
796 1054 907 1123 γὰρ
961 1046 1106 1106 οὗτοι
1163 1050 1262 1114 τάς
1292 1050 1468 1121 ψυχάς
1499 1052 1606 1104 τῶν
1640 1051 1823 1122 σωμά-

253 1163 364 1198 των
392 1145 718 1216 ὲληρῴδουν,
752 1146 849 1198 καὶ
872 1144 1043 1198 πολλὰ
1066 1144 1296 1213 σώματα
1312 1142 1410 1213 τὴν
1435 1142 1603 1213 αὐτὴν
1631 1159 1821 1213 μετεν-

253 1238 498 1291 δύεσθαι·
527 1238 705 1309 δόγμα
735 1237 930 1310 μιαρὸν
955 1236 1050 1291 καὶ
1077 1235 1458 1289 κατάπτυστον
1484 1236 1581 1288 καὶ
1617 1237 1815 1305 μόνων,

256 1331 336 1394 ῶς
364 1331 597 1401 ἀληθῶς,
632 1332 853 1385 ἐκείνων
882 1330 990 1384 τῶν
1018 1329 1203 1400 ψυχῶν
1235 1328 1403 1394 ἀξιον.
1448 1328 1558 1381 Καὶ
1589 1328 1735 1389 τέλος
1767 1327 1822 1380 δὲ

254 1424 358 1493 τῆς
378 1424 730 1495 ἀτελευτήτου
754 1423 1028 1488 κολάσεως
1052 1422 1398 1493 ἐψηφίζοντο.
1432 1421 1621 1491 1Ἀλλη,
1645 1420 1819 1484 τοῦτο,

256 1516 604 1587 παράκλησις
653 1515 788 1587 πρὸς
821 1514 1097 1585 ἁμαρτίαν
1152 1515 1331 1567 πᾶσαν
1382 1514 1477 1567 καὶ
1527 1512 1819 1566 ἀπώλειαν.

256 1607 370 1659 Καὶ
396 1608 507 1668 τοῖς
552 1607 806 1674 πονηροῖς
834 1604 1051 1673 δαίμοσι
1083 1604 1146 1656 τὸ
1174 1605 1403 1673 ἀρχαῖον
1443 1600 1661 1671 ἀξίωμα
1692 1603 1822 1671 ὲχα⁶

260 1697 495 1768 ρίζοντο,
538 1697 940 1767 ὲπαναδραμεῖν
970 1696 1169 1758 αὐτοὺς
1203 1698 1281 1758 είς
1308 1696 1407 1765 τὴν
1432 1696 1636 1749 ἀνωθεν
1667 1698 1824 1761 οοςαν

259 1787 323 1854 ἐξ
350 1782 416 1859 ἦς
456 1787 735 1852 ἐξέπεσον,
774 1786 1227 1850 ἀναπλάττοντες.
1270 1786 1393 1840 Ἔτι
1441 1786 1496 1839 δὲ
1521 1826 1537 1851 ,
1586 1787 1705 1841 οὐδὲ
1756 1789 1825 1843 τά

1923 598 2030 642 tem
2059 585 2403 658 Mapsuestia:
2449 588 2739 657 episcOpus
2764 596 2899 640 erat.
2932 585 3020 641 Isti
3050 586 3197 659 enim
3242 585 3491 642 Nestorio

1919 681 2126 750 priores
2168 681 2312 735 illam
2351 681 2522 751 ipsam
2568 679 2818 735 haeresim
2851 679 3244 748 parturiebant,
3270 690 3337 734 .et
3369 689 3491 749 post

1908 782 1980 823 se
2005 768 2309 833 defunctos,
2349 767 2568 838 scriptis
2596 768 2823 823 traditos
2850 768 3115 835 reliquere
3144 770 3339 838 spuria:
3366 785 3488 825 sen-

1921 862 2108 917 tentia:
2128 861 2341 932 spurios
2370 867 2583 933 partus.
2613 860 3009 916 Condemnavit
3032 861 3253 931 insuper
3279 869 3334 915 et
3362 875 3492 915 ana-

1922 954 2163 1009 themate
2200 954 2346 1009 feriit
2393 952 2702 1023 Origenem,
2738 952 3044 1024 Didymum,
3092 954 3399 1024 Evagrium,
3422 953 3490 1006 ab

1925 1046 2164 1115 antiquis
2217 1046 2554 1116 temporibus
2584 1046 2637 1099 in
2669 1044 2774 1099 fide
2806 1045 3111 1116 languidos,
3153 1046 3347 1117 quippe
3389 1044 3485 1113 qui

1922 1140 1976 1193 in
2008 1138 2304 1193 Ecclesiam
2328 1138 2423 1193 Dei
2445 1137 2899 1192 subintroducere
2920 1136 3257 1209 Paganorum
3285 1135 3490 1191 fabulas

1924 1240 2284 1287 tentaverant.
2312 1231 2627 1286 Delirabant
2656 1230 2824 1293 enim,
2871 1231 3083 1285 animas
3106 1240 3232 1286 ante
3263 1243 3489 1297 corpora

1922 1325 2323 1394 prmexstitisse,
2369 1339 2471 1380 nec
2502 1340 2630 1389 non,
2694 1339 2856 1378 unam
2882 1332 2937 1377 et
2972 1324 3216 1378 eamdem
3259 1321 3490 1375 animant

1922 1418 2089 1472 multa
2105 1433 2329 1488 corpora
2347 1418 2675 1489 subingredi.
2694 1418 2923 1487 lmpium
2939 1418 3131 1488 dogma
3145 1428 3198 1471 et
3211 1430 3489 1485 conspucn

1922 1509 2072 1575 dum,
2104 1510 2267 1564 nullis
2292 1511 2509 1581 dignum
2546 1518 2746 1580 prater
2775 1510 2919 1578 ipsos
2948 1508 3268 1564 fautoribus.
3304 1507 3492 1562 Finem

1924 1617 2143 1671 quoque
2173 1613 2227 1656 ct
2255 1604 2547 1657 terminum
2572 1601 2823 1672 supplicii
2853 1599 3262 1655 interminabilis
3291 1600 3497 1654 consti-

1924 1695 2190 1747 tuebant:
2237 1710 2357 1763 qua:
2400 1703 2483 1748 est
2517 1695 2745 1747 maxima
2771 1691 3013 1746 omnium
3058 1690 3127 1745 ad
3165 1690 3493 1760 peccandum

1926 1786 2178 1840 illecebra
2226 1796 2281 1840 et
2326 1784 2686 1856 praecipitium
2727 1783 2782 1836 in
2814 1785 3022 1837 ruinam
3047 1784 3273 1837 ducens.
3311 1781 3416 1836 Sed
3444 1790 3498 1834 et

262 1879 492 1950 σώματα
526 1882 647 1943 ταῖς
671 1881 869 1949 ψυχαῖς
916 1880 1195 1933 ἐϐούλοντο
1238 1881 1657 1934 συνανίστασθαο
1678 1899 1694 1913 ·
1727 1899 1824 1951 γυ-
1856 1886 1900 1945 Β
1928 1876 1939 1930 i

1822 1915 1824 1921 ›
1856 1886 1900 1945 Β
1928 1876 2107 1948 impiis
2155 1878 2494 1932 daemonibus
2523 1893 2681 1931 suum
2725 1876 3008 1945 antiquum
3038 1875 3221 1929 locum
3244 1884 3299 1930 et
3326 1874 3499 1945 digni-

265 1974 405 2043 μνάς
433 1972 489 2025 δὲ
509 1971 677 2034 αὐτὰς
701 1972 968 2040 σωμάτων
997 1972 1308 2025 ἀνιστῶσιν·
1336 1973 1433 2025 οὐκ
1463 1968 1560 2026 οἷδ’
1585 1974 1633 2037 ὅ,
1660 1992 1712 2026 τι
1739 1975 1831 2027 καὶ

262 2062 557 2125 καλοῦντες
620 2060 936 2125 ἀνάστασιν,
994 2061 1153 2131 εῐπερ
1200 2060 1293 2113 τοῦ
1344 2062 1694 2123 πεπτωκότος
1739 2062 1832 2114 καὶ

265 2154 518 2216 θανόντος
556 2154 590 2223 ὴ
626 2154 922 2215 ἀνάστασις
943 2193 958 2218 ,
998 2152 1117 2222 οὐχὶ
1140 2152 1196 2205 δὲ
1232 2150 1324 2205 τοῦ
1358 2152 1444 2206 ἀεὶ
1476 2152 1709 2214 ἑστῶτος
1736 2152 1831 2205 καὶ

264 2248 325 2301 ὲν
361 2244 639 2317 ἀφθαρσίᾳ
666 2244 1011 2313 διαμένοντος
1037 2284 1050 2308 ,
1094 2239 1204 2298 οἷόν
1252 2243 1356 2315 πέρ
1391 2246 1536 2298 ἐστιν
1581 2246 1613 2316 ἠ
1660 2244 1829 2314 ψυχὴ,

262 2332 388 2387 οὐδὲ
420 2332 578 2385 τοῦτο
605 2331 1012 2402 δυσωπηθέντες
1048 2334 1097 2385 οἱ
1124 2331 1295 2386 ἄθλιοι
1315 2372 1328 2396 ,
1364 2333 1549 2402 ἡλίκον
1579 2328 1689 2387 οἷον
1719 2334 1832 2388 ἀδί-

266 2440 443 2494 κημα,
474 2423 540 2476 δι’
569 2416 644 2477 ὧν
676 2422 895 2493 ληθοῦσι
920 2434 969 2490 ο,
1010 2423 1102 2477 τοῦ
1131 2423 1336 2477 δικαίου
1368 2423 1570 2494 Κριτοῦ
1596 2441 1832 2493 κατηγο-

272 2517 446 2588 ροῦσι.
474 2516 595 2578 Πῶς
620 2516 728 2586 γὰρ
751 2517 853 2570 οὐκ
882 2518 1113 2587 ἐσχάτην
1140 2516 1351 2569 ἀδικίαν
1373 2515 1537 2569 αὐτοῦ
1562 2533 1835 2587 καταμαρ-

267 2610 521 2682 τυροῦσι,
553 2610 621 2663 τά
657 2610 754 2680 μὲν
795 2610 1197 2681 συναθλήσαντα
1231 2606 1456 2679 σώματα
1488 2611 1607 2673 ταῖς
1638 2609 1834 2680 ψυχαῖς

270 2705 381 2765 τοῖς
410 2704 529 2756 κατ’
559 2702 757 2773 ἀρετὴν
782 2703 960 2764 πόνοις
980 2702 1085 2755 τῶν
1112 2701 1305 2757 κοινῶν
1333 2701 1580 2754 ἐπάθλων
1606 2703 1836 2755 ἀποστε-

277 2796 389 2865 ρεῖν
419 2793 579 2847 αὑτὸν
625 2794 1085 2864 βλασφημοῦντες·
1121 2793 1190 2847 τὰ
1218 2792 1261 2846 δ’
1307 2787 1376 2846 αὖ
1416 2793 1576 2846 πάλιν
1612 2793 1835 2861 συνεξα-

279 2885 584 2955 μαρτόντα,
632 2885 731 2955 τῆς
762 2884 951 2954 κοινῆς
985 2884 1166 2948 αἰτίας
1199 2886 1295 2938 καὶ
1322 2885 1574 2958 πράξεως
1598 2886 1838 2939 ἀνεπιτί⁹

1932 1978 2093 2023 tatem
2119 1968 2526 2038 largiebantur:
2564 1984 2691 2021 nam
2740 1982 3046 2038 regressum
3103 1966 3208 2021 illis
3232 1964 3297 2019 ad
3337 1964 3500 2019 caele-

1931 2069 2068 2115 stem
2107 2060 2329 2129 gloriam
2359 2059 2685 2129 patefactum
2742 2060 2809 2113 iri
2851 2058 3139 2124 docebant,
3178 2057 3322 2111 unde
3370 2056 3499 2109 olim

1932 2151 2265 2205 exciderant.
2326 2150 2432 2206 Sed
2486 2166 2589 2207 nec
2634 2165 2862 2220 corpora
2891 2165 3014 2204 cum
3064 2148 3175 2203 suis
3216 2148 3502 2205 animabus

1932 2245 2217 2314 conjuncta
2246 2252 2615 2300 resurrectura
2655 2243 2960 2314 ﬁngebant,
2985 2242 3081 2297 sed
3105 2242 3277 2296 nudas
3296 2241 3502 2295 animas

1933 2337 2051 2391 sine
2085 2338 2422 2405 corporibus.
2455 2335 2651 2391 Nescio
2683 2352 2843 2406 quam
2876 2351 2989 2390 rem
3027 2336 3234 2389 interea
3280 2333 3504 2390 commi-

1933 2428 2208 2482 niscentes
2245 2429 2722 2491 resurrectionem,
2772 2427 3037 2497 siquidem
3074 2425 3399 2482 resurrectio
3439 2425 3504 2479 il—

1935 2518 2040 2573 lius
2088 2528 2172 2573 est
2217 2519 2362 2588 quod
2404 2519 2715 2575 conciderat
2748 2527 2805 2574 et
2841 2518 3193 2583 moriebatur,
3235 2533 3344 2573 non
3386 2516 3504 2586 ejus

1934 2612 2077 2682 quod
2106 2613 2301 2685 jugiter
2337 2612 2672 2669 consistebat
2696 2622 2751 2667 et
2780 2612 3191 2682 incorruptibile
3220 2623 3506 2691 permane-

1934 2703 2047 2769 bat,
2090 2705 2393 2775 cujusmodi
2432 2704 2627 2760 anima:
2668 2714 2841 2759 status
2869 2713 2971 2770 est,
2999 2719 3102 2758 nec
3138 2700 3506 2772 intelligebant

1936 2795 2120 2849 miseri
2168 2805 2263 2850 aut
2316 2797 2728 2861 reverebantur,
2787 2811 2947 2865 quam
3005 2810 3197 2866 magna
3246 2792 3505 2864 injustitia

1934 2885 2141 2955 justum
2191 2887 2403 2940 interea
2434 2885 2683 2941 Judicem
2722 2886 3040 2942 onerabant.
3068 2884 3201 2939 Nam
3238 2884 3508 2955 quomodo

280 2992 430 3045 μητα
465 2976 916 3046 καταλιμπάνειν,
967 2976 1131 3045 μόνας
1180 2975 1239 3028 δὲ
1286 2976 1383 3040 τάς
1428 2976 1640 3047 ψυχὰς,
1670 2978 1837 3046 χωρὶς
1937 2994 1957 3032 1

1831 2995 1837 3036 ῖ
1937 2993 2049 3032 non
2104 2987 2296 3032 contra
2337 2978 2489 3032 illum
2536 2978 2827 3048 perhibent
2880 2978 2948 3033 de
2992 2993 3200 3032 summa
3246 2969 3508 3047 injustitia

275 3069 385 3120 τῶν
412 3066 956 3140 συνδιαπραξαμένων
986 3067 1272 3137 σωμάτων,
1305 3068 1337 3138 ἢ
1363 3068 1557 3138 διπλῆν
1583 3068 1840 3139 είσπράτ-
1941 3078 1952 3122 1

1829 3100 1840 3111 -
1941 3070 2340 3133 testimonium,
2370 3070 2463 3139 qui
2509 3070 2825 3140 blaspheme
2856 3072 3226 3139 pronuntiant,
3280 3085 3506 3139 corpora

276 3175 392 3211 τειν
418 3160 705 3231 τιμωρίαν,
732 3159 766 3229 ἢ
796 3159 986 3229 διπλῆς
1005 3158 1189 3223 ἀξιοῦν
1220 3158 1662 3228 μισθαποδοσίας.
1941 3161 1953 3214 i

1941 3160 2031 3214 illa
2050 3175 2171 3229 quae
2205 3175 2308 3214 una
2337 3176 2459 3214 cum
2492 3161 2779 3216 animabus
2804 3161 2859 3215 in
2888 3162 3063 3216 stadio
3085 3161 3300 3218 virtutis
3325 3161 3510 3215 decer-

279 3262 565 3318 taverant,
623 3253 856 3323 praemiis
915 3253 1125 3308 illorum
1181 3254 1424 3309 laborum
1478 3255 1854 3310 communibus
1914 3256 2173 3326 privanda
2206 3275 2219 3311 :
2258 3266 2351 3310 aut
2400 3267 2458 3312 ut
2498 3272 2620 3326 quae
2668 3272 2775 3311 una
2827 3267 3206 3327 peccaverant,
3255 3257 3322 3311 ab
3360 3256 3512 3312 omni

282 3358 432 3403 reatu
458 3358 513 3402 et
574 3364 728 3416 poena
772 3362 870 3417 pro
940 3349 1150 3403 actibus
1195 3349 1569 3413 solverentur;
1624 3350 1817 3404 anima:
1873 3361 2053 3405 autem
2104 3352 2230 3405 solas
2267 3360 2326 3405 et
2362 3351 2612 3407 solitaria
2640 3367 2703 3407 ac
2728 3362 2948 3407 semota:
2980 3367 3010 3407 a
3041 3352 3357 3421 corporibus
3405 3368 3513 3409 una

280 3442 648 3513 operantibus,
674 3442 761 3497 vel
778 3442 978 3511 duplici
1020 3458 1199 3513 pmna,
1222 3443 1308 3497 vel
1333 3443 1599 3513 duplicata
1630 3444 1899 3511 mercede,
1928 3446 2338 3501 retributionem
2361 3446 2627 3502 haberent
2656 3448 2681 3501 ?

358 3541 451 3599 ις’.
492 3534 566 3586 Οὐ
617 3533 776 3603 μόνον
823 3532 881 3585 δὲ
923 3534 993 3586 τά
1030 3533 1256 3588 τοιαῦτα
1304 3532 1411 3585 τῶν
1456 3533 1779 3603 δυσφημιῶν
1819 3536 1914 3601 6C
2019 3536 2035 3589 1

1836 3536 1914 3601 5C
2019 3535 2106 3589 i6.
2148 3536 2336 3606 Neque
2374 3537 2675 3591 istiusmodi
2702 3551 2875 3591 solum
2898 3537 3269 3605 blasphemias
3297 3547 3513 3593 sanctus

287 3626 432 3695 ἱερὸς
463 3618 613 3686 οὗτος
656 3623 766 3676 τῶν
813 3626 1062 3693 πατέρων
1107 3624 1266 3694 χορὸς
1314 3624 1681 3695 ἀπεκήρυξεν,
1712 3625 1845 3679 ἀλλά

285 3718 382 3770 καὶ
411 3716 542 3786 πρός
560 3730 623 3782 γε
659 3712 865 3776 τούτοις
888 3715 998 3785 (22)
1022 3715 1101 3785 (οὐ
1126 3714 1303 3785 πολλῷ
1322 3715 1628 3785 ἔμπροσθεν
1651 3716 1848 3787 χρόνῳ)

287 3808 501 3863 καθεῖλε
529 3806 625 3860 καὶ
662 3805 1049 3875 άνεθεμάτισεν
1087 3805 1349 3876 Ἀνθιμόν
1397 3823 1457 3859 τε
1501 3806 1590 3859 τὸν
1629 3807 1847 3878 Τραπε-

291 3902 556 3967 ζούντιον,
591 3899 653 3952 τὺ
688 3898 957 3968 Εὐτυχοῦς
1004 3899 1380 3953 ὑποθάλποντα
1432 3899 1715 3970 φρόνημα,
1756 3901 1848 3953 καὶ

290 3993 549 4062 Σεόῆρον,
580 3992 784 4061 Πέτρον
813 4008 872 4043 τε
901 3990 992 4042 τὸν
1026 3990 1119 4043 ἀπ’
1160 3991 1381 4060 ’Δμείας
1413 3997 1459 4056 ο,
1493 3992 1589 4044 καὶ
1610 3991 1844 4061 Ζωορᾶν,

292 4086 388 4140 καὶ
433 4086 611 4137 πᾶσαν
653 4084 750 4152 τὴν
797 4082 1040 4154 πονηρὰν
1082 4083 1296 4153 ἐκείνην
1345 4083 1438 4137 καὶ
1482 4085 1848 4151 πολυκέφαλον

291 4179 591 4247 διασπορὰν
625 4177 720 4229 καί⁸
749 4178 1077 4246 συμμορίαν·
1122 4177 1428 4247 Ἀγαπητοῦ
1464 4179 1561 4248 μὲν
1595 4181 1846 4249 μάλιστα,

290 4269 388 4324 τοῦ
427 4267 640 4338 Ῥώμης
662 4308 675 4331 ,
705 4269 802 4337 τῆς
830 4267 1058 4336 εὐαγοῦς
1080 4269 1549 4340 προκατάρξαντος
1581 4273 1847 4343 πράξεωςο

295 4359 603 4429 συμψήφων
632 4358 689 4411 δὲ
728 4360 823 4411 καὶ
853 4358 1128 4429 συνεργῶν
1176 4361 1558 4430 ἀναφανέντων
1601 4364 1711 4417 τῶν
1751 4382 1850 4417 πε-

293 4450 587 4522 ριωνύμων
614 4449 931 4519 ἀρχιερέωνο
965 4443 1039 4502 ὧν
1067 4453 1094 4503 ό
1124 4452 1220 4521 μὲν
1250 4452 1586 4523 Εὑφραίμιος
1621 4455 1671 4523 (ό
1706 4455 1851 4507 κλει.

293 4548 384 4609 νὸς
416 4546 515 4614 τῆς
565 4544 834 4612 Ἀντιόχου
879 4543 935 4595 δὲ
976 4536 1192 4611 οὗτος),
1222 4543 1332 4595 τῶν
1370 4544 1752 4615 Ἰεροσολύμων
1797 4547 1854 4599 δὲ

294 4638 502 4705 Πέτρος
543 4637 571 4688 ὁ
620 4635 760 4705 ίερὸς
801 4635 1183 4704 ἐπετρόπευεν.
1216 4635 1448 4698 Τούτους
1490 4633 1582 4690 οὖν
1609 4639 1855 4701 ἅπαντας

294 4728 358 4780 τὺ
391 4726 533 4779 θεῖον
566 4726 673 4778 τῶν
708 4727 1008 4796 ἀρχιερέων
1048 4726 1423 4798 συνάθροισμα
1456 4728 1855 4799 ἑκκηρύξαντές

295 4834 356 4868 τε
387 4817 481 4869 καὶ
512 4817 938 4886 ἀποὸαλλόμενοι
961 4857 976 4880 ,
1010 4818 1079 4870 τά
1106 4818 1317 4886 ἀπλανῆ
1360 4820 1452 4871 καὶ
1485 4819 1602 4871 θεῖα
1628 4820 1725 4889 τῆς
1753 4838 1853 4873 κα-

1948 3626 2037 3680 ille
2062 3626 2282 3682 Patrum
2304 3627 2518 3683 illorum
2538 3642 2831 3682 consessus
2870 3629 3211 3699 proscripsit,
3238 3629 3331 3683 sed
3356 3639 3411 3683 et
3435 3630 3520 3683 in-

1947 3734 2111 3789 super
2140 3720 2273 3775 sede
2309 3736 2405 3775 sua
2439 3721 2690 3790 deposuit
2720 3730 2774 3775 et
2798 3721 3276 3775 anathematizavit
3321 3722 3519 3776 Anthi-

1946 3826 2116 3876 mum,
2143 3812 2236 3880 qui
2270 3827 2380 3865 non
2410 3811 2482 3865 ita
2508 3820 2620 3865 tum
2658 3812 2864 3881 pridem
2896 3811 3376 3882 Trapezuntiorum
3409 3815 3522 3883 epi-

1947 3916 2143 3971 scopus
2186 3901 2383 3967 fuerat,
2414 3902 2508 3971 qui
2537 3912 2699 3957 tacite
2718 3904 2858 3973 apud
2881 3905 3119 3958 animum
3152 3904 3368 3959 fovebat
3412 3904 3520 3957 Eu-

1948 3991 2177 4061 tychetis
2207 3992 2555 4057 sententiam,
2580 4001 2635 4047 et
2662 4009 2767 4047 una
2806 4008 2928 4047 cum
2958 3993 3068 4058 illo,
3104 3993 3383 4058 Severum,
3421 3992 3522 4047 Pe-

1949 4092 2093 4137 trum
2139 4086 2393 4153 Apameae
2417 4085 2771 4155 episcopum,
2816 4085 3061 4151 Zooran,
3108 4095 3165 4140 et
3210 4087 3521 4153 universam

1948 4174 2094 4227 illam
2134 4175 2378 4244 impiam,
2409 4176 2808 4246 multicipitem',
2844 4178 3140 4247 dispersam
3168 4179 3312 4233 varie
3352 4179 3524 4234 socie-

1949 4278 2136 4324 tatem.
2174 4268 2454 4339 Principes
2484 4271 2536 4324 in
2569 4270 2673 4325 hoc
2701 4273 2917 4342 negotio
2945 4282 3133 4326 sancto
3176 4282 3359 4341 patres
3389 4275 3528 4343 Aga-

1950 4371 2107 4430 petus
2172 4360 2353 4416 Romae
2422 4362 2709 4432 episcopus
2775 4363 3019 4427 obibat;
3093 4364 3525 4433 conspirantibus

1952 4461 2131 4506 autem
2158 4462 2211 4507 et
2237 4453 2557 4521 conjunctas
2586 4469 2777 4523 operas
2807 4453 3213 4509 conferentibus
3240 4455 3528 4508 celeberri-

1954 4544 2057 4598 mis
2087 4544 2192 4598 illis
2247 4545 2539 4599 antedictis
2592 4544 3136 4599 archisacerdotibus.
3189 4544 3244 4597 In
3293 4560 3522 4614 quorum

1954 4634 2079 4688 dein
2110 4650 2337 4690 numero
2371 4636 2737 4689 censebantur
2760 4634 3140 4704 Euphraimius
3168 4636 3398 4705 inclytus
3412 4636 3525 4689 An-

1955 4726 2190 4792 tiochiae,
2211 4735 2265 4780 et
2295 4736 2514 4781 sanctus
2538 4726 2727 4781 Petrus
2745 4726 3238 4796 Hierosolymorum
3262 4727 3522 4795 episcopi.

1959 4816 2189 4872 Sanctus
2235 4818 2461 4872 istorum
2519 4817 3014 4872 archisacerdotum
3056 4830 3352 4870 concessus
3405 4816 3524 4868 illos

300 4908 522 4979 θολικῆς
548 4909 639 4961 καὶ
683 4909 1045 4979 άτυοστολικῆς
1089 4908 1408 4980 Ἐκκλησίας
1452 4910 1752 4979 ὲκράτυνάν
1796 4928 1855 4964 τε
1881 4889 1977 4964 Ds

1847 4889 1934 4963 :D
1960 4925 2124 4979 supra
2159 4926 2357 4971 omnes
2406 4912 2608 4981 ejectos
2644 4926 2709 4963 ex
2750 4908 2990 4964 Ecclesia
3024 4907 3317 4991 publicavit
3349 4925 3361 4961 :
3396 4908 3524 4962 dum

1590 5064 1823 5121 VARUS
1865 5065 2262 5121 LECTIONES.

378 5188 407 5218 ιι
436 5178 679 5250 ληροῦσι.
758 5188 783 5216 °
822 5174 1144 5249 ’Δπαμείας.

1837 5330 2069 5388 NOTAE.

378 5476 490 5549 (22)
529 5474 713 5530 Ἀλλά
740 5474 851 5549 ριιιίΔ
874 5475 990 5549 πρό
1017 5490 1084 5549 τε
1116 5476 1357 5528 τούτων.
1391 5472 1579 5549 Recte,
1612 5473 1657 5527 si
1690 5474 1863 5549 inclu-

303 5544 506 5605 dantur
545 5544 884 5616 parenthesi.
920 5545 1085 5616 Paulo
1134 5554 1258 5616 post
1288 5559 1486 5616 repone
1543 5545 1862 5614 Ἀπαμείας.

304 5619 442 5674 Nam
467 5614 695 5671 divulsio
718 5615 1066 5682 exscriptoris
1090 5625 1144 5668 et
1169 5614 1262 5666 ἀπ’
1302 5614 1527 5681 ’Λμείας
1556 5616 1736 5683 inepta
1760 5623 1863 5667 est.

305 5692 378 5743 At
410 5688 514 5757 πρό
542 5702 605 5754 γε
642 5684 867 5757 τούτων,
898 5684 1161 5757 ριιράῌᾳὶι,
1195 5700 1302 5757 non
1334 5694 1413 5738 esl
1464 5698 1649 5757 verum
1682 5686 1747 5738 de
1779 5685 1865 5757 illa

308 5753 784 5828 synodo,’nedum
834 5755 900 5806 de
942 5754 1149 5828 Vigilio.
1188 5753 1527 5828 _I‘_l_am,_quod
1556 5754 1780 5828 habetur
1812 5756 1866 5807 in

309 5824 689 5899 sequentibus,
722 5826 1021 5895 Agapetus,
1052 5824 1143 5895 qui
1184 5824 1469 5879 Silverium
1505 5827 1865 5895 praedecesso—

1967 5490 2081 5529 rem
2117 5475 2640 5547 Vigiliiantecessit,
2670 5474 2988 5530 Anthimum
3023 5472 3381 5547 Trapezuntis
3410 5473 3529 5547 epi-

1968 5544 2214 5615 scopum,
2252 5546 2532 5600 Theodora
2562 5548 2804 5615 Augusta
2843 5552 3188 5614 procurante,
3216 5544 3529 5615 Constanti-

1968 5614 2187 5684 nopolin
2216 5618 2529 5669 translatum
2549 5659 2562 5681 ,
2598 5614 2994 5673 et’lrzereticum
3016 5654 3030 5677 ,
3075 5623 3229 5684 extra
3259 5614 3523 5684 synodum

1969 5683 2211 5753 quintam
2263 5688 2651 5740 aecumenicam
2693 5686 2960 5753 deposuit,
2990 5698 3112 5737 cum
3145 5683 3210 5736 ad
3250 5683 3523 5738 Justinia-

1970 5771 2097 5827 num
2131 5759 2364 5827 Augusta
2395 5772 2422 5808 ει
2455 5756 2731 5811 'l‘heodato
2759 5755 3055 5811 Gothorum
3084 5769 3240 5824 rege,
3271 5763 3327 5807 et
3355 5753 3523 5810 Italia:

1970 5825 2191 5883 domino
2210 5825 2237 5891 ,'
2260 5828 2619 5896 ablegai'ctur.
