4248 6444
282 403 394 463 649

1430 394 1964 457 EPISTOLARUM
2000 396 2225 456 LIBER
2260 396 2307 456 Ι.

3390 398 3491 460 650

273 515 399 567 ούδέ
430 511 620 581 νεκρδν
659 508 992 577 ἀναστῆσαι,
1030 508 1121 561 καὶ
1152 505 1405 576 δακρύειν
1448 508 1540 559 ἐπὶ
1581 506 1834 576 τελευτή·
1867 517 1950 570 Α.

1819 537 1834 546 -
1867 517 1913 570 Α
1939 508 2218 578 deprecari
2274 516 2332 561 ut
2357 517 2597 563 transeat
2632 510 2821 565 mortis
2852 514 3123 580 poculum,
3169 522 3223 568 et
3251 518 3496 572 eamdem

276 620 454 658 σαντι.
488 602 563 655 Οὐ
598 600 705 671 μὴν
725 599 844 653 ούδέ
867 600 965 669 τῆς
986 598 1155 668 αὐτῆς
1181 598 1294 649 ἐστι
1317 596 1610 667 θελήσεως,
1637 598 1836 668 παρελ-

277 696 391 750 θεῖν
428 692 694 749 αἰτεῖσθαι
742 692 803 744 τὸ
835 692 1090 760 ποτήριον
1129 687 1224 742 τοῦ
1264 688 1495 742 θανάτου
1522 728 1537 753 ,
1570 688 1838 754 καὶδόξαν

276 782 429 852 αύτῷ
463 792 484 820 τ
534 782 719 833 καλεῖν
762 780 946 842 πάλιν,
988 778 1083 833 καὶ
1125 777 1407 849 βούλεσθαι
1452 778 1515 831 τὸ
1559 777 1837 849 άθέλητον.

291 875 454 928 Ἀλλὰ
502 874 619 936 πῶς
662 874 782 943 οὐχὶ
830 870 1153 942 συνῄσθοντο
1198 870 1287 923 διὰ
1320 870 1557 938 ίτούτων,
1602 870 1695 924 καὶ
1732 872 1841 923 τῶν

279 968 498 1035 φύσεων
528 967 626 1035 τὴν
657 964 922 1034 διαφοράν
959 962 1376 1033 ἐξαρνούμενοι;
1422 964 1569 1016 πᾶσα
1607 963 1714 1033 γὰρ
1740 963 1843 1029 φύ-

281 1076 370 1123 σις
411 1058 563 1129 πηγὴ
595 1056 904 1124 ἐνεργείας,
951 1057 1046 1108 καὶ⁵
1072 1057 1193 1118 ταῖς
1224 1053 1500 1123 διαφόροις
1543 1052 1844 1122 ἐνεργείαις

280 1153 341 1204 αἱ
359 1150 587 1219 φυσικαὶ
602 1149 847 1218 θελήσεις
868 1144 1346 1215 ωνδιασχὶζονται.
1368 1146 1480 1198 Καὶ
1500 1146 1569 1209 εί,
1593 1146 1733 1197 κατὰ
1748 1142 1844 1213 τὴν

281 1244 343 1294 ἐν
368 1241 548 1302 αὐτοῖς
579 1237 808 1307 πλάνην,
840 1238 874 1303 ὴ
900 1234 1148 1302 ἐνέργεια
1176 1234 1268 1287 καὶ
1300 1234 1333 1302 ἡ
1361 1231 1574 1302 θέλησις
1604 1231 1721 1302 μία,
1754 1234 1847 1284 καὶ⁵

283 1330 495 1401 ἡφύσις
517 1328 809 1392 πάντωςιέξ
831 1322 900 1397 ἦς
926 1324 1117 1387 ταῦτα,
1147 1324 1265 1393 μία.
1297 1324 1433 1376 Εἰδὲ
1460 1324 1552 1376 δύο
1576 1325 1632 1377 αἱ
1659 1322 1847 1390 φύσεις

286 1421 461 1494 (ούπω
496 1421 603 1492 γὰρ
638 1423 717 1484 εἰς
763 1419 921 1473 τοῦτο
966 1417 1163 1488 μανίας
1209 1416 1519 1483 ἐξώκειλαν,
1560 1417 1618 1468 ἐν
1651 1416 1849 1485 όφθαλ-

288 1517 411 1584 μοῖς
459 1513 671 1583 ἔχοντες
701 1512 800 1582 τὴν
848 1510 1144 1580 διασπορὰν
1193 1509 1299 1561 τῶν
1329 1508 1712 1579 καταρξάντων
1756 1508 1848 1560 καί¹

286 1606 565 1659 ἀπώλειαν
586 1605 628 1673 ),
659 1604 774 1666 πῶς
807 1604 930 1673 οὐχὶ
963 1604 1199 1673 ἑκατέρα
1241 1604 1478 1672 πηγάσει
1515 1602 1612 1670 τὴν
1643 1602 1849 1653 οἰκείαν

287 1698 567 1767 ἐνέργειαν
600 1694 696 1748 καὶ
736 1695 835 1764 τὴν
865 1695 1079 1762 θέλησιν
1104 1711 1119 1758 ;
1141 1692 1283 1745 Ἀλλ’
1313 1686 1457 1745 οὗτοι
1489 1692 1587 1761 μὲν
1626 1691 1723 1759 τῆς
1755 1691 1853 1744 αύ-

1941 614 2129 654 rursus
2166 598 2607 669 glorificationem
2649 600 2850 665 dicere,
2889 612 3047 671 atque
3080 603 3154 657 ita
3204 606 3341 659 velle
3390 622 3495 660 non

1939 695 2181 749 volitnm.
2211 694 2312 760 Qui
2344 695 2455 750 ﬁeri
2482 696 2658 767 potuit
2682 705 2741 750 ut
2757 713 2863 751 non
2895 701 3234 770 perciperent
3260 718 3319 756 se
3341 714 3501 759 natu-

1942 800 2121 838 rarum
2159 786 2371 847 tollere,
2404 786 2486 839 his
2516 786 2760 850 sublatis,
2794 788 3189 845 differentiam?
3218 792 3311 846 Est
3357 796 3501 849 enim

1943 874 2272 943 operationis
2308 874 2677 945 cujuscunque
2715 877 2852 942 fons,
2893 888 3083 933 natura
3107 898 3119 932 :
3145 890 3199 935 et
3228 882 3381 951 juxta
3423 884 3503 935 di-

1944 980 2127 1019 versas
2170 966 2448 1019 naturales
2490 968 2836 1034 operationes
2873 972 3175 1026 voluntates
3229 975 3503 1029 naturales

1946 1055 2355 1126 dispertiuntur.
2374 1056 2528 1122 Quod
2561 1059 2625 1120 si,
2661 1061 2959 1114 secundum
3004 1062 3215 1117 illorum
3250 1064 3499 1129 haresin,

1948 1147 2190 1215 operatio
2230 1147 2387 1201 unica
2418 1148 2487 1200 sit
2511 1157 2565 1201 et
2595 1148 2861 1214 voluntas,
2893 1160 3037 1206 certe
3064 1161 3119 1207 et
3144 1162 3335 1208 natura
3372 1171 3505 1223 quo-

1946 1252 2049 1307 que
2080 1240 2236 1293 unica
2255 1239 2417 1293 fuerit
2434 1241 2741 1293 necessario
2761 1242 2901 1295 unde
2924 1242 3023 1296 illa
3044 1246 3310 1299 oriuntur.
3350 1244 3506 1311 Quod

1949 1326 1993 1379 si
2021 1326 2269 1381 dederint
2313 1338 2535 1381 naturas
2568 1330 2701 1383 duas
2732 1335 2925 1399 (neque
2959 1333 3101 1385 enim
3153 1332 3254 1388 hoc
3289 1335 3509 1389 insaniae

1950 1429 2263 1488 eruperunt,
2304 1429 2488 1488 utpote
2528 1420 2792 1475 habentes
2837 1433 2959 1477 ante
3008 1425 3192 1478 oculos
3220 1426 3511 1495 dispersio-

1948 1525 2073 1563 nem
2104 1519 2157 1563 et
2184 1510 2536 1578 perditionem
2585 1527 2772 1567 eorum
2821 1514 2911 1581 qui
2944 1514 3011 1567 ita
3044 1514 3276 1569 docuere
3309 1517 3510 1585 primi),

1949 1601 2217 1669 quomodo
2243 1617 2351 1654 non
2383 1612 2604 1671 utraque
2628 1612 2817 1656 natura
2846 1608 3115 1673 prepriam
3146 1606 3354 1660 emittet
3380 1624 3513 1675 ope-

1952 1693 2213 1747 rationem
2265 1702 2318 1748 et
2339 1694 2928 1749 voluntatem?Verum
2992 1697 3117 1750 dum
3172 1713 3323 1757 snam
3389 1715 3515 1766 pm-

285 1790 397 1842 τῶν
426 1790 520 1841 καὶ
551 1789 833 1855 δυσφήμου
865 1785 1019 1854 δόξης
1063 1784 1214 1837 οὐδὲν
1256 1784 1710 1854 προτιμήσαντες,
1753 1784 1849 1835 σὺν
1953 1800 1962 1853 1

1839 1800 1849 1832 ρ
1953 1784 2122 1853 priam
2145 1793 2199 1838 et
2228 1785 2593 1853 blasphemam
2631 1787 2949 1839 sententiam
2976 1789 3121 1840 omni
3141 1788 3302 1841 modo
3324 1789 3516 1856 pracfe-

288 1884 425 1950 αὐτῇ
455 1880 655 1952 ἐκείνῃ,
690 1878 766 1947 τῷ
792 1877 996 1947 αἰωνίῳ
1026 1875 1490 1945 κατεδικάσθησαν
1524 1873 1847 1942 ἀναθέματι.
1882 1862 1923 1917 Β
1954 1891 1965 1928 1

1840 1914 1847 1927 .
1882 1862 1923 1917 Β
1954 1885 2100 1938 runt,
2128 1875 2684 1928 anathemateaterno
2713 1876 3157 1935 condemnamur.
3190 1878 3328 1931 Duas
3361 1894 3517 1946 porro

289 1973 395 2026 Δύο
421 1973 477 2025 δέ
506 1972 754 2041 θελήσεις
800 1968 1030 2037 φυσικάς
1068 1967 1161 2020 καὶ
1188 1967 1279 2019 δύο
1309 1965 1587 2035 ἐνεργείας
1617 1967 1709 2018 ἐπὶ
1756 1963 1846 2016 τοῦ

290 2066 411 2127 ἐνὸς
458 2061 693 2134 Χριστοῦ
732 2060 825 2113 τοῦ
884 2058 1019 2111 Θεοῦ
1069 2058 1242 2128 ἡμῶν,
1298 2057 1404 2109 τῶν
1436 2056 1707 2126 θεοφόρων
1740 2057 1851 2108 Πα-

289 2160 465 2226 τὲρων
494 2153 844 2223 ίερολογὴσας
873 2151 900 2203 ό
928 2150 1206 2216 σύλλογος,
1228 2151 1346 2212 ταῖς
1376 2145 1686 2217 ἁπανταχοῦ
1730 2146 1851 2199 Ἐκ-

291 2247 542 2318 κλησίαις
569 2245 629 2299 τὸ
654 2243 872 2297 διπλοῦν
895 2242 1175 2313 ὁμολογεῖν
1205 2242 1296 2294 καὶ
1324 2240 1639 2312 κηρύσσειν,
1665 2238 1851 2308 ὥσπερ

290 2341 402 2393 τῶν
439 2337 673 2407 φύσεων,
703 2334 845 2388 οὕτω
869 2334 1093 2389 καὶτῶν
1122 2332 1409 2403 ἐνεργειῶν
1435 2332 1528 2385 καὶ
1561 2330 1850 2400 θελήσεων,

295 2430 590 2503 ὀρθοδόξως
643 2424 1076 2497 παραδεδώκασι.
1137 2427 1541 2487 Κωνσταντῖνος
1591 2423 1649 2475 δὲ
1705 2438 1855 2491 τηνι-

296 2523 475 2579 καῦτα
499 2561 514 2588 ,
546 2523 575 2575 ὁ
603 2521 865 2589 ἀπόγονος
904 2516 1225 2591 Ἡρακλείου
1242 2554 1258 2580 ,
1284 2517 1375 2569 τὸν
1411 2515 1732 2587 προγονικὸν
1758 2514 1854 2583 τῆς

300 2617 576 2689 βασιλείας
639 2612 839 2682 κλῆρον
884 2609 1250 2680 ἐχρημάτιζεν
1291 2608 1727 2679 ἀναδεδεγμένος.
1777 2606 1858 2659 Τά

297 2728 360 2763 τε
392 2708 527 2762 άλλα
556 2705 917 2775 συμπράττων
950 2703 1016 2772 τῇ
1052 2701 1283 2771 συνόδῳ,
1333 2700 1425 2754 καὶ
1463 2700 1524 2752 τὸ
1568 2698 1723 2770 όρθδν
1757 2701 1858 2767 τῆς

312 2800 637 2870 Ἐκκλησίας
667 2796 922 2866 φρόνημα
959 2794 1292 2864 πρεσϐεύων.
1357 2791 1495 2846 Ἀλλ’
1546 2794 1603 2846 ἐν
1652 2792 1859 2854 τούτοις

305 2899 405 2969 μέν
434 2896 529 2948 καὶ
561 2895 595 2963 ἡ
621 2894 772 2961 ἕκτη.

380 2995 470 3057 ιη’.
514 2988 581 3040 Ἢ
608 2987 653 3039 δ’
693 2986 821 3053 ἁγία
860 2985 955 3038 καὶ
985 2979 1335 3053 οἱκουμενικὴ
1375 2979 1575 3050 ἐσδόμη
1622 2976 1860 3041 σύνοδος,

304 3082 539 3135 Νικαίαν
574 3080 693 3149 μὲν,
738 3081 833 3146 τῆς
885 3075 1121 3129 Βιθυνῶν
1170 3070 1499 3143 μητρόπολιν
1543 3067 1727 3132 οὖσαν,
1772 3065 1867 3118 καὶ

305 3171 415 3223 τῶν
442 3169 617 3240 ὀρθῶν
649 3166 974 3236 δογματικὸν
993 3163 1337 3233 δικαστήριον
1365 3161 1529 3213 πάλαι
1561 3159 1863 3228 γεγονυῖαν,

310 3266 403 3317 καὶ
427 3262 562 3329 αὐτὴ
584 3259 695 3328 (24)
726 3258 822 3327 τῆς
846 3256 1125 3319 εὐσεϐείας
1146 3255 1429 3325 κριτήριον
1454 3249 1649 3315 ἔδειξεν
1675 3290 1690 3316 ,
1728 3247 1867 3301 ἐπτὰ

313 3354 413 3423 μὲν
439 3354 532 3405 καὶ
559 3350 821 3419 ἐξήκοντα
870 3348 965 3402 καὶ
1000 3347 1326 3418 τριακοσίων
1369 3342 1529 3413 ἱερῶν
1556 3339 1763 3411 ἀνδρῶν
1792 3336 1868 3406 τῷ

314 3446 505 3514 πλήθει
549 3441 925 3511 πλατυνομίνη
945 3477 963 3505 ,
992 3439 1315 3511 ταξιάρχους
1347 3435 1402 3487 δέ
1429 3434 1520 3487 καὶ
1553 3431 1868 3503 πρωτοστά-

310 3553 411 3600 τας
455 3536 552 3606 τῆς
603 3534 753 3604 ἱερᾶς
792 3532 969 3585 αὐτῶν
1008 3531 1102 3584 καὶ
1137 3528 1377 3598 μεγάλης
1422 3525 1700 3596 φάλαγγος
1737 3537 1871 3591 προ-

315 3628 617 3697 ϐαλλομένη
635 3664 650 3688 ,
685 3625 956 3694 Ταράσιόν
985 3640 1040 3675 τε
1066 3622 1157 3675 τὸν
1178 3622 1236 3673 ἐν
1262 3619 1576 3690 ἀρχιερεῦσι
1607 3612 1742 3667 Θεοῦ
1774 3629 1870 3665 πε-

317 3722 567 3793 ρισόητον
596 3720 616 3790 (
640 3718 779 3781 θεῖος
810 3713 963 3779 οὗτος
997 3716 1090 3769 καὶ
1114 3714 1442 3781 πανάριστος
1464 3709 1623 3780 ἀνὴρ,
1657 3706 1751 3760 καὶ
1779 3706 1875 3774 τῆς

318 3813 583 3883 βασιλίδος
608 3811 811 3871 πόλεως
841 3810 965 3870 τοὺς
998 3806 1339 3878 ίεραρχικοὺς
1373 3803 1582 3866 οἴακας,
1611 3801 1765 3867 είπερ
1794 3814 1873 3858 τις

317 3906 497 3966 ἄλλος,
530 3902 810 3972 περιάγειν
834 3900 1025 3965 ἄξιος),
1051 3898 1144 3949 καὶ
1164 3897 1225 3964 δὴ
1254 3895 1347 3946 καὶ
1375 3895 1576 3961 [Ιὲτρον
1606 3890 1695 3943 τὸν
1723 3886 1878 3939 εὐλα-

318 3996 599 4057 ϐέστατον,
623 3987 1173 4062 πρωτοπρεσὸύτερον
1194 3988 1291 4054 τῆς
1315 3984 1455 4037 κατὰ
1486 3982 1698 4051 Ῥώμην
1718 3977 1877 4045 ἁγίας

331 4082 690 4151 Ἐκκλησίας,
742 4080 834 4131 καὶ
883 4078 1087 4145 Πέτρον
1141 4073 1320 4137 ἄλλον,
1373 4069 1736 4141 πρεσὸύτερον
1786 4068 1878 4118 καὶ

318 4174 505 4236 αὐτὸν,
555 4174 647 4225 καὶ
672 4170 773 4239 τῆς
820 4170 996 4221 ἐκεῖσε
1044 4166 1208 4237 μονῆς
1257 4163 1555 4235 ἡγούμενον
1598 4161 1690 4213 τοῦ
1725 4159 1879 4227 ἁγίου

1949 1966 2272 2031 voluntates,
2300 1967 2433 2020 duas
2495 1968 2833 2035 operationes
2888 1969 2941 2022 in
2981 1985 3087 2023 uno
3134 1968 3350 2029 Christo
3408 1972 3515 2025 lleo

1951 2067 2159 2122 nostro,
2194 2058 2323 2112 dum
2352 2069 2571 2113 sanctus
2609 2059 2914 2113 divinorum
2954 2058 3173 2113 Patrum
3203 2072 3375 2115 catus
3407 2070 3517 2115 sta-

1953 2150 2077 2212 tuit,
2110 2149 2288 2204 ubivis
2340 2156 2604 2205 terrarum
2636 2151 2825 2220 positis
2860 2150 3111 2206 Ecclesiis
3161 2154 3514 2209 orthodoxam

1952 2240 2347 2295 confessionem
2380 2250 2435 2295 et
2462 2242 2894 2311 pradicationem
2926 2244 3152 2297 duarum
3184 2261 3304 2299 cum
3332 2246 3522 2299 volun-

1954 2341 2123 2386 tatum
2166 2341 2279 2387 tum
2324 2336 2697 2402 operationum
2745 2335 3028 2390 tradidere.
3064 2337 3190 2395 Erat
3241 2348 3419 2395 autem
3457 2355 3523 2393 eo

1955 2431 2199 2494 tempore
2254 2424 2643 2482 Constantinus
2694 2426 2925 2483 lleraclii
2976 2430 3155 2498 proles
3203 2446 3325 2486 cum
3378 2432 3523 2503 regia

1957 2516 2219 2584 majorum
2251 2527 2396 2572 sorte
2424 2519 2750 2574 constitutus
2789 2539 2801 2575 :
2838 2523 2928 2590 qui
2959 2532 3013 2576 et
3063 2539 3215 2579 suam
3244 2526 3374 2580 alias
3406 2541 3527 2594 ope-

1959 2624 2069 2662 ram
2102 2609 2305 2680 synodo
2334 2611 2582 2677 contulit,
2618 2622 2672 2666 et
2718 2615 3073 2671 orthodoxam
3104 2616 3356 2671 Ecclesia
3401 2633 3526 2673 sen-

1966 2702 2189 2756 tentiam
2230 2703 2504 2759 tuebatur.
2534 2706 2709 2775 Atque
2745 2706 2816 2760 ita
2846 2715 2995 2762 sexta
3026 2708 3261 2778 synodus
3296 2708 3415 2763 fuit.

2036 2968 2122 3021 18.
2155 2966 2349 3021 Sancta
2386 2968 2702 3023 universalis
2727 2970 2953 3039 septima
2989 2970 3226 3040 synodus
3254 2980 3525 3041 metropo—

1968 3062 2045 3117 lin
2080 3061 2340 3132 Bithynia
2382 3061 2648 3127 Nicaam,
2678 3062 2805 3116 olim
2835 3063 2964 3119 illud
3002 3064 3240 3118 tribunal
3276 3079 3528 3119 sanorum

1971 3153 2299 3224 dogmatum,
2319 3160 2373 3206 et
2399 3168 2544 3207 nunc
2566 3153 2781 3207 demum
2817 3154 3003 3223 pietati
3025 3155 3327 3224 iudicanda
3355 3151 3527 3211 desti-

1968 3243 2133 3299 navit.
2160 3244 2484 3312 lmplebatur
2528 3259 2689 3313 porro
2711 3247 2943 3315 synodus
2977 3262 3203 3303 numero
3219 3255 3299 3302 ter
3314 3257 3529 3302 centum

1970 3337 2245 3405 sexaginta
2288 3346 2496 3404 septem
2543 3337 2817 3401 virorum,
2853 3352 3082 3406 quorum
3120 3339 3279 3408 primi
3319 3339 3533 3394 fuerant

1970 3427 2219 3483 ductores
2277 3435 2332 3481 et
2384 3436 2740 3483 sacrosancta
2791 3444 2855 3484 ac
2908 3445 3209 3485 numerosa
3258 3430 3534 3501 phalangis

1971 3520 2263 3590 principes,
2316 3520 2595 3585 Tarasius,
2633 3522 2775 3578 inter
2815 3523 2904 3577 Dei
2944 3524 3254 3578 sacerdotes
3290 3523 3531 3589 illustris,

1940 3610 2187 3689 divinus
2235 3608 2390 3679 plane
2440 3620 2496 3664 et
2543 3610 2780 3680 optimus
2822 3611 3132 3670 omnimodo
3176 3612 3294 3674 vir,
3342 3611 3537 3681 dignus

1974 3708 2119 3754 certe
2141 3699 2206 3768 (si
2230 3699 2351 3767 quis
2400 3699 2573 3769 alius)
2608 3700 2699 3769 qui
2736 3699 2894 3770 regia
2924 3700 3070 3755 urbis
3100 3700 3309 3754 clavum
3341 3701 3539 3771 guber-

1974 3803 2169 3857 naret;
2198 3793 2389 3847 Petrus
2429 3793 2684 3863 deinceps
2730 3793 3161 3864 archipresbyter
3190 3804 3390 3847 sancta
3428 3792 3537 3845 lto-

1976 3900 2147 3938 tnana
2185 3885 2439 3938 Ecclesia
2485 3884 2763 3953 piissimus
2797 3902 2812 3949 ;
2841 3894 2894 3939 et
2934 3884 3124 3939 Petrus
3164 3900 3377 3954 quoque
3408 3886 3542 3938 alter

1976 3975 2163 4029 aderat
2192 3975 2304 4044 ipse
2324 3990 2537 4044 quoque
2559 3977 2854 4045 presbyter,
2883 3975 2973 4045 qui
3003 3974 3358 4039 monasterii,
3394 3976 3539 4043 quod

1979 4067 2049 4120 ibi
2085 4077 2206 4133 est,
2244 4068 2417 4123 sancti
2449 4066 2638 4122 Sabba
2677 4067 2961 4137 praefectus
2997 4068 3081 4123 vel
3120 4067 3543 4123 archimandrita

1980 4158 2101 4212 fuit.
2160 4158 2249 4212 Isti
2286 4158 2648 4212 sortiebantur
2676 4158 2850 4212 locum
2883 4158 3153 4214 cathedra
3199 4159 3542 4226 apostolica,

320 4265 525 4320 Σάὸδαο
559 4266 607 4317 οἳ
647 4263 748 4332 τῆς
794 4258 1153 4327 άποστολικῆς
1200 4256 1467 4325 καθέδρας
1508 4252 1884 4322 διεκληροῦντο
1982 4267 1997 4304 t

1865 4266 1884 4297 δ
1982 4251 2067 4304 cui
2104 4259 2216 4304 tum
2239 4250 2553 4317 dignissime
2582 4251 3133 4320 praeratAdrianus,
3173 4250 3542 4319 archiprasul.

321 4361 409 4413 τὸν
437 4359 621 4421 τόπον,
662 4354 938 4426 Ἀδριανοῦ
968 4354 1089 4404 τότε
1120 4352 1180 4403 τὸ
1209 4347 1589 4419 ἀρχιερατικδν
1624 4342 1885 4414 κοσμοῦν-

322 4466 413 4511 τος
443 4447 679 4517 ἀξίωμα.
716 4447 863 4514 ’Δμα
890 4444 947 4496 δέ
979 4442 1209 4504 τούτοις,
1255 4439 1505 4505 Ἰωάννην
1544 4438 1636 4488 καὶ
1664 4435 1881 4504 Θωμᾶν,

1982 4342 2221 4396 Aderant
2260 4358 2364 4396 una
2390 4358 2514 4396 cum
2555 4342 2673 4396 istis
2728 4340 2967 4397 Joannes
3013 4353 3068 4396 et
3114 4341 3384 4407 Thomas,
3443 4340 3545 4394 viri

1986 4435 2225 4488 celebres
2282 4434 2337 4487 in
2394 4434 2725 4503 professione
2782 4434 3170 4497 monachatus,
3224 4442 3279 4487 et
3341 4434 3547 4486 honore

324 4539 523 4609 ἄνδρας
556 4535 814 4607 μοναδικῇ
863 4532 1108 4601 πολιτεία
1146 4528 1552 4599 περιωνύμους,
1601 4526 1694 4579 καὶ
1741 4526 1886 4593 ίερα-
1918 4524 2001 4602 Di

1871 4550 1886 4563 -
1918 4547 1963 4602 ι)
1988 4524 2252 4595 fulgentes
2289 4526 2639 4587 sacerdotali.
2682 4526 2772 4596 qui
2814 4526 3030 4594 quidem
3080 4526 3255 4579 locum
3294 4526 3548 4579 tenebant

323 4633 451 4701 τικῇ
481 4632 612 4700 τιμῇ
637 4621 1059 4697 διαλάμποντας,
1085 4624 1177 4675 καὶ
1205 4622 1303 4691 τῆς
1329 4618 1648 4688 ἀνατολικῆς
1673 4617 1887 4683 ἀπάσης

1988 4620 2253 4674 universa
2278 4620 2557 4675 orientalis
2578 4660 2593 4684 ,
2621 4620 2925 4690 apostolica
2944 4660 2958 4681 .
2989 4629 3044 4673 et
3064 4634 3269 4688 magna
3298 4616 3548 4671 dioecesis

324 4724 641 4793 διοικήσεως
689 4720 795 4773 τῶν
850 4716 1221 4772 ἀποπολικῶν
1265 4714 1359 4766 καὶ
1410 4708 1661 4781 μεγάλων
1690 4708 1892 4776 θρόνων
1987 4726 2001 4764 ε

1869 4724 1892 4756 ν
1987 4718 2042 4765 et
2066 4710 2591 4779 archiepiscoporum
2623 4712 2864 4779 ejusdem
2894 4708 3205 4780 dignitatem
3244 4706 3546 4768 habebant,

326 4790 743 4885 τοποτηρητὰς,
800 4814 895 4865 καὶ
950 4810 1011 4863 τὸ
1088 4808 1193 4860 τῶν
1256 4804 1550 4876 ἀρχιερέων
1604 4801 1894 4869 προνόμιον
1989 4808 2003 4850 Λ

1872 4816 1894 4847 ν
1989 4793 2283 4865 Apolinarii
2317 4808 2534 4863 nempe,
2597 4794 2922 4847 Theodoreti
2986 4803 3042 4847 et
3086 4790 3288 4846 Helia:
3319 4805 3549 4861 quorum

329 4907 589 4976 ἔχοντας·
642 4904 785 4971 λέγω
837 4902 902 4971 δὴ
971 4898 1344 4968 Ἀπολιναρίου
1392 4912 1495 4958 τε,
1546 4894 1641 4945 καὶ
1686 4890 1893 4942 Θεοδω-

331 5001 536 5070 ρήτου,
576 4998 668 5051 καὶ
716 4994 889 5048 Ἠλία·
928 4986 1003 5046 ὧν
1054 4994 1082 5043 ὁ
1126 4991 1223 5061 μὲν
1279 4985 1679 5055 Ἀλεξανδρείας
1706 5023 1721 5046 ,
1768 4984 1804 5047 ό,
1839 4981 1894 5033 δὲ

345 5092 698 5161 Ἀντιοχείας,
750 5091 843 5142 καὶ
893 5089 921 5139 ό
967 5085 1149 5146 λοιπὸς
1203 5082 1257 5135 δέ
1306 5076 1710 5150 Ἰεροσολύμων,
1752 5075 1892 5143 ἱερο·

334 5185 559 5256 πρεπῶς
614 5200 671 5234 τε
733 5183 826 5233 καὶ
879 5178 1163 5243 πανσόφως
1226 5172 1695 5243 προειστήκεισαν.
1761 5167 1890 5217 Τότε

338 5278 737 5337 Κωνσταντίνος
766 5274 857 5325 καὶ
915 5272 1117 5341 Εἰρήνη
1142 5308 1158 5333 ,
1193 5264 1495 5336 όρθοδοξξας
1525 5260 1769 5328 στεφάνῳ
1800 5274 1889 5309 κο-

1990 4886 2197 4957 primus
2246 4884 2619 4947 Alexandria,
2667 4885 2938 4939 secundus
2980 4882 3310 4946 Antiochia,
3360 4881 3552 4935 tertius

1994 4976 2486 5045 Hierosolymorum
2525 4974 2791 5030 Ecclesias
2823 4976 3146 5046 prudenter,
3187 4983 3241 5028 et
3274 4981 3335 5027 ut
3372 4988 3551 5026 sacer-

1996 5071 2147 5124 dotes
2173 5068 2426 5129 decebat,
2456 5067 2850 5137 gubernabant.
2893 5066 2967 5120 Eo
3015 5076 3254 5135 tempore
3295 5062 3554 5117 Constan-

2000 5164 2141 5216 tinus
2172 5169 2225 5215 et
2269 5160 2451 5225 lrene,
2500 5160 2835 5214 orthodoxia
2881 5163 3079 5214 eoroua
3118 5157 3354 5214 redimiti
3380 5195 3395 5220 ,
3442 5154 3554 5207 Ro-

2000 5252 2144 5307 mani
2203 5250 2410 5320 imperii
2488 5267 2725 5320 purpura
2789 5250 3175 5305 vestiebantur.
3233 5249 3335 5303 ista
3395 5261 3554 5316 porro

1612 5370 1844 5426 VARUE
1892 5366 2286 5424 LECTIONES.

415 5516 437 5544 τ
461 5522 549 5575 γρ.
586 5503 737 5556 αὐτό.

1830 5600 2057 5656 ΒΟΤΑΞ.

412 5752 523 5818 (2i)
563 5749 744 5813 Αὐτὴ.
799 5746 1004 5813 Nempe
1060 5746 1301 5814 synodus.
1356 5743 1457 5796 Sed
1506 5740 1707 5818 malim,
1762 5737 1899 5803 αὓτη
2011 5737 2110 5818 |i_or
2139 5733 2310 5818 1§0t5,
2352 5733 2555 5818 illaesi.
2588 5734 2808 5818 54'5":qu
2861 5732 2984 5783 vice.
3019 5726 3561 5818 lbidllcgcndntt‘nrin

341 5815 447 5878 hac
478 5825 589 5887 ipsa
623 5820 885 5887 synodus;
923 5820 1025 5871 nisi
1064 5821 1245 5870 lnrsan
1279 5826 1501 5879 utraque
1536 5815 1759 5865 lL‘CllUllt‘
1791 5825 1901 5860 mc-

619 5919 883 5974 PnnOL.
920 5914 1034 5972 (in.
1076 5911 1202 5971 Cll.

2011 5806 2221 5875 plurali,
2256 5804 2601 5866 ἐστολίζοντο.
2636 5803 2760 5855 {\nm
2798 5804 2945 5855 lrcne
2980 5800 3233 5869 regnabat
3258 5816 3378 5850 eum
3408 5797 3562 5849 Filio.

3100 5896 3167 5953 ‘2!
