4248 6444
820 417 918 481 651

1944 408 2170 470 ΡΗΟΤΙ
2177 408 2203 468 Ι
2240 408 2738 470 PATRIARCH/E
2774 410 2881 471 (ΞΡ.

3914 411 4023 475 652

804 540 991 584 sancta
1007 536 1061 580 ct
1091 541 1279 596 magna
1304 524 1542 595 synodus
1564 522 1843 576 barbaram
1874 523 2159 590 quamdam
2192 521 2363 575 ltzerc-
2397 534 2441 588 Α
2472 541 2481 572 ι

2397 534 2441 588 Α
2472 522 2764 592 σμούμενοι
2790 561 2805 584 ,
2857 520 2995 593 [καὶ]
3045 521 3143 591 τὴν
3194 522 3569 591 αὐτοκράτορα
3608 525 3705 592 τῆς
3748 522 4042 590 Ῥωμαίων

804 625 921 684 sin,
954 631 1085 675 tunc
1124 635 1295 689 nuper
1349 620 1416 673 ab
1461 617 1640 687 impiis
1686 626 1739 671 et
1778 615 2015 685 profanis
2050 615 2361 670 hominibus

805 713 1196 776 introductam,
1240 711 1512 766 communi
1544 724 1645 764 suo
1683 720 1737 764 et
1780 708 2037 763 divinitus
2068 709 2363 779 gubernato

2464 615 2640 684 ἀρχῆς
2671 615 2972 684 πορφυρίδα
3002 613 3322 678 ἐστολίζετο.
3353 615 3497 684 Αὕτη
3529 615 3813 683 τοιγαροῦν
3844 618 3877 684 ή
3912 616 4039 682 ἱερά

2463 706 2555 757 καὶ
2597 706 2805 774 μεγάλη
2841 705 3079 770 σύνοδος,
3130 706 3403 775 άρτιφανῆ
3440 724 3501 757 τε
3532 706 3623 756 καὶ
3645 706 3916 776 βάρϐαρον
3944 706 4038 758 αἴ.

799 804 1055 876 suﬂ‘ragio
1122 803 1547 868 condemnabat,
1593 801 1943 872 ejusdemque
2010 808 2260 854 auctores
2310 809 2365 854 et
2463 817 2476 867 ι

2351 809 2365 854 t
2463 814 2631 867 ρεσιν,
2669 797 2771 850 ὑπὸ
2796 798 3068 850 δυσσεϐῶν
3091 814 3149 849 τε
3180 799 3274 852 καὶ
3298 798 3528 870 ἀνιέρων
3560 797 3766 865 ἀνδρῶν
3800 814 4028 867 παρεισ-

806 905 1234 965 prapugnatores
1262 896 1451 950 iisdem
1475 895 1760 949 sententiis
1790 894 2073 947 damnatos
2114 891 2363 961 subiece-

803 997 953 1039 runt.
989 986 1166 1040 Miseri
1196 995 1377 1039 autem
1418 986 1505 1040 isti
1536 986 1811 1040 Christum
1841 984 2006 1039 Deum
2038 999 2226 1038 verum
2266 998 2361 1037 ore

801 1093 908 1129 non
937 1078 1054 1131 ausi
1100 1078 1183 1130 vel
1222 1076 1560 1131 confessione
1600 1091 1699 1130 sua
1736 1076 2110 1145 blasphemare
2132 1116 2148 1141 ,
2178 1075 2359 1144 operi-

800 1169 901 1223 bus
929 1178 1102 1222 tamen
1130 1168 1242 1222 suis
1259 1182 1473 1238 quoquo
1498 1166 1656 1222 modo
1678 1166 2013 1222 contumeliis
2029 1166 2324 1221 affecerunt
2340 1208 2355 1228 ,

798 1270 854 1313 ct
884 1260 1162 1314 licentiose
1203 1260 1703 1329 blasphemantibus
1745 1260 1885 1313 viam
1936 1258 2355 1313 adiuvenerunt.

800 1351 1110 1406 lmmediate
1142 1352 1314 1421 ipsum
1352 1351 1604 1405 insectari
1636 1348 1931 1412 conviciis,
1967 1358 2023 1403 et
2054 1348 2197 1401 nudo
2224 1364 2317 1401 ore
2338 1390 2353 1414 ,

797 1442 915 1495 sine
978 1442 1096 1497 velo
1151 1458 1274 1496 cum
1323 1456 1431 1495 non
1490 1442 1757 1503 audeant,
1814 1438 2151 1494 voluntatem
2201 1452 2353 1491 suam

795 1548 1011 1587 omnem
1047 1532 1435 1601 adimplerunt,
1470 1542 1523 1584 et
1546 1529 1763 1584 Christo
1782 1528 2086 1599 oppositam
2113 1536 2355 1581 mentem

796 1633 849 1675 et
878 1623 1198 1676 sententiam
1227 1637 1320 1691 per
1350 1621 1709 1674 venerandam
1731 1621 1849 1689 ejus
1875 1618 2163 1687 imaginem
2186 1616 2353 1670 deho-

797 1722 1059 1765 nestatam
1091 1712 1549 1767 demonstrarunt.
1578 1711 1781 1764 Idolum
1808 1708 2167 1764 venerandam
2194 1706 2355 1762 Chri-

796 1804 864 1857 sti
900 1804 1189 1872 imaginem
1230 1805 1297 1871 (ο
1330 1803 1492 1856 nimis
1519 1802 1776 1856 audacem
1819 1801 1995 1871 impiae
2026 1800 2220 1871 lingua:
2262 1814 2350 1853 so-

793 1908 921 1946 num
942 1934 956 1955 ,
988 1903 1042 1947 et
1072 1892 1247 1947 cordis
1281 1892 1551 1947 atheistici
1588 1892 1806 1945 boatum
1827 1890 1881 1960 l)
1911 1890 2213 1960 appellant,
2253 1904 2350 1958 per
2376 1873 2424 1933 Β

790 1999 950 2051 quain
979 1982 1341 2037 idololatricus
1373 1997 1524 2036 error
1547 1982 1885 2037 eliminatur:
1920 1981 2057 2035 hanc
2096 1979 2353 2035 conviciis

791 2085 846 2130 et
868 2078 1119 2131 omnibus
1148 2076 1645 2131 dehonestamentis
1690 2074 1941 2129 fmdatam
1972 2090 2070 2144 per
2093 2072 2348 2142 compita,

791 2168 966 2222 forum
1006 2177 1059 2223 et
1108 2166 1312 2237 plateas
1369 2167 1597 2237 pedibus
1644 2167 1989 2236 proculcant,
2044 2164 2351 2220 distrahunt

789 2262 968 2325 varie,
1001 2262 1114 2331 igni
1142 2261 1361 2315 demum
1394 2259 1813 2314 comburendam
1860 2258 2095 2312 tradunt.
2124 2256 2350 2327 Specta-

784 2350 966 2404 culum
1004 2349 1322 2404 Christianis
1364 2348 1786 2418 deplorandum,
1842 2347 2062 2417 dignum
2110 2360 2347 2417 pagano-

792 2458 907 2495 rum
961 2442 1013 2496 in
1056 2441 1331 2496 Christum
1382 2440 1537 2495 odiol
1586 2439 1876 2494 Talismodi
1940 2448 1995 2493 et
2032 2440 2086 2491 in
2127 2447 2350 2492 caeteras

791 2534 1156 2604 imagunculas
1215 2548 1395 2587 sacras
1456 2532 1683 2604 pedibus
1741 2532 1835 2586 citi
1892 2532 1955 2585 ad
2014 2531 2346 2585 fundendum

786 2627 1103 2696 sanguinem
1151 2626 1531 2679 exstiterumt:
1577 2640 1712 2695 quas
1746 2624 1997 2677 manibus
2041 2624 2345 2694 sacrilegis,

789 2718 949 2772 labris
979 2717 1216 2787 profanis
1247 2717 1535 2771 fmdarunt.
1566 2716 1752 2785 Neque
1780 2715 2028 2771 exsatiari
2061 2716 2349 2771 voluerunt

788 2810 1044 2863 alastores
1081 2808 1145 2863 ad
1190 2809 1335 2862 hunc
1373 2806 1593 2861 modum
1644 2807 1961 2861 insaniendo
1987 2815 2043 2860 et
2076 2806 2342 2861 fnriendo.

787 2900 971 2967 Neque
1028 2903 1173 2951 certe
1218 2894 1398 2949 minus
1446 2909 1607 2964 quam
1665 2908 1989 2963 paganorum
2019 2893 2346 2947 exsecranda

786 2990 1023 3045 facinora
1045 3029 1059 3053 ,
1100 2988 1144 3041 si
1178 3002 1287 3040 non
1328 2985 1467 3040 forte
1501 2984 1669 3055 magis
1690 3026 1703 3049 ,
1733 2982 2162 3038 Christianorum
2193 2998 2344 3037 sacra

786 3082 936 3151 signa
959 3090 1013 3134 et
1038 3076 1545 3148 repraesentationes
1568 3078 1695 3128 odio
1716 3074 1906 3144 perciti
1927 3083 2298 3143 conspuerunt
2326 3092 2339 3126 :

784 3174 918 3226 adeo
946 3180 1005 3225 ut
1029 3169 1224 3224 bellum
1253 3167 1535 3221 videantur
1557 3165 1947 3219 internecinum
1973 3174 2162 3219 contra
2185 3163 2343 3218 Chri-

785 3275 925 3320 stum
956 3274 1011 3317 et
1037 3262 1205 3332 ipsius
1233 3270 1447 3315 sanctos
1477 3268 1785 3327 susceptum
1815 3256 2094 3311 indixisse.

857 3354 945 3408 l9.
973 3353 1125 3407 Patet
1145 3351 1344 3421 quippe
1373 3350 1582 3404 cunctis
1602 3390 1616 3413 ,
1648 3350 1791 3418 quod
1821 3348 2143 3418 imaginibus
2174 3350 2342 3403 honor

787 3445 1020 3508 habitus,
1043 3457 1230 3497 eorum
1264 3441 1437 3494 honor
1466 3440 1537 3494 sit
1558 3440 1648 3508 qui
1676 3448 2123 3508 repraesentatur;
2147 3455 2342 3509 quem-

782 3536 1071 3590 admodum
1104 3542 1159 3587 et
1185 3532 1404 3585 infamia
1432 3540 1594 3599 atque
1625 3530 1861 3584 dedecus
1898 3531 2089 3584 transit
2110 3530 2176 3582 ab
2202 3528 2342 3582 ima-

785 3630 906 3699 gine
936 3629 987 3680 iu
1012 3627 1382 3695 imaginatum.
1418 3624 1507 3679 Isti
1537 3633 1740 3686 autem,
1770 3636 1975 3690 nupera
2006 3620 2338 3685 Judaaorum,

784 3720 981 3774 Christi
1014 3719 1269 3782 hostium,
1303 3716 1607 3785 progenies,
1640 3714 1694 3767 in
1718 3728 1782 3767 eo
1805 3713 1946 3781 quod
1981 3714 2337 3768 venerandam

783 3811 985 3865 Christi
1024 3810 1309 3879 imaginem
1342 3808 1598 3876 illiusque
1626 3816 1937 3861 sanctorum
1980 3804 2338 3870 inbonorant,

784 3907 927 3975 quod
951 3906 1004 3958 in
1032 3905 1272 3974 ipsorum
1298 3903 1468 3956 atavis
1486 3900 1914 3967 desiderabatur,
1940 3901 2335 3970 adimplerunt:

779 4012 913 4052 nam
950 4008 1123 4064 usque
1155 3994 1223 4048 ad
1271 3994 1494 4048 audacia
1542 3992 1851 4047 Judaeorum
1894 3992 2131 4048 facinora
2176 3992 2338 4047 delati

786 4091 1065 4151 feruntur;
1118 4087 1228 4140 imo
1266 4085 1318 4139 id
1379 4092 1544 4154 agunt
1599 4084 1947 4138 contentione
1992 4099 2224 4149 summa,
2281 4094 2340 4138 ut

790 4178 1159 4249 progenitores
1183 4191 1315 4230 suos
1343 4177 1499 4244 longe
1526 4175 2003 4245 supergrediantur
2039 4176 2338 4230 voluntate.

786 4272 975 4333 Porro,
1002 4286 1123 4323 cum
1154 4270 1207 4322 in
1239 4269 1417 4322 medio
1445 4267 1875 4321 Christianorum
1905 4266 2015 4332 siti,
2043 4267 2197 4321 labiis
2224 4282 2336 4322 non

784 4363 987 4415 audent
1016 4364 1282 4430 abnegare
1305 4360 1600 4421 Christum,
1618 4357 1686 4410 ab
1714 4358 1825 4425 ipsa
1846 4356 2065 4411 Judaica
2085 4358 2337 4426 avitaque

788 4454 982 4506 invidia
1040 4451 1261 4504 minime
1317 4449 1573 4503 recedere
1638 4448 2076 4502 convincuntur:
2129 4448 2223 4502 sed
2282 4457 2337 4501 et

2460 887 2735 957 αχθεῖσαν,
2776 889 3037 960 θεοκρίτῳ
3080 889 3175 944 καὶ
3223 890 3386 961 κοινῷ
3425 890 3735 961 ψηφίσματι
3810 889 4030 942 κατεδε-

2460 993 2615 1039 κασε,
2640 980 2734 1049 καί
2760 978 2884 1040 τούς
2917 978 3215 1051 εἰσηγητάς
3257 980 3354 1032 καὶ
3379 980 3698 1051 προμάχους
3740 979 3912 1048 αὐτῆς
3949 980 4034 1048 τῷ

2459 1068 2607 1139 αὐτῷ
2649 1068 3121 1124 συνυποϐάλλουσα
3164 1070 3416 1143 κρίματι.
3462 1065 3621 1124 Οὗτοι
3668 1071 3776 1140 γάρ
3814 1071 3863 1122 οἰ
3914 1069 4032 1122 δεί-

2458 1160 2597 1211 λαιοι
2644 1160 2880 1230 Χριστὸν
2907 1161 2997 1213 τὸν
3026 1161 3278 1231 ἀληθινὸν
3320 1160 3456 1214 Θεὸν
3497 1162 3657 1234 ήμῶν
3684 1162 4031 1232 βλασφημεῖν

2457 1254 2552 1321 οὐχ
2582 1253 2973 1321 ὁμολογοῦντες
2999 1256 3111 1317 τοῖς
3139 1255 3371 1325 ῥήμασι,
3397 1254 3486 1307 διά
3510 1255 3619 1308 τῶν
3642 1256 3820 1323 ἔργων
3839 1255 4029 1307 πᾶσαν

2456 1344 2708 1396 ἐπενόουν
2755 1344 2909 1415 ὕϐριν
2938 1347 3033 1399 καὶ
3063 1344 3409 1416 βλασφημίαν
3437 1346 3533 1400 καὶ
3572 1345 3878 1414 ἀσέλγειανο
3927 1345 4029 1398 καὶ

2454 1438 2617 1490 αὐτὸν
2656 1440 2858 1492 ἐκεῖνον
2908 1438 3215 1510 δυσφημεῖν
3255 1440 3477 1509 άμέσως
3510 1438 3606 1493 καὶ
3657 1439 3828 1509 χωρίς
3876 1453 4029 1499 τινος

2454 1530 2954 1600 παραπετάσματος
3011 1532 3070 1584 οὐ
3122 1531 3531 1603 θαρρήσαντες,
3568 1529 3655 1583 διά
3681 1529 3781 1597 τῆς
3815 1529 4025 1599 σεπτῆς

2452 1621 2656 1683 εἰκόνος
2684 1621 2748 1673 τὸ
2774 1624 2883 1675 πᾶν
2926 1622 3110 1676 αὐτῶν
3136 1622 3236 1692 τῆς
3262 1623 3641 1692 Χριστομάχου
3672 1620 3895 1690 γνώμης
3926 1621 4023 1686 ἐξ·

2455 1710 2722 1780 επλήρουν
2782 1710 3011 1782 θέλημα.
3069 1711 3297 1764 Εἴδωλον
3349 1711 3457 1780 γάρ
3486 1709 3565 1779 (ὣ
3614 1710 3891 1778 τολμηρᾶς
3922 1707 4021 1759 καὶ

2451 1800 2611 1854 ἀθέου
2642 1800 2892 1871 γλώσσης
2921 1803 3018 1855 καὶ
3045 1802 3281 1865 διανοίας
3297 1804 3566 1872 άπήχημα
3583 1804 3621 1871 l)
3647 1802 3745 1873 τὴν
3774 1818 4022 1869 προσκυ-

2451 1891 2617 1962 νητὴν
2646 1892 2829 1946 εἰκόνα
2858 1894 3095 1963 Χριστοῦ
3116 1934 3132 1959 ,
3162 1894 3230 1948 δι’
3257 1888 3326 1965 ἦς
3356 1893 3591 1947 εἰδώλων
3615 1894 3789 1964 πλάνη
3818 1892 4020 1947 διιῖικε-

2450 2000 2559 2047 ται,
2594 1984 3035 2055 καθυϐρίζοντες,
3069 1987 3165 2039 καὶ
3198 1986 3399 2048 πάσαις
3429 1986 3598 2056 αὐτὴν
3622 1986 3869 2054 ἀτιμίαις
3903 2001 4011 2036 πε-

2452 2073 2823 2145 ριϐάλλοντες,
2877 2078 2981 2130 άνά
3021 2078 3119 2140 τάς
3170 2078 3376 2147 ἀγοράς
3426 2079 3519 2131 καὶ
3562 2076 3659 2139 τὰς
3705 2075 4017 2145 λεωφόρους

2449 2166 2579 2220 ποσὶ
2626 2169 2988 2231 κατεπάτουν,
3044 2169 3390 2241 περιέσυρον,
3446 2169 3580 2240 πυρί⁵
3628 2167 4011 2238 παρεδίδοσαν.

2448 2256 2635 2327 Θέαμα
2687 2259 3028 2331 Χριστιανοῖς
3074 2259 3336 2325 ἐλεεινὸν,
3389 2259 3481 2313 καὶ
3530 2259 3630 2329 τῆς
3690 2258 4013 2327 Ἑλληνικῆς

2448 2351 2854 2422 Χριστομαχίας
2880 2351 3045 2423 μόνης
3067 2352 3234 2417 ἀξιον.
3253 2353 3333 2406 Τά
3364 2352 3507 2406 αὐτά
3535 2352 3591 2405 δὲ
3617 2352 3709 2405 καὶ
3737 2351 3877 2403 κατὰ
3897 2350 4012 2403 τῶν

2448 2441 2621 2495 ἀλλων
2672 2442 2832 2513 ἱερῶν
2869 2443 3284 2513 εἰκονισμάτων,
3339 2444 3465 2496 ποσί
3513 2445 3779 2512 ταχεινοῖς
3818 2444 4010 2510 ἐκχέαι

2447 2531 2617 2603 αἷμα,
2646 2534 2800 2606 χερσί
2850 2552 2909 2589 τε
2955 2535 3326 2604 παλαμναίαις
3362 2536 3454 2588 καὶ
3485 2533 3731 2605 βεϐήλοις
3774 2533 4012 2603 χείλεσιν

2446 2624 2849 2695 ἐνησέλγαινον.
2889 2628 3002 2680 Καὶ
3058 2627 3219 2697 κόρον
3273 2628 3465 2681 οὐδένα
3518 2627 3618 2695 τῆς
3675 2626 4011 2695 τηλικαύτης

2449 2714 2646 2783 μανίας
2678 2716 2771 2768 καὶ
2800 2715 3184 2787 παραπληξίας
3210 2716 3459 2786 οὐδαμῶς
3483 2716 3783 2785 ἐλάμϐανον
3801 2717 3849 2768 οἰ
3876 2714 4011 2767 ἁλά-

2448 2819 2652 2874 στορες.
2713 2804 2871 2858 Ἀλλά
2916 2805 3026 2858 τῶν
3076 2805 3401 2875 Ἑλληνικῶν
3436 2806 3815 2876 βδελυγμάτων
3852 2804 4009 2858 οὐδὲν

2445 2896 2683 2961 ἔλαττον,
2712 2899 2760 2949 εἰ
2794 2899 2888 2951 καὶ
2915 2900 2989 2969 μὴ
3024 2899 3222 2970 μᾶλλον
3249 2900 3319 2953 τὰ
3346 2901 3685 2970 Χριστιανῶν
3720 2900 3841 2971 ἰερά
3865 2899 4008 2970 σύμ-

2446 2988 2576 3041 ϐολά
2597 3006 2655 3040 τε
2686 2990 2779 3042 καὶ
2812 2991 3211 3061 ἐκτυπώματα,
3235 2992 3323 3045 διὰ
3353 2994 3542 3061 μίσους
3567 2993 3786 3062 ἄγοντες
3806 3034 3821 3057 ,
3854 2993 4008 3045 ἐϐδε-

2444 3080 2716 3133 λύσσοντοο
2746 3080 2813 3133 δι’
2839 3075 2913 3135 ῶν
2937 3082 3119 3146 αὐτοῖς
3145 3085 3238 3137 καὶ
3267 3087 3295 3137 ό
3319 3085 3577 3149 ἄσπονδος
3606 3086 3837 3155 πόλεμος
3864 3086 4009 3139 κατά

2443 3172 2680 3244 Χριστοῦ
2709 3174 2803 3227 καὶ
2829 3173 2937 3227 τῶν
2957 3175 3120 3229 αὐτοῦ
3143 3176 3313 3245 ἁγίων
3335 3180 3705 3250 συνεκροτεῖτο
3728 3179 3821 3232 καί
3846 3179 4008 3249 ἐκρα-

2442 3281 2647 3319 τυνετο.

2514 3355 2599 3410 ιϐ’.
2639 3358 2806 3427 Δῆλον
2830 3359 2937 3429 γάρ
2963 3359 3183 3423 ἅπασιν,
3227 3360 3303 3423 ὡς
3332 3360 3367 3431 ή
3396 3360 3527 3432 τιμὴ
3554 3359 3663 3414 τῶν
3690 3362 4007 3431 εἰκονισμό-

2440 3464 2548 3501 των
2579 3449 2712 3519 τιμὴ
2749 3449 2955 3517 γίνεται
3000 3451 3111 3503 τῶν
3156 3452 3589 3521 εἰκονιζομένων·
3623 3452 3809 3521 ῶσπερ
3836 3453 3933 3505 καὶ
3969 3454 4005 3522 ἡ

2441 3539 2633 3609 ἀτιμία
2678 3544 2759 3619 εἰς
2804 3542 2944 3597 αὐτά
2997 3542 3262 3597 διαϐαίνει
3294 3544 3365 3597 τὰ
3408 3545 3799 3615 εἰκονιζόμενα.
3861 3546 4004 3599 Ἀλλ’

2440 3622 2585 3683 οὗτοι
2613 3629 2681 3684 τά
2699 3631 2793 3684 νέα
2820 3631 2928 3686 τῶν
2944 3634 3341 3704 Χριστομάχων
3378 3633 3645 3688 Ἰουδαίων
3666 3636 3824 3705 γεννή
3834 3653 4001 3703 ματα.

2439 3721 2506 3773 δι’
2560 3715 2636 3775 ὧν
2685 3722 2785 3792 μὲν
2814 3725 2912 3791 τὴν
2948 3725 3151 3796 σεπτήν
3202 3726 3385 3779 εἰκόνα
3422 3726 3698 3797 Χριστοῦ,
3750 3729 3843 3781 καί⁵
3891 3729 4003 3783 τῶν

2438 3810 2603 3863 αὐτοῦ
2648 3811 2817 3880 ἁγίων
2851 3814 3149 3883 ἐνύϐριζον,
3194 3814 3256 3868 τὸ
3305 3816 3624 3886 προγονικὸν
3663 3818 4003 3889 ἀνεπλήρουν

2439 3903 2723 3975 ὑστέρημα
2746 3943 2761 3967 ,
2793 3908 2872 3968 εἰς
2917 3906 2985 3959 τά
3030 3907 3138 3960 τῶν
3178 3907 3445 3961 Ἰουδαίων
3484 3909 3805 3979 τολμήματα
3832 3912 4001 3979 ἐκφε-

2442 3997 2676 4067 ρόμενοι,
2711 3999 2805 4051 καὶ
2839 4000 2992 4069 νικᾷν
3022 3998 3449 4069 φιλονεικοῦντες
3484 4004 3550 4072 τῇ
3592 4002 3861 4073 ὑπερϐολῇ
3897 4003 4002 4072 τῆς

2438 4087 2744 4159 προθυμίας
2775 4089 2900 4151 τοὺς
2942 4091 3290 4160 γεννήτορας.
3322 4090 3401 4144 Δι’
3436 4083 3510 4145 ὧν
3539 4092 3595 4145 δέ
3622 4132 3637 4156 ,
3660 4093 4001 4163 Χριστιανῶν

2437 4180 2496 4231 ἐν
2527 4180 2695 4249 μέσῳ,
2730 4178 2830 4230 οὐκ
2874 4178 3030 4248 ἐσχον
3060 4180 3327 4249 τολμῆσαι
3374 4183 3467 4234 τὸν
3493 4182 3724 4250 Χριστὸν
3758 4185 3850 4235 καὶ
3883 4185 3998 4253 χεί-

2437 4264 2584 4319 λεσιν
2600 4268 3038 4338 ἀπαρνήσασθαι.
3059 4269 3153 4321 καὶ
3172 4268 3336 4323 αὐτοῦ
3357 4270 3566 4323 ἐκείνου
3584 4269 3679 4323 τοῦ
3708 4271 3998 4325 Ἰουδαϊκοῦ

2440 4358 2530 4408 καὶ
2549 4356 2800 4427 πατρῴου
2823 4358 2985 4427 ζήλου
3005 4359 3293 4429 ἠλέγχοντο
3306 4360 3704 4426 διαπίπτοντες,
3724 4364 3817 4413 καὶ
3844 4363 3997 4416 νόθον

2435 4447 2530 4497 καὶ
2562 4448 2761 4516 ταύτην
2789 4450 2966 4502 αὐτῶν
2993 4450 3295 4512 δεικνύντες
3334 4449 3433 4519 τὴν
3460 4452 3711 4521 μίμησιν,
3754 4452 3848 4504 καὶ
3887 4470 4000 4523 μη-

785 4544 1025 4609 spuriam
1047 4554 1236 4594 eorum
1272 4538 1632 4592 imitationem
1661 4536 2011 4606 expressisse.
2044 4536 2169 4591 licet
2199 4552 2336 4591 neu-
2367 4542 2411 4597 ι)
2438 4537 2462 4589 δ

2323 4566 2336 4577 -
2367 4542 2411 4597 D
2438 4537 2608 4607 δαμοῦ
2648 4540 2835 4593 στάσιν
2870 4539 3098 4608 ἔχοντες,
3131 4542 3247 4594 ἀλλ’
3284 4542 3472 4611 ὥσπερ
3501 4543 3579 4612 τῷ
3628 4542 3779 4610 κακῷ
3814 4561 4000 4614 καρω-

784 4636 985 4703 tiquam
1018 4632 1119 4686 sibi
1153 4640 1402 4685 constare
1430 4640 1651 4698 queant,
1683 4630 1779 4685 sed
1814 4630 2068 4685 heretico
2100 4630 2332 4699 quodam

782 4736 1003 4793 stupore
1034 4724 1139 4777 huc
1164 4724 1292 4777 illuc
1316 4724 1505 4777 incerti
1534 4732 1765 4797 aguntur
1791 4731 1848 4777 et
1874 4723 2144 4777 feruntur.
2175 4723 2333 4779 Chri-

780 4816 987 4867 stianos
1026 4827 1084 4866 se
1134 4814 1437 4882 appellant;
1470 4828 1657 4866 verum
1692 4811 1925 4865 eﬂrenes
1963 4819 2150 4865 contra
2176 4811 2334 4865 Chri-

779 4916 925 4958 stum
967 4913 1193 4975 pergunt
1223 4921 1236 4957 :
1266 4904 1570 4957 Judeeorum
1604 4904 1817 4957 titulum
1872 4918 1979 4956 non
2018 4904 2330 4969 admittunt,

781 5007 836 5051 et
864 5007 1043 5050 tamen
1092 5012 1188 5066 per
1245 4997 1383 5050 hanc
1425 5005 1611 5048 contra
1656 4994 1918 5065 imagines
1963 5010 2195 5065 pugnam
2226 5011 2333 5049 non

780 5088 954 5143 solum
984 5088 1171 5141 imitati
1207 5100 1355 5150 sunt,
1394 5088 1487 5141 sed
1529 5096 1584 5140 et
1604 5088 1933 5158 supergressi
1965 5087 2176 5141 illorum
2205 5104 2335 5141 con-

782 5191 861 5235 tra
900 5180 1173 5232 Christum
1198 5180 1477 5232 malitiam.
1501 5177 1639 5232 Cum
1662 5194 1859 5233 nomen
1875 5189 2193 5232 aversentur
2222 5179 2336 5233 ido-

784 5272 1022 5333 lolatriae,
1062 5270 1233 5323 nihilo
1271 5282 1449 5325 tamen
1487 5270 1822 5324 tolerabilius
1854 5285 2014 5340 quam
2039 5270 2333 5325 idololatra:

782 5365 833 5416 in
864 5363 1042 5416 divina
1080 5372 1133 5416 et
1162 5363 1479 5416 intemerata
1506 5363 1936 5417 Christianorum
1969 5364 2218 5433 mysteria
2246 5363 2333 5416 in-

778 5454 1012 5506 saniunt.
1048 5453 1171 5506 ldeo
1211 5465 1390 5506 autem
1442 5464 1659 5523 propter
1690 5456 1821 5506 istos
1859 5469 2049 5508 omnes
2098 5455 2187 5522 qui
2222 5469 2328 5507 non

778 5547 829 5598 id
861 5556 1046 5615 agunt,
1092 5556 1149 5597 ut
1178 5546 1503 5614 degenerem
1539 5548 1708 5609 hanc,
1741 5546 2074 5609 adulteram,
2127 5546 2329 5599 variam

777 5647 829 5688 et
859 5636 1241 5689 confusaneam
1277 5638 1575 5689 doctrinam
1606 5648 1923 5692 aversentur
1951 5647 2005 5691 et
2032 5638 2326 5700 declinent.

778 5736 959 5778 sancta
992 5730 1101 5779 haec
1126 5735 1180 5780 et
1214 5727 1529 5780 universalis
1554 5729 1809 5797 synodus,
1843 5738 2093 5797 tanquam
2123 5729 2327 5798 prolem

777 5819 1034 5884 spuriatn,
1065 5817 1375 5887 ejectitiam.
1408 5830 1461 5871 et
1492 5819 1559 5871 ab
1598 5820 1743 5872 omni
1778 5819 2011 5873 ﬁdelium
2055 5820 2328 5887 nobilique

2438 4630 2620 4694 θέντες
2648 4633 2745 4703 τῆς
2772 4634 3053 4704 αἱρέσεως,
3089 4626 3189 4687 ὧδε
3219 4636 3440 4689 κάκεῖσε
3468 4635 3871 4707 διερριπτοῦντο
3904 4639 4000 4693 καὶ

2437 4726 2826 4796 παρεφέροντο.
2874 4729 3232 4798 Χριστιανοὺς
3267 4729 3368 4798 μὲν
3392 4729 3498 4801 γάρ
3531 4731 3755 4791 ἑαυτοὺς
3792 4732 3999 4800 ὀνομά-

2437 4817 2647 4882 ζοντες,
2682 4819 2825 4872 κατά
2868 4821 3103 4890 Χριστοῦ
3151 4822 3527 4891 ἐφρυάττοντο·
3581 4823 3674 4874 καὶ
3714 4824 3812 4892 τὴν
3862 4823 3998 4876 Ἰου-

2434 4910 2597 4963 δαίων
2620 4911 2809 4981 κλῆσιν
2835 4912 2896 4964 οὐ
2927 4912 3293 4982 προσιέμενοι,
3322 4911 3384 4963 τὸ
3411 4912 3786 4981 Χριστομάχον
3816 4912 3997 4968 αὐτῶν

2436 5002 2769 5073 παρεζήλουν
2806 5002 2893 5056 διά
2920 5004 3017 5074 τῆς
3051 5002 3429 5071 εἰκονομαχίας
3478 5004 3572 5055 καὶ
3606 5005 3994 5074 ὑπερέϐαλλον.

2435 5094 2509 5144 Οὐ
2542 5093 2698 5161 μόνον
2734 5094 2790 5146 δέ
2811 5134 2824 5159 ,
2853 5094 2988 5148 ἀλλά
3019 5095 3113 5148 καὶ
3140 5095 3200 5147 τὸ
3222 5095 3321 5162 τῆς
3350 5093 3789 5165 εἰδωλολατρείας
3812 5099 3998 5151 ἐκκλί-

2434 5199 2611 5245 νοντες
2639 5184 2806 5253 ὄνομα
2824 5224 2839 5249 ,
2870 5185 3017 5238 οὐδὲν
3048 5184 3445 5257 εἰδωλολατρῶν
3468 5186 3793 5258 ἀνεκτότερα
3823 5190 3905 5251 εἰς
3932 5207 3993 5243 τε

2434 5271 2787 5339 Χριστιανοὺς
2818 5273 3012 5337 αὐτοὺς
3046 5276 3140 5328 καὶ
3172 5276 3251 5338 εἰς
3276 5276 3346 5328 τά
3374 5275 3483 5329 τῶν
3508 5278 3845 5347 Χριστιανῶν
3873 5279 3993 5333 θεῖα

2435 5362 2527 5413 καὶ
2576 5363 2815 5431 άχραντα
2864 5366 3138 5436 μυστήρια
3178 5365 3539 5430 ἐπεδείξαντο.
3584 5369 3663 5420 Δι’
3696 5369 3725 5421 δ
3768 5368 3993 5434 τούτους

2436 5452 2555 5519 μὲν,
2586 5454 2699 5505 ὅσοι
2730 5454 2803 5523 μὴ
2831 5456 2926 5523 τῆς
2961 5456 3264 5525 μοιχαλίδος
3290 5458 3491 5527 ταύτης
3523 5460 3615 5511 καὶ
3647 5460 3989 5531 πολυσπόρου

2433 5546 2523 5597 καὶ
2545 5546 3007 5617 συμπεφυρμένης
3038 5547 3195 5617 δόξης
3226 5552 3417 5616 φυγεῖν
3449 5550 3715 5621 ἠθέλησαν
3740 5552 3838 5621 τὴν
3863 5553 3990 5605 δυσ-

2430 5635 2666 5701 γένειαν,
2698 5637 2772 5699 ώς
2819 5637 2948 5691 νόθα
2982 5640 3112 5708 γένη
3143 5639 3236 5691 καί
3260 5640 3469 5706 ἔκφυλα
3508 5642 3609 5710 τῆς
3638 5642 3745 5695 τῶν
3778 5644 3989 5697 πιστῶν

2432 5728 2727 5795 εὐγενείας,
2764 5731 2794 5799 ή
2831 5729 2958 5797 άγία
2993 5731 3087 5782 καὶ
3122 5732 3473 5803 οἰκουμενικὴ
3504 5732 3828 5803 διακρίνασα
3861 5734 3986 5787 σύν-

2430 5818 2545 5881 οδος
2572 5858 2588 5881 ,
2622 5818 2835 5889 δεσμοῖς
2865 5819 3079 5883 ἀλύτοις
3122 5821 3214 5874 τοῦ
3241 5821 3579 5893 άναθέματος
3617 5822 3983 5876 καθυπέϐαλε·
