4248 6444
254 415 364 476 653

1401 406 1928 471 EPISTOLARUM
1969 407 2196 469 LIBER
2230 408 2258 468 Ι

3365 411 3468 474 654

254 521 358 589 τὴν
424 518 482 572 δὲ
526 518 709 571 εἰκόνα
763 519 1000 588 Χριστοῦ
1052 520 1147 572 ⁴ιτοῦ
1180 518 1431 587 ἀληθινοῦ
1464 518 1598 572 Θεοῦ
1643 515 1818 587 ἡμῶν,
1846 515 1931 573 At

1795 533 1818 576 ι,
1846 515 1899 573 Α
1923 515 2179 569 societate
2207 514 2619 579 excludendam,
2666 515 2882 570 vinculo
2910 517 3273 574 anathematis
3302 518 3472 576 indis-

255 612 404 665 κατά
450 611 550 672 τὰς
587 610 847 663 ἀνέκαθεν
892 611 1254 674 ἀποστολικάς
1302 627 1362 663 τε
1409 611 1502 664 καὶ
1540 610 1817 679 Πατρικάς

253 702 583 773 παραδόσεις
601 743 617 766 ,
646 703 739 754 καὶ
764 702 861 766 τὰς
892 702 1000 755 τῶν
1041 702 1200 773 ἱερῶν
1226 702 1433 770 Λογίων
1465 700 1819 770 ὲκφαντορίας

257 795 360 846 ἐπὶ
384 796 519 863 τιμῇ
546 795 643 845 καὶ
666 791 1051 863 σεδασμιότητι
1070 792 1168 846 τοῦ
1199 792 1621 861 είκονιζομένου,
1651 808 1821 861 προσ-

260 884 544 938 κυνεῖσθαι
587 885 683 938 καὶ
717 884 1020 955 τιμᾶσθαι,
1071 884 1272 953 ψήφοις
1332 884 1570 945 ἀπάσαις
1618 883 1817 935 ἐπεκύ-

262 977 439 1047 ρωσέν
483 994 544 1028 τε
606 978 701 1028 καὶ
744 975 1202 1046 ἐπεσφραγίσατο’
1257 974 1355 1045 τῆς
1406 975 1823 1043 προσκυνήσεως

261 1071 361 1121 καὶ
412 1070 576 1139 τιμῆς
614 1068 863 1138 δηλονότι
886 1069 1337 1138 προσαγομένης,
1368 1067 1489 1120 καθ’
1518 1068 1577 1121 ὃν
1625 1067 1823 1137 τρόπον

262 1163 360 1215 καὶ
387 1164 498 1225 τοῖς
524 1161 702 1224 ἀλλοις
736 1162 899 1229 ἱεροῖς
918 1160 1107 1222 τύποις
1136 1161 1231 1213 καὶ
1255 1160 1541 1229 συμϐόλοις
1568 1159 1669 1229 τῆς
1702 1158 1823 1211 καθ’

263 1257 416 1324 ἡμᾶς
448 1254 757 1323 ἁγιωτάτης
786 1253 1041 1324 λατρείας
1070 1253 1501 1324 προσερχόμεθα.
1528 1254 1602 1306 Ού
1630 1253 1738 1322 γάρ
1769 1254 1826 1304 ὲν

263 1348 452 1408 αὐτοῖς
478 1346 713 1415 ἱστῶμεν
750 1348 844 1401 καὶ
888 1346 1378 1416 συμπερικλείομεν
1410 1346 1506 1414 τὴν
1539 1346 1703 1412 τιμὴν
1735 1343 1828 1396 καὶ⁵

266 1437 657 1506 προσκύνησιν,
676 1438 784 1490 οὐδ’
802 1439 877 1499 είς
896 1436 1191 1509 έτερόφυλα
1207 1437 1302 1490 καὶ
1317 1436 1550 1504 διάφορα
1570 1434 1697 1503 τέλη
1714 1434 1826 1504 (25)

268 1529 600 1599 σχιζόμεθα·
671 1529 807 1583 ἀλλά
871 1529 961 1583 διὰ
1029 1530 1125 1597 τῆς
1189 1528 1519 1598 φαινομένης
1574 1526 1826 1598 διαφόρου

270 1623 368 1673 καὶ
400 1623 660 1689 μεριστῆς
704 1619 881 1671 αὐτῶν
914 1618 1207 1688 θεραπείας
1242 1620 1335 1672 καὶ
1371 1620 1788 1688 προσκυνήσεως
1808 1658 1824 1684 ,

271 1711 612 1781 ἱεροπρεπῶς
656 1728 714 1762 τε
764 1711 857 1763 καὶ⁵
910 1710 1224 1779 ἀδιαιρέτως
1272 1711 1353 1773 είς
1396 1710 1493 1779 τὴν
1535 1710 1828 1780 ἀμέριστον

270 1807 489 1875 ἐκείνην
520 1804 723 1874 ένοειδῆ
756 1821 816 1856 τε
846 1807 939 1857 καὶ
966 1804 1210 1856 ἑνοποιὸν
1242 1802 1469 1872 θεότητα
1489 1801 1824 1871 ἀναγόμεθα.

343 1987 412 2033 κ’.
449 1980 603 2033 υῦτω
644 1982 736 2032 τὸν
762 1981 940 2050 τίμιον
965 1983 1196 2052 σταυρὸν
1237 1981 1664 2053 προσκυνοῦμενο
1703 1985 1760 2034 ἐν
1786 1975 1829 2049 ᾧ

271 2072 333 2123 τὸ
367 2074 690 2124 Δεσποτικδν
716 2072 1037 2142 ἐξετανύσθη
1078 2074 1257 2142 σῶμα,
1300 2074 1476 2126 καὶτὸ
1497 2075 1590 2127 τοῦ
1629 2077 1830 2144 κόσμου

272 2164 569 2232 καθάρσιον
600 2162 890 2217 ἀνέϐλυσεν
922 2160 1081 2234 αἷμαο
1120 2166 1215 2218 καὶ
1261 2167 1294 2235 ἡ
1338 2165 1431 2218 τοῦ
1476 2165 1633 2232 ξύ).ου
1671 2166 1830 2234 φύσις

273 2257 392 2317 ταῖς
413 2255 621 2307 ικεῖθεν
650 2256 798 2325 ῥοαῖς
818 2255 1137 2326 ἀρδευθεῖσα
1160 2257 1257 2327 τὴν
1280 2258 1471 2327 ἀγήρω
1499 2258 1643 2329 ζωὴν
1673 2258 1831 2312 ἐϐλά-

277 2363 475 2414 στησεν
502 2348 622 2399 ἀντὶ
647 2347 741 2399 τοῦ
766 2347 1015 2403 θανάτου.
1048 2347 1204 2402 Οὕτω
1226 2349 1320 2402 τὸν
1350 2350 1517 2403 τύπον
1547 2350 1639 2402 τοῦ
1669 2368 1832 2404 σταυ-

279 2439 376 2507 ροῦ
402 2438 832 2508 προσκυνοῦμεν,
862 2440 930 2493 δι’
955 2435 1015 2494 οῦ
1042 2440 1313 2510 δαιμόνων
1336 2441 1617 2495 ἐλαύνεται
1647 2443 1832 2514 στίφη,

278 2533 373 2584 καὶ
424 2531 569 2601 πάθη
621 2531 977 2602 θεραπεύεται
1022 2533 1259 2586 ποικίλα·
1316 2533 1415 2603 τῆς
1451 2534 1596 2599 ἅπαξ
1642 2538 1701 2588 ὲν
1760 2536 1835 2606 τῷ

278 2624 619 2695 πρωτοτύπῳ
677 2626 896 2695 χάριτος
948 2627 1042 2679 καὶ
1084 2626 1363 2697 δυνάμεως
1415 2629 1833 2699 ὲνεργηθείσης,

281 2716 376 2769 καὶ
428 2716 623 2785 μέχρις
674 2716 851 2768 αὐτῶν
900 2716 1008 2769 τῶν
1056 2717 1262 2783 τύπων,
1309 2720 1446 2788 μετά
1497 2720 1597 2788 τῆς
1645 2722 1836 2790 ὁμοίας

282 2808 561 2876 ἐνεργείας
587 2808 1012 2878 συμπροῖούσης.
1037 2810 1253 2863 Τούτων
1277 2811 1563 2883 τοιγαροῦν
1584 2810 1834 2880 ἕκαστον,

283 2901 384 2967 τήν
404 2915 465 2951 τε
492 2900 725 2970 Χριστοῦ
750 2902 929 2954 εἰκόνα
960 2904 1121 2971 φημὶ,
1156 2904 1249 2956 καὶ
1275 2904 1437 2957 αὑτὸν
1464 2905 1555 2957 τὸν
1585 2906 1836 2975 σταυρὸν,

286 2989 462 3059 καὶδὴ
498 2991 591 3042 καὶ
618 2990 713 3042 τοῦ
743 2990 975 3061 σταυροῦ
1008 2994 1099 3045 τὸν
1132 2994 1321 3056 τύπον,
1353 2995 1745 3066 παραπλησίως
1772 2998 1836 3066 τῇ

288 3080 672 3150 σεὸασμιότητι
723 3083 815 3135 καὶ
857 3085 1222 3155 προσκυνήσει
1262 3084 1628 3154 ὲξοσιοῦντες,
1656 3088 1757 3141 οὐκ
1783 3090 1840 3141 ὲν

285 3172 467 3236 αὐτοῖς
518 3173 932 3243 περιγράφομεν
979 3176 1074 3227 καὶ
1123 3179 1504 3248 περιορίζομεν
1546 3179 1642 3251 τὴν
1677 3181 1841 3251 τιμὴν
1871 3223 1913 3281 c

290 3266 383 3318 καὶ
411 3267 474 3317 τὸ
503 3266 686 3329 σέϐας,
721 3266 836 3319 ἀλλ’
865 3269 945 3331 είς
975 3270 1064 3321 τὸν
1096 3270 1161 3323 δι’
1184 3274 1331 3341 ἡμᾶς
1355 3273 1845 3344 ὲνανθρωπήσαντα

289 3357 507 3425 πλούτῳ
548 3358 953 3427 φιλανθρωπίας
998 3361 1207 3427 ἀφάτῳ,
1260 3362 1357 3414 καὶ
1390 3364 1481 3414 τὸν
1524 3365 1661 3433 ὑπὲρ
1692 3364 1847 3433 ἡμῶν

291 3448 654 3501 ἐπονείδιστον
699 3448 927 3501 θάνατον
960 3450 1221 3513 ἑκουσίως
1270 3453 1637 3521 ύπενεγκόντα
1665 3496 1679 3518 ,
1720 3455 1848 3507 ταύ-

290 3555 397 3606 την
427 3538 768 3607 ἀναφέρομεν
795 3540 888 3591 καὶ
919 3539 1258 3609 ἀνιεροῦμεν.
1290 3541 1445 3595 Οὕτω
1471 3544 1534 3611 δὴ
1570 3544 1659 3596 καὶ
1691 3546 1849 3607 ναοὺς

293 3628 485 3694 ἁγίων,
519 3630 613 3680 καὶ
649 3630 882 3697 τάφους,
928 3632 1021 3683 καὶ¹
1058 3631 1317 3701 λείψανα,
1367 3637 1576 3697 πιστοῖς
1617 3636 1851 3706 βρύοντα

296 3720 467 3781 ίάσεις
485 3723 533 3782 ⁸,
572 3720 777 3786 πιστῶς
810 3724 1238 3794 προσκυνοῦμεν,
1270 3727 1362 3779 τὸν
1396 3729 1595 3791 αὐτοὺς
1628 3731 1645 3765 ί
1695 3730 1851 3795 δοξά-

297 3829 468 3865 σρντα
521 3814 754 3882 Χριστὸν
798 3814 889 3866 τὸν
935 3814 1067 3869 Θεὸν
1108 3816 1262 3887 ἡμῶν
1320 3819 1709 3888 μεγαλύνοντες
1759 3824 1852 3875 καὶ

296 3905 764 3973 ἀνευφημοῦντες·
804 3908 898 3959 καὶ
930 3906 994 3977 δὴ
1026 3910 1122 3960 καὶ
1153 3910 1206 3961 εί
1232 3927 1284 3961 τι
1311 3909 1547 3974 τούτοις,
1581 3914 1721 3964 κατά
1757 3914 1851 3974 τὰς

302 3995 569 4061 μυστικὰς
601 3998 694 4047 καὶ
725 3996 887 4064 ἀγίας
934 3999 1089 4068 ἡμῶν
1130 4000 1379 4062 τελετὰς,
1418 4005 1532 4054 ἐστὶ⁸
1562 4003 1851 4073 παραπλή-

298 4101 437 4148 σιον,
484 4084 574 4138 διὰ
619 4086 719 4156 τῆς
760 4090 816 4138 ὲν
856 4088 1039 4151 αὐτοῖς
1091 4091 1483 4162 ἐνεργουμένης
1535 4093 1741 4166 δωρεᾶς
1794 4111 1853 4146 τε

300 4176 398 4228 καὶ
443 4177 755 4245 εὐεργεσίας
782 4191 805 4218 α
830 4220 845 4241 ,
898 4180 959 4232 τὸ
1002 4183 1227 4251 ἀρχικόν
1268 4201 1327 4236 τε
1373 4186 1466 4237 καὶ
1509 4187 1855 4255 πρωτουργδν

300 4269 472 4322 αἱτιον
502 4269 932 4341 ἑπιγινώσκομέν
966 4290 1025 4325 τε
1055 4276 1145 4327 καὶ
1170 4275 1570 4345 δοξολογοῦμεν.
1602 4278 1677 4329 Δι’
1708 4278 1736 4330 ὃ
1764 4278 1857 4331 καὶ

300 4360 411 4411 τῶν
440 4361 720 4429 μακαρίων
754 4363 975 4415 ἐκείνων
1008 4365 1100 4415 καὶ⁸
1133 4366 1292 4435 ἱερῶν
1322 4367 1577 4437 ἀνδρῶνή
1607 4367 1857 4439 θεοφόρος

303 4450 401 4502 καὶ
428 4451 558 4517 ἀγία
598 4452 902 4522 πανήγυρις
931 4453 994 4505 ού
1041 4454 1199 4521 μόνον
1246 4456 1343 4527 τὴν
1392 4459 1574 4511 εἰκόνα
1601 4459 1854 4529 Χριστοῦ,

1920 606 2134 660 solubili
2183 606 2462 661 innodavit
2500 624 2512 660 :
2552 605 2750 661 Christi
2797 617 2976 662 autem
3021 608 3136 663 veri
3173 609 3268 663 Dei
3298 611 3471 666 nostri

1921 696 2226 767 imaginem,
2251 698 2406 767 juxta
2432 698 2749 752 traditiones
2780 698 2985 767 priscas
3014 697 3231 755 Patrum
3260 709 3317 755 et
3341 717 3473 772 apo-

1908 787 2179 841 stolorum
2206 797 2262 842 et
2284 803 2562 843 sacrorum
2594 788 2935 843 oraculorum
2975 788 3389 856 declarationes,
3419 794 3472 847 in

1924 881 2180 935 honorem
2211 891 2266 937 et
2285 881 2490 936 cultum
2518 882 2889 950 repraesentati
2916 881 3244 939 adorandam
3288 894 3345 940 et
3374 885 3475 939 bo-

1922 976 2240 1039 norandam,
2271 975 2647 1030 communibus
2677 974 2946 1043 suffragiis
2975 977 3169 1030 sanciit
3196 987 3248 1031 et
3274 978 3474 1032 conﬁr-

1925 1065 2121 1128 mavit;
2151 1066 2299 1119 cultu
2340 1064 2596 1118 nimirum
2639 1074 2693 1118 et
2744 1066 2948 1120 honore
2979 1066 3057 1120 sic
3088 1066 3306 1132 habito,
3338 1082 3474 1135 quo-

1926 1159 2086 1213 modo
2108 1173 2323 1229 quoque
2352 1158 2498 1229 signa
2546 1167 2601 1212 et
2636 1160 2873 1229 symbola
2917 1160 3246 1214 sanctissimi
3303 1160 3476 1214 nostri

1926 1249 2100 1304 cultus
2124 1250 2360 1304 solemus
2386 1250 2681 1305 celebrare.
2714 1248 2899 1319 Neque
2928 1252 3067 1304 enim
3104 1252 3158 1304 in
3189 1253 3376 1307 iisdem
3406 1252 3478 1307 ita

1928 1341 2225 1397 insistimus
2248 1344 2521 1396 utcultum
2541 1351 2596 1396 et
2620 1343 2877 1396 honorem
2902 1343 3142 1397 debitum
3162 1344 3355 1398 ibidem
3372 1346 3482 1400 cir-

1928 1433 2376 1497 cumscribamus,
2410 1434 2503 1487 sed
2530 1448 2631 1487 nec
2674 1432 2727 1485 in
2756 1433 2961 1486 alienos
2983 1448 3012 1485 a
3045 1433 3242 1501 pietate
3266 1434 3399 1489 ﬁnes
3427 1444 3483 1489 et

1928 1526 2169 1580 diversos
2216 1525 2574 1590 diiiindimur;
2624 1525 2717 1579 sed
2763 1540 2860 1593 per
2908 1527 3286 1591 conspicuam,
3326 1527 3482 1582 diﬂ‘e-

1928 1626 2135 1671 rentem
2192 1628 2247 1672 et
2316 1618 2540 1672 divisam
2602 1632 2790 1671 eorum
2853 1617 3253 1672 venerationem
3321 1629 3484 1687 atque

1928 1710 2151 1773 cultum,
2183 1710 2344 1764 modo
2366 1709 2600 1777 quodam
2619 1724 2773 1762 sacro
2800 1718 2853 1762 et
2876 1708 3059 1762 divino
3083 1724 3146 1764 ac
3171 1709 3483 1775 indiscrete,

1930 1800 1995 1854 ad
2026 1800 2188 1862 illam,
2222 1815 2340 1869 qua:
2364 1809 2446 1854 est
2473 1801 2727 1862 indivisa,
2767 1800 2947 1863 unica,
2980 1801 3130 1854 unita
3157 1810 3210 1855 et
3232 1802 3487 1856 unionem

1861 1870 1903 1927 Β
1936 1906 2229 1961 procurans
2257 1891 2595 1947 divinitatem
2627 1891 2965 1946 deducimur.

2002 1982 2090 2037 20.
2141 1984 2221 2036 Ad
2271 1984 2418 2037 hunc
2467 1983 2688 2037 modum
2743 1991 2798 2036 et
2855 1984 3217 2038 venerabilem
3274 1999 3487 2039 crucem

1934 2073 2240 2134 adoramus,
2297 2073 2352 2126 in
2400 2089 2506 2143 qua
2562 2072 2774 2127 Domini
2827 2089 3023 2143 corpus
3076 2076 3490 2141 extendebatur,

1937 2164 2078 2220 unde
2103 2164 2322 2236 sanguis
2345 2166 2432 2220 ille
2469 2166 2681 2220 ebulliit
2705 2181 2813 2235 quo
2839 2167 3071 2222 mundus
3094 2168 3489 2223 mundabatur:

1935 2255 2067 2327 ligni
2112 2266 2293 2311 autem
2348 2266 2541 2312 natura
2603 2257 2749 2311 illius
2791 2256 3074 2312 stillicidiis
3127 2258 3342 2328 irrigata
3395 2274 3495 2328 pro

1937 2356 2109 2402 morte
2144 2349 2310 2403 vitam
2378 2348 2521 2402 haud
2571 2358 2940 2403 senescentem
2987 2348 3362 2419 egerminavit.
3413 2351 3495 2404 Ad

1941 2440 2085 2492 hunc
2129 2439 2347 2493 modum
2392 2439 2570 2493 crucis
2601 2440 2885 2494 adoramus
2916 2440 3166 2509 effigiem,
3206 2457 3300 2510 per
3335 2458 3495 2511 quam

1939 2531 2149 2601 agmina
2188 2531 2493 2585 daemonum
2542 2530 2870 2601 eﬂ‘ugantur,
2920 2532 3096 2587 morbi
3128 2543 3309 2588 autem
3361 2534 3496 2589 varii

1942 2631 2322 2691 persanantnr,
2358 2624 2613 2677 nimirum
2662 2623 2748 2677 illa
2793 2625 2961 2694 gratia
3003 2636 3057 2679 et
3099 2625 3336 2693 potentia
3378 2642 3498 2695 qua:

1942 2714 2114 2782 prima
2170 2713 2286 2768 vice
2341 2722 2560 2783 operata
2612 2723 2693 2767 est
2739 2714 2792 2767 in
2842 2716 3153 2784 exemplari,
3204 2732 3372 2786 usque
3431 2718 3500 2772 ad

1944 2805 2205 2875 imagines
2238 2816 2293 2860 et
2324 2807 2830 2875 repraesentationes
2859 2824 2980 2862 cum
3020 2810 3320 2863 eademmet
3356 2809 3403 2863 vi
3445 2819 3503 2864 et

1943 2897 2256 2966 operatione
2285 2898 2683 2969 progrediente.
2731 2897 2950 2970 Singula
3020 2900 3181 2970 igitur
3231 2901 3352 2965 ista,
3398 2901 3502 2957 hoc

1945 3000 2047 3053 est,
2074 2990 2270 3045 Christi
2296 2990 2606 3060 imaginem.
2640 2999 2695 3045 et
2722 2991 3006 3060 ipsammet
3033 3007 3269 3052 crucem,
3293 3002 3347 3046 et
3375 2992 3504 3063 (igu-

1948 3098 2061 3136 ram
2087 3083 2282 3144 crucis.
2311 3082 2426 3151 pari
2454 3082 2613 3137 modo
2636 3084 2935 3137 reverentia
2961 3092 3015 3137 et
3034 3082 3345 3137 adoratione
3372 3099 3504 3137 con-

1948 3186 2239 3239 secrantes,
2272 3192 2381 3230 non
2420 3184 2601 3229 tamen
2646 3175 2715 3230 ita
2747 3175 2949 3230 cultum
2988 3176 3500 3240 circumscribimus,

1946 3276 1998 3319 et
2024 3266 2088 3319 ad
2114 3268 2300 3319 eadem
2338 3267 2713 3329 terminamus,
2752 3266 2845 3321 sed
2877 3266 2943 3319 ad
2990 3266 3139 3320 illum
3190 3266 3499 3331 referimus,

1946 3363 2001 3409 et
2030 3356 2084 3409 in
2119 3356 2209 3409 illo
2247 3366 2456 3410 sacrate
2477 3357 2786 3418 statuimus,
2814 3357 2904 3425 qui
2943 3372 3042 3426 per
3080 3366 3135 3411 et
3155 3367 3375 3428 propter
3399 3360 3502 3412 hu-

1949 3445 2091 3497 mani
2129 3446 2343 3513 generis
2384 3460 2623 3499 amorem
2667 3446 3194 3500 abundantissimum
3246 3456 3302 3501 et
3350 3448 3505 3502 inex-

1949 3540 2253 3611 plicabilem
2290 3541 2602 3596 incarnatus
2636 3540 2754 3605 fuit,
2792 3552 2846 3596 et
2876 3551 3067 3611 sponte
3106 3558 3202 3596 sua
3233 3551 3288 3596 ct
3313 3544 3507 3597 volun-

1952 3643 2060 3687 tate
2094 3635 2432 3687 maleilietam
2464 3634 2608 3687 illam
2644 3643 2869 3688 mortem
2905 3646 3091 3689 nostra
3122 3650 3283 3689 causa
3318 3637 3505 3691 subiit.

1951 3726 2030 3779 Ad
2059 3726 2304 3779 eumdem
2338 3740 2542 3778 morem
2577 3734 2889 3779 sanctorum
2925 3726 3193 3787 basilicas,
3226 3727 3506 3796 sepulcra,

1954 3817 2226 3886 reliquias.
2259 3816 2507 3870 fidelibus
2541 3818 2849 3871 curationes
2879 3818 3252 3881 exuberantia,
3279 3819 3509 3872 lideliter

1952 3924 2307 3973 veneramur;
2332 3908 2610 3962 Christum
2639 3908 2892 3961 nimirum
2925 3908 3092 3961 Deum
3117 3918 3385 3972 nostrum,
3411 3910 3505 3978 qui

1954 4000 2031 4054 sic
2063 4015 2157 4054 eos
2194 4000 2529 4069 glorilicavit,
2569 4000 2897 4053 honorantes
2942 4008 2996 4052 et
3035 3999 3284 4053 laudibus
3324 4013 3510 4068 prose-

1955 4099 2202 4159 quentes.
2238 4089 2390 4155 Quod
2421 4090 2463 4143 si
2499 4090 2769 4144 solemnes
2798 4100 2995 4144 nostra:
3023 4099 3078 4145 et
3108 4106 3273 4145 sacra:
3303 4088 3509 4143 festivi~

1958 4192 2095 4236 tates
2126 4191 2180 4235 et
2209 4181 2470 4234 sacriﬁcia
2505 4183 2733 4250 mystica
2766 4181 2968 4249 aliquid
3000 4180 3148 4235 hisce
3176 4180 3350 4235 simile
3374 4179 3426 4232 in
3454 4194 3512 4232 se

1956 4272 2406 4341 complectuntur,
2433 4287 2530 4339 per
2554 4272 2806 4325 virtutem
2844 4271 2985 4325 illius
3014 4272 3199 4341 gratia:
3229 4286 3347 4340 qum
3378 4269 3513 4325 inibt

1957 4373 2234 4433 operatur,
2268 4363 2321 4415 in
2345 4380 2411 4417 eo
2442 4362 2557 4429 ipso
2590 4363 2909 4431 originalem
2941 4370 2995 4414 et
3028 4361 3376 4431 principalem
3417 4361 3512 4413 be-

1958 4457 2137 4512 neﬁcii
2158 4470 2373 4510 causam
2400 4464 2513 4508 tum
2538 4455 2971 4525 recognoscimus
2997 4462 3106 4506 tum
3126 4453 3509 4523 glorificamus.

304 4542 556 4612 καθάπερ
605 4542 812 4613 ἔφημεν
833 4585 848 4607 ,
887 4544 1023 4600 ἀλλά
1046 4564 1107 4614 γε
1138 4548 1201 4616 δὴ
1234 4550 1325 4602 καὶ
1354 4550 1453 4618 τῆς
1484 4553 1855 4622 παναχράντου
1886 4560 1936 4620 1)
1962 4550 1981 4602 Α

1836 4573 1855 4606 J
1886 4560 1936 4620 ι)
1962 4550 2131 4617 Atque
2152 4549 2291 4601 hanc
2316 4547 2385 4599 ob
2402 4560 2619 4598 causam
2640 4560 2791 4598 sacer
2813 4544 2899 4597 ille
2926 4553 2980 4598 et
3010 4544 3116 4597 Deo
3152 4544 3345 4613 plenus
3384 4557 3513 4595 san-

305 4636 399 4685 καὶ
449 4623 821 4705 ἀειπαρθένού
856 4638 1148 4706 Δεσποίνης
1170 4648 1197 4675 ν
1242 4641 1398 4710 ἡμῶν
1434 4645 1690 4697 Θεοτὸκου
1713 4686 1727 4710 ,
1767 4647 1859 4699 καὶ
1961 4656 1982 4694 ε

1835 4647 1859 4698 ηὶ
1961 4649 2169 4694 etorum
2210 4636 2424 4688 Patrum
2468 4642 2523 4686 et
2567 4632 2844 4685 beatorum
2873 4644 3178 4689 consessus,
3210 4643 3318 4681 non
3352 4626 3512 4681 modo

308 4726 526 4778 πάντων
546 4725 654 4779 τῶν
682 4728 848 4795 ἁγίων
872 4729 969 4791 τὰς
1002 4731 1150 4799 ἱερὰς
1179 4732 1406 4795 εἰκόνας,
1432 4734 1549 4785 κατ’
1572 4735 1858 4801 ἀναλογίαν

304 4820 403 4886 τῆς
436 4819 542 4870 τῶν
576 4821 946 4889 πρωτοτύπων
979 4823 1247 4893 ὑπεροχῆς
1276 4825 1369 4876 καὶ
1400 4826 1821 4895 σεϐασμιότητος
1842 4869 1854 4889 ,

306 4909 565 4977 τιμᾶσθαι
611 4910 703 4962 καὶ
739 4913 1191 4977 προσκυνεῖσθαι,
1236 4914 1429 4967 κοινῶν
1477 4916 1859 4986 θεσπισμάτων

304 5000 450 5068 ὅροις
496 5002 864 5072 ὲπεσφράγισέ
901 5019 959 5054 τε
990 5005 1085 5057 καὶ
1120 5005 1451 5076 ἐπεκύρωσε.
1488 5009 1594 5058 Καὶ
1622 5010 1726 5076 γὰρ
1767 5009 1861 5060 κα)⁸

303 5090 374 5141 δι’
414 5091 593 5145 αὐτῶν
624 5094 703 5156 είς
747 5094 987 5146 ὲνοποιόν
1015 5113 1135 5147 τινα
1180 5098 1272 5149 καὶ
1316 5099 1625 5165 συναγωγὸν
1662 5101 1861 5167 ἀναγό-

1963 4729 2124 4800 (quod
2156 4726 2428 4791 diximus)
2474 4722 2886 4781 Christi,vernm
2938 4720 3099 4773 etiam
3154 4719 3509 4779 intemerata},

1961 4836 2170 4888 semper
2195 4816 2407 4887 virginis
2431 4815 2667 4867 Domina:
2697 4826 2897 4866 nostrae
2927 4812 3186 4880 Deiparze,
3218 4821 3273 4865 et
3294 4819 3513 4863 sancto»

1964 4929 2079 4965 rum
2115 4924 2304 4962 omnes
2347 4906 2624 4976 imagines,
2668 4904 2816 4972 juxta
2853 4904 3074 4973 gradum
3115 4912 3167 4955 et
3208 4901 3515 4971 preportio-

1968 5020 2091 5057 nem
2125 5000 2455 5055 excellentia:
2482 5006 2538 5049 et
2570 4995 2934 5050 venerationis
2959 5005 3390 5065 prototyporum,
3410 4993 3513 5047 coli

1966 5105 2019 5148 et
2037 5094 2271 5155 adorari,
2288 5090 2555 5145 communi
2581 5104 2679 5143 suo
2693 5088 2948 5156 suﬂragio
2961 5096 3015 5141 et
3029 5086 3322 5141 dictamine
3338 5095 3513 5139 ratnn:

1574 5250 1803 5303 VARMC
1848 5247 2251 5303 LECTiONES.

385 5377 404 5403 ³
433 5382 521 5433 rp.
548 5367 742 5420 ίάσεσι.
855 5366 873 5401 ί
906 5383 994 5433 γρ.
1018 5366 1175 5419 αὑτά.
1252 5378 1277 5403 ιι
1306 5384 1394 5434 γρ.
1469 5369 1700 5437 χάριτος.

1782 5377 1805 5403 ν
1834 5385 1922 5436 γρ.
1952 5367 2167 5434 Μαρίας
2192 5368 2284 5417 καὶ
2312 5363 2466 5415 δεσπ.

1806 5521 2029 5575 NOTAE.

386 5683 496 5752 (25)
538 5682 703 5748 Τέλη.
745 5680 912 5745 Verti,
970 5681 1133 5749 ﬁrm,-
1184 5680 1427 5735 fortassis
1473 5688 1659 5732 auctor
1693 5678 1862 5752 intel-

314 5754 445 5807 lexit
480 5749 749 5811 ordines.
813 5764 1036 5809 turmas.
1099 5761 1156 5805 ut
1208 5754 1314 5804 sint
1362 5749 1717 5818 στρατιωτικὰ
1765 5750 1861 5799 τά-

316 5841 526 5893 γματα,
589 5826 886 5886 veritatem,
936 5823 1086 5890 quasi
1139 5823 1319 5891 praelio
1372 5830 1641 5883 conserto,
1697 5836 1864 5886 oppu-

1968 5678 2202 5745 gnantia.
2230 5676 2449 5731 Ernilitc
2482 5691 2637 5729 usum
2662 5675 2948 5743 imaginum
2984 5674 3159 5733 «locet,
3198 5685 3249 5727 et
3283 5686 3515 5745 mentem

1971 5744 2109 5799 illius
2155 5749 2365 5815 septimi
2411 5748 2621 5800 concilii
2676 5747 2846 5811 aperit
2902 5755 3090 5797 contra
3139 5744 3513 5807 Iconoclastas,

1968 5835 2102 5886 quas
2124 5829 2271 5872 extra
2299 5817 2665 5872 invitationem
2700 5832 2803 5869 non
2836 5817 3110 5884 processit.
