4248 6444
760 422 863 484 655

1883 422 2141 483 ΡΗΟΤΙΙ
2189 424 2689 486 ΡΑἹἮῘΛΒΟΗΕ
2720 429 2826 487 CP.

3893 440 4002 502 656

761 541 817 581 et
837 531 1050 582 firmum
1085 527 1248 581 veluti
1271 527 1511 581 futurum
1543 529 1951 599 consignarunt.
1987 530 2198 584 Etenim
2229 548 2325 601 per
2353 527 2403 582 Λ
2430 550 2438 601 ι

2353 527 2403 582 Λ
2430 532 2574 601 μεθα
2613 533 2867 602 θεωρίαν.
2917 537 3011 589 καὶ
3058 537 3158 604 τῆς
3199 539 3383 608 πρὺςι
3430 541 3490 593 τὸ
3535 543 3834 613 ἀκρότατον
3888 548 4002 596 τῶν

765 621 905 687 ipsas
944 619 1009 672 ad
1052 620 1557 689 contemplationem
1609 621 1892 688 quamdam
1942 623 2220 676 unientem
2267 632 2320 677 et

762 711 1231 781 compaginantem
1284 727 1500 765 sursum
1550 711 1816 775 ducimur,
1863 722 1919 766 et
1953 730 2051 784 per
2100 715 2320 769 easdem

763 802 909 870 digni
951 803 1105 855 fimus
1129 797 1232 870 qui
1260 818 1381 857 cum
1408 819 1619 856 summo
1643 804 2064 858 desideratorum
2082 805 2321 859 omnium

769 910 864 962 per
901 895 1136 947 divinam
1177 905 1227 948 et
1258 896 1719 963 supernaturalem
1753 895 2151 965 eopulationem
2216 899 2317 952 ad-

768 987 1038 1040 uniamur.
1061 986 1184 1040 llaae
1207 997 1385 1039 autem
1423 988 1695 1056 sapienter
1717 989 2004 1042 admodum
2035 1000 2090 1043 et
2119 1004 2320 1043 secun-

766 1080 893 1130 dum
940 1078 1031 1130 Dei
1082 1077 1478 1144 bellt‘pltlcilum
1516 1078 1814 1132 decernens
1857 1079 2092 1148 synodus
2142 1080 2322 1134 deter-

766 1173 994 1224 minavit
1030 1192 1040 1224 :
1075 1182 1237 1240 atque
1287 1172 1357 1225 ita
1403 1173 1640 1241 depulsis
1697 1174 1965 1226 haereseos
2020 1175 2222 1227 morbis
2268 1183 2324 1227 et

768 1263 1102 1316 immunditia
1133 1279 1161 1316 a
1198 1280 1356 1333 grege
1397 1263 1606 1316 ratione
1646 1262 1892 1331 praedito,
1934 1264 2091 1318 nobis
2137 1263 2322 1318 Eccle-

767 1355 898 1404 siam
957 1355 1364 1421 reprmsentavit
1419 1354 1471 1405 in
1521 1367 1837 1422 recuperato
1880 1371 1978 1408 suo
2026 1367 2221 1409 ornatu
2272 1365 2327 1409 et

770 1443 1174 1509 pulchritudine
1233 1444 1605 1511 conspicuam,
1656 1455 1711 1497 ct
1752 1454 2004 1514 tanquam
2052 1462 2324 1514 sponsam,

768 1551 873 1586 non
908 1535 1120 1602 quidem
1165 1536 1324 1587 bullis
1355 1545 1448 1588 aut
1486 1536 1650 1590 clavis
1698 1547 1941 1589 ornatam
1991 1537 2188 1601 aureis,
2231 1537 2326 1591 sed

2423 625 2667 696 ὀρεκτῶν
2707 627 2774 679 δι’
2816 627 2988 695 αὐτῆς
3021 630 3319 701 ἁξιούμεθα
3353 632 3504 696 θείας
3559 637 3651 687 καὶ
3684 638 4002 707 ὑπερφυοῦς

2428 718 2744 785 συναφείας.
2777 717 2936 771 Ἀλλά
2985 719 3158 773 ταῦτα
3209 721 3308 792 μὲν
3352 725 3531 791 σοφῶς
3577 743 3635 778 τε
3667 728 3761 780 καὶ
3801 729 4000 798 θεαρέ-

2430 825 2570 871 στως
2600 809 2931 878 τελεσαμένη
2954 809 3358 884 (26),διώρισεν
3380 832 3396 847 ⁸
3427 818 3609 870 πᾶσαν
3627 818 3683 871 δὲ
3715 821 4004 890 αἱρετικὴν

2429 899 2584 952 νόσον
2614 901 2708 952 καὶ
2747 904 2931 954 πᾶσαν
2956 903 3227 971 ἀκοσμίαν
3254 906 3353 974 τῆς
3381 905 3603 977 λογικῆς
3631 909 3833 979 ἀγέλης
3886 912 4001 963 ἀπ-

2428 991 2697 1054 ελάσασα,
2723 993 2813 1046 τὸν
2842 996 3036 1045 οίκεῖον
3069 995 3272 1063 κόσμον
3307 998 3397 1049 καὶ
3425 998 3486 1050 τὸ
3514 1000 3708 1061 κάλλος
3737 1001 3837 1070 τὴν
3878 1003 4004 1055 Ἐκ-

2430 1083 2654 1152 κλησίαν
2692 1083 3139 1137 ὲπαναλαδοῦσαν
3173 1088 3416 1153 ὑπέδειξε
3440 1099 3493 1156 γ,
3525 1093 3616 1144 καὶ
3641 1089 3728 1146 οἷα
3756 1095 3819 1162 δὴ
3861 1093 4002 1163 νύμο

2431 1194 2557 1244 φην,
2607 1179 2705 1230 οὑκ
2751 1181 2808 1230 ὲν
2855 1187 3183 1250 κροσσωτοῖς
3227 1188 3484 1255 χρυσοῖς,
3526 1187 3642 1240 ἀλλ’
3690 1190 3746 1239 ἐν
3784 1188 3950 1258 ἱεροῖς
3978 1197 3999 1222 ¹

2430 1270 2854 1338 ὲξωραῖσθεῖσαν
2887 1275 3280 1346 είκονίσμασιν,
3323 1280 3386 1330 ὲκ
3413 1278 3601 1342 δεξιῶν
3633 1278 3726 1331 τοῦ
3761 1279 4000 1349 νυμφίου

2428 1362 2664 1429 Χριστοῦ
2689 1369 3110 1436 παραστήσασα,
3145 1370 3345 1439 ἱλαροῖς
3370 1372 3466 1422 καὶ
3490 1371 3772 1440 χαίρουσιν
3795 1371 4001 1441 ὀφθαλ-

2432 1455 2552 1519 μοῖς
2603 1454 2938 1524 καθορᾶσθαι
2985 1461 3080 1511 καὶ
3130 1461 3543 1529 ὲναγλαῖζεσθαι
3578 1464 3738 1516 παντὶ
3776 1465 3856 1532 τῷ
3888 1463 4001 1516 τῶν

2429 1542 2636 1594 πιστῶν
2660 1544 2987 1615 πληρώματι
3018 1551 3444 1617 παρεσκεύασεν.

767 1629 934 1681 sacris
975 1629 1276 1682 redimitam
1329 1639 1383 1685 et
1414 1631 1941 1699 resplendescentem
1995 1632 2364 1700 imaguncnlis,
2407 1649 2435 1686 a
2460 1635 2662 1690 Christi
2703 1640 2891 1706 sponsi
2929 1641 3128 1696 dextris
3157 1646 3528 1708 constitutam,
3569 1648 3832 1702 universae
3863 1650 4000 1704 fide-

768 1718 898 1770 lium
929 1717 1264 1771 multitudini
1303 1719 1439 1772 laetis
1484 1729 1537 1773 et
1562 1720 1815 1788 jucundis
1857 1721 2028 1775 oculis
2054 1722 2424 1792 aspiciendam
2451 1735 2506 1778 et
2531 1726 2867 1782 lustrandam
2897 1733 3165 1788 exhibuit.

835 1855 926 1907 2|.
967 1853 1061 1906 Est
1110 1853 1226 1908 haec
1279 1863 1462 1907 nostra
1519 1853 1952 1908 Christianorum
2008 1873 2173 1924 pura,
2229 1857 2324 1911 de-
2356 1863 2401 1920 B
2499 1877 2512 1911 ε

2314 1887 2324 1898 .
2356 1863 2401 1920 Β
2499 1865 2602 1914 κα’.
2638 1860 2785 1929 Αὕτη
2823 1863 2922 1932 τῆς
2958 1865 3194 1928 πίστεως
3229 1868 3387 1936 ἡμῶν
3434 1870 3540 1922 τῶν
3575 1872 3918 1941 Χριστιανῶν

768 1945 953 1998 fazcata
977 1954 1030 2000 et
1047 1945 1385 2014 inculpabilis
1408 1946 1529 1998 tidei
1550 1946 1815 1999 confessio
1836 1964 1849 1999 ι
1869 1957 1953 1998 est
1973 1947 2086 2001 haec
2102 1963 2129 1999 a
2149 1949 2328 2001 divina

768 2038 1030 2104 sapientia
1069 2038 1308 2107 profecta
1351 2038 1708 2107 mystagogit-a
1751 2037 2023 2091 institutio
2067 2039 2329 2093 immacu-

768 2129 857 2182 lati
888 2138 942 2181 et
970 2128 1168 2181 sinceri
1197 2127 1366 2181 nostri
1397 2129 1574 2181 cultus
1594 2167 1610 2192 ,
1653 2137 1706 2181 et
1740 2131 2168 2183 venerandorum
2210 2147 2330 2200 quae

768 2237 833 2275 eo
865 2221 1093 2274 tendunt
1122 2221 1502 2289 mysteriorum
1535 2238 1549 2274 :
1583 2220 1882 2273 secundum
1931 2221 2086 2275 istam
2119 2224 2184 2274 ad
2235 2238 2330 2277 oc-

769 2327 950 2364 casum
1003 2325 1174 2378 usque
1219 2319 1274 2363 et
1325 2311 1528 2364 exitum
1580 2310 1703 2363 vitae
1750 2319 1952 2364 nostrae
2009 2305 2326 2376 sentientes,

769 2403 1070 2465 credentes,
1107 2412 1512 2466 conversantes,
1531 2402 1597 2455 ad
1647 2417 1820 2470 usque
1859 2403 2123 2458 orientem
2162 2407 2327 2459 solem

769 2491 1158 2561 intelligibilem
1191 2491 1491 2543 incedimus
1518 2507 1531 2542 :
1563 2505 1670 2556 quo
1713 2490 2128 2558 pervenientes,
2161 2491 2331 2544 multo

768 2583 1074 2637 evidentius
1130 2592 1185 2635 et
1236 2581 1527 2650 perfectius
1581 2580 1853 2634 radiorum
1925 2581 2213 2649 splendore
2276 2592 2332 2637 et

771 2672 1111 2733 claritudine,
1165 2670 1282 2725 sine
1326 2670 1437 2723 ullo
1483 2684 1702 2735 occasu,
1754 2669 2116 2739 pet-fruemur.
2179 2671 2330 2726 Hanc

771 2780 934 2833 porro
970 2763 1092 2816 fidei
1140 2761 1558 2825 confessionem,
1605 2771 1658 2815 et
1714 2771 1970 2825 vestram,
2010 2779 2109 2832 par
2160 2773 2261 2827 est,
2301 2780 2331 2818 a

775 2858 883 2909 Deo
909 2855 1230 2909 cnstoditam
1266 2854 1630 2922 prudentiam,
1670 2853 1813 2907 dum.
1836 2864 2074 2908 nostram
2117 2855 2333 2925 pietatis

771 2957 970 3002 sortem
1002 2947 1264 3010 intuetur,
1293 2946 1505 3000 sincero
1528 2945 1745 3011 affectu,
1783 2956 1933 3000 recto
1969 2947 2194 3017 judicio,
2228 2947 2332 3002 fide

772 3039 1096 3092 inconcussa
1114 3052 1215 3090 nec
1237 3037 1539 3101 vacillante,
1556 3045 1862 3105 susceptam
1876 3037 2043 3091 semel
2059 3037 2329 3104 adamare,

771 3145 871 3183 nec
887 3131 953 3182 ab
974 3145 1034 3182 ea
1049 3129 1130 3181 vel
1150 3128 1313 3181 latum
1333 3143 1584 3196 unguem,
1601 3128 1919 3181 atldextram
1938 3129 2020 3182 vel
2037 3129 2327 3194 sinistram,

771 3221 1066 3275 declinare.
1121 3221 1271 3273 Hanc
1329 3218 1592 3287 siquidem
1654 3219 2016 3287 pradicarunt
2078 3204 2399 3289 apostoli,c

773 3313 914 3366 hanc
945 3311 1282 3364 universales
1315 3309 1498 3380 synodi
1534 3319 1865 3364 censuerunt
1910 3311 2325 3365 observandam.

771 3408 944 3471 Atque
983 3403 1102 3454 ideo
1142 3417 1247 3453 non
1303 3409 1353 3452 te
1388 3408 1591 3452 tantum
1624 3409 1838 3469 oportet
1882 3401 1932 3452 in
1980 3399 2082 3454 hac
2125 3403 2327 3455 versari

772 3495 1060 3557 sententia,
1089 3492 1152 3545 ad
1185 3493 1331 3544 hunc
1358 3491 1579 3544 modum
1611 3491 1778 3543 Deum
1836 3492 2197 3559 magnificare,
2232 3494 2328 3548 sed

770 3596 824 3638 et
852 3586 969 3638 illos
999 3585 1089 3651 qui
1117 3583 1208 3636 tibi
1245 3592 1498 3652 parentes
1533 3583 1785 3645 subsunt,
1814 3583 1878 3635 ad
1912 3583 2154 3637 eamdem
2187 3585 2327 3637 veri-

771 3687 934 3731 tatem
965 3675 1393 3744 amplectendam
1426 3674 1577 3743 quasi
1614 3673 2006 3735 manuducere,
2051 3676 2104 3726 in
2136 3677 2323 3730 eadem

769 3771 872 3823 fide
902 3768 1170 3839 perfectos
1204 3781 1580 3820 consummare
1623 3774 1853 3835 oportet,
1900 3782 2002 3820 nec
2031 3767 2323 3837 quidquam

770 3860 872 3915 hac
903 3875 1030 3913 cura
1055 3868 1110 3912 et
1141 3857 1465 3927 cogitatione
1500 3857 1647 3925 prius
1678 3860 1760 3911 vel
1791 3859 2066 3926 antiquius
2103 3860 2320 3912 habere.

773 3950 991 4020 Spectat
1036 3949 1178 4003 enim
1233 3963 1420 4001 revera
1464 3949 1529 4000 ad
1578 3947 1810 4001 ofIicium
1860 3949 2156 4017 principis,
2214 3963 2322 4002 non

771 4045 852 4096 sui
878 4045 1045 4112 ipsius
1074 4052 1278 4095 tantum
1297 4041 1482 4094 salutis
1509 4042 1706 4094 habere
1735 4041 2018 4106 rationem,
2048 4057 2234 4094 verum
2269 4051 2325 4096 et

770 4135 882 4205 pari
934 4150 1063 4188 cura
1111 4143 1166 4187 et
1215 4133 1550 4202 providentia
1598 4134 1795 4202 populo
1857 4132 1955 4186 sibi
2017 4135 2324 4188 concredito

769 4227 1097 4296 prospicere,
1131 4235 1190 4278 ut
1217 4231 1281 4278 ait
1313 4226 1552 4294 ejusdem
1577 4225 1669 4278 Dei
1699 4226 1942 4278 eamdem
1961 4227 2320 4296 cognitionem

768 4328 821 4371 ιιι
873 4317 1259 4386 perfectionem
1309 4331 1469 4370 manu
1525 4317 1781 4385 perducta
1828 4315 2136 4370 devocetur.
2203 4315 2318 4371 Noli

769 4409 929 4478 igitur
981 4408 1340 4468 committere,
1375 4417 1432 4459 ut
1467 4423 1568 4460 nos
1612 4421 1707 4476 Spe
1754 4417 1936 4460 nostra
1988 4408 2319 4472 excidamus,

2429 1951 2646 2021 καθαρὰ
2667 1953 2760 2004 καὶ
2786 1953 3084 2024 ἀμώμητος
3107 1956 3395 2025 ὁμολογία’
3426 1959 3563 2031 αὕτη
3601 1963 3702 2032 τῆς
3721 1966 3992 2034 ἀχράντου

2429 2043 2522 2094 καὶ
2553 2043 2855 2112 ἑλικρινοῦς
2879 2057 2903 2085 ι
2938 2045 3188 2116 λατρείας
3219 2049 3398 2118 ἡμῶν,
3426 2053 3520 2104 καὶ
3539 2054 3645 2106 τῶν
3672 2057 3800 2125 περὶ
3821 2059 3998 2127 αὐτὴν

2430 2133 2643 2185 σεπτῶν
2679 2136 3016 2206 μυστηρίων,
3051 2140 3084 2208 ἡ
3121 2140 3376 2210 θεόσοφος
3431 2148 3816 2213 μυσταγωγία·
3853 2153 3993 2203 κατά

2428 2224 2652 2294 ταύτην,
2706 2228 2869 2296 μέχρι
2921 2228 3039 2297 βίου
3091 2231 3332 2303 δυσμῶν,
3395 2239 3488 2289 καὶ
3519 2238 3838 2306 φρονοῦντες
3899 2245 3996 2296 καὶ

2431 2317 2775 2381 πιστεύοντες
2813 2319 2908 2372 καὶ
2959 2321 3388 2394 πολιτευόμενοι,
3439 2330 3575 2398 πρὸς
3603 2331 3700 2403 τὴν
3728 2335 3994 2403 ἀνατολὴν

2430 2407 2522 2499 τοῦ
2549 2410 2738 2499 νοητοῦ
2768 2411 2918 2481 ἡλίου
2955 2415 3310 2485 ἐπειγόμεθα,
3336 2421 3432 2490 τῆς
3461 2424 3668 2478 ἐκεῖθεν
3689 2427 3993 2499 ἁνεσπέρου

2430 2498 2606 2567 αὑγῆς
2647 2501 2740 2552 καὶ
2775 2501 3157 2576 λαμπρότητος
3194 2511 3521 2583 τρανότερον
3563 2532 3620 2568 τε
3663 2518 3758 2570 καὶ
3787 2498 3994 2572 τελειό-

2428 2605 2586 2656 τερον
2651 2591 3070 2660 ἀπολαύσοντες.
3133 2600 3348 2671 Ταύτην
3408 2608 3671 2678 προσήκει
3731 2613 3828 2663 καὶ
3890 2614 3996 2682 τὴν

2431 2678 2702 2750 ὑμετέραν
2731 2681 3129 2756 θεοφρούρητον
3161 2689 3375 2746 σύνεσιν
3414 2693 3534 2764 ήδη,
3578 2698 3714 2765 πρὸς
3739 2699 3828 2751 τὸν
3853 2678 3994 2769 ἡμέ-

2429 2789 2586 2863 τερον
2622 2773 2820 2844 κλῆρον
2874 2777 2972 2847 τῆς
3015 2779 3296 2846 εὐσεϐείας
3348 2785 3661 2856 ἀφορῶσαν,
3710 2790 3995 2863 εἰλικρινεῖ

2430 2860 2690 2928 διαθέσει,
2716 2866 2807 2918 καὶ
2821 2867 3048 2939 γνώμης
3067 2871 3343 2944 εὐθύτητι,
3369 2877 3463 2929 καὶ
3481 2878 3783 2952 ἀδιστάκτῳ
3811 2860 3994 2937 πίστει

2431 2954 2790 3023 ἀποδέχεσθαι
2812 2960 2906 3012 καὶ
2941 2962 3208 3031 στέργειν,
3239 2966 3332 3018 καὶ
3367 2971 3505 3037 μήτε
3534 2969 3682 3041 δεξιᾷ
3712 2975 3848 3043 μήτε
3873 2977 3996 3045 ἀρι-

2434 3049 2619 3118 στερᾷ,
2669 3050 2804 3119 μηδὲ
2852 3052 2946 3103 ἐπὶ
2977 3052 3182 3124 βραχὺ,
3212 3058 3415 3129 ταύτης
3453 3061 3785 3119 ἀποκλίνειν.
3821 3067 4000 3121 Τοῦτο

2432 3137 2540 3208 γὰρ
2571 3140 2678 3191 τῶν
2709 3144 3020 3196 ἀποστόλων
3051 3148 3113 3199 τὸ
3147 3150 3431 3219 κήρυγμα,
3461 3153 3619 3205 τοῦτο
3656 3155 3764 3208 τῶν
3807 3159 3992 3210 οίκου-

2434 3230 2668 3296 μενικῶν
2698 3233 2929 3286 συνόδων
2955 3234 3015 3288 τὸ
3057 3238 3327 3308 φρόνημα.
3361 3242 3451 3294 Διὸ
3475 3244 3537 3294 ού
3569 3244 3728 3313 μόνον
3761 3251 3994 3302 σεαυτὸν

2431 3324 2644 3388 φρονεῖν
2673 3322 2814 3376 οὕτω
2859 3325 2943 3378 δεῖ
2986 3326 3081 3380 καὶ
3117 3326 3222 3400 [τὸ]
3263 3331 3524 3399 δοξάζειν,
3554 3334 3689 3389 ἀλλά
3727 3338 3819 3390 καὶ
3861 3340 3992 3403 τοὺς

2431 3413 2535 3463 ὑπὸ
2565 3413 2623 3465 σὲ
2669 3417 3031 3486 τεταγμένους
3064 3420 3144 3483 είς
3173 3421 3234 3473 τὸ
3265 3423 3398 3476 αὐτὸ
3433 3425 3531 3495 τῆς
3569 3428 3825 3499 ἀληθείας
3854 3434 3988 3500 φρό-

2429 3522 2575 3572 νημα
2605 3514 2980 3578 χειραγωγεῖν,
3015 3516 3108 3566 καὶ
3140 3515 3275 3586 πρὸς
3307 3520 3404 3592 τὴν
3437 3522 3605 3594 αὐτὴν
3635 3527 3990 3595 καταρτίζειν

2429 3599 2631 3662 πίστιν.
2661 3603 2755 3654 καὶ
2787 3604 2954 3674 μηδὲν
2991 3606 3092 3676 τῆς
3119 3611 3374 3681 τοιαύτης
3401 3614 3635 3686 σπουδῆς
3659 3619 3750 3671 καὶ
3784 3621 3985 3686 ἐπιμε-

2427 3687 2571 3781 λείας
2618 3691 2864 3761 ἡγεῖσθαι
2901 3698 3243 3771 τιμιώτερον.
3281 3704 3571 3774 Ἀρχοντος
3609 3709 3717 3778 γὰρ
3748 3710 3824 3773 ὡς
3852 3711 3986 3781 ἀληο

2429 3778 2555 3874 θξῖξς,
2590 3784 2798 3874 μὴτῆς
2837 3786 2969 3850 ιδίας
3003 3790 3162 3858 μόνον
3204 3797 3476 3865 σωτηρίας
3517 3801 3785 3852 ποιεῖσθαι
3819 3778 3984 3874 φρον-

2425 3870 2575 3964 τίδαῃ,
2608 3873 2743 3928 ἀλλά
2785 3879 2878 3929 καὶ
2926 3881 3015 3932 τὸν
3051 3881 3479 3950 ἐμπιστευθέντα
3538 3889 3665 3942 λαὸν
3709 3893 3806 3962 τῆς
3859 3870 3982 3964 ίσης

2425 3960 2607 4025 ἀξιοῦν
2639 3966 2893 4035 προνοίας
2914 4007 2927 4031 ,
2959 3970 3054 4023 καὶ
3082 3972 3160 4034 είς
3206 3974 3304 4042 τὴν
3332 3976 3500 4046 αὐτὴν
3527 3978 3624 4048 τῆς
3653 3960 3982 4047 θεογνωσίας

2425 4059 2779 4123 χειραγωγεῖν
2815 4075 2873 4111 τε
2913 4060 3010 4112 καὶ
3052 4063 3472 4132 προσκαλεῖσθαι
3501 4068 3830 4140 τελειότητα.
3884 4073 3979 4141 Μὴ

2422 4144 2599 4198 τοίνυν
2626 4147 2731 4199 τῶν
2759 4148 2989 4204 ἐλπίδων
3015 4153 3157 4223 ἡμᾶς
3191 4155 3580 4228 διαψευσθῆναι
3610 4163 3870 4234 ποιήσῃς,
3911 4164 3981 4226 ἃς

2422 4234 2539 4324 ήσὴ
2569 4237 2694 4305 περὶ
2715 4237 2780 4291 τὰ
2809 4239 2945 4292 καλά
2970 4245 3107 4313 ῥοπή
3137 4261 3196 4297 τε
3220 4247 3314 4298 καὶ
3330 4249 3553 4320 εὐηκοῖα
3577 4252 3816 4321 παρέσχε
3846 4271 3981 4324 προ-

2427 4323 2712 4379 βάλλεσθαι
2735 4343 2748 4357 ⁸
2783 4329 2915 4398 μηδὲ
2938 4334 3060 4395 τοὺς
3083 4337 3276 4400 πόνους
3302 4340 3392 4391 καὶ
3419 4341 3543 4404 τοὺς
3587 4343 3835 4410 ἀγῶνας,
3882 4323 3979 4409 οὓς

2423 4417 2559 4488 ὑπὲρ
2578 4418 2676 4487 τῆς
2700 4420 2968 4493 ὑμετέρας
2990 4427 3258 4496 σωτηρίας
3281 4431 3643 4502 ἀνεδεξάμεθα
3672 4437 3978 4506 χαίροντες,

766 4499 830 4551 ad
861 4513 1021 4565 quani
1043 4507 1248 4550 tuanos
1282 4495 1558 4548 inclinatio
1577 4496 1630 4548 in
1660 4495 1913 4548 virtutem
1937 4504 1990 4548 et
2015 4495 2318 4549 obedientia
2353 4531 2397 4588 υ
2428 4524 2443 4576 ι

2298 4513 2318 4549 3
2353 4531 2397 4588 ι)
2428 4509 2686 4576 ματαίους
2713 4511 2938 4584 ἐλέγξῃς
2960 4531 2973 4546 ο
3007 4495 3416 4588 μηδ’ίᾶρχεσθαι
3449 4495 3545 4593 μέν
3578 4495 3855 4599 προθυμίᾳ⁴
3881 4495 3975 4583 τοῦ

768 4589 922 4643 facile
949 4588 1212 4641 invitavit.
1251 4586 1391 4650 Noli,
1427 4602 1631 4655 quaeso,
1669 4587 1875 4640 labores
1898 4586 2018 4641 illos
2041 4596 2095 4640 et
2139 4598 2316 4642 certa-

768 4679 930 4742 inina,
968 4677 1165 4729 frustra
1191 4678 1346 4728 nobis
1377 4686 1624 4745 suscepta
1655 4680 1980 4746 redarguere
2001 4717 2014 4741 ,
2046 4687 2100 4730 et
2130 4677 2316 4731 inanes

766 4769 1008 4832 reddere,
1034 4784 1169 4838 quos
1196 4783 1407 4820 summo
1432 4783 1553 4820 cum
1580 4768 1772 4838 gaudio
1797 4770 1847 4821 in
1879 4778 1968 4822 tua
1995 4769 2166 4823 salute
2188 4785 2314 4838 pro-

764 4868 1000 4915 curanda
1039 4864 1454 4915 exantlavimus.
1482 4862 1597 4914 Noli
1627 4863 1863 4932 incipere
1886 4879 2007 4917 cum
2035 4864 2313 4919 alacritate

764 4966 975 5005 summa
1005 4952 1174 5006 divini
1204 4953 1456 5021 praeconii
1486 4970 1644 5008 voces
1679 4955 1953 5024 suScipere
1977 4994 1992 5018 ,
2028 4965 2082 5009 et
2107 4971 2227 5009 cum
2263 4966 2312 5013 te

2423 4599 2566 4650 θείου
2596 4602 2947 4672 κηρύγματος
2986 4607 3336 4679 ὑποδέχεσθαι
3370 4616 3494 4678 τοὺς
3538 4616 3758 4685 λόγους,
3810 4623 3977 4675 αὑτὸν

2421 4689 2720 4762 ἐπιδείξῃς,
2766 4695 2845 4756 είς
2879 4695 3146 4766 ρᾳθυμίαν
3171 4702 3228 4754 δὲ
3257 4705 3356 4773 τὴν
3384 4707 3689 4778 προθυμίαν
3733 4715 3976 4766 καταλύο

2420 4780 2760 4875 σειςινᾲάλλξ
2807 4785 2988 4855 ὅμοιον
3027 4792 3126 4860 μὲν
3173 4796 3237 4865 τῇ
3269 4796 3488 4869 ἀπαρχῇ
3532 4800 3592 4853 τὸ
3618 4802 3796 4868 τέλος,
3835 4807 3975 4875 σύμο

2419 4888 2593 4937 φωνον
2621 4873 2678 4926 δὲ
2708 4874 2805 4944 τὴν
2838 4877 3110 4933 πολιτείαν
3140 4887 3204 4954 τῇ
3253 4888 3451 4954 πίστει,
3485 4892 3660 4946 κοινὸν
3687 4895 3743 4947 δὲ
3769 4873 3977 4962 ἀγαθὸν

2420 4962 2514 5014 καὶ
2545 4965 2730 5030 γένους
2775 4969 2869 5020 καὶ
2903 4971 3160 5037 πατρίδος
3202 4977 3299 5046 τὴν
3345 4980 3444 5050 σὴν
3487 4982 3664 5046 διδοὺς
3723 4987 3975 5050 ἐξουσίαν

1984 5163 2215 5219 νΑιιιλε
2260 5167 2657 5226 LECTIONES.

773 5340 796 5364 ³
827 5354 908 5401 γέ).
960 5339 1051 5386 καὶ

1153 5339 1308 5407 πρός.

1384 5347 1408 5384 γ
1441 5357 1527 5408 γρ.
1570 5340 1844 5402 ἀπέδειξε.
1925 5353 1945 5377 ι
1974 5360 2061 5411 γρ.
2094 5347 2315 5415 νοεροῖς.
2393 5360 2420 5388 ι
2459 5349 2586 5419 Leg.
2626 5351 2965 5422 εἰλικρινοῦς.
3043 5356 3072 5394 ι’
3107 5355 3233 5427 Leg.
3269 5364 3592 5436 καταλύσῃς.

2240 5503 2466 5559 NOTAE.

828 5674 940 5750 (26)
984 5675 1482 5750 Postftelecapévn,
1535 5683 1645 5735 ἀπὸ
1669 5683 1760 5734 τοῦ
1788 5686 1963 5738 κοινοῦ
2000 5687 2306 5740 subintelli-

760 5747 928 5824 gentia
955 5748 1202 5825 synodus.
1223 5747 1340 5825 qna;-
1365 5747 1461 5804 voai
1491 5755 1694 5825 rectius
1710 5755 1996 5825 adderetur
2022 5759 2312 5825 σαφηνείας

770 5817 959 5878 gratia.
992 5819 1332 5882 Κροσσωτοῖς
1372 5822 1638 5888 χρυσέοις.
1668 5824 1867 5877 Alludit
1893 5827 1957 5878 ad
1991 5817 2257 5890 Psaf._'.\u

2562 5694 2714 5778 Πᾶσα
2745 5697 2774 5764 ἠ
2817 5697 2940 5778 δόξα
2969 5700 3064 5767 τῆς
3095 5702 3358 5778 θυγατρὸς
3389 5709 3649 5778 βασιλέως
3680 5716 3880 5772 ἔσωθεν
3909 5726 3969 5776 ἐν

2419 5770 2741 5856 κροσσωτοιίς
2776 5770 3023 5856 χρυσέοις
3059 5770 3512 5850 περιϐεϐλημένη.
3539 5770 3666 5848 Qui:
3693 5770 3968 5856 poetrenia

2419 5847 2519 5882 vox
2560 5832 2642 5901 hic
2671 5832 2856 5889 deesse
2882 5839 3108 5893 videtur.
