4248 6444
251 412 361 473 657

1385 410 1912 470 EPISTOLARUM
1942 411 2167 471 LIBER
2212 411 2258 471 l.

3352 406 3454 468 658

250 523 591 595 καθορᾶσθαι
626 524 721 578 καὶ
750 522 1258 596 ὀνομάζεσθαι,.τὴν
1287 524 1425 595 ἐμὴν
1472 526 1563 576 ἐπὶ
1598 524 1682 577 σοὶ
1716 542 1810 594 χα-
1838 532 1882 589 Α
1913 533 1927 576 1

1776 542 1810 577 ι·
1838 532 1882 589 Α
1913 523 2071 577 talem
2104 524 2400 593 praebueris
2428 524 2833 594 aliquantisper,
2873 522 3004 577 illud
3041 527 3194 575 tuum
3216 520 3453 576 studium

258 617 362 687 ρὰν
388 616 483 670 καὶ
510 614 846 685 εὐφροσύνην
866 615 1111 686 διατήρει
1140 613 1536 678 ἀνεξάλειπτον.

1912 626 2227 672 convertere
2268 618 2321 671 in
2353 617 2615 688 ignaviam
2647 635 2661 669 :
2698 630 2880 669 verum
2915 614 3035 669 linis
3076 614 3229 669 initio
3276 627 3459 667 corre-

252 709 559 778 spondeat;
588 706 711 761 vita:
734 707 1073 761 conversatio
1103 703 1260 759 ﬁdem
1284 704 1582 773 exprimat,
1605 712 1660 758 et
1718 703 1844 758 dum
1886 713 2032 759 tuam
2066 716 2380 775 potestatem
2447 707 2685 761 omnium
2758 705 2926 759 oculis
2969 714 3023 759 et
3059 704 3255 776 linguis
3296 720 3456 758 usur-

254 799 488 869 pandam
509 799 752 861 exhibes,
774 798 824 851 in
854 810 1196 851 communem
1226 804 1280 849 et
1301 795 1513 865 generis
1542 801 1598 850 et
1622 794 1811 863 patria:
1844 795 2147 865 utilitatem,
2196 813 2378 853 meum
2408 797 2475 852 de
2511 807 2561 851 te
2585 796 2837 868 gaudium
2863 804 2916 849 et
2984 795 3148 848 animi
3206 794 3456 849 solatium

254 902 475 955 semper
503 886 796 940 indeletum
831 884 1121 939 custodito.

329 978 432 1049 κβ’.
480 977 619 1031 Ἀλλ’
644 977 744 1045 ὅρα
764 978 827 1047 δή
864 994 953 1047 μοι
978 977 1184 1039 λοιπὸν,
1206 975 1513 1046 φιλόχριστε
1540 976 1636 1029 καὶ
1656 991 1815 1027 πνευο

263 1070 462 1139 ματικέ
491 1070 649 1138 ἡμῶν
692 1068 776 1121 uit
797 1111 812 1132 ,
843 1070 935 1122 καὶ
963 1070 1016 1122 ετ
1052 1087 1102 1122 τι
1135 1068 1263 1123 ἀλλο
1294 1070 1501 1121 κλεινὸν
1530 1069 1623 1121 καὶ⁵
1652 1068 1815 1122 καλὸν

260 1164 356 1214 καὶ
387 1161 618 1230 στοργῆς
640 1160 786 1224 ἀξιον
809 1160 999 1226 ὄνομα,
1026 1162 1125 1231 ὅρα
1155 1160 1439 1231 τοιγαροῦν
1476 1161 1605 1222 ὅσας
1636 1176 1816 1231 παρα-

259 1252 445 1317 τάξεις
476 1252 504 1303 6
530 1251 761 1321 πονηρὸς
788 1252 929 1304 κατά
956 1250 1055 1319 τῆς
1079 1250 1336 1313 εὐσεϐοῦς
1370 1250 1463 1303 καὶ
1493 1249 1662 1318 μόνης
1680 1248 1815 1318 ἀλη-

268 1340 415 1409 θινῆς
447 1340 553 1392 τῶν
588 1338 925 1409 Χριστιανῶν
952 1338 1247 1409 θρησκείας
1274 1336 1689 1406 ἐπαλαμήσατο,
1728 1335 1815 1387 αἱ·

265 1432 448 1502 ρέσεις
524 1430 810 1499 διαφόρους
850 1471 867 1496 ,
897 1431 991 1482 καὶ
1051 1429 1267 1491 στάσεις
1300 1469 1315 1492 ,
1348 1429 1440 1479 καὶ
1495 1426 1699 1496 μάχας,
1724 1424 1819 1477 καὶ

266 1520 540 1590 πολέμους
580 1521 828 1574 ἐπινοῶν.
860 1519 1001 1589 Ὅρα
1046 1519 1103 1572 δέ
1131 1520 1224 1572 καὶ
1251 1518 1427 1581 τοῦτο,
1442 1518 1590 1579 ὅπως
1606 1515 1819 1578 ἁπάσας

263 1610 406 1681 αὕτη
452 1612 872 1681 κατεστρέψατο,
922 1610 1015 1663 καὶ
1062 1610 1287 1679 λαμπρᾶ
1334 1609 1401 1662 τά
1435 1610 1575 1661 κατά
1604 1609 1820 1662 πάντων

264 1705 530 1771 ἀνέστησε
571 1706 828 1772 τρόπαια.
879 1702 988 1754 Καὶ
1027 1701 1190 1771 μηδὲν
1243 1699 1532 1771 θαυμάσῃς
1568 1699 1664 1759 τὰς
1700 1700 1819 1752 κατ’

265 1793 434 1860 αὐτῆς
455 1770 813 1860 λογιζόμενος
845 1770 1095 1852 ἐπινοίας
1131 1789 1223 1842 καὶ
1260 1770 1565 1850 ἐπιϐουλάς.
1599 1789 1818 1859 Πρῶτον
1851 1770 1892 1826 Β

270 1883 370 1951 μὲν
396 1882 524 1952 γάρ,
569 1883 667 1933 οὐκ
707 1882 772 1935 ἂν
800 1881 940 1933 οὕτω
982 1880 1284 1950 περιφανὴς
1318 1881 1410 1932 καὶ
1454 1880 1691 1949 κραταιά
1727 1879 1820 1931 καὶ

267 1972 535 2041 ἐπίσημος
560 1971 647 2024 διά
673 1970 770 2039 τῆς
794 1972 947 2037 νίκης
978 1972 1205 2037 ἐγίνετο,
1231 1972 1279 2022 εί
1311 1970 1473 2039 μηδὲν
1502 1970 1635 2039 αὐτῇ
1667 1968 1824 2021 πολέ-

273 2080 394 2132 μιον
446 2064 821 2116 συνεπλέκετο.
862 2063 1091 2116 Ἔπειτα
1127 2063 1183 2115 δὲ
1219 2063 1309 2114 καὶ
1344 2063 1572 2131 συνορᾷν
1622 2062 1822 2131 ῥᾴδιον,

271 2154 346 2218 ὡς
371 2155 604 2225 ἔνθαπερ
626 2157 653 2208 ό
687 2155 917 2225 πονηρὸς
956 2154 1309 2226 σφοδρότερον
1340 2154 1680 2222 πολεμεῖται,
1712 2155 1826 2206 ἐκεῖ

284 2250 366 2301 ml
390 2247 549 2308 αὐτὸς
580 2248 992 2317 σπουδαιότερον
1021 2248 1086 2299 τά
1120 2246 1218 2317 τῆς
1259 2247 1452 2308 κακίας
1481 2245 1644 2299 αὐτοῦ
1699 2245 1823 2315 βέλη

282 2339 502 2407 πέμπει,
536 2339 629 2391 καὶ
676 2338 741 2390 τά
779 2340 1146 2407 μηχανήματα
1186 2338 1417 2407 ἵστησιν.
1463 2338 1548 2389 Ἐν
1586 2337 1684 2405 μέν
1722 2336 1828 2402 γάρ

284 2433 395 2494 τοῖς
426 2430 604 2493 ἄλλοις
624 2429 852 2493 ἔθνεσιν,
887 2431 1008 2483 ἐπεὶ
1039 2429 1224 2499 μηδείς
1252 2432 1398 2481 ἐστιν
1425 2428 1571 2496 αὐτῷ
1605 2427 1829 2497 σφοδρὸς

280 2521 545 2589 πόλεμος,
574 2521 662 2573 διά
690 2520 850 2573 τοῦτο
895 2521 1015 2573 οὐδέ
1060 2520 1221 2583 αὐτὸς
1268 2521 1387 2573 κατ’
1435 2519 1655 2571 ἐκείνων
1679 2518 1831 2571 ὁπλί-

282 2613 453 2676 ζεται·
481 2615 509 2665 ὁ
534 2613 589 2665 δὲ
617 2613 1001 2682 Χριστώνυμος
1025 2611 1118 2664 τοῦ
1145 2610 1279 2664 Θεοῦ
1309 2610 1454 2673 λαὸς,
1483 2609 1544 2662 τὸ
1574 2610 1743 2676 ᾶγιον,
1772 2610 1833 2661 τὸ

285 2702 553 2771 βασίλειον
596 2703 911 2772 ἱεράτευμα,
958 2703 1076 2755 ἐπεὶ
1111 2700 1229 2753 καθ’
1262 2700 1495 2770 ἐκάστην
1547 2698 1835 2770 κραταιού-

288 2811 438 2863 μενοι
471 2798 537 2864 τῇ
568 2796 776 2859 πίστει,
810 2794 947 2847 κατὰ
976 2794 1084 2845 τῶν
1111 2794 1358 2863 πονηρῶν
1382 2792 1545 2846 αὐτοῦ
1585 2792 1836 2862 πράξεων

290 2890 382 2939 καὶ
406 2887 849 2954 ἐπιτηδευμάτων
879 2886 1215 2954 ἀνδρίζονται
1235 2925 1251 2949 ,
1284 2884 1372 2936 διά
1410 2883 1567 2936 τοῦτο
1592 2884 1839 2943 κάκεῖνος

290 2976 513 3043 μυρίαις
544 2975 858 3037 ἐπιϐολαῖςο
902 2975 997 3027 καὶ
1037 2975 1236 3037 πάσαις
1289 2974 1533 3042 μεθόδοις
1580 2973 1729 3034 τινὰς
1782 2971 1840 3037 ἐξ

1987 973 2077 1028 2'2.
2118 974 2221 1030 Sed
2247 974 2371 1029 vide
2397 975 2634 1039 demum,
2661 989 2841 1043 quasso
2867 984 2938 1035 te.
2974 989 3007 1027 ο
3030 984 3086 1028 ιιι
3116 974 3247 1027 mihi
3270 974 3461 1029 dilecte

1918 1065 1972 1119 in
2034 1064 2250 1121 Christo
2301 1074 2356 1121 et
2410 1066 2702 1136 spiritualis
2760 1065 2856 1129 ﬁli,
2912 1075 2967 1119 et
3026 1066 3069 1121 si
3140 1066 3269 1135 quid
3317 1067 3462 1122 aliud

1917 1158 2172 1213 eximium
2211 1159 2459 1227 usurpari
2503 1164 2682 1228 potest
2727 1166 2782 1211 et
2814 1157 3080 1210 excellens
3125 1171 3321 1210 nomen
3378 1157 3463 1211 di-

1918 1264 2081 1319 gnum
2108 1259 2337 1318 paterno
2370 1249 2460 1303 illo
2488 1263 2597 1319 quo
2628 1257 2680 1302 te
2721 1247 3019 1316 amplector
3040 1246 3271 1310 aﬂectu;
3318 1246 3461 1312 vide,

1918 1341 2157 1410 inquam,
2187 1349 2243 1395 et
2281 1340 2505 1394 adverte
2536 1348 2669 1409 quot
2693 1336 2950 1391 adversus
2987 1336 3131 1390 acies
3176 1336 3347 1390 malus
3373 1336 3465 1390 ille

1912 1433 2121 1487 damon
2150 1441 2341 1487 contra
2381 1433 2549 1501 pium,
2604 1433 2777 1485 solum
2830 1445 3018 1485 verum
3068 1428 3466 1484 Christianismi

1913 1523 2116 1578 cultum
2161 1523 2475 1578 instruxerit
2519 1538 2534 1574 :
2581 1522 2815 1575 haereses
2867 1520 3123 1574 nimirum
3170 1519 3464 1587 plurimas,

1917 1615 2197 1675 tumultus,
2223 1628 2451 1682 pugnas,
2495 1612 2895 1671 contentiones,
2945 1610 3125 1678 praelia
3156 1608 3466 1663 concitavit.

1918 1703 2052 1758 Vide
2085 1712 2263 1757 autem
2294 1700 2749 1771 quemadmodum
2799 1698 3102 1752 Christiana
3157 1698 3329 1766 pietas
3366 1697 3468 1750 ista

1918 1794 2101 1848 omnia
2131 1793 2266 1847 ludit
2305 1792 2633 1862 fugavitque.
2661 1801 2715 1845 et
2743 1789 3097 1844 clarissimum
3127 1788 3250 1841 inde
3274 1788 3470 1841 trium-

1920 1885 2083 1953 phum
2140 1885 2448 1954 reportavit.
2498 1883 2607 1937 Nec
2667 1891 2718 1936 te
2754 1886 2941 1936 subeat
2973 1879 3295 1943 admiratio,
3339 1880 3467 1933 dum

1922 1985 2102 2030 mente
2148 1976 2394 2030 revolvas
2435 1984 2623 2029 contra
2673 1975 2819 2027 illam
2869 1981 3149 2041 susceptas
3195 1971 3470 2024 machina-

1923 2068 2096 2122 tiones
2131 2075 2186 2121 et
2212 2066 2453 2121 insidias.
2482 2066 2751 2135 Imprimis
2776 2064 2919 2118 enim
2938 2076 3275 2130 nequaquam
3300 2062 3470 2115 victo—

1924 2160 2057 2213 riam
2112 2167 2219 2213 tam
2270 2159 2553 2223 illustrem,
2600 2165 2847 2226 potenter
2870 2163 3074 2223 partam
3107 2164 3162 2207 et
3186 2153 3469 2223 gloriosam

1926 2258 2252 2318 reportasset
2279 2249 2580 2304 Christiana
2604 2250 2796 2319 pietas,
2821 2252 2865 2303 si
2901 2266 3021 2304 cum
3071 2250 3218 2304 nullo
3247 2265 3472 2320 congre-

1926 2343 2150 2396 deretur
2184 2340 2513 2395 adversario.
2558 2340 2763 2395 Deinde
2797 2349 2851 2394 et
2896 2341 3024 2394 illud
3070 2340 3224 2395 facile
3271 2340 3475 2394 intelli-

1928 2432 2094 2501 gitur,
2124 2432 2267 2501 quod
2311 2431 2403 2485 ubi
2433 2432 2659 2485 validius
2708 2432 2882 2485 malus
2931 2432 3017 2484 ille
3068 2432 3210 2485 bello
3258 2431 3475 2501 petitur.

1930 2521 2002 2576 ibi
2041 2529 2096 2576 et
2140 2521 2257 2592 ipse
2296 2537 2393 2575 sua
2437 2521 2715 2591 inquitatis
2772 2522 2877 2575 tela
2927 2521 3119 2575 fortius
3168 2522 3386 2584 emittit,
3426 2530 3481 2575 et

1932 2613 2208 2668 machinas
2234 2614 2450 2683 adaptat
2480 2629 2623 2669 suas.
2659 2613 2723 2666 Et
2761 2622 2907 2668 certe
2935 2614 3073 2670 inter
3108 2614 3240 2667 alias
3273 2622 3479 2685 gentes.

1932 2721 1996 2759 eo
2016 2706 2161 2776 quod
2191 2720 2529 2774 nequaquam
2574 2705 2717 2758 serio
2763 2713 2949 2758 contra
3001 2706 3176 2774 ipsum
3229 2706 3481 2768 bellatur,

1935 2814 2037 2853 nec
2077 2798 2191 2868 ipse
2216 2798 2272 2851 in
2295 2798 2576 2851 adversum
2601 2807 2841 2850 armatus
2876 2799 3009 2851 adeo
3048 2797 3238 2851 tendit.
3282 2797 3349 2851 At
3387 2810 3488 2866 po-

1940 2888 2099 2957 pulus
2147 2888 2238 2957 qui
2283 2903 2314 2941 a
2369 2887 2587 2941 Christo
2639 2888 2861 2941 sortitur
2930 2902 3157 2948 nomen,
3208 2888 3357 2961 natio
3399 2885 3487 2939 illa

1941 2989 2149 3044 sancta,
2204 2981 2383 3050 regale
2436 2979 2818 3041 sacerdotium,
2868 2992 2933 3033 eo
2986 2978 3131 3047 quod
3186 2992 3284 3046 per
3332 2976 3489 3031 ﬁdem

291 3067 466 3118 αὐτῶν
496 3066 863 3129 ὑποσκελίζειν
904 3064 1220 3134 τεχνάζεται
1240 3106 1255 3129 ,
1284 3064 1376 3117 καὶ
1406 3063 1715 3116 ἀντιλυπεῖν
1744 3062 1839 3132 τὴν
1866 3097 1907 3154 c
1942 3087 1968 3140 ρ

1815 3080 1839 3113 ν
1866 3097 1907 3154 C
1942 3070 2313 3140 praevalentes,
2348 3070 2589 3139 quotidie
2614 3078 2800 3123 contra
2844 3068 3118 3138 improbos
3144 3067 3312 3135 ipsius
3339 3073 3492 3121 actus

303 3158 625 3227 Ἐκκλησίαν
648 3158 881 3227 Χριστοῦ
907 3157 1253 3224 ἀγωνίζεται,
1279 3159 1326 3208 εί
1353 3156 1445 3208 καὶ
1479 3157 1556 3216 είς
1580 3154 1840 3224 αίσχύνην
1941 3175 1980 3216 ει

1816 3171 1840 3205 ν
1941 3172 1995 3216 et
2032 3162 2278 3216 instituta
2302 3161 2599 3222 decertant,
2626 3170 2681 3215 et
2704 3160 2817 3229 ipse
2844 3174 3064 3230 quoque
3091 3168 3372 3213 sexcenlas
3409 3157 3493 3211 in-

293 3242 442 3311 αὐτῷ
466 3244 515 3295 oi
552 3244 759 3310 ἀγῶνες
802 3245 895 3297 καὶ
924 3244 990 3296 τά
1020 3242 1407 3312 πονηρεύματα
1443 3243 1844 3313 καταστρέφου-

295 3353 379 3388 σιν
398 3353 411 3365 ο
444 3336 555 3388 ἀλλ’
587 3336 725 3389 ὥστε
742 3334 767 3371 ά
794 3336 848 3388 δὲ
871 3336 939 3387 τὰ
964 3337 1058 3405 μέν
1086 3336 1216 3388 ἄλλα
1236 3335 1344 3388 τῶν
1373 3335 1538 3388 ἐθνῶν
1561 3335 1846 3405 ἀδιάκριτα

295 3429 391 3479 καὶ¹
418 3427 796 3496 συγκεχυμένα
836 3428 904 3478 τά
944 3428 999 3477 ἐν
1040 3425 1300 3494 δόγμασιν
1331 3424 1444 3493 εχει
1486 3426 1846 3495 φρονήματα,

297 3522 391 3573 καὶ
421 3520 570 3573 οὐδὲν
602 3520 836 3589 καθαρὸν
884 3519 991 3571 οὐδ’
1020 3521 1096 3582 εἰς
1128 3518 1409 3587 ἀκρίϐειαν
1458 3516 1849 3587 δεδοκιμασμέ-

299 3629 408 3675 νον,
437 3610 524 3662 διά
552 3609 704 3660 τοῦτο
731 3610 786 3659 ἐν
808 3608 1036 3669 ἐκείνοις
1052 3605 1173 3658 οὐτε
1198 3606 1255 3657 τὸ
1275 3604 1701 3675 διεστραμμένον
1725 3604 1850 3672 φαί-

299 3718 472 3755 νεται.
537 3702 623 3753 Ἐν
648 3700 703 3751 δὲ
740 3702 804 3767 τῇ
857 3697 1238 3766 καθαρωτάτῃ,
1290 3698 1382 3749 καὶ
1420 3696 1715 3765 ἁγιωτάτῃ,
1759 3695 1854 3748 καὶ

302 3792 437 3844 πολύ
462 3791 521 3842 τὸ
553 3789 775 3859 ἀκριϐὲς
799 3787 995 3859 ἐχούσῃ
1022 3787 1199 3839 πίστει
1235 3785 1339 3837 τῶν
1366 3784 1724 3855 Χριστιανῶν,
1770 3784 1857 3837 διά

303 3884 363 3936 τὸ
390 3883 506 3935 λίαν
530 3883 695 3950 αὐτῆς
729 3880 1015 3949 εἰλικρινὲς
1054 3880 1155 3931 καϊ
1189 3877 1345 3941 εὐθὲς
1386 3880 1479 3930 καὶ
1529 3878 1858 3949 ἐξῃρημένον

305 3975 399 4028 καὶ
429 3974 723 4043 ἀκήρατον,
749 3971 963 4023 ἐπειδάν
996 3987 1078 4031 τις
1110 3971 1203 4021 καὶ
1228 3969 1419 4038 μικρόν
1448 3986 1498 4020 τι
1531 3968 1859 4038 διαστροφῆς

308 4070 342 4137 ἣ
378 4068 722 4135 καινοτομίας
747 4067 1187 4137 παρεισενεγκεῖν
1217 4066 1560 4135 ἐπιχειρήσῃ,
1585 4064 1779 4117 αὐτίκα
1800 4063 1861 4116 τὸ

310 4161 737 4231 ὃιεστραμμένον
768 4160 861 4211 καὶ
898 4158 1147 4226 κίϐδηλον
1186 4160 1252 4226 τῇ
1280 4156 1575 4226 παραθέσει
1606 4155 1703 4224 τῆς
1728 4156 1862 4225 ἀλη-

311 4251 458 4314 θείας
494 4251 589 4303 καὶ
620 4251 711 4302 τοῦ
755 4249 913 4319 ὀρθοῦ
975 4248 1129 4317 λόγου
1164 4247 1549 4316 καταφαίνεταί
1587 4264 1644 4299 τε
1669 4249 1761 4300 καὶ
1787 4247 1866 4299 δι-

311 4342 612 4411 ελέγχεται,
632 4342 725 4392 καὶ
765 4340 872 4391 οὐδ’
906 4340 999 4390 ἐπὶ
1033 4340 1201 4409 βραχὺ
1226 4340 1286 4390 τὸ
1317 4339 1465 4390 νόθον
1486 4339 1730 4407 γέννημα
1756 4337 1864 4390 οὐδ’

1943 3253 2130 3317 sidias,
2159 3252 2400 3307 diversas
2428 3252 2544 3306 vias
2571 3252 2835 3321 echgitat
2860 3259 2915 3304 et
2933 3250 3297 3312 machinatur,
3323 3258 3383 3304 ut
3410 3248 3495 3302 vel

1944 3350 2133 3402 saltem
2192 3346 2481 3400 nonnullus
2538 3346 2893 3414 supplantare
2949 3354 3111 3413 atque
3167 3344 3240 3397 ita
3294 3343 3496 3397 Christi

1947 3437 2244 3493 Ecclesiam
2291 3450 2523 3490 maerore
2565 3434 2777 3487 allicere
2819 3442 2874 3488 et
2914 3431 3130 3487 tristitia
3156 3439 3379 3500 posset:
3414 3439 3498 3483 ut~

1949 3544 2162 3598 cunque
2180 3527 2396 3582 tandem
2425 3527 2638 3595 incepta
2660 3526 2839 3580 omnia
2858 3535 2911 3579 et
2934 3525 3096 3594 impia
3121 3523 3209 3577 illa
3230 3523 3501 3577 machina-

1952 3630 2134 3675 menta
2159 3620 2212 3673 in
2242 3618 2414 3688 ipsius
2444 3617 2679 3672 dedecus
2706 3632 2965 3672 conversa
3013 3615 3283 3669 desinent.
3313 3614 3419 3669 Sed
3448 3624 3503 3667 et

1954 3714 2068 3767 alia:
2098 3712 2344 3766 nationes
2372 3711 2621 3781 dogmata
2656 3725 2750 3763 sua
2816 3718 2873 3762 et
2916 3708 3214 3762 doetrinam
3255 3706 3505 3761 indistin-

1956 3816 2096 3858 ctam
2138 3811 2195 3857 et
2215 3800 2495 3856 confusam
2524 3800 2743 3863 habent,
2772 3814 2873 3853 nec
2890 3798 3179 3867 quidquam
3209 3797 3350 3865 apud
3390 3798 3507 3851 illos

1958 3892 2271 3947 del'aecatum
2334 3890 2600 3958 reperitur
2674 3897 2767 3941 aut
2810 3902 2933 3940 cum
2962 3901 3090 3940 cura
3154 3885 3505 3940 exasciatum.

1962 3984 2095 4037 Hinc
2122 3991 2206 4036 est
2226 3982 2368 4050 quod
2420 3980 2556 4034 nihil
2588 3980 2833 4034 videatur
2871 3978 3011 4031 inter
3045 3977 3159 4030 illas
3201 3976 3508 4030 distortum.

1962 4072 2162 4127 Verum
2194 4072 2251 4125 in
2269 4072 2357 4125 illa
2390 4071 2766 4133 mundissima,
2798 4068 3158 4123 sacratissima
3190 4076 3245 4121 et
3288 4081 3511 4120 accura-

1966 4164 2168 4217 tissima
2206 4161 2631 4217 Christianorum
2657 4158 2782 4224 ﬁde,
2808 4166 3028 4227 propter
3054 4170 3318 4209 summam
3346 4154 3516 4224 ipsius

1968 4255 2258 4325 puritatem
2291 4261 2348 4306 et
2394 4250 2789 4319 impermistam
2836 4248 3259 4316 simplicitatem,
3300 4255 3519 4315 propter

1974 4343 2348 4398 rectitudinem
2370 4349 2425 4393 et
2447 4339 2714 4393 delectum
2741 4352 2848 4406 quo
2886 4335 3167 4404 prazlertur
3208 4334 3440 4395 caeteris,
3476 4334 3519 4387 si

316 4433 420 4484 ὑπὸ
453 4434 548 4500 τὴν
572 4433 739 4497 αὐτὴν
765 4430 1055 4500 ὀνομασίαν
1082 4426 1239 4497 εἶναι,
1273 4432 1380 4483 τῶν
1404 4431 1641 4483 εὐσεϐῶν
1663 4431 1863 4502 δογμά-
1892 4428 1943 4486 D
1969 4452 1993 4505 q

1845 4461 1863 4471 —
1892 4428 1943 4486 D
1969 4435 2095 4505 quis
2137 4433 2219 4488 vel
2259 4430 2524 4485 tantillum
2580 4429 2634 4481 in
2666 4444 2727 4482 ea
2778 4443 2809 4481 a
2862 4425 3185 4480 rectitudine
3222 4424 3517 4485 declinans,

314 4542 422 4577 των
450 4524 695 4594 οὐδαμῶς
740 4525 987 4592 ἀνέχεται
1019 4525 1050 4588 ἡ
1085 4524 1353 4591 εὐγένεια.
1388 4524 1596 4594 Ὥσπερ
1628 4525 1734 4595 γάρ
1778 4526 1870 4576 ἐπὶ

317 4617 424 4670 τῶν
473 4614 657 4669 κάλλει
685 4615 1046 4685 διαφερόντων
1097 4617 1360 4684 σωμάτων
1417 4616 1512 4668 καὶ
1571 4617 1739 4685 μικρά
1791 4632 1871 4678 τις

321 4708 676 4777 ἐπιγενομένη
715 4707 868 4775 κηλὶς
898 4708 1088 4760 θᾶττον
1116 4710 1402 4775 συνορᾶται
1430 4708 1523 4759 καὶ
1554 4706 1872 4775 πεφώραται

320 4806 387 4869 τῇ
415 4800 708 4869 παραθέσει
736 4799 831 4867 τῆς
864 4800 1053 4866 λοιπῆς
1097 4799 1153 4849 ἐν
1177 4798 1252 4868 τῷ
1290 4799 1497 4867 σώματι
1523 4797 1872 4867 ὼραιότητος,

322 4896 434 4955 τοῖς
459 4891 501 4942 δ’
539 4892 780 4958 αἰσχροῖς
808 4890 903 4958 τὴν
932 4889 1053 4956 ὄψιν
1086 4891 1181 4940 οὐκ
1212 4889 1276 4941 ἂν
1306 4888 1643 4957 ἐξελεγχθείη
1679 4890 1872 4959 ῥᾳδίως

324 4984 394 5036 τὰ
462 4983 557 5049 τῆς
596 4980 975 5050 ἀσχημοσύνης
1022 4980 1166 5049 πάθη
1216 4982 1675 5049 ἐπισυνιστάμενα
1715 4983 1866 5051 (ὑπο-

327 5074 575 5127 λανθάνει
624 5072 730 5140 γάρ
780 5070 877 5138 τῆς
927 5070 1199 5138 ἀμορφίας
1255 5070 1331 5139 τῷ
1386 5074 1635 5137 συγγενεῖ
1676 5072 1769 5124 καὶ
1810 5074 1877 5142 τῇ

330 5164 657 5235 ὀμοιότητι)·
686 5162 828 5213 οὕτω
858 5164 950 5214 καὶ
980 5162 1071 5213 ἐπὶ
1086 5164 1181 5231 τῆς
1205 5161 1311 5212 τῶν
1330 5162 1666 5231 Χριστιανῶν
1688 5164 1881 5233 ὡραιο-

332 5264 496 5326 τάτης
534 5258 606 5316 ὼς
646 5255 859 5325 ἀληθῶς
890 5256 983 5307 καὶ
1028 5254 1422 5324 ὑπερλάμπρου
1466 5258 1756 5326 θρησκείας
1788 5261 1879 5309 καὶ

335 5350 601 5412 πίστεως,
628 5348 730 5401 κᾶν
769 5348 827 5398 τὸ
863 5347 1191 5416 βραχύτατον
1229 5363 1310 5408 τις
1343 5348 1506 5416 αὐτῆς
1537 5349 1877 5421 παρατρέψῃ,

340 5444 580 5514 μεγάλην
618 5441 998 5511 ἀσχημοσύνην
1032 5438 1355 5504 ἐργάζεται⁸
1400 5440 1466 5490 τὰ
1513 5438 1555 5490 δ’
1602 5439 1735 5491 ἄλλα
1779 5442 1884 5492 τῶν

337 5534 505 5586 ἐθνῶν
546 5533 788 5599 δόγματα
810 5572 824 5595 ,
860 5530 1057 5597 πολλῆς
1090 5530 1355 5597 ἀκοσμίας
1384 5530 1475 5581 καὶ
1509 5530 1883 5599 ἀσχημοσύνης

340 5627 604 5695 γέμοντα,
633 5623 886 5692 οὐδεμίαν
913 5622 1055 5691 ἔχειν
1091 5625 1199 5682 τοῖς
1229 5622 1443 5685 οἰκείοις
1482 5625 1731 5692 ἐρασταῖς
1769 5639 1889 5674 συν-

1974 4529 2285 4581 innovatum
2312 4521 2511 4591 aliquid
2556 4518 3038 4577 subiutroduxerit,
3071 4516 3328 4571 continuo
3381 4514 3523 4584 quod

1974 4618 2251 4686 obliquum
2280 4622 2361 4667 est
2393 4621 2447 4665 et
2478 4611 2860 4672 adulteratum,
2885 4607 2929 4661 si
2960 4607 3025 4659 ad
3062 4614 3260 4660 rectam
3283 4604 3525 4658 veritatis

1976 4709 2239 4763 rationem
2268 4705 2532 4773 exigatur,
2556 4712 2610 4756 et
2632 4706 2854 4769 apparet
2878 4707 2933 4751 et
2962 4698 3320 4751 convincitur.
3341 4696 3526 4764 Neque

1976 4809 2122 4853 certe
2185 4795 2291 4865 pati
2349 4802 2528 4863 potest
2570 4804 2829 4861 generosa
2873 4788 2963 4841 illa
3016 4787 3222 4839 indoles
3268 4786 3527 4839 doctrinae

1978 4910 2142 4959 sanae,
2194 4902 2253 4947 ut
2299 4891 2481 4961 spuria
2527 4890 2773 4959 dogmata
2823 4885 2906 4938 vel
2957 4884 3221 4937 tantillum
3270 4880 3529 4949 temporis

1982 4988 2081 5041 sub
2092 5002 2202 5040 uno
2218 5000 2402 5039 secum
2418 4980 2635 5036 nomine
2654 4978 3051 5033 delitescerent.
3064 4970 3527 5037 Quemadmodum

1984 5080 2125 5137 enim
2155 5078 2210 5128 in
2240 5089 2465 5145 corpore
2494 5072 2719 5141 pulchro
2763 5068 2846 5122 vel
2888 5065 3107 5119 minima
3148 5061 3392 5116 labecula
3439 5068 3529 5111 aut

1986 5170 2190 5224 macula
2222 5183 2340 5237 quae
2367 5163 2672 5226 adhaeserit,
2716 5160 2861 5215 cerni
2888 5154 3061 5227 potest
3091 5167 3142 5209 et
3170 5155 3328 5208 citius
3356 5151 3527 5204 anim‘

1989 5259 2213 5322 adverti,
2259 5273 2324 5310 eo
2367 5253 2511 5323 quod
2545 5267 2575 5305 ει
2603 5250 2806 5319 reliqua
2824 5249 3093 5313 discrepet
3114 5239 3533 5311 pulchritudine,

1988 5354 2032 5406 si
2068 5351 2131 5405 ad
2172 5364 2292 5403 eam
2323 5353 2710 5412 componatur:
2746 5348 2828 5393 ast
2852 5339 2905 5391 in
2948 5335 3276 5391 deformibus
3323 5340 3377 5384 et
3418 5331 3533 5383 visu

1992 5436 2257 5506 turpibus,
2291 5448 2410 5501 quae
2449 5429 2710 5499 turpicula
2736 5436 2880 5487 sunt,
2908 5434 3134 5477 nontam
3166 5423 3273 5474 cito
3302 5430 3356 5473 et
3388 5417 3541 5471 facile

1990 5527 2502 5599 deprehenduntur;
2547 5537 2670 5576 nam
2702 5535 2796 5589 per
2831 5515 3188 5573 deformitatis
3232 5509 3538 5566 similitudi-

1997 5637 2119 5674 nem
2149 5629 2205 5673 et
2229 5629 2583 5686 congenerem
2620 5613 2843 5667 formam
2892 5610 3059 5662 latent
3092 5624 3104 5660 :
3135 5606 3206 5660 ita
3236 5618 3448 5673 quoque
3489 5610 3543 5653 et

1635 5755 1861 5810 VARI/ﬁ
1898 5754 2295 5809 LECTIONES.

424 5844 446 5871 σε
482 5830 809 5893 ἐπιϐουλαῖς.
885 5833 906 5867 σ
959 5848 1044 5895 ῃ).
1071 5828 1237 5888 ἄλλως
1264 5845 1338 5880 τέο
