4248 6444
766 396 872 457 659

1921 380 2179 442 ΡΗΟΤΙῙ
2215 378 2715 440 PATRIARCHIF.
2755 377 2862 439 CP.

3883 374 4000 437 660

767 512 820 564 in
852 506 1172 563 Christiana:
1218 499 1488 569 religionis
1520 506 1575 552 et
1617 494 1742 550 ﬁdei
1794 493 2079 563 splendore
2109 508 2173 546 ac
2203 492 2322 562 pul-
2350 502 2395 555 Α
2426 508 2444 544 c

2314 522 2322 533 -
2350 502 2395 555 Α
2426 491 2674 561 αίσθησιν
2700 491 2881 543 δίδωσι
2919 488 3018 558 τῆς
3047 487 3467 558 ἐπιγιγνομένης
3500 488 3875 557 αἱσχρότητος.
3910 491 3991 540 tr.)

767 602 1071 657 chritudine
1100 596 1291 651 accidit
1328 613 1340 648 :
1372 595 1415 649 si
1448 593 1568 662 quis
1598 590 1682 644 vel
1716 587 1980 643 tantillum
2013 587 2067 639 in
2100 586 2183 638 illa
2220 586 2320 637 im-

766 704 1030 748 mutatum
1076 686 1415 760 perverterit,
1477 697 1723 753 magnam
1772 688 2025 748 operatur
2065 675 2321 730 deformi-

766 797 950 847 tatem,
1001 798 1121 851 qua
1181 781 1293 849 ipsa
1347 790 1401 832 et
1452 775 1629 829 statim
1680 769 2138 841 deprehenditur;
2195 782 2319 821 eum

764 888 1076 932 eicterarum
1108 873 1346 943 gentium
1374 868 1638 931 doctrina,
1670 873 1855 933 utpote
1884 862 2150 915 dedecore
2181 859 2319 911 mul-

762 969 929 1037 tiplici
960 965 1154 1021 referta
1183 975 1237 1019 et
1269 962 1620 1031 turpitudine,
1664 960 1869 1014 nullum
1913 955 2070 1025 plane
2099 966 2315 1007 sensum

764 1061 935 1128 ipsius
968 1058 1287 1127 sequacibus
1314 1055 1559 1107 admissae
1587 1046 1935 1121 turpitudinis
1960 1045 2043 1099 vel
2073 1042 2321 1096 notitiam

763 1159 1034 1221 suggerat.
1064 1148 1215 1214 Quod
1261 1149 1436 1217 ipsum
1476 1145 1662 1200 eodem
1695 1145 1854 1195 modo
1892 1137 2320 1201 anjmadvertere

765 1245 888 1299 licet
918 1245 971 1297 in
1001 1242 1211 1296 caeteris
1234 1240 1502 1297 omnibus.
1538 1237 1696 1290 etiam
1719 1234 1927 1287 artibus
1952 1240 2006 1284 et
2037 1228 2315 1282 scientiis:

764 1352 885 1389 nam
918 1335 970 1387 in
1021 1335 1087 1387 iis
1116 1349 1235 1401 quae
1279 1337 1526 1384 constant
1563 1324 1892 1379 exactissime
1972 1319 2051 1374 vel
2096 1319 2319 1372 minima

762 1426 1032 1480 aberratio
1092 1424 1245 1477 facile
1294 1419 1660 1480 discernitur;
1720 1431 1841 1469 cum
1896 1415 1950 1466 in
2006 1410 2317 1480 vulgaribus

760 1520 925 1571 multa
956 1518 1303 1585 negligantur,
1332 1521 1383 1566 et
1412 1526 1511 1563 nec
1542 1511 1596 1561 in
1638 1521 1879 1560 errorum
1927 1520 2090 1559 censu
2158 1516 2319 1569 repu-

762 1620 961 1662 tentur.
994 1608 1067 1660 Ita
1103 1622 1159 1659 se
1192 1621 1277 1658 res
1305 1618 1516 1672 quoque
1563 1600 1722 1653 habet
1769 1608 1821 1652 et
1854 1598 1907 1650 in
1957 1594 2313 1666 principibus,

757 1712 810 1754 et
844 1704 895 1753 in
922 1698 1193 1769 dignitatis
1217 1696 1381 1765 gradu
1411 1708 1572 1761 super
1598 1692 1732 1744 alios
1768 1688 2095 1749 constitutis,
2142 1701 2314 1752 eoque

2432 583 2589 650 μόνον
2616 582 2697 648 δὲ,
2724 582 2860 635 ἀλλὰ
2892 582 2987 635 καὶ
3006 581 3099 634 ἐπὶ
3126 580 3236 633 τῶν
3257 580 3431 632 ἄλλων
3452 580 3641 632 πασῶν
3667 582 3871 648 τεχνῶν
3893 581 3993 630 καὶ

2427 673 2745 743 ἐπιστημῶν
2772 675 2833 726 τὸ
2860 673 2989 727 αὐτὸ
3017 672 3251 725 κατιδεῖν
3273 672 3438 725 ἐστιν.
3478 671 3567 723 Ἐν
3599 670 3698 739 μὶν
3727 671 3833 740 γάρ
3864 673 3994 731 ταῖς

2423 766 2842 834 άκριϐεστάταις
2872 763 3043 818 καὶτὸ
3065 762 3402 834 βραχύτατον
3433 762 3545 815 τῶν
3570 762 3994 831 ἁμαρτημάτων

2426 858 2598 925 ῥᾷστα
2620 858 2941 925 κατάφωρον
2962 856 3191 924 γίνεται*
3217 858 3275 909 ἐν
3294 856 3349 907 δὲ
3369 857 3486 917 ταῖς
3503 852 3789 923 τυχούσαις
3814 851 3991 904 πολλὰ

2425 953 2730 1021 παρορᾶται
2750 990 2764 1013 ,
2800 950 2894 1002 καὶ
2915 948 3021 1001 οὐδ’
3047 950 3127 1010 είς
3149 949 3452 1018 ἁμάρτημα
3469 947 3731 1018 κρίνεται.
3764 947 3827 999 ει
3855 946 3989 1014 βού-

2427 1044 2505 1096 λει
2530 1043 2613 1108 δὲ,
2650 1045 2742 1096 καὶ
2783 1046 2841 1095 ὲν
2884 1042 2983 1111 μὲν
3016 1044 3131 1104 τοῖς
3177 1042 3422 1111 ἄρχουσι,
3449 1038 3675 1093 καὶτῶν
3700 1038 3877 1092 ἄλλων
3915 1041 3987 1108 τῇ

2425 1136 2640 1205 ἐξουσίᾳ
2669 1136 2955 1205 προέχουσι
2974 1174 2989 1199 ,
3019 1134 3251 1203 μάλιστα
3279 1133 3337 1185 δὲ
3366 1128 3446 1193 οἷς
3468 1132 3608 1185 κατὰ
3642 1130 3901 1184 πλειόνων
3924 1131 3990 1181 τὸ

2426 1229 2645 1298 κράτος,
2673 1228 2768 1279 καὶ
2800 1227 2858 1279 τὸ
2887 1225 3080 1295 μικρὸν
3117 1226 3225 1279 τῶν
3254 1225 3608 1293 πταισμάτων
3633 1226 3710 1287 είς
3753 1224 3985 1291 μέγεθος

2425 1321 2655 1390 αίρεται,
2680 1320 2772 1371 καὶ
2798 1321 2930 1371 πᾶσι
2955 1320 3163 1386 γίνεται
3191 1316 3513 1387 περιὸόητον
3531 1333 3545 1346 ⁸
3574 1319 3631 1369 ὲν
3656 1317 3711 1369 δὲ
3742 1318 3854 1379 τοῖς
3884 1318 3989 1386 ἀρ-

2426 1410 2670 1481 χομένοις
2698 1410 2790 1461 καὶ
2817 1410 3221 1479 ταπεινοτέροις
3254 1409 3418 1463 πολλὰ
3448 1408 3558 1461 τῶν
3582 1410 3986 1478 παραπλησίως

2422 1499 2902 1569 διαμαρτηθέντων
2942 1500 3050 1551 οὐδ’
3096 1500 3176 1551 ὃτι
3213 1498 3461 1569 ἐπράχθη
3507 1499 3982 1569 συνεγνῶσθησαν,

2420 1592 2535 1645 ἀλλ’
2568 1590 2913 1661 ὲναπεκρύόη
2946 1594 3040 1643 καὶ
3070 1590 3228 1643 ἔλαθε
3248 1631 3263 1655 ,
3307 1595 3373 1661 τῇ
3423 1591 3741 1661 σμικρότητι
3772 1591 3863 1641 καὶ
3890 1593 3983 1642 εὑ-

2418 1686 2599 1755 τελείᾳ
2623 1682 3128 1736 συναποσ6εσθέντα
3154 1680 3245 1733 τοῦ
3274 1681 3711 1749 ἁμαρτήσαντος.

755 1790 924 1859 magis
954 1768 1059 1856 quo
1087 1786 1328 1856 pluribus
1355 1780 1778 1851 imperitaverint
1806 1796 1818 1831 :
1858 1777 1931 1829 illi
1970 1775 2111 1828 enim
2143 1775 2187 1827 si
2216 1774 2299 1826 vel
2341 1774 2529 1826 leviter
2564 1771 2970 1841 cespitaverint,
3002 1780 3374 1841 exaggeratur,
3401 1780 3457 1824 et
3522 1785 3771 1839 magnum
3831 1768 3986 1840 ﬂagi-

756 1884 890 1933 tium
952 1877 1233 1931 admisisse
1278 1876 1516 1929 omnium
1564 1872 1766 1941 judicio
1828 1871 2155 1923 denotantur
2196 1884 2209 1919 :

2273 1881 2393 1919 cum
2452 1876 2632 1919 tamen
2685 1864 2887 1919 subditi
2951 1872 3007 1918 et
3057 1863 3330 1917 inferioris
3373 1862 3598 1926 ordinis,
3632 1866 3672 1917 si
3706 1863 3985 1917 multoties

753 1972 949 2026 similia
981 1968 1140 2039 plane
1167 1967 1502 2027 admiserint,
1542 1963 1686 2017 nulla
1718 1961 1909 2014 notitia
1947 1968 2225 2021 notantur,
2256 1972 2434 2026 neque
2476 1958 2527 2011 id
2552 1956 2727 2026 egisse
2751 1956 3276 2019 animadvertuntur,
3309 1954 3401 2009 sed
3447 1955 3705 2023 quidquid
3727 1955 3981 2019 fecerim,

753 2082 857 2119 una
885 2080 1005 2117 eum
1032 2062 1292 2132 parvitate
1315 2070 1369 2113 et
1390 2067 1702 2126 contemptu
1728 2056 2083 2115 admittentis,
2108 2064 2161 2107 et
2183 2054 2357 2122 ipsum
2398 2053 2626 2107 celatum
2653 2061 2814 2121 atque
2842 2052 3170 2105 occultatum
3204 2051 3421 2120 penitus
3449 2051 3742 2105 evanescit.

819 2158 910 2211 Ξῖ).
953 2156 1009 2207 In
1069 2161 1329 2223 quantum
1372 2150 1531 2219 igitur
1584 2146 1984 2218 magnitudine,
2046 2145 2307 2215 potentia,
2341 2150 2382 2203 Β

751 2247 1174 2319 pulchritudine,
1199 2243 1540 2297 accuratione
1561 2283 1575 2306 ,
1613 2241 1845 2309 puritate
1867 2278 1880 2301 ,
1921 2247 1977 2291 et
2006 2235 2310 2290 omnimoda

754 2340 853 2391 alia
887 2335 1218 2405 perfectione
1239 2333 1669 2385 Christianorum
1700 2329 1832 2382 tides
1859 2338 1914 2381 et
1941 2327 2127 2397 religio
2147 2342 2311 2397 paga-

750 2446 940 2484 norum
974 2434 1191 2496 superat
1226 2436 1281 2477 et
1311 2421 1640 2476 transcendit
1684 2421 1939 2489 pietatem
1966 2461 1979 2482 ,
2024 2419 2076 2471 in
2104 2427 2310 2471 tantum

750 2521 924 2575 malus
948 2520 1033 2572 ille
1066 2518 1263 2571 bellum
1293 2521 1479 2569 contra
1509 2513 1652 2565 illam
1700 2511 1956 2565 furiosius
1981 2510 2308 2564 concitatum

752 2610 917 2680 gerit;
952 2611 1004 2659 in
1030 2615 1238 2660 tantum
1270 2604 1429 2656 etiam
1478 2600 1793 2655 stolidorum
1834 2608 1887 2653 et
1936 2599 2307 2669 insipientium

754 2699 1034 2753 hominum
1071 2696 1283 2757 delicta,
1307 2692 1372 2745 ad
1409 2692 1461 2746 id
1490 2692 1629 2761 quod
1678 2700 1883 2745 rectum
1919 2699 2001 2743 est
2044 2690 2309 2759 apposita,

751 2791 1167 2849 discernuntur;
1196 2802 1296 2839 nec
1339 2784 1455 2839 fieri
1500 2790 1679 2853 potest
1710 2792 1770 2836 ut
1796 2783 1879 2836 vel
1918 2782 2125 2835 tantillo
2173 2790 2313 2834 tem-

750 2882 899 2951 poris
922 2881 1094 2949 spatio
1123 2878 1461 2940 obvelentur,
1492 2887 1585 2929 aut
1614 2876 1831 2929 modum
1858 2874 1994 2927 clam
2024 2883 2079 2927 et
2100 2886 2310 2927 secreto

753 2970 1085 3041 ingrediendi
1118 2968 1433 3022 sortiantur.
1468 2966 1660 3019 Verum
1682 3006 1695 3027 ,
1741 2964 1885 3033 quod
1923 2964 1977 3017 in
2025 2963 2310 3017 antedictis

752 3060 987 3127 positum
1036 3066 1118 3111 est
1166 3073 1194 3109 a
1233 3057 1418 3118 nobis,
1466 3054 1729 3108 catholica
1771 3062 1825 3107 et
1874 3053 2166 3121 apostolica
2216 3051 2308 3105 Dei

751 3150 992 3207 Ecclesia
1019 3148 1199 3203 omnia
1228 3146 1422 3202 diaboli
1450 3146 1881 3200 machinamenta
1902 3145 2033 3198 nulli
2067 3145 2185 3198 usui
2211 3159 2309 3197 nec

754 3239 952 3293 actioni
979 3254 1098 3292 esse
1127 3248 1181 3291 et
1206 3236 1468 3291 inservire
1498 3236 1749 3298 declarat,
1784 3236 1913 3304 quin
1936 3244 1990 3288 et
2031 3235 2086 3287 in
2132 3238 2304 3304 ipsum

757 3330 1177 3383 machinatorem
1218 3328 1403 3380 eadem
1446 3328 1743 3389 convertit;
1797 3327 1867 3379 ita
1933 3326 2305 3380 haereticorum

757 3421 1117 3489 blasphemias
1159 3418 1312 3474 facile
1358 3418 1590 3481 refutat,
1652 3417 2038 3486 impudentiam
2099 3418 2306 3486 pudore

2485 2140 2590 2209 κγ’.
2623 2141 2787 2193 Ὅσον
2833 2140 2924 2193 οὖν
2968 2141 3217 2211 μεγέθει,
3243 2142 3335 2192 καὶ
3374 2140 3597 2209 κράτει,
3628 2143 3719 2192 καὶ
3748 2142 3975 2207 κάλλει,

2415 2233 2509 2285 καὶ
2534 2232 2941 2303 άκριδείᾳ,καὶ
2985 2232 3334 2303 καθαρότητι.
3372 2231 3466 2283 καὶ
3512 2235 3577 2301 τῇ
3646 2232 3776 2302 άλλη
3830 2235 3981 2304 πάσῃ

2412 2323 2846 2393 τελειότητι,τῶν
2872 2323 2930 2376 ὲν
2953 2326 3060 2386 τοῖς
3082 2323 3624 2393 ἔθνεσιδοξασμάτων
3650 2327 3681 2395 ὴ
3709 2326 3817 2377 τῶν
3844 2327 3976 2395 Χριο

2414 2414 2642 2467 στιανῶν
2665 2415 2846 2477 πίστις
2869 2416 2961 2468 καὶ
2984 2415 3207 2485 λατρεία
3234 2417 3636 2485 ὑπερανέστηκε
3670 2418 3763 2469 καὶ
3785 2418 3980 2488 ἐξῄρη-

2410 2526 2519 2572 ται,
2546 2508 2794 2562 τοσοῦτον
2830 2510 2858 2560 ὂ
2891 2525 2950 2560 τε
2979 2510 3212 2579 πονηρὸς
3244 2509 3323 2571 είς
3368 2509 3457 2562 τὸν
3500 2510 3619 2562 κατ’
3653 2510 3821 2579 αὐτῆς
3876 2513 3977 2561 άν-

2411 2600 2709 2669 ερεθίζεται
2728 2600 2959 2669 πόλεμον
2983 2617 2997 2631 ο
3029 2602 3119 2653 καὶ
3145 2601 3395 2654 τοσοῦτον
3433 2602 3591 2653 πάλιν
3616 2604 3685 2655 τὰ
3713 2602 3769 2667 ἐξ
3804 2602 3977 2672 ἀφρό-

2412 2707 2517 2743 νων
2556 2689 2651 2742 καὶ
2696 2689 3040 2743 κακοϐούλων
3087 2690 3297 2758 ἀνδρῶν
3347 2691 3714 2760 ἁμαρτήματα
3752 2693 3816 2741 ὲκ
3873 2690 3973 2743 τοῦ

2413 2780 2596 2843 εὐθέος
2632 2781 3038 2850 καταφαίνεται,
3070 2781 3191 2850 μηδ’
3222 2781 3314 2832 ἐπὶ
3347 2781 3518 2850 βραχὺ
3549 2780 3731 2851 χώραν
3752 2782 3843 2834 τοῦ
3874 2781 3973 2834 λα-

2414 2872 2525 2923 θεῖν
2559 2872 2782 2941 ἔχοντα,
2832 2872 2965 2942 μηδέ
2997 2888 3120 2925 τινα
3155 2872 3507 2941 παρείσδυσιν
3553 2874 3968 2941 ἐφευρίσκοντα.

2424 2962 2561 3014 Ἀλλ’
2609 2964 2757 3031 ὅμως
2806 2967 2839 3032 ἡ
2870 2962 2966 3014 106
3014 2962 3150 3015 Θεοῦ
3205 2963 3463 3033 καθολικὴ
3513 2967 3604 3015 καὶ
3636 2964 3971 3034 άποστολικὴ

2424 3056 2736 3126 Ἐκκλησία,
2769 3056 2842 3119 ὡς
2877 3057 2971 3109 καὶ
2999 3055 3301 3123 φθάσαντες
3333 3056 3539 3125 ἔφημεν
3562 3096 3576 3117 ,
3614 3058 3707 3109 καὶ
3736 3056 3830 3109 τοῦ
3867 3074 3971 3109 πο-

2409 3148 2574 3217 νηροῦ
2627 3148 2801 3199 πάντα
2834 3147 2901 3200 τὰ
2933 3150 3316 3217 μηχανήματα,
3366 3147 3543 3217 σαθρά
3579 3148 3672 3200 κα)⁴
3707 3148 3969 3218 ἄπρακτα

2408 3241 2753 3310 διελέγχουσα
2774 3284 2787 3305 ,
2836 3241 3035 3311 μᾶλλον
3061 3241 3118 3293 δὲ
3148 3241 3273 3293 κατ’
3301 3240 3462 3293 αὑτοῦ
3495 3240 3701 3292 ἐκείνου
3735 3241 3828 3292 τοῦ
3864 3260 3969 3311 μη-

2408 3332 2830 3403 χανουργοῦντος
2865 3333 3366 3400 ὲπαναστρέφουσα,
3408 3331 3631 3382 καὶτῶν
3661 3331 3969 3399 αἱρετιζόνο

2406 3445 2514 3479 των
2545 3425 2739 3496 ῥᾳδίως
2768 3422 3247 3493 άποσκευαζομένη
3264 3424 3325 3475 τὸ
3353 3422 3686 3491 βλάσφημον,
3711 3424 3803 3474 καὶ
3838 3440 3973 3475 κατ-

754 3514 935 3577 allicit,
980 3523 1166 3567 contra
1216 3527 1406 3565 omnes
1455 3519 1510 3564 et
1545 3510 1727 3563 omnia
1778 3520 2097 3579 potestatem
2155 3510 2305 3563 inex-
2335 3499 2376 3555 C
2408 3538 2431 3571 α

2292 3538 2305 3548 ·
2335 3499 2376 3555 C
2408 3518 2735 3588 αισχύνουσα
2792 3517 2855 3569 τὸ
2900 3517 3271 3585 ἀναίσχυντον,
3319 3513 3460 3568 κατὰ
3505 3515 3719 3567 πάντων
3756 3514 3969 3585 ἄμαχον

753 3604 1109 3671 superabilem
1138 3612 1191 3656 et
1217 3603 1467 3656 invictam
1505 3602 1731 3663 habens,
1772 3602 2059 3670 triumphis
2083 3602 2134 3653 in
2162 3602 2305 3655 salu-

755 3706 860 3748 tem
892 3694 1074 3747 mundi
1102 3694 1297 3759 (luetis,
1329 3693 1711 3763 gloriosissime
1738 3692 2023 3745 exaltatur.

820 3786 908 3839 24.
933 3785 1011 3838 Tu
1046 3786 1164 3840 ideo
1194 3786 1245 3853 (ο
1268 3801 1373 3854 quo
1398 3795 1448 3838 te
1475 3784 1688 3837 nomine
1713 3784 2013 3852 designem,
2039 3791 2099 3836 ut
2128 3797 2305 3836 meum

752 3879 1012 3947 eXplicem
1037 3879 1091 3931 in
1117 3888 1168 3931 te
1194 3879 1356 3931 animi
1383 3878 1632 3931 allectum
1657 3886 1710 3930 et
1729 3874 2099 3944 desiderium?)
2138 3874 2304 3928 divini

754 3970 987 4039 Spiritus
1016 3970 1302 4039 splendore
1350 3980 1584 4023 mentem
1629 3968 1836 4021 habens
1876 3967 2208 4028 irradiatam,
2253 3975 2307 4018 et

752 4062 819 4115 ad
852 4063 1023 4115 lucem
1058 4062 1303 4115 sublatus
1328 4070 1486 4115 recta:
1512 4060 1747 4129 pietatis;
1790 4070 1845 4112 et
1868 4073 2003 4127 opus
2038 4056 2302 4126 ejusmodi

752 4164 1005 4223 operatus
1034 4169 1141 4220 quo
1164 4154 1228 4206 ad
1280 4152 1618 4205 Constantini
1664 4152 1805 4204 illius
1856 4150 2027 4219 Magni
2063 4152 2305 4203 actiones

750 4247 1087 4311 subveharis,
1136 4246 1344 4299 imitare
1388 4244 1563 4303 adhuc
1610 4244 1871 4313 primitias
1914 4243 2034 4296 illas
2083 4244 2301 4306 mentis,

750 4337 981 4400 consilii,
1040 4338 1317 4404 sapientiae
1375 4345 1480 4388 tua:
1526 4352 1538 4387 :
1585 4335 1821 4388 consiste
1868 4332 2097 4386 validius
2144 4348 2305 4401 super

749 4438 956 4497 petram
1011 4427 1153 4491 fidei,
1189 4428 1241 4480 in
1269 4442 1371 4495 qua
1420 4426 1645 4493 pulchre
1693 4441 1787 4494 per
1840 4423 2125 4477 Dominum
2176 4424 2301 4477 fun-

745 4521 903 4573 datus
934 4518 1078 4572 fuisti
1115 4535 1128 4570 :
1162 4518 1590 4587 supermdifieato
1620 4517 1860 4571 actiones
1892 4517 2081 4579 bonas,
2116 4532 2303 4569 emen-

744 4612 883 4663 data:
936 4611 1055 4664 viue
1098 4611 1433 4678 gravitatem,
1484 4624 1647 4677 super
1687 4609 1843 4663 fidem
1902 4608 2298 4662 orthodoxam:

744 4702 852 4753 noli
884 4712 1257 4770 superstruere
1289 4702 1446 4769 ligna,
1489 4699 1689 4763 fenum,
1751 4700 1996 4768 stipulas,
2024 4699 2300 4751 materiem

742 4793 948 4859 peccati
1002 4793 1433 4846 combustibilem
1493 4808 1554 4844 ac
1600 4790 2004 4859 conﬂagrationi
2062 4799 2291 4852 tantum,

742 4879 877 4931 nulli
900 4890 1077 4932 autem
1100 4882 1216 4932 usui
1243 4892 1521 4949 prazlcrca,
1540 4880 1951 4941 inservientem;
1978 4880 2067 4932 sed
2086 4895 2295 4942 aurum,

743 4979 1027 5037 argentum
1062 4970 1313 5033 aedifices,
1348 4982 1402 5023 et
1432 4974 1693 5040 pretiosas
1726 4980 1868 5024 recte
1896 4970 2155 5025 factorum
2191 4987 2293 5023 res.

744 5063 868 5115 Hmc
895 5062 1157 5131 siquidem
1186 5078 1281 5131 per
1319 5065 1696 5117 tribulationes
1741 5063 2014 5131 explorata
2084 5062 2298 5127 puriora

742 5152 1061 5215 redduntur,
1103 5162 1155 5205 et
1183 5154 1495 5221 pretiosiora
1529 5163 1810 5223 apparent.

812 5244 899 5298 25.
944 5246 1000 5298 ln
1058 5247 1325 5299 mandatis
1382 5246 1629 5299 Christus
1682 5246 1982 5299 communis
2040 5246 2295 5298 Dominus

741 5346 925 5390 noster
951 5347 1003 5390 et
1035 5338 1288 5406 magister
1320 5338 1420 5391 hoc
1451 5339 1617 5401 dedit,
1647 5338 1855 5392 fruetus
1887 5338 2139 5391 nimirum
2185 5338 2294 5390 vir-

742 5431 871 5484 tutis
896 5432 1156 5499 prot‘erre,
1192 5448 1291 5486 nec
1329 5433 1479 5485 Iidem
1514 5447 1606 5500 per
1638 5447 1799 5501 opera
1833 5431 2175 5501 pudefacere.
2215 5430 2292 5483 Ad

2406 3611 2467 3664 τὸ
2496 3609 2693 3681 κράτος
2724 3608 2819 3660 καὶ
2848 3608 3113 3676 ἀήττητον
3150 3605 3465 3675 ἀναδέχεται
3487 3645 3500 3669 ,
3531 3606 3625 3657 καὶ
3654 3604 3839 3669 καλοῖς
3872 3607 3969 3659 καί¹

2412 3703 2773 3768 σωσικόσμοις
2798 3700 3085 3761 διαπαντὸς
3103 3698 3385 3768 θριάμϐοις
3411 3698 3896 3763 ἐγκαλλωπίζεται.

2476 3794 2575 3847 κδ’.
2626 3795 2697 3844 Σὺ
2751 3794 2928 3845 τοίνυν
2970 3790 3047 3860 (ὢ
3093 3792 3144 3843 τί
3197 3808 3255 3843 σε
3286 3790 3597 3859 προσειπὼν
3636 3790 3799 3853 ἀξίως
3828 3791 3968 3842 είπω

2405 3880 2498 3933 τοῦ
2532 3881 2765 3947 πόθου;)
2792 3882 2856 3949 τῇ
2888 3879 3051 3951 αἴγλῃ
3087 3878 3180 3932 τοῦ
3226 3878 3369 3931 θείου
3401 3880 3712 3949 Πνεύματος
3740 3881 3839 3949 τὴν
3862 3881 3969 3948 ψυ-

2406 3971 2506 4040 χὴν
2542 3970 2865 4037 αύγασθεὶς,
2917 3973 3009 4023 καὶ
3042 3970 3176 4041 πρὸς
3225 3971 3285 4023 τὸ
3318 3972 3414 4038 τῆς
3458 3972 3733 4035 εὐσεϐείας
3763 3975 3967 4040 φέγγος

2406 4062 2684 4131 ἀναχθεὶς,
2727 4064 2821 4115 καὶ
2867 4064 3025 4132 ἔργον
3068 4063 3468 4133 ἐργασάμενος,
3512 4063 3577 4115 δι’
3608 4059 3665 4116 οὗ
3699 4065 3833 4133 πρὸς
3867 4066 3969 4134 τὴν

2405 4156 2497 4206 τοῦ
2549 4155 2781 4223 μεγάλου
2819 4156 3221 4207 Κωνσταντίνου
3257 4158 3451 4225 πρᾶξιν
3480 4156 3785 4223 άνυψώθης,
3827 4161 3967 4208 κατὰ

2412 4246 2642 4317 μίμησιν
2674 4248 2795 4316 ἔχου
2824 4249 2920 4316 τῆς
2952 4250 3045 4300 ἀπ’
3084 4248 3258 4318 ἀρχῆς
3290 4266 3383 4300 σου
3412 4250 3631 4317 γνώμης
3656 4252 3745 4300 καὶ
3772 4248 3965 4317 βουλῆς

2405 4342 2498 4391 καί
2540 4342 2803 4401 συνέσεως
2825 4356 2837 4369 °
2879 4340 3034 4408 στῆθι
3085 4340 3324 4411 στερρῶς
3347 4342 3403 4393 ὲν
3434 4344 3498 4409 τῇ
3530 4343 3705 4411 πέτρᾳ
3740 4342 3839 4409 τῆς
3874 4344 3967 4393 πί-

2406 4448 2603 4497 στεως,
2635 4434 2692 4484 ὲν
2781 4431 2959 4495 καλῶς
2990 4434 3093 4485 ὑπὸ
3127 4433 3330 4501 Κυρίου
3363 4433 3754 4501 τεθεμελίωσαι
3776 4450 3787 4461 ·
3819 4436 3968 4487 ἑποι-

2404 4522 2617 4592 κοδόμει
2640 4525 2703 4593 τῇ
2739 4524 2868 4593 ὀρθῇ
2902 4542 2994 4575 σου
3018 4524 3199 4575 πίστει
3233 4523 3459 4593 πράξεις
3490 4523 3695 4591 ἀγαθάς
3723 4526 3816 4577 καὶ
3844 4525 3957 4593 βίου

2405 4615 2728 4681 σεμνότητα,
2761 4615 2835 4684 μὴ
2867 4614 2996 4678 ξύλα
3027 4615 3118 4667 καὶ
3148 4614 3361 4685 χόρτον,
3398 4614 3529 4684 μηδὲ
3568 4615 3843 4684 καλάμην,
3874 4616 3959 4667 εὖ·

2404 4704 2629 4771 φλεκτον
2652 4705 2749 4773 τῆς
2777 4706 3047 4774 ἁμαρτίας
3075 4706 3227 4775 ὕλην,
3258 4708 3349 4758 καὶ¹
3384 4707 3519 4775 πρὸς
3548 4706 3744 4759 καῦσιν
3773 4707 3963 4775 μόνην,

2335 4841 2376 4893 D
2403 4797 2537 4865 πρὸς
2576 4796 2724 4848 οὐδὲν
2759 4796 2814 4847 δὲ
2866 4797 3300 4865 χρησιμεύουσαν
3339 4798 3550 4869 ἕτερον·
3597 4799 3729 4851 am
3763 4802 3964 4870 χρυσὸν

2402 4887 2496 4938 καὶ
2533 4888 2789 4956 ἄργυρον,
2836 4887 2945 4937 τῶν
2988 4889 3422 4957 κατορθωμάτων
3456 4890 3522 4941 τὰ
3564 4890 3737 4957 τίμια.
3773 4891 3959 4943 Ταῦτα

2397 4979 2503 5044 γὰρ
2534 4978 2627 5028 καὶ
2652 4976 2779 5044 περὶ
2802 4988 2824 5013 ο
2858 4977 3175 5045 πειρασμῶν
3204 4978 3563 5047 δοξαζόμεναι,
3596 4979 3957 5049 καθαρώτερα

2396 5072 2489 5121 καὶ
2520 5066 2814 5138 τιμιώτερα
2843 5068 3223 5121 διαδείκνυται.

2471 5251 2567 5298 κε’.
2604 5243 2759 5295 υῦτω
2792 5242 3019 5313 Χριστὸς
3046 5246 3072 5295 ὀ
3104 5244 3279 5305 κοινὸς
3308 5245 3581 5313 Δεσπότης
3610 5243 3959 5308 ἐγκελεύεται

2402 5342 2640 5407 καρποὺς
2669 5336 3012 5406 προὸάλλειν,
3041 5337 3134 5387 καὶ
3161 5337 3233 5405 μὴ
3259 5336 3635 5405 καταισχύνειν
3657 5336 3755 5405 τὴν
3779 5336 3960 5388 πίστιν

2399 5429 2485 5480 διὰ
2514 5427 2619 5480 τῶν
2666 5425 2933 5497 πράξεων.
2984 5425 3138 5479 Οὕτω
3166 5426 3373 5490 Παῦλος
3413 5428 3440 5479 ὀ
3484 5426 3653 5495 μέγας
3699 5428 3796 5495 τῆς
3839 5427 3957 5479 Ἐκ-

2020 5591 2245 5649 VARle
2279 5591 2679 5656 LECTIONES,

821 5727 839 5751 “
875 5726 958 5775 ϊσ.
991 5742 1135 5792 παρα
