4248 6444
318 422 418 488 66!

1442 414 1967 481 EPISTOLARUM
2006 412 2233 473 LIBER
2271 413 2321 474 Ι.

3424 401 3531 464 662

321 541 551 611 κλησίας
581 537 936 611 συμϐουλεύει
961 536 1300 600 διδάσκαλος.
1332 536 1486 591 Οὕτω
1510 537 1714 606 Πέτρος
1747 534 1885 601 obto-
1909 533 1961 592 Λ
1986 530 1998 584 Ι

1855 557 1885 583 .-
1909 533 1961 592 Λ
1986 530 2131 585 hunc
2162 528 2379 584 modum
2400 526 2597 582 Paulus
2630 538 2856 595 magnus
2878 522 2967 579 ille
2998 520 3255 593 magister
3278 518 3532 575 Ecclesia:

323 636 549 705 ροοφαίος
597 630 706 685 τῶν
734 631 1067 694 ἀποστόλων,
1108 632 1206 685 καὶ
1250 629 1359 682 τῶν
1401 629 1665 701 οὐρανίων
1698 626 1880 681 πυλῶν

319 730 421 791 τάς
461 726 611 790 κλεῖς
659 723 1159 796 ἐμπεπιστευμένος
1208 722 1304 775 καὶ
1339 722 1438 792 τὴν
1480 719 1710 775 είσοδον·
1739 716 1882 773 οὕτω

318 821 431 871 τῶν
454 817 658 871 λοιπῶν
692 816 1005 871 ἀποστόλων
1029 817 1058 869 ό
1086 814 1226 877 θεῖος
1249 813 1407 885 χορὸς
1435 812 1533 883 τὴν
1561 812 1881 882 οἰκουμένην

320 905 710 975 ἐμαθήτευσενο
745 905 916 968 οὕτως
942 903 1098 975 ἡμῶν
1125 904 1173 956 οί
1196 903 1435 974 Πατέρες
1460 900 1880 974 παρειλήφασιν,

322 995 497 1057 οὕτως
520 998 672 1067 ἡμῖν,
700 998 811 1058 τοῖς
836 997 950 1066 μετ’
974 995 1234 1059 ἐκείνους,
1256 993 1718 1064 παραδεδώκασιν·
1742 993 1883 1046 οὕτω

322 1085 420 1138 καὶ
445 1086 602 1155 ἡμεῖς
637 1102 715 1138 σοι
750 1084 1121 1154 παραινοῦμεν
1144 1083 1241 1135 καὶ⁸
1271 1080 1726 1151 συμϐουλεύομεν,
1752 1082 1883 1149 ἀρε-

321 1178 446 1241 ταῖς
478 1179 701 1245 κοσμεῖν
747 1175 845 1246 τὴν
874 1176 1078 1241 πίστιν,
1116 1176 1209 1229 καὶ
1247 1177 1314 1245 τῇ
1346 1175 1525 1227 πίστει
1555 1176 1653 1235 τάς
1686 1173 1883 1245 ἀρετάς

322 1270 715 1341 λαμπροτέρας
744 1268 1172 1338 ἀπεργάζεσθαι.
1218 1268 1550 1338 Ἐϐουλόμην
1578 1267 1735 1330 αὐτὸς
1774 1266 1885 1335 ἐγώ

326 1380 411 1416 σοι
443 1365 716 1433 παρεῖναι,
755 1362 849 1415 καὶ
888 1363 1009 1423 ταῖς
1037 1360 1299 1431 πράξεσιν
1327 1359 1638 1430 ἐφιστάναι,
1667 1359 1751 1412 ίνα
1776 1350 1885 1412 τῶν

331 1455 432 1525 μὲν
484 1453 664 1508 καλῶν
711 1452 886 1524 ἔργων
950 1452 1386 1521 αύτεπάγγελτον
1429 1452 1520 1506 διά
1565 1451 1665 1522 τῆς
1712 1452 1886 1523 ὅψεως

327 1544 620 1615 λαμϐάνων
649 1544 746 1614 τὴν
784 1542 1005 1611 γνῶσιν,
1055 1543 1134 1596 ἐτι
1181 1542 1482 1612 μᾶλλονδω
1514 1542 1745 1614 εὐθυμία
1792 1543 1887 1597 καὶ

327 1639 476 1707 χαρᾷ
506 1636 842 1703 διακείμενος
869 1635 1017 1702 είην·
1050 1636 1098 1687 εἰ
1123 1635 1180 1687 δέ
1210 1652 1263 1687 τι
1295 1635 1394 1687 καὶ
1420 1635 1729 1706 παράλογον
1760 1652 1885 1690 συν-

330 1728 454 1799 έϐη,
488 1728 764 1796 μεθέλκειν
809 1726 987 1795 ἔχοιμι
1020 1726 1215 1798 ῥᾳδίως
1248 1726 1341 1780 καὶ
1387 1726 1772 1798 μεθαρμόζειν,
1822 1729 1887 1781 ἐκ

326 1820 420 1871 τοῦ
457 1821 826 1889 παραχρῆμα,
868 1818 1003 1887 πρὸς
1043 1818 1344 1887 διόρθωσιν.
1407 1817 1562 1872 Ἐπεὶ
1592 1819 1651 1873 δέ
1684 1822 1718 1889 ἡ
1758 1819 1883 1890 βού-

324 1913 483 1980 λησις
525 1912 622 1981 τῆς
651 1912 928 1980 δυνάμεως
963 1910 1205 1981 χηρεύει,
1253 1912 1346 1964 καὶ
1375 1911 1544 1965 πολλά
1582 1910 1682 1982 τὴν
1714 1912 1886 1984 ὁρμὴν
1916 1892 1957 1946 Β

326 2004 701 2057 ἀνακύπτοντα
746 2002 975 2066 κωλύει,
1024 2004 1052 2055 ὃ
1113 2019 1203 2072 μοι
1255 2002 1439 2055 λοιπόν
1475 2004 1590 2056 ἐστι
1640 2005 1883 2071 δυνατὸν,

327 2097 512 2165 γραφῇ
543 2094 787 2147 τυπῶσαι
832 2094 929 2158 τὰς
958 2093 1340 2163 παραινέσεις,
1379 2092 1455 2158 ὡς
1489 2095 1585 2148 καὶ
1612 2098 1889 2167 καταρχὰς

327 2187 665 2258 ὑπεσχόμην,
698 2186 800 2257 ήδη
832 2184 1182 2257 πειράσομαι.

402 2541 504 2605 κζ’.
541 2542 664 2594 Ὀτι
696 2541 793 2611 μὶν
814 2536 907 2595 οὖν
936 2541 1041 2612 χρὴ
1069 2541 1130 2594 τὸ
1156 2542 1309 2595 Θεῐον
1339 2543 1643 2613 εἰλικρινῶς
1671 2544 1886 2615 ἀγαπᾷν

329 2635 426 2686 καὶ
456 2633 794 2705 θεραπεύειν,
824 2634 918 2688 καὶ
944 2634 1005 2688 τδ
1027 2635 1295 2706 ὁμόφυλον
1323 2636 1397 2698 ὡς
1424 2636 1614 2689 ἑαυτὸν
1644 2635 1891 2706 στέργειν

331 2725 426 2777 καὶ
451 2724 646 2793 φιλεῖν,
677 2724 914 2794 ἔμφυτός
956 2743 1073 2790 πως
1110 2728 1221 2790 τοῖς
1264 2725 1572 2797 ἀνθρώποις
1610 2729 1645 2800 η
1693 2727 1892 2795 γνῶσις

332 2816 671 2886 καθέστηκεν
690 2834 703 2847 ·
726 2820 759 2887 ἠ
788 2817 1038 2888 βούλησις
1066 2818 1123 2871 δέ
1157 2818 1231 2889 μὴ
1257 2821 1622 2889 συντρέχουσα
1650 2822 1718 2891 τῇ
1751 2819 1891 2888 γνώ-

336 2926 441 2973 σει,
472 2912 550 2973 εξς
573 2910 849 2979 θέσπισμα
875 2911 966 2962 καὶ
988 2909 1150 2980 νόμον
1174 2912 1553 2981 ἀναγραφῆναι
1581 2910 1681 2981 τὴν
1708 2910 1893 2980 κοινὴν

335 3002 653 3069 ἐξεϐιάσατο
695 3001 939 3072 γνώμην.
977 3000 1100 3055 Ὀτι
1142 3002 1199 3056 δὲ
1235 3004 1264 3055 ό
1294 3001 1387 3055 τοῦ
1412 3001 1567 3055 Θείου
1600 3001 1894 3073 εἰλικρινὴς

334 3094 495 3165 ερως,
526 3093 620 3146 καὶ
644 3095 677 3164 ἠ
711 3092 804 3146 τοῦ
854 3092 1078 3164 πλησίον
1104 3093 1304 3165 στοργὴ
1340 3094 1435 3147 καὶ
1464 3093 1643 3147 τελεία
1670 3094 1855 3162 ἀγάπη
1876 3135 1892 3159 ,

1978 620 2263 678 consilium
2284 618 2377 674 dat
2406 634 2422 684 ;
2451 619 2521 672 ita
2542 616 2731 671 suadet.
2757 616 2949 671 Petrus
2973 611 3337 683 apostolorum
3372 624 3535 679 cory-

1978 714 2184 785 phaaus,
2210 712 2296 766 cui
2322 712 2501 766 claves
2532 719 2589 764 et
2615 708 2896 779 ingressus
2926 714 3201 776 portarum
3235 702 3533 758 cmlestium

1966 802 2379 858 'concreduntur
2406 817 2421 863 ;
2457 799 2534 854 sic
2562 808 2616 853 et
2648 797 2891 867 reliquus
2942 794 3309 865 apostolorum
3337 792 3537 847 chorus

1980 897 2168 952 orbem
2212 906 2475 950 terrarum
2535 892 2846 948 informavit
2896 908 2912 946 :
2963 891 3067 944 hoc
3132 888 3323 942 Patres
3368 885 3535 941 nostri

1983 993 2238 1048 traditum
2269 998 2657 1059 susceperunt;
2689 988 2754 1042 ad
2789 987 2933 1041 hunc
2980 984 3198 1039 modum
3243 982 3397 1037 nobis
3441 997 3538 1051 po-

1981 1082 2140 1138 steris
2171 1081 2503 1136 tradiderunt
2530 1097 2543 1132 :
2578 1079 2680 1133 hoc
2713 1078 2809 1132 tibi
2844 1092 2944 1131 nos
2987 1075 3296 1135 suademus,
3328 1083 3382 1128 et
3412 1088 3541 1127 con-

1983 1173 2165 1229 silium
2184 1171 2393 1235 damus,
2420 1184 2617 1239 nempe
2640 1177 2701 1223 ut
2726 1167 2882 1221 ﬁdem
2906 1166 3140 1219 illustres
3158 1178 3252 1233 per
3276 1163 3537 1227 actiones,

1982 1272 2039 1319 et
2087 1263 2191 1317 ﬁde
2232 1263 2427 1319 reddas
2472 1260 2712 1317 actiones
2768 1256 3148 1329 speciosiores.
3187 1254 3389 1310 Vellem
3442 1269 3541 1324 ego

1984 1358 2203 1429 quidem
2262 1358 2317 1411 in
2367 1371 2483 1411 rem
2522 1361 2843 1426 prmsentem
2895 1365 3016 1407 esse
3053 1349 3168 1412 tibi,
3220 1356 3276 1402 et
3328 1356 3542 1401 tuarum

1985 1450 2263 1505 actionum
2285 1447 2523 1519 regimen
2566 1447 2622 1500 in
2654 1461 2743 1501 me
2774 1444 3075 1513 suscipere,
3109 1456 3175 1495 eo
3208 1439 3315 1493 ﬁne
3366 1447 3423 1492 ut
3450 1453 3544 1507 per

1984 1540 2169 1597 oculos
2197 1540 2461 1594 bonorum
2488 1545 2702 1591 tuorum
2745 1551 2968 1605 operum
3010 1531 3369 1603 cognitionem
3414 1539 3545 1583 actu

1985 1633 2105 1703 ipso
2148 1646 2432 1701 usurpans,
2466 1629 2654 1697 majori
2706 1627 2899 1699 gaudio
2947 1626 3181 1695 repletus
3224 1624 3325 1678 sim
3376 1632 3430 1677 et
3454 1622 3545 1691 ju-

1985 1723 2291 1788 cunditate;
2323 1730 2377 1776 et
2407 1720 2680 1790 si-przeter
2704 1728 2908 1773 rectam
2929 1716 3118 1787 agendi
3149 1716 3412 1768 rationem
3446 1713 3545 1766 ali-

1987 1814 2115 1885 quid
2142 1814 2237 1868 tibi
2271 1812 2567 1873 excideret,
2593 1809 2867 1864 retrahere
2889 1808 3147 1863 continuo
3176 1814 3231 1860 et
3253 1804 3546 1859 reformare

1985 1918 2241 1975 possem,
2292 1900 2443 1955 nullo
2496 1898 2714 1970 negotio
2769 1896 3160 1953 correctionem
3234 1893 3541 1948 adhibens:

1986 2011 2173 2052 verum
2204 2009 2330 2049 cum
2375 1992 2642 2047 voluntati
2690 2005 2799 2044 non
2852 1988 3176 2058 respondeat
3215 1985 3547 2057 possibilitas

1988 2097 2082 2141 aut
2118 2084 2365 2146 facultas,
2424 2090 2479 2137 et
2538 2082 2799 2151 impetum
2837 2080 3002 2135 multa
3046 2079 3153 2134 sint
3199 2093 3319 2148 quae
3378 2076 3547 2129 inter-

1985 2184 2205 2248 ceptent
2262 2183 2425 2244 atque
2462 2172 2779 2242 reprimant,
2822 2171 2963 2239 quod
3014 2169 3233 2223 unicum
3286 2166 3419 2221 mihi
3462 2180 3547 2218 re-

1985 2270 2173 2325 lictum
2201 2276 2287 2323 est
2316 2275 2375 2322 ut
2402 2273 2657 2335 praestare
2685 2264 2910 2335 possim,
2970 2263 3193 2332 scripto,
3238 2259 3380 2330 quod
3430 2258 3547 2328 pol-

1986 2368 2167 2422 licitus
2216 2380 2338 2420 sum
2392 2364 2460 2418 ab
2500 2364 2678 2429 initio,
2729 2361 3125 2418 admonitiones
3174 2359 3412 2414 conabor
3449 2357 3547 2413 de-

1990 2460 2213 2515 lineare.

2056 2548 2145 2602 27.
2185 2549 2354 2603 Deum
2385 2561 2506 2602 esse
2528 2545 2740 2600 sincero
2775 2542 2970 2597 affectu
3008 2542 3367 2596 adamandum
3387 2549 3548 2609 atque

1989 2640 2298 2706 colendum,
2333 2638 2663 2708 diligendum
2696 2635 2855 2689 nobis
2885 2648 3242 2704 congenerem
3275 2632 3548 2686 hominem

1990 2744 2047 2789 et
2074 2732 2532 2803 amplectendum,
2589 2729 2742 2801 quasi
2774 2728 2935 2782 insita
2960 2726 3202 2797 quaedam
3242 2724 3550 2780 hominibus

1991 2824 2231 2894 cognitio
2276 2823 2552 2894 suggerit:
2601 2821 2729 2875 dum
2780 2828 2960 2873 autem
3007 2817 3255 2872 voluntas
3301 2830 3424 2870 cum
3455 2830 3551 2869 co-

1996 2916 2240 2985 gnitione
2274 2930 2384 2969 non
2427 2913 2720 2983 conspirat,
2778 2910 3087 2966 necessario
3132 2908 3334 2963 factum
3367 2918 3463 2986 est
3495 2915 3554 2959 ut

1993 3008 2181 3063 notitia
2209 3008 2299 3062 illa
2326 3006 2629 3062 communis
2689 2999 2941 3073 tanquam
2959 3002 3094 3073 legis
3128 3002 3397 3057 dictamen
3419 2999 3553 3053 scri-

1999 3114 2089 3170 pta
2119 3099 2442 3153 traderetur.
2473 3098 2664 3159 Porro.
2682 3096 2826 3166 quod
2852 3095 2906 3149 in
2926 3094 3093 3149 Deum
3113 3093 3356 3147 sincerus
3381 3104 3554 3152 amor,

334 3187 481 3279 τῶν⁸
508 3185 681 3240 ἄλλων
736 3185 963 3239 ἐντολῶν
1032 3187 1090 3239 ἐν
1149 3187 1366 3249 ἑαυταῖς
1425 3186 1739 3255 περιέχουσι
1796 3183 1893 3247 τὰς
1922 3208 2011 3279 Ct

1878 3201 1893 3247 :
1922 3221 1965 3279 ο
2000 3200 2057 3247 et
2080 3190 2301 3246 dilectio
2325 3189 2577 3260 proximi,
2609 3198 2665 3243 et
2714 3188 2802 3243 illa
2829 3185 3047 3257 quidem
3088 3183 3351 3255 perfecta,
3394 3189 3555 3236 caete-

338 3275 588 3345 πράξεις,
619 3275 678 3329 ού
711 3275 946 3345 χαλεπὸν
993 3275 1090 3346 μὲν
1139 3276 1232 3329 καὶ
1287 3274 1512 3328 αὐτόθεν
1544 3276 1893 3345 κατανοῆσαι.

337 3367 639 3437 Παρίστησι
682 3368 736 3419 δὲ
781 3366 935 3420 τοῦτο
967 3367 1059 3420 καὶ
1089 3370 1117 3420 ὁ
1160 3369 1481 3425 Δεσποτικδς
1510 3368 1693 3436 λόγος,
1734 3369 1792 3420 ἐν
1820 3361 1899 3429 οἷς

339 3475 471 3527 φησι
498 3475 563 3509 πε
572 3458 627 3528 pl.
649 3457 847 3522 αὐτῶν,
890 3457 984 3510 Ἐν
1007 3459 1247 3521 ταύταις
1265 3457 1394 3523 ταῖς
1414 3457 1598 3511 δυσὶν
1628 3456 1901 3520 ἐντολαῖς

337 3551 482 3615 ὅλος
522 3552 555 3603 ό
602 3552 785 3618 νόμος
832 3550 1150 3619 κρέμαται,
1191 3550 1289 3603 καὶ
1336 3553 1390 3603 οἱ
1419 3548 1737 3618 προφῆται.
1792 3547 1901 3601 Καὶ

338 3643 448 3711 γὰρ
476 3642 505 3692 ὁ
533 3641 624 3693 τὸν
654 3640 795 3693 θεῖον
815 3640 995 3712 ἐρωτα
1022 3641 1483 3710 ἐνστερνισμένος,
1516 3642 1609 3693 καὶ
1640 3641 1731 3693 τὸν
1767 3640 1901 3711 πλη-

341 3732 453 3783 σίον
478 3732 552 3793 ὡς
588 3731 777 3783 ἐαυτὸν
810 3731 1051 3803 στέργων
1080 3733 1170 3785 καὶ
1199 3731 1389 3800 φιλῶν,
1437 3732 1649 3800 πατέρα
1679 3733 1777 3802 μὲν
1807 3735 1900 3788 καὶ

343 3822 554 3893 μητέρα
581 3821 939 3892 διαφερόντως
969 3823 1262 3894 ἀγαπήσει,
1299 3824 1393 3876 καὶ
1420 3824 1584 3893 τιμῆς
1616 3824 1711 3894 τῆς
1746 3824 1899 3894 πρώ-

337 3934 462 3987 της,
499 3918 635 3986 μετά
677 3934 739 3985 γε
769 3918 923 3981 Θεὸν,
966 3918 1218 3982 ἀξιώσει·
1256 3920 1502 3989 αἱμάτων
1531 3919 1588 3973 δέ
1628 3920 1902 3990 ἐμφυλίων

340 4007 437 4059 καὶ
470 4007 644 4076 φόνων
696 4008 756 4059 οὑ
808 4008 965 4075 μόνον
993 4007 1091 4070 τάς
1135 4009 1319 4079 χεῖρας
1350 4008 1593 4079 καθαρὰς
1642 4009 1900 4078 φυλάξει,

340 4096 477 4149 ἀλλά
509 4098 602 4150 καὶ
633 4097 729 4167 τὴν
772 4098 1021 4166 γλῶσσαν
1070 4100 1163 4150 καὶ¹
1194 4099 1318 4160 τοὺς
1346 4098 1637 4168 λογισμοὺς
1673 4098 1901 4169 μελέτης

341 4186 626 4256 τοιαύτης⁶
658 4187 717 4240 ού
754 4186 858 4258 μὴν
905 4187 1025 4241 οὐδὲ
1070 4187 1314 4256 κλέψειεν
1361 4182 1543 4251 οὗτοςο
1577 4188 1750 4251 οὐδεὶς
1794 4188 1903 4259 γὰρ

341 4278 401 4328 ὃν
446 4276 520 4339 ὡς
567 4276 755 4329 ἐαυτὸν
804 4277 943 4347 φιλεῖ
987 4278 1078 4329 καὶ
1119 4277 1401 4346 φυλάττει,
1447 4277 1636 4331 τούτου
1664 4278 1900 4349 κλέπτης

343 4369 618 4441 ἐφωράθη.
675 4369 811 4422 Ἀλλ’
859 4370 978 4422 οὐδὲ
1032 4368 1341 4439 ἀλλοτρίους
1387 4369 1596 4439 γάμους
1647 4369 1899 4440 διορύξει.

344 4464 467 4517 Οὐδ’
496 4465 657 4534 ὅρκον
681 4464 935 4535 ἐπίορκον
964 4464 1169 4531 ὀμόσει,
1197 4466 1258 4518 ού
1296 4465 1394 4535 μὲν
1429 4464 1522 4519 οὖν
1546 4465 1665 4519 οὐδὲ
1694 4483 1901 4537 μαρτυ-

2002 3300 2186 3341 rorum
2211 3285 2585 3339 mandatorum
2615 3284 2670 3337 in
2690 3297 2749 3339 se
2777 3281 3095 3338 contineant
3126 3281 3389 3340 actiones,
3412 3277 3556 3331 baud

2000 3385 2149 3430 certe
2178 3374 2463 3429 difficulter
2485 3389 2515 3428 e
2542 3389 2599 3427 re
2630 3373 2745 3442 ipsa
2774 3371 2997 3442 intelligi
3030 3377 3229 3440 potest.
3250 3367 3357 3423 Sed
3382 3376 3435 3422 et
3458 3368 3556 3422 do—

2001 3477 2089 3522 cet
2119 3470 2219 3521 hoc
2264 3467 2484 3536 insuper
2530 3466 2754 3520 verbum
2801 3464 2933 3518 illud
2988 3462 3221 3527 Domini,
3265 3476 3375 3532 quo
3425 3476 3557 3515 cen-

2002 3560 2198 3614 sebat:
2238 3556 2305 3611 In
2352 3557 2546 3611 duobus
2577 3557 2714 3609 hisce
2747 3555 3016 3625 praceptis
3059 3562 3165 3606 tota
3214 3552 3298 3605 (ex
3340 3568 3557 3619 suspen-

2003 3653 2144 3706 ditur
2173 3661 2221 3706 ει
2249 3652 2510 3721 propheta:
2535 3652 2575 3703 ⁸.
2616 3648 2719 3714 Qui
2751 3649 2895 3702 enim
2919 3646 3160 3701 divinum
3187 3644 3288 3698 sibi
3319 3659 3555 3697 amorem

2004 3743 2379 3813 impectoravit
2409 3752 2464 3796 et
2490 3742 2729 3796 vicinum
2747 3740 2919 3811 diligit
2941 3740 3081 3793 sicut
3108 3737 3220 3806 ipse
3239 3752 3321 3801 se,
3348 3746 3555 3805 patrem

2005 3835 2222 3905 quidem
2280 3844 2335 3889 et
2382 3843 2608 3889 matrem
2658 3831 3023 3886 excellentiori
3101 3829 3331 3899 quodam
3400 3827 3559 3882 modo

2004 3926 2432 3996 complectetur,
2492 3934 2547 3980 et
2600 3934 2722 3994 post
2788 3923 2956 3977 Deum
3022 3924 3293 3993 praecipuo
3354 3923 3559 3975 honore

2002 4027 2396 4090 prosequetur;
2458 4032 2489 4071 a
2546 4016 2805 4088 sanguine
2850 4030 3013 4085 porro
3060 4023 3114 4069 et
3156 4014 3390 4069 caedibus
3426 4027 3559 4067 con-

2003 4112 2420 4181 sanguineorum
2448 4123 2613 4179 puras
2644 4108 2747 4162 sibi
2782 4116 2972 4161 manus
2994 4105 3353 4168 conservabit,
3387 4103 3479 4157 sed
3506 4114 3562 4157 et

2003 4200 2241 4269 linguam
2269 4213 2430 4268 porro
2479 4207 2534 4252 et
2581 4195 2936 4267 cogitationes
2990 4195 3057 4249 ab
3109 4194 3376 4264 ejusmodi
3411 4194 3559 4247 omni

2002 4290 2356 4360 dispositione
2385 4289 2613 4344 mundas
2634 4306 2646 4341 :
2667 4288 2865 4351 adhuc,
2899 4302 2999 4341 nec
3023 4286 3289 4341 furabitur
3315 4286 3405 4355 qui
3441 4286 3561 4340 talis

2002 4390 2105 4443 est,
2140 4394 2315 4447 neque
2345 4379 2493 4433 enim
2534 4393 2770 4447 unquam
2806 4377 2957 4432 illum
3002 4376 3262 4446 spoliasse
3288 4375 3562 4429 invenitur

2002 4467 2198 4537 aliquis
2220 4482 2380 4537 quem
2413 4466 2603 4537 diligit,
2630 4467 2716 4521 cui
2749 4474 2934 4520 custos
2974 4465 3297 4534 apponitur;
3324 4463 3419 4518 sed
3460 4478 3562 4515 nec

346 4556 467 4627 ρίαν
490 4554 661 4625 ψευδῆ
682 4556 821 4608 κατά
845 4556 939 4637 τοῦ
963 4556 1187 4626 πλησίον
1216 4558 1573 4628 μαρτυρήσει.
1606 4558 1716 4610 Καὶ
1743 4559 1896 4623 ὅλως,
1934 4556 1976 4609 D
2001 4574 2023 4612 a

1885 4600 1896 4623 ,
1934 4556 1976 4609 D
2001 4559 2237 4613 alienum
2269 4558 2538 4627 irrumpct
2566 4557 2897 4621 thalamum;
2959 4571 3062 4610 nec
3112 4554 3303 4609 falsum
3358 4553 3562 4624 jurabit

344 4646 406 4699 οὐ
436 4648 632 4717 χειρῶν
674 4646 874 4701 ἀδίκων
909 4647 1062 4717 ἄρξει
1083 4688 1099 4712 ,
1142 4648 1366 4701 τύπτειν
1398 4648 1432 4719 ἢ
1471 4649 1900 4720 προπηλακίζειν

345 4737 657 4807 ἐπιχειρῶν,
714 4738 747 4807 ἢ
799 4738 1057 4809 τύραννος
1083 4738 1195 4809 (27)
1240 4739 1470 4810 ἐραστὴς
1517 4740 1645 4803 τῶν,
1681 4740 1781 4792 ὅσα
1824 4740 1900 4810 τῷ

347 4827 572 4895 πλησίον
595 4829 1173 4898 ὐπάρχει,,γινόμενος.
1205 4829 1262 4882 Ὀ
1291 4830 1398 4899 γάρ
1420 4846 1473 4881 τι
1503 4828 1708 4884 τούτων
1736 4846 1903 4884 καταο

347 4917 581 4986 τολμῶν,
613 4920 834 4971 αὐτόθεν
880 4920 1196 4990 λυμαίνεται
1242 4920 1427 4989 ἀμφω,
1467 4921 1559 4973 καὶ
1593 4921 1685 4973 τὸν
1727 4922 1903 4991 ἔρωτα

346 5007 439 5061 τὸν
465 5007 607 5060 θεῖον
630 5009 723 5061 καὶ
749 5009 1094 5073 Δεσποτικὺν,
1109 5009 1202 5062 καὶ
1220 5010 1315 5063 τοῦ
1343 5011 1610 5080 όμοφυοῦς
1630 5012 1728 5083 τὴν
1753 5029 1905 5083 στορ-

349 5097 477 5168 γήν.
508 5097 598 5168 Τῷ
637 5098 735 5167 μὲν
785 5099 1146 5154 ἐπιϐουλεύων
1178 5102 1272 5155 καὶ
1303 5100 1640 5171 περιϐάλλων
1679 5105 1868 5165 κακοῖς
1888 5144 1902 5166 ,

349 5189 441 5240 τὸν
468 5188 523 5240 δέ
570 5190 721 5258 παρά
744 5190 945 5257 φαῦλον
970 5192 1287 5261 ποιούμενος
1328 5193 1421 5245 καὶ
1465 5193 1764 5266 ὑπερορῶν.
1818 5196 1908 5260 Ἐξ

351 5273 430 5333 ὧν
465 5281 544 5342 εἰς
576 5283 694 5345 οἵας
727 5284 1130 5352 ἀπαραιτήτους
1168 5284 1261 5337 καὶ
1291 5284 1490 5355 πικράς
1514 5287 1782 5357 τιμωρίας
1812 5288 1910 5357 ἐμ-

424 5435 445 5465 ”
482 5435 665 5490 Matth.
700 5450 833 5499 xm,
864 5436 950 5491 40.

2004 4649 2390 4719 juramentum,
2456 4649 2665 4702 nullum
2723 4648 2868 4702 dicet
2933 4646 3126 4701 falsum
3194 4646 3560 4701 testimonium

2006 4749 2195 4795 contra
2247 4739 2484 4793 vicinum
2537 4754 2732 4803 suum,
2792 4753 2971 4807 neque
3012 4737 3161 4791 dabit
3204 4736 3421 4789 initium
3479 4735 3563 4787 in—

2004 4832 2302 4903 juriarum;
2355 4846 2469 4885 non
2522 4830 2715 4902 pugnis
2764 4830 2992 4894 cadere,
3045 4844 3153 4882 non
3199 4841 3562 4897 conspurcare

2008 4922 2307 4976 maledictis
2336 4923 2707 4992 aggredietur;
2744 4936 2852 4975 non
2903 4921 3180 4990 tyrannice
3218 4918 3566 4988 concupiscet

2009 5028 2073 5066 ea
2111 5027 2231 5080 quae
2271 5013 2542 5082 pertinent
2568 5013 2634 5065 ad
2665 5012 2899 5066 vicinum
2927 5026 3105 5065 suum.
3139 5008 3236 5075 Qui
3265 5010 3409 5064 enim
3436 5009 3564 5078 quid

2014 5105 2315 5159 istiusmodi
2342 5105 2702 5169 attentaverit,
2750 5119 2859 5158 uno
2897 5112 3025 5178 actu
3062 5108 3351 5169 utrumque
3381 5100 3563 5163 violat,

2013 5211 2254 5250 amorem
2282 5211 2475 5265 nempe
2500 5195 2553 5249 in
2578 5197 2744 5251 Deum
2778 5206 2833 5250 ct
2858 5195 3169 5257 Dominum,
3220 5204 3274 5247 et
3317 5208 3440 5262 erga
3472 5208 3559 5245 co-

2020 5297 2240 5359 gnatum
2264 5288 2365 5342 sibi
2398 5287 2648 5342 affectmn
2688 5308 2700 5341 :
2743 5288 2886 5343 hunc
2914 5288 3058 5343 enim
3088 5286 3329 5341 adoritur
3370 5300 3434 5339 ex
3486 5285 3564 5335 iu-

1846 5619 2067 5677 ΝΟΤᾹΞ..

431 5778 540 5864 ίὲἹ)
568 5779 643 5832 ’Ἡ
666 5778 1037 5864 τύραννος.ἢῆ
1050 5787 1108 5831 ιιι
1133 5777 1497 5864 delendumj,
1522 5789 1613 5833 aut
1637 5778 1917 5851 legendum
1958 5799 2108 5851 Ti)th

1171 5778 1497 5864 clcndumj,
1522 5789 1613 5833 aut
1637 5778 1917 5851 legendum
1958 5785 2253 5851 τυραννεῖν,
2293 5794 2348 5838 et
2413 5799 2518 5837 nou
2551 5783 2806 5853 τύραννος
2840 5800 2848 5809 ’

360 5848 512 5919 στὴς,
544 5866 650 5904 non
682 5858 808 5903 sunt
842 5849 1139 5912 ἁσυνδέτως
1164 5848 1473 5919 cupuluuili.

2890 5783 3084 5853 ubique
3122 5787 3374 5855 τύραννος
3442 5798 3461 5828 ε
3474 5798 3571 5849 ρα-
