4248 6444
776 393 879 458 663

1895 398 2154 458 ΡΗΟΤΙΙ
2190 396 2693 459 ΡΑΤΒΙΑΒΟΗιΕ
2731 398 2838 458 CP.

3882 399 4005 460 664

777 506 944 562 sidiis.
976 515 1028 558 et
1058 506 1209 559 malis
1225 507 1652 572 circumscribit;
1679 509 1825 562 illum
1853 526 1979 564 vero
2003 511 2317 579 despectum
2351 520 2396 571 Α
2423 510 2454 560 6

2351 520 2396 571 Α
2423 510 2604 562 ϐάλλει
2657 513 2847 564 ἑαυτὸν
2885 511 3049 564 πᾶσίν
3099 514 3211 564 ἐστι
3267 513 3516 581 φανερόν.
3570 513 3630 565 El
3667 515 3774 583 γὰρ
3812 516 3842 566 ὀ
3879 516 4005 566 τῶν

775 609 832 650 et
859 606 1225 666 contemptum
1253 599 1434 652 habet.
1458 601 1608 653 Patet
1634 613 1811 653 autem
1828 602 2099 664 omnibus,
2125 603 2321 671 quibus

779 703 835 741 se
856 689 1049 756 pomis,
1084 705 1240 757 quam
1275 693 1526 760 gravibus
1541 692 1759 762 subjicit
1784 702 1837 746 et
1867 693 2322 748 ineluctabilibus.

780 779 838 830 Si
867 779 1011 830 enim
1045 779 1136 846 qui
1164 780 1408 833 mandata
1433 782 1821 850 transgreditur
1854 783 2106 846 humana,
2138 793 2192 837 et
2219 785 2326 838 im-

777 870 986 939 perium
1025 871 1253 940 despicit
1291 871 1388 924 sibi
1417 873 1771 940 praesidentis,
1817 875 2326 928 condemnationem

780 977 888 1015 non
931 962 1171 1028 eﬂugiet,
1228 963 1320 1016 sed
1351 974 1407 1017 et
1451 964 1627 1033 capite
1669 966 1993 1035 quandoque
2048 979 2325 1035 peccatum

780 1053 906 1116 luit;
943 1051 988 1106 is
1018 1053 1257 1122 profecto
1288 1055 1380 1121 qui
1436 1070 1533 1123 per
1568 1056 1676 1108 vim
1720 1057 1952 1110 oblatam
1997 1066 2052 1110 et
2104 1058 2328 1113 insidias

780 1153 1015 1198 structas
1057 1145 1110 1198 in
1140 1159 1458 1198 conservum
1491 1161 1669 1212 suum,
1705 1149 1945 1203 omnium
2010 1164 2192 1203 rerum
2225 1150 2330 1203 Do-

781 1234 1010 1295 minum,
1043 1251 1222 1304 regem
1251 1245 1306 1289 et
1329 1236 1568 1304 opiﬁcem
1599 1238 1886 1292 inhonorat
1915 1252 1970 1294 et
1998 1242 2147 1294 nihili
2181 1241 2329 1302 facit,

784 1340 967 1378 verum
999 1327 1140 1396 leges
1164 1329 1232 1381 ab
1253 1343 1316 1380 eo
1352 1327 1486 1381 latas
1513 1329 1742 1382 ludibrio
1788 1330 1950 1383 habet
1999 1342 2052 1384 et
2079 1332 2333 1384 lubentia:

787 1418 1025 1484 exponit.
1047 1417 1278 1486 qualem.
1305 1433 1401 1486 par
1422 1429 1524 1482 est,
1550 1429 1606 1472 ut
1626 1421 1815 1473 subeat
1841 1437 2052 1489 pmnam
2072 1422 2094 1473 ?
2111 1423 2334 1490 Oportet

787 1507 946 1576 igitur
997 1509 1139 1560 omni
1193 1509 1370 1568 modo.
1421 1510 1563 1563 omni
1613 1526 1740 1564 cura
1791 1521 1844 1565 et
1893 1512 2187 1582 diligentia,
2220 1514 2334 1567 haec

786 1599 1030 1651 mandata
1051 1614 1153 1651 una
1175 1615 1296 1652 cum
1339 1600 1604 1668 inculpata
1642 1603 1836 1669 pietate
1878 1611 1931 1656 et
1963 1604 2170 1656 sincera
2207 1606 2330 1657 reli-

791 1687 946 1755 gione
981 1703 1322 1741 conservare.
1365 1689 1547 1758 Neque
1575 1692 1716 1744 enim
1739 1693 1894 1746 aliter
1911 1703 2113 1762 partem
2137 1695 2334 1747 habere

786 1779 1053 1846 possimus
1087 1795 1207 1834 cum
1237 1781 1482 1835 ﬁdelibus
1534 1792 1588 1836 et
1643 1782 1751 1836 Deo
1788 1785 1988 1849 charis,
2037 1801 2137 1840 nec
2183 1787 2330 1856 regni

784 1867 1040 1920 caelorum
1068 1867 1210 1936 digni
1242 1869 1624 1936 judicabimur.

851 1958 940 2011 ‘28.
983 1959 1270 2013 Enimvero
1293 1961 1512 2015 cuilibet
1565 1964 1867 2017 mortalium
1917 1965 2020 2018 hoc
2052 1966 2332 2031 incumbit,

785 2058 843 2102 ut
869 2064 1080 2103 onmem
1112 2051 1364 2105 exhibeat
1395 2069 1546 2106 suam
1571 2064 1625 2107 et
1652 2055 1866 2124 quidem
1911 2065 2205 2110 extremam
2236 2073 2336 2126 po-

785 2142 1007 2193 tentiam
1036 2140 1089 2193 in
1123 2142 1205 2195 bis
1242 2144 1648 2197 conservandis.
1694 2146 1914 2213 Spectat
1957 2148 2059 2200 hoc
2091 2149 2154 2201 ad
2188 2149 2335 2217 prin-

783 2234 956 2301 cipem
983 2250 1133 2302 arque
1166 2249 1228 2286 ac
1257 2235 1320 2288 ad
1357 2236 1624 2298 subditos,
1648 2237 1876 2306 juvenes
1916 2248 1969 2293 et
2019 2250 2178 2294 mtate
2209 2257 2334 2310 pro-

783 2325 1066 2388 vectiores,
1101 2327 1295 2381 divites
1326 2336 1381 2382 et
1408 2345 1671 2398 pauperes
1707 2349 1719 2384 :
1757 2348 1878 2385 nam
1919 2334 2224 2387 communis
2253 2343 2335 2388 est

784 2427 968 2469 natura
992 2420 1259 2480 omnibus,
1298 2423 1605 2476 communia
1661 2423 1777 2477 haec
1822 2426 2069 2479 mandata
2116 2427 2332 2492 dantur,

781 2512 1052 2563 communi
1088 2528 1216 2565 cura
1242 2521 1295 2566 et
1320 2515 1682 2569 sollicitudine
1717 2519 2088 2572 custodienda.
2119 2520 2190 2573 At
2215 2537 2336 2590 quae

785 2611 1028 2670 spectant
1059 2613 1180 2658 ante
1214 2606 1316 2659 alia
1366 2607 1432 2661 ad
1484 2607 1851 2663 informandos
1881 2611 2173 2681 principes,
2217 2629 2336 2683 quae

785 2696 956 2762 magis
993 2712 1088 2764 par
1116 2706 1197 2750 est
1230 2708 1289 2751 ut
1324 2708 1412 2751 tua
1459 2700 1710 2754 observet
1755 2711 2021 2770 potestas,
2068 2705 2208 2757 unde
2239 2706 2334 2759 tibi

786 2788 956 2855 major
977 2798 1246 2841 accrescet
1273 2791 1624 2858 experientia,
1661 2793 1748 2845 illa
1798 2795 1891 2846 tibi
1944 2795 1998 2847 in
2054 2797 2334 2863 procinctu

785 2892 903 2930 sum
923 2889 1288 2947 suggesturus.
1324 2880 1625 2950 Principum
1647 2884 1788 2936 enim
1815 2896 2026 2953 oportet
2056 2888 2333 2956 multiplici

787 2970 1066 3036 praditum
1097 2986 1216 3024 esse
1266 2972 1548 3040 probitate,
1587 2990 1708 3027 cum
1763 2976 1864 3029 alia
1901 2986 2012 3030 tum
2074 2978 2335 3046 imprimis

786 3062 874 3114 illa
909 3077 1028 3129 qua:
1058 3078 1264 3116 morum
1296 3074 1504 3133 spectat
1531 3066 2009 3134 pulchritudinem,
2043 3071 2183 3122 unde
2207 3071 2334 3124 illud

2425 600 2777 670 ἀνθρωπίνων
2826 601 3260 670 προσταγμάτων
3304 601 3396 655 καὶ
3441 603 3542 671 τῆς
3589 605 4005 672 ἐπιστατούσης

2426 692 2596 762 ἀρχῆς
2626 691 2936 762 ὑπερόπτης
2977 694 3038 745 οὐ
3065 692 3345 762 διαφεύγει
3383 693 3481 764 τὴν
3505 694 3682 763 δίκην,
3727 695 3865 746 sua
3892 697 4005 746 καὶ

2425 784 2506 844 εἰς
2549 782 2682 834 αὐτὸ
2727 783 2789 834 τὸ
2825 781 2924 853 ζῇν
2956 783 3216 846 πολλάκις
3244 783 3336 835 τὸν
3366 784 3607 837 κίνδυνον
3654 784 3798 854 ἔχει,
3831 787 3861 837 ὁ
3897 785 4004 836 τὸν

2427 870 2702 941 Δεσπότην
2743 871 2851 924 τῶν
2897 873 3034 925 ὅλων
3090 874 3186 926 καὶ
3218 874 3447 926 Βασιλέα
3499 875 3592 927 καὶ
3645 875 4003 943 Δημιουργὸν

2427 959 2512 1012 διὰ
2538 961 2638 1027 τῆς
2668 963 2748 1029 εἰς
2775 961 2867 1014 τὸν
2909 961 3193 1031 ὁμόδουλον
3227 963 3512 1034 παροινίας
3555 964 3651 1015 καὶ
3695 963 4004 1030 ἐπιϐουλῆς

2429 1050 2706 1119 ἀτιμάζων
2731 1054 2826 1104 καὶ
2852 1051 3166 1116 ὲξουθενῶν,
3202 1055 3296 1106 καὶ
3321 1057 3446 1116 τοὺς
3472 1055 3634 1117 αὐτοῦ
3658 1055 3854 1122 νόμους
3874 1054 4003 1106 δια-

2432 1140 2659 1202 παίζων,
2703 1143 2797 1194 καὶ
2838 1142 3032 1211 χλεύην
3084 1142 3327 1205 δεικνὺς,
3379 1145 3572 1213 ἡλίκην
3610 1145 3731 1197 τινὰ
3773 1146 3873 1212 τὴν
3903 1161 4002 1194 τι-

2434 1231 2642 1300 μωρίαν
2671 1231 2858 1294 δώσει;
2888 1233 2979 1284 Διὸ
3011 1237 3275 1302 προσήκει
3309 1236 3470 1286 παντὶ
3499 1235 3684 1303 τρόπῳ
3721 1235 3814 1285 καὶ
3843 1235 4004 1302 πάσῃ

2434 1322 2657 1391 σπουδῇ,
2683 1325 2820 1390 μετά
2841 1323 2937 1390 τῆς
2964 1322 3206 1392 καθαρᾶς
3233 1325 3326 1377 καὶ
3351 1325 3650 1392 ἀμωμήτου
3675 1323 3829 1392 ἡμῶν
3860 1323 4005 1393 θρη-

2434 1414 2637 1474 σκείας,
2688 1413 2780 1464 καὶ
2837 1413 3036 1474 ταύτας
3079 1413 3457 1482 διαφυλάττειν
3489 1415 3586 1476 τὰς
3627 1414 3866 1476 ἐντολάς.
3916 1414 4004 1465 Οὐ

2432 1503 2539 1570 γάρ
2569 1503 2731 1565 ἔστιν,
2787 1505 2886 1556 οὐκ
2943 1504 3079 1566 ἔστι,
3133 1507 3298 1574 χωρὶς
3346 1506 3545 1569 αὐτῶν,
3578 1504 3700 1557 οὐτε
3741 1509 3838 1574 τῆς
3885 1505 4005 1556 τῶν

2435 1593 2636 1644 πιστῶν
2666 1593 2757 1645 καὶ
2783 1595 3041 1660 φιλοθέων
3072 1597 3288 1665 μερίδος
3318 1598 3592 1665 γενέσθαι,
3619 1598 3738 1651 οὔτε
3762 1601 3861 1668 τῆς
3886 1601 4005 1651 τῶν

2430 1684 2668 1750 οὐρανῶν
2700 1685 2990 1750 ἀξιωθῆναι
3032 1687 3323 1755 βασιλείας.

2508 1981 2617 2041 κη’.
2682 1971 2839 2024 Ἀλλά
2876 1971 3047 2024 ταῦτα
3117 1973 3213 2040 μὲν
3284 1971 3554 2040 ἀνθρώπῳ
3607 1971 3771 2023 παντὶ
3838 1974 3995 2039 πάσῃ

2435 2060 2657 2126 δυνάμει
2680 2057 3148 2127 παραφυλακτέον,
3181 2059 3401 2128 ἄρχοντι
3430 2061 3523 2112 καὶ
3557 2061 3862 2128 ἀρχομένῳ,
3892 2060 4006 2128 νέῳ

2436 2147 2530 2200 καὶ
2562 2147 2864 2218 πρεσϐύτῃ,
2917 2147 3156 2215 πλουσίῳ
3203 2147 3299 2199 καὶ
3344 2146 3558 2214 πένητι.
3605 2149 3772 2216 Κοινὴ
3799 2149 3911 2216 γάρ
3964 2150 4000 2216 ὴ

2436 2239 2614 2307 φύσις,
2641 2240 2734 2291 καὶ
2769 2240 2921 2290 κοινά
2958 2239 3020 2290 τά
3069 2240 3486 2308 προστάγματα,
3521 2240 3615 2292 καὶ
3667 2239 3849 2308 κοινῆς
3895 2239 4003 2308 τῆς

2438 2334 2828 2399 παραφυλακῆς
2859 2333 2950 2382 καὶ
2981 2331 3295 2400 ἐπιμελείας
3336 2332 3584 2400 δεόμενα.
3629 2333 3696 2384 Ἀ
3741 2332 3800 2384 δὲ
3856 2333 4002 2400 μᾶλ-

2436 2423 2523 2474 λον
2553 2423 2684 2492 πρὸς
2711 2423 2806 2492 τὴν
2837 2423 2941 2474 τῶν
2991 2423 3264 2490 ἀρχόντων
3311 2426 3414 2493 ὁρᾷ
3447 2424 3842 2492 παιδαγωγίαν,
3891 2427 3995 2478 καὶ

2435 2515 2500 2582 τῇ
2533 2516 2598 2581 σῇ
2629 2513 2913 2579 φυλάττειν
2970 2513 3376 2582 ἐπιτηδειότερα
3417 2515 3660 2585 ἐξουσίᾳ,
3689 2517 3780 2568 καὶ
3817 2516 3877 2581 ἐξ
3918 2509 4003 2569 ὧν

2435 2603 2586 2655 ἔσται
2638 2621 2719 2656 σοι
2777 2605 2871 2656 καὶ
2907 2605 3036 2672 περὶ
3084 2604 3193 2657 τῶν
3244 2605 3418 2658 ἄλλων
3455 2606 3677 2674 πλείστη
3712 2607 3999 2676 ἐμπειρία,

2436 2696 2616 2747 ἐκεῖνά
2649 2712 2729 2747 σοι
2767 2694 2860 2747 νῦν
2911 2697 3205 2764 εἰρήσεται.
3269 2698 3376 2748 Καὶ
3400 2699 3507 2766 γάρ
3533 2697 3730 2764 πολλῆς
3758 2699 3834 2766 τῷ
3890 2701 4000 2768 ἄρ-

2436 2801 2582 2852 χοντι
2605 2785 2686 2836 δεῖ
2715 2786 3135 2852 καλοκαγαθίας,
3173 2787 3270 2854 τῆς
3318 2805 3378 2838 τε
3430 2787 3615 2856 ἀλλης,
3660 2789 3751 2840 καὶ
3803 2789 3901 2855 τῆς
3937 2790 4001 2841 ὲν

2435 2874 2618 2943 ἤθεσιν
2665 2875 2976 2942 εὐκοσμίας.
3030 2878 3104 2926 Δι’
3133 2877 3160 2927 ὃ
3192 2876 3284 2928 καί
3336 2894 3498 2943 φασιν
3539 2895 3558 2927 ι
3609 2877 3773 2945 Ἀρχὴ
3823 2877 4000 2944 ἄνδρα

2434 2967 2683 3018 δεικνύει·
2713 2987 2731 3017 ι
2762 2969 2873 3030 καὶ,
2910 2969 2988 3017 ὅτι
3008 2968 3248 3036 ι”Ωσπερ
3270 2970 3297 3018 ὁ
3327 2967 3520 3035 χρυσὸς
3546 2969 3605 3018 ἐν
3625 2971 3742 3028 ταῖς
3767 2966 4001 3028 λιθίναις

2435 3059 2652 3122 ἀκόναις
2687 3059 3057 3128 δοκιμάζεται,
3099 3060 3270 3120 οὔτως
3324 3063 3352 3111 ὁ
3382 3059 3719 3128 ἀνθρώπινος
3778 3059 3900 3120 νοῦς
3936 3061 4001 3110 ὲν

785 3152 1031 3222 adagium
1064 3154 1296 3206 dicitur:
1351 3155 1692 3225 Magistratus
1740 3158 1912 3210 virum
1959 3159 2178 3214 indicat.
2229 3160 2331 3215 Et:
2365 3182 2406 3241 ρ
2437 3171 2462 3204 τ

2322 3181 2331 3215 ε
2365 3182 2406 3241 C
2437 3155 2554 3214 ταῖς
2585 3154 2835 3222 ἁρχικαίς
2891 3151 3171 3220 ἐργασίαις
3227 3152 3320 3204 καὶ
3344 3154 3463 3212 ταῖς
3519 3150 3627 3202 τῶν
3676 3150 3999 3219 ἀρχομένων

785 3241 1244 3307 Quemadmodum
1279 3261 1468 3298 aurum
1495 3247 1687 3315 probat
1718 3249 1861 3302 acies
1899 3250 2129 3318 lapidea,
2173 3252 2246 3304 ita
2280 3262 2335 3306 et

787 3335 1074 3387 humanam
1127 3348 1361 3388 mentem
1403 3339 1643 3391 actiones
1681 3353 1801 3391 cum
1844 3340 2170 3409 imperiales,
2223 3351 2335 3396 tum

785 3425 1122 3479 subditorum
1149 3428 1533 3496 dispositiones
1561 3430 1898 3484 discernunt.

857 3517 944 3570 29.
991 3517 1055 3570 At
1084 3527 1138 3570 tu
1170 3519 1302 3571 mihi
1336 3520 1552 3574 sedulus
1574 3523 1785 3576 auditor
1807 3525 1971 3585 adsis,
1996 3541 2098 3580 nec
2124 3528 2336 3582 auditor

786 3617 1017 3675 tantum,
1055 3610 1150 3664 sed
1184 3621 1238 3663 et
1267 3623 1518 3678 operator
1552 3613 1824 3667 actionum
1869 3616 2127 3671 bonarum
2163 3631 2218 3673 et
2244 3622 2336 3673 ad-

785 3701 1070 3754 miratione
1118 3701 1418 3770 dignarum.
1481 3701 1804 3772 Principium
1863 3722 2022 3774 porro
2059 3725 2087 3762 a
2131 3711 2237 3765 Deo
2283 3723 2336 3767 et

785 3794 978 3848 divinis
1007 3810 1360 3848 arcessemus.
1395 3795 1574 3848 Oratio
1609 3796 1768 3865 igitur
1804 3801 2076 3854 connectit
2096 3802 2204 3855 Deo
2238 3803 2336 3856 ho-

785 3887 1006 3941 minem.
1033 3886 1188 3952 eique
1224 3885 1538 3938 familiarem
1567 3888 1758 3941 reddit.
1789 3888 1880 3942 Est
1901 3900 2078 3944 autem
2112 3893 2198 3946 illa
2215 3911 2336 3947 cum

785 3975 896 4026 Deo
929 3975 1216 4027 collocutio
1244 3985 1301 4026 et
1337 3990 1653 4044 congressus
1691 3977 1906 4044 quidam
1939 3980 2332 4046 intellectualis,

785 4065 874 4133 qui
906 4075 986 4118 est
1014 4066 1254 4119 omnium
1291 4082 1468 4119 rerum
1508 4067 1908 4135 pulcherrimus
1953 4080 2007 4124 et
2059 4074 2336 4140 pretiosis-

784 4159 974 4212 simus.
1019 4159 1100 4212 Ab
1127 4159 1218 4211 illo
1267 4167 1482 4212 emanat
1537 4160 1837 4214 substantia
1891 4162 2068 4216 omnis
2109 4172 2163 4216 et
2206 4179 2336 4218 con-

783 4247 1027 4301 sistentia
1049 4263 1063 4311 ;
1088 4247 1155 4301 ab
1181 4247 1270 4301 illo
1293 4248 1625 4315 providentia
1675 4257 1728 4302 et
1753 4250 2012 4304 bonorum
2041 4251 2294 4308 exhibitio
2319 4269 2335 4320 ;

781 4339 1041 4408 perfectio
1087 4341 1299 4401 omnis,
1347 4347 1399 4392 ct
1441 4339 1728 4394 atl'ectuum
1784 4345 1958 4396 omnis
2003 4345 2334 4400 emundatio.

781 4428 1044 4492 Quocirca
1094 4427 1137 4481 si
1178 4428 1243 4481 ab
1275 4431 1519 4482 oratione
1564 4431 1706 4483 nulla
1741 4431 1841 4483 alia
1891 4432 2092 4486 utilitas
2116 4434 2336 4503 egrede-

2436 3242 2690 3304 διανοίαις
2728 3242 3057 3305 ἐξετάζεται,
3108 3260 3126 3292 ι

2509 3509 2608 3560 κθ’.
2659 3509 2729 3560 Σὺ
2757 3508 2813 3560 δέ
2849 3526 2940 3576 μοι
2990 3509 3222 3574 μάλιστα
3277 3510 3535 3580 πρόσεχε,
3587 3510 3673 3562 ἵνα
3709 3510 3784 3579 μὴ
3832 3510 3999 3578 μόνον

2439 3601 2738 3669 ἀκροατὴς,
2777 3599 2914 3652 ἀλλά
2949 3601 3041 3651 καὶ
3087 3599 3312 3669 ποιητὴς
3356 3601 3490 3669 γένη
3526 3599 3707 3653 καλῶν
3751 3601 3846 3652 καὶ
3877 3600 4001 3662 ἀξι-

2436 3693 2687 3758 αγάστων
2715 3691 2985 3761 πράξεων.
3031 3691 3196 3759 Ἀρχὴ
3228 3690 3284 3742 δὲ
3313 3691 3462 3759 ἡμῖν,
3494 3693 3597 3744 κάν
3634 3692 3861 3752 τούτοις,
3888 3691 4002 3745 ἀπὸ

2436 3785 2542 3835 τῶν
2571 3785 2746 3837 θείων.
2797 3785 2942 3853 Εὐχὴ
2979 3785 3074 3853 μὲν
3107 3781 3198 3836 οὖν
3225 3784 3345 3853 Θεῴ
3373 3783 3633 3835 συνάπτει
3658 3785 3750 3836 καί
3785 3787 3997 3847 οἰκειοῖ,

2437 3877 2622 3946 ὁμιλία
2658 3894 2739 3938 τις
2792 3876 2971 3938 ἔνθεος
3043 3871 3196 3939 οὖσα,
3260 3878 3354 3928 καὶ
3420 3876 3670 3930 συνουσία
3713 3878 3871 3943 νοερὰ
3903 3877 3998 3927 τοῦ

2441 3971 2654 4022 πάντων
2687 3968 2967 4020 καλλίστου
3005 3968 3098 4020 καὶ
3128 3969 3456 4036 τιμιωτάτου
3483 3986 3496 3998 ⁸
3531 3971 3588 4035 ἐξ
3616 3962 3675 4020 οὗ
3703 3971 3852 4021 πᾶσα
3895 3971 3996 4037 μὲν

2437 4062 2685 4123 οὐσίωσις
2717 4061 2810 4113 καὶ
2841 4061 3057 4130 συνοχὴ,
3091 4062 3238 4113 πᾶσα
3266 4061 3320 4111 δὲ
3352 4062 3576 4130 πρόνοια
3619 4063 3712 4113 καὶ
3761 4061 3997 4130 χορηγία

2435 4156 2542 4207 τῶν
2597 4153 2836 4221 ἀγαθῶν,
2886 4155 3034 4206 πᾶσα
3073 4153 3130 4204 δὲ
3184 4153 3453 4222 τελειότης
3501 4154 3596 4205 καὶ
3638 4154 3996 4222 διακάθαρσις

2435 4247 2543 4300 τῶν
2597 4246 2801 4299 παθῶν.
2842 4247 3001 4298 Ὥστε
3055 4246 3102 4297 εί
3141 4247 3234 4298 καὶ
3268 4247 3341 4315 μή
3392 4262 3444 4298 τι
3489 4246 3615 4299 ἀλλο
3671 4246 3858 4315 κέρδος
3919 4248 3984 4297 ὲκ

2437 4345 2535 4412 τῆς
2578 4344 2738 4412 εὐχῆς
2787 4341 3069 4409 ἀνεφύετο,
3119 4341 3250 4393 αὐτὸ
3279 4341 3340 4410 δὴ
3387 4339 3546 4393 τοῦτο
3597 4340 3828 4410 μάλιστα
3884 4345 3995 4404 τοῖς

2441 4435 2705 4504 φιλοθέοις
2748 4435 2842 4486 καὶ
2872 4431 2966 4485 τοῦ
3000 4432 3204 4500 ἀγαθοῦ
3236 4432 3620 4501 φιλοθεάμοσιν
3648 4434 3768 4485 ἀντὶ
3816 4435 3995 4500 πάσης

781 4530 952 4580 retur.
994 4519 1134 4572 istud
1190 4529 1361 4572 tamen
1423 4521 1640 4574 unicum
1688 4523 1829 4590 apud
1880 4523 2123 4578 homines
2165 4525 2333 4579 Deum
2370 4527 2409 4581 D
2439 4545 2458 4579 ε

2318 4541 2333 4578 ι
2370 4527 2409 4581 0
2439 4526 2773 4596 εὐφροσύνης
2818 4525 2998 4595 ἢρκει,
3054 4525 3148 4577 καὶ
3197 4524 3376 4591 πάσης
3405 4526 3504 4592 τῆς
3555 4524 3696 4576 κατὰ
3737 4524 3830 4574 τὸν
3882 4522 3995 4591 βίον

781 4611 1062 4680 diligentes
1095 4621 1148 4664 et
1176 4611 1388 4665 videndi
1422 4614 1664 4666 curiosos
1701 4614 1871 4667 instar
1903 4617 2080 4669 omnis
2112 4619 2333 4671 alterius

782 4703 1182 4765 oblectamenti,
1215 4704 1390 4756 omnis
1419 4720 1537 4772 qua:
1559 4706 1612 4756 in
1644 4706 1750 4757 vita
1798 4709 2113 4776 contingere
2159 4717 2336 4776 potest

783 4794 1130 4846 beatitudinis
1155 4805 1208 4846 et
1238 4794 1530 4856 felicitatis,
1559 4808 1700 4849 esset
1724 4797 1937 4851 abunde
1958 4799 2334 4854 suﬂecturum.

781 4888 877 4939 Ast
903 4903 1024 4939 cum
1057 4901 1151 4954 per
1175 4888 1418 4939 eamdem
1453 4898 1793 4954 peccatorum
1820 4890 2128 4943 obtinemus
2149 4891 2338 4945 remis-

780 4977 1009 5038 sionem,
1045 4987 1097 5031 et
1128 4979 1384 5046 quidquid
1428 4981 1585 5034 nobis
1630 4982 1970 5036 conducibile
2017 4984 2087 5036 sit
2135 4985 2334 5051 recipi-

780 5083 920 5131 mus,
965 5069 1118 5121 donis
1145 5069 1326 5122 donati
1359 5071 1597 5138 Optimis,
1630 5081 1684 5124 et
1717 5074 1984 5140 perfectos
2015 5073 2341 5129 facientibus

781 5161 1122 5228 recipientes,
1146 5176 1357 5214 necnon
1399 5164 1452 5215 in
1485 5179 1544 5217 se
1601 5164 2054 5232 speciosissimis;
2105 5167 2172 5220 ad
2208 5182 2341 5235 ope-

781 5251 1005 5304 randum
1051 5267 1114 5305 ea
1164 5253 1491 5307 advocamur
1539 5271 1659 5323 qua
1711 5257 2109 5325 inexplicabilia
2159 5259 2339 5312 omnia

779 5342 935 5394 nobis
968 5343 1212 5397 conferre
1243 5345 1416 5398 solent
1450 5363 1462 5397 :
1503 5363 1594 5414 per
1637 5349 1926 5415 gratiarum
1954 5365 2112 5416 porro
2167 5351 2334 5403 actio-

779 5450 922 5498 nem,
954 5451 1110 5502 quain
1145 5435 1196 5487 in
1251 5438 1500 5503 precibus
1551 5439 1885 5506 expedimns,
1936 5439 2330 5493 benefactorem

778 5525 926 5588 quasi
969 5540 1396 5587 remuneramus,
1429 5537 1481 5579 et
1515 5536 1764 5595 tanquam
1797 5529 2052 5596 quasdam
2103 5531 2174 5582 illi
2225 5534 2330 5599 pri-

780 5612 956 5664 mitias
985 5614 1279 5675 otl'erimus,
1317 5627 1608 5682 prasentes
1638 5619 1800 5671 animi
1823 5621 1988 5672 nostri
2015 5621 2333 5676 affectiones

2439 4615 2838 4685 μακαριότητος
2869 4614 2961 4665 καὶ⁵
2991 4612 3354 4680 εὐδαιμονίας.
3386 4614 3513 4664 Ὅτε
3544 4615 3635 4665 καὶ
3665 4613 3772 4666 τῶν
3809 4615 3992 4682 ἡμαρ-

2437 4708 2684 4776 τημένων
2733 4707 2926 4773 ἄφεσιν
2991 4704 3339 4773 λαμϐάνομεν
3395 4704 3462 4756 δι’
3490 4705 3680 4774 αὐτῆς,
3738 4706 3832 4756 καὶ
3885 4707 3994 4757 τῶν

2436 4799 2607 4852 ἀλλων
2624 4796 2940 4864 αίτημάτων
2959 4797 3056 4846 ὅσα
3075 4795 3409 4864 συμφέρουσι
3427 4794 3522 4854 τάς
3547 4794 3879 4860 άγαθοειδείς
3902 4798 3994 4847 καὶ

2437 4889 2843 4957 τελεσιουργοὺς
2893 4887 3118 4955 δωρεάς,
3183 4883 3626 4953 προκαλούμεθα,
3692 4882 3994 4951 ἀξιούμεθά

2437 4996 2495 5030 τε
2526 4977 2630 5030 τῶν
2655 4977 2877 5044 ἀφάτων
2925 4977 3051 5044 περὶ
3077 4975 3224 5043 ημᾶς
3257 4973 3432 5043 ἔργων
3455 4973 3548 5024 καὶ
3576 4971 3759 5042 δώρων
3780 4973 3868 5024 διὰ
3895 4974 3992 5041 τῆς

2437 5073 2495 5121 ὲν
2561 5069 2696 5136 αὐτῇ
2762 5067 3107 5134 εὐχαριστίας
3159 5064 3247 5116 τὸν
3307 5064 3598 5134 εὐεργέτην
3646 5061 3987 5130 ἀμείϐεσθαι,

2437 5159 2616 5228 καὶδη
2657 5159 2746 5210 καὶ
2780 5157 2897 5218 οἵας
2927 5156 3177 5223 ἀπαρχάς
3235 5171 3384 5216 τινας
3432 5154 3580 5222 αὐτῷ
3641 5154 3988 5223 προσφέρειν,

2435 5254 2532 5314 τὰς
2565 5251 2684 5303 κατ’
2711 5250 2920 5318 ἐκείνην
2957 5249 3050 5299 τοῦ
3095 5245 3186 5299 νοῦ
3237 5248 3476 5316 κινήσεις
3528 5247 3618 5298 καὶ
3662 5244 3986 5310 δοξολογίας,

2434 5345 2530 5411 τῆς
2555 5345 2740 5413 νοερᾶς
2770 5340 2924 5410 ἡμῶν
2949 5343 3040 5392 καὶ
3079 5340 3301 5408 λογικῆς
3329 5337 3628 5398 οὐσιώσεως
3648 5354 3661 5366 ·
3694 5338 3778 5388 ὅτε
3815 5337 3990 5387 τοίνυν

2436 5431 2672 5485 τοσαῦτα
2697 5432 2789 5481 καὶ
2817 5428 3118 5496 τηλικαῦτα
3144 5429 3209 5494 τῇ
3251 5427 3383 5494 εὐχῇ
3431 5423 3830 5494 περιεῦηηπται,
3876 5420 3990 5480 πῶς

2436 5527 2494 5577 οὐ
2521 5526 2624 5594 χρὴ
2653 5523 2788 5590 πρὸς
2839 5521 3040 5586 ταύτην
3083 5518 3378 5587 προθύμως
3430 5514 3858 5576 ἐπεκτείνεσθαι,
3899 5515 3991 5564 καὶ

2436 5617 2634 5683 ταύτης
2659 5617 2788 5683 ὲρᾷν
2819 5613 3021 5680 σφόδρα
3055 5615 3147 5662 καὶ
3185 5609 3707 5678 ἀντιλαμϐάνεσθαι;

779 5718 826 5757 et
863 5717 1058 5771 motus,
1091 5711 1397 5780 doxologias
1427 5729 1637 5780 quoque
1679 5715 1744 5767 ab
1781 5716 2097 5784 intelligibili
2147 5729 2326 5771 nostra
2367 5729 2420 5771 et
2481 5714 2724 5768 rationali
2779 5720 2968 5762 natura
3021 5707 3360 5760 resultantes.
3407 5704 3540 5758 Cum
3590 5704 3750 5773 igitur
3798 5713 3874 5756 tot
3937 5713 3988 5755 ct

783 5813 925 5853 tanta
973 5819 1070 5870 per
1121 5807 1417 5860 orationem
1468 5822 1842 5876 procurentur,
1903 5814 2173 5881 quomodo
2223 5831 2328 5866 non
2367 5829 2576 5881 a-quum
2606 5812 2756 5866 situt
2815 5823 2913 5862 nos
2937 5806 3183 5860 alacriter
3211 5805 3264 5858 in
3330 5804 3413 5856 illa
3436 5803 3808 5862 extendamus,
3872 5815 3987 5852 eam

791 5891 1158 5949 \‘chetnt'utiUs
1192 5898 1541 5965 depereanius
1584 5913 1632 5955 ct
1691 5906 1834 5957 omni
1885 5904 2040 5956 modo
2090 5906 2473 5972 amplectamur
