4248 6444
293 406 403 467 665

1452 411 1981 472 EPISTOLARUM
2020 410 2247 470 LIBER
2286 410 2310 469 Ι
2324 457 2335 469 .

3407 412 3511 477 666

368 520 428 567 λ’.
458 517 529 568 Σὺ
560 518 737 569 τῦίνυν
765 516 1064 610 προσεύχου
1105 519 1202 586 μὲν
1255 519 1415 588 εὐχὰς
1452 521 1586 583 ἰδίας
1621 522 1852 573 διαπαν-
1880 530 1925 580 Α
2020 519 2045 572 3

1834 546 1852 562 -
1880 530 1925 580 Α
2020 519 2107 572 30.
2149 521 2310 571 Orato
2340 517 2499 587 igitur
2520 516 2890 573 indesinenter
2926 518 3173 588 privatim
3201 532 3256 577 et
3289 526 3428 593 apud
3460 536 3511 579 te

292 610 385 673 τὸς
413 612 508 662 καὶ
534 611 654 663 καθ’
685 612 876 663 ἑαυτὸν
904 611 981 679 τῷ
1006 610 1141 679 Θεῷ.
1183 611 1490 681 Προσεύχου
1522 613 1577 665 δὲ
1606 615 1698 665 καὶ
1738 614 1851 681 ἅμα

292 702 372 769 τῷ
399 702 613 769 πλήθει,
642 703 737 754 καὶ
766 704 822 754 ἐν
846 701 923 770 τῷ
956 702 1202 770 φανερῷ·
1244 702 1310 753 δι’
1337 703 1594 771 ἑκατέρου
1623 703 1720 772 μὲν
1745 706 1851 773 γὰρ

298 793 562 861 θεοφιλῶς
610 795 1007 863 πραττομένου,
1059 794 1119 845 τὸ
1156 795 1302 846 ὅσιον
1333 796 1481 848 ἐστιν
1526 795 1849 849 ἀποδιδόναι.

300 885 467 936 Ὅσον
515 886 570 937 δὲ
619 885 681 937 τὸ
734 888 998 955 πρότερον
1071 888 1149 949 είς
1208 886 1556 956 καθαρότητα
1617 887 1855 949 διανοίας

301 978 639 1041 πλεονεκτεῖ,
673 979 926 1031 τοσοῦτον
946 979 1007 1031 τὺ
1051 978 1300 1048 δεύτερον
1343 982 1423 1041 εἰς
1474 980 1700 1049 μίμησιν
1732 980 1857 1041 τοὺς

298 1070 536 1139 ὁρῶντας
571 1072 895 1139 παρακαλεῖ.
931 1073 1041 1124 Καὶ
1075 1072 1137 1122 τὸ
1185 1072 1281 1141 μὲν
1326 1051 1407 1134 έίς
1437 1073 1635 1123 οἰκεῖον
1665 1070 1855 1139 κέρδος

302 1160 546 1212 συντελεῖ
571 1176 585 1189 ·
608 1162 667 1212 τὸ
690 1162 744 1213 δὲ
773 1162 867 1213 καὶ
891 1164 1015 1223 τοὺς
1046 1162 1235 1223 ἄλλους
1266 1158 1403 1214 οἶδεν
1434 1162 1659 1230 ὠφελεῖν
1682 1178 1695 1190 ⁸
1727 1156 1801 1213 ὧν
1825 1164 1857 1230 ή

304 1254 550 1319 σωτηρία
581 1256 671 1305 καὶ
698 1256 729 1322 ἡ
762 1256 1031 1322 προκοπὴ,
1062 1255 1271 1325 μεγάλη
1324 1254 1482 1307 πάλιν
1520 1255 1619 1323 τῆς
1658 1253 1858 1324 ἀρετῆς

303 1346 420 1395 ἐστι
449 1345 541 1393 τοῦ
571 1344 829 1412 ἄρχοντος
868 1346 1161 1416 μαρτυρία.

379 1519 479 1571 λα’.
510 1522 687 1583 Nam);
713 1523 798 1573 ἐπ’
822 1522 1043 1591 ὀνόματι
1065 1523 1199 1576 Θεοῦ
1233 1524 1325 1577 καὶ
1357 1522 1465 1575 τῶν
1499 1524 1661 1577 αὐτοῦ
1690 1523 1859 1591 ἁγίων

306 1614 449 1664 κατὰ
479 1613 605 1674 τοὺς
643 1614 1129 1681 ἐκκλησιαστικοὺς
1176 1616 1407 1685 θεσμοὺς
1440 1618 1730 1684 οἰκοδόμει,
1768 1619 1861 1668 καὶ

306 1701 517 1761 τούτοις
541 1702 631 1752 τὸν
654 1703 777 1754 λαὸν
807 1704 1257 1771 ἐκκλησιάζεσθαι
1280 1706 1421 1767 ἔθιζε
1446 1723 1458 1734 '
1497 1707 1581 1757 ἵνα
1628 1725 1774 1775 κυινῃ
1802 1725 1861 1756 τυ

307 1792 462 1841 Θεῖον
486 1792 866 1861 ὲξιλεούμενοι,
898 1797 992 1846 καὶ
1034 1797 1214 1864 κοινὴν
1243 1797 1340 1867 τὴν
1366 1797 1667 1865 δοξολογίαν
1691 1814 1857 1866 προσ-

307 1898 530 1947 αγοντες

309 1990 526 2036 νωνται,
575 1976 669 2027 καὶ
733 1978 915 2045 κοινὴν
957 1978 1270 2047 καρπῶνται
1314 1981 1412 2048 τὴν
1460 1981 1729 2050 σωτηρίαν
1774 1980 1864 2032 καὶ

310 2061 604 2126 ὠφέλειαν.

382 2150 479 2219 λβθ.
513 2154 575 2203 Δί
608 2151 787 2206 θυσίαι
815 2155 911 2222 μὲν
953 2156 1050 2218 τῆς
1081 2157 1229 2225 ἱερᾶς
1283 2158 1438 2227 ὴμῶν
1479 2158 1728 2228 λατρείας
1755 2162 1867 2222 τοῖς

316 2242 556 2309 ἱερεῦσιν
608 2247 920 2298 ἀνάκεινται
972 2242 1051 2309 οἷς
1110 2250 1399 2319 ὑπηρετῶν
1450 2252 1741 2321 προθύμως
1773 2255 1867 2304 καὶ

310 2336 655 2403 προσφέρων,
698 2338 895 2407 πολλῆς
925 2339 1021 2407 τῆς
1056 2340 1142 2392 διὰ
1182 2340 1387 2394 τούτων
1427 2342 1749 2406 ἀπολαύσεις
1777 2346 1868 2395 καὶ

311 2426 627 2494 εὐεργεσίας
656 2434 748 2482 καὶ
775 2432 1009 2501 χάριτος.
1047 2433 1242 2485 Δύναιο
1263 2434 1307 2485 δ’
1336 2435 1398 2486 ἂν
1438 2436 1529 2486 καὶ
1560 2438 1644 2499 σὺ,
1680 2435 1868 2505 βουλη-

312 2517 449 2581 θεὶς,
483 2520 758 2573 κάλλιστον
782 2524 1147 2595 αὐτουργῆσαι
1170 2524 1287 2595 Θεῷ
1312 2524 1459 2595 θῦμα
1480 2529 1571 2579 καὶ
1590 2528 1865 2597 ἐρασμιώ-

312 2626 494 2674 τατον,
522 2610 635 2679 βίον
665 2612 812 2682 αὐτῷ
844 2615 1289 2685 καλλιερούμενος
1333 2618 1589 2688 καθαρὸν,
1632 2622 1722 2672 καὶ
1762 2620 1871 2670 δια-

313 2702 460 2763 νοίας
490 2702 770 2775 ὀρθότητα.

391 2882 488 2948 λγ’.
516 2883 681 2945 Εἰδὼς
707 2884 763 2936 δὲ
785 2884 858 2946 ὡς
886 2886 1094 2955 μεγάλη
1117 2888 1253 2957 ῥοπὴ
1276 2887 1409 2956 πρὸς
1441 2888 1538 2957 τὴν
1559 2888 1667 2942 τῶν
1696 2890 1871 2943 ἄλλων

316 2973 600 3042 διοίκησιν,
639 2974 793 3044 ῥώμη
836 2978 928 3027 καὶ
969 2977 1131 3045 τάχος
1182 2979 1439 3043 διανοίας,
1496 2982 1625 3049 μηδὲ
1670 2984 1872 3051 ταύτης

318 3066 585 3131 ἀφίστασο
640 3067 739 3135 τῆς
780 3069 1113 3137 ἐπιμελείας.
1172 3072 1448 3140 ’Δγχίνουν
1498 3074 1595 3142 μὲν
1634 3078 1741 3143 γὰρ
1776 3078 1874 3127 οὐκ

318 3158 434 3207 ἐστι
463 3158 711 3225 γενέσθαι
744 3160 833 3211 τὸν
859 3161 1111 3231 μὴςφύσει
1141 3164 1299 3214 τοῦτο
1334 3166 1606 3232 πεφυκότα
1630 3185 1641 3196 ·
1673 3166 1869 3236 μελέτη

319 3253 379 3303 δὲ
407 3253 498 3303 καὶ
523 3253 863 3321 πραγμάτων
894 3257 1076 3322 πεῖρα,
1118 3257 1406 3325 πρόχειρον
1431 3260 1750 3327 ἐμποιοῦσαι
1778 3262 1873 3332 τὴν

321 3346 544 3411 γνῶσιν,
597 3347 854 3409 πολλάκις
927 3350 982 3399 ὲν
1026 3351 1205 3411 αὐτοῖς
1246 3354 1356 3413 τοῖς
1401 3351 1580 3420 ἔργοις
1627 3353 1876 3422 ὀξύτερον

324 3436 530 3501 ἔδειξαν
567 3439 1238 3510 τὸν’ὲγγεγυμνασμένον,
1286 3442 1319 3512 ἢ
1369 3447 1493 3507 τοὺς
1535 3445 1737 3516 ταύτης
1780 3447 1879 3515 τῆς

322 3530 605 3597 δυνάμεως
641 3532 779 3583 κατὰ
827 3532 986 3599 φύσιν
1018 3535 1441 3604 μετεσχηκότας.
1495 3538 1572 3589 Δι’
1619 3538 1647 3589 ὃ
1679 3539 1879 3607 φρόνη-

328 3638 411 3672 σιν
444 3623 632 3674 ἀσκεῖν
664 3625 923 3694 προσήκει
950 3625 1035 3676 διὰ
1064 3626 1179 3692 βίου
1201 3653 1217 3664 -
1249 3625 1381 3697 αὕτη
1419 3627 1475 3678 δὲ
1525 3631 1881 3698 παραγίνεται

333 3715 530 3785 μελέτῃ
558 3715 654 3783 μὲν
686 3718 779 3768 καὶ
810 3719 994 3787 μνήμῃ
1022 3717 1267 3787 πράξεων
1309 3719 1720 3789 πρεσόυτέρων,
1756 3725 1881 3792 ὁμι-

330 3807 424 3875 λίᾳ
453 3806 510 3857 δὲ
538 3810 629 3859 καὶ
683 3810 934 3871 συνουσία
959 3810 1063 3876 τῷν
1116 3812 1413 3878 περιόντων
1458 3814 1667 3881 ἀνδρῶν
1698 3816 1884 3885 φρονί-

336 3914 469 3964 μων,
495 3899 586 3949 καὶ
618 3899 876 3968 ἐμπειρίᾳ
904 3899 957 3950 δὲ
982 3900 1089 3951 τῶν
1117 3902 1260 3952 κατὰ
1292 3902 1382 3953 τὸν
1418 3902 1530 3971 βίον
1577 3907 1882 3973 πρακτέων.

335 3991 537 4057 Πρᾶξις
583 3993 691 4060 γὰρ
753 3994 976 4063 μιμήσει
1031 3994 1135 4055 καὶ.⁹
1186 3993 1346 4064 βουλῇ
1420 3996 1515 4046 καὶ
1567 3996 1885 4067 διαχειρίσει

335 4086 533 4153 κράτος
553 4085 907 4145 συλλαϐοῦσα,
929 4086 1026 4154 τῆς
1052 4086 1256 4137 ἄνωθεν
1284 4088 1453 4156 ῥοπῆς
1479 4088 1577 4139 οὐκ
1598 4090 1887 4160 ἀντιπρατ-

336 4175 554 4243 τούσης,
595 4178 671 4237 εἰς
700 4177 973 4246 συμφέρον
994 4176 1143 4237 τέλος
1167 4176 1469 4231 ἁποόαίνει.

1962 608 2131 662 Deum
2166 627 2178 661 :
2211 610 2302 663 sed
2334 618 2387 662 et
2410 608 2579 677 palam
2611 618 2666 662 et
2696 624 2801 661 una
2824 625 2944 663 cum
2976 611 3317 667 multitudine
3337 622 3509 668 orato.

1958 701 2120 755 Certe
2147 716 2239 770 per
2269 711 2553 768 utrumque
2573 702 2763 753 orandi
2796 702 3034 763 modum,
3060 713 3114 756 ut
3146 702 3309 757 Deum
3330 722 3515 759 aman-

1950 802 2071 847 ‘tem
2113 794 2291 855 decet,
2352 793 2692 846 observatum
2740 791 3089 846 sanctiﬁcatio
3148 794 3394 850 habetur.
3451 798 3511 852 In

1960 892 2223 954 quantum
2252 898 2379 937 vero
2414 881 2561 951 prius
2590 882 2717 936 illud
2772 882 2837 935 ad
2892 884 3088 935 mentis
3116 891 3218 937 tua:
3261 887 3513 942 conducit

1963 978 2272 1044 puritatem,
2305 976 2362 1028 in
2390 984 2595 1027 tantum
2619 975 2667 1027 id
2692 974 2834 1043 quod
2858 975 3079 1041 ponitur
3107 978 3343 1031 secundo
3373 979 3508 1043 loco,

1964 1066 2234 1120 intuentes
2264 1065 2316 1118 in
2348 1066 2702 1119 imitationem
2736 1075 2912 1120 vocat.
2947 1066 3012 1117 Et
3035 1067 3259 1120 alterum
3299 1070 3513 1137 quidem

1965 1158 2187 1226 privatis
2215 1157 2511 1210 commodis
2565 1158 2810 1221 inservit,
2860 1158 3088 1210 alterum
3134 1159 3355 1229 insuper
3382 1177 3508 1214 con-

1964 1248 2109 1301 ducit
2142 1258 2195 1301 et
2221 1248 2432 1301 alienis.
2468 1248 2689 1301 Illorum
2722 1264 2882 1315 porro
2914 1250 3059 1303 salus
3114 1260 3167 1303 et
3216 1252 3267 1303 in
3319 1255 3510 1308 virtute

1966 1355 2279 1409 progressus
2322 1340 2526 1393 illustre
2571 1340 2860 1393 admodum
2916 1342 3281 1395 testimonium
3334 1344 3513 1398 virtuti

1967 1429 2281 1496 imperantis
2315 1428 2584 1496 perhibet.

2035 1520 2121 1572 51.
2164 1518 2382 1587 Templa
2406 1519 2517 1572 Deo
2546 1528 2597 1571 et
2642 1518 2839 1572 sanctis
2890 1519 3007 1587 ejus
3046 1521 3337 1573 secundum
3376 1520 3519 1590 leges

1965 1612 2168 1664 aediﬁca
2221 1611 2664 1663 ecclesiasticas:
2716 1625 2781 1662 eo
2841 1610 3072 1679 populus
3124 1614 3413 1664 convenire
3464 1612 3518 1662 in

1966 1713 2136 1756 uetus
2169 1712 2459 1763 assuescat,
2484 1704 2537 1755 in
2562 1718 2683 1755 eum
2716 1702 2875 1754 ﬁnem
2915 1711 2971 1754 ut
3021 1703 3395 1756 communibus
3423 1720 3520 1757 vo-

1970 1796 2038 1847 tis
2073 1794 2238 1847 Deum
2275 1795 2561 1862 propitium
2593 1794 2945 1858 facientes,et
2963 1796 3322 1848 communiter
3360 1798 3523 1849 doxo-

556 1921 571 1945 ,
618 1885 696 1945 είς
730 1887 912 1954 κοινήν
962 1903 1020 1937 τε
1065 1887 1263 1955 μᾶλλον
1318 1890 1569 1957 ὁμόνοιαν
1605 1888 1860 1941 συνελαύ-
1894 1886 1934 1939 Β
1965 1887 2155 1955 logiam
2200 1901 2229 1940 e

1844 1920 1860 1928 -
1894 1886 1934 1939 Β
1965 1887 2155 1955 logiam
2200 1887 2249 1940 ei
2278 1886 2600 1948 oﬂerentes,
2631 1885 2701 1938 ita
2738 1885 2905 1955 magis
2945 1901 3066 1938 cum
3093 1886 3147 1938 in
3182 1901 3521 1939 communem

1964 1978 2304 2031 concordiam
2329 1977 2648 2037 coalescant,
2681 1985 2735 2029 et
2760 1991 3104 2029 communem
3138 1976 3378 2031 referant
3400 1993 3522 2030 cum

1963 2069 2188 2122 salutem
2213 2076 2323 2120 tum
2350 2069 2512 2120 etiam
2540 2067 2674 2120 alias
2707 2068 2987 2120 utilitates.

2034 2159 2121 2212 52.
2165 2158 2437 2211 Sacriﬁcia
2474 2166 2685 2210 sacrata
2718 2167 2914 2211 nostra:
2964 2158 3237 2227 religionis
3283 2169 3527 2227 spectant

1965 2252 2028 2303 ad
2061 2252 2365 2304 sacerdotes
2394 2267 2405 2301 :
2431 2249 2627 2318 quibus
2661 2249 2704 2302 si
2730 2249 2957 2303 libenter
2994 2258 3044 2302 te
3075 2252 3522 2313 accommodabis,

1966 2351 2020 2393 et
2054 2341 2352 2393 oblationes
2387 2350 2505 2393 tuas
2528 2340 2763 2403 dederis,
2809 2349 2862 2394 et
2892 2342 3322 2396 benevolentiam
3362 2360 3427 2397 ex
3464 2360 3527 2397 eo

1969 2434 2126 2493 facto,
2158 2442 2210 2483 et
2246 2432 2406 2483 simul
2437 2432 2661 2498 gratiam
2710 2433 2834 2486 inde
2884 2449 2992 2486 non
3030 2434 3301 2505 vulgarem
3344 2453 3527 2503 repor-

1969 2522 2128 2576 tabis.
2168 2522 2372 2576 Poteris
2398 2532 2598 2586 autem,
2648 2524 2808 2578 modo
2855 2525 3069 2579 animus
3111 2528 3275 2591 adsit,
3314 2538 3368 2581 et
3417 2537 3529 2583 tute

1968 2628 2063 2682 per
2090 2624 2138 2666 te
2167 2614 2587 2682 pulcherrimum
2622 2614 2729 2668 Deo
2764 2616 2959 2670 offerre
2987 2618 3309 2673 sacriﬁcium
3342 2629 3396 2673 et
3434 2622 3530 2675 de-

1969 2706 2232 2768 lectabile,
2276 2706 2321 2759 si
2349 2709 2511 2759 vitam
2562 2708 2664 2777 ipsi
2694 2724 2885 2776 puram
2927 2720 2981 2761 et
3033 2710 3272 2764 animum
3322 2721 3530 2765 rectum

1970 2798 2191 2865 pulchre
2230 2799 2507 2853 obtuleris.

2038 2888 2125 2942 55.
2164 2890 2241 2943 Ad
2278 2891 2352 2944 rei
2384 2906 2510 2944 vero
2545 2893 2709 2946 totius
2753 2892 2981 2961 publicae
3012 2894 3532 2950 administrationem

1972 2996 2092 3033 cum
2131 2980 2398 3050 intelligas
2429 2984 2721 3051 plurimum
2750 2983 3001 3037 conferre
3031 2986 3227 3037 mentis
3251 2987 3535 3040 valentiam

1971 3081 2026 3125 et
2058 3073 2249 3141 agilem
2284 3074 2680 3137 dexteritatem,
2713 3077 2819 3129 noli
2849 3090 3032 3130 curam
3081 3078 3220 3130 hanc
3254 3078 3404 3131 obire
3438 3094 3536 3132 ne-

1975 3165 2281 3234 gligentius.
2322 3167 2387 3219 Et
2440 3177 2585 3219 certe
2633 3169 2973 3236 prudentiam
3008 3169 3061 3221 in
3106 3170 3383 3239 procinctu
3428 3187 3537 3224 non

1976 3254 2195 3308 habebit
2232 3255 2321 3309 ille
2359 3256 2449 3323 qui
2480 3272 2589 3308 non
2629 3265 2712 3309 est
2751 3272 2780 3309 a
2812 3266 3000 3310 natura
3034 3258 3098 3311 ad
3139 3260 3281 3311 illam
3326 3275 3539 3328 compa-

1978 3355 2145 3398 ratus.
2184 3346 2455 3399 Meditatio
2483 3346 2689 3411 sedula,
2718 3348 3157 3416 experientiaque
3187 3364 3388 3411 rerum,
3420 3366 3539 3417 quae

1977 3438 2336 3507 cognitionem
2368 3438 2432 3492 ad
2452 3454 2668 3492 manum
2698 3440 3061 3509 suppeditant,
3087 3456 3192 3493 non
3225 3456 3348 3495 raro
3366 3440 3538 3494 virum

1980 3546 2081 3584 usu
2112 3531 2463 3584 exercitatum
2498 3530 2702 3584 faciunt
2732 3532 2903 3585 multo
2937 3534 3148 3585 acutius
3175 3533 3227 3584 in
3264 3533 3541 3600 procinctu

1980 3626 2163 3679 videre
2186 3640 2345 3693 (luam
2381 3626 2515 3678 alios
2536 3626 2734 3694 quibus
2753 3641 2782 3678 a
2811 3636 3002 3680 natura
3022 3627 3136 3680 haec
3162 3626 3386 3681 facultas
3410 3643 3542 3680 con-

1981 3732 2131 3771 cessa
2191 3727 2294 3772 est.
2342 3718 2603 3782 Quocirca
2659 3716 3045 3785 providentiam
3089 3716 3244 3771 decet
3292 3732 3543 3770 exercere

1982 3824 2079 3877 per
2118 3817 2284 3860 totum
2308 3806 2471 3858 totius
2498 3806 2619 3858 vitae
2640 3820 2879 3857 cursum.
2903 3806 3210 3873 Acquiritur
3242 3805 3327 3857 illa
3363 3813 3542 3857 autem

1985 3901 2111 3953 dum
2164 3898 2450 3950 recolimus
2477 3906 2531 3948 et
2566 3896 2887 3949 meditamur
2910 3912 2995 3948 res
3022 3898 3145 3949 olim
3171 3908 3363 3965 gestas,
3414 3897 3543 3949 dum

1986 4001 2335 4055 congressum
2390 3985 2705 4037 aﬂcctamur
2754 3994 2811 4036 et
2879 3984 3191 4039 familiarem
3243 4002 3544 4040 sermonem

1987 4079 2332 4149 prudentium
2356 4077 2407 4129 in
2438 4077 2541 4130 vita
2573 4078 2969 4136 easistentium.
3001 4078 3128 4130 dum
3162 4095 3335 4132 rerum
3371 4078 3547 4147 quoti—

1989 4172 2203 4224 dianam
2226 4170 2612 4237 experientiam
2645 4168 2963 4238 colligimus.
2999 4170 3152 4223 Actio
3190 4172 3331 4223 enim
3363 4171 3546 4239 acqui-

1991 4263 2060 4316 rit
2083 4262 2223 4315 vires
2251 4276 2345 4329 per
2376 4260 2749 4319 imitationem.
2775 4262 3058 4314 consilium
3080 4272 3134 4315 et
3158 4264 3543 4331 operationem,

1992 4362 2153 4422 atque
2207 4353 2278 4404 ita
2308 4350 2492 4403 divino
2528 4367 2634 4404 non
2676 4351 2994 4404 adversante
3039 4353 3236 4406 auxilio
3276 4352 3333 4406 in
3388 4353 3548 4407 ﬁnem

1993 4443 2334 4498 commodum
2361 4442 2636 4496 conducit.

409 4530 502 4584 λδ’.
533 4531 683 4599 Μηδὲ
713 4529 822 4580 τῶν
853 4526 980 4597 περὶ
1001 4530 1061 4580 τὸ
1087 4528 1244 4597 σῶμα
1273 4528 1331 4579 δὲ
1362 4526 1515 4596 ἡμῶν
1538 4529 1629 4579 καὶ
1679 4532 1885 4597 σχημά·
1918 4552 1964 4608 D
2063 4539 2086 4591 ᾖ

1871 4557 1885 4567 ·
1918 4552 1964 4608 ι)
2063 4539 2151 4591 ⁸54.
2193 4535 2471 4597 Habitum,
2506 4535 2750 4605 ﬁguram,
2785 4545 2993 4589 motum
3025 4536 3266 4604 corporis
3294 4535 3401 4589 noli
3430 4544 3548 4588 tan-

337 4640 445 4675 των
475 4622 567 4673 καὶ
598 4621 884 4688 κινήσεων,
913 4619 987 4679 ὡς
1028 4617 1280 4677 εὐτελῶν,
1334 4618 1597 4686 ὑπερόρα.
1649 4618 1756 4667 Καὶ
1780 4618 1886 4685 γὰρ

341 4717 435 4767 καὶ
463 4716 495 4781 η
528 4715 584 4765 ὲν
618 4713 800 4771 αὐτοῖς
846 4711 1040 4779 ἀρίστη
1092 4709 1241 4771 τάξις
1303 4710 1396 4759 καὶ
1432 4709 1759 4769 κατάστασις
1798 4709 1895 4759 οὐκ

344 4806 624 4873 ἐλάχιστον
670 4803 832 4870 μέρος
871 4803 1182 4870 φρονήσεως
1217 4799 1391 4864 ἔδοξεν
1444 4794 1582 4850 εἶναι
1610 4815 1622 4825 ·
1657 4801 1750 4850 καὶ
1789 4800 1894 4853 τῶν

342 4900 665 4968 ἀνθρώπων,
707 4900 822 4949 ὅσοι
864 4897 935 4965 μὴ
989 4895 1218 4947 συνιδεῖν
1270 4897 1404 4947 είσιν
1447 4898 1510 4946 ὲκ
1557 4894 1651 4945 τοῦ
1702 4897 1895 4964 ῥᾴστου

343 4992 506 5043 δεινοὶ
534 4991 630 5059 τὴν
671 4992 728 5040 ὲν
777 4991 841 5057 τῇ
871 4990 1012 5056 ψυχῇ
1034 4987 1262 5055 δύναμιν
1280 4987 1373 5037 καὶ
1400 4988 1461 5036 τὸ
1492 4986 1704 5048 κάλλος,
1752 4979 1895 5037 οὗτοι

344 5086 456 5144 τοῖς
503 5082 699 5145 ἔξωθεν
750 5081 987 5149 θεάμασι
1030 5079 1429 5146 ξεναγούμενοι,
1479 5080 1571 5130 καὶ
1609 5079 1715 5130 τῶν
1777 5078 1901 5147 ἀδη-

346 5175 454 5225 λων
480 5176 702 5242 ἐρασταὶ
729 5174 823 5226 καὶ
859 5174 1139 5223 ἐπαινέται
1193 5171 1566 5225 καθίστανται.
1610 5172 1707 5223 Διὰ
1744 5172 1900 5223 τοῦτο

347 5267 427 5318 δεῖ
457 5267 549 5318 καὶ
587 5266 878 5335 προσώπου
902 5265 1158 5327 διαθέσει,
1184 5266 1278 5315 καὶ
1309 5264 1483 5332 κόμης
1534 5265 1782 5331 ἀσκήσει,
1810 5264 1902 5315 καὶ

351 5357 607 5425 περιϐολῇ
645 5357 865 5424 ἐσθῆτος
893 5357 1117 5424 κόσμιον
1145 5355 1369 5424 ὁρᾶσθαι
1396 5356 1488 5406 καὶ
1521 5355 1734 5422 σεμνὸν,
1764 5357 1898 5423 μήτε

352 5452 432 5513 είς
470 5451 527 5501 τὸ
558 5449 828 5517 ganeas;
871 5451 965 5500 καὶ
998 5449 1286 5517 περίεργον
1326 5447 1707 5515 ἐκφερόμενον,
1766 5451 1899 5516 μήτε

353 5541 514 5595 πάλιν
550 5544 691 5611 πέρα
720 5542 812 5592 τοῦ
856 5542 1072 5609 μετρίου
1116 5542 1249 5608 πρὸς
1288 5540 1347 5589 τὸ
1379 5538 1727 5606 ἠμελημένον
1766 5538 1902 5589 καθ-

354 5636 664 5702 ελκόμενον.
743 5634 1029 5702 Ἑκάτερον
1079 5633 1183 5699 γὰρ
1233 5631 1471 5699 ἀπρεπὲς
1526 5635 1617 5681 καὶ
1669 5633 1901 5682 εὐκατα-

356 5728 639 5795 φρόνητον,
702 5728 790 5777 καὶ
853 5726 1081 5795 ἀρχικῆς
1137 5724 1409 5786 πολιτείας
1458 5723 1752 5791 ἀλλότριον.
1796 5724 1903 5775 Καὶ

363 5820 688 5888 βαδίσματος
739 5819 794 5869 δὲ
850 5818 1043 5887 πρέπει
1108 5816 1183 5884 τῷ
1220 5816 1435 5885 ἄρχοντι
1466 5814 1707 5881 εὐταξία,
1762 5815 1897 5883 μήτε

1996 4643 2155 4695 quam
2203 4626 2325 4679 vilia
2355 4634 2721 4679 contemnere.
2768 4625 2913 4678 Ordo
2944 4624 3085 4677 enim
3134 4626 3185 4676 in
3218 4625 3319 4678 illis
3351 4625 3441 4693 qui
3472 4636 3553 4679 est

1996 4718 2229 4787 optimus
2282 4717 2628 4779 observatus,
2668 4724 2721 4768 et
2771 4714 3051 4783 dispositio
3110 4714 3402 4782 praeclara,
3446 4730 3551 4767 non

1997 4808 2216 4861 minima
2254 4806 2467 4860 videtur
2518 4822 2638 4859 esse
2679 4806 2978 4874 prudentia:
3012 4806 3206 4872 portio.
3252 4805 3325 4856 Illi
3372 4814 3551 4856 autem

1999 4900 2192 4968 quibus
2218 4914 2325 4952 non
2358 4908 2439 4953 est
2468 4899 2700 4967 positum
2730 4898 2783 4950 in
2808 4898 3031 4966 proclivi
3056 4898 3187 4961 vim,
3222 4896 3552 4959 facultatem,

2000 4986 2456 5056 pulchritudinem
2496 4988 2551 5039 in
2581 4986 2762 5039 animo
2788 4987 3191 5040 delitescentem
3238 4988 3451 5051 intueri,
3482 4988 3557 5040 fa-

2002 5080 2099 5132 cile
2144 5078 2415 5131 ducuntur
2452 5076 2688 5129 externis
2716 5076 3055 5144 spectaculis,
3080 5084 3134 5127 et
3156 5091 3333 5129 rerum
3388 5076 3557 5129 oculis

2002 5186 2110 5223 non
2143 5171 2510 5237 subjectarum
2542 5168 2735 5223 exinde
2762 5176 3030 5221 amatores
3055 5169 3323 5222 exsistunt
3344 5175 3398 5221 et
3423 5183 3558 5235 pr:c-

2003 5279 2184 5318 cones.
2227 5264 2352 5315 ldeo
2372 5264 2525 5314 decet
2562 5264 2712 5314 vultu
2740 5264 2877 5315 bene
2908 5262 3191 5329 disposito,
3222 5275 3374 5312 coma
3400 5275 3565 5312 exor-

2003 5364 2150 5417 nata,
2182 5356 2380 5407 vestitu
2428 5361 2482 5404 et
2506 5352 2703 5405 amictu
2734 5352 3052 5421 gravitatem
3089 5367 3196 5417 pra:
3242 5366 3298 5403 se
3331 5349 3471 5402 ferre
3503 5360 3560 5403 et

2006 5445 2282 5498 decorem:
2307 5458 2412 5495 non
2432 5443 2497 5496 ad
2516 5442 2792 5495 mollitiem
2812 5445 2893 5495 vel
2921 5443 3289 5495 curiositatem
3309 5442 3550 5505 deviare,

2008 5552 2107 5589 nec
2138 5537 2274 5587 ultra
2299 5550 2458 5603 quam
2490 5552 2585 5602 par
2616 5535 2779 5587 estad
2815 5534 3111 5603 neglectum
3134 5533 3429 5586 transferri.
3452 5534 3563 5585 De-

2007 5631 2157 5683 decet
2188 5627 2327 5680 enim
2372 5636 2654 5694 utrmnque
2698 5634 2752 5677 et
2788 5636 3155 5692 contemptum
3188 5626 3346 5692 parit,
3378 5634 3431 5676 et
3469 5623 3565 5675 ab-

2010 5723 2191 5775 liorrct
2211 5736 2238 5770 a
2266 5719 2525 5787 principis
2550 5721 2643 5771 viri
2678 5720 2881 5772 ratione
2912 5728 2961 5771 et
2987 5729 3149 5771 statu.
3179 5718 3282 5771 Sed
3314 5727 3367 5770 et
3406 5716 3563 5785 prin-

2011 5814 2183 5881 cipem
2230 5811 2383 5865 decet
2436 5811 2675 5865 incessus
2710 5812 2844 5864 bene
2886 5810 3215 5879 compositus
3247 5828 3259 5863 :
3298 5824 3424 5863 nam
3464 5822 3565 5860 nec
