4248 6444
788 338 890 402 667

1898 336 2157 399 PHOTII
2195 339 2693 403 PATRIARCHE
2729 343 2835 408 (ΖΡ.

3882 349 3990 413 668

790 450 991 505 moveri
1043 448 1203 504 debet
1230 447 1492 504 dissoluto
1532 456 1587 503 et
1633 446 1884 502 muliebri
1912 456 2083 514 motu,
2163 465 2339 519 neque
2365 457 2411 511 Α
2436 468 2462 504 ε

2312 466 2339 505 e
2365 457 2411 511 Δ
2436 453 2516 514 είς
2542 452 2605 504 τὸ
2657 452 3003 524 θηλυπρεπὲς
3057 454 3148 507 καὶ
3201 455 3423 509 ἔκλυτον
3468 454 3862 527 ἀσχημονοῦντι
3889 459 3989 527 τὴν

792 559 979 595 rursus
1028 540 1317 593 novitatem
1355 538 1605 593 affectare
1628 554 1723 608 per
1754 539 2077 605 confertum,
2129 550 2339 610 pertur-

791 635 993 696 batum,
1022 634 1287 702 disparem
1322 631 1648 702 ingressum,
1679 631 1855 684 omnis
1889 640 2065 684 autem
2096 631 2337 700 corporis

788 726 951 779 motio
982 726 1168 778 ordine
1196 724 1417 777 omnino
1437 723 1768 791 disponatur.

854 816 945 870 35.
986 816 1232 869 Cavenda
1267 824 1347 869 est
1385 815 1509 867 etin
1539 829 1787 867 sermone
1824 812 2095 869 velocitas.
2127 814 2223 868 Est
2244 828 2339 867 au-

788 916 894 961 tem
946 906 1032 958 illa
1076 906 1301 959 forsitan
1356 904 1581 973 alicujus
1637 918 1768 957 usus
1812 904 1865 956 in
1904 903 2249 957 contentiosis
2284 912 2337 956 et

784 998 1017 1051 eristicis
1035 996 1431 1067 congressibus,
1475 1010 1575 1048 nec
1634 997 1807 1048 virum
1845 995 2068 1048 dedecet
2110 1008 2335 1064 genero-

783 1104 936 1141 sum:
970 1089 1061 1141 sed
1091 1089 1253 1141 stulta
1280 1097 1362 1141 est
1395 1098 1449 1139 et
1474 1087 1790 1156 periculosa,
1820 1087 2059 1141 adhibita
2106 1086 2148 1141 si
2176 1086 2245 1139 sit
2281 1086 2334 1139 in

782 1180 1061 1247 colloquiis
1109 1178 1456 1232 familiaribus
1483 1198 1497 1234 :
1527 1179 1578 1231 in
1612 1178 1877 1232 mandatis
1914 1178 2127 1241 dandis,
2156 1177 2337 1246 politi-

781 1273 864 1325 cis
902 1270 1200 1339 praesertim
1233 1280 1287 1323 et
1313 1286 1425 1323 rem
1461 1270 1826 1339 spectantibus
1848 1286 2208 1334 communem,
2231 1271 2333 1323 ltu-

784 1363 925 1416 milis
951 1372 1033 1415 est
1062 1370 1117 1414 et
1152 1362 1353 1414 nullius
1388 1362 1565 1430 pretii.
1598 1362 1924 1415 Exaccurate
1957 1360 2155 1421 dicere.
2193 1362 2335 1414 cele-

781 1452 913 1505 riter
941 1452 1205 1519 perficere
1238 1453 1466 1513 actibus.
1495 1452 1852 1514 sermonibus,
1901 1452 2155 1516 motibus,
2211 1466 2333 1505 cum

780 1542 975 1595 decore
1027 1542 1248 1604 versari,
1298 1541 1491 1594 divina
1538 1541 1697 1595 sortis
1754 1542 1901 1594 illum
1942 1556 2061 1596 esse
2091 1549 2146 1596 et
2198 1542 2334 1595 ultra

779 1648 1120 1686 communem
1152 1634 1329 1702 arguit
1376 1633 1463 1700 qui
1507 1633 1578 1685 ita
1622 1644 1959 1701 comparatus
2003 1643 2103 1687 est.
2135 1634 2332 1688 Verum

781 1739 906 1776 raro
956 1723 1244 1776 admodum
1278 1733 1331 1776 ct
1359 1723 1637 1776 difliculter
1664 1724 2002 1793 contingitut
2028 1722 2186 1776 simul
2214 1738 2333 1777 om-

2440 541 2671 612 κίνησιν,
2712 544 2850 614 μήτε
2881 543 2986 614 μὴν
3013 544 3094 607 είς
3142 544 3204 597 τὸ
3240 544 3437 615 ἀθρόον
3474 546 3569 599 καὶ
3589 547 3992 616 τεταραγμένον

2437 633 2531 687 καὶ
2571 633 2852 704 ἀνώμαλον
2898 635 3101 706 ταύτην
3164 637 3603 707 έκνεωτερίζοντι
3625 654 3640 668 ·
3693 637 3787 689 καὶ
3824 637 3987 700 ὅλως,

2435 725 2585 777 πᾶσα
2605 724 2817 796 κίνησις
2845 724 2993 790 τάξει
3024 727 3355 796 κοσμείσθω.

2505 816 2597 868 λε’.
2642 819 2735 870 Δεῖ
2760 817 2818 870 δὲ
2858 819 2954 871 καὶ
2979 817 3040 871 τὸ
3098 820 3157 872 έν
3194 817 3373 887 λόγοις
3398 817 3563 889 τάχος
3618 818 3985 874 εὐλαϐεῖσθαι.

2434 908 2735 978 Ταχυλογία
2763 911 2890 981 γὰρ,
2913 911 2971 963 ὲν
3022 911 3119 980 μὲν
3172 911 3552 981 ἀγωνιπικαῖς
3594 912 3856 978 διαλέξεσι
3894 913 3989 964 καὶ

2436 984 2826 1070 ἁμίλλαις,ὀύκ
2867 1001 3337 1074 εὐκαταφρόνητον
3369 1002 3519 1067 ῐσως,
3540 1002 3659 1055 οὐδὲ
3681 1004 3870 1070 ἀγενές
3888 1020 3901 1032 ·
3927 1004 3988 1054 ὲν

2434 1092 2740 1163 δημηγορίᾳ
2756 1093 2832 1159 δὲ,
2855 1093 3078 1163 ἀνόητον
3107 1094 3200 1148 καὶ
3244 1094 3557 1162 ἐπισφαλές.
3589 1096 3738 1147 Ἐνδὲ
3756 1095 3990 1165 προστά-

2435 1201 2469 1251 γ
2477 1200 2626 1252 μασι,
2655 1186 2748 1238 καὶ
2767 1184 3000 1255 μάλιστα
3021 1188 3132 1249 τοῖς
3156 1186 3468 1251 πολιτικοῖς,
3487 1186 3579 1238 καὶ
3606 1188 3800 1248 κοινοῖς
3834 1185 3989 1238 εὐτε⁹

2434 1275 2523 1334 λὲς
2559 1274 2649 1326 καὶ
2680 1276 3365 1346 ταπεινόν.Ἐντελέστερον
3388 1276 3640 1341 δἐίπετν,
3668 1276 3906 1347 ταχύτης
3928 1279 3989 1329 ἐν

2434 1364 2628 1434 πράξει
2665 1366 2761 1418 καὶ
2795 1364 2971 1431 λόγοις
3002 1366 3097 1418 καὶ
3130 1366 3413 1437 κινήμασι,
3447 1367 3544 1420 σὺν
3576 1365 3816 1436 εὐταξίᾳ,
3843 1366 3988 1418 θεῖον

2435 1457 2538 1524 μέν
2563 1473 2683 1509 τινα
2719 1457 2813 1509 καὶ
2851 1456 3104 1526 ὑπερφυῆ
3136 1459 3426 1525 ἀποφαίνει
3471 1458 3562 1511 τὸν
3590 1459 3800 1526 ἔχοντα.
3832 1458 3986 1510 Σπά-

2433 1562 2543 1597 νιον
2566 1546 2643 1610 δὲ,
2676 1547 2767 1598 καὶ
2790 1545 3055 1598 συνελθεῖν
3080 1546 3195 1616 ἆμα
3245 1548 3425 1601 πάντα
3480 1547 3881 1618 χαλεπώτατον.
3911 1548 3989 1599 Τὸ

2433 1635 2490 1687 δὲ
2524 1638 2582 1687 ὲν
2608 1636 2816 1698 τούτοις
2840 1636 3153 1706 σύμμετρον
3178 1638 3272 1689 σὺν
3294 1638 3537 1708 εὐταξίᾳ,
3571 1639 3765 1706 σεμνόν
3788 1654 3846 1689 τε
3889 1638 3988 1690 καὶ

2434 1725 2776 1794 ἀξιάγαστον,
2829 1727 2920 1779 καὶ
2974 1728 3167 1795 μεστὸν
3198 1728 3361 1794 ὄγκου
3411 1731 3505 1781 καὶ
3564 1730 3658 1782 σὺν
3704 1728 3984 1797 εὐλαϐείᾳ,

778 1817 867 1866 nia
905 1815 956 1866 in
992 1830 1155 1867 unum
1195 1816 1504 1883 conspirent
1534 1833 1547 1868 ε
1581 1815 1876 1869 moderatio
1928 1826 2135 1880 ornata,
2160 1814 2333 1883 gravi-
2362 1815 2403 1870 Β
2433 1836 2455 1870 τ

2310 1843 2333 1853 -
2362 1815 2403 1870 Β
2433 1818 2679 1873 ποθεινὸν
2716 1820 2945 1890 ὁρᾶσθαι
2972 1818 3398 1890 παρασκευάζει,
3438 1822 3531 1873 καὶ
3583 1822 3769 1891 ἄρχειν
3791 1822 3984 1889 ἐπιτη-

778 1913 859 1960 tas
913 1906 1028 1959 visu
1079 1908 1256 1976 digna,
1288 1922 1409 1959 cum
1440 1907 1674 1975 pondere
1703 1907 1931 1976 quodam
1977 1916 2031 1960 et
2082 1907 2330 1961 cautione

777 1997 1084 2065 conjuncta,
1114 2013 1175 2051 ea
1213 1998 1582 2067 possidentem
1621 2000 1968 2068 conspicuum
1994 2014 2115 2052 cum
2135 2000 2330 2067 jucun-

778 2088 947 2141 ditate
973 2088 1226 2158 quadam,
1269 2097 1323 2142 et
1348 2100 1592 2143 ornatum
1615 2090 1789 2144 reddit
1821 2090 1887 2143 ad
1936 2091 2327 2159 imperandum,

775 2188 851 2241 et,
888 2180 932 2234 si
961 2181 1083 2249 quid
1120 2182 1308 2251 vulgus
1345 2182 1484 2251 quod
1516 2182 1775 2251 optimum
1809 2192 2059 2237 censetur
2081 2183 2329 2236 adamare

778 2284 956 2341 queat,
981 2273 1259 2341 placitum.
1292 2272 1605 2327 Volubilitas
1640 2289 1767 2327 vero
1812 2273 1927 2327 sine
1965 2272 2070 2325 ulla
2101 2272 2329 2342 disposi-

779 2364 920 2417 tione
954 2364 1032 2416 vel
1051 2364 1237 2417 ordine
1267 2363 1529 2417 furiosum
1553 2364 1805 2433 quiddam
1834 2370 1887 2417 et
1916 2362 2160 2416 insanum
2184 2364 2332 2417 vidc-

780 2465 866 2507 tur
898 2474 907 2505 :
940 2456 1133 2522 sapius
1162 2457 1377 2509 aberrat
1405 2471 1433 2508 a
1464 2464 1628 2519 recto,
1648 2454 2153 2523 ctiamsialiquando
2171 2455 2328 2523 prod-

776 2562 893 2600 esse
955 2547 1154 2615 poterit
1183 2547 1550 2600 vehementer.
1583 2545 1827 2599 Tarditas
1854 2560 1973 2599 cum
1997 2545 2331 2608 confusione,

780 2639 1002 2691 stultum
1028 2639 1176 2707 quid,
1206 2638 1419 2691 imbelle
1448 2655 1460 2689 :
1497 2638 1744 2691 aberrare
1762 2636 1974 2690 videtur
2001 2635 2331 2703 plerumque,

2434 1910 2722 1979 δειότερον,
2748 1912 2909 1983 εἴπερ
2950 1914 3044 1964 καὶ
3086 1914 3145 1965 ἐν
3189 1916 3301 1975 τοῖς
3333 1914 3573 1983 ἀρίστοις
3622 1913 3737 1966 εστι
3793 1929 3847 1964 τι
3905 1912 3985 1982 τῷ

2434 2001 2629 2070 πλήθει
2652 2003 3081 2073 ἐρασμιώτερον.
3114 2002 3363 2073 Ταχύτης
3394 2003 3449 2056 δὲ
3496 2005 3593 2056 σὺν
3640 2002 3856 2074 ἀταξίᾳ,
3890 2004 3986 2071 έμ-

2434 2090 2674 2160 πληκτον
2740 2093 2833 2143 καὶ
2895 2092 3145 2161 μανικὸν,
3210 2092 3304 2145 καὶ
3356 2092 3750 2162 παραδιορθοῦν
3815 2091 3985 2143 ἐνίοτε

2438 2184 2665 2253 μεγάλα,
2716 2184 2812 2237 καὶ
2860 2183 3091 2253 σφάλλον
3132 2183 3206 2247 ώς
3276 2182 3345 2237 τά
3394 2182 3563 2236 πολλά
3604 2181 3983 2253 παραπλήσια.

2444 2275 2587 2328 Ἡδὲ
2635 2276 2731 2328 σὺν
2782 2275 2977 2345 ἀταξίᾳ
3032 2275 3319 2345 βραδύτης,
3360 2274 3564 2343 νωθρὸν
3618 2276 3711 2327 καὶ
3747 2273 3975 2342 ἠλίθιον,

2432 2366 2527 2417 καὶ
2584 2364 2815 2433 σφάλλον
2873 2364 2971 2433 μὲν
3021 2364 3189 2415 ἐνίοτε
3240 2363 3330 2415 καὶ
3402 2363 3630 2433 μεγάλα,
3688 2361 3985 2433 κατορθοῦν

2431 2455 2487 2507 δὲ
2549 2456 2826 2524 ἐλάχιστα,
2856 2502 2859 2503 ν
2892 2456 2987 2508 καὶ
3030 2455 3203 2507 ταῦτα
3248 2455 3368 2507 λίαν
3407 2454 3660 2520 ταπεινὰ,
3712 2454 3808 2507 καὶ
3842 2452 3981 2521 πρὸς

2432 2544 2529 2605 τὰς
2564 2543 2754 2605 λοιπὰς
2786 2544 2995 2597 ἐκείνου
3022 2544 3247 2615 πράξεις
3276 2544 3436 2613 μόνον
3463 2544 3983 2614 παραμετρούμενα,

2437 2636 2852 2705 κατορθώματα.

776 2732 1073 2799 etquidem
1120 2731 1174 2783 in
1204 2731 1430 2800 magnis,
1464 2730 1588 2783 licet
1618 2728 1889 2782 interdum
1924 2728 2120 2796 aliquid
2180 2728 2422 2797 perficiat
2479 2729 2607 2783 boni
2637 2747 2651 2782 :
2683 2730 2777 2785 sed
2828 2730 2956 2785 illud
3020 2741 3183 2786 tenue
3239 2740 3294 2786 et
3354 2729 3555 2785 nullius
3602 2730 3778 2800 pretii,
3811 2732 3985 2801 quod-

774 2836 880 2891 que
906 2837 1011 2875 non
1036 2823 1193 2876 aliter
1247 2821 1508 2876 habeatur
1534 2822 1755 2882 bonum.
1803 2837 1961 2891 quam
1983 2822 2235 2876 collatum
2263 2822 2328 2875 ad
2349 2830 2570 2877 cateras
2601 2821 2719 2891 ejus
2753 2823 3010 2879 actiones.

845 2915 932 2968 56.
971 2914 1097 2968 Risu
1151 2915 1446 2983 disrumpi,
1496 2930 1618 2967 cum
1663 2914 2001 2969 deformitate
2053 2914 2235 2968 vultus
2280 2919 2403 2975 etC.
2502 2914 2522 2966 λ

2309 2923 2335 2968 ι
2360 2919 2403 2975 C
2502 2914 2610 2978 λς’.
2654 2915 2729 2967 Τὸ
2772 2916 2907 2986 πρὸς
2950 2916 3189 2984 γέλωτας
3228 2916 3673 2985 διαθρύπτεσθαι,
3698 2914 3836 2983 μετὰ
3888 2914 3986 2967 τοῦ

776 3020 986 3057 morum
1020 3004 1303 3069 dedecore,
1350 3002 1707 3057 constantiam
1752 3010 1806 3057 et
1842 3004 2158 3074 gravitatem
2201 3018 2333 3057 cou-

778 3095 994 3149 tumelia
1024 3094 1205 3151 afficit.
1404 3084 1413 3091 ’

846 3188 933 3241 37.
976 3185 1234 3240 lmmunis
1260 3185 1328 3240 sit
1356 3200 1476 3240 cum
1504 3185 1724 3240 auditus
1762 3194 1874 3240 tum
1905 3186 2063 3241 etiam
2097 3186 2273 3257 lingua
2303 3202 2333 3241 a

776 3278 1123 3348 turpiloquio.
1155 3278 1499 3346 Quacunque
1531 3293 1652 3331 cum
1683 3278 1960 3347 voluptate
1993 3279 2114 3347 quis
2150 3279 2335 3334 audire

775 3370 953 3441 gestit,
1004 3371 1092 3424 illa
1125 3370 1311 3423 eadem
1355 3369 1503 3423 efl‘ari
1548 3384 1657 3421 non
1702 3369 1941 3437 pudefit:
1987 3378 2042 3424 et
2069 3386 2188 3439 qua
2215 3371 2336 3439 quis

776 3461 953 3514 dicere
983 3476 1088 3513 non
1144 3458 1434 3521 erubescit,
1464 3467 1609 3512 certe
1661 3472 1763 3511 nec
1818 3459 2100 3512 erubescet
2135 3474 2335 3527 perpe-

779 3564 941 3616 trare,
969 3555 1125 3620 cujus
1154 3552 1228 3605 rei
1258 3552 1329 3605 ita
1352 3550 1518 3604 edidit
1538 3549 2072 3603 demonstrationem.
2104 3550 2336 3605 Omniuo

778 3660 967 3697 caveas
987 3660 1055 3697 ne
1090 3643 1268 3712 lingua
1314 3640 1633 3711 prolabaris,
1677 3655 1819 3709 sape
1849 3640 1991 3693 enim
2018 3640 2099 3693 vel
2124 3640 2334 3694 levissi-

777 3749 865 3788 mo
917 3749 1165 3788 sermone
1206 3734 1375 3802 lapsa,
1403 3733 1590 3802 ingens
1619 3731 1800 3785 intulit
1832 3731 2231 3794 detrimentum,
2282 3741 2337 3785 et

778 3836 928 3878 certo
953 3825 1019 3879 de
1045 3825 1221 3893 capite
1248 3824 1545 3894 periclitata
1576 3832 1677 3885 est,
1708 3822 1943 3889 jecitque
1973 3821 2163 3874 aleam.

845 3918 931 3971 58.
976 3916 1148 3969 Aures
1191 3916 1370 3983 prabe
1404 3914 1614 3983 patulas
1640 3912 1830 3979 injuria
1859 3912 2085 3975 allectis,
2129 3912 2337 3967 clausas

776 4020 962 4061 contra
992 4009 1055 4061 ad
1084 4006 1425 4061 ailicientium
1452 4003 1645 4073 injuria
1671 4001 1934 4057 lenocinia
1957 4011 2011 4055 et
2033 4002 2335 4071 probabiles

774 4101 1132 4155 inductiones.

843 4192 930 4247 59.
962 4191 1123 4245 Labia
1153 4190 1485 4245 accusatoria
1521 4200 1577 4244 et
1600 4191 1976 4262 sycophantica
2004 4204 2325 4259 aspernere:

774 4300 897 4339 nam
925 4300 1034 4338 non
1068 4300 1189 4337 raro
1217 4295 1271 4338 et
1297 4284 1494 4337 liberos
1543 4283 1721 4338 furere
1764 4285 1816 4337 in
1847 4293 2116 4353 parentes,
2150 4292 2204 4337 et
2232 4296 2328 4351 pa-

776 4386 959 4429 rentes
1011 4375 1065 4427 in
1100 4375 1318 4437 liberos,
1370 4375 1682 4443 adegerunt,
1732 4375 1851 4428 vita
1877 4375 2085 4428 vincula
2116 4384 2169 4428 et
2194 4390 2328 4428 con-

2431 3004 2758 3073 ἀσχημονείν
2802 3006 2901 3076 τὴν
2934 3008 3168 3077 μορφὴν,
3194 3009 3290 3061 καὶ
3329 3006 3423 3060 τοῦ
3470 3007 3633 3078 ῆθους
3691 3006 3836 3059 εστὶν
3892 3005 3986 3072 ὲξο

2433 3094 2670 3164 υόρίζειν
2699 3094 2796 3164 τὴν
2820 3096 3156 3151 εὐστάθειαν.

2500 3184 3173 3258 λζ’.Αίσχρορῤημοσύνης
3220 3189 3277 3242 δὲ
3314 3188 3498 3259 πάσης
3552 3188 3646 3241 καὶ
3703 3186 3842 3256 ἀκοὴ
3890 3186 3988 3239 καὶ

2432 3276 2653 3343 γλῶσσα
2674 3270 3046 3347 καθαρευέτω.
3084 3281 3152 3333 ’Δ
3188 3280 3286 3347 μὶν
3333 3278 3442 3349 γάρ
3487 3295 3571 3341 τις
3624 3278 3838 3331 ἀκούων
3868 3278 3990 3347 ἥδε-

2434 3384 2545 3431 ται,
2577 3366 2749 3421 ταῦτα
2768 3370 2860 3422 καὶ
2883 3368 3060 3437 λέγειν
3086 3372 3186 3423 οὐκ
3213 3371 3547 3439 αἰσχύνεται,
3580 3370 3663 3423 ὅτι
3692 3372 3786 3422 καὶ
3814 3370 3989 3439 πράτο

2433 3474 2545 3510 τειν
2570 3457 2669 3510 οὐκ
2694 3459 3136 3530 αἰσχυνθήσεται,
3173 3462 3413 3530 μεγάλην
3450 3460 3719 3530 παρέσχεν
3761 3460 3985 3512 ἀπόδει-

2435 3549 2535 3613 ξιν.
2570 3550 2647 3602 Δι’
2680 3550 2801 3602 ὅλου
2844 3550 2919 3609 δὲ,
2966 3550 3213 3618 γλώσσης
3256 3551 3527 3619 φυλάσσου
3561 3550 3985 3620 παρολισθῆσαι.

2450 3642 2677 3713 Ῥήματι
2752 3643 2859 3713 γὰρ
2902 3643 3222 3715 βραχυτάτῳ
3277 3645 3535 3708 πολλάκις
3588 3643 3985 3711 ύποσφαλεῖσα,

2438 3734 2675 3804 μεγάλην
2708 3736 2903 3804 ἧνεγκε
2941 3736 3159 3804 ζημίαν,
3210 3736 3402 3798 αὐτοὺς
3430 3736 3556 3799 τοὺς
3590 3734 3718 3804 περὶ
3754 3733 3848 3786 τοῦ
3888 3736 3988 3803 ζῇν

2433 3827 2692 3894 ἐσχάτους
2725 3826 3074 3896 άναῤῥίψασα
3109 3826 3325 3889 κύόους.

2504 3915 2603 3983 λη’.
2636 3916 2763 3983 Ἔχε
2814 3916 2881 3967 τά
2938 3908 3051 3967 ὦτα
3107 3918 3215 3978 τοῖς
3253 3914 3351 3984 μὲν
3387 3912 3755 3983 ἀδικουμένοις
3821 3914 3988 3982 ἠνεῳ-

2439 4003 2633 4073 γμένα,
2660 4004 2794 4074 πρὸς
2843 4004 2899 4057 δὲ
2948 4004 3042 4067 τὰς
3071 4004 3176 4057 τῶν
3227 4003 3551 4056 ἀδικούντων
3573 4003 3863 4071 ἐπαγωγὰς
3896 4004 3987 4056 καὶ

2434 4094 2810 4161 πιθανολογίας
2839 4095 3324 4165 ἀποκεκλεισμένα.

2502 4185 2598 4239 λθ⁹,
2630 4186 2794 4255 Χείλη
2834 4186 2889 4237 δὲ
2931 4188 3212 4255 κατήγορα
3245 4225 3259 4247 ,
3314 4186 3405 4238 καὶ
3448 4184 3809 4253 συκοφαντίας
3859 4186 3990 4238 ἀπο-

2434 4276 2665 4346 στρέφου
2697 4293 2711 4308 ο
2744 4275 2999 4339 πολλάκις
3045 4277 3152 4347 γὰρ
3183 4277 3375 4340 παῖδας
3410 4277 3550 4329 κατὰ
3586 4276 3855 4348 πατέρων,
3896 4275 3991 4326 καὶ

2432 4368 2671 4437 πατέρας
2721 4366 2948 4437 ἐξέμηνε
2998 4368 3136 4419 κατὰ
3165 4367 3389 4429 παίδων,
3430 4367 3524 4419 καὶ
3555 4365 3667 4435 βίον
3690 4365 3870 4433 ἔσχισε
3894 4380 3990 4415 συ·-

774 4466 1034 4518 nexiones
1088 4463 1460 4532 disruperunt,
1484 4472 1539 4516 et
1566 4463 1616 4516 in
1650 4479 1707 4517 se
1732 4463 1958 4517 invicem
2012 4464 2334 4534 consangui-
2366 4461 2411 4516 Ι)
2439 4460 2451 4520 ἐ

2309 4490 2334 4502 -
2366 4461 2411 4516 D
2439 4459 2627 4528 ζυγίας
2683 4460 2775 4512 καὶ
2832 4462 3111 4525 συγγενεῖς
3163 4459 3499 4527 ὲπανόστησε
3534 4457 3655 4510 κατ’
3720 4456 3986 4525 ἀλλήλων.

775 4572 906 4610 neos
932 4557 1254 4610 excitarunt.
1298 4554 1436 4620 Quid
1485 4565 1664 4609 autem
1699 4556 1786 4609 illa
1837 4555 2043 4610 minora
2102 4570 2338 4609 comme-

777 4664 929 4702 moro
965 4648 987 4699 ?
1019 4648 1100 4701 vel
1128 4649 1282 4701 unica
1316 4647 1663 4717 sycophanta
1691 4662 1791 4701 vox
1809 4646 2053 4701 civitates
2069 4655 2121 4700 et
2146 4646 2335 4700 domos

778 4740 1015 4809 integras
1050 4738 1314 4792 subvertit
1346 4754 1503 4807 sape.

842 4829 930 4881 40.
972 4828 1152 4883 Nesis
1208 4828 1261 4881 in
1322 4828 1559 4881 amicitia
1617 4827 1852 4882 ineunda
1898 4828 2091 4891 velox;
2147 4826 2331 4881 initam

780 4935 910 4972 vero
938 4919 1081 4972 omni
1114 4920 1273 4973 modo
1305 4936 1448 4974 nexu
1479 4934 1734 4973 conserva
1762 4918 2135 4984 indissolubili,
2164 4928 2331 4972 totum

773 5013 825 5064 iu
861 5022 911 5066 te
940 5012 1166 5080 proximi
1190 5011 1440 5065 derivans
1466 5026 1625 5074 onus,
1658 5010 1761 5064 nisi
1788 5010 1925 5065 forte
1940 5025 2060 5064 cum
2080 5010 2318 5079 periculo

775 5114 877 5155 tuze
928 5104 1119 5156 anima
1168 5102 1441 5171 jungatur.
1483 5101 1787 5156 Certamina
1808 5111 1863 5154 et
1886 5100 2166 5155 discordia
2193 5101 2330 5153 inter

772 5189 973 5243 amicos
1002 5190 1052 5241 in
1081 5198 1449 5257 contemptum
1491 5190 1764 5243 adducunt
1802 5189 2113 5243 universum
2150 5190 2325 5242 homi—

774 5297 903 5333 num
931 5282 1266 5350 propositum
1296 5290 1351 5334 et
1400 5282 1809 5351 dispositionem
1842 5299 1854 5334 :
1880 5296 1980 5335 nec
2010 5282 2179 5349 culpa
2208 5292 2326 5334 tau-

772 5384 884 5425 tum
915 5373 1152 5435 obnoxii,
1181 5374 1273 5427 sed
1304 5384 1357 5428 et
1386 5376 1502 5427 sine
1532 5375 1689 5444 culpa
1716 5374 1804 5443 qui
1829 5383 1973 5440 sunt,
2002 5374 2055 5428 in
2081 5375 2321 5430 eamdem

771 5465 1135 5533 suspicionem
1171 5467 1479 5519 trahuntur.
1523 5465 1733 5521 Illorum
1760 5465 1940 5520 fruere
1976 5467 2209 5520 amicitia
2232 5466 2319 5536 qui

769 5572 891 5610 cum
939 5557 1055 5610 aliis
1110 5557 1230 5610 sine
1276 5556 1400 5611 fuco
1454 5558 1714 5612 sinceram
1768 5574 1981 5628 semper
2031 5559 2318 5613 amicitiam

768 5648 1137 5703 custodierunt
1166 5668 1181 5716 ;
1217 5651 1307 5721 qui
1345 5666 1445 5705 nec
1474 5652 1632 5705 oculo
1665 5650 1843 5705 invido
1869 5652 2048 5706 intuiti
2080 5650 2320 5705 suntflo-

761 5740 971 5810 frontes,
1000 5758 1098 5797 nec
1138 5743 1340 5813 positos
1370 5743 1421 5797 in
1453 5743 1691 5798 adversis
1721 5743 2089 5815 neglexerunt.
2145 5742 2317 5798 Exsti-

2437 4548 2546 4599 Καὶ
2576 4547 2627 4599 τί
2658 4547 2833 4615 λέγως
2864 4548 3045 4610 πόλεις
3075 4549 3200 4611 ὅλας
3251 4548 3347 4602 καὶ
3379 4548 3552 4610 οίκίας
3580 4546 3843 4616 ἀνέτρεψε
3891 4548 3989 4616 μία

2435 4638 2583 4707 φωνὴ
2614 4638 2968 4707 συκοφάντου.

2504 4826 2575 4897 μ’.
2602 4827 2691 4895 Μὴ
2713 4829 2879 4895 ταχὺς
2904 4824 3047 4899 ᾖσθα
3066 4826 3344 4894 ζευγνύειν
3366 4825 3447 4887 είς
3478 4824 3691 4893 φιλίανο
3727 4825 3989 4890 συζεύξας

2429 4920 2507 4980 δὲ,
2538 4920 2697 4971 παντὶ
2730 4920 2913 4990 τρόπῳ
2944 4918 3036 4971 τὸν
3055 4918 3251 4986 δεσμὸν
3298 4917 3496 4970 ἀλυτον
3522 4918 3795 4985 συντήρει,
3846 4916 3990 4968 ἅπαν

2429 5009 2518 5062 τοῦ
2551 5010 2774 5080 πλησίον
2824 5011 3028 5078 ἀνέχων
3064 5009 3123 5060 τὸ
3160 5008 3342 5078 βάρος,
3396 5006 3534 5075 πλὴν
3587 5007 3635 5058 εί
3680 5008 3848 5076 μήπω
3888 5007 3990 5074 tim-

2430 5100 2529 5169 χῆς
2582 5100 2823 5152 κίνδυνον
2857 5099 3085 5165 ἐπάγειο
3149 5100 3203 5149 αί
3261 5098 3371 5165 γὰρ
3422 5097 3559 5167 πρὸς
3614 5099 3738 5157 τοὺς
3797 5096 3990 5162 φίλους

2428 5191 2733 5253 διαστάσεις
2753 5190 2854 5258 τὴν
2901 5191 3029 5258 ὅλην
3076 5189 3398 5258 προαίρεσιν
3454 5185 3844 5255 ὲκφαυλίζουσι
3882 5188 3991 5238 τῶν

2424 5284 2747 5353 ἀνθρώπων,
2778 5286 2870 5337 καὶ
2905 5285 2965 5337 οὐ
2984 5285 3073 5336 τὸν
3097 5284 3359 5336 ὑπαίτιον
3389 5283 3574 5352 μόνον,
3599 5281 3734 5334 ἀλλὰ
3774 5286 3865 5334 καὶ
3898 5287 3991 5332 τὸν

2427 5375 2665 5428 ἀναίτιον
2683 5376 2760 5437 είς
2780 5374 2877 5445 τὴν
2905 5375 3072 5444 αὐτὴν
3095 5374 3346 5427 ὑπόνοιαν
3373 5372 3753 5426 κατασπῶσιν.
3816 5372 3990 5423 Ἐκείο

2423 5484 2535 5527 νοις
2566 5467 2619 5518 δὲ
2652 5467 2886 5536 κέχρησο
2919 5465 3090 5534 φίλοις
3124 5464 3172 5517 οἳ
3196 5465 3330 5534 πρὸς
3374 5464 3593 5533 ἑτέρους
3631 5462 3771 5515 κατά
3811 5463 3991 5514 πάντα

2422 5558 2609 5627 καιρὸν
2638 5558 2819 5611 ἄδολον
2842 5556 3159 5609 διεσώσαντο
3204 5555 3300 5625 τὴν
3348 5554 3549 5622 φιλίαν,
3604 5554 3694 5605 καὶ
3729 5554 3867 5621 μήτε
3897 5553 3992 5605 εύο

2420 5649 2687 5719 πραγοῦσι
2703 5649 2994 5719 βασκανίας
3014 5648 3275 5701 ἐπέϐαλον
3292 5646 3588 5715 ὀφθαλμὸν,
3615 5647 3754 5715 μήτε
3770 5644 3979 5713 ὴμὲληο

2424 5758 2520 5796 σαν
2540 5742 3013 5813 δυσπραγοῦντων.
3044 5741 3235 5796 Πολλοὶ
3259 5741 3365 5811 γὰρ
3388 5741 3571 5804 κακῶς
3597 5742 3695 5811 μὲν
3721 5742 3986 5809 πράττου·
