4248 6444
295 436 409 500 669

1482 432 1837 496 EPISTOLA
1848 432 2013 493 RUM
2054 434 2283 496 LIBER
2324 436 2372 495 Ι.

3422 440 3526 504 670

305 565 392 599 σιν
420 546 796 616 έπεκούρησάν
816 563 872 598 τε
897 546 988 598 καὶ
1023 546 1363 615 συνήργησαν
1387 548 1494 607 τοῖς
1517 546 1711 612 φίλοις,
1740 545 1798 597 εὖ
1816 544 1870 596 δὲ
1898 547 1944 601 Α
1973 553 1982 596 1

1846 544 1944 601 EA
1973 553 2084 599 tere
2136 547 2288 601 multi
2326 548 2415 617 qui
2462 548 2700 603 tulerunt
2745 561 2898 618 apem
2949 548 3156 604 aillictis
3192 558 3247 605 et
3283 540 3522 604 auxiliati

302 636 637 705 φερομένων,
663 637 793 705 ὀρᾷν
821 634 921 687 οὐκ
949 635 1181 705 ήνεγκαν
1200 635 1299 703 τὴν
1321 634 1637 704 εὐημερίαν·
1659 637 1754 687 καὶ
1775 636 1867 696 οὓς

301 727 405 780 οὐκ
432 726 623 797 ήλεγξε
643 727 831 796 καιρὸς
862 726 1219 795 συμπαθείας,
1243 724 1464 789 τούτους
1502 728 1753 797 ἐφώρασε
1803 727 1865 778 τὸ

303 821 477 881 πάθος
500 820 593 871 τοῦ
627 818 846 886 φθόνου.
877 818 1003 870 1(τῶ
1021 818 1197 869 τοίνυν
1232 816 1439 885 φίλους,
1468 817 1542 889 μὴ
1562 820 1687 880 τοὺς
1719 819 1863 886 φαύ-

305 911 453 973 λους,
490 910 625 964 ἀλλά
650 912 789 973 τοὺς
808 911 1083 981 ἀρίστους.
1120 910 1213 962 Ἐκ
1232 909 1340 981 γάρ
1366 911 1475 965 τῶν
1517 910 1860 981 φιλουμένων

306 1003 385 1065 ὡς
414 1002 482 1053 τά
507 1000 676 1055 πολλά
715 1003 956 1072 κρίνεται
999 1002 1070 1053 τά
1113 1001 1218 1070 ήθη
1238 1001 1346 1054 τῶν
1383 1001 1586 1070 φίλων·
1630 1003 1725 1055 καὶ
1774 1001 1861 1055 διὰ

309 1095 412 1162 μὲν
446 1094 553 1146 τῶν
604 1092 906 1146 σπουδαίων
951 1094 1146 1163 ῥᾷστον
1179 1093 1243 1146 ἀν
1290 1109 1396 1156 τις,
1444 1094 1537 1145 καὶ
1573 1109 1863 1163 παρασφα-

306 1186 421 1245 λεὶς
451 1183 493 1249 ί,
522 1184 853 1255 ὲπαναχθείη
873 1200 888 1215 ο
919 1187 968 1237 oi
994 1182 1186 1252 φαῦλοι
1216 1183 1272 1236 δὲ
1303 1184 1398 1237 καὶ⁵
1434 1186 1530 1254 τὴν
1561 1184 1864 1253 προσοῦσαν

306 1278 657 1347 λυμαίνονται
686 1277 1119 1345 καλοκαγαθίανσ
1149 1279 1243 1331 καὶ
1274 1280 1321 1329 οἱ
1365 1279 1460 1347 μὲν
1515 1280 1608 1330 καὶ
1642 1279 1703 1330 τὸ
1744 1276 1859 1329 λεῖ-

310 1386 413 1421 πον
445 1372 524 1431 εἰς
550 1369 767 1440 ἀρετὴν,
789 1369 855 1420 δι’
888 1368 1093 1420 ἑαυτῶν
1114 1368 1550 1439 ὲπιτειχίζοντες,
1578 1369 1860 1431 ἀνελλιπὲς

308 1461 593 1529 φαίνεσθαι
623 1460 893 1513 ⁴ποιοῦσιν·
924 1462 955 1530 ἡ
988 1461 1043 1512 δὲ
1080 1462 1214 1532 πρὸς
1236 1464 1360 1524 τοὺς
1392 1461 1629 1530 φαύλους
1678 1464 1864 1531 ἐπιμι-

309 1555 419 1619 ξία,
446 1558 539 1609 καὶ
564 1557 697 1625 ὅπερ
755 1556 902 1607 ἐστὶν
936 1556 1226 1609 ὑπόλοιπον
1255 1558 1475 1627 ἀρετῆς,
1529 1557 1681 1610 νόθον
1731 1557 1863 1609 ἀπο-

309 1648 508 1714 φαίνει.
546 1649 636 1714 Μὴ
664 1648 816 1717 ζήτει
862 1649 918 1701 δὲ
949 1649 1099 1717 παρά
1139 1650 1307 1717 φίλων
1356 1649 1573 1703 ἀκούειν
1600 1650 1668 1702 τά
1704 1650 1858 1718 ἡδέα,

306 1740 445 1791 ἀλλά
490 1741 559 1792 τά
602 1740 777 1811 ἀληθῆ
810 1742 1005 1810 μᾶλλον
1034 1756 1047 1771 ’
1091 1743 1140 1795 εί
1178 1743 1286 1811 γὰρ
1334 1744 1545 1812 ἐχθροῖς
1594 1745 1713 1813 μὲν,
1751 1746 1860 1796 οὐδ’

1968 643 2093 689 sunt
2129 637 2333 703 amicis,
2363 648 2418 693 at
2444 638 2753 694 felicitatem
2787 641 2839 692 in
2868 640 3140 710 prosperis
3172 656 3358 695 eorum
3384 642 3525 697 ferre

1966 730 2254 799 nequivere
2284 750 2298 786 :
2354 748 2489 801 quos
2517 732 2830 801 neutiquam
2860 734 3130 804 redarguit
3159 734 3334 788 oblata
3382 751 3525 789 com-

1966 822 2253 877 miserandi
2299 824 2531 887 occasio,
2568 824 2687 878 illos
2710 823 2936 879 affectus
2981 826 3196 880 invidia
3224 819 3395 895 palam
3450 827 3523 883 fe-

1965 916 2057 968 cit.
2081 913 2230 969 Habe
2266 930 2394 986 ergo
2435 902 2539 970 tibi
2560 917 2761 970 amicos
2788 931 2893 969 non
2927 917 3096 971 malos
3148 918 3242 972 sed
3266 918 3517 987 optimos.

1965 1009 2123 1064 Certe
2148 1010 2237 1078 qui
2281 1009 2335 1063 in
2362 1009 2561 1064 amicos
2587 1011 2875 1081 eliguntur,
2920 1026 3099 1065 mores
3124 1022 3179 1065 et
3210 1013 3521 1082 dispositio-

1966 1116 2064 1155 nes
2093 1102 2377 1170 propalant
2425 1102 2570 1170 ipsos
2599 1103 2935 1172 eligentium.
2967 1103 3066 1157 Per
3095 1104 3289 1172 probos
3320 1114 3373 1159 et
3419 1105 3521 1159 bo—

1966 1204 2168 1259 nestos,
2207 1196 2250 1249 si
2278 1195 2398 1264 quis
2427 1194 2480 1248 in
2531 1196 2713 1265 aliquo
2747 1199 2930 1267 lapsus
2960 1197 3048 1260 sit,
3082 1197 3243 1251 tacite
3279 1199 3332 1252 in
3360 1200 3520 1253 amis-

1969 1301 2086 1340 sum
2116 1288 2290 1341 locum
2328 1288 2646 1341 reducetur:
2686 1288 2913 1357 improbi
2945 1289 3237 1343 bonitatem
3269 1305 3371 1358 qua
3397 1291 3517 1358 quis

1966 1376 2221 1446 praeditus
2267 1385 2349 1431 est
2376 1376 2787 1446 depopulantur.
2822 1376 3003 1440 Probi,
3051 1377 3093 1431 si
3120 1378 3247 1445 quid
3273 1378 3411 1430 desit
3450 1379 3515 1431 de

1966 1468 2178 1522 virtutis
2203 1482 2473 1531 mensura,
2506 1483 2535 1522 e
2578 1484 2676 1522 suo
2706 1483 2847 1538 penu
2898 1469 3218 1538 supplendo,
3249 1468 3514 1523 defectum

1968 1556 2160 1612 tollunt
2191 1565 2245 1610 et
2280 1558 2613 1611 resarciunt:
2650 1558 2741 1612 sed
2772 1573 2893 1611 cum
2929 1557 3185 1625 improbis
3233 1573 3519 1611 conversa-

1965 1650 2060 1711 tio,
2091 1649 2343 1716 quidquid
2367 1649 2493 1702 boni
2521 1649 2589 1702 sit
2628 1648 2912 1716 reliquum,
2953 1649 3189 1703 declarat
3212 1664 3332 1703 esse
3361 1649 3517 1702 adul-

1966 1750 2158 1792 terum.
2197 1739 2310 1793 Noli
2344 1739 2411 1793 ab
2429 1740 2620 1794 amicis
2639 1740 2866 1794 libenter
2884 1755 2945 1794 ea
2975 1756 3093 1809 qua:
3124 1740 3392 1793 delectent
3420 1756 3519 1792 au-

305 1831 649 1899 ἀληθεύουσι,
680 1833 1012 1896 πιστευτέον,
1040 1833 1215 1901 φίλοις
1250 1834 1307 1887 δὲ
1362 1834 1607 1917 διέφυθορε
1664 1834 1731 1887 τά
1760 1835 1860 1903 τῆς
1888 1872 1936 1932 Β
1963 1846 1982 1884 ί

1839 1852 1860 1897 ς
1888 1872 1936 1932 Β
1963 1830 2097 1893 dire,
2148 1832 2325 1899 potius
2381 1842 2558 1884 autem
2590 1846 2709 1884 cum
2741 1833 2964 1885 veritate
2995 1832 3179 1901 juncta
3210 1850 3223 1884 :
3278 1832 3322 1885 si
3374 1833 3516 1885 enim

307 1923 584 1992 ἀληθείας,
616 1924 789 1979 καὶτὸ
827 1926 925 1995 ἡδὺ
949 1926 1127 1992 λέγειν
1154 1925 1375 1995 ζητοῦσι
1404 1929 1666 1990 κάκεῖνοι,
1699 1926 1858 1980 πόθεν
1888 1921 1934 1932 ”
1963 1922 1975 1974 i

1838 1947 1858 1980 ν
1888 1921 1934 1932 ”
1963 1921 2191 1975 inimicis
2219 1937 2287 1976 ne
2335 1936 2519 1975 verum
2567 1923 2783 1990 quidem
2826 1922 3126 1976 dicentibus
3180 1923 3312 1976 fides
3359 1924 3515 1977 adbi-

308 2015 440 2084 ήμῖν
488 2016 778 2084 ἀλλαχόθεν
838 2018 871 2086 ἡ
915 2018 1014 2086 τῆς
1060 2018 1314 2087 ἀληθείας
1364 2018 1586 2071 ἔσοιτοσ
1635 2019 1856 2087 γνῶσις,

309 2108 399 2160 καὶ
426 2109 933 2178 ήὲπιοτροφὴ(28),
962 2110 1070 2163 τῶν
1088 2112 1115 2150 ιι
1144 2112 1243 2163 οὑκ
1278 2112 1488 2177 εὐαγῶς
1519 2111 1686 2165 ἐνίοτε
1728 2112 1859 2182 παρ’

306 2198 462 2266 ἡμῶν
513 2198 819 2267 λεγομένων
867 2200 900 2269 ἢ
959 2202 1424 2271 πραττομένωνί;
1485 2204 1574 2255 Διὸ
1606 2204 1859 2272 μέγιστον

304 2288 441 2357 ηγοῦ
471 2288 655 2356 φίλους
681 2291 927 2344 κολάκων
974 2292 1269 2361 διαφέρειν.
1299 2294 1363 2347 Οί
1422 2296 1519 2364 μὲν
1552 2296 1660 2365 γάρ
1719 2298 1858 2350 κατά

304 2379 595 2449 πρόσωπον
616 2365 985 2448 ἐπαινοῦντες,
1015 2384 1076 2437 σέ
1100 2401 1158 2438 τε
1183 2384 1310 2450 τῶν,
1335 2386 1410 2449 ὡς
1432 2388 1594 2452 εἰκὸς,
1615 2390 1857 2459 ἀμαρτα-

303 2470 542 2537 νομένων
588 2470 935 2541 συναίσθησιν
982 2474 1165 2529 λαϐεῖν
1212 2477 1310 2529 οὐκ
1336 2477 1485 2543 ἐῶσι,
1541 2480 1634 2532 καὶ
1690 2480 1858 2549 μείζω

301 2560 474 2614 ταῦτα
490 2564 624 2633 πρὸς
642 2565 767 2627 τοὺς
798 2565 988 2630 ἀλλους
1012 2570 1132 2631 ταῖς
1153 2568 1423 2633 διαϐολαῖς
1452 2571 1805 2627 ἀποτελοῦσιν
1839 2592 1853 2606 ·

302 2654 353 2705 οί
385 2653 440 2705 δὲ
491 2654 586 2706 καὶ
642 2656 723 2720 σὲ,
764 2657 839 2725 τῷ
876 2657 965 2709 διά
1012 2659 1191 2727 φιλίας
1231 2660 1456 2730 ἐλέγχῳ,
1510 2665 1736 2716 συνιδεῖν
1796 2666 1857 2718 τὸ

305 2748 694 2816 παρανομηθὲν
746 2749 946 2817 μᾶλλον
997 2750 1307 2821 δυναμοῦσι,
1355 2753 1454 2806 κάν
1506 2773 1556 2806 τι
1581 2755 1671 2826 δέῃ
1721 2758 1855 2827 πρὸς

300 2839 428 2899 τοὺς
475 2838 578 2902 ἔξω
608 2839 808 2907 λέγειν,
870 2842 990 2895 ἀντὶ
1034 2847 1365 2915 κατηγορίας
1418 2848 1706 2917 ἀπολογίαν
1762 2849 1855 2902 τοῦ

303 2925 636 2994 πραχθέντος
670 2930 1106 2999 ἐπιμηχανῶνται.
1144 2935 1305 2988 Ὅσον
1350 2932 1441 2989 οῦν
1471 2936 1563 2990 τοῦ
1614 2940 1705 2991 ἐπὶ
1752 2957 1853 2991 κα-

300 3015 428 3067 κίαν
458 3019 785 3086 προκόπτειν
836 3023 897 3075 τὸ
941 3023 1141 3093 ἀρετὴν
1190 3027 1377 3079 ἀσκεῖν
1430 3028 1720 3099 διενήνοχε,
1757 3032 1852 3084 καὶ

300 3106 393 3158 τοῦ
420 3108 799 3165 διαϐάλλεσθαι
830 3115 886 3166 εν
911 3118 1022 3178 τοῖς
1042 3118 1362 3186 ἀρχομένοις
1392 3120 1452 3171 τὸ
1478 3122 1576 3184 τάς
1599 3122 1853 3188 διαϐολὰς

1962 2013 2154 2077 benda,
2188 2021 2241 2066 et
2267 2012 2319 2065 id
2353 2014 2701 2082 quod‘verum
2742 2014 2904 2067 estab
2930 2014 3117 2066 amicis
3150 2014 3395 2081 deperiit,
3451 2028 3515 2067 eo

1960 2104 2101 2174 quod
2143 2104 2196 2158 id
2232 2104 2373 2173 quod
2411 2103 2640 2157 dulciter
2678 2104 2879 2157 arridet
2907 2114 3111 2157 tantum
3141 2104 3385 2172 proloqui
3416 2120 3511 2156 vo-

1958 2196 2179 2261 luerint,
2245 2196 2387 2249 unde
2418 2194 2520 2248 erit
2554 2202 2611 2247 ut
2656 2195 2709 2247 in
2744 2196 2982 2249 veritatis
3017 2196 3397 2264 cognitionem,
3448 2197 3513 2249 ad

1958 2288 2100 2342 illam
2126 2286 2394 2352 conversi,
2430 2286 2760 2340 deducamur
2787 2286 2809 2338 ’ί
2839 2286 2980 2339 unde
3001 2295 3059 2339 ut
3078 2287 3146 2339 ab
3178 2285 3239 2340 iis
3268 2286 3514 2339 disceda-

1956 2394 2079 2432 mus
2126 2394 2244 2446 quae
2272 2393 2372 2432 nos
2404 2393 2592 2447 parum
2618 2378 2704 2448 pie
2733 2377 3000 2432 interdum
3035 2378 3263 2431 dicimus
3300 2377 3382 2431 vel
3433 2377 3512 2431 fa-

1957 2466 2177 2521 cimus?
2216 2465 2474 2521 Existima
2497 2468 2695 2522 idcirco
2728 2466 3054 2536 plurifariam
3077 2467 3295 2522 diﬂ'erre
3329 2485 3516 2523 assen-

1957 2568 2156 2614 tatores
2193 2558 2261 2613 ab
2304 2560 2513 2618 amicis.
2545 2558 2618 2612 Illi
2659 2575 2838 2615 coram
2900 2560 3179 2614 laudantes
3228 2569 3281 2614 et
3328 2560 3381 2613 in
3431 2575 3512 2624 os,

1956 2651 2103 2705 nullo
2128 2665 2288 2705 sensu
2317 2660 2369 2705 te
2394 2650 2529 2704 allici
2558 2651 2871 2720 permittent
2902 2666 3086 2705 eorum
3115 2667 3233 2720 quae
3263 2661 3435 2705 sunta
3462 2663 3512 2705 ιο

1956 2741 2138 2794 minus
2172 2751 2315 2795 recte
2334 2751 2516 2810 gesta;
2547 2740 2688 2810 apud
2732 2741 2869 2795 alios
2904 2752 3082 2795 autem
3113 2742 3511 2805 calumniando,

1955 2828 2157 2896 majora
2202 2842 2319 2882 esse
2362 2843 2519 2897 quam
2549 2838 2675 2883 sunt
2723 2845 2907 2884 revera
2956 2831 3309 2885 clamabunt:
3352 2833 3514 2887 amici

1955 2934 2104 2984 vero,
2138 2920 2562 2989 reprehensione
2591 2935 2687 2974 sua
2709 2921 2901 2984 amica,
2933 2932 3210 2992 peccatum
3246 2934 3304 2977 ut
3334 2925 3516 2979 videre

1954 3014 2129 3084 possis
2157 3016 2383 3078 melius,
2407 3012 2638 3068 efﬁcient
2670 3030 2683 3077 ;
2721 3014 2865 3082 quod
2898 3015 2942 3068 si
2973 3031 3108 3084 opus
3128 3016 3194 3070 sit
3221 3008 3362 3085 apud
3388 3018 3514 3071 alie-

1956 3123 2055 3162 nos
2093 3107 2160 3161 de
2200 3123 2265 3161 eo
2290 3106 2452 3160 verba
2494 3106 2691 3170 facere,
2730 3121 2836 3157 non
2869 3104 2939 3157 illi
2991 3108 3386 3161 accusationem
3422 3109 3515 3161 sed

297 3197 554 3264 διαλύειν,
585 3203 834 3257 τοσοῦτον
859 3205 939 3258 δεῖ
962 3208 1108 3279 παρά
1145 3211 1228 3263 σοὶ
1278 3212 1403 3273 τοὺς
1449 3211 1636 3278 εὔνους
1688 3217 1853 3270 πλέον
1880 3219 1923 3277 C
1956 3218 1974 3255 ε

1837 3219 1923 3277 ,c
1956 3199 2252 3271 apologiam
2311 3197 2658 3252 meditantur.
2691 3198 2747 3250 ln
2784 3208 3045 3265 quantum
3091 3199 3253 3268 igitur
3300 3200 3514 3253 virtutis

299 3287 444 3357 ἔχειν
466 3292 573 3342 τῶν
598 3292 861 3347 κολάκων.

372 3644 479 3709 μα’.
513 3640 649 3734 Τῶν
672 3645 1018 3716 ἀπορρήτων,
1051 3649 1083 3703 ἀ
1132 3651 1229 3719 μὲν
1266 3654 1364 3724 τὴν
1385 3648 1495 3728 ’σὴν
1524 3659 1721 3734 ἀρετὴν
1753 3666 1849 3717 αὑ-

296 3730 470 3796 ξάνει,
502 3733 746 3787 κοινώνει
771 3740 883 3799 τοῖς
917 3738 1115 3806 φίλοις·
1145 3743 1179 3794 ἃ
1202 3744 1257 3795 δὲ
1285 3746 1380 3814 τὴν
1410 3730 1631 3821 γνώμην
1659 3730 1849 3821 τραυλί-

297 3822 401 3885 ζει,
432 3824 557 3894 μήτ’
587 3826 746 3889 αὐτὸς
775 3829 1058 3897 μετέρχου,
1090 3835 1221 3901 μήτε
1245 3838 1357 3898 τοῖς
1390 3838 1561 3905 φίλοις
1588 3844 1845 3899 ἀνατίθει·

297 3912 518 4005 ἀριστον
574 3914 672 3982 μὲν
721 3918 831 3987 γάρ
868 3918 1023 3971 τοῦτο
1062 3922 1153 3973 καὶ
1199 3926 1365 3995 χωρὶς
1412 3929 1587 3993 αἰτίας
1636 3935 1847 4005 ἐτέρας.

298 4003 446 4093 Πλὴν
468 4020 530 4068 γε
553 4005 637 4074 δὴ,
665 4007 757 4057 καὶ
782 4011 860 4071 είς
884 4010 1064 4079 κόρον,
1106 4008 1193 4065 οἶα
1225 4016 1392 4069 πολλά
1419 4020 1484 4071 τὰ
1511 4003 1844 4093 ἀνθρώπινα,

295 4091 389 4143 τοῦ
422 4093 643 4165 φίλτρου
681 4099 997 4166 τραπέντος,
1032 4102 1230 4171 μᾶλλον
1258 4109 1358 4177 τῆς
1387 4091 1756 4181 παραινέσεως
1790 4091 1850 4172 τδ

297 4184 563 4278 χρήσιμον
596 4185 922 4256 καθορᾶταιο
967 4191 1024 4242 τὸ
1060 4194 1156 4261 μὲν
1191 4196 1301 4265 γάρ
1341 4199 1541 4266 φαῦλον
1581 4204 1685 4256 τῶν
1718 4224 1848 4278 κρυ-

297 4273 454 4339 φίων,
478 4276 595 4327 τότε
624 4278 858 4346 μάλιστα
878 4283 1001 4344 τοὺς
1023 4283 1310 4354 λογισμοὺς
1333 4291 1427 4342 τοῦ
1452 4273 1847 4361 συνεγνωκότος

298 4362 596 4432 ὑποτρέχον
625 4367 717 4418 καὶ
750 4369 1125 4439 διακυμαῖνον,
1161 4376 1349 4432 θᾶττόν
1379 4399 1436 4434 τε
1458 4421 1471 4443 ,
1504 4386 1600 4438 καὶ
1631 4388 1727 4439 σὺν
1756 4390 1846 4442 οὑ-

294 4452 406 4503 δενὶ
444 4454 609 4523 ὄκνῳ,
645 4458 741 4525 τῆς
782 4460 1000 4529 ἀγάπης
1042 4466 1339 4538 ἀποστήσει
1366 4512 1379 4531 ,
1427 4474 1521 4527 καὶ
1562 4479 1697 4545 πρὸς
1729 4481 1845 4533 ὲπι-

296 4545 532 4639 στροφὴν
565 4547 688 4601 ίδεῖν
734 4551 833 4639 οὐκ
870 4554 1041 4605 ὲάσεισ
1084 4558 1165 4609 σοί
1205 4575 1264 4611 τε
1302 4560 1549 4635 διαϐολὴν
1588 4544 1837 4639 βαρεῖαν,
1875 4544 1918 4599 D

1951 3291 2262 3349 exercitium
2294 3303 2636 3360 progressum
2663 3287 2719 3340 in
2762 3288 2918 3342 malis
2945 3290 3234 3352 antecedit,
3266 3299 3319 3343 et
3345 3292 3514 3345 satius

1949 3396 2034 3440 est
2079 3385 2218 3453 apud
2248 3382 2519 3451 subjectos
2573 3381 2895 3435 criminibus
2924 3382 3127 3435 absolvi
3161 3400 3321 3451 quam
3360 3400 3492 3438 accu

1949 3478 2077 3541 sari,
2124 3476 2176 3529 in
2202 3484 2407 3529 tantum
2439 3486 2489 3529 te
2524 3483 2741 3543 oportet
2770 3474 3060 3528 benevolos
3088 3476 3339 3531 omnibus
3388 3478 3511 3531 adu-

1948 3567 2207 3622 latoribus
2235 3566 2525 3621 anteferre.

2019 3663 2107 3717 41.
2138 3662 2211 3717 De
2249 3663 2489 3725 secretis,
2524 3662 2609 3716 illa
2632 3662 2827 3731 quibus
2853 3662 2907 3716 in
2935 3670 2988 3717 te
3019 3663 3233 3718 virtutis
3263 3664 3499 3719 studium

1951 3766 2207 3824 augeatur
2250 3754 2436 3808 amicis
2468 3755 2700 3824 imperti.
2754 3753 2859 3808 Sed
2884 3771 3001 3824 qua
3026 3756 3284 3824 judicium
3316 3758 3507 3826 depra-

1950 3856 2095 3911 vant,
2151 3845 2237 3900 illa
2276 3860 2376 3899 nec
2416 3846 2625 3911 actites,
2678 3861 2776 3900 nec
2814 3845 2953 3914 apud
3004 3847 3206 3900 amicos
3246 3847 3501 3916 deponas.

1950 3934 2042 3990 Est
2070 3936 2172 3989 hoc
2215 3936 2432 4004 quidem
2476 3936 2739 4005 optimum
2782 3935 2923 3989 factu
2970 3937 3086 3990 sine
3146 3937 3253 3991 ullo
3281 3937 3384 3991 alio
3430 3954 3507 3991 re-

1949 4025 2321 4096 spectu.Quod
2355 4026 2421 4092 si,
2453 4036 2511 4080 ut
2546 4026 2602 4080 fit
2635 4027 2686 4079 in
2722 4027 2971 4080 humanis
2998 4028 3177 4091 rebus,
3211 4029 3501 4082 amicorum

1950 4121 2167 4174 satietas
2196 4127 2247 4173 te
2284 4119 2507 4188 ceperit,
2559 4118 2646 4173 hic
2677 4119 2787 4172 scio
2814 4118 2885 4172 'id
2911 4120 3053 4187 quod
3102 4120 3232 4173 utile
3278 4128 3362 4174 est
3406 4120 3503 4174 ad-

1949 4210 2229 4265 monitioni
2254 4209 2525 4279 praeferes.
2565 4210 2762 4263 Malum
2789 4210 2933 4263 enim
2968 4211 3013 4263 si
3044 4209 3173 4279 quid
3197 4210 3250 4263 in
3282 4213 3506 4265 secretis

1947 4305 2127 4371 fuerit,
2174 4313 2303 4358 tunc
2326 4305 2588 4374 imprimis
2627 4313 2860 4357 mentem
2888 4313 2941 4358 et
2972 4304 3350 4373 cogitationem
3405 4304 3501 4358 bo-

1948 4398 2106 4451 minis
2169 4397 2373 4450 conscii
2417 4395 2642 4464 alicujus
2700 4396 2941 4460 subiens,
3004 4396 3233 4449 tumultu
3295 4396 3500 4465 implet,

1948 4489 2262 4561 quantocius
2306 4496 2451 4542 certe
2498 4492 2607 4546 neci
2648 4495 2861 4557 gravate
2909 4487 3108 4541 recedit
3148 4488 3213 4540 ab
3241 4488 3499 4550 amicitia,

1948 4582 2020 4635 ita
2053 4591 2107 4634 ut
2132 4595 2232 4634 nec
2276 4579 2521 4633 admittat
2562 4577 2865 4632 revertendi
2895 4586 2987 4631 aut
3022 4578 3339 4647 respiciendi
3386 4579 3501 4633 ani-

294 4634 526 4744 !xcpopo'v
572 4634 821 4744 γεγονὸς,
868 4644 1101 4711 ἐποίσει,
1138 4651 1397 4721 καὶπρὸς
1432 4634 1522 4709 τὸν
1565 4634 1841 4723 ἐξειπόντα
1943 4693 1971 4732 ι]

1827 4683 1841 4716 ι
1943 4689 2113 4732 mum.
2148 4670 2425 4739 Propalam
2448 4683 2576 4723 vero
2598 4667 2737 4721 idem
2767 4666 2963 4720 factum
3012 4634 3205 4737 magno
3238 4668 3328 4722 tibi
3361 4666 3504 4721 futu-

295 4728 674 4828 χαλεταῦτερον
701 4732 967 4804 διαθήσει.
1003 4740 1074 4792 Τὸ
1134 4740 1189 4793 δὲ
1223 4746 1454 4813 χρηστὸν
1500 4750 1590 4801 τόν
1633 4769 1691 4805 τε
1734 4771 1855 4807 συν-
1942 4728 1972 4821 ιῖ

1821 4774 1855 4799 '-
1942 4783 2061 4821 rum
2089 4773 2169 4818 est
2193 4728 2464 4823 dedecori,
2490 4769 2543 4814 et
2570 4760 2622 4812 in
2648 4775 2769 4813 eum
2800 4760 2890 4827 qui
2920 4759 3093 4827 palam
3124 4758 3269 4821 fecit,
3308 4759 3498 4828 impla-

294 4825 575 4920 εγνωκότα
610 4829 838 4898 ῥαγῆναι
866 4835 959 4901 τῆς
991 4834 1169 4900 φιλίας
1200 4839 1636 4912 ὲπικατασχέσει,
1666 4849 1848 4920 δεσμῷ
1937 4874 1966 4913 c

1817 4850 1848 4920 ἱ)
1937 4857 2245 4913 cabiliorem
2290 4853 2470 4907 faciet.
2522 4851 2724 4904 Bonum
2780 4825 3169 4918 veroiquidvis
3220 4825 3494 4917 illum—qui

296 4916 591 5018 κρατίστῳ,
633 4922 713 5018 τῇΔ
738 4924 925 5018 ἀρετῇ.
978 4926 1327 4996 βιαζόμενον,
1372 4934 1464 4986 καὶ
1510 4939 1589 4998 εἰς
1631 4916 1847 4995 ἔπαινον
1942 4964 1970 5001 e

1821 4961 1847 4995 ν
1942 4959 2024 5001 est
2069 4944 2317 5001 conscius
2365 4958 2471 4996 non
2502 4941 2704 5011 patitur
2744 4940 2810 4993 ab
2839 4939 3070 4992 amicitia
3118 4938 3317 5003 divelli,
3374 4952 3496 4990 cum

293 5011 393 5074 τῆς
427 5011 525 5100 σῆς
549 5011 838 5075 σπουδαίας
870 5014 1093 5087 γνώμης
1141 5021 1231 5072 ἐπὶ
1259 5022 1381 5076 νοῦν
1430 5028 1736 5097 ἐρχόμενον,
1770 5033 1851 5084 δι-
1940 5057 1969 5089 ν

1825 5064 1851 5075 -
1940 5039 2153 5093 virtutis
2194 5036 2485 5091 fortissimo
2536 5033 2752 5088 vinculo
2821 5032 3219 5100 constringatur
3268 5046 3281 5083 :
3326 5037 3381 5082 et
3429 5027 3496 5080 ad

294 5099 628 5168 ἀναστήσει,
659 5103 751 5154 καὶ
796 5104 855 5157 σὲ
883 5105 1119 5175 δηλονότι
1165 5112 1336 5166 ταῦτα
1382 5120 1717 5187 συνορῶντα,
1750 5124 1846 5176 οὐκ
1938 5129 1971 5183 l:

1820 5142 1846 5176 κ
1938 5129 2149 5183 laudem
2183 5128 2398 5199 optima:
2435 5135 2539 5180 tute
2569 5134 2623 5181 et
2665 5124 2935 5195 praeclara:
2967 5099 3276 5184 voluntatis,
3313 5120 3497 5173 animo

1609 5278 1838 5333 VAlll/E
1878 5282 2279 5338 LECTIONES.

375 5422 393 5460 ί
428 5425 528 5478 κᾶν
549 5431 897 5501 παρασφαλῇ.
979 5436 1003 5474 ε
1041 5435 1239 5490 ἔσεται.
1348 5442 1373 5480 h
1412 5442 1441 5511 ἢ
1477 5444 1603 5497 τῶν.
1689 5448 1703 5486 ί
1739 5448 1824 5501 ἵσ.
1856 5467 2028 5501 ...νων
2053 5446 2366 5517 ἀποστροφή
2396 5470 2410 5516 ;

1772 5599 1999 5657 ΝΟΤΛΕ.

527 5780 1488 5879 'lllmiéxiaztf-qgijjuf’utpllcgendum,
1522 5798 1705 5879 ᾒ-τών
1741 5799 1840 5878 οὐκ
1940 5805 2172 5874 cognita,
2208 5816 2265 5879 ut
2295 5806 2355 5858 ad
2392 5808 2557 5879 ipsum
2580 5818 2931 5871 revertamur,
2959 5825 3075 5879 qum
3114 5811 3382 5865 mirabiles
3403 5814 3482 5867 sui

294 5855 530 5914 εῦαγὼς,
556 5859 660 5906 etc.
689 5855 720 5923 ἡ
756 5856 1075 5929 ἐπιστροφή.
1124 5860 1178 5916 ld
1208 5855 1351 5917 enim
1392 5855 1613 5935 requirit
1644 5870 1839 5924 veritas
