4248 6444
733 403 830 465 671

1856 408 2114 468 ΡΙΙΟΤΙΙ
2155 408 2654 469 ΡΛΤΒΙᾹΗΟΗΧΕ
2692 412 2799 474 CP.

3863 421 3979 483 672

731 531 854 570 cum
907 516 996 582 sit.
1027 523 1494 584 repraesentatum,
1567 517 1824 572 excitabit
1884 520 2060 575 adhuc
2107 521 2292 589 magis,
2330 525 2408 578 At

2330 525 2374 578 Α
2401 521 2575 590 ἀηδῶς
2602 523 2913 590 ἀναλαϐεῖν,
2945 525 2997 579 εί
3021 542 3073 579 τι
3113 526 3448 601 παρῃνέθης,
3477 527 3580 600 τήν
3615 545 3676 582 τε
3705 531 3840 601 πρὸς
3869 535 3977 586 αὖ-

732 621 907 674 neque
942 614 995 658 tu
1029 606 1118 674 qui
1151 606 1244 659 tibi
1276 606 1484 660 scilicet
1517 621 1701 660 eorum
1753 607 2004 662 conscius
2026 624 2085 664 es
2116 651 2130 674 ,
2159 624 2297 680 argre

733 698 1142 766 perSuadcberis
1182 698 1351 761 illum,
1385 699 1427 752 si
1456 700 1581 767 quid
1615 714 1895 768 perperam
1946 703 2294 758 commissum

733 797 834 852 est,
863 790 928 843 ad
961 790 1277 843 familiarem
1316 791 1508 844 iterum
1558 807 1905 861 congressum
1938 802 1992 846 et
2026 793 2297 848 fruitionis

734 881 1059 936 desiderium
1099 881 1401 936 admittere.
1453 884 1526 937 De
1557 885 1746 938 amicis
1773 885 1932 955 igitur
1958 901 2171 957 semper
2199 903 2299 956 0p-

738 974 866 1027 time
901 974 1136 1042 loquaris
1166 984 1220 1028 et
1249 989 1541 1044 persuasus
1568 975 1664 1038 sis,
1709 977 2024 1031 absentibus
2067 994 2298 1048 prmser-

736 1066 853 1125 tim,
891 1065 1051 1134 idque
1076 1080 1254 1118 coram
1290 1065 1408 1117 aliis
1440 1081 1453 1116 :
1487 1065 1554 1117 ita
1580 1073 1633 1118 et
1658 1066 2019 1134 suspicionem
2049 1068 2300 1123 adulandi

736 1157 982 1222 cvitabis,
1038 1173 1161 1212 cum
1211 1172 1310 1210 nec
1359 1158 1441 1210 vel
1475 1157 1667 1210 levitbr
1712 1157 2035 1226 impressum
2068 1162 2213 1231 apud
2241 1171 2298 1216 te

2402 615 2492 665 τὸν
2525 614 2738 682 ὁμιλίαν
2785 616 2878 669 καὶ
2924 617 3023 688 τὴν
3055 618 3113 671 ὲν
3142 619 3219 690 τῷ
3253 620 3402 689 πόθῳ
3441 621 3627 691 σχέσιν
3660 623 3974 680 ἀναπείσει.

2414 705 2526 758 Ἀεὶ
2558 706 2656 776 μὲν
2686 704 2779 762 οὖν
2810 710 2996 777 φίλους
3025 711 3236 780 εὐλόγει
3260 753 3275 777 ,
3310 713 3544 784 μάλιστα
3571 716 3630 769 δὲ
3654 717 3780 779 τοὺς
3804 717 3978 771 ἀπόν-

2402 817 2500 862 τας
2527 800 2619 852 ἐπὶ
2647 802 2756 855 τῶν
2789 804 3090 874 παρόντων.
3116 804 3272 859 Οὕτω
3303 823 3366 874 γε
3397 807 3503 878 γὰρ
3536 809 3632 861 καὶ
3659 809 3720 861 τὸ
3746 810 3847 878 τῆς
3878 828 3978 864 κο-

2402 893 2624 956 λακείας
2655 895 2958 965 διαφύγοις,
2987 899 3094 950 οὐδ’
3122 899 3269 969 ίχνος
3295 901 3465 970 αὐτῆς
3487 903 3545 955 ὲν
3571 902 3654 955 σοὶ
3683 903 3977 972 φαίνεσθαι

2402 988 2832 1054 παρασκευάζων
2858 1029 2873 1052 ,
2918 988 3014 1041 καὶ
3039 991 3152 1052 τοῖς
3182 989 3358 1058 φίλοις
3391 992 3490 1066 ἔσῃ
3517 994 3774 1066 πράττων
3804 1014 3978 1066 κεχα-

2405 1076 2654 1147 ρισμένα,
2681 1078 2920 1132 τοιοῦτον
2944 1082 3168 1135 σεαυτὸν
3191 1078 3330 1136 εἶναι
3355 1087 3470 1148 τοῖς
3506 1087 3742 1157 παροῦσι
3771 1087 3978 1141 πιστώ-

2404 1186 2531 1233 σας,
2564 1166 2672 1234 οἷος
2711 1173 2895 1236 αὐτοῖς
2926 1178 3054 1245 περὶ
3087 1175 3196 1229 τῶν
3235 1177 3487 1230 ἀπόντων
3524 1179 3826 1250 ἑγνώσθης.

737 1248 1019 1316 vestigium
1057 1247 1197 1299 illius
1227 1246 1342 1299 vitii
1388 1247 1626 1300 residere
1669 1262 1988 1316 persuasum
2031 1251 2205 1321 dabis,
2246 1267 2302 1313 et
2373 1263 2559 1317 amicis
2594 1279 2714 1333 quae
2761 1273 2910 1334 grata
2935 1275 2991 1320 et
3015 1278 3235 1337 accepta
3264 1278 3392 1323 sunt
3448 1268 3631 1325 facies.
3671 1246 3988 1328 Praesentes-

737 1341 880 1393 enim
934 1340 1298 1407 opinabuntur
1329 1349 1378 1391 te
1409 1339 1661 1392 eumdem
1700 1355 1823 1410 erga
1874 1341 2018 1410 ipsos
2053 1343 2295 1404 futurum
2329 1354 2484 1420 alias,
2520 1371 2681 1425 quem
2715 1357 3035 1426 agnoverint
3063 1357 3164 1426 ipsi
3199 1374 3324 1430 erga
3353 1361 3604 1414 absentes
3629 1369 3682 1416 te
3710 1361 3899 1419 fuisse.
3993 1351 3997 1353 ’

808 1434 896 1486 42.
927 1432 1007 1486 Ad
1049 1433 1193 1485 hunc
1235 1432 1451 1484 modum
1496 1432 1585 1484 ubi
1617 1439 1671 1484 te
1695 1432 1884 1487 amicis
1929 1439 2306 1494 communive-

740 1528 833 1587 ris,
885 1526 992 1578 eris
1044 1525 1096 1576 in
1146 1524 1263 1576 illos
1314 1523 1408 1592 qui
1462 1531 1650 1576 contra
1702 1522 1838 1578 alios
1892 1532 2005 1578 tum
2053 1529 2216 1583 etiam
2252 1531 2308 1585 in

739 1613 1122 1682 rempublicam
1169 1611 1518 1680 deliquerint,
1580 1609 1973 1679 implacabilis;
2017 1615 2112 1669 sed
2156 1632 2307 1672 com-

740 1707 1042 1759 miserit-crs
1076 1705 1129 1756 in
1179 1720 1273 1757 eos
1310 1704 1401 1771 qui
1429 1714 1480 1756 te
1515 1702 1865 1757 ofl'enderint.
1908 1704 1988 1758 lta
2016 1707 2161 1761 enim
2191 1709 2304 1776 ﬁet,

2480 1446 2588 1515 μβ’.
2623 1447 2777 1500 Οὕτω
2803 1447 2861 1500 δὲ
2892 1449 3118 1502 σεαυτὸν
3151 1449 3306 1521 φιλίᾳ
3348 1451 3691 1522 περιφράξας
3726 1453 3824 1525 ἔσῃ
3859 1458 3979 1519 τοῖς

2410 1539 2508 1607 μὲν
2536 1541 2617 1602 εις
2643 1539 2864 1610 ἑτέρους
2890 1541 2982 1594 καὶ
3014 1543 3094 1604 εἰς
3117 1543 3185 1596 τά
3209 1544 3364 1596 κοινά
3397 1544 3813 1616 πλημμελοῦσιν
3838 1553 3981 1602 ἁπαν

2407 1629 2680 1699 ραίτητος,
2704 1633 2815 1694 τοῖς
2836 1631 2893 1684 δὲ
2915 1632 2995 1695 είς
3020 1633 3077 1685 σὲ
3098 1633 3475 1706 ἁμαρτάνουσι
3499 1637 3975 1706 συμπαθέστατος.

2403 1720 2502 1772 Διά
2540 1718 2639 1788 μὲν
2665 1720 2773 1792 γὰρ
2797 1722 3008 1774 ἐκείνου
3038 1723 3265 1794 εὐνομία
3295 1722 3446 1777 ἐσται
3476 1728 3541 1796 τῇ
3573 1725 3844 1798 πολιτείᾳ,
3877 1731 3978 1782 καὶ

743 1806 800 1848 ιιι
830 1805 974 1849 recte
1004 1796 1054 1847 in
1082 1794 1352 1863 republica
1393 1794 1685 1863 procedant
1723 1793 1888 1864 leges,
1925 1805 1982 1849 et
2024 1797 2162 1853 bene
2205 1815 2301 1856 co-
2336 1845 2375 1899 Β
2405 1812 2420 1861 1

2336 1811 2438 1899 Βή
2485 1811 2551 1881 σὴ
2605 1812 2734 1882 περὶ
2779 1814 2906 1876 τοὺς
2945 1793 3278 1885 ἀρχομένους
3333 1793 3585 1886 ἐπίδηλος
3630 1793 3834 1891 σπουδῆ
3881 1824 3979 1874 καὶ

741 1890 886 1958 gnita
922 1899 974 1943 et
995 1897 1274 1958 perspecta
1306 1890 1410 1940 erit
1433 1887 1518 1940 illa
1553 1903 1682 1942 cura
1715 1897 1770 1943 et
1795 1890 2100 1947 sollicitudo
2132 1909 2295 1962 quam

740 1998 862 2048 erga
904 1981 1142 2033 subditos
1186 1977 1440 2047 geris.lta
1468 1993 1684 2048 quoque
1717 1979 1829 2043 fiet,
1884 1989 1941 2034 ut
1979 1982 2310 2054 intelligatur

740 2089 899 2143 quam
950 2073 1218 2124 humanus
1262 2070 1354 2134 sis,
1396 2080 1452 2124 et
1481 2072 1619 2124 bene
1666 2072 1957 2138 animatus,
2003 2073 2094 2143 qui
2129 2091 2310 2130 mores

743 2182 921 2236 regem
993 2180 1115 2218 cum
1173 2165 1422 2229 deceant,
1487 2164 1542 2218 in
1600 2179 1652 2219 te
1705 2175 1866 2220 erunt
1917 2168 2308 2237 praedicabiles.

741 2255 976 2327 Tyranni
1040 2255 1357 2324 plerumque
1410 2255 1687 2326 negligunt
1733 2264 1790 2310 et
1841 2256 2314 2326 insuperrhabent

741 2347 966 2415 injurias
1012 2345 1387 2399 communitati
1435 2346 1715 2399 hominum
1748 2356 1910 2415 atque
1947 2347 2067 2402 aliis
2108 2347 2313 2420 irroga-

745 2451 844 2504 tas,
890 2440 983 2492 sed
1027 2454 1152 2493 suas
1183 2439 1422 2505 ipsorum
1466 2438 1714 2508 proprias
1762 2439 2086 2510 rigidissime
2139 2442 2315 2496 solent

743 2532 1057 2585 vindicare:
1095 2545 1274 2599 regem
1334 2545 1488 2592 vero,
1541 2529 1634 2598 qui
1682 2529 1983 2584 secundum
2046 2531 2312 2600 justitiam

745 2624 1027 2692 imperimn
1069 2621 1428 2685 administrat,
1450 2621 1608 2675 decet
1634 2636 1760 2675 suas
1789 2622 2016 2691 injurias
2063 2623 2316 2678 humani-

745 2723 826 2767 ter
880 2714 1207 2774 condonare,
1257 2712 1350 2766 sed
1397 2726 1714 2766 communes
1758 2722 1814 2767 et
1864 2713 1984 2768 aliis
2053 2715 2318 2786 irrogatas

746 2821 867 2858 cum
894 2804 1102 2875 justitia
1132 2803 1427 2858 reformare
1455 2813 1512 2858 et
1550 2805 1862 2873 disponere.

815 2917 906 2972 45.
945 2916 1015 2971 Ut
1062 2931 1311 2986 magnam
1362 2916 1408 2969 is
1452 2923 1693 2970 meretur
1769 2916 2003 2981 laudem,
2060 2918 2152 2985 qui
2197 2933 2318 2972 cum

749 3024 1012 3061 summam
1049 3008 1242 3060 habeat
1269 3006 1494 3060 laedendi
1532 3015 1875 3075 potestatem,
1905 3008 2114 3077 justum
2143 3017 2322 3064 tamen

2410 1902 2731 1973 κηδεμονία·
2767 1903 2852 1957 διά
2883 1905 2940 1958 δὲ
2976 1906 3167 1959 τούτου
3195 1907 3256 1961 τὸ
3289 1908 3670 1979 φιλάνθρωπον
3707 1913 3806 1982 τῆς
3839 1914 3982 1982 γνὼ-

2414 2010 2520 2062 μης
2543 1994 2639 2046 καὶ
2669 1997 2698 2047 ὁ
2731 1993 3001 2064 βασίλειος
3027 1996 3102 2061 ὼς
3129 1997 3344 2067 ἀληθῶς
3371 1999 3808 2071 ἀνακηρύττεται
3847 2004 3980 2074 τρό-

2411 2101 2531 2148 πος.
2559 2087 2619 2138 Οί
2655 2086 2755 2156 μὲν
2782 2087 2890 2158 γὰρ
2917 2088 3168 2160 τύραννοι
3198 2091 3264 2144 τά
3294 2091 3449 2145 κοινά
3479 2091 3589 2145 τῶν
3617 2092 3980 2163 ἀδικημάτων

2412 2176 2506 2226 καὶ
2542 2175 2610 2228 τὰ
2655 2179 2735 2239 είς
2773 2176 3036 2247 ἀλλήλους
3069 2179 3329 2244 πολλάκις
3363 2182 3712 2253 ὑπερορῶσι,
3763 2183 3982 2255 πικρῶς

2411 2267 2468 2320 δὲ
2494 2266 2563 2320 τά
2603 2270 2683 2330 είς
2711 2269 2936 2332 ἑαυτοὺς
2967 2271 3276 2337 ἐξετάζουσι
3298 2291 3313 2306 ο
3345 2273 3610 2343 βασιλέως
3648 2275 3705 2329 δέ
3739 2277 3857 2330 ἑστι
3886 2279 3981 2331 καὶ

2413 2361 2590 2431 ἀρχῆς
2623 2363 2996 2436 ὲννομωτάτης
3028 2364 3208 2435 ἔργον,
3234 2369 3301 2422 τὰ
3338 2368 3436 2438 μὲν
3469 2371 3548 2432 εις
3575 2370 3766 2424 ἑαυτὸν
3789 2371 3982 2439 φιλαν-

2416 2453 2647 2522 θρώπως
2677 2456 2886 2526 φέρειν,
2921 2458 2988 2511 τὰ
3020 2458 3075 2511 δὲ
3109 2460 3189 2522 είς
3214 2461 3367 2514 κοινά
3397 2462 3490 2516 καὶ
3514 2463 3594 2528 είς
3619 2463 3879 2532 ἀλλήλους
3901 2463 3979 2516 δι-

2415 2545 2585 2608 καίως
2610 2545 2848 2602 εὐθετεῖν
2875 2549 2969 2602 καὶ
2989 2548 3278 2620 διεξάγειν.

2495 2910 2604 2980 μγὀ
2649 2913 2861 2984 Ὥσπερ
2914 2915 3124 2969 πολλῶν
3169 2917 3405 2971 ἐπαίνων
3450 2916 3618 2981 ἄξιος,
3662 2920 3690 2971 δ
3741 2917 3988 2988 μεγάλην

2423 3001 2670 3066 ἐξουσίαν
2699 3004 2793 3057 τοῦ
2822 3005 3024 3059 ἀδικεῖν
3045 3007 3246 3071 λαϐὼν,
3278 3010 3374 3062 καὶ
3402 3010 3470 3063 τά
3493 3010 3675 3064 δίκαια
3703 3016 3986 3080 πράττων·

750 3116 809 3154 se
851 3100 1102 3163 exbibetf;
1151 3098 1222 3151 ita
1267 3097 1438 3151 multo
1479 3097 1752 3168 vituperio
1791 3099 2006 3169 dignus,
2065 3100 2156 3169 qui
2199 3117 2323 3156 cum
2423 3116 2427 3138 ε

2314 3121 2323 3156 ι
2423 3093 2566 3148 οὓτω
2587 3095 2794 3148 πολλῶν
2820 3096 3119 3162 ὑπεύθυνος
3137 3099 3342 3168 ψόγων,
3367 3104 3395 3155 ό
3419 3103 3644 3172 μηδενὸς
3669 3104 3852 3176 ἐνδεὴς
3878 3106 3991 3158 τῶν

750 3191 896 3244 nulla
935 3205 990 3243 re
1036 3189 1272 3258 indigeat
1317 3188 1645 3251 necessaria,
1692 3204 1887 3243 manus
1929 3198 2108 3245 tamen
2159 3191 2321 3246 rebus
2351 3181 2391 3236 (ἒ
2425 3216 2427 3234 ι

2312 3209 2321 3246 ί
2351 3181 2391 3236 C
2425 3188 2755 3254 ἀναγκαίων,
2781 3190 2875 3242 καὶ
2901 3193 2980 3253 είς
3007 3191 3074 3244 τά
3098 3192 3354 3264 ἀλλότρια
3374 3194 3471 3258 τάς
3497 3198 3685 3265 χεῖρας
3707 3196 3989 3250 ἐκτείνων.

751 3281 942 3336 alienis
1007 3280 1200 3349 injicit.
1248 3278 1511 3349 lndigenti
1573 3278 1841 3348 siquidem
1913 3282 2188 3338 excusatio
2239 3293 2322 3338 est

752 3381 1064 3442 paupertas,
1111 3372 1238 3425 licet
1265 3386 1373 3425 non
1403 3371 1761 3435 admittenda,
1794 3372 1839 3425 si
1873 3371 2161 3440 deliquerit
2187 3389 2318 3428 con-

756 3477 832 3519 tra
877 3465 1188 3532 justitiam:
1236 3464 1328 3519 sed
1380 3463 1493 3532 qui,
1549 3480 1673 3518 cum
1727 3472 2051 3534 potestatem
2107 3465 2320 3530 habeat,

753 3572 854 3609 nec
902 3556 1005 3608 ulla
1045 3570 1102 3609 re
1143 3555 1402 3625 indigeat,
1450 3554 1704 3624 injuriam
1760 3555 1911 3620 facit,
1970 3570 2193 3625 prorsus
2241 3565 2324 3610 est

752 3648 868 3699 sine
900 3647 1049 3701 omni
1082 3648 1449 3701 excusatione.

820 3760 908 3813 44.
967 3758 1179 3824 Quanto
1221 3761 1342 3828 quis
1381 3759 1639 3828 majorem
1697 3768 2020 3828 potestatem
2090 3759 2321 3821 obtinet,

750 3863 900 3906 tanto
932 3851 1120 3919 majori
1149 3851 1335 3904 virtuti
1363 3852 1524 3904 debet
1561 3852 1603 3905 is
1633 3852 1958 3919 praecellere.
1995 3851 2098 3916 Qui
2135 3862 2322 3904 contra

754 3946 896 4006 facit,
951 3946 1052 3997 tria
1089 3944 1249 3997 simul
1293 3944 1525 3997 admittit
1570 3943 1968 4011 improbissima
1999 3960 2012 3995 :
2041 3958 2098 3996 se
2148 3944 2324 4011 perdit

752 4036 964 4102 ipsum;
997 4036 1270 4088 intuentes
1293 4037 1356 4088 ad
1387 4035 1720 4104 peccandum
1753 4035 1954 4098 allicit;
1989 4035 2155 4088 Deum
2196 4033 2326 4088 facit

752 4127 1133 4196 hlasphemari,
1169 4127 1261 4196 qui
1291 4136 1399 4180 tam
1434 4127 1680 4198 improbo
1727 4127 1945 4181 tradidit
1974 4135 2318 4197 potestatem.

753 4204 1017 4284 Quocirca
1065 4212 1223 4274 decet
1261 4235 1702 4289 unumquemque
1767 4220 1968 4273 malum
2020 4220 2320 4285 declinare;

755 4312 848 4365 sed
877 4320 1004 4364 ante
1031 4310 1184 4376 alios,
1219 4327 1310 4365 eos
1342 4312 1431 4380 qui
1467 4313 1579 4366 sint
1607 4328 1730 4366 cum
1762 4311 2013 4382 imperio.

823 4424 912 4476 45.
962 4423 1034 4476 lta
1067 4439 1195 4493 ergo
1223 4423 1453 4478 subditis
1498 4425 1602 4478 tuis
1631 4425 1856 4494 impera,
1891 4433 1950 4478 ut
1985 4439 2320 4493 nequaquam

2441 3278 2618 3349 Ἀνδρὶ
2647 3281 2748 3349 μὲν
2773 3281 2880 3352 γὰρ
2911 3285 3193 3355 πενομένῳ
3220 3286 3524 3355 πρόφασις,
3555 3288 3604 3339 εί
3632 3288 3728 3340 καὶ
3753 3288 3995 3360 παράλο-

2426 3387 2540 3436 γος,
2572 3372 2664 3422 τοῦ
2696 3373 2923 3436 ἀδικεῖν,
2957 3376 2990 3443 ἡ
3015 3377 3204 3428 πενία’
3233 3378 3370 3448 ἀνὴρ
3397 3377 3453 3428 δὲ
3481 3377 3798 3431 δυναστείαν
3829 3379 3990 3449 ἔχων,

2429 3462 2521 3512 καὶ
2554 3464 2789 3531 ἀπορέαν
2832 3464 2932 3517 οὐκ
2972 3465 3131 3533 ἔχων,
3169 3469 3574 3540 ἀναπολόγητον
3609 3469 3720 3539 ἔχει
3748 3469 3849 3540 τὴν
3881 3470 3994 3524 ἀπὸ

2427 3553 2520 3606 τοῦ
2550 3554 2752 3608 ἀδικεῖν
2783 3557 3079 3627 ἁμαρτίαν.

2503 3753 2602 3823 μδ’.
2632 3755 2782 3822 Ὀσῳ
2804 3754 2860 3806 δέ
2888 3772 2972 3817 τις
3000 3755 3221 3829 προέχει
3251 3759 3314 3826 τῇ
3353 3757 3518 3827 ἀρχῇ,
3548 3756 3787 3828 τοσούτῳ
3815 3775 3994 3828 χρεω-

2431 3849 2546 3897 στεί
2565 3846 2862 3916 πρωτεύειν
2883 3848 2976 3900 καὶ
2996 3852 3061 3918 τῇ
3088 3851 3278 3918 ἀρετῇ.
3317 3848 3375 3900 '0
3391 3849 3446 3901 δὲ
3465 3849 3774 3902 τούναντίον
3799 3851 3992 3913 ποιῶν,

2430 3939 2553 4008 τρία
2585 3941 2720 4008 ἅμα,
2751 3941 2843 3992 καὶ
2873 3942 3128 4008 κάκιστα,
3164 3939 3433 3993 ἐπιτελεῖ·
3464 3942 3752 3995 ἀπόλλυσιν
3777 3943 3993 3995 ἑαυτόν·

2429 4034 2554 4094 τοὺς
2587 4033 2828 4101 ὁρῶντας
2863 4035 2942 4095 είς
2969 4034 3168 4088 κακίαν
3193 4034 3521 4105 παρακαλείσ
3554 4035 3996 4104 βλασφτιμείσθαι

2430 4125 2832 4196 παρασκευάζει
2895 4125 2984 4177 τὸν
3035 4125 3203 4190 Θεὸν,
3259 4127 3339 4179 ὅτι
3391 4125 3613 4196 τοιούτῳ
3661 4127 3996 4197 τηλικαύτην

2429 4216 2757 4286 ἐνεχείρισεν
2806 4216 3002 4286 ἀρχήν.
3053 4201 3150 4269 Διά
3195 4217 3353 4270 τοῦτο
3394 4217 3557 4270 παντὶ
3592 4217 3691 4288 μὲν
3723 4218 3998 4288 ἀνθρώπῳ

2431 4311 2689 4378 φευκτέον
2721 4311 2754 4380 ὴ
2785 4311 2972 4377 κακία,
3007 4311 3243 4380 μάλιστα
3269 4312 3325 4365 δὲ
3354 4314 3462 4374 τοῖς
3493 4314 3551 4364 ὲν
3577 4314 3641 4382 τῇ
3673 4313 3838 4382 ἀρχῇ.

2503 4437 2605 4500 με’.
2636 4431 2804 4500 Ἀρχε
2834 4430 3014 4482 τοίνυν
3044 4430 3152 4482 τῶν
3181 4431 3458 4500 ὑπηκόων,
3491 4430 3565 4500 μὴ
3600 4429 3876 4493 πεποιθὼς
3902 4448 3991 4482 τυ-

760 4513 1046 4584 tyrannidi,
1092 4515 1187 4568 sed
1229 4530 1415 4567 eorum
1479 4515 1718 4570 confidas
1766 4516 2173 4594 benevolentia.
2228 4515 2319 4568 Est
2353 4537 2395 4590 ο
2431 4547 2437 4594 ι

2317 4556 2319 4564 τ
2353 4537 2395 4590 ο
2431 4523 2654 4594 ραννίδι,
2684 4524 2818 4575 ἀλλὰ
2853 4526 2918 4594 τῇ
2946 4523 3054 4576 τῶν
3081 4523 3397 4594 ἀρχομένων
3425 4524 3628 4594 εὐνοίᾳ.
3659 4522 3856 4576 Εὔνοια
3884 4525 3994 4594 γὰρ

755 4604 902 4656 cnim
948 4605 1324 4658 benevolentia
1370 4618 1424 4659 et
1460 4608 1615 4677 longe
1663 4590 2018 4662 excellentius
2062 4616 2117 4661 et
2156 4607 2324 4661 multo

759 4697 928 4750 tutius
974 4697 1368 4751 firmamentum
1419 4716 1577 4767 quam
1609 4711 1804 4754 metus.
1843 4691 1988 4754 ~lllud
2023 4710 2202 4754 autem
2238 4715 2325 4753 ac-

759 4789 988 4856 quiritur
1031 4791 1282 4844 virtutem
1326 4792 1668 4859 possidendo,
1697 4802 1753 4844 et
1784 4793 1994 4844 labores
2030 4807 2324 4860 curamque

756 4897 883 4951 erga
936 4881 1178 4935 subditos
1213 4883 1593 4952 impendenda.
1645 4884 1722 4937 lta
1755 4884 1844 4938 fiet
1888 4895 1944 4938 ut
1983 4886 2144 4937 vitam
2198 4899 2326 4938 vere

758 4973 978 5026 vitalem
1000 4983 1054 5027 et
1083 4973 1280 5045 regiam
1311 4991 1436 5045 agas
1465 4977 1599 5043 ipse,
1645 4986 1805 5046 atque
1851 4977 1970 5030 illos
2015 4977 2141 5030 dum
2182 4983 2325 5029 tutos

757 5075 817 5117 et
865 5064 1163 5117 incolumes
1211 5076 1435 5133 prazstas
1475 5073 1543 5119 ab
1575 5067 1784 5120 insidiis
1826 5076 1880 5120 et
1932 5067 2326 5120 calamitatibus

763 5167 958 5225 praeter
993 5158 1080 5226 jus
1112 5158 1291 5222 illatis,
1339 5159 1563 5227 gloriam
1613 5160 1704 5213 tibi
1748 5171 1986 5229 paratam
2046 5161 2326 5212 immorta-

765 5250 870 5301 lem
903 5250 1269 5305 conservabis.

833 5361 918 5414 46.
968 5361 1136 5432 Leges
1183 5365 1525 5418 exactissime
1593 5367 1728 5421 latas
1771 5368 1984 5422 laudato
2029 5379 2084 5422 et
2123 5371 2326 5439 ample-

765 5461 929 5504 ctere.
961 5453 1081 5506 Illas
1113 5470 1272 5524 porro
1301 5456 1577 5518 intuendo,
1612 5457 1772 5510 vitam
1803 5468 1948 5512 tuam
1974 5459 2140 5530 dirige
2173 5478 2185 5512 ε
2218 5460 2326 5513 noli

760 5554 945 5597 autem
984 5547 1134 5613 juxta
1165 5547 1372 5602 illarum
1423 5551 1598 5618 legum
1633 5551 1867 5605 calculos
1923 5567 2110 5620 paeuas
2140 5553 2328 5607 inexo-

768 5637 965 5690 rabiles
994 5639 1221 5692 subditis
1256 5641 1357 5692 tuis
1383 5641 1654 5711 irrogare;
1688 5643 1868 5712 potius
1889 5653 2069 5697 autem
2094 5645 2330 5698 clemen—

771 5729 1001 5782 tioribus
1033 5730 1293 5784 institutis
1319 5731 1689 5786 illoseruditos
1707 5749 1848 5803 rege.
1876 5733 1950 5787 Ita
1979 5735 2068 5788 fiet
2095 5744 2174 5797 ut,
2202 5736 2329 5790 dum

771 5829 1014 5874 exactam
1046 5819 1099 5873 in
1127 5820 1296 5890 tcipso
1322 5821 1582 5877 rationem
1612 5822 1736 5887 inis,
1761 5824 2084 5879 metuendus
2111 5825 2330 5880 videbe-

2430 4614 2612 4683 μεῖζον
2665 4614 2840 4684 ἀρχῆς
2890 4613 3088 4683 βάθρον
3128 4615 3222 4666 καὶ
3268 4614 3667 4683 ἀσφαλέστερον
3691 4656 3706 4678 ,
3739 4616 3770 4684 ἢ
3804 4616 3992 4683 φόϐος.

2426 4706 2468 4756 Τ
2471 4705 2595 4757 οῦτο
2616 4705 2670 4756 δὲ
2691 4705 2902 4776 ἀρετῶν
2933 4722 2992 4756 τε
3021 4705 3209 4775 κτῆσις
3231 4709 3374 4759 ποιεί
3397 4746 3412 4772 ,
3437 4706 3532 4758 καὶ
3553 4707 3603 4758 οἱ
3649 4707 3778 4774 περὶ
3805 4707 3868 4760 τὸ
3897 4709 3995 4760 ὑπ-

2425 4797 2589 4866 ήκοον
2629 4797 2778 4848 πόνοι
2811 4797 2903 4849 καὶ
2950 4796 3248 4866 φροντίδες.
3301 4797 3456 4849 υῦτω
3500 4797 3558 4848 δὲ
3601 4797 3763 4859 αὑτός
3809 4815 3868 4851 τε
3919 4799 3995 4862 ὡς

2426 4886 2637 4957 ἀληθῶς
2665 4886 2956 4955 βασιλικῶς
2978 4886 3071 4938 καὶ
3097 4887 3265 4955 ἡδέως
3292 4885 3527 4954 βιώσεις,
3548 4888 3824 4951 κάκείνοις
3843 4888 3996 4941 ὲλευο

2428 4980 2591 5051 Θέραν
2619 4979 2912 5048 ἐπιϐουλῆς
2937 4982 3030 5030 καὶ
3062 4977 3355 5047 συμφορῶν
3389 4977 3688 5044 ἀλογίστων
3715 4981 3812 5046 τὴν
3844 4989 3998 5032 πολι-

2427 5074 2573 5126 τείαν
2625 5071 2993 5140 συντηρήσας,
3044 5068 3371 5137 ἀείμνηστον
3428 5068 3626 5121 σαντοῦ
3687 5069 3844 5132 κλέος
3905 5071 3996 5122 τὸν

2429 5167 2641 5219 ἅπαντα
2667 5165 2854 5234 χρόνον
2881 5161 3248 5231 καταλείψεις.

2501 5361 2618 5434 μς’.
2648 5363 2846 5432 Νόμων
2876 5363 3001 5425 τοὺς
3028 5362 3453 5432 άκριὸεστάτους
3479 5365 3691 5417 ἐπαίνει
3727 5366 3820 5418 καὶ
3853 5366 3993 5417 ἀπο-

2427 5455 2620 5524 δέχου·
2680 5457 2772 5507 κοιλ⁵
2829 5456 2962 5525 πρὸς
3017 5456 3258 5518 ἐκείνους
3320 5456 3559 5524 βλέπων,
3616 5456 3705 5508 τὸν
3760 5459 3991 5510 σεαυτοῦ

2431 5549 2657 5618 ρύθμιζε
2688 5549 2800 5617 βίον
2823 5564 2836 5577 ’
2873 5548 2946 5618 μὴ
2981 5547 3163 5617 μέντοι
3202 5548 3343 5601 κατά
3376 5549 3473 5611 τὰς
3501 5550 3724 5602 ἐκείνων
3779 5549 3994 5617 ψήφους

2429 5641 2488 5692 τὸ
2515 5643 2750 5710 ὑπήκοον
2779 5642 3183 5710 ἀπαραιτήτους
3213 5643 3538 5711 εἰσπράττου
3567 5642 3662 5703 τάς
3697 5642 3992 5710 τιμωρίας,

2429 5733 2562 5786 ἀλλά
2590 5733 2678 5786 διὰ
2707 5734 2814 5787 τῶν
2849 5732 3371 5803 φιλανθρωποτέρων
3401 5732 3601 5802 μᾶλλον
3631 5733 3992 5802 παιδαγώγει·

2430 5822 2572 5876 οὕτω
2600 5840 2657 5876 τε
2695 5824 2803 5894 γὰρ
2840 5821 3099 5894 φοϐερὸς,
3129 5822 3196 5875 δι’
3228 5818 3301 5877 ῶν
3341 5824 3563 5879 σεαυτὸν
3592 5823 3992 5895 άκριϐολογείς,
