4248 6444
334 369 439 427 673

1494 371 2031 459 EPISTULARUM
2072 373 2305 433 LIBER
2344 376 2392 434 l.

3450 375 3557 435 δτι

332 484 445 543 τοῖς
472 476 875 549 ἁμαρτάνουσιν
917 478 1055 532 εἶναι
1084 480 1253 545 δόξεις
1274 521 1288 545 ,
1315 482 1408 533 καὶ
1444 482 1754 553 ἀνεπαχθὴς
1780 485 1891 545 τοῖς
1922 498 1966 546 Α
1996 502 2009 537 t

1881 498 1966 546 :A
1996 484 2068 537 ris
2109 484 2570 553 delinquentibus,
2623 500 2797 554 neque
2847 494 3024 539 tamen
3083 484 3312 539 subditis
3366 484 3558 539 intole-

332 586 614 637 υπηκοοις.

409 658 512 729 μζ.
549 662 638 710 Δεῖ
659 660 713 711 δὲ
743 661 1025 730 ἐγκρατῶς
1047 662 1249 731 ἄρχειν,
1279 664 1337 715 οὐ
1369 665 1446 735 τῷ
1474 664 1739 731 κολάζειν,
1763 664 1897 718 ἀλλά

331 751 411 820 τῷ
442 752 617 803 δοκεῖν
649 751 967 805 κολαστικὸν
992 749 1153 807 εἷναι.
1203 755 1371 807 Τοῦτο
1399 757 1454 809 δὲ
1478 752 1610 827 ἦθος
1637 757 1895 819 εὐσταθὲς

333 838 622 907 ποιεί,”καί
652 847 684 915 ἡ
714 846 821 897 τῶν
850 848 1068 899 οἰκείων
1103 849 1318 917 τρόπων
1348 850 1607 919 σεμνότης
1640 850 1735 900 καὶ
1776 851 1894 901 ἐπι-

334 935 545 1004 μέλεια.
595 937 855 1007 Ὀργίλων
880 938 935 989 δέ
971 938 1168 1008 μᾶλλον
1198 940 1498 1008 ἀνθρώπων
1528 941 1559 1011 ἢ
1594 941 1890 1011 φρονίμων,

333 1029 391 1080 αἰ
422 1029 686 1090 κολάσεις·
718 1031 909 1093 οἵτινες
941 1032 1144 1101 ἀπορία
1174 1033 1264 1084 τού
1306 1034 1651 1102 δημαγωγεῖν
1684 1035 1893 1104 σωφρό-

333 1136 463 1183 νως,
496 1121 586 1172 ἐπὶ
613 1120 672 1172 τὸ
707 1122 956 1185 κολάζειν
984 1123 1271 1191 τρέπονται
1314 1125 1525 1195 ῥᾳδίως.
1568 1127 1675 1179 Καὶ
1705 1127 1764 1178 τὺ
1799 1127 1894 1194 μὲν

332 1210 428 1260 καὶ
467 1209 494 1259 ὁ
531 1210 994 1279 τυραννικώτατος
1037 1213 1288 1282 πράξειεν
1324 1214 1387 1267 ἄν
1412 1230 1424 1242 ·
1458 1216 1516 1267 τὸ
1558 1216 1633 1277 δὲ,
1672 1216 1827 1285 μόνος
1860 1218 1894 1282 ,ὁ

334 1300 744 1370 ἀρχικώτατος’
785 1303 940 1371 εἰπερ
979 1304 1233 1372 ἄρχοντος
1279 1306 1446 1374 ἀρετὴ
1513 1307 1586 1375 μὴ
1630 1306 1890 1376 φθείρειν,

332 1392 471 1444 ἀλλὰ
502 1394 716 1456 πλείους
745 1395 839 1446 καὶ
871 1393 1143 1463 βελτίονας
1182 1399 1351 1448 ποιεῖν
1383 1400 1506 1459 τοὺς
1537 1400 1888 1468 ἀρχομένους.

407 1571 518 1634 μη’.
564 1567 854 1634 Ἀρχοντος
888 1566 985 1634 μέν
1014 1585 1157 1630 τινες
1189 1568 1395 1637 ἔφησαν
1432 1572 1630 1640 ἀρετὴν
1652 1613 1665 1634 ,
1710 1576 1773 1627 ἐκ
1807 1592 1894 1643 μι-

333 1659 471 1725 κρᾶς
497 1660 735 1727 μεγάλην
761 1659 910 1710 πόλιν
939 1659 1175 1727 ποιῆσαι·
1202 1662 1310 1728 ἐγὼ
1330 1662 1384 1713 δὲ
1409 1663 1603 1729 μᾶλλον
1625 1665 1687 1716 ἂν
1706 1669 1891 1733 φαίην.

331 1749 394 1801 τὸ
423 1751 485 1800 ἐκ
515 1749 724 1817 φαύλης
750 1750 1042 1802 σπουδαίαν
1064 1752 1493 1820 παρασκευάσαι.
1524 1754 1628 1806 Τοῦ
1661 1756 1757 1823 μὲν
1787 1757 1893 1824 γὰρ

2002 573 2226 625 randus.

2068 665 2157 717 47.
2204 662 2321 717 Vim
2354 664 2567 732 imperii
2596 663 2843 717 oblinere
2869 673 3081 733 oportet
3116 679 3225 717 non
3261 662 3562 732 puniendo,

1999 756 2093 810 sed
2142 755 2451 823 opinionem
2506 755 2738 809 fovendo
2775 756 3096 810 severitatis.
3144 756 3294 808 llanc
3347 770 3559 808 morum

1999 856 2256 915 procurat
2278 847 2563 909 stabilitas,
2602 849 2835 916 gravitas
2868 857 2925 901 et
2981 849 3161 901 sedula
3193 848 3557 901 observantia.

2002 938 2191 991 Poenas
2221 939 2459 1009 inﬂigere
2487 938 2877 1008 frequentiores
2914 940 3153 993 iracundi
3186 940 3364 1007 potius
3397 953 3557 1006 quam

1997 1031 2276 1099 prudentis
2317 1018 2419 1086 est.
2468 1032 2547 1085 llli
2578 1034 2721 1086 enim
2755 1032 2907 1086 facile
2962 1032 3028 1085 ad
3076 1032 3404 1100 puniendum
3466 1030 3561 1084 de-

1996 1127 2283 1189 scendunt,
2336 1142 2457 1179 cum
2490 1142 2584 1195 per
2610 1126 2877 1180 defectum
2904 1123 3285 1179 moderationis
3322 1124 3559 1175 mulcere

1997 1216 2243 1269 homines
2272 1217 2538 1270 nesciunt.
2571 1216 2809 1281 Quorum
2853 1217 3077 1268 alterum
3114 1224 3391 1283 tyrannus.
3428 1212 3559 1263 alte-

1996 1324 2113 1360 rum
2156 1308 2200 1363 is
2229 1310 2377 1363 solus
2405 1312 2493 1377 qui
2526 1309 2752 1378 imperio
2798 1310 2989 1377 dignus
3016 1307 3174 1360 faciet
3213 1324 3225 1358 :
3263 1305 3417 1371 cujus
3457 1303 3561 1354 vir-

1999 1411 2083 1455 tus
2120 1410 2202 1456 est
2230 1402 2518 1471 praecipua,
2566 1417 2676 1455 non
2724 1402 2968 1470 perdere,
3009 1399 3102 1453 sed
3149 1399 3398 1451 meliores
3445 1395 3564 1450 red-

1995 1496 2121 1547 dere
2147 1509 2274 1547 suos
2304 1494 2568 1547 subditos.

2063 1584 2152 1638 48.
2201 1582 2341 1637 Sunt
2380 1585 2471 1653 qui
2500 1583 2850 1652 pronuntiant
2881 1584 2947 1636 ad
2996 1582 3227 1637 ofﬁcium
3268 1582 3405 1651 regis
3456 1581 3559 1633 im-

1996 1676 2185 1744 primis
2236 1678 2526 1744 pertinere,
2578 1676 2961 1743 rempublicam
3016 1691 3045 1729 e
3092 1692 3254 1743 parva
3308 1690 3557 1744 magnam

1996 1768 2212 1821 facere:
2258 1768 2391 1821 mihi
2438 1768 2618 1836 potius
2666 1767 2893 1827 videtur.
2929 1783 2992 1820 ex
3040 1766 3283 1835 improba
3339 1766 3559 1833 probam

333 1842 429 1893 καὶ
473 1841 676 1911 καιρῶν
708 1841 967 1904 πολλάκις
1010 1843 1149 1912 φορά
1181 1843 1368 1911 γέγονε
1415 1846 1694 1915 παραιτία.
1729 1848 1801 1898 Τὸ
1837 1847 1891 1898 δὲ
1921 1864 1967 1919 Β
1996 1874 2010 1910 ί

1883 1865 1891 1897 ε
1921 1864 1967 1919 Β
1996 1858 2347 1911 constituere.
2380 1857 2511 1911 Illud
2538 1858 2680 1910 enim
2715 1857 2981 1909 interdum
3037 1855 3336 1909 occasionis
3368 1869 3560 1907 cursus

331 1935 433 1985 οὐκ
462 1934 575 1986 ἐστι
622 1935 694 2003 μὴ
750 1934 871 2001 ούχὶ
902 1934 1052 2001 παρά
1092 1934 1185 1986 τού
1213 1935 1413 2002 ἄριστα
1442 1936 1768 2001 διοικοῦντος
1802 1956 1892 2006 γε-

334 2023 541 2077 νέσθαι.
576 2027 671 2077 Ὃν
699 2028 764 2079 σὺ
789 2026 1123 2095 παραζηλῶν
1143 2067 1157 2089 ,
1189 2027 1255 2079 δι’
1285 2022 1361 2081 ὦν
1394 2027 1697 2099 κατορθοῖς,
1725 2031 1892 2101 ἀρετῇ

331 2116 431 2186 τὴν
466 2117 573 2169 τῶν
600 2119 915 2188 ἀρχομένων
944 2118 1128 2183 αὔξεις
1155 2120 1447 2175 πολιτείαν.

408 2290 511 2360 μθ’.
545 2293 751 2362 Ὥσπερ
786 2295 960 2362 τεῖχος
1003 2295 1219 2365 σαθρὸν,
1270 2294 1370 2349 κᾶν
1403 2296 1580 2358 οἰκίας
1619 2297 1766 2349 ἔνδον
1796 2296 1893 2369 ἔχῃ

332 2382 609 2453 λαμπρὰς,
652 2386 743 2435 καὶ
789 2385 965 2454 ἀέρων
1008 2387 1323 2457 εὐκρασίαν,
1368 2390 1460 2440 καὶ
1498 2388 1700 2439 ὼνείων
1733 2390 1895 2456 ἀφθο-

334 2475 476 2538 νίαν,
507 2476 651 2545 ὅμως
681 2477 780 2544 τὴν
815 2477 969 2527 πόλιν
1000 2476 1343 2542 ἐξευτελίξειο
1375 2479 1544 2541 οὓτως
1571 2480 1617 2531 οἰ
1649 2482 1776 2549 περὶ
1805 2481 1893 2531 τὸν

334 2567 572 2636 ἄρχοντα
598 2568 811 2637 φαῦλοι,
840 2570 933 2621 καὶ
956 2570 1044 2622 τὸν
1074 2572 1278 2625 ἐκείνου
1305 2573 1740 2627 συνδιαϐάλλουσι
1768 2576 1894 2642 τρό-

335 2675 459 2710 πον.
515 2660 575 2710 Ol
627 2660 733 2727 γὰρ
783 2662 1007 2714 ἐκείνων
1058 2664 1155 2733 τῆς
1212 2666 1477 2734 πονηρίας
1529 2664 1895 2735 λαμϐάνοντες

340 2752 553 2817 πεῖραν,
582 2754 676 2803 καὶ
699 2753 791 2804 τὸν
813 2754 901 2805 ὑπ’
926 2754 1101 2807 αὐτῶν
1126 2756 1589 2827 δορυφορούμενον
1613 2757 1898 2828 παραπλή-

340 2858 454 2895 σιον
484 2844 954 2913 ὑπολαμϐάνουσιν
983 2844 1143 2901 εἶναι.

409 3030 469 3079 ν.
496 3025 737 3094 Μηδενὸς
765 3028 1129 3098 παρανομίαν,
1148 3027 1248 3080 κᾶν
1267 3028 1394 3098 δοκῇ
1416 3028 1489 3080 δι’
1513 3028 1679 3098 αὐτῆς
1702 3028 1901 3097 εὑημε-

343 3119 488 3184 ρεῖν,
518 3118 830 3192 ἐπαινέσῃς.
878 3119 1111 3171 Ἐκείνόν
1142 3137 1200 3172 τε
1230 3120 1338 3189 γάρ
1371 3120 1569 3190 μᾶλλον
1595 3124 1673 3183 είς
1705 3124 1901 3172 κακίαν

1995 1960 2212 2019 praestat
2253 1967 2266 2003 :
2306 1951 2409 2004 hoc
2451 1951 2600 2003 nullo
2646 1951 2805 2003 modo
2858 1950 3168 2017 contingere
3235 1955 3409 2015 potest
3456 1946 3559 1999 nisi

1993 2058 2087 2111 per
2107 2043 2308 2111 optime
2344 2046 2720 2112 imperantem.
2752 2040 2907 2094 Hunc
2938 2050 2993 2093 tu
3019 2042 3064 2093 si
3102 2040 3342 2093 imitatus
3369 2037 3556 2101 fueris,

1995 2135 2099 2188 tuis
2137 2134 2408 2203 praeclaris
2445 2134 2601 2188 factis
2645 2150 2757 2188 rem
2816 2132 3160 2187 subditorum
3213 2146 3557 2186 communem

1992 2226 2190 2280 virtute
2219 2241 2478 2297 promove
2489 2226 2592 2280 bis.

2062 2316 2149 2371 49.
2198 2315 2391 2369 Μωηίε
2442 2316 2583 2369 sicut
2626 2316 2838 2369 ruinam
2892 2312 3219 2376 minitantia,
3264 2312 3451 2365 urbem
3502 2311 3558 2363 in

1993 2418 2362 2477 contentptum
2398 2408 2625 2469 ducunt,
2656 2408 2779 2462 licet
2816 2407 2947 2461 alias
2990 2406 3212 2475 pulchre
3241 2405 3557 2457 aediﬁcatam

1995 2499 2241 2563 interius,
2272 2499 2412 2553 aeris
2434 2499 2773 2560 salubritate.
2804 2509 2858 2553 et
2880 2514 3060 2552 rerum
3088 2497 3357 2550 venalium
3396 2497 3560 2548 uber-

1998 2602 2103 2645 tate
2142 2600 2400 2660 przestet:
2433 2592 2505 2644 ita
2527 2605 2740 2660 quoque
2771 2598 2825 2643 ct
2855 2590 3001 2659 impii
3047 2590 3188 2658 apud
3238 2589 3560 2658 principem,

1996 2698 2103 2736 una
2140 2697 2263 2736 cum
2306 2683 2570 2750 ipsorum,
2611 2691 2667 2735 et
2712 2682 2831 2750 ejus
2866 2683 3028 2735 etiam
3065 2682 3229 2734 vitam
3270 2680 3563 2749 vituperari

1997 2773 2201 2827 faciunt
2232 2790 2244 2823 :
2270 2788 2394 2825 nam
2427 2771 2673 2840 quisquis
2702 2770 2915 2824 illorum
2946 2768 3239 2838 nequitiam
3267 2768 3565 2836 experitur.

1998 2882 2123 2920 eum
2154 2866 2211 2917 in
2249 2865 2404 2932 cujus
2428 2875 2556 2920 sunt
2583 2864 2855 2928 satellitio,
2918 2863 3049 2932 ipsis
3080 2862 3303 2917 omnino
3334 2861 3564 2915 similem

2000 2957 2373 3010 arbitrabitur.
3382 3012 3385 3013 ν

2072 3049 2160 3102 50.
2192 3049 2405 3102 Nullius
2436 3046 2836 3117 improbitatem
2886 3043 3254 3107 commendes,
3287 3042 3407 3097 licet
3440 3041 3567 3096 inde

2003 3140 2251 3193 videatur
2299 3139 2423 3191 felix
2478 3153 2600 3191 esse
2633 3154 2647 3190 :
2680 3152 2804 3189 nam
2847 3136 2949 3188 hoc
2994 3134 3154 3188 modo
3203 3135 3267 3185 ad
3307 3133 3565 3200 majorem

342 3209 655 3278 ὑπαλείψεις
682 3250 695 3272 ,
740 3213 831 3262 καὶ
880 3211 1100 3262 σεαυτὸν
1154 3213 1234 3274 εἰς
1283 3212 1665 3283 παραπλησίαν
1704 3212 1898 3281 πρᾶξιν
1927 3205 1968 3261 C
2006 3233 2019 3284 ί

1889 3205 1968 3261 'C
2006 3232 2404 3300 improbitatem
2469 3231 2806 3300 provocabis.
2857 3237 2913 3281 et
2946 3227 3309 3296 suspicionem
3357 3224 3566 3278 creabis

342 3301 533 3369 καιρὸν
582 3302 858 3371 ἐπιζητεῖν
911 3302 1251 3369 ἀπελέγξεις.
1304 3303 1360 3353 Ὀ
1410 3304 1518 3373 γὰρ
1569 3304 1674 3370 πρὸ
1706 3301 1899 3371 καιροῦ

340 3391 533 3453 ταῦτα,
564 3393 630 3443 δι’
660 3386 732 3443 ὧν
768 3394 997 3455 ἐπαινεῖ,
1029 3394 1475 3463 προθυμούμενος
1501 3396 1593 3446 καὶ
1622 3394 1814 3463 τιμῶν,
1851 3393 1901 3444 τί

343 3481 412 3535 ἂν
438 3482 497 3534 ού
528 3483 740 3552 ποιήσοι
772 3482 1010 3536 τοιούτου
1044 3484 1573 3553 παραπεπτωκότος;

417 3806 516 3853 να⁹.
570 3801 629 3851 Ὀ
656 3801 766 3852 τῶν
800 3800 1075 3869 ἀρχόντων
1108 3799 1332 3868 τρόπος,
1370 3799 1531 3867 νόμος
1555 3799 1757 3865 γίνεται
1790 3802 1903 3861 τοῖς

347 3889 452 3943 ὑπὸ
475 3894 650 3960 χεῖρα.
672 3892 737 3944 El’
762 3909 813 3943 τι
844 3888 935 3944 οὖν
968 3891 1028 3943 τὸ
1062 3890 1260 3960 πλῆθος
1290 3891 1668 3960 ἐξαμαρτάνει,
1704 3892 1781 3952 είς
1815 3891 1903 3942 τὸν

346 3983 578 4051 ἄρχοντα
625 3982 721 4051 τὴν
764 3982 939 4035 αἰτίαν
982 3982 1327 4050 ἀναπέμπει,
1370 3982 1533 4033 πόσον
1574 3982 1670 4032 οίει
1710 3982 1902 4033 σαυτὸν

345 4071 542 4140 ἀρετῆς
586 4070 995 4138 ἐπιμελεῖσθαι,
1050 4071 1143 4121 καὶ
1193 4072 1483 4140 χρεωστείν
1529 4071 1617 4121 ἀεὶ
1655 4068 1749 4119 ἐπὶ
1793 4070 1901 4131 τοῖς

345 4161 527 4222 καλοῖς
566 4161 923 4229 ἐγρηγορέναι
942 4177 956 4224 ;

414 4273 516 4342 νβ’.
561 4272 745 4341 Πάσης
783 4271 1033 4340 πράξεως
1065 4271 1228 4342 βουλὴ
1274 4271 1635 4342 προηγείσθω.
1687 4273 1752 4324 Δί
1795 4273 1904 4340 γὰρ

348 4364 736 4417 ἀνεπίσκεπτοι
760 4366 1003 4433 πράξεις,
1027 4365 1101 4427 ὡς
1122 4366 1190 4417 τά
1213 4366 1382 4417 πολλὰ
1410 4366 1575 4427 σφαλε
1587 4366 1693 4435 ραί·
1724 4366 1815 4417 καὶ
1842 4366 1903 4417 τὸ

350 4453 778 4523 κατορθούμενον
801 4495 815 4512 .
857 4454 1078 4516 δικαίως
1111 4455 1176 4505 ἂν
1210 4454 1386 4515 αἰτίας
1424 4454 1590 4523 ἄλλης
1620 4453 1779 4522 ἔργον
1823 4471 1905 4505 νο-

2004 3324 2335 3393 probabilem
2385 3336 2435 3376 te
2476 3331 2684 3374 tantum
2728 3319 2963 3389 opperiri
3005 3318 3341 3370 occasionem
3395 3325 3453 3368 ut
3492 3313 3566 3366 illi

2004 3417 2192 3469 similis
2223 3416 2334 3468 fias.
2380 3414 2537 3468 Certe
2567 3414 2657 3482 qui
2687 3413 2925 3467 nondum
2956 3410 3079 3463 data
3103 3410 3244 3477 jnsta
3281 3407 3566 3462 occasione

2004 3508 2255 3561 affectum
2308 3522 2365 3560 se
2406 3506 2644 3560 ostendit
2699 3520 2823 3574 erga
2879 3504 2965 3556 illa
3025 3518 3143 3571 quze
3202 3500 3564 3561 commendat,

2005 3600 2138 3652 nihil
2183 3598 2271 3651 ille
2316 3614 2424 3651 non
2477 3596 2730 3651 eﬁectum
2780 3596 2927 3650 dabit
2977 3603 3033 3647 ut
3074 3594 3308 3663 primum
3354 3592 3567 3645 occasio

2000 3692 2145 3760 jusm
2179 3689 2446 3743 inciderit.

2074 3804 2161 3856 51.
2188 3803 2364 3855 Mores
2398 3802 2702 3871 principum
2750 3802 2880 3871 legis
2913 3803 3029 3857 vice
3060 3811 3183 3855 sunt
3210 3800 3348 3867 apud
3381 3800 3567 3853 subdi-

2005 3907 2105 3955 tos,
2169 3898 2423 3965 quocirca
2473 3912 2594 3949 cunt
2649 3896 2963 3963 delinquant
3022 3896 3291 3958 homines,
3347 3908 3563 3946 causam

2004 3986 2257 4055 rejiciunt
2288 3986 2341 4039 in
2372 3986 2747 4055 imperantem.
2779 3984 2895 4049 Quo
2925 3996 2975 4038 te
2996 4000 3123 4053 ergo
3170 3999 3309 4036 nexu
3353 3983 3566 4035 obstri-

2003 4089 2147 4130 ctum
2188 4078 2357 4131 teneri
2401 4087 2575 4146 pntas,
2602 4086 2659 4129 ut
2698 4076 2842 4130 omni
2871 4091 2972 4146 ope
2998 4090 3266 4143 operaque
3309 4074 3562 4127 virtutem

2005 4172 2169 4233 colas,
2204 4179 2257 4223 et
2287 4170 2446 4223 bonis
2471 4170 2626 4223 factis
2648 4169 2870 4240 agendis
2902 4165 3185 4237 invigiles?

2073 4282 2160 4336 52.
2206 4282 2485 4336 Actionem
2527 4296 2903 4350 quamcunque
2954 4279 3235 4333 consilium
3271 4278 3558 4347 praecedat.

2006 4374 2144 4427 Sunt
2172 4373 2313 4428 enim
2346 4373 2563 4427 lubrica
2588 4383 2642 4426 et
2666 4373 3002 4441 periculos-.2,
3041 4386 3160 4439 quae
3187 4371 3304 4423 sine
3334 4370 3561 4423 consilio

2004 4475 2347 4536 peraguntur.
2400 4465 2554 4531 Quod
2593 4466 2637 4519 si
2664 4466 2791 4534 quid
2841 4464 2979 4518 forte
3023 4463 3345 4518 successerit
3400 4462 3559 4526 bene,

352 4544 567 4614 μισθείη
604 4545 824 4613 μᾶλλον,
855 4544 889 4613 ἢ
916 4548 1014 4613 τῆς
1043 4546 1135 4597 τοῦ
1170 4544 1424 4606 πολλάκις
1458 4544 1899 4614 παρασφαλέντος
1932 4542 1976 4597 D
2005 4577 2029 4612 η

1882 4542 2105 4614 FDnec
2164 4559 2380 4628 quidem
2430 4560 2625 4627 injuria
2682 4559 2898 4611 aliunde
2963 4558 3273 4611 censebitur
3315 4558 3559 4610 evenisse

347 4638 522 4707 ὁρμῆς
545 4636 639 4689 καὶ
664 4634 1031 4705 περιπετείας.

418 4864 518 4923 νγ’.
551 4857 728 4924 ’Ἀπερ
758 4858 935 4925 χεῖρες
964 4855 1193 4916 πολλῶν,
1226 4855 1319 4905 καὶ
1345 4853 1623 4915 πολλάκις,
1659 4852 1756 4903 οὐκ
1788 4854 1901 4919 εἰρ-

348 4951 601 5018 γάσαντο,
634 4947 802 5000 ταῦτα
832 4946 991 5016 βουλὴ
1024 4946 1120 5015 μία
1144 4946 1239 4998 καί
1270 4945 1484 5013 ἐφάπαξ
1508 4943 1896 5014 κατεπράξατο.

348 5039 427 5092 Δι’
457 5039 486 5091 ὃ
511 5037 791 5091 εὐϐουλίαν
824 5036 1063 5104 προτίμα
1095 5034 1459 5104 πολυχειρίας.

419 5236 511 5293 νδ⁴.
566 5238 823 5307 Προνοίας
876 5239 1163 5307 ἐπίκουρος
1224 5239 1257 5308 ὴ
1319 5240 1592 5307 μετάνοια,
1640 5239 1675 5292 ἃ
1729 5238 1902 5290 τοίνυν

349 5328 565 5393 ἐκείνην
597 5328 804 5381 διέλαθε
844 5330 933 5381 καὶ
965 5329 1256 5393 ἐκπίπτει,
1286 5328 1420 5399 αὕτη
1444 5329 1613 5382 ταῦτα
1647 5331 1901 5381 ἐπανελη-

356 5418 490 5487 μένη
515 5419 842 5488 διορθούσθω
873 5422 965 5473 καὶ
987 5421 1310 5483 διασωζέτω.

424 5540 514 5587 νε’.
560 5534 617 5585 '0
648 5534 858 5601 φθόνος,
887 5535 1033 5606 πάσῃ
1062 5536 1157 5605 μὲν
1185 5536 1326 5605 ψυχῇ
1358 5534 1564 5605 μεγάλη
1590 5534 1740 5597 νόσος
1763 5550 1777 5564 ⁸
1805 5553 1900 5603 με-

352 5626 511 5696 γίστη
536 5626 613 5689 δέ,
650 5627 878 5696 μάλιστα
907 5629 1018 5690 τοῖς
1048 5631 1104 5681 ἐν
1128 5629 1361 5698 ἐξουσίᾳ.
1409 5629 1639 5697 Ἀνάγκη
1675 5630 1799 5697 γὰρ,
1825 5623 1904 5690 οἷς

356 5721 633 5786 συνεργοῖς
669 5719 849 5787 μέλλει
880 5721 1113 5790 χρῆσθαι
1145 5722 1237 5775 καὶ
1268 5721 1380 5788 βίου
1416 5722 1509 5772 καὶ
1538 5720 1739 5782 πόλεως
1772 5722 1902 5789 πρὸς

353 5811 715 5882 εὐδαιμονίαν,
745 5816 965 5875 τούτους
995 5814 1123 5882 ὁρᾷν
1146 5814 1219 5876 ὡς
1250 5813 1490 5884 ἐχθροὺς,
1521 5815 1605 5868 διὰ
1632 5814 1727 5885 τὴν
1758 5812 1902 5866 ἐ·ιοῦ-

2009 4652 2185 4719 potius
2227 4667 2384 4719 quam
2431 4651 2498 4704 ab
2525 4651 2726 4719 impetu
2758 4660 2812 4704 et
2833 4650 3053 4703 fortuita
3083 4650 3201 4717 ejus
3246 4648 3563 4717 operatione

2005 4740 2094 4809 qui
2118 4741 2433 4808 plerumque
2467 4739 2602 4792 solet
2622 4739 2895 4791 aberrare.

2073 4853 2157 4905 55.
2202 4850 2333 4915 Quae
2378 4852 2669 4904 multorum
2720 4850 2990 4911 manibus,
3038 4856 3092 4900 et
3128 4848 3388 4900 continuo
3428 4861 3561 4914 ope-

2004 4945 2265 5004 rantibus,
2296 4944 2432 4997 haud
2464 4943 2835 5012 perficiuntur,
2868 4941 2953 4993 illa
2971 4939 3130 4992 unico
3147 4939 3369 4991 consilio
3397 4939 3557 4992 unius

2002 5048 2057 5091 et
2099 5037 2265 5091 semel
2300 5044 2417 5088 actu
2464 5043 2716 5087 eventum
2752 5033 3069 5087 sortiuntur.
3116 5031 3298 5098 Itaque
3348 5040 3563 5083 rectum

2002 5127 2286 5180 consilium
2326 5124 2612 5178 multorum
2638 5123 2884 5177 manibus
2912 5121 3231 5191 pratuleris.

2072 5241 2159 5293 54.
2201 5238 2506 5307 Adjuvassit
2549 5238 2864 5307 paenitentia
2900 5237 3311 5305 providentiam.
3360 5236 3554 5303 Siqua:

2004 5330 2161 5400 igitur
2191 5332 2336 5383 illum
2366 5329 2618 5383 latuerint
2653 5338 2706 5383 et
2731 5330 3035 5400 effugerint,
3069 5329 3181 5383 haec
3204 5337 3470 5397 resumpta
3503 5336 3559 5381 et

2003 5420 2278 5473 recollecta
2310 5418 2562 5473 resarciat
2591 5430 2641 5472 et
2670 5428 2969 5472 conservet.

2073 5538 2160 5591 55.
2211 5536 2303 5588 Est
2330 5535 2531 5587 invidia
2578 5533 2945 5602 cujuscunque
2981 5534 3172 5587 anima:
3215 5533 3433 5586 morbus
3469 5532 3555 5585 in-

2004 5645 2153 5700 gens,
2185 5627 2277 5681 sed
2316 5643 2425 5695 pra:
2458 5627 2574 5679 aliis
2606 5627 2703 5679 viri
2742 5642 2863 5680 cmn
2894 5628 3196 5695 principatu
3222 5625 3558 5679 exsistentis.

2005 5718 2233 5773 Necesse
2275 5720 2418 5772 enim
2464 5719 2621 5771 habet
2650 5718 2764 5772 illos
2811 5728 3060 5786 tanquam
3106 5719 3288 5771 hostes
3336 5717 3553 5778 intueri,

2006 5820 2220 5881 propter
2259 5810 2493 5864 innatam
2534 5811 2660 5879 ipsis
2688 5811 2957 5875 virtutem,
3000 5820 3053 5864 et
3083 5824 3143 5864 cx
3173 5808 3383 5864 insidiis
3409 5809 3558 5861 velut
