4248 6444
666 400 773 464 675

1793 382 1988 444 ΡΗοΤ
1993 382 2052 443 Il
2089 375 2589 442 ΡΑΤΒΙΑΗΕΗ.¹Ε
2625 374 2731 436 CP.

3785 357 3894 422 676

672 521 852 571 hostes
896 509 1115 572 adoriri,
1153 522 1287 577 quos
1317 505 1427 559 vult
1455 515 1510 557 et
1537 505 1693 558 debet
1744 503 2001 557 adhibere
2038 514 2233 569 coepe-
2257 502 2305 559 A
2332 517 2349 552 c

2217 527 2233 537 -
2257 502 2305 559 A
2332 517 2431 552 σαν
2461 498 2681 567 ἀρετὴν,
2718 494 2810 546 καὶ
2848 489 3215 544 ἐπιϐουλεύειν
3264 487 3339 548 di;
3390 483 3690 554 πολεμίοις.
3728 476 3802 534 03
3840 481 3894 532 τί

671 617 853 661 rantes
906 603 973 657 ad
1022 618 1171 655 suam
1216 598 1385 668 ipsius
1431 608 1485 650 et
1552 595 1857 665 reipublicae
1925 593 2231 647 felicitatem
2330 590 2348 642 ί

1750 595 1857 649 lica:
1925 593 2231 647 felicitatem
2330 590 2396 642 ἂν
2423 589 2506 658 εἴη
2528 582 2910 657 ὁλεθριιέπερον
2941 582 2974 652 ἢ
2997 580 3427 650 ἀφρονέστερον;

670 693 1123 753 constituendam.
1172 688 1287 755 Quo
1335 688 1551 758 quidem
1597 686 1732 740 nihil
1763 686 1844 740 vel
1875 682 2235 755 perniciosius

672 788 754 842 vel
783 785 1002 840 stultius
1030 797 1153 836 esse
1176 788 1361 849 queat.

743 880 832 934 56.
880 882 939 933 ln
992 886 1249 947 quantum
1294 872 1506 927 vitanda
1545 882 1628 927 est
1660 873 1877 937 invidia,
1930 873 1986 925 in
2028 880 2235 924 tantum

2404 867 2512 926 νς’.
2536 861 2700 913 Ὅσον
2734 860 2788 912 δὲ
2816 859 2894 911 δεῖ
2918 859 3108 926 φυγεῖν
3132 855 3194 907 τὸ
3223 855 3435 925 φθονεῖν
3464 895 3478 917 ,
3510 850 3761 904 τοσοῦτον
3820 849 3903 902 δι·-

673 972 1024 1026 annitendum
1057 980 1115 1023 ut
1144 968 1500 1021 invideamur.
1544 967 1609 1018 Et
1642 966 1742 1019 huc
1778 964 2041 1033 imprimis
2086 965 2237 1033 prin-
2334 975 2350 1008 ι

2223 992 2237 1003 -
2334 956 2495 1009 ώκειν
2514 953 2573 1005 τὸ
2597 952 2898 1021 φθονεῖσθαι
2923 952 3131 1020 (29).Ἀ
3142 949 3391 1021 ρχοντιδὲ
3418 948 3648 1018 μάλιστα
3677 943 3900 1013 πρέπει,

675 1064 777 1133 cipi
818 1063 1092 1125 convenit,
1146 1075 1303 1127 quem
1352 1074 1459 1111 non
1486 1070 1569 1111 est
1596 1058 1831 1126 proclive
1890 1057 2162 1111 malevolis
2182 1064 2240 1110 ut

676 1155 890 1210 lzedant.
946 1153 1098 1218 Quod
1147 1153 1191 1205 si
1254 1162 1432 1205 autem
1480 1149 1883 1219 comprimenda
1927 1150 1996 1202 sit
2045 1148 2240 1202 invidia

676 1255 781 1312 (est
809 1246 949 1298 enim
980 1244 1152 1297 bellua
1183 1243 1359 1296 audax
1389 1242 1652 1312 imprimis
1683 1248 1735 1294 et
1765 1241 2110 1310 versipellis),
2144 1240 2243 1293 im-

678 1340 982 1407 pressiones
1042 1337 1161 1405 ejus
1227 1336 1444 1389 eludere
1521 1342 1752 1402 oportet,
1816 1348 1921 1387 non
1988 1332 2241 1386 virtutem

680 1430 992 1492 minuendo,
1064 1427 1158 1481 sed
1218 1427 1588 1480 moderatione
1667 1426 1990 1488 animorum,
2041 1434 2095 1477 et
2149 1438 2245 1492 per

679 1522 962 1589 quamdam
1014 1520 1429 1573 diminutionem
1486 1518 2015 1584 subtractionemque
2064 1524 2246 1569 osten-

682 1616 829 1666 tandi
877 1622 1213 1682 potestatem,
1268 1622 1320 1665 et
1349 1609 1655 1664 declarandi
1708 1607 2143 1676 superioritatem
2191 1605 2245 1658 in

684 1708 845 1757 rebus
876 1721 983 1757 non
1023 1703 1185 1756 nimis
1213 1702 1554 1756 necessariis.

753 1816 987 1869 57.Cum
1008 1816 1223 1868 sibimet
1250 1814 1346 1882 ipsi
1381 1812 1501 1882 quis
1532 1811 1894 1880 imperaverit,
1916 1817 2025 1863 tum
2053 1826 2110 1864 se
2137 1809 2250 1863 suis
2283 1848 2323 1904 Β

681 1909 913 1961 subditis
967 1910 1231 1974 imperare
1268 1916 1419 1973 putet
1444 1920 1566 1957 cum
1590 1904 1807 1958 elIectu.
1864 1902 1963 1955 Ubi
1999 1901 2143 1955 enim
2175 1903 2248 1955 illi

686 1999 921 2049 viderint
950 2012 1072 2050 eum
1100 1996 1189 2064 qui
1223 1995 1352 2063 ipsis
1382 2004 1592 2062 prmest,
1631 1993 1913 2047 all'ectibus
1944 1992 2055 2046 suis
2078 1992 2249 2061 impe-

687 2100 917 2149 ratttem,
972 2087 1340 2155 voluptatibus
1399 2087 1785 2150 dominantem,
1835 2086 2062 2138 libenter
2106 2100 2162 2138 se
2201 2095 2254 2138 et

685 2196 809 2231 cum
857 2179 1127 2231 desiderio
1192 2177 1482 2244 subjicient
1546 2176 1773 2246 imperio
1834 2176 2159 2245 ejuszquod
2208 2174 2254 2230 si

689 2273 1052 2339 voluptatibus
1108 2282 1162 2324 et
1214 2270 1497 2323 alfectibus
1559 2270 1671 2323 suis
1721 2269 1925 2323 servire
1976 2267 2253 2333 viderint,

690 2380 846 2418 servo
876 2365 1095 2417 subesse
1126 2378 1232 2416 non
1276 2363 1571 2431 patientur.

763 2469 849 2520 58.
878 2467 1119 2520 Judicem
1151 2467 1300 2519 illum
1335 2467 1597 2534 optimum
1656 2467 1939 2530 arbitrare,
1987 2465 2259 2535 quijusti-

694 2559 781 2609 tim
832 2567 1079 2609 naturam
1103 2566 1157 2609 et
1184 2555 1551 2609 conditionem
1589 2556 1871 2608 celerrime
1911 2556 2055 2608 valet
2082 2555 2264 2607 animo

695 2648 1128 2716 apprehendere,
1184 2655 1239 2699 et
1295 2646 1617 2699 intellectam
1671 2647 1859 2700 ordine
1918 2647 2164 2715 producit
2210 2646 2263 2697 in

697 2749 981 2805 apertum;
1028 2737 1119 2804 qui
1162 2736 1305 2789 celer
1324 2735 1389 2789 ad
1418 2736 1790 2804 opitulandum
1828 2736 2033 2789 accedit
2074 2735 2265 2803 injuria

698 2829 928 2891 allectis,
977 2829 1359 2896 delinquentes
1403 2828 1610 2882 tardius
1652 2828 1842 2898 punit;
1874 2828 1963 2895 qui
1997 2843 2104 2880 non
2145 2842 2268 2879 cor-

705 2920 972 2988 rumpitur
1015 2935 1168 2982 auro,
1217 2933 1320 2971 nec
1366 2918 1581 2971 inﬂatur
1626 2927 1929 2987 potestate;
1961 2918 2052 2986 qui
2106 2918 2273 2970 vincit

705 3009 1061 3073 iracundiam,
1102 3024 1200 3061 nec
1228 3008 1515 3061 clementia
1540 3007 1800 3069 vincitur;
1832 3006 1921 3076 qui
1959 3005 2272 3059 ailinitatem

705 3102 894 3163 solam,
951 3100 1263 3163 amicitiam,
1336 3101 1647 3169 pepularem
1707 3114 1894 3153 auram
1948 3115 2058 3153 non
2118 3101 2275 3152 aliter

2339 1046 2383 1116 ᾧ
2422 1046 2547 1118 μηδ’
2579 1046 2636 1112 ἐξ
2677 1047 2888 1114 ἑτοίμου
2928 1046 2962 1114 ἡ
3003 1044 3111 1096 ἀπὸ
3145 1042 3252 1094 τῶν
3293 1040 3628 1107 φθονούντων
3670 1039 3905 1105 φέρεται

2341 1143 2527 1213 βλάϐη,
2563 1141 2625 1193 El
2646 1140 2725 1191 δεῖ
2748 1139 2803 1190 δὲ
2833 1139 2979 1207 ὅμως
3006 1136 3095 1189 τὸν
3128 1137 3316 1205 φθόνον
3364 1130 3734 1202 περιστέλλειν
3757 1142 3776 1197 ι
3802 1144 3905 1177 πο-

2339 1234 2647 1303 λυμήχανον
2674 1230 2782 1300 γὰρ
2808 1231 2899 1281 καὶ
2932 1229 3237 1297 πάντολμον
3267 1227 3327 1278 τὸ
3361 1225 3591 1296 θηρίον),
3641 1223 3739 1274 οὑκ
3770 1222 3907 1290 ἀρε-

2342 1330 2441 1397 τῆς
2470 1326 2780 1387 ἐλαττώσει,
2810 1326 3119 1394 μετριότητι
3147 1323 3203 1376 δὲ
3227 1324 3592 1391 φρονήματος,
3624 1318 3717 1369 καὶ
3743 1318 3910 1383 ἀφαι-

2345 1422 2490 1493 ρέσει
2522 1423 2615 1473 κα)⁵
2648 1420 2915 1489 περικοπῇ
2946 1418 3045 1486 τῆς
3087 1418 3143 1469 ὲν
3171 1417 3282 1474 τοῖς
3306 1417 3405 1466 οὐκ
3435 1412 3754 1479 ἀναγκαίοις
3782 1411 3908 1460 ἐπι-

2344 1514 2558 1577 δείξεως
2584 1513 2677 1565 καὶ
2705 1508 3017 1573 πλεονεξίας
3035 1550 3052 1575 ,
3084 1507 3183 1571 τὰς
3214 1506 3378 1561 αὐτοῦ
3413 1505 3626 1575 βολίδας
3651 1502 3910 1571 διακρου-

2349 1606 2521 1658 στέον.

2420 1796 2517 1862 νζ.
2559 1798 2725 1850 Ὀταν
2762 1813 2845 1859 τις
2886 1795 3028 1866 ἄρχῃ
3068 1791 3285 1856 ἑαυτοῦ,
3325 1790 3446 1843 τότε
3496 1788 3762 1852 νομιζέτω
3816 1788 3915 1840 καὶ

2350 1890 2457 1942 τῶν
2498 1889 2751 1959 ὑπηκόων
2791 1891 2976 1957 ἄρχειν
3020 1886 3252 1953 ἀληθῶς.
3284 1886 3452 1936 Ὅταν
3488 1883 3596 1951 γάρ
3631 1882 3779 1933 ἴδωσι
3819 1880 3913 1959 τὸν

2350 1984 2686 2052 ἐφεστηκότα
2721 1981 2954 2050 ἄρχοντα
2992 1979 3177 2033 παθῶν
3221 1980 3315 2032 καὶ
3356 1975 3658 2048 κρατοῦντα
3689 1974 3910 2043 ἡδονῶν,

2350 2076 2466 2126 τότε
2498 2074 2647 2141 πόθῳ
2672 2076 2765 2125 καὶ
2790 2073 3002 2134 ἑκόντες
3038 2072 3129 2123 καὶ
3168 2072 3318 2124 αὐτοὶ
3352 2070 3787 2138 ύποταγήσονται
3808 2084 3823 2097 ο
3848 2066 3917 2119 ἂν

2352 2166 2407 2218 δὲ
2448 2164 2771 2234 ἀνδράποδον
2804 2164 2983 2216 ῐδωσιν
3022 2163 3211 2232 ἡδονῆς
3245 2161 3335 2213 καὶ
3384 2160 3573 2214 παθῶν
3597 2200 3612 2224 ,
3639 2159 3919 2229 ἀφόρητον

2354 2259 2647 2329 ἡγήσονται
2675 2256 2988 2327 ἀνδραπόδῳ
3022 2255 3291 2308 δουλεύειν
3321 2254 3494 2307 αὐτοί.

2427 2460 2527 2522 νη’.
2560 2454 2814 2520 Ἀριστον
2850 2451 3037 2521 νόμιζε
3079 2450 3337 2518 δικαστὴν
3364 2490 3377 2513 ,
3409 2448 3467 2510 ὃς
3504 2449 3658 2517 τάχει
3705 2455 3803 2517 μὲν
3829 2447 3922 2499 λο-

2360 2545 2573 2613 γισμῶν
2611 2545 2708 2614 τὴν
2739 2543 2831 2595 τοῦ
2860 2543 3066 2595 δικαίου
3099 2542 3262 2611 φύσιν
3297 2539 3537 2611 θηρεύει,
3570 2540 3843 2610 θηρεύσας
3868 2541 3925 2592 δὲ

2366 2640 2460 2691 σὺν
2498 2637 2747 2707 ὀρθότητι
2786 2636 3037 2705 προάγει’
3083 2636 3177 2687 καὶ
3210 2634 3418 2704 πρᾶξαι
3465 2635 3561 2703 μὲν
3601 2633 3784 2687 ἄνεσιν
3813 2636 3927 2695 τοῖς

2365 2728 2734 2798 ἀδικουμένοις
2764 2728 2907 2793 ὀξὺς,
2949 2728 3143 2796 βραδὺς
3172 2727 3227 2779 δὲ
3270 2726 3498 2778 κολάσαι
3525 2727 3650 2788 τοὺς
3682 2727 3930 2795 ἁμαρτά-

2367 2840 2551 2883 νοντας
2580 2838 2594 2852 ο
2626 2824 2715 2874 καὶ
2746 2821 3007 2891 κρείττων
3058 2822 3154 2890 μὲν
3186 2819 3431 2889 χρυσίου,
3464 2819 3563 2870 οὐκ
3601 2818 3837 2871 ἐλάττων
3872 2818 3929 2871 δὲ

2369 2916 2711 2976 δυναστείαςο
2745 2916 2840 2966 καὶ
2872 2915 3087 2983 κρατῶν
3134 2915 3233 2983 μὲν
3270 2914 3460 2983 ὀργῆς,
3492 2914 3589 2982 οὐχ
3618 2914 3930 2982 ἡττώμενος

2369 3008 2425 3059 δὲ
2455 3008 2780 3077 συμπαθείᾳ·
2819 3011 2911 3060 καὶ
2941 3009 3105 3077 μόνην
3136 3009 3232 3077 μὲν
3265 3007 3591 3075 συγγένειαν
3626 3006 3719 3057 καὶ
3744 3004 3932 3072 φιλίαν

2376 3104 2467 3153 καὶ
2502 3101 2658 3165 δόξαν
2694 3097 2854 3164 οἶδεν,
2902 3103 2959 3152 ὲν
2996 3099 3071 3169 τῷ
3107 3096 3384 3163 δικάζειν,
3426 3097 3523 3167 τὴν
3564 3098 3930 3165 δικαιοσύνην·

706 3192 945 3259 agnoscit
989 3205 1148 3259 quam
1180 3206 1303 3244 cum
1327 3191 1529 3259 iustitia
1556 3190 1867 3259 iudicando,
1901 3191 2073 3244 solum
2126 3192 2270 3260 inju-
2296 3197 2340 3257 (ζ
2374 3211 2383 3263 ι

2255 3220 2270 3232 -
2296 3197 2340 3257 C
2374 3194 2537 3263 μόνην
2566 3193 2620 3243 δὲ
2662 3191 3011 3260 ἀλλοτρίωσιν
3045 3190 3137 3241 καὶ
3180 3189 3380 3259 ἔχθραν
3413 3188 3507 3241 καὶ
3548 3187 3760 3252 ἀδοξίαν
3782 3229 3797 3255 ,
3830 3189 3932 3258 τὴν

707 3283 908 3335 ςιὶιίοηι
938 3299 967 3334 a
996 3297 1053 3334 se
1095 3281 1346 3345 alienam,
1394 3280 1664 3335 inimicam
1713 3281 1815 3334 sibi
1850 3291 1905 3335 et
1952 3282 2271 3352 ignominio-

709 3389 822 3424 sam
854 3373 1165 3425 arbitratur.

784 3487 869 3539 59.
909 3486 1043 3554 Erga
1074 3496 1328 3556 cognatos
1355 3495 1408 3539 et
1441 3485 1628 3539 allines
1687 3486 1796 3538 noli
1828 3502 1945 3541 esse
1971 3486 2273 3541 abalienato

712 3578 912 3640 animo,
952 3578 1051 3630 levi
1075 3578 1139 3630 de
1171 3594 1333 3630 causa
1360 3587 1413 3631 et
1446 3579 1667 3631 incerta.
1695 3577 1825 3631 Nam
1852 3587 2121 3647 utcunque
2146 3579 2275 3631 sub-

712 3686 832 3723 esse
895 3679 1117 3736 possunt
1159 3671 1386 3721 latentes
1430 3684 1606 3722 causai
1657 3684 1775 3737 qme
1844 3670 1965 3737 jure
2019 3679 2276 3722 excusent

714 3761 1097 3824 abalienatum,
1132 3761 1205 3813 illi
1236 3771 1413 3813 tamen
1436 3762 1633 3828 quibus
1672 3770 1798 3814 sunt
1823 3761 2127 3832 incognitae,
2167 3779 2273 3815 non

716 3853 768 3904 in
799 3852 914 3905 illos
944 3853 1235 3919 conjicient
1276 3852 1490 3919 culpam
1536 3851 1968 3915 abalienationis,
2006 3854 2098 3907 sed
2128 3862 2271 3906 tuam

715 3943 1045 3996 accusabunt
1114 3942 1336 3995 omnino
1392 3942 1659 3994 levitatem
1701 3952 1755 3995 et
1802 3942 1995 3996 mentis
2052 3944 2277 3997 inﬁrmi-

720 4042 904 4087 tatem.

789 4146 876 4201 60.
923 4145 1224 4214 Principem
1270 4160 1377 4197 non
1419 4154 1524 4197 tam
1566 4145 1760 4198 excolit
1802 4146 1972 4200 virtus
2010 4146 2194 4201 bellica
2222 4158 2276 4202 et

721 4237 925 4291 salvum
958 4246 1194 4306 praestat,
1223 4251 1382 4303 quam
1407 4236 1707 4305 benignitas
1736 4246 1790 4290 et
1816 4238 1933 4305 pius
1975 4238 2025 4290 in
2060 4253 2276 4306 compa-

723 4329 910 4382 triotas
954 4327 1193 4379 allectus.
1244 4324 1411 4380 Multi.
1460 4326 1619 4378 rebus
1650 4326 1852 4379 bellicis
1895 4327 2151 4395 praeclare
2174 4328 2272 4380 ad-

732 4419 1067 4481 ministratis,
1113 4417 1259 4471 domi
1299 4426 1518 4486 propter
1570 4418 1943 4470 truculentiam
1993 4434 2090 4487 per
2149 4434 2275 4472 suos

2371 3286 2601 3338 ἀδικίαν.

2442 3478 2539 3530 νϐ’.
2574 3477 2751 3545 Μηδὲν
2776 3476 2873 3545 τῆς
2902 3476 3038 3546 πρὸς
3067 3476 3128 3528 τὸ
3157 3475 3423 3547 ὁμόφυλον
3458 3477 3748 3539 διαθέσεως
3778 3480 3937 3549 εὐχε-

2375 3570 2481 3639 ρῶς
2511 3570 2602 3621 καὶ
2632 3572 2795 3638 χωρὶς
2826 3571 3097 3639 ἐμφανοῦς
3124 3571 3301 3633 αἰτίας
3337 3571 3705 3640 μεταϐάλλοις.
3735 3574 3799 3624 Εἰ
3825 3576 3935 3643 γὰρ

2373 3666 2464 3715 καὶ
2492 3663 2954 3717 ύπολανθάνουσαι
2984 3665 3112 3733 παρ’
3140 3666 3317 3719 αὐτῶν
3348 3669 3518 3720 αίτίαι
3538 3668 3633 3737 τὴν
3668 3669 3803 3735 πρὸς
3831 3670 3932 3721 αὑ-

2372 3754 2495 3813 τοὺς
2526 3752 2823 3824 μεταϐολὴν
2850 3753 3067 3805 δικαίαν
3097 3756 3360 3820 ποιοῦσιν,
3387 3757 3502 3809 ἀλλ’
3536 3756 3628 3810 οὖν
3649 3760 3697 3809 οί
3729 3758 3935 3821 ταύτας

2376 3845 2449 3911 μὴ
2483 3843 2844 3913 συνορῶντες,
2876 3845 2974 3897 οὐκ
3029 3846 3268 3908 ἐκείνους
3312 3849 3639 3900 αἰτιάσονται
3686 3852 3783 3919 τῆς
3834 3852 3934 3922 σῆς

2374 3934 2500 4004 περὶ
2530 3936 2722 3998 αὐτοὺς
2762 3936 3125 4002 ἀλλοιώσεως,
3171 3939 3261 3991 σοῦ
3292 3939 3338 3992 δ’
3365 3940 3674 4011 ἀρρωστίαν
3713 3943 3808 3994 καὶ
3839 3944 3932 3994 εύ-

2372 4026 2589 4098 χέρειαν
2612 4032 3042 4099 κατηγορήσουσι
3065 4032 3309 4100 γνώμης.

2444 4138 2505 4203 ξ’.
2542 4141 2650 4209 Οὐχ
2680 4141 2849 4202 οὕτως
2886 4144 2918 4211 ἡ
2952 4145 3007 4195 ἐν
3048 4143 3269 4213 πολέμῳ
3314 4146 3531 4214 ἀνδρεία
3569 4148 3661 4199 τὸν
3695 4148 3934 4218 ἄρχοντα

2373 4235 2568 4300 κοσμεῖ
2618 4234 2709 4284 καὶ
2742 4234 2936 4297 σώζει,
2970 4234 3046 4297 ώς
3078 4237 3110 4307 ἡ
3158 4237 3293 4306 πρὸς
3338 4240 3461 4300 τοὺς
3496 4238 3798 4308 ὁμοφύλους
3839 4245 3934 4295 εύ-

2378 4323 2561 4391 μένεια
2592 4325 2684 4376 καὶ
2714 4325 3107 4393 φιλανθρωπία.
3144 4328 3332 4381 Πολλοὶ
3363 4329 3470 4396 γὰρ
3500 4329 3771 4400 πολεμίων
3799 4350 3935 4400 κρα-

2373 4417 2669 4485 τήσαντες,
2704 4417 2808 4470 ὑπὸ
2846 4418 2954 4469 τῶν
2984 4420 3198 4471 οἰκείων
3242 4419 3309 4471 δι’
3347 4420 3605 4489 ὠμότητα
3644 4421 3937 4493 διεφθάρη-

726 4508 1067 4568 interierunt,
1107 4505 1258 4558 multi
1299 4520 1392 4572 per
1419 4520 1546 4557 suos
1583 4505 1777 4558 servati
1806 4505 2098 4571 redierunt,
2138 4522 2272 4575 quos
2297 4531 2349 4589 D
2377 4524 2403 4557 σ

2257 4523 2272 4560 s
2297 4531 2349 4589 D
2377 4524 2474 4558 σαν
2497 4523 2509 4535 ’
2543 4510 2637 4560 καὶ
2666 4509 2851 4561 πολλοὶ
2881 4510 3031 4579 παρά
3064 4511 3257 4581 μικρὸν
3284 4511 3485 4565 ἀλῶναι
3514 4512 3791 4581 πολεμίοις
3818 4532 3934 4565 κιν-

727 4602 862 4653 bene
890 4600 1128 4668 captivos
1160 4598 1402 4651 fecerunt
1430 4598 1649 4651 hostiles
1683 4596 1871 4666 copiae,
1923 4613 2099 4666 neque
2124 4601 2269 4654 enim

726 4699 887 4741 vitam
914 4690 985 4741 illi
1014 4704 1165 4741 suam
1196 4686 1451 4757 principis
1472 4688 1625 4741 saluti
1654 4689 2023 4756 praetulerunt.

799 4888 884 4942 6|.
927 4889 1047 4941 lllos
1099 4896 1310 4955 oportet
1375 4902 1497 4940 cum
1559 4888 1871 4958 magistratu
1933 4893 2278 4959 constituere,

730 4981 820 5048 qui
872 4980 1125 5031 virtutum
1168 4979 1407 5030 omnium
1439 4978 1591 5046 copia
1632 4980 1971 5034 instruuntur
2002 4999 2014 5034 :
2044 4984 2187 5052 quod
2237 4985 2280 5038 si

730 5087 839 5123 non
862 5070 1007 5123 omni
1040 5069 1261 5129 virtute,
1286 5067 1493 5136 justitia
1520 5071 1707 5125 saltem
1737 5073 2089 5127 instruantur.
2110 5073 2281 5139 Quid-

2373 4598 2758 4664 δυνεύσαντες,
2793 4601 2897 4651 ὑπὸ
2934 4602 3039 4653 τῶν
3086 4602 3371 4670 ὁμοφύλων
3418 4601 3785 4669 διεσώθησαν,
3822 4604 3936 4655 οὐδ’

2375 4690 2506 4741 αὐτὸ
2535 4690 2595 4741 τὸ
2634 4690 2730 4760 ζῇν
2760 4692 2896 4760 ὑπὲρ
2926 4692 3023 4761 τῆς
3060 4693 3330 4762 σωτηρίας
3359 4694 3810 4762 προτιμησάντων
3840 4695 3935 4746 τοῦ

2376 4780 2651 4851 ἄρχοντος.

2448 4894 2550 4959 ξα’.
2587 4895 2883 4963 Ἀρχοντας
2911 4896 2991 4948 δεῖ
3017 4896 3370 4962 καθιστάναι,
3411 4897 3647 4966 μάλιστα
3671 4901 3683 4943 ἶ
3695 4897 3795 4966 μὲν
3828 4899 3935 4948 πά-

2378 5003 2498 5048 σαις
2526 4985 2881 5050 πλουτοῦντας
2908 4991 3025 5052 ταῖς
3057 4990 3298 5059 ἀρεταῖς
3332 4992 3380 5041 εί
3407 4991 3463 5043 δὲ
3498 4991 3593 5061 μὴ,
3626 4991 3846 5053 πάντως
3873 5007 3935 5057 γε

2375 5079 2762 5142 δικαιοτάτους.
2792 5081 2896 5132 Καὶ
2918 5082 3025 5152 γὰρ
3071 5082 3107 5136 ἃ.
3127 5086 3235 5145 τοῖς
3260 5083 3488 5153 ἄρχουσι
3514 5086 3936 5156 παρανομεῖται,

2234 5273 2461 5330 NOTAE.

806 5454 914 5521 (‘29)
958 5454 1024 5507 Τὸ
1046 5453 1411 5523 φθονεῖσθαι.
1443 5449 1555 5505 Hoc
1582 5460 1681 5514 est,
1716 5466 1775 5503 ea
1807 5468 1982 5521 agere,
2029 5469 2146 5523 quae
2178 5472 2279 5511 nec

733 5521 934 5587 odium,
980 5521 1077 5577 nec
1105 5523 1523 5587 miserationem,
1557 5525 1647 5576 sed
1679 5522 1934 5576 invidiam
1965 5521 2274 5593 procurant,

739 5594 985 5645 nimirum
1011 5610 1095 5648 res
1121 5594 1383 5662 praeclara:
1405 5602 1456 5645 et
1479 5594 1726 5662 illustres.
1758 5594 1864 5645 Καὶ
1884 5594 1993 5661 γάρ
2026 5609 2107 5643 τοι
2129 5596 2276 5657 ὅστις

736 5665 939 5718 τούτοις
971 5661 1170 5726 φθονεῖ,
1198 5664 1370 5730 inquit
1419 5664 1618 5729 Lysias,
1651 5661 1741 5721 οὓς
1778 5664 1827 5713 οί
1858 5662 2002 5715 ἄλλοι
2048 5662 2273 5727 ἐλεοῦσι,

738 5733 877 5805 τίνος
924 5733 987 5784 ἂν
1030 5735 1152 5801 ὑμῖν
1198 5736 1239 5784 οἱ
1274 5732 1501 5805 τοιοῦτοι
1552 5734 1882 5805 ἀποσχέσθαι
1912 5734 2059 5786 δοκεῖ
2109 5751 2274 5805 πονη-

736 5802 889 5867 ρὶαςς
920 5806 1169 5873 Apposite
1202 5804 1400 5857 Statius
1436 5802 1716 5871 Papinius,

2451 5459 2699 5537 Quisnam
2730 5463 2989 5537 impacata
3024 5471 3470 5537 consanguinitate
3498 5469 3686 5521 locavit

2452 5530 2743 5609 Ilgrtuuam
2764 5530 3153 5609 Δίιιιιὶιιὶιιιξιᾳιιιέῖ)
3184 5530 3317 5591 Deus
3350 5541 3435 5609 qui
3453 5540 3610 5606 jussit
3639 5540 3845 5608 iniquus

2451 5601 2725 5655 κλείει-ηοω
2755 5605 2946 5657 bellare
2978 5601 3154 5660 Deus?
3186 5601 3677 5661 nullaiunevnotavit

2454 5671 2557 5750 I_lla
2582 5675 2812 5750 domum,
2850 5686 2991 5728 torvo
3026 5694 3179 5750 quam
3205 5695 3304 5729 non
3333 5684 3439 5731 Itarc
3469 5681 3663 5732 lumine
3695 5680 3823 5750 ﬁgat

2450 5742 2714 5807 Protinus,
2740 5756 2785 5797 et
2819 5763 2950 5799 saeva
2981 5742 3240 5815 perturbet
3271 5750 3464 5818 gaudia
3495 5742 3697 5804 dextra;
