4248 6444
274 387 392 453 671

1440 405 1889 467 EPISTOLARI

1860 406 1969 467 UM
2006 410 2235 471 LIBER
2273 410 2325 472 Ι.
3411 414 3516 478 678

273 504 458 557 ταῦτα
486 506 547 558 τὸ
579 509 732 575 μῖσος
776 510 872 562 καὶ
902 511 998 580 τὴν
1032 512 1200 583 ὀργὴν
1232 512 1323 566 τοῦ
1364 515 1599 585 πλήθους
1634 518 1711 578 εἰς
1751 518 1840 569 τὸν
1870 524 1889 577 Δ

1870 518 2070 586 Aquid
2103 522 2247 575 enim
2288 521 2618 591 deliquerint
2664 521 3027 592 magistratus,
3078 524 3263 580 odium
3312 540 3367 584 et
3431 531 3510 586 ira

273 598 774 667 προχειρισάμενον
802 602 1079 673 ἀναφέρει.

353 771 451 840 ξβ’.
511 774 845 843 Πολλαχόθεν
894 777 975 828 δεῖ
1017 778 1108 831 τὸν
1158 781 1393 851 ἄρχοντα
1437 782 1685 854 θηρεύειν
1730 787 1838 839 τῶν

271 862 536 930 ὑπηκόων
566 866 665 928 τὰς
697 868 919 936 γνώμας
942 909 957 931 ,
993 873 1088 923 καὶ
1127 873 1269 925 οὓτω
1299 880 1572 940 κοινωνοῖς
1603 880 1838 950 χρῆσθαι

268 952 463 1017 φιλίας
501 956 591 1007 καὶ
620 956 793 1028 ἀρχῆς
822 960 914 1011 καὶ
960 959 1355 1039 βουλευμάτων·
1394 966 1629 1038 πρῶτον.
1664 971 1725 1038 ἐξ
1764 967 1838 1025 ὧν

266 1044 438 1133 αὐτος
468 1046 537 1099 τά
566 1051 707 1101 κατά
733 1051 832 1119 τὴν
859 1052 1025 1105 αὑτοῦ
1047 1056 1224 1108 οίκίαν
1251 1059 1538 1129 οἰκονομεῖ·
1563 1062 1835 1133 δεύτερον,

267 1135 338 1198 ἐξ
365 1129 441 1190 ὧν
471 1141 690 1206 γυναικί
728 1158 787 1194 τε
825 1145 919 1197 καὶ
955 1148 1112 1200 παισὶ
1143 1150 1238 1202 καὶ
1266 1150 1474 1216 δούλοις
1509 1129 1839 1211 συνδιατίθε-

269 1243 414 1317 tot:
432 1228 640 1297 τρίτον,
683 1234 740 1301 ἐξ
769 1227 844 1288 ὧν
871 1237 1133 1307 κέχρηται
1164 1243 1276 1304 τοῖς
1322 1242 1526 1312 φίλοις·
1559 1247 1833 1317 τέταρτον,

270 1315 336 1379 ἐξ
367 1312 457 1376 ,ὧν
496 1322 631 1409 προς
671 1327 795 1389 τοὺς
831 1331 894 1381 ἑκ
939 1331 1195 1397 γειτόνων
1231 1333 1529 1390 διάκειταιο
1571 1340 1665 1390 καὶ
1690 1312 1835 1409 ῑπέμ-

270 1426 429 1474 πτον,
461 1406 620 1499 ὲξῶν
649 1415 846 1487 ἔχθραν
873 1437 930 1472 τε
957 1421 1273 1493 ἀναδέχεται
1305 1429 1401 1481 καὶ
1428 1427 1717 1499 ἀμύνεται,
1741 1406 1834 1486 καὶ

273 1501 461 1565 πάλιν,
498 1498 579 1565 οἷς
620 1511 968 1565 κατατίθεται
1016 1516 1108 1568 καὶ
1163 1498 1481 1574 διαλύεταιξ
1511 1522 1688 1577 Ἱκανὰ
1725 1526 1833 1597 γὰρ

268 1592 447 1648 ταῦτα
475 1594 635 1663 φύσιν
661 1600 850 1669 ἀνδρὸς
882 1601 1279 1677 τεκμηριῶσαι,
1314 1613 1409 1664 καὶ
1433 1614 1604 1680 δεῖξαι
1631 1592 1833 1686 γυμνὸν

275 1689 641 1753 προσωπείου,
683 1692 779 1745 καὶ
818 1698 930 1759 τοῖς
973 1699 1065 1751 ἐπὶ
1095 1704 1297 1772 σκηνῆς
1329 1702 1440 1773 (30)
1494 1706 1832 1777 ὑποκρίσεων

267 1775 365 1826 τὸν
395 1776 681 1846 ἄνθρωπον
713 1782 994 1856 θεωροῦσι.

351 2042 447 2111 ξΥ.
475 2047 607 2102 Τότε
636 2052 827 2122 κριτὴς
856 2054 1075 2125 ἀριστος
1111 2057 1211 2132 [an
1239 2060 1349 2115 τῶν
1390 2063 1582 2133 ἀλλων,
1615 2068 1703 2122 ὅτε
1730 2070 1830 2136 τὰς

265 2139 470 2193 αὐτοῦί
534 2142 883 2211 ἐπισκοπῶν,
937 2147 1093 2218 λόγον
1146 2153 1380 2225 ἑκάστης
1427 2159 1674 2229 πράξεως
1726 2164 1831 2215 ὐπὺ

271 2232 533 2285 συνειδότι
568 2237 726 2304 κριτῇ
770 2234 955 2302 δίδως,
1007 2240 1101 2293 καὶ
1143 2241 1424 2313 διόρθωσιν
1450 2250 1685 2313 ἐπινοεῖς
1720 2251 1829 2304 τῶν

270 2324 690 2393 ἡμαρτημένων.
762 2329 913 2383 Ἐπεὶ
965 2332 1082 2396 πῶς
1134 2338 1257 2399 τοὺς
1316 2337 1506 2403 ἄλλους
1560 2343 1828 2412 ἐπιτιμῶν

263 2414 367 2466 οὐκ
402 2416 745 2509 ὲρυθριάσεις
768 2460 781 2484 ,
807 2422 892 2491 ἐφ’
925 2418 1006 2487 οἷς
1044 2426 1206 2485 αὐτὸς
1232 2431 1300 2483 τὰ
1327 2433 1486 2500 ὃμοια
1516 2435 1826 2509 ἐξαμαρτά-

263 2521 375 2596 νεις
394 2522 413 2596 νς
451 2507 568 2570 πῶς
597 2508 653 2561 δὲ
679 2510 915 2577 ἐκείνους
941 2513 1043 2568 οἴει
1075 2534 1156 2569 σοι
1208 2519 1537 2593 διατεθῆναι,
1567 2507 1725 2596 ἡνίκα
1769 2531 1827 2583 ὲν

262 2589 346 2658 οἷς
381 2595 675 2651 ὑπεύθυνόν
722 2617 780 2653 σε
832 2602 1172 2678 καθορῶσιν,
1208 2610 1360 2665 αὐτοὶ⁵
1391 2589 1545 2679 δίκας
1572 2589 1828 2691 εἰσπράτ-

261 2687 451 2741 τεσθαι
479 2689 811 2746 δικαιοῦνται
829 2712 845 2760 ;

337 2871 428 2935 ξδ’.
477 2874 719 2930 Ἐπαίνει
747 2880 846 2944 τὰς
893 2883 1147 2951 ἀρίστους
1190 2887 1448 2956 πράξεις’
1497 2891 1704 2944 ἐπαίνει
1731 2892 1822 2957 δὲ,

266 2961 345 3032 μὴ
377 2963 520 3034 λόγῳ
572 2968 767 3035 μόνον,
815 2972 951 3025 ἀλλά
994 2974 1061 3028 δι’
1090 2970 1165 3030 ὦν
1205 2978 1365 3041 αὐτός
1398 2998 1457 3032 τε
1489 2982 1718 3050 μάλιστα
1756 2984 1824 3037 τὰ

262 3056 428 3123 ὅμοια
465 3059 762 3129 πράττοις,
799 3064 893 3117 καὶ
921 3065 989 3120 δι’
1027 3060 1101 3120 ὧν
1132 3070 1255 3133 τοὺς
1302 3073 1544 3142 μιμητὰς
1572 3074 1678 3129 τῶν
1712 3074 1822 3129 λοι-

263 3146 387 3266 πιῖζν
416 3152 744 3253 προκρίνων,
783 3156 1031 3227 ἐντίμους
1064 3161 1453 3226 ἀποδεικνύοις.
1483 3165 1556 3217 Τὸ
1587 3167 1684 3237 μὲν
1717 3169 1822 3239 γὰρ
1848 3210 1889 3266 C

264 3240 361 3292 καὶ
390 3241 500 3295 τῶν
527 3246 813 3314 τυχόντων,
844 3248 904 3301 τὸ
935 3251 992 3304 δὲ
1013 3252 1119 3305 τῶν
1142 3254 1330 3324 ἄρχειν
1355 3256 1540 3321 ἀξίων.

335 3332 424 3397 Es’.
473 3336 694 3407 Προνόει
744 3341 992 3406 πάντων,
1023 3344 1132 3396 τῶν
1191 3347 1287 3416 μὲν
1332 3350 1619 3417 ἑπιεικῶν,
1650 3351 1725 3415 ὡς
1753 3352 1819 3406 ἂν

259 3423 477 3493 ἄριστοι
505 3428 791 3495 γένωνται,
834 3433 926 3485 καὶ
953 3433 1050 3503 τῆς
1084 3434 1436 3509 ὀφειλομένης
1470 3440 1651 3505 αὐτοῖς
1680 3443 1816 3496 ἀπο-

260 3511 501 3569 λαύσωσι
534 3520 697 3588 τιμῆς
724 3522 817 3575 καὶ
840 3522 932 3574 τοῦ
960 3526 1254 3596 προνομίου
1274 3544 1289 3559 ο
1314 3528 1422 3582 τῶν
1452 3530 1508 3584 δὲ
1539 3533 1612 3602 μὴ
1642 3533 1815 3587 τοιού-

258 3625 403 3672 των,
444 3610 518 3673 ὼς
562 3611 627 3664 ἂν
663 3612 991 3681 βελτιωθῶσι
1029 3620 1128 3681 τὰς
1153 3619 1408 3690 γνώμας,
1442 3624 1534 3677 καὶ
1572 3627 1670 3696 τῆς
1710 3628 1817 3683 ἀπὸ

257 3696 368 3748 τῶν
394 3700 574 3770 νόμων
610 3703 876 3772 ῥυσθῶσιν
897 3706 1138 3775 ἀτιμίας.
1173 3708 1343 3764 Τοῦτο
1365 3713 1473 3783 γὰρ
1506 3715 1580 3778 ὼς
1602 3716 1813 3786 ἀληθῶς

260 3789 436 3858 ἀρχῆς
464 3792 687 3861 ἐννόμου
716 3796 809 3847 καὶ
838 3796 1155 3863 ἐπιστασίας
1183 3800 1362 3871 ἔργον.

331 4052 401 4119 ξς
421 4096 433 4107 .
468 4057 578 4149 Τὰς
610 4060 745 4131 πρὸς
775 4062 1037 4135 ἀλλήλους
1068 4069 1175 4123 τῶν
1204 4073 1518 4143 ἀρχομένων
1548 4079 1694 4149 ἕρεις
1731 4084 1809 4147 είς

255 4145 382 4244 τοὺς
424 4147 715 4217 πολεμίους
748 4155 991 4225 τρέπων,
1035 4161 1093 4212 ὲν
1120 4165 1230 4225 τοῖς
1274 4167 1411 4235 ὑπὲρ
1433 4168 1532 4237 τῆς
1557 4145 1809 4244 πατρίδος

255 4236 432 4302 ἀγῶσι
468 4243 744 4309 μετατίθει
765 4262 780 4275 υ
812 4249 1087 4318 τυράννων
1121 4255 1217 4321 μὲν
1246 4257 1373 4328 γὰρ,
1410 4236 1715 4327 στασιάζειν
1742 4236 1809 4320 τά

257 4328 467 4436 πλήθηῖ
519 4335 588 4436 ὲν¹
614 4336 721 4436 γὰρ
768 4340 835 4409 τῇ
886 4347 1034 4415 κοινῇ
1091 4348 1262 4419 φθορᾷ
1305 4351 1397 4404 καὶ
1423 4353 1731 4432 διχοστασίᾳ
1774 4366 1806 4436 ἡ

254 4423 507 4521 τυραννὶς
538 4425 635 4496 τὴν
662 4428 960 4521 Δἀσφάλειαν
989 4437 1101 4506 ἔχει
1126 4456 1138 4469 ·
1173 4441 1429 4512 ἄρχοντος
1457 4446 1512 4500 δὲ
1538 4452 1630 4503 καὶ
1653 4423 1805 4521 ﬁdat-

1954 624 1984 662 a
2009 612 2207 680 populo
2233 622 2514 681 concepta.
2549 622 2835 682 eapropter
2862 614 2915 667 in
2942 613 3062 669 illos
3108 616 3372 674 redundat
3417 637 3513 692 per

1957 718 2092 770 quos
2126 714 2280 757 erant
2300 705 2598 760 constituti.

2007 794 2094 848 62.
2152 794 2330 850 Multis
2359 796 2533 851 modis
2594 796 2891 866 principem
2927 807 3138 867 oportet
3166 801 3505 858 subditorum

1939 896 2153 940 mentes
2207 888 2524 955 explorare,
2565 895 2622 940 ut
2667 887 2956 956 participes
3006 903 3099 942 eos
3143 891 3215 944 ita
3253 892 3509 948 adhibeat

1936 991 2058 1029 cum
2093 976 2373 1041 amicitiae,
2408 984 2521 1030 tum
2573 977 2823 1047 imperii,
2858 993 2924 1032 ac
2955 978 3113 1032 etiam
3158 983 3507 1039 consiliorum

1936 1083 2191 1123 suorum:
2256 1086 2444 1124 eorum
2488 1068 2692 1124 scilicet
2745 1070 3008 1138 imprimis
3050 1073 3247 1140 quibus
3299 1077 3357 1130 in
3405 1093 3505 1132 sua

1937 1158 2105 1228 ipsius
2150 1161 2353 1230 privata
2398 1160 2601 1215 familia
2645 1161 2936 1215 ordinanda
2981 1163 3185 1227 utitur;
3243 1170 3500 1233 secundo,

1934 1251 2130 1319 quibus
2198 1253 2312 1322 ipse
2379 1268 2501 1306 eum
2566 1267 2773 1315 uxore,
2836 1254 3019 1308 liberis
3092 1266 3146 1310 et
3214 1260 3385 1314 servis
3443 1276 3503 1315 se

1935 1343 2204 1413 impertit;
2233 1344 2390 1399 tertio
2410 1387 2424 1409 ,
2452 1346 2648 1414 quibus
2670 1344 2840 1399 utitur
2862 1360 2987 1415 erga
3017 1349 3221 1404 amicos
3245 1392 3260 1417 ,
3286 1361 3500 1420 quarto,

1933 1436 2129 1504 quibus
2168 1453 2289 1491 cum
2333 1437 2525 1491 vicinis
2570 1437 2707 1508 agit;
2752 1437 2974 1507 quinto},
3025 1443 3221 1510 quibus
3266 1444 3503 1500 inimici-

1934 1527 2034 1581 tias
2075 1538 2325 1590 exercet.
2377 1538 2432 1582 et
2476 1529 2581 1582 vim
2636 1529 2833 1582 illatam
2880 1528 3133 1598 depellit,
3184 1535 3266 1589 vel
3313 1552 3499 1605 pacem

1932 1618 2135 1672 stabilit
2181 1629 2235 1673 et
2278 1620 2797 1674 reconciliationem.
2850 1619 3134 1677 Sulliciunt
3184 1635 3365 1680 autem
3397 1629 3497 1683 ista

1932 1708 1994 1758 ad
2036 1718 2280 1762 naturam
2322 1708 2558 1762 hominis
2604 1709 2979 1778 cujuscunque
3032 1714 3497 1781 patefaciendam,

1931 1798 1998 1853 ad
2044 1789 2527 1854 demonstrandum
2548 1840 2563 1863 ,
2617 1799 2752 1852 nihil
2797 1799 2850 1853 in
2883 1802 2971 1854 illo
3000 1812 3290 1871 praetextus
3314 1851 3328 1871 ,
3362 1809 3499 1861 nihil

1860 1872 1900 1929 θ
1933 1890 2291 1961 hypocrisews
2318 1905 2469 1957 esse,
2500 1890 2806 1960 cujusmodi
2834 1893 2887 1947 in
2917 1910 3079 1949 scena
3109 1898 3284 1952 solent
3306 1900 3495 1954 obser-

1929 1996 2063 2033 vari.

1998 2069 2087 2123 65.
2137 2067 2271 2124 Tum
2311 2070 2573 2139 judicium
2618 2073 2819 2141 Optime
2865 2073 2920 2127 in
2993 2074 3129 2128 alios
3177 2078 3493 2145 exercebis,

1927 2175 2049 2215 cum
2084 2169 2202 2215 tuas
2229 2161 2400 2231 ipsius
2426 2163 2666 2217 actiones
2692 2165 3094 2233 contemplatus
3120 2209 3134 2231 ,
3172 2170 3273 2223 sub
3308 2169 3493 2238 judice

1928 2251 2143 2321 propria
2196 2250 2531 2305 conscientia
2575 2252 3001 2322 uniuscujusque
3038 2266 3189 2310 actus
3228 2259 3492 2314 rationem

1926 2342 2198 2413 exegeris,
2233 2352 2289 2396 et
2336 2352 2680 2412 peccatorum
2712 2345 3015 2400 institueris
3064 2350 3483 2404 correctionem.

1928 2432 2204 2502 Siquidem
2257 2433 2402 2487 enim
2447 2434 2580 2489 alios
2644 2436 2687 2489 si
2723 2435 3095 2507 redargueris,
3140 2454 3261 2493 cum
3302 2440 3490 2494 iisdem

1927 2520 2043 2591 ipse
2067 2522 2385 2578 criminibus
2411 2524 2646 2579 tenearis
2672 2564 2685 2585 .
2716 2539 2939 2581 necesse
2975 2535 3057 2581 est
3089 2537 3147 2583 ut
3175 2530 3489 2585 erubescas.

1925 2612 2206 2680 Quomodo
2248 2630 2435 2671 rursus
2477 2616 2596 2671 illos
2648 2617 2870 2673 affectos
2912 2618 2979 2672 iri
3036 2630 3193 2689 putas
3220 2662 3234 2685 ,
3287 2637 3408 2675 cum
3438 2632 3492 2677 te

1923 2707 2015 2776 qui
2082 2707 2215 2761 nulli
2276 2709 2537 2763 rationem
2615 2710 2840 2764 reddere
2898 2712 3100 2766 teneris
3152 2713 3487 2780 obstrictus,

1924 2814 2109 2854 severe
2138 2808 2318 2854 tamen
2345 2810 2691 2856 exercentem
2718 2802 2983 2871 judicium
3012 2804 3411 2859 intuebuntur?

1995 2890 2082 2943 64.
2126 2889 2383 2945 Praeclare
2428 2900 2606 2962 gestas
2657 2908 2741 2947 res
2788 2894 3126 2958 collaudato,
3178 2910 3278 2949 nec
3312 2896 3489 2951 verbis

1925 2988 2131 3032 tantum
2163 2979 2465 3033 collaudato
2485 3023 2498 3042 ,
2542 2981 2635 3035 sed
2673 2982 2787 3051 ipse
2818 2998 2903 3038 res
2948 2985 3146 3052 pariles
3176 2987 3449 3055 Operando
3470 3026 3485 3049 ,

1924 3078 1978 3124 et
2010 3069 2126 3123 illos
2156 3069 2275 3124 aliis
2300 3069 2656 3125 anteferendo
2682 3071 3138 3144 honorandosque
3164 3076 3486 3132 deelarando

1924 3160 2015 3230 qui
2068 3161 2189 3215 Ialia
2235 3161 2515 3216 imitantur
2567 3178 2838 3231 :quorum
2896 3164 3125 3219 alterum
3185 3168 3485 3238 cuicunque

1925 3251 2129 3305 homini
2156 3312 2159 3315 μ
2192 3252 2421 3307 alterum
2454 3255 2715 3323 competit
2746 3255 2794 3309 ei
2820 3255 2911 3325 qui
2942 3257 3101 3327 digne
3129 3259 3375 3328 imperat.

1987 3342 2077 3398 65.
2114 3342 2367 3398 Omnium
2434 3347 2659 3401 omnino
2692 3362 2876 3401 curam
2919 3350 3175 3405 adhibeto
3230 3353 3482 3407 modera-

1920 3444 2097 3488 torum
2146 3434 2425 3490 hominum
2448 3476 2463 3496 .
2500 3436 2573 3490 ita
2601 3446 2657 3491 ut
2692 3439 3211 3495 commendatissimi
3253 3442 3391 3507 sint,
3426 3454 3483 3499 et

1917 3527 2079 3597 digno
2108 3527 2238 3597 ipsis
2289 3527 2493 3583 honore
2538 3530 2881 3600 praemiisque
2928 3532 3207 3600 fruantur;
3256 3535 3481 3591 minime

1916 3627 2097 3672 autem
2130 3619 2345 3682 talium.
2389 3621 2443 3675 in
2481 3636 2604 3675 eum
2637 3625 2796 3677 linem
2833 3635 2892 3678 ut
2929 3624 2996 3677 ad
3034 3624 3231 3681 bonam
3272 3629 3478 3698 frugem

1915 3708 2202 3763 deveniam
2224 3752 2238 3775 ,
2267 3719 2321 3764 et
2347 3710 2613 3766 immunes
2640 3712 2749 3768 sint
2770 3728 2800 3767 a
2830 3715 3003 3783 pmnis
3035 3731 3131 3784 per
3162 3717 3305 3788 leges
3333 3720 3476 3773 inlli-

1912 3800 2134 3871 gendis,
2175 3817 2277 3856 nec
2340 3802 2555 3856 infamia
2609 3814 2883 3859 notentur.
2928 3804 3039 3861 lloc
3090 3809 3232 3863 enim
3289 3827 3476 3867 revera

1912 3902 2121 3963 spectat
2159 3893 2225 3947 ad
2260 3892 2489 3947 ollieium
2512 3896 2630 3964 ejus
2663 3897 2753 3965 qui
2779 3898 3078 3952 secundum
3113 3899 3259 3971 leges
3291 3904 3476 3973 cupiat

1911 3986 2195 4054 imperare.

1984 4077 2071 4132 66.
2114 4075 2457 4131 Subditorum
2508 4076 2627 4131 lites
2663 4077 2717 4131 in
2786 4079 2970 4135 hostes
3033 4082 3277 4143 diverte,
3309 4092 3471 4153 atque

1909 4166 1974 4219 ad
2008 4167 2299 4221 certamina
2330 4182 2429 4236 pro
2465 4167 2636 4235 patria
2670 4164 2947 4223 subeunda
2984 4173 3245 4235 transfer;
3289 4182 3473 4243 tyran-

1909 4260 2090 4312 nicum
2138 4268 2224 4312 est
2262 4258 2517 4328 populum
2545 4260 2609 4314 ad
2661 4260 2954 4315 seditiones
2996 4264 3301 4329 concitare,
3347 4282 3469 4320 cum

1908 4348 2249 4403 securitatem
2290 4365 2442 4403 suam
2477 4350 2684 4420 tyranni
2736 4360 2975 4406 statuant
3016 4354 3068 4407 in
3099 4355 3364 4410 discordia
3416 4368 3471 4412 et

1910 4439 2126 4494 interitu
2170 4440 2442 4509 populari:
2490 4440 2694 4510 regium
2742 4453 2824 4495 est
2866 4452 3080 4509 autem,
3127 4447 3467 4502 subditorum

255 4507 390 4610 λέως
410 4552 434 4610 ,Δ
477 4513 838 4574 ἀστασίαστον
898 4533 1181 4598 συντηρεῖν
1212 4507 1223 4512 '
1391 4507 1665 4610 djtévouzv.
1699 4507 1805 4603 των
1830 4535 1883 4593 Ῑ)

1860 4532 2247 4593 )concordiam
2299 4532 2575 4585 immotam
2621 4547 2969 4599 conservare,
3028 4550 3148 4587 eum
3191 4536 3243 4589 in
3295 4537 3467 4592 salute

254 4600 551 4710 (ἐπηκόω-θ’·
603 4610 663 4662 ἐν
710 4614 819 4682 γὰρ
867 4619 931 4687 τῇ
966 4619 1074 4672 τῶν
1128 4600 1444 4696 ἀρχομένων
1478 4638 1717 4710 σωτηρίᾳ

256 4691 455 4764 βάθρον
480 4700 665 4765 αὐτοῖς
694 4705 909 4778 πέπηγε
938 4711 1036 4781 τῆς
1065 4691 1327 4781 ἐξουσίας.

327 4786 436 4888 ξρί
479 4791 687 4888 Ὠσπερ
724 4798 806 4851 δεῖ
839 4801 927 4854 τὸν
975 4806 1211 4875 ἄρχοντα
1248 4812 1479 4884 φοόερὸν
1514 4814 1652 4875 εἶναι
1695 4826 1805 4888 τοῖς

254 4878 549 4982 ἀδικουσιν,
582 4884 723 4940 οὕτω
766 4892 1009 4961 φυλακὴν
1050 4900 1143 4949 καὶ
1177 4878 1473 4968 ἀσφάλειαν
1506 4908 1611 4961 τῶν
1642 4878 1804 4982 μηδὲν

253 4969 597 5041 ἀδικούντων,
639 4978 774 5034 ἀλλά
810 4985 947 5039 κατὰ
973 4990 1099 5053 τοὺς
1129 4992 1322 5061 νόμους
1358 4998 1800 5072 πολιτευομένων.

326 5148 426 5216 ξη’.
478 5152 613 5220 Τρία
658 5155 802 5210 ἐστὶν
839 5162 897 5213 ὲν
930 5163 1265 5238 ἀνθμῦποις,
1294 5174 1559 5247 τιμωρία,
1598 5177 1761 5247 ψόγος
1784 5222 1798 5246 ,

1906 4621 2271 4693 subjectorum
2294 4622 2578 4691 potestatis
2607 4637 2791 4677 eorum
2818 4623 3046 4678 fulcrum
3080 4635 3370 4695 statuatur.

1975 4820 2064 4873 67.
2106 4818 2361 4888 Princeps
2403 4819 2738 4873 utadversus
2775 4818 3003 4888 injustos
3054 4821 3305 4875 terribilis
3340 4837 3462 4879 esse

1904 4912 2099 4977 debet,
2131 4911 2199 4964 ita
2226 4911 2523 4965 custodiam
2554 4912 2828 4982 suscipere
2850 4911 3197 4967 innocentum
3224 4925 3457 4984 oportet,

1906 5014 1962 5059 et
2000 5020 2094 5060 eos
2138 5003 2228 5073 qui
2285 5003 2578 5058 secundum
2626 5004 2770 5077 leges
2825 5007 3011 5059 vivunt
3065 5018 3238 5061 sartos
3292 5016 3457 5063 tectos

1908 5105 2180 5163 praestare.

1982 5187 2069 5241 68.
2139 5187 2252 5242 fria
2308 5196 2434 5242 sunt
2487 5202 2607 5257 qua:
2661 5197 2881 5259 tangunt
2949 5188 3231 5253 homines,
3277 5202 3455 5259 parm,

1502 5331 1588 5385 VA
1600 5333 1735 5390 ΒΙᾸΞ
1794 5338 2193 5397 LECTIONES.

325 5468 340 5520 i
379 5472 414 5525 l.
452 5472 518 5524 τὰ
547 5476 758 5531 σαυτοῦ.

1731 5597 1958 5655 ΝΟΤΑΕ.

326 5704 434 5780 (56)
475 5704 746 5780 Καὶ-τοῖς
783 5708 880 5760 ἐπι
910 5711 1176 5780 ρ’κηνῆς.
1238 5711 1418 5780 Inepta
1477 5713 1654 5767 lectio.
1690 5714 1791 5769 Le-

1898 5721 2029 5795 ’ξυτε
2058 5722 2154 5786 τὰς
2186 5724 2375 5776 ἑαυτοῦ
2422 5726 2732 5779 ἐπισκοπῶν
2771 5724 2993 5794 πράξεις·
3035 5723 3188 5790 λόγον
3216 5723 3446 5795 ἑκάστης

250 5774 480 5859 gendum
504 5783 557 5861 et
584 5774 1040 5861 distinguendum,
1064 5774 1277 5861 nisi);
1298 5774 1402 5834 ἀπὸ
1433 5784 1633 5861 σκηνῆς
1653 5785 1793 5861 ’ἀπο-
1897 5792 1999 5845 ὑπὸ
2033 5774 2448 5861 συνειδότιῖέῶ

252 5845 480 5914 κρίσεως
506 5845 595 5898 τὸν
625 5846 766 5911 ἄνθη
800 5858 900 5903 etc.
920 5850 1173 5919 Sequenti
1207 5845 1338 5907 sect.
1373 5845 1786 5922 restituendum,
