4248 6444
803 391 906 452 679

1920 382 2180 444 ΡΙΙΟΤΙΙ
2212 381 2708 442 PATRIARCH/E
2744 385 2850 444 (ΣΡ.

3899 387 4023 452 680

796 506 1125 575 vituperium
1151 545 1168 570 ,
1194 505 1313 560 laus
1336 546 1351 568 ,
1387 506 1478 559 sed
1509 512 1564 559 et
1587 505 1842 572 insuper,
1877 502 1921 555 si
1953 501 2148 570 placet,
2179 499 2349 553 bene-
2379 503 2426 559 Α
2457 500 2473 550 Ι

2341 525 2349 537 -
2379 503 2426 559 Α
2457 499 2695 564 ἔπαινος,
2727 503 2774 553 εί
2805 500 2978 571 βούλει
3007 502 3085 566 δὲ,
3121 503 3216 557 καὶ
3242 503 3532 573 εὐεργεσία
3556 520 3571 534 ο
3602 502 3736 557 ἀλλά
3768 505 3868 573 τῆς
3906 507 4018 572 μιν

797 599 1032 654 ficentia.
1062 597 1224 654 Poena
1251 598 1396 668 digni
1423 609 1551 653 sunt
1585 597 1828 660 inimici;
1858 593 2129 663 vituperio
2152 633 2169 657 ,
2202 592 2350 646 cives

796 690 884 757 qui
916 688 1218 743 exorbitant
1269 689 1322 742 in
1355 688 1710 756 quibusdam;
1758 684 2007 739 laudandi
2057 690 2111 737 et
2145 682 2349 736 benefi-

795 781 892 833 ciis
933 780 1278 843 cumulandi,
1322 781 1413 849 qui
1458 781 1616 833 rebus
1657 779 1792 832 bene
1834 778 1996 849 gestis
2028 777 2347 830 inclaruere.

795 871 950 937 Quod
984 875 1025 926 si
1063 873 1182 941 quis
1215 889 1280 928 eo
1341 873 1676 943 progreditur
1697 913 1711 934 ,
1754 881 1812 926 nt
1838 887 1956 941 qua:
1987 872 2170 924 hostes
2205 869 2350 924 face-

795 973 937 1022 rent.
974 973 1028 1016 et
1062 964 1176 1032 ipse
1213 965 1438 1025 audeat,
1465 979 1664 1031 eosque
1693 963 1951 1022 imitetur,
1986 961 2220 1014 hostium
2262 959 2350 1011 ille

795 1070 1012 1123 ptenam
1058 1056 1111 1108 in
1159 1071 1216 1107 se
1261 1055 1535 1107 transfert.
1581 1053 1736 1118 Quod
1788 1055 1830 1106 si
1881 1053 2004 1120 quis
2061 1050 2350 1105 mutaverit

794 1147 1040 1200 ordinem
1075 1162 1229 1198 suum
1269 1155 1322 1198 et
1358 1145 1534 1198 locum
1570 1146 1624 1197 in
1659 1159 1766 1213 quo
1799 1143 2183 1206 constituitur,
2209 1143 2346 1196 ultra

793 1241 952 1291 etiam
990 1241 1167 1292 hostes
1199 1239 1450 1292 inimicus
1489 1239 1767 1291 habendus
1801 1237 2128 1304 reipublicae.
2161 1235 2348 1290 Prodi-

793 1340 877 1383 tor
900 1342 1001 1394 est,
1029 1331 1118 1398 qui
1146 1331 1425 1383 beneficiis
1457 1329 1665 1382 hostem
1697 1327 1879 1383 allicit.
1906 1327 2187 1381 Civitatem
2221 1343 2346 1396 per-

791 1424 890 1484 dit,
949 1422 1037 1489 qui
1079 1422 1330 1476 laudibus
1375 1422 1646 1489 iinprobos
1677 1419 1903 1482 attollit;
1943 1435 2065 1472 nam
2104 1419 2248 1473 cives
2278 1419 2344 1471 ad

791 1514 928 1567 male
967 1515 1237 1584 agendum
1287 1513 1545 1566 stimulat.
1594 1511 1648 1562 In
1689 1526 1848 1578 quam
1890 1510 2059 1577 ipsam
2095 1508 2346 1562 deformi-

793 1613 956 1657 tatem
1000 1604 1272 1656 civitatem
1309 1612 1364 1655 et
1397 1601 1444 1656 is
1477 1601 1694 1655 adducit
1730 1601 1820 1668 qui
1857 1609 2001 1652 recte
2034 1599 2343 1652 incedentes

789 1696 1099 1748 inhonorat.

859 1785 947 1838 69.
1004 1783 1227 1837 Difficile
1281 1783 1499 1852 quidem
1543 1792 1744 1836 metum
1777 1780 1957 1835 'amori
2014 1780 2336 1833 immiscere.

790 1881 1050 1930 Amantes
1084 1875 1227 1929 enim
1269 1876 1489 1928 omnino
1524 1885 1650 1929 sunt
1680 1876 1882 1942 absque
1919 1883 2100 1926 metu:
2131 1872 2219 1940 qui
2273 1873 2338 1925 ti-

789 1982 939 2020 more
990 1967 1387 2034 percelluntur,
1443 1981 1622 2018 amare
1677 1966 1884 2017 nolunt.
1938 1965 2003 2016 At
2052 1974 2107 2015 tu
2166 1972 2344 2015 tamen

789 2059 999 2111 divide:
1031 2069 1185 2126 teque
1216 2057 1288 2110 ita
1312 2073 1557 2125 compara
1593 2065 1649 2110 ut
1678 2072 1828 2110 ames
1857 2056 2126 2124 optimos;
2169 2069 2346 2122 neque

787 2151 932 2202 enini
969 2149 1055 2202 hic
1088 2163 1225 2216 opus
1255 2158 1337 2202 est
1365 2149 1471 2201 ullo
1510 2157 1676 2200 metu.
1713 2147 1967 2216 Reliquos
1998 2160 2222 2199 necesse
2261 2153 2346 2198 est

789 2251 935 2294 nictu
991 2251 1228 2303 terreas,
1284 2250 1341 2294 ut
1396 2258 1425 2294 a
1478 2242 1614 2295 male
1664 2243 1869 2311 agendo
1925 2258 1983 2295 se
2017 2240 2342 2294 abstineant.

789 2333 1030 2387 Metuent
1087 2348 1282 2402 porro,
1335 2334 1377 2385 si
1426 2342 1476 2386 te
1530 2334 1746 2386 videant
1805 2342 2010 2387 semota
2071 2332 2343 2385 iracundia

788 2426 1122 2494 punientem,
1147 2433 1201 2476 et
1234 2433 1490 2493 tanquam
1529 2433 1808 2493 parentem
1843 2423 2256 2486 informantem;
2298 2421 2344 2474 si

789 2527 840 2570 te
864 2515 1300 2570 animadvertant
1330 2516 1550 2569 minime
1578 2515 1765 2569 libenti
1793 2516 1971 2568 animo
2001 2513 2339 2584 punientem,

789 2611 950 2663 rebus
978 2619 1158 2662 autem
1188 2609 1428 2662 adversis
1453 2617 1505 2662 et
1533 2608 1845 2662 infortuniis
1868 2609 1984 2662 sine
2013 2607 2191 2676 aliquo
2216 2621 2346 2676 prae-

789 2713 937 2757 textu
964 2746 976 2769 ,
1012 2704 1254 2764 sincere,
1288 2718 1442 2772 opem
1470 2701 1753 2756 ferentem.

865 2794 949 2847 70.
974 2792 1075 2858 Qui
1104 2803 1310 2846 natura:
1334 2794 1473 2846 dona
1505 2793 1561 2845 in
1582 2792 1976 2862 improbitatem
2004 2799 2344 2855 convertunt,

789 2897 844 2938 et
876 2903 983 2938 non
1017 2887 1082 2939 ad
1109 2886 1363 2938 auxilium
1399 2885 1699 2938 vicinorum
1722 2925 1735 2945 ,
1765 2900 1887 2938 cum
1921 2894 2166 2937 naturam
2198 2897 2349 2951 sper-

790 2987 956 3038 ninit,
1002 2987 1114 3031 tum
1159 2977 1414 3030 creatoris
1455 2992 1581 3046 erga
1628 2977 1772 3046 ipsos
1819 2974 2247 3029 muniﬁcentiam
2294 2973 2347 3027 in

790 3069 1174 3123 contumeliam
1198 3068 1392 3138 ingrati
1427 3077 1764 3138 pervertunt.

863 3267 951 3319 Ἠ.
979 3263 1445 3330 Quemadmodum
1473 3270 1629 3330 turpe
1658 3269 1742 3314 est
1776 3269 1829 3313 et
1862 3259 2162 3322 sordidum,
2191 3261 2348 3330 plane

793 3357 1092 3427 plebeculis
1148 3356 1213 3408 ad
1271 3355 1604 3408 voluntatem
1656 3353 2044 3418 obsecundari,
2097 3361 2151 3405 et
2189 3353 2350 3405 nimis

795 3448 1128 3501 familiariter
1154 3463 1210 3500 se
1235 3461 1455 3517 gerere:
1493 3447 1566 3499 ita
1597 3445 1862 3500 lubricum
1893 3454 1975 3498 est
2003 3454 2056 3498 et
2086 3444 2351 3513 periculo-

795 3557 942 3602 sum.
981 3540 1392 3609 superciliosum
1425 3554 1638 3606 Semper
1663 3547 1718 3590 et
1759 3537 2022 3590 tumidum
2062 3551 2347 3604 apparere.

797 3633 1202 3685 Extremitatem
1260 3645 1386 3698 ergo
1435 3640 1718 3698 utramque
1775 3629 1958 3698 fugere
2009 3637 2246 3696 oportet,
2296 3633 2350 3679 et

796 3723 1032 3775 medium
1065 3731 1318 3790 tanquam
1350 3721 1603 3774 virtutem
1642 3719 1975 3784 consectari,
2011 3734 2136 3772 suas
2173 3727 2350 3787 partes

796 3816 990 3884 cuique
1021 3813 1245 3883 tempori
1282 3829 1546 3882 congruas
1577 3813 1878 3866 tribuendo.

869 3907 954 3958 7'2.
991 3907 1362 3958 Juramentum
1394 3905 1652 3975 proclive,
1686 3905 1979 3973 periurium
2020 3913 2103 3956 est
2131 3902 2347 3956 stansin

801 3997 1104 4066 procinctu.
1144 3997 1304 4051 Certe
1345 4012 1447 4050 nec
1488 4011 1666 4049 mores
1709 3996 1844 4049 bene
1885 3995 2205 4047 constitutos
2249 4008 2348 4045 nec

795 4088 1034 4141 animum
1068 4090 1223 4140 decet
1249 4102 1568 4157 generosum
1595 4127 1608 4149 ,
1637 4087 1838 4154 jurare.
1878 4086 1968 4140 Vir
1994 4085 2191 4138 etenim
2225 4099 2347 4152 gra-

797 4180 877 4232 \iS
925 4189 978 4232 et
1027 4178 1398 4248 magnanimus
1451 4178 1720 4247 pudefiet,
1768 4179 1812 4231 si
1844 4177 2007 4230 verba
2054 4192 2147 4229 sua
2186 4176 2344 4228 fidem

797 4286 901 4324 non
935 4279 1243 4322 mereantur
1278 4270 1480 4336 absque
1505 4269 1831 4337 juramento,
1869 4279 1923 4322 ct
1952 4266 2344 4323 conversationi

796 4378 908 4416 sua:
954 4362 1207 4430 injuriam
1260 4360 1431 4413 inuri:
1478 4361 1546 4412 ita
1607 4369 1665 4412 ut
1713 4359 2058 4426 conjunctum
2107 4358 2178 4411 sit
2222 4373 2341 4411 cum

801 4455 1030 4507 utilitate
1054 4462 1109 4505 et
1132 4462 1311 4506 nostra
1341 4467 1468 4505 cura
1490 4491 1503 4514 ,
1527 4451 1667 4519 quod
1703 4452 1817 4520 lege
1844 4449 2022 4504 divina
2061 4449 2339 4518 prohibea-

800 4564 917 4599 mur
945 4546 1164 4598 omnino
1182 4544 1383 4613 jurare.

867 4636 1355 4691 75.13eneficiorum
1385 4648 1596 4702 semper
1626 4647 1830 4685 memor
1852 4641 1997 4694 esto;
2030 4647 2149 4701 qua:
2176 4634 2342 4687 bene-

800 4729 991 4782 feceris
1007 4729 1189 4782 statim
1208 4727 1460 4780 oblivioni
1477 4726 1644 4778 trade.
1663 4725 1794 4778 lllud
1813 4725 1955 4777 enim
1974 4725 2267 4778 bonitatem
2290 4735 2344 4780 et

801 4821 1121 4890 probitatem
1147 4819 1311 4872 animi
1342 4818 1562 4880 indicat,
1589 4818 1690 4870 hoc
1716 4826 1896 4870 autem
1919 4818 2343 4884 magnitudinem

799 4921 856 4965 et
879 4911 1194 4980 puritatem;
1221 4909 1348 4962 dum
1373 4923 1563 4977 purum
1586 4907 1744 4960 etiam
1775 4917 1990 4975 praestat
2007 4907 2342 4962 beneficium.

871 5001 957 5054 74.
1007 4999 1268 5054 Beneficia
1310 4998 1620 5068 exprobrari
1671 4999 1754 5052 vel
1793 4998 2340 5066 infortuniumalicui,

797 5104 854 5149 et
884 5093 1154 5146 levitatem
1172 5091 1372 5145 indicat
1394 5101 1449 5144 et
1478 5090 1944 5144 inhumanitatem.

873 5185 958 5236 75.
983 5183 1151 5236 Fraus
1190 5196 1400 5250 semper
1441 5181 1722 5250 profitetur
1756 5179 2215 5233 imbecillitatem:
2252 5182 2343 5235 sed

803 5274 989 5327 eadem
1047 5288 1172 5341 erga
1236 5271 1438 5324 amicos
1498 5270 1734 5323 adhibita
1792 5277 2087 5323 extremam
2145 5270 2346 5326 indicat

805 5363 1100 5431 nequitiam
1141 5373 1193 5416 et
1243 5375 1504 5416 summam
1557 5361 1948 5429 improbitatem
1991 5361 2265 5416 :adhibita
2291 5363 2342 5416 in

807 5458 990 5509 hostes
1030 5464 1087 5508 et
1127 5454 1396 5515 inimicos,
1456 5453 1614 5506 etiam
1673 5452 2018 5520 improvidos,
2041 5469 2147 5506 non
2192 5455 2346 5524 longe

805 5550 918 5600 abit
972 5563 1000 5600 a
1048 5534 1446 5616 stratagemate.
1507 5543 1753 5597 Tractatu
1817 5553 1993 5598 autem
2052 5545 2235 5600 habito
2280 5549 2345 5603 de

2452 594 2498 644 οί
2533 594 2775 663 πολέμιοι
2806 595 2978 660 ἀξιοιο
3014 595 3183 664 ψόγου
3211 595 3290 659 δὲ,
3321 596 3372 647 οἱ
3418 594 3612 664 μέτρια
3639 594 3747 646 τῶν
3772 593 4019 647 πολιτῶν

2451 685 2852 756 ἁμαρτάνοντες
2878 705 2892 719 ο
2931 689 3151 741 ἐπαίνου
3181 687 3237 740 δὲ
3287 689 3382 740 καὶ
3412 686 3730 756 εὐεργεσίας
3750 727 3765 750 ,
3793 687 3842 738 οί
3890 687 4018 738 δια·-

2452 779 2702 850 φέροντες
2730 781 3136 850 κατορθώμασι.
3175 782 3234 834 El
3261 782 3319 834 δέ
3359 797 3443 843 τις
3472 783 3550 842 είς
3588 779 3686 849 τὴν
3711 779 3820 832 τῶν
3847 778 4020 830 πολε-

2455 873 2591 942 μίων
2623 875 2826 943 τόλμαν
2865 874 2956 925 καὶ
2987 875 3216 944 μίμησιν
3260 872 3536 942 ὲξαχθείη,
3576 871 3736 933 αὐτὸς
3782 870 3879 923 καὶ
3906 869 4018 937 τὴν

2451 965 2675 1017 ἐκείνων
2701 965 2890 1034 ποινὴν
2916 965 2995 1024 είς
3023 963 3210 1016 ἑαυτὸν
3239 961 3579 1030 ἐπιστρέφει.
3625 960 3684 1011 Ὀ
3702 958 3758 1010 δέ
3787 975 3838 1010 τι
3876 957 4012 1009 τού-

2448 1074 2556 1110 των
2603 1056 2862 1124 ἀμείδων,
2909 1056 3002 1107 καὶ
3029 1056 3128 1124 τὴν
3165 1053 3406 1116 διάταξιν
3446 1052 3818 1112 ὲπαλλάσσων,
3846 1040 4014 1112 οὗτος

2449 1147 2640 1218 ἐχθρὸς
2664 1147 2764 1215 τῆς
2790 1145 3061 1207 πολιτείας
3091 1144 3250 1196 πλέον
3272 1144 3304 1214 ἢ
3326 1145 3376 1195 οί
3419 1142 3684 1210 πολέμιοι.
3715 1141 3782 1192 '0
3808 1155 3870 1191 τε
3893 1137 4015 1206 γὰρ

2447 1242 2572 1302 τοὺς
2653 1239 2944 1307 πολεμίους
2995 1236 3316 1306 εὐεργετῶν,
3352 1234 3615 1304 προδὰτης
3641 1248 3654 1261 '
3700 1234 3729 1285 ὅ
3772 1247 3833 1283 τε
3874 1229 4014 1292 τοὺς

2450 1333 2684 1401 φαύλους
2719 1330 2980 1391 ἐπαινῶν,
3008 1329 3106 1398 τὴν
3141 1327 3293 1380 πόλιν
3327 1326 3648 1393 ἀνατρέπει’
3679 1326 3769 1376 ἐπὶ
3801 1323 4026 1376 κακίαν

2447 1427 2554 1494 γὰρ
2582 1422 2886 1493 παρακαλεῖ
2915 1423 3040 1484 τοὺς
3069 1419 3286 1481 πολίτας
3307 1434 3323 1451 ⁶
3350 1421 3445 1472 καὶ
3473 1420 3502 1471 6
3525 1417 3650 1479 τοὺς
3675 1414 4014 1485 κατορθοῦν-

2447 1533 2543 1577 τας
2586 1516 2659 1585 μὴ
2699 1514 2874 1584 τιμῶν
2897 1553 2911 1575 ,
2947 1515 3027 1576 είς
3065 1512 3161 1584 τὴν
3194 1511 3362 1580 αὐτὴν
3399 1510 3667 1578 ἀκοσμίαν
3701 1507 3800 1576 τὴν
3842 1507 4009 1559 πολι-

2445 1611 2594 1662 τείαν
2625 1608 3008 1678 καταστρέφει.

2517 1785 2611 1848 Εθ’.
2642 1783 2889 1836 Χαλεπὸν
2931 1783 3027 1852 μὲν
3073 1781 3232 1850 φόϐον
3270 1780 3461 1852 ἀγάπῃ
3502 1780 3748 1849 κεράσαι.
3793 1778 3855 1829 Οί
3889 1778 4007 1844 γάρ

2447 1877 2724 1946 φιλοῦντες
2772 1876 2846 1938 ὡς
2872 1875 3073 1926 ὲπίπαν
3112 1873 3170 1925 τὸ
3204 1873 3318 1934 δέος
3347 1873 3445 1923 ούκ
3481 1871 3682 1938 έχουσι,
3712 1869 3878 1921 καὶοὶ
3915 1868 4006 1919 δε-

2444 1971 2616 2032 διότες
2650 1969 2823 2036 φιλεῖν
2862 1967 2961 2018 οὑκ
3011 1965 3274 2018 ἐθέλουσι.
3309 1965 3380 2016 Σὺ
3428 1963 3483 2014 δὲ
3518 1961 3694 2014 δίελε·
3735 1961 3830 2012 καὶ
3872 1959 4004 2019 τοὺς

2447 2063 2545 2131 μὲν
2595 2062 2849 2131 ἀρίστους
2881 2058 3053 2128 φιλεῖν
3103 2057 3515 2127 παρασκεύασον
3539 2071 3552 2083 ’
3595 2053 3744 2106 οὐδὲν
3779 2051 3888 2118 γὰρ
3919 2051 4005 2102 δεῖ

2441 2153 2590 2215 δέους
2619 2154 2708 2203 ἐπὶ
2737 2155 2846 2213 τοῖς
2881 2151 3160 2212 τοιούτοις.
3189 2148 3326 2210 Τοὺς
3356 2148 3402 2199 δ’
3439 2147 3628 2208 ἄλλους
3656 2145 3869 2212 ἀνάγκη
3895 2160 3998 2210 φο-

2447 2245 2580 2307 6εῖν,
2625 2245 2708 2297 ἵνα
2759 2245 2865 2296 τῶν
2915 2242 3132 2310 φαύλων
3163 2241 3454 2309 ἀπέχονται
3477 2239 3526 2292 ι.
3571 2239 3899 2309 Φοδήσονται
3936 2236 4000 2288 δὶ

2443 2341 2611 2408 χωρὶς
2643 2337 2851 2406 μίσους,
2903 2337 2968 2388 ἂν
3001 2336 3076 2404 μὴ
3114 2335 3228 2404 μετ’
3272 2333 3434 2402 ὀργῆς
3461 2330 3630 2401 ὁρῶσι
3675 2330 3999 2393 κολάζοντα,

2444 2432 2563 2485 ἀλλ“-
2592 2431 2666 2493 ὡς
2699 2431 2909 2500 πατέρα
2956 2427 3297 2487 παιδεύοντα,
3325 2425 3419 2478 καί
3448 2427 3505 2478 ὲν
3535 2425 3632 2494 μὲν
3676 2424 3788 2485 τοῖς
3813 2423 4004 2491 ἀμαρ-

2443 2523 2681 2593 τήμασιν
2719 2522 2814 2590 οὐχ
2846 2519 3014 2589 ἡδέως
3059 2515 3484 2588 τιμωρούμενον,
3524 2516 3582 2567 ὲν
3608 2514 3664 2566 δὲ
3693 2515 3813 2575 ταῖς
3854 2529 4005 2580 συμ-

2446 2617 2636 2684 φοραῖς
2683 2614 2777 2666 κάὶ
2817 2615 2930 2674 τοῖς
2960 2611 3362 2680 δυστυχήμασιν
3407 2607 3829 2678 ἀπροφασίστως
3873 2605 4004 2655 ἑπι-

2445 2723 2538 2759 κου
2548 2708 2660 2776 ρεῖν
2686 2702 3153 2774 προθυμούμενον.

2517 2805 2578 2851 ο’.
2631 2799 2694 2849 Ol.
2743 2795 3012 2865 χρώμενοι
3052 2794 3164 2854 τοίς
3197 2792 3259 2844 ὲκ
3291 2791 3502 2858 φύσεως
3533 2789 4006 2858 πλεονεκτήμασιν

2448 2891 2528 2952 είς
2554 2888 2820 2958 πονηρίας
2848 2883 3171 2955 ὑπηρεσίαν,
3199 2884 3333 2936 ἀλλά
3363 2882 3438 2952 μὴ
3465 2882 3599 2952 πρὸς
3623 2881 3844 2950 τὴντῶν
3862 2878 4006 2947 πλη-

2450 2982 2562 3034 σίον
2584 2979 2919 3051 εὐεργεσίαν,
2951 2971 3094 3031 οὗτοι
3118 2975 3212 3028 καὶ
3235 2976 3330 3044 τὴν
3356 2974 3519 3041 φύσιν
3542 2970 3881 3040 φαυλίζωσι,
3907 2969 4008 3022 καὶ

2447 3073 2524 3142 τῷ
2546 3071 2875 3141 Δημιουργῷ
2919 3069 3016 3138 τὴν
3042 3069 3167 3136 περὶ
3188 3067 3383 3128 αὐτοὺς
3409 3063 3718 3133 φιλοτιμίαν
3741 3063 3821 3124 είς
3843 3059 4009 3129 ὓσριν

2374 3191 2419 3252 c
2451 3166 2544 3219 καὶ
2577 3163 2898 3235 ἀχαριστίαν
2926 3162 3360 3230 περιτρέπουσιν.

2520 3284 2616 3332 oa'.
2667 3277 2874 3346 Ὥσπερ
2920 3273 3140 3343 αἰσχρὸν
3179 3273 3274 3326 καὶ
3304 3269 3593 3330 ταπεινὸν,
3639 3267 3776 3336 πρὸς
3812 3265 4010 3336 ἡδονὴν

2449 3369 2654 3437 ὁμιλεῖν
2678 3367 2755 3436 τῷ
2784 3365 2998 3434 πλήθει,
3039 3363 3207 3424 οὕτως
3232 3361 3567 3414 ἐπικίνδυνον
3591 3359 3684 3411 καί⁵
3711 3357 4006 3427 σφαλερὸν,

2451 3463 2536 3515 ἀεὶ
2580 3459 2967 3530 σοϐαρεύεσθαι
3018 3457 3111 3511 καὶ
3154 3456 3454 3526 ὑπέρογκον
3482 3454 3728 3524 ὁρᾶσθαι.
3763 3455 3854 3504 Δεί
3892 3469 4009 3503 τοι-

2450 3552 2653 3622 γαροῦν
2705 3553 2962 3620 ἑκάτερον
3009 3549 3174 3618 ἀκρον
3227 3547 3492 3617 φυγόντα,
3534 3546 3607 3607 ὡς
3653 3546 3874 3613 ἀρετὴν,
3905 3545 4010 3612 τὴν

2453 3643 2721 3712 μεσότητα
2753 3640 2968 3693 διώκειν
2988 3681 3003 3706 ,
3035 3641 3127 3691 καὶ
3155 3639 3365 3710 καιροῖς
3410 3635 3558 3698 ίδίοις
3601 3634 3661 3687 τὸ
3692 3634 4008 3704 πρόσφορον

2447 3732 2756 3802 ἀπονέμειν.

2516 3912 2612 3981 οβ’.
2646 3909 2928 3980 Προπετὴς
2953 3909 3132 3980 ὅρκος.
3160 3906 3446 3976 πρόχειρος
3477 3904 3743 3973 ἐπιορκία.
3793 3903 4006 3966 Ἄλλως

2445 4020 2503 4053 τε
2537 4003 2591 4053 δὲ
2631 4001 2722 4053 καὶ
2754 4001 2813 4052 τὸ
2841 3998 3058 4068 ὀμνύειν
3092 3998 3249 4060 ὅλως,
3277 3997 3439 4066 ἤθους
3464 3997 3564 4049 οὐκ
3590 3991 3648 4047 εὖ
3670 3994 3962 4064 βεϐηκότος
3986 4033 4004 4056 ,

2445 4091 2562 4144 οὐδὲ
2589 4091 2929 4162 φρονήματος
2957 4086 3210 4156 εὐγενοῦς
3231 4103 3242 4115 ·
3275 4089 3302 4139 6
3328 4086 3383 4138 δὲ
3414 4085 3676 4154 εὐσταθὴς
3703 4085 3795 4136 καὶ
3827 4101 4003 4152 μεγα-

2445 4185 2674 4253 λόψυχος
2711 4185 2851 4253 ἀνὴρ
2896 4183 3311 4252 αἰσχυνθήσεται
3341 4183 3466 4243 τοὺς
3501 4181 3690 4248 λόγους
3723 4181 3872 4250 ὅρκῳ
3909 4199 4005 4232 πι-

2447 4275 2603 4335 στοὺς
2649 4273 2964 4340 ἀποφαίνειν
2987 4313 3001 4337 ,
3034 4273 3125 4324 καὶ
3151 4271 3246 4340 τὴν
3273 4271 3361 4324 διὰ
3388 4271 3495 4323 τῶν
3523 4271 3736 4322 οίκείων
3781 4270 4004 4339 τρόπων

2447 4366 2625 4418 πίστιν
2667 4364 2968 4435 ἀτιμάζειν.
3005 4363 3135 4415 Δίαν
3180 4364 3286 4431 ἀρα
3335 4363 3715 4434 συμφερόντως
3755 4362 3850 4413 καὶ
3894 4377 4000 4429 κη-

2444 4457 2737 4529 δεμονικῶς
2779 4455 2919 4528 [καὶ]
2960 4458 2986 4508 6
3014 4455 3337 4518 Δεσποτικὸς
3371 4457 3530 4522 νόμος
3566 4455 3657 4506 τὸν
3694 4455 3854 4524 ὅρκον
3888 4471 4002 4505 κω-

2369 4537 2414 4592 Ῑ)
2441 4548 2578 4603 λύει.

2514 4647 2611 4707 ογ’.
2647 4640 2712 4690 Ἀ
2752 4639 2850 4707 μὲν
2882 4634 2940 4690 εὖ
2981 4638 3203 4702 πάθοις,
3233 4637 3319 4692 ἀεὶ
3354 4637 3627 4706 μέμνησο·
3653 4629 3727 4689 ὧν
3761 4635 3807 4688 δ’
3837 4635 3905 4689 ἂν
3936 4634 3997 4690 εὖ

2449 4735 2720 4800 ποιήσαις,
2753 4729 2943 4782 θᾶττον
2990 4728 3358 4781 ἑπιλανθάνου.
3391 4728 3464 4780 Τὸ
3505 4729 3602 4796 μὲν
3627 4729 3735 4799 γάρ
3766 4734 4001 4798 χρηστό-

2447 4841 2608 4892 τητος
2641 4823 2733 4876 καὶ
2768 4820 3202 4890 εὐγνωμοσύνης,
3231 4820 3292 4872 τὸ
3325 4820 3382 4872 δὲ
3411 4819 3654 4888 καθαρᾶς
3688 4821 3998 4889 μεγαλοψυο

2448 4913 2592 4983 χίας,
2621 4913 2715 4964 καὶ
2747 4911 2988 4980 καθαράν
3019 4911 3272 4978 φυλάττει
3301 4911 3399 4979 τὴν
3428 4911 3765 4978 εὐεργεσίαν.

2517 5004 2606 5056 οδ’.
2658 5002 2982 5070 Εὑεργεσίας
3008 5003 3101 5054 καὶ
3127 5001 3407 5070 συμφοράς
3441 5000 3738 5065 ὀνειδίζειν,
3768 5002 3872 5071 τῆς
3905 5006 4001 5056 αὺ-

2448 5095 2544 5162 τῆς
2576 5090 2711 5148 εἶναι
2737 5093 2918 5160 νόμιζε
2947 5094 3271 5160 κουφότητος
3299 5093 3392 5145 καὶ
3421 5093 3832 5162 ἀπανθρωπίας.

2517 5181 2624 5238 οε’.’
2677 5186 2882 5254 Ἀπάτη
2940 5186 3038 5253 μὲν
3079 5183 3352 5253 πανταχοῦ
3394 5183 3673 5246 ἀσθενείας
3715 5185 3999 5252 ὁμολογία.

2464 5281 2601 5332 Ἀλλ’
2634 5282 2682 5332 εί
2718 5279 2814 5348 μὲν
2840 5281 2896 5330 ἐν
2927 5279 3118 5346 φίλοις,
3148 5279 3313 5331 κακόν
3349 5296 3408 5331 τε
3433 5278 3676 5348 ἔσχατον,
3709 5280 3803 5332 καὶ
3833 5280 4002 5349 ὑπερ-

2453 5369 2752 5438 ϐαλλούσης
2794 5368 3088 5438 μοχθηρίας
3112 5384 3125 5397 ·
3165 5370 3214 5421 εί
3256 5369 3312 5421 δὲ
3350 5369 3486 5439 πρὸς
3515 5369 3736 5439 ἐχθροὺς
3771 5373 3865 5423 καὶ
3904 5389 4001 5423 πο-

2450 5459 2691 5525 λεμίους,
2743 5459 2906 5526 μηδὲν
2943 5458 3038 5526 μὲν
3086 5457 3417 5527 προειδότας,
3467 5459 3530 5514 οὐ
3571 5461 3758 5531 πόρρω
3799 5479 3999 5532 στρατ-

2457 5549 2640 5618 ηγίας.
2672 5547 3015 5616 Κοινολογίας
3048 5548 3105 5602 δὲ
3159 5550 3450 5618 γενομένης
3475 5591 3490 5615 ,
3534 5551 3624 5605 καὶ
3650 5552 3856 5622 ταύτην
3902 5556 3999 5608 οὐκ

2013 5681 2242 5736 νΑιιιΑς
2305 5684 2704 5748 LECTlONES,

882 5797 905 5834 ιτ
937 5799 1059 5869 ch.
1105 5799 1413 5866 ἀπέχωνται
1456 5797 1493 5850 f.
1518 5795 1899 5865 ἡπείγρωνται.
