4248 6444
722 367 833 431 083

1841 356 2101 419 ΡΗΟΤΙΙ
2135 355 2634 418 ΡΑΤΗΙΑΠΕΗᾸΞ
2671 359 2778 419 CP.

3827 361 3939 424 684

721 473 1071 531 licitationem
1106 478 1248 524 tuam
1275 486 1289 533 ;
1322 483 1444 522 nam
1471 466 1806 537 dispertitam
1841 468 1909 521 ab
1940 467 2095 521 initio
2116 475 2275 534 atque
2303 466 2354 524 Α
2378 483 2398 518 τ

2256 479 2275 519 [ξ
2303 466 2354 524 Α
2378 469 2856 538 προκαταμερίσας
2884 469 2977 520 καὶ
3005 470 3085 531 είς
3110 468 3204 522 δύο
3232 469 3331 539 τὴν
3357 470 3484 539 μίαν
3514 469 3722 540 δωρεὰν
3759 487 3933 524 κατα-

721 570 794 623 ita
853 565 1182 621 deminutam
1233 561 1375 616 illam
1438 562 1662 631 gratiam
1702 559 2020 614 reddidisti:
2050 557 2196 628 quod
2229 556 2273 610 si

720 673 831 712 non
864 656 1095 718 steteris,
1125 651 1410 722 dupliciter
1439 650 1562 704 inde
1591 648 2042 704 verecundalieris
2068 663 2166 701 :eo
2189 647 2274 700 ni-

717 750 917 804 mirum
940 744 1159 801 nomine
1181 743 1324 813 quod
1366 751 1474 796 tam
1501 750 1820 796 attestanter
1862 739 2197 810 promiseris,
2220 747 2275 792 et

718 856 787 894 eo
803 837 944 909 quod
972 836 1108 891 nihil
1154 834 1465 904 prazstiteris
1517 848 1704 887 eorum
1752 845 1871 902 quae
1905 831 2269 901 pollicebare:

719 941 882 1000 atque
919 929 991 982 ita
1023 942 1121 997 pro
1166 926 1340 980 amico
1386 924 1658 979 videberis
1715 922 1990 986 inimicus,
2029 936 2095 977 eo
2128 922 2273 990 quod

715 1024 788 1079 de
813 1038 909 1094 spe
934 1021 1170 1090 dejectos
1189 1017 1431 1073 cluseris.
1464 1017 1674 1086 Alioqui
1701 1024 1910 1071 certum
1937 1024 2020 1070 est
2045 1013 2274 1084 promis-

719 1130 780 1170 sa
809 1125 916 1169 tam
947 1111 1180 1166 violenta
1230 1118 1285 1163 et
1310 1108 1673 1162 asseverantia
1707 1107 1825 1162 illos
1856 1108 2049 1161 decere
2077 1105 2273 1175 quibus

722 1205 854 1260 ﬁdes
876 1202 1018 1257 haud
1055 1201 1194 1255 bene
1225 1198 1547 1263 adhibetur;
1590 1207 1646 1250 et
1673 1204 1821 1251 certe
1849 1211 1957 1250 non
1996 1204 2105 1250 tam
2127 1196 2272 1250 indi-

718 1297 954 1369 gentiam
987 1309 1146 1365 quam
1170 1306 1355 1348 curam
1383 1299 1437 1345 et
1483 1289 1840 1361 patrocinium
1855 1295 2163 1358 susceptum
2189 1301 2274 1341 re-

716 1390 1007 1459 darguunt,
1074 1394 1127 1440 et
1156 1400 1221 1439 eo
1243 1385 1462 1439 nomine
1491 1382 1802 1437 referendas
1826 1380 2045 1451 gratias.

787 1479 877 1533 82.
904 1475 1088 1537 Gratia
1112 1476 1305 1545 dignus
1333 1482 1418 1526 est
1450 1473 1539 1541 qui
1579 1483 1828 1525 naturam
1861 1470 2046 1539 gratia:
2085 1478 2141 1522 et
2167 1483 2268 1522 no-

719 1584 842 1624 men
871 1576 1186 1629 veneratur,
1244 1563 1444 1633 quique
1467 1577 1682 1616 omnem
1701 1562 2076 1628 c0gitationem
2117 1575 2268 1613 suam

713 1659 991 1714 contendit
1020 1657 1264 1711 conferre
1301 1663 1361 1709 ut
1391 1662 1699 1708 remuneret
1732 1671 1746 1706 :
1795 1652 2059 1706 beneﬁcio
2087 1662 2267 1705 autem

717 1753 885 1808 veluti
932 1752 1181 1820 indignus
1208 1757 1310 1810 est,
1345 1747 1436 1816 qui
1505 1747 1646 1800 bene
1697 1753 1994 1799 merentem
2026 1743 2268 1813 ingratiis

2382 559 2717 631 σμικρύνας·
2753 561 2860 613 εἴτε
2891 560 2965 630 μὴ
3009 563 3330 631 παράσχοις,
3382 562 3570 631 διπλῆν
3618 564 3938 632 ἀπήνεγκας

2378 649 2476 720 τὴν
2498 650 2779 721 αἰσχύνην,
2800 652 2881 704 ὅτι
2906 667 2965 704 τε
3005 652 3247 722 σφοδρῶς
3280 653 3537 722 ὑπέσχου,
3567 654 3661 706 καὶ
3711 655 3793 706 ὅτι
3826 671 3937 724 μη-

2377 741 2466 794 δὲν
2490 734 2565 794 ὧν
2593 743 2827 812 ὑπέσχου
2867 743 3143 814 παρέσχες
3158 761 3171 775 °
3201 746 3294 798 καὶ
3308 745 3577 814 δυσμενὴς
3600 746 3791 815 ὤφθης
3809 747 3936 800 ἀντὶ

2379 833 2552 902 φίλου·
2593 834 2811 904 ἀφεῖλες
2843 835 2954 906 γὰρ
2992 835 3022 888 δ
3054 837 3327 907 παρέσχον
3355 838 3410 889 al
3459 837 3690 900 ἐλπίδες.
3725 839 3939 900 ’Δλλως

2375 943 2435 978 τε
2486 926 2542 979 δὲ
2573 928 2667 983 καὶ
2696 928 2752 980 al
2785 928 3013 998 σφοδραὶ
3066 929 3380 998 ὑποσχέσεις
3403 931 3700 1000 ἁρμόζουσι
3728 934 3842 994 τοῖς
3871 933 3936 983 οὐ

2376 1018 2495 1070 λίαν
2523 1021 2930 1090 πιστευομένοις
2947 1035 2962 1050 ⁸
2994 1021 3273 1090 ἐλέγχουσι
3307 1022 3364 1075 δὲ
3391 1023 3486 1076 καὶ
3509 1023 3586 1087 ὡς
3607 1022 3668 1076 οὐ
3698 1023 3939 1094 κηδεμο-

2375 1109 2492 1172 νίας
2523 1108 2721 1178 μᾶλλον
2749 1111 2783 1180 ἢ
2815 1110 3000 1181 χρείας
3031 1111 3440 1182 ὺποτεινόμεναι
3467 1113 3646 1183 χάριν.

2444 1466 2555 1537 πβ’.
2590 1468 2774 1534 ’Δειος
2802 1468 3037 1540 χαρίτων
3061 1469 3090 1520 ὁ
3113 1467 3502 1538 εὐλαϐούμενος
3519 1469 3689 1538 αὐτῆς
3711 1470 3806 1523 καὶ
3830 1470 3933 1538 τὴν

2373 1563 2534 1628 φύσιν
2569 1561 2664 1614 καὶ
2691 1562 3082 1632 προσηγορίαν,
3109 1563 3203 1614 καὶ
3235 1564 3308 1633 μὴ
3350 1563 3651 1633 παυόμενος
3699 1565 3933 1634 μελετᾷν

2373 1654 2477 1716 ἕως
2503 1654 2568 1708 ἂν
2594 1653 2803 1725 [αὐτὴν]
2839 1655 3211 1728 ἀνταποδὼσῃ.
3243 1658 3453 1726 Ὥσπερ
3497 1657 3553 1709 δέ
3593 1657 3809 1720 ἀνάξιος
3831 1675 3931 1724 χα-

2374 1747 2558 1816 ρίτων,
2594 1749 2622 1799 ὀ
2646 1747 2938 1819 ἀχαριστίᾳ
2968 1748 3189 1820 γνώμης
3220 1749 3465 1819 άμείᾱυν
3491 1751 3583 1804 τὸν
3611 1749 3929 1821 εὐεργέτην,

717 1851 1055 1908 remunerat;
1085 1842 1156 1894 ita
1190 1850 1245 1896 et
1272 1840 1465 1909 dignus
1503 1847 1586 1892 est
1616 1837 1703 1892 cui
1751 1836 2076 1889 excellenter
2102 1834 2269 1888 bene-
2299 1825 2342 1880 Β
2373 1857 2394 1892 ο

2254 1863 2269 1876 -
2299 1825 2342 1880 Β
2373 1839 2542 1902 οὕτως
2565 1840 2710 1905 ἄξιος
2732 1839 2826 1893 τοῦ
2849 1841 2946 1911 τῆς
2970 1841 3282 1910 εὐεργεσίας
3307 1841 3630 1912 ἀξιώματος,
3653 1843 3682 1896 ὁ
3708 1842 3931 1913 χαριζό-

720 1936 883 2001 liciat,
908 1934 1000 2004 qui
1031 1935 1168 1987 bene
1194 1931 1298 1986 illis
1329 1928 1520 1985 fecerit
1573 1943 1604 1982 a
1633 1927 1832 1998 quibus
1858 1925 2271 1981 retributionem

700 2042 826 2081 'non
870 2022 1279 2093 exspectaverit.

786 2117 875 2172 83.
924 2115 1002 2170 Ne
1055 2113 1270 2183 quidem
1328 2110 1516 2165 amicis
1568 2117 1754 2164 contra
1804 2124 2014 2178 aequum
2072 2107 2273 2177 aliquid

717 2209 990 2279 elargitor.
1043 2207 1178 2260 Nam
1208 2205 1251 2259 si
1279 2203 1526 2258 homines
1573 2201 1712 2255 bene
1761 2201 1950 2254 morati
1978 2200 2108 2264 sint,
2148 2200 2274 2254 odio

721 2311 774 2354 te
812 2299 1087 2353 habebunt
1129 2295 1306 2365 potius
1351 2294 1494 2363 quod
1520 2294 1663 2363 leges
1693 2292 1995 2355 violaveris,
2034 2291 2276 2360 quamob

720 2389 1040 2444 beneﬁcium
1069 2387 1322 2440 collatum
1354 2385 1812 2439 exosculabuntur
1846 2400 1859 2435 :
1895 2384 1940 2436 si
1985 2397 2113 2437 vero
2148 2380 2275 2436 mali

721 2480 848 2543 sint,
875 2477 1074 2548 duplici
1108 2475 1389 2548 dispendio
1420 2474 1668 2528 allicieris
1702 2491 1716 2527 :
1763 2487 1884 2526 nam
1914 2481 1968 2526 et
2017 2471 2277 2542 improbis

721 2568 1055 2630 benefecisti,
1089 2567 1352 2620 etodium
1399 2565 1538 2634 apud
1591 2563 1788 2633 probos
1828 2563 2117 2618 incurristi.
2172 2562 2277 2617 Sed

721 2672 995 2728 utcunque
1040 2659 1126 2712 his
1159 2657 1419 2718 carueris,
1446 2656 1637 2726 gaudio
1677 2655 1889 2724 privato
1921 2664 1975 2708 et
2001 2653 2279 2721 temporali

721 2761 979 2807 aeternum
1001 2749 1346 2820 cpprobrium
1377 2747 1715 2818 permutasti,
1738 2747 1883 2817 quod
1921 2747 2140 2800 stultum
2163 2745 2280 2814 pla-

724 2860 792 2899 ne
827 2853 991 2899 esset.

813 2936 899 2991 84.
948 2936 1142 2990 Gratiae
1214 2949 1308 3003 per
1381 2931 1920 3003 procrastinationes,
1979 2939 2278 3000 temporum

724 3029 1093 3090 extensiones,
1127 3027 1274 3080 velut
1321 3025 1385 3078 ad
1416 3034 1742 3079 senectutem
1774 3022 2059 3094 quamdam
2090 3023 2280 3078 dever-

725 3128 931 3190 gentcs,
971 3118 1182 3190 propria
1200 3116 1554 3174 deﬂorescunt
1582 3117 1980 3187 pulchritudine
2011 3133 2025 3168 :
2056 3129 2281 3170 excusso

724 3211 922 3265 etenim
955 3210 1392 3279 promptitudinis
1423 3209 1573 3275 ﬂore,
1607 3208 1832 3278 quicum
1863 3207 2075 3261 adesset
2099 3208 2280 3276 splen-

726 3299 906 3353 didam
933 3300 1215 3368 quamdam
1239 3309 1293 3353 et
1332 3299 1648 3352 immensam
1676 3298 2131 3367 pulchritudinem
2190 3313 2278 3350 re-

725 3391 1105 3461 praesentabat,
1139 3391 1283 3444 nullo
1307 3391 1466 3443 modo
1491 3405 1559 3444 ne
1576 3390 1641 3444 ad
1669 3390 1854 3443 horam
1882 3396 2111 3458 possunt
2130 3387 2276 3441 oblc-

727 3491 896 3538 ctare.

795 3573 884 3624 85.
935 3571 1130 3624 Gratia:
1159 3570 1447 3624 dimidiatae
1477 3586 1814 3639 nequaquam
1869 3571 2048 3642 gratiae
2103 3579 2274 3623 sunt:

727 3671 890 3716 erunt
934 3671 1136 3725 autem,
1197 3671 1583 3714 consummata
1635 3662 1724 3714 ubi
1773 3662 1991 3714 fuerint.
2047 3660 2148 3726 Qui
2186 3677 2279 3729 per

729 3765 908 3824 partes
934 3754 1301 3808 tantummodo
1325 3754 1543 3823 gratiam
1569 3753 1711 3818 facit,
1741 3753 2100 3822 ipsummelse
2129 3755 2278 3808 dam-

729 3860 800 3901 no
821 3845 1001 3909 allicit,
1047 3859 1146 3898 nec
1191 3844 1473 3912 accipienti
1523 3844 1742 3913 gratiam
1783 3843 1908 3897 facit
1938 3861 1950 3894 :
1981 3849 2102 3896 nam
2161 3845 2278 3912 plus

728 3936 814 3990 ille
840 3935 907 3989 de
933 3951 998 3988 eo
1031 3935 1172 4002 quod
1201 3935 1535 3987 desideratur
1566 3935 1784 3998 dolebit,
1805 3951 1965 4001 quam
2010 3936 2279 3988 lzetabitur

727 4026 794 4080 de
820 4035 1035 4092 accepta
1057 4025 1330 4078 dimidiata
1358 4026 1603 4092 portione
1625 4067 1638 4080 .

797 4116 883 4170 86.
919 4116 1019 4181 Qui
1048 4116 1269 4185 gratiam
1303 4118 1458 4170 alicui
1513 4118 1704 4171 factam
1751 4120 2056 4188 exprobrat,
2089 4119 2277 4173 similis

728 4217 813 4261 est
832 4207 1023 4261 colono
1051 4207 1140 4276 qui
1194 4207 1423 4260 libenter
1465 4210 1712 4272 seminat,
1761 4211 1852 4261 sed
1899 4225 2087 4277 porcos
2119 4220 2173 4262 et
2199 4208 2276 4262 fe-

2374 1947 2533 2000 μενος
2562 1933 2648 2001 ἐφ’
2674 1925 2718 1998 ᾧ
2753 1931 2828 2002 μὴ
2848 1931 3239 1986 ἀνταπολαὰίν
3269 1933 3366 2004 τὴν
3394 1933 3572 2004 χάριν.

2442 2115 2552 2178 πγ¹.
2594 2111 2776 2179 Μηδὲν
2808 2112 3121 2182 παράνομον
3174 2111 3308 2182 μηδὲ
3342 2113 3514 2176 φίλοις
3554 2113 3794 2183 χαρίζου.
3833 2114 3933 2167 ‘Av

2376 2201 2472 2270 μὲν
2503 2201 2612 2271 γάρ
2640 2203 2900 2267 ἐπιεικεῖς
2945 2199 3064 2270 ὦσι,
3125 2206 3416 2276 μισήσουσι
3455 2206 3655 2274 μᾶλλον
3687 2224 3932 2276 παρανο-

2376 2290 2598 2361 μοῦντα,
2633 2293 2664 2362 ἦ
2702 2293 2985 2364 φιλὴσουσι
3011 2295 3367 2366 χαριζόμενον
3389 2315 3405 2328 ι
3438 2297 3503 2350 ἂν
3529 2297 3586 2350 δὲ
3606 2297 3821 2366 φαῦλοι,
3849 2298 3930 2350 δι-

2373 2383 2512 2452 πλῆν
2533 2382 2733 2454 ζημίαν
2762 2386 3072 2455 ὐπέμεινες.
3104 2392 3303 2452 κακοὺς
3323 2389 3643 2460 εὐεργετῶν,
3674 2390 3767 2442 καὶ
3789 2390 3933 2456 ἀγα-

2375 2473 2488 2536 θοῖς
2518 2475 2978 2545 ἀπεχθανόμενος.
3029 2479 3136 2532 Καὶ
3169 2481 3336 2549 χωρὶς
3363 2479 3420 2532 δὲ
3465 2479 3702 2541 τούτων,
3738 2479 3936 2549 τέρψει

2375 2567 2693 2637 προσκαίρῳ
2725 2569 2818 2619 καὶ
2878 2570 3117 2639 ἰδιωτικῇ
3162 2571 3331 2624 ἀΐδιον
3355 2571 3553 2634 ὄνειδος
3599 2568 3936 2634 ἀλλάξασθαι

2377 2659 2469 2712 καὶ
2508 2659 2703 2724 κοινὸν,
2733 2661 2972 2731 μεγάλης
3003 2661 3206 2726 ἀνοίας.

2448 2919 2550 2975 πδ’.
2577 2923 2644 2974 Ai
2664 2933 2882 2993 χάριτες
2907 2928 3024 2990 ταῖς
3047 2929 3336 2994 ἀναϐολαῖς
3360 2934 3450 2985 καὶ
3480 2932 3816 3004 παρατάσεσι
3837 2935 3936 2989 τοῦ

2377 3011 2590 3082 χρόνου,
2611 3013 2904 3087 ῶσπερ-είς
2927 3019 3102 3089 γῆρας
3129 3022 3400 3087 ἐλθοῦσαι,
3417 3025 3478 3077 τὸ
3505 3028 3701 3079 οἰκεῖον
3731 3029 3935 3098 μαραί-

2380 3122 2557 3158 νονται
2585 3109 2810 3171 κάλλοςο
2843 3111 2902 3162 τὸ
2930 3112 3037 3183 γὰρ
3062 3113 3218 3177 άνθος
3258 3116 3623 3171 ἀποϐαλοῦσαι
3659 3119 3756 3188 τῆς
3795 3137 3936 3187 προ-

2383 3198 2443 3249 Ou
2451 3199 2598 3266 μίας,
2624 3200 2741 3268 μεθ’
2759 3195 2827 3272 ἦς
2847 3203 3126 3272 ἀμήχανόν
3145 3223 3265 3258 τινα
3281 3207 3372 3259 καὶ
3393 3208 3645 3278 λαμπρὰν
3661 3209 3939 3262 ἐποιοῦντο

2376 3289 2475 3357 τὴν
2509 3290 2718 3360 τέρψιν,
2749 3293 2808 3343 οὐ
2840 3293 3095 3364 καθωράν
3133 3293 3151 3331 ι
3181 3297 3403 3366 φέρουσι
3447 3299 3544 3367 τὴν
3573 3299 3935 3370 εὐφροσύνην.

2450 3561 2552 3612 πε’.
2593 3561 2658 3612 Αἱ
2691 3563 2909 3632 χάριτες
2943 3564 3213 3633 ἡμιτελεῖς
3235 3565 3409 3629 οὖσαι,
3434 3568 3533 3620 οὐκ
3565 3568 3804 3621 ἐθέλουσι
3838 3572 3940 3640 χά-

2381 3671 2524 3722 ριτες
2551 3649 2719 3707 εἶναι*
2757 3657 2967 3709 ἔσονται
2996 3658 3072 3721 δὲ,
3100 3660 3316 3711 ἐπειδὰν
3346 3661 3756 3732 τετελειωμέναι
3775 3659 3932 3718 ὦσιν·

2375 3746 2402 3795 ὁ
2448 3743 2502 3795 δὲ
2535 3745 2732 3808 ταύτας
2761 3745 3103 3816 ἐξὴμισείας
3127 3751 3455 3817 κατατιθεὶς,
3485 3755 3672 3807 ἑαυτὸν
3697 3757 3941 3826 ἐζημίω-

2378 3851 2457 3900 σε,
2481 3836 2574 3887 καὶ
2600 3836 2690 3888 τὸν
2732 3837 2960 3890 λαϐόντα
2995 3840 3093 3891 οὐκ
3126 3839 3408 3910 εὔφρανεν.
3453 3845 3512 3896 '0
3534 3846 3640 3915 γὰρ
3664 3848 3937 3917 ἡμίτομον

2374 3925 2470 3995 τὴν
2505 3928 2661 3997 χάριν
2691 3929 3025 4000 ἀπειληφὼς,
3061 3934 3156 4004 οὐχ
3189 3935 3328 3988 οὕτω
3356 3937 3430 4005 τῷ
3464 3940 3650 4007 ἡμίσει
3694 3940 3935 4010 εὐφραν-

2375 4018 2617 4087 θήσεται,
2649 4022 2723 4083 ὡς
2760 4023 2897 4092 ὑπὲρ
2917 4023 3009 4075 τοῦ
3044 4026 3414 4095 ἀφαιρέματος
3439 4029 3734 4084 ἀνιάσεται.

2446 4114 2561 4176 πςζ
2614 4115 2672 4165 Ὀ
2721 4115 2819 4177 τὰς
2849 4119 3074 4186 χάριτας
3113 4121 3403 4188 ὀνειδῖξων,
3457 4123 3641 4191 ὅμοιός
3687 4125 3803 4176 ἐστι
3856 4125 3935 4193 τῷ

2375 4203 2622 4271 γεωργῷ,
2657 4205 2927 4274 σπείροντι
2952 4210 3053 4276 μὲν
3088 4211 3396 4280 προθύμως,
3439 4217 3698 4282 ὲπαφέντι
3729 4218 3785 4271 δὲ
3817 4222 3932 4289 χοί-

733 4313 818 4352 ras
852 4300 904 4351 in
935 4308 1228 4352 sementem
1289 4297 1549 4351 immittit.
1614 4299 1794 4353 Perdit
1839 4301 1927 4354 ille
1986 4317 2189 4364 semen,
2223 4310 2273 4354 et
2380 4307 2408 4358 i?

2259 4310 2273 4352 ι
2380 4307 2503 4358 ρους
2533 4294 2629 4344 καὶ
2677 4295 2838 4362 θηρία
2888 4297 2964 4365 τῷ
2998 4299 3200 4368 σπόρῳ.
3245 4303 3331 4362 Ὦς
3359 4307 3466 4373 γάρ
3515 4307 3720 4368 ἐκεῖνος
3746 4310 3838 4360 καὶ
3872 4312 3933 4362 τὸ

729 4390 961 4442 fructum
992 4405 1022 4442 e
1087 4391 1328 4455 semine;
1374 4392 1548 4458 perdit
1571 4390 1668 4444 iste
1696 4406 1757 4443 ea
1788 4406 1906 4459 qua:
1942 4392 2189 4454 contulit,
2224 4403 2277 4446 et
2377 4391 2406 4425 σ

2259 4403 2277 4444 ι
2377 4377 2712 4445 σπέρμακαὶ
2738 4382 2828 4433 τὸν
2858 4382 2915 4446 ἐξ
2945 4385 3107 4437 αὐτοῦ
3153 4387 3466 4456 λυμαίνεται
3519 4395 3750 4463 καρπὸν,
3789 4396 3934 4451 οὕτω

733 4480 1116 4550 gratitudinem
1143 4481 1243 4534 sibi
1284 4497 1345 4534 ex
1374 4482 1438 4534 iis
1467 4481 1907 4536 elllorescentcm.
2303 4509 2352 4567 ι)
2379 4485 2410 4519 κ

2303 4509 2352 4567 D
2379 4470 2471 4520 καὶ
2505 4464 2659 4530 οὗτος
2689 4474 2867 4528 καὶτὰ
2887 4478 3293 4545 καταδληθὲντα
3322 4483 3414 4533 καὶ
3463 4484 3560 4553 τὴν
3603 4484 3931 4552 βλαστάνου-

2379 4577 2478 4613 σαν
2501 4563 2647 4632 αὐτῷ
2678 4568 3106 4634 προσαπόλλυσιν
3143 4573 3507 4640 εὐχαριστίαν.

799 4656 888 4708 87.
945 4656 1000 4710 Si
1030 4657 1098 4710 ab
1147 4656 1296 4710 initio
1324 4657 1588 4711 beneﬁcio
1619 4657 1896 4724 aﬂeceris,
1949 4675 2086 4728 quos
2125 4660 2280 4714 dein-
2445 4669 2476 4703 ’π

2256 4689 2280 4700 -
2445 4655 2553 4715 πζ¹.
2584 4655 2731 4723 Μηδὲ
2754 4660 2893 4709 κατὰ
2921 4660 3137 4726 πρώτας
3159 4663 3476 4731 εὐεργετῶν,
3506 4667 3690 4720 ἔπειτα
3717 4668 3774 4720 δὲ
3793 4670 3933 4738 ἀμε-

731 4762 858 4816 ceps
884 4749 1128 4818 neglectu
1162 4750 1347 4813 habes,
1396 4751 1504 4804 noli
1551 4761 1738 4819 putare
1777 4767 1871 4804 cos
1903 4753 1981 4805 sic
2019 4753 2279 4806 beneﬁcio
2375 4741 2408 4795 λι

2254 4769 2279 4806 ο
2375 4741 2502 4810 λῶν,
2533 4748 2716 4814 νόμιζε
2738 4751 2836 4818 τὴν
2860 4751 2918 4815 ἐξ
2946 4752 3118 4822 ἀρχῆς
3137 4771 3216 4808 σοι
3249 4756 3462 4810 εὐνοιαν
3483 4761 3606 4820 τούς
3634 4763 3931 4831 εὐεργετη-

731 4838 957 4893 affectos
1016 4840 1152 4894 velle
1193 4841 1617 4896 benevolentiam
1652 4843 1882 4912 priorem
1938 4860 2277 4898 conservare.
2375 4836 2403 4887 θ

2263 4883 2277 4896 ,
2375 4836 2568 4900 θέντας
2597 4839 2987 4906 διαφυλάττειν.
3025 4845 3255 4909 Πολλοὺς
3282 4849 3389 4916 γὰρ
3417 4851 3578 4912 αὐτὸς
3617 4853 3724 4919 ὲγὼ
3765 4857 3931 4925 πείρᾳ

733 4928 926 4982 Multos
960 4941 1169 4997 egomet
1194 4943 1447 5000 expertus
1488 4933 1733 5002 cognovi,
1762 4935 1848 5001 qui
1885 4934 2066 4988 multis
2099 4943 2152 4987 et
2174 4951 2279 4987 ma-
2372 4927 2410 4979 δι

2253 4959 2279 4986 ιο
2372 4927 2618 4994 διέγνων,
2641 4929 2722 4980 ὃτι
2759 4929 3125 5000 θαρρήσαντες
3151 4935 3229 5004 τῷ
3261 4937 3450 5006 πλήθει
3474 4941 3565 4991 καὶ
3587 4942 3804 5009 μεγέθει
3831 4945 3930 5012 τῆς

732 5022 849 5090 gnis
894 5021 1005 5074 suis
1050 5022 1253 5075 collatis
1279 5022 1552 5076 beneﬁciis
1595 5024 2024 5087 conﬁsi,nullam
2058 5040 2276 5093 prorsus
2375 5036 2408 5070 κ

2253 5041 2276 5078 s
2375 5021 2654 5090 καταρχὰς
2680 5023 3015 5091 εὐεργεσίας,
3049 5026 3198 5079 οὐδὲν
3220 5029 3276 5078 ὲν
3297 5031 3406 5091 τοῖς
3449 5032 3644 5100 ἐφεξῆς
3683 5035 3930 5104 ἐφρόντι-

729 5127 912 5166 curam
946 5113 1128 5166 eadem
1152 5113 1405 5183 deinceps
1439 5114 1750 5168 continuare
1784 5116 2122 5170 habuerunt:
2156 5134 2276 5185 per-
2378 5127 2406 5160 σ

2254 5147 2276 5158 -
2378 5127 2475 5162 σαν
2506 5113 2873 5177 ἐπιδείξασθαι
2910 5115 3145 5168 τοιοῦτον
3166 5133 3179 5146 °
3210 5121 3461 5187 ἀρκέσειν
3501 5124 3607 5191 γὰρ
3637 5126 3748 5185 τοῖς
3774 5126 3931 5194 εὐερ-

732 5211 1014 5255 suaserant
1045 5204 1189 5255 enim
1242 5204 1341 5256 sibi
1381 5203 1674 5257 exbibitam
1706 5205 1773 5258 ab
1807 5205 1958 5258 initio
1987 5206 2276 5260 liberaliter
2375 5219 2409 5268 γ

2252 5224 2276 5260 ι·
2375 5203 2648 5272 γετηθεῖσι
2676 5206 2808 5274 πρὸς
2841 5207 2937 5276 τὴν
2959 5209 3045 5259 διά
3078 5208 3191 5277 βίου
3217 5210 3564 5279 εὐχαριστίαν
3586 5214 3684 5280 τὴν
3717 5231 3929 5283 καταρ-

730 5293 1157 5346 benevolentiam
1205 5294 1445 5348 sullicere
1483 5296 1678 5349 debere
1707 5297 1772 5349 ad
1834 5296 2273 5366 obstringendum
2375 5311 2406 5362 χ

2247 5314 2273 5352 η
2375 5293 2474 5362 χάς
2505 5294 2737 5363 ἠλπισαν
2768 5297 3092 5368 φιλοτιμίαν,
3128 5299 3220 5351 καὶ
3251 5302 3438 5370 χρόνον
3457 5301 3644 5354 οὐδένα
3674 5304 3740 5356 ἂν
3763 5306 3924 5373 ἐγγε-

732 5395 993 5456 perpetuo
1021 5385 1296 5441 beneﬁciis
1343 5387 1580 5453 allectos,
1641 5404 1740 5443 nec
1773 5390 2029 5459 temporis
2065 5391 2273 5444 diutur-
2376 5404 2404 5438 ν

2249 5419 2273 5429 -
2376 5387 2562 5439 νέσθαι
2592 5387 2758 5459 λὴθης
2779 5393 2890 5452 τοῖς
2921 5386 2978 5443 εὖ
3005 5391 3292 5445 πεπονθόσι
3323 5392 3419 5462 τῆς
3440 5396 3836 5464 ἀγαθουργίας·
3871 5401 3926 5450 τὸ

1995 5588 2226 5646 νΑΙὶΙιΕ
2265 5589 2666 5648 LECTlONES.

806 5757 828 5800 ι
861 5763 945 5816 la.
970 5766 1232 5836 καθαράν,
1292 5774 1395 5833 vel,
1419 5770 1540 5822 καθ’
1569 5770 1718 5840 ὤραν
