4248 6444
264 402 391 467 685

1448 413 1987 477 EPISTOLARUM
2022 415 2255 480 LIBER
2282 421 2339 481 ὶ.

3398 431 3502 495 686

264 515 336 566 δὲ
374 516 436 568 οὐ
478 514 637 586 μόνον
662 516 725 569 οὐ
754 515 895 571 κατά
920 517 1019 583 τὰς
1043 517 1225 577 αὐτῶν
1254 519 1473 586 ἐλπίδας
1494 522 1695 592 ἀπέϐη,
1714 522 1849 576 άλλά
1878 526 1923 582 Α

1825 522 1849 576 ι
1878 526 1923 582 Α
1951 522 2176 579 nitatem
2232 526 2432 583 debere
2462 527 2791 586 oblivionem
2834 534 3151 593 collatorum
3209 539 3502 601 beneflcio-

265 608 378 659 καὶ
405 609 484 669 εἰς
509 607 815 662 τούναντίον
836 610 1069 681 ἐτράπη.
1112 611 1274 666 ’Δλλά
1290 613 1420 684 περὶ
1446 614 1547 684 μὲν
1569 614 1677 669 τῶν
1706 614 1847 684 φαύ-

264 695 389 749 λων
414 696 512 767 τὴν
542 698 859 770 προαίρεσιν
886 700 1037 753 οὐδὲν
1063 703 1373 772 θαυμαστόν
1393 721 1408 738 ’
1439 707 1490 759 oi
1527 705 1637 777 γὰρ
1672 706 1847 761 τοιοῦ-

262 803 383 849 τοι.
406 788 525 842 οὐδὲ
551 789 779 861 ῥεούσης
806 793 989 856 αὐτοῖς
1010 797 1084 859 είς
1120 798 1305 868 χεῖρας
1323 798 1455 862 ῐσως
1492 800 1594 871 τῆς
1620 800 1845 871 εὐεργε-

266 880 423 941 σίας,
461 881 581 933 οὐδέ
607 882 728 934 τότε
753 883 1026 950 γλώσσαις
1074 886 1383 953 άνοθεύτοις
1429 890 1719 959 ἠμείϐοντο
1745 893 1847 956 τάς

264 970 616 1039 εὐεργεσίας,
650 973 789 1045 πλὴν
811 976 905 1028 καὶ⁵
928 979 1021 1030 ἐπὶ
1044 978 1152 1031 τῶν
1173 978 1368 1046 ἄλλων,
1392 980 1519 1045 τοὺς
1553 982 1653 1053 μὲν
1684 984 1845 1037 καλο-

264 1064 547 1129 καγαθίας
598 1066 1060 1139 ἐπιμελουμένους
1107 1067 1177 1144 ἦν
1235 1074 1387 1138 ίδετν,
1444 1075 1521 1139 ὡς
1549 1071 1696 1148 εἶχον
1744 1079 1844 1149 μὲν

270 1155 501 1224 μνήμην
526 1149 599 1209 ὧν
622 1158 811 1228 ἔτυχον
845 1162 1296 1233 ἀπολελαυκότες,
1330 1168 1424 1221 καὶ
1467 1168 1709 1237 εὐλογεῖν
1742 1172 1843 1224 οὐκ

263 1242 557 1306 ἐξίσταντο
603 1249 695 1301 τὸν
737 1252 1063 1323 εὐεργέτηνο
1110 1256 1342 1327 ὅμωςδέ
1373 1258 1449 1332 μὴ
1498 1261 1606 1315 τῶν
1640 1262 1841 1331 ὁμοίων

265 1338 654 1405 τυγχάνοντες,
676 1341 784 1395 οὐδ’
804 1344 959 1398 αὐτοὶ
987 1348 1235 1419 καθαρὰν
1286 1352 1381 1405 καὶ
1409 1353 1691 1425 ἀκήρατον
1740 1357 1843 1427 τὴν

266 1428 513 1497 ἀρχαίαν
548 1432 801 1498 διέσωζον
857 1437 1299 1512 εὐγνωμοσύνην,
1362 1444 1497 1499 ἀλλὰ
1552 1446 1632 1518 τῷ
1662 1449 1841 1520 χρόνῳ

266 1524 377 1587 τὴν
407 1524 563 1592 χάριν
599 1526 680 1595 (οὐ
706 1528 813 1598 γὰρ
840 1526 987 1602 εἶχον
1015 1536 1301 1607 ἐπιρῥοὴν)
1320 1537 1837 1612 ὐπομαραινόμενοι,

265 1614 333 1666 τὸ
373 1618 599 1685 σφοδρὸν
627 1621 717 1672 καὶ
745 1621 945 1691 ὡραῖον
969 1626 1332 1697 ἀπηνθίζοντο
1368 1630 1460 1685 τοῦ
1496 1633 1719 1704 φίλτρου
1738 1650 1753 1665 ⁶
1788 1637 1838 1690 οἱ

265 1707 326 1758 δὲ
383 1709 554 1778 μέσης
607 1712 951 1781 νομιζόμενοι
1003 1718 1337 1789 διαθέσεως,
1390 1724 1836 1797 εὐεργετούμενοι

268 2071 412 2137 μιῶν
442 2073 831 2141 ἀπολαύοντας.
873 2080 946 2133 Οὐ
992 2084 1101 2152 γάρ
1126 2083 1161 2137 ἃ
1188 2087 1627 2155 προπεπόνθασιν
1656 2092 1834 2157 αὐτοὶ,

266 2162 447 2215 καίτοι
475 2166 613 2227 δέον,
646 2167 985 2237 ἐλογίσαντο*
1013 2167 1093 2237 οἷς
1122 2174 1165 2226 δ’
1195 2173 1252 2230 εὖ
1274 2178 1493 2232 πάθοιεν
1512 2182 1559 2233 οί
1586 2180 1833 2251 πλησίον,

264 2253 585 2320 ὲπητένιςον
605 2272 619 2285 ’
650 2259 744 2311 καὶ
791 2260 1001 2324 τούτοις
1032 2267 1498 2337 παρακνιζόμενοι
1528 2269 1627 2342 τὴν
1660 2272 1833 2342 εὐφη-

269 2342 399 2411 μίαν
432 2346 511 2407 είς
556 2347 876 2421 ἀχαριστίαν
923 2354 1172 2423 ἐτρεπον.
1207 2358 1392 2429 [Ιολλῷ
1418 2361 1526 2430 άρα
1558 2361 1835 2417 λυσιτελέ-

268 2451 459 2505 στερον
479 2438 715 2509 ἄρχοντι,
744 2446 837 2495 καὶ
860 2446 916 2495 ἐν
945 2446 1211 2517 πολιτείᾳ,
1237 2450 1377 2502 κατά
1401 2453 1586 2522 μέρος,
1620 2456 1711 2507 καὶ
1746 2454 1833 2510 διὰ

268 2525 406 2594 βίου,
438 2532 555 2592 ταῖς
584 2531 810 2601 δωρεαῖς
840 2534 873 2602 ἢ
903 2535 1097 2605 ἀθρόον
1129 2539 1223 2592 καὶ
1259 2542 1475 2608 ἐφάπαξ
1499 2544 1829 2600 οίκειοῦσθαι

266 2618 328 2670 τὸ
361 2619 617 2689 ὑπήκοον,
648 2624 721 2675 Τὸ
767 2625 825 2677 δὲ
887 2627 1091 2697 πλῆθος
1133 2632 1225 2684 καὶ
1256 2632 1419 2704 βάρος
1460 2637 1568 2689 τῶν
1592 2640 1829 2710 χαρίτων

265 2711 496 2779 ἁρμόζει
528 2715 726 2783 μᾶλλον
776 2720 889 2781 τοῖς
935 2720 1241 2789 ὐπέρογκόν
1286 2743 1340 2778 τι
1393 2730 1489 2781 καὶ
1523 2733 1828 2802 παράδοξον

266 2804 361 2854 ἐπὶ
390 2810 539 2876 κοινῇ
567 2811 810 2880 σωτηρίᾳ
844 2815 1280 2883 κατωρθωκόσιν,
1313 2820 1346 2887 ἢ
1369 2823 1479 2885 τοῖς
1503 2825 1583 2886 είς
1608 2826 1667 2877 τὸ
1693 2844 1831 2880 σπα-

1950 628 2067 667 rum
2106 630 2136 669 a
2175 618 2343 673 semel
2390 618 2529 676 bene
2575 622 2643 677 de
2680 637 2740 677 se
2784 627 2993 683 meritis
3020 645 3341 699 procurare.
3386 638 3501 705 Qua

1948 702 2002 756 in
2054 719 2112 759 re
2169 720 2265 775 spe
2319 708 2493 765 delusi
2540 713 2901 785 exciderunt,
2954 734 3014 774 re
3071 722 3125 777 in
3179 731 3500 787 contrariam

1945 806 2152 865 partem
2172 801 2520 868 procedente.
2564 804 2748 877 Neque
2780 812 2973 867 mirum
3024 830 3155 872 sane
3215 821 3386 878 malos
3424 825 3502 879 Sit:

1946 888 2170 944 aﬂ‘ectos
2197 906 2319 947 esse
2356 896 2540 951 animo
2571 916 2585 952 :
2616 901 2749 956 tales
2775 905 2943 968 enim,
2993 922 3063 961 ne
3103 912 3318 978 quidem
3370 915 3499 971 dum

1944 978 1998 1032 in
2064 996 2257 1038 manus
2316 985 2555 1056 ipsorum
2608 991 2864 1051 beneﬁcia
2926 998 3265 1070 depluereut,
3305 1006 3502 1079 linguis

1943 1071 2329 1132 sincerioribus
2358 1078 2497 1134 bene
2527 1093 2799 1142 merentes
2842 1089 2909 1145 de
2938 1106 2995 1147 se
3043 1102 3375 1155 remunerari
3408 1120 3502 1159 vo-

1943 1163 2145 1221 lebant.
2180 1166 2285 1223 Sed
2308 1179 2364 1224 et
2398 1171 2635 1243 alioquin
2663 1178 2805 1246 apud
2830 1195 2923 1236 eos
2953 1184 3151 1252 quibus
3190 1190 3352 1246 etiam
3378 1209 3502 1263 pro-

1941 1257 2082 1312 bitas
2120 1275 2264 1319 curte
2291 1274 2393 1326 est.
2444 1267 2627 1324 videre
2652 1286 2942 1341 possumus
2971 1283 3284 1338 memoriam
3311 1302 3495 1343 eorum

1944 1350 2142 1419 quibus
2201 1356 2540 1425 fruebantur,
2582 1363 2726 1420 baud
2792 1369 3062 1426 retinere:
3116 1382 3171 1429 et
3226 1386 3498 1452 utcunque

1942 1444 2295 1505 benemeritis
2309 1452 2435 1508 dum
2453 1456 2778 1524 afﬁciuntur.
2801 1464 3236 1527 benefactoribus
3250 1474 3384 1545 grati
3400 1444 3499 1532 ex-

1940 1538 2158 1606 sistant,
2212 1556 2585 1603 verumtamen
2628 1552 2673 1606 si
2718 1554 2975 1627 deinceps
3020 1576 3129 1616 non
3161 1538 3278 1633 pari
3337 1571 3499 1625 modo

1938 1628 2259 1699 afﬁciantur,
2292 1638 2527 1705 priorem
2556 1641 2697 1697 illam
2731 1661 2883 1701 suam
2907 1649 3075 1705 animi
3115 1628 3496 1726 promptitudis

1938 1735 2063 1775 nem
2115 1739 2454 1797 nequaquam
2506 1733 2745 1791 retinent
2794 1740 3059 1798 sinceram
3090 1756 3144 1800 et
3196 1748 3495 1820 illibatam;

1937 1827 2126 1869 verum
2168 1821 2429 1890 temporis
2449 1822 2679 1881 decursu
2710 1829 2852 1898 (cum
2886 1834 3086 1890 influxu
3118 1838 3184 1893 de
3199 1854 3339 1896 novo
3386 1860 3494 1900 non

1936 1908 2336 1983 supplerentur)
2381 1919 2602 1986 gratiam
2662 1925 2983 1981 emarcidam
3046 1930 3326 2001 habentes,
3354 1941 3497 2007 quod

1806 2029 1830 2042 -
1940 1996 1993 2051 in
2048 2004 2232 2057 amore
2284 2004 2665 2066 vehementius
2710 2024 2765 2068 et
2813 2017 3147 2086 splendidius
3172 1996 3491 2091 habebatur,

1937 2091 2183 2148 avulsum
2226 2103 2283 2150 et
2334 2097 2698 2158 deﬂorescens
2723 2107 3035 2166 admittunt.
3078 2114 3148 2169 At
3192 2118 3284 2186 qui
3318 2122 3496 2176 medio

1931 2184 2164 2250 quodam
2204 2202 2358 2243 more
2383 2191 2727 2261 tenebantur,
2771 2201 3051 2259 beneficiis
3077 2184 3252 2262 allecti
3283 2211 3347 2265 ad
3377 2228 3499 2283 gra-

1930 2276 2217 2333 titudinem
2254 2280 2714 2355 disponebantur;
2745 2291 2974 2362 neglecti
3027 2308 3232 2367 autem,
3264 2318 3333 2357 ne
3373 2276 3495 2374 qui-

1932 2366 2054 2421 dem
2081 2369 2183 2439 ipsi
2238 2374 2440 2441 pudore
2485 2377 2829 2437 deterrentur
2874 2400 2984 2456 quo
3025 2390 3205 2447 minus
3261 2366 3494 2465 priorem

1931 2459 2097 2513 animi
2142 2461 2393 2521 affectum
2448 2481 2767 2528 convertant
2820 2477 2874 2530 in
2924 2483 3282 2551 contrarium;
3322 2502 3496 2558 eoque

1936 2555 2103 2624 magis
2125 2556 2166 2609 si
2189 2557 2324 2613 alios
2354 2559 2586 2618 viderint
2614 2565 2713 2620 sibi
2744 2567 3004 2639 dignitate
3032 2575 3303 2643 praelatos.
3358 2555 3491 2636 Nam

1932 2662 2270 2719 nequaquam
2330 2656 2507 2712 solent
2578 2663 2850 2717 recordari
2900 2681 3086 2723 eorum
3144 2673 3342 2741 quibus
3391 2677 3494 2747 ipsi

1932 2740 2081 2808 prius
2128 2742 2267 2799 bene
2293 2749 2650 2805 erantaﬂ’ecti
2705 2752 3002 2823 beneficiis,
3057 2740 3364 2833 quanquam
3408 2740 3494 2823 rc-

1931 2832 2151 2889 damare
2181 2852 2275 2891 eos
2308 2854 2406 2907 par
2448 2840 2624 2897 fuerat
2656 2861 2669 2909 ;
2716 2848 2808 2901 sed
2834 2851 3030 2918 quibus
3086 2832 3341 2913 fruuntur
3359 2861 3492 2916 vici-

264 2895 525 2949 νιώτατον
553 2903 651 2969 τῆς
677 2904 831 2971 ἡμῶν
856 2906 1174 2977 ἐπικουρίας
1199 2910 1406 2965 δεῖσθαι
1436 2917 1755 2981 νομισθεῖσι.
1854 2923 1897 2979 C
1933 2944 1941 2980 ι

268 2988 520 3021 inor-nim:
551 2992 722 3021 cn‘nn.
756 3008 1083 3021 annumnhu-
1134 2999 1511 3021 1‘-_J-__:L2.a,,
1716 3012 1727 3021 .
1940 3018 1941 3021 η

2308 2895 2322 2907 ,
2611 2895 2619 2897 ι
2658 2895 2669 2909 ,
2716 2895 2808 2901 _-_
2838 2895 3030 2918 qm---
3086 2895 3330 2913 ..ιηηηυι
3366 2895 3491 2916 "u-

1854 2923 1897 2979 C
1933 2928 2009 2989 ni,
2062 2929 2238 2984 solent
2273 2946 2334 2985 ea
2381 2936 2648 3000 contueri,
2696 2940 2892 3007 quibus
2943 2943 3137 3001 irritati
3186 2951 3386 3021 gratias
3437 2954 3491 3020 in

1997 2988 2003 2989 γ
2562 2988 2648 3000 μί,
2702 2988 2892 3007 1----..
2943 2988 3137 3001 ...υ-νισι
3186 2988 3386 3021 Deut-Vna
3437 2988 3492 3020 In

268 2988 524 3057 ingratias
550 2992 727 3045 solent
754 3008 1108 3052 commutare.
1134 2999 1545 3058 Conducibilius
1570 3012 1825 3075 quocirca
1865 3018 2170 3087 cuicunque
2198 3020 2429 3091 principi
2486 3034 2588 3086 est,
2636 3039 2762 3081 cum
2811 3029 2865 3083 in
2917 3035 3193 3102 republica
3254 3041 3492 3097 admini-

268 3092 410 3102 ὼ,-
439 3082 478 3102 ,,
540 3092 644 3102 μη,
699 3086 740 3102 ,ί
865 3089 874 3098 .
957 3099 965 3102 ,
1098 3092 1129 3102 ,Α
1315 3095 1326 3102 .
1368 3095 1400 3102 ..

266 3082 487 3134 stranda
540 3092 651 3136 tum
698 3086 753 3138 in
797 3089 1004 3154 privata
1062 3092 1190 3153 vita,
1247 3095 1493 3151 subditos
1541 3099 1641 3154 sibi
1692 3118 1819 3161 suos
1856 3109 2121 3164 demereri
2176 3112 2333 3167 donis
2374 3114 2583 3169 collatis
2643 3121 3043 3189 particulatim,
3095 3130 3189 3183 sed
3250 3135 3489 3201 quandiu

265 3175 375 3225 sint
418 3178 469 3226 in
500 3173 654 3237 vivis,
680 3178 858 3245 potius
884 3194 1046 3246 quam
1076 3184 1459 3254 semel,neque
1505 3187 1558 3243 id
1588 3193 1875 3259 profusiori
1906 3200 2086 3253 modo.
2124 3199 2228 3255 Sed
2296 3218 2392 3273 par
2427 3214 2510 3258 est
2544 3217 2604 3262 ut
2669 3212 2961 3280 gratiarum
3013 3173 3301 3276 multitudo
3370 3241 3489 3278 ma-

263 3267 595 3335 Snil'ldo‘lue
625 3268 690 3323 iis
720 3270 897 3337 Ροῐίυε
924 3270 1208 3340 ίττοεθιιιτ,
1241 3278 1331 3343 qui
1392 3294 1491 3347 pro
1543 3283 1715 3338 salute
1750 3272 2052 3345 'communi
2087 3292 2279 3362 ingens
2309 3296 2527 3365 aliquod
2580 3308 2635 3353 et
2656 3305 2923 3361 excellens
2961 3308 3174 3366 facinus
3213 3327 3491 3386 perpetra—

263 3360 439 3386 -.ηυξ-ιο
522 3376 676 3386 n..n..‘
740 3370 797 3386 ..ι
858 3363 908 3386 εἰ...
955 3378 1042 3386 ΑΛ..
1098 3368 1232 3386 εμμ-
1302 3371 1313 3386 I
1356 3381 1366 3386 -
1552 3375 1562 3385 ι
1693 3378 1702 3386 ι
1768 3380 1779 3386 -

260 3360 462 3422 verint,
519 3376 679 3428 quam
740 3370 799 3415 ut
858 3363 913 3415 in
951 3378 1044 3417 eos
1098 3368 1441 3435 impendatur
1473 3375 1562 3443 qui
1600 3378 1873 3436 rarissime
1911 3394 2096 3438 nostra
2125 3402 2225 3454 ope
2265 3397 2320 3441 et
2352 3390 2549 3445 auxilio
2587 3392 2828 3465 indigere
2854 3400 3125 3456 videntur.

333 3482 445 3544 πη’.
475 3475 655 3543 Θυμός
684 3479 831 3530 ἐστιν
856 3478 1110 3544 ἔκστασις
1137 3482 1404 3547 ἑκούσιος,
1436 3488 1654 3542 καὶτῶν
1678 3492 1825 3546 ίδίων
1993 3500 2010 3553 ε

1812 3511 1825 3545 ν
1993 3499 2079 3553 88.
2118 3500 2199 3556 lra
2243 3514 2324 3560 est
2351 3508 2651 3564 voluntaria
2700 3514 2942 3581 quaadam
2987 3519 3231 3585 ecstasis,
3261 3532 3316 3577 et
3334 3540 3489 3579 men-

261 3568 477 3637 φρενῶν
523 3569 899 3639 ἀλλοτρίωσιςο
956 3572 991 3625 ά
1015 3574 1122 3644 γὰρ
1152 3577 1200 3626 οί
1239 3576 1530 3642 διαπαντὸς
1561 3581 1827 3651 μελαγχο-
1925 3600 1938 3645 ι

1810 3616 1827 3625 -
1925 3592 1994 3645 tis
2055 3608 2084 3647 τι
2126 3602 2267 3650 statu
2331 3614 2431 3653 suo
2488 3601 2865 3659 abalienatio:
2929 3624 3056 3677 quas
3091 3613 3236 3665 enim
3300 3614 3487 3673 furiosi

258 3658 460 3720 λῶντες
484 3661 943 3729 κατεργάζονται,
1000 3666 1358 3737 παραπλήσια
1398 3670 1607 3733 τούτοις
1655 3675 1747 3725 καὶ
1777 3675 1825 3727 οί
1923 3697 1935 3733 ι

258 3748 336 3777 -.Ἃ
370 3750 523 3777 Δ.....“’.
556 3752 850 3777 -ὶ-..έ..---
879 3757 997 3777 --__a
1032 3758 1146 3777 μα’
1170 3775 1197 3777 ,_
1403 3759 1428 3769 -
1480 3762 1503 3777 κ
1658 3764 1670 3777 ι
1926 3775 1935 3777 _

1812 3675 1825 3726 ί
1923 3683 2163 3751 quotidie
2218 3700 2504 3759 peragunt,
2556 3693 2753 3748 similia
2810 3658 2968 3766 plane
3017 3712 3331 3771 perpetrant
3393 3723 3489 3777 per

257 3748 338 3818 τῷ
370 3750 524 3820 θυμῷ
556 3752 850 3820 πληγέντες
879 3757 997 3807 κατ’
1028 3758 1207 3811 ἐκεῖνο
1237 3759 1430 3830 καιροῦ
1476 3762 1827 3834 διαπράττον-
1924 3775 1934 3828 i

1941 3748 1953 3751 ν
2218 3748 2235 3755 ,
2351 3748 2380 3759 υ
2493 3748 2501 3753 ι
2810 3748 2831 3766 τ
2870 3748 2965 3752 ᾐ--ν
3017 3748 3225 3771 τ’·ιννν·

1552 3764 1827 3834 ιπράττον-
1924 3775 2056 3832 illud
2094 3788 2308 3851 tempus
2328 3783 2399 3837 illi
2427 3785 2516 3854 qui
2543 3789 2909 3857 percelluntur
2935 3793 3229 3851 iracundia.

256 3857 368 3893 ται.

330 3953 437 4008 πθ’.
476 3955 685 4026 Ὠσπερ
708 3958 767 4010 τὸ
796 3958 906 4027 πῦρ
933 3960 1031 4029 τὴν
1058 3961 1364 4031 τρέφουσαν
1387 3964 1517 4034 ὓλην
1546 3965 1817 4034 ἀφανίζει,

256 4046 403 4099 οὕτω
432 4050 522 4101 καί
540 4052 566 4101 ό
594 4049 763 4119 θυμὸς
793 4052 887 4121 τὴν
911 4051 1139 4122 ἔχουσαν
1162 4055 1337 4127 ψυχὴν
1368 4058 1662 4123 κατεσθίει,
1692 4060 1821 4112 πολο

256 4138 415 4203 λάκις
446 4140 501 4193 δὲ
531 4144 621 4194 καὶ
644 4143 847 4213 φθορὰν
879 4145 1171 4215 ὁλόκληρον
1210 4148 1504 4216 εἰργάσατο
1531 4150 1622 4203 τοῦ
1654 4150 1815 4214 ζώου.

325 4368 395 4429 ιιι,
430 4363 707 4432 Μηδαμῶς
737 4364 942 4431 μηδένα
970 4366 1106 4435 μηδέ
1130 4368 1354 4432 δικαίως
1378 4371 1533 4441 θυμῷ
1563 4372 1814 4445 κολάσῃς.

266 4453 351 4516 Ὠς
386 4454 493 4521 γάρ
514 4454 579 4506 ἂν
598 4457 627 4506 ὁ
652 4455 872 4525 πάσχων
906 4460 1003 4526 τὴν
1047 4458 1202 4529 δίκην
1259 4461 1450 4534 ύφέξῃ,
1481 4464 1644 4527 αὐτὸς
1671 4467 1817 4534 ὅμως

252 4546 404 4599 οὐδὲν
431 4546 648 4600 ἔλαττον
670 4548 1059 4621 ἐξελεγχθήσῃ,
1092 4552 1374 4622 σφαλερῶς
1406 4559 1472 4625 τῇ
1495 4557 1688 4626 πράξει
1728 4578 1818 4612 κε-

251 4639 544 4708 χρημένος.
574 4642 664 4691 Διὸ
687 4642 779 4693 καὶ
806 4643 1068 4695 κάλλιστά
1094 4660 1179 4705 τις
1215 4644 1323 4696 τῶν
1344 4647 1584 4716 ἀρχαίων
1613 4649 1813 4701 ἀπεθέ-

251 4747 415 4783 σπισε
454 4731 590 4802 πρὸς
633 4733 1014 4802 ἡμαρτηκότα,
1068 4734 1365 4789 Ἐκόλασα
1420 4738 1498 4790 ἄν
1525 4753 1618 4804 σε,
1647 4741 1699 4792 εί
1727 4739 1811 4808 μὴ

247 4822 607 4891 ἐθυμούμην-

319 4960 428 5021 ιμ’.
466 4957 675 5025 Τυφλόν
704 4960 819 5011 ἐστι
856 4960 1026 5021 πάθος
1052 4963 1081 5014 ό
1111 4962 1299 5031 θυμὸς,
1335 4962 1429 5016 καὶ
1456 4963 1660 5031 κρίνειν
1710 4966 1810 5017 οὐκ

246 5046 387 5116 ἔχων
409 5046 516 5099 ἀπὸ
548 5048 641 5101 τοῦ
672 5050 908 5118 χείροιι,
941 5052 997 5103 τὸ
1022 5054 1290 5119 κρεῖττον.
1322 5054 1411 5105 Atii
1436 5055 1659 5142 οὐδεμία
1688 5055 1812 5124 ὄνη-

249 5156 354 5203 σις,
387 5141 707 5208 παραίνεσις
738 5141 1097 5214 ὀργιζομένῳ.
1126 5146 1467 5216 Πεπαυμένῳ
1496 5141 1580 5213 δὲ,
1594 5148 1693 5216 τὴν
1722 5146 1809 5199 διὰ

246 5228 357 5280 τῶν
403 5228 640 5299 ἐλέγχων
712 5232 1009 5301 θεραπείαν
1068 5237 1456 5305 προσενεκτέον
1517 5240 1807 5308 κεράσαντι

247 5320 535 5390 ἐπιεικείᾳ.
580 5321 716 5373 Οὔτε
765 5324 872 5395 γὰρ
901 5324 969 5377 τὰ
1016 5325 1313 5397 δριμύτερα
1362 5328 1471 5380 τῶν
1502 5330 1807 5399 φαρμάκων

245 5412 375 5464 ἄνευ
417 5411 631 5480 μέλιτος
676 5416 787 5477 τοῖς
829 5416 1098 5485 κάμνουσι
1147 5420 1441 5487 προσάγειν
1508 5422 1805 5488 ἐγνώκασιν

246 5503 294 5554 οί
329 5504 502 5573 ἰατροὶ
524 5544 538 5566 ,
570 5503 691 5556 οὐτε
722 5507 845 5569 τοὺς
865 5508 1137 5577 ἀκράτους
1161 5510 1468 5581 ἐλέγχουςή
1502 5511 1609 5563 τῶν
1638 5514 1807 5566 ἀπαι-

245 5594 447 5647 δεύτων
473 5594 685 5665 δέχεται
709 5597 878 5669 ψυχή.

316 5730 420 5799 [ιβ’.
454 5731 660 5803 Ὠσπερ
696 5734 863 5803 ταχὺν
882 5736 941 5789 ἐν
967 5740 1086 5799 ταῖς
1113 5736 1276 5801 ἀξίων
1306 5740 1646 5811 εὐεργεσίαις
1670 5738 1807 5795 εἶναι

247 5823 540 5895 προσῆκεν,
605 5825 745 5880 οὓτω
785 5826 984 5897 βραδὺν
1018 5830 1075 5884 ἐν
1102 5834 1221 5897 ταῖς
1249 5832 1356 5887 τῶν
1405 5834 1589 5889 αἰτίων
1636 5853 1807 5905 τιμω-

1999 3975 2085 4030 89.
2138 3977 2283 4049 Ignis
2314 3983 2476 4037 veluti
2505 3987 2835 4043 nutrientem
2869 4007 2929 4046 se
2952 3998 3231 4052 materiam
3267 4002 3487 4057 annilii-

1927 4065 2020 4130 lat,
2063 4066 2132 4122 ita
2167 4079 2221 4123 et
2264 4069 2541 4129 iracundia
2564 4079 2797 4133 animam
2819 4084 3001 4151 exedit
3047 4104 3206 4156 quam
3252 4092 3484 4156 obsedit.

1926 4155 2056 4223 quin
2079 4167 2132 4211 et
2155 4175 2262 4213 non
2288 4177 2408 4216 raro
2440 4180 2871 4227 consummatam
2897 4174 3062 4231 totius
3091 4179 3339 4238 animalis
3358 4201 3483 4254 per-

1922 4250 2183 4306 ditionem
2213 4265 2485 4324 operatur.

1988 4390 2075 4444 90.
2108 4390 2279 4447 Iratus
2308 4396 2603 4462 neminem,
2640 4414 2709 4454 ne
2756 4403 2974 4472 quidem
3012 4408 3155 4475 justo
3182 4411 3327 4475 licet,
3354 4428 3483 4483 sup-

1919 4480 2093 4548 pliciis
2127 4483 2339 4539 adicito.
2366 4487 2653 4559 Utcunque
2688 4495 2830 4547 enim
2869 4497 3050 4552 tulerit
3077 4501 3164 4555 ille
3189 4503 3278 4573 qui
3317 4480 3480 4575 pun—i-

1919 4578 2028 4635 tur,
2080 4581 2138 4626 tu
2178 4575 2528 4633 nihilominus
2591 4582 2915 4653 vituperium
2991 4588 3258 4654 incurres,
3335 4597 3479 4664 quod

1920 4660 2219 4731 improvide
2241 4670 2515 4737 negotium
2558 4672 2686 4727 illud
2738 4676 2991 4733 obiveris.
3031 4680 3294 4746 Quocirca
3350 4660 3475 4756 per-

1916 4752 2059 4808 belle
2082 4755 2284 4811 dictum
2316 4760 2384 4813 ab
2410 4764 2753 4833 antiquorum
2784 4769 2967 4838 aliquo
2992 4772 3095 4827 fuit
3152 4792 3273 4847 erga
3297 4752 3475 4834 delin-

1914 4856 2171 4913 quentem
2224 4864 2238 4900 :
2298 4848 2449 4903 Certe
2473 4862 2520 4905 te
2562 4857 2823 4923 punirem,
2854 4861 2901 4913 si
2955 4878 3055 4915 non
3109 4866 3381 4923 irascerer.

1987 4979 2073 5032 9i.
2124 4978 2277 5034 Caeca
2298 4982 2538 5049 quaedam
2570 4986 2750 5054 passio
2779 4989 2930 5045 furor
2967 5004 3071 5055 est.
3117 5013 3219 5051 nec.
3261 4999 3474 5055 discer-

1915 5077 2045 5115 nere
2106 5072 2283 5131 potest
2313 5066 2442 5119 utile
2467 5068 2533 5122 ab
2562 5069 2756 5125 inutili.
2789 5073 2928 5129 lrato
2954 5078 3090 5132 nihil
3116 5083 3359 5148 proderit
3379 5087 3475 5141 ad—

1915 5154 2141 5207 monitio
2179 5173 2191 5207 :
2224 5167 2503 5225 postquam
2578 5176 2708 5216 vero
2781 5163 3054 5223 deferbuit
3084 5171 3182 5232 ira,
3214 5174 3476 5231 adhibea-

1916 5253 2001 5297 tur
2021 5244 2280 5299 medicina
2308 5263 2403 5317 per
2427 5254 2839 5320 correctionem,
2866 5257 2936 5311 ita
2963 5269 3019 5313 ut
3051 5263 3306 5320 comitate
3337 5283 3470 5323 con-

1913 5336 2110 5390 diatur.
2174 5336 2305 5394 Nam
2362 5342 2461 5396 nisi
2517 5346 2673 5399 melle
2721 5348 2852 5403 illita
2899 5353 3088 5420 pocula
3142 5357 3466 5414 medicantia

1914 5428 2071 5500 aegris
2094 5430 2350 5486 exhibere
2377 5435 2540 5503 paulo
2569 5439 2832 5495 amariora
2882 5458 2988 5496 non
3022 5446 3196 5501 solent
3223 5450 3416 5505 medici
3450 5469 3465 5515 ;

1910 5522 1983 5576 ita
2048 5539 2150 5577 nec
2180 5524 2549 5594 insipientium
2577 5532 2770 5588 animae
2816 5538 3223 5609 redargutiones
3268 5545 3467 5600 admit—

1910 5621 2028 5666 tunt
2049 5615 2390 5674 meraciores.

1978 5747 2065 5801 92.
2122 5747 2587 5813 Quemadmodum
2609 5754 2941 5811 celeritatem
2974 5760 3230 5816 adhibere
3262 5778 3358 5832 par
3383 5772 3468 5817 est

1910 5838 1965 5892 in
2008 5843 2417 5900 remunerandis
2446 5846 2511 5900 iis
2537 5845 2790 5917 quidigni
2815 5861 2961 5919 sunt,
3005 5853 3077 5908 ita
3101 5855 3310 5910 tardum
3345 5870 3468 5912 esse
