4248 6444
737 351 841 413 687

1853 338 2117 403 PHOTII
2152 336 2654 400 PATRIARCHIE
2689 339 2802 401 GP.

3838 336 3960 400 688

735 464 892 515 decet
931 459 985 512 in
1026 456 1344 512 delictorum
1396 469 1572 525 poenis
1597 452 1920 525 inﬂigendis.
1958 450 2291 508 Gaudentem
2320 455 2364 510 Α
2396 467 2412 518 ε

2273 464 2291 502 ι
2320 455 2364 510 Α
2396 450 2558 518 ρίαις,
2591 451 2683 503 καὶ
2708 450 2920 522 χαίρειν
2942 449 3038 520 μὲν
3059 451 3326 521 τιμῶνται
3353 458 3392 481 ¹¹
3423 450 3551 511 τοὺς
3594 448 3950 516 σπουδαίους,

733 559 946 622 oportet
973 550 1148 604 bonos
1179 549 1469 612 honorare,
1502 546 1884 603 condolentem
1911 558 2043 599 vero
2091 543 2294 612 suppli-

735 645 823 698 cio
851 641 1063 696 afﬁcere
1093 641 1377 695 obnoxios.

802 735 891 788 95.
941 731 1018 786 llli
1072 732 1166 801 qui
1224 732 1320 785 tibi
1369 729 1530 786 ﬁdem
1584 730 1806 785 adhibet
1865 729 2106 785 difﬁdere
2161 730 2295 784 noli.

735 826 791 878 Si
822 824 966 878 enim
1009 823 1353 879 credentibus
1406 822 1556 877 inﬁdi
1579 823 1803 888 erimus,
1835 821 2148 890 qualesnam
2179 819 2298 874 aliis

739 918 1043 973 videbimur
1069 933 1211 980 esse,
1264 927 1510 971 autcum
1567 917 1892 985 quibusnam
1949 913 2190 970 suaviter
2241 921 2299 968 et

726 1015 849 1068 sine
903 1023 1049 1067 metu
1083 1009 1462 1066 versabimur?

801 1107 890 1160 94.
937 1105 1065 1158 Esse
1133 1112 1188 1157 et
1215 1103 1470 1171 Opinione
1522 1101 1767 1171 usurpari
1814 1115 1924 1154 non
1961 1097 2294 1155 coincidunt.

734 1198 1000 1264 Quocirca
1042 1196 1183 1264 apud
1207 1211 1342 1263 quos
1375 1195 1682 1264 opinionem
1713 1192 1796 1246 sui
1852 1191 2098 1246 obtinere
2151 1191 2298 1245 vide-

733 1289 832 1351 ris,
886 1285 1136 1339 exsulare
1186 1285 1384 1338 ibidem
1410 1284 1678 1338 actionem
1709 1290 1898 1352 reputa
1926 1290 1982 1336 et
2009 1281 2296 1336 essentiam

727 1378 932 1431 realem
985 1377 1198 1440 abesse,

801 1470 893 1524 95.
923 1469 1101 1537 Turpe
1125 1478 1208 1522 est
1244 1468 1393 1522 illum
1440 1468 1535 1537 qui
1572 1468 1703 1523 viris
1765 1467 1994 1536 imperat
2045 1479 2298 1519 succum-

729 1559 861 1612 bere
921 1558 1278 1623 mulieribus,
1344 1568 1399 1612 et
1465 1557 1830 1626 voluptatibus
1885 1555 2161 1610 subditum
2213 1554 2298 1607 in-

729 1646 927 1702 veniri.
958 1645 1016 1699 in
1051 1647 1141 1700 illa
1185 1647 1386 1701 femina
1459 1646 1830 1700 tantummodo
1891 1659 1999 1698 non
2037 1644 2298 1713 delinquit

723 1738 945 1808 aliquis,
967 1754 1129 1808 quam
1186 1739 1328 1800 vitae,
1402 1738 1701 1792 secundum
1755 1737 1922 1806 leges,
1976 1735 2296 1804 adiutricem

731 1830 977 1885 sortitur.
1015 1829 1302 1885 Caelibatus
1323 1829 1540 1899 quidem
1568 1829 1749 1883 divina
1780 1828 2026 1897 quaedam
2061 1842 2149 1882 res
2193 1834 2297 1892 est,
2328 1809 2379 1870 Β

733 1930 982 1974 naturam
1022 1936 1306 1990 superans,
1339 1923 1517 1991 majus
1549 1921 1804 1990 quiddam
1847 1921 2048 1975 virtute
2083 1919 2299 1990 politica

731 2021 786 2064 et
814 2018 958 2065 recta
987 2011 1163 2082 legum
1180 2011 1542 2065 observantia.
1590 2009 1900 2064 Univiratus
1925 2010 2177 2063 humana:
2199 2025 2299 2062 na-

733 2112 869 2156 turae
902 2118 1041 2172 opus
1069 2112 1173 2167 est,
1213 2119 1336 2158 cum
1382 2104 1448 2158 ad
1480 2103 1877 2157 successionem
1933 2101 2146 2172 generis
2170 2116 2301 2156 con-

733 2195 1064 2256 tinuandam,
1105 2202 1218 2248 tum
1261 2198 1327 2248 ad
1371 2195 1683 2251 societatem
1727 2193 1900 2247 civilis
1951 2202 2008 2246 et
2052 2193 2302 2247 humanm

736 2287 883 2350 vitae,
923 2297 979 2341 et
1033 2286 1465 2342 conversationis
1504 2295 1651 2342 recte
1685 2285 1965 2340 institutae.
1998 2285 2302 2356 Polygamia

731 2394 820 2432 res
839 2379 1148 2447 turpissima
1176 2391 1230 2433 et
1249 2379 1607 2442 detestabilis,
1630 2394 1752 2447 quae
1771 2378 2072 2433 belluarum
2102 2392 2302 2433 conve-

731 2472 814 2524 nit
843 2479 897 2524 et
932 2471 1228 2539 impuritati
1255 2481 1310 2524 et
1340 2471 1594 2524 lasciviae.

800 2559 889 2614 96.
931 2561 1240 2614 Alexander
1267 2559 1484 2614 Macedo
1513 2560 1846 2614 dominatum
1875 2560 2017 2614 Asiae
2041 2559 2186 2614 bello
2211 2575 2306 2614 ac-

729 2653 975 2721 quirens,
1006 2650 1254 2705 Persicas
1307 2652 1564 2706 mulieres
1593 2651 1873 2705 oculorum
1901 2651 2073 2720 jacula
2097 2651 2306 2706 dicebat

739 2758 862 2796 esse
888 2763 901 2796 :
940 2743 1024 2796 vir
1050 2751 1231 2796 autem
1266 2758 1392 2797 vere
1424 2750 1730 2812 temperans
1751 2755 1806 2798 et
1827 2744 2133 2798 divinorum
2151 2758 2307 2797 man-

731 2834 980 2887 datorum
1019 2834 1239 2888 sedulus
1263 2835 1579 2888 observator
1604 2850 1712 2889 non
1753 2837 1913 2890 modo
1947 2835 2301 2901 Persicarum,

735 2924 831 2977 sed
873 2935 929 2977 et
977 2925 1217 2977 omnium
1251 2924 1474 2979 omnino
1505 2925 1828 2979 feminarum
1869 2926 2145 2991 intuitum,
2187 2938 2309 2982 tan-

731 3031 892 3085 quam
937 3016 1208 3070 letii’erum
1253 3017 1448 3072 animae
1480 3018 1643 3072 telum
1682 3027 1738 3072 et
1758 3018 1918 3073 nimis
1939 3021 2112 3087 velox,
2143 3019 2310 3092 fugiet

2405 543 2656 596 ἀνιᾶσθαι
2685 544 2742 596 δὲ
2774 543 3071 607 κολάζοντα
3095 543 3225 606 τοὺς
3252 541 3606 604 ὑπευθύνους.

2465 730 2572 792 ιιγθ.
2598 723 2804 795 Μηδενὶ
2863 723 3132 794 μηδέποτε
3185 723 3533 777 πιστεύσαντί
3591 739 3675 776 σοι
3729 724 3959 784 ἄπιστος

2395 819 2637 890 δφθείης.
2680 821 2776 871 ’Δν
2803 821 2912 888 γὰρ
2937 818 3157 871 ἄπιστοι
3183 816 3470 886 γενώμεθα
3499 817 3614 878 τοῖς
3655 831 3961 868 πεπιστευ-

2397 915 2538 975 κύσι,
2571 913 2715 977 τίνες
2741 915 2853 975 τοῖς
2881 911 3060 974 ἀλλοις
3087 911 3346 979 δόξομενς
3403 911 3500 963 καὶ
3551 907 3688 980 μετά
3711 907 3872 960 τίνων
3900 909 3964 963 δὲ

2397 1007 2583 1062 λοιπὸν
2608 1007 2776 1069 ἀδεῶς
2800 1005 2895 1058 καὶ
2919 1005 3090 1076 ἡδέως
3123 1004 3427 1076 βιώσομεν;

2467 1103 2568 1169 ιιδν.
2602 1101 2715 1154 Οὐκ
2745 1100 2919 1153 ἐθέλει
2945 1100 3006 1152 τὸ
3030 1095 3169 1152 εἶναι
3225 1095 3361 1168 μετά
3395 1094 3488 1149 τοῦ
3539 1094 3744 1148 οἴεσθαι
3779 1094 3963 1146 συνεῖ-

2400 1212 2506 1251 ναι.
2536 1195 2612 1247 Δι’
2642 1194 2671 1247 ὃ
2693 1195 2749 1245 ὲν
2776 1189 2857 1255 οἷς
2877 1192 2944 1246 ἂν
2961 1190 3060 1261 τὴν
3086 1190 3263 1258 οἴησιν
3278 1191 3431 1261 ὁρᾷς,
3448 1187 3550 1258 τὴν
3573 1187 3770 1256 πρᾶξιν
3793 1186 3967 1255 ὑπερ-

2397 1289 2546 1357 όριον
2573 1286 2781 1356 νόμιζε,
2814 1283 2910 1338 καὶ
2941 1282 3366 1352 διαπεφευγέναι
3390 1281 3452 1334 τὺ
3477 1276 3641 1334 εἶναι.

2466 1465 2566 1536 με’.
2599 1466 2834 1537 Δίσχρόν
2853 1467 3000 1544 ἔστιν
3014 1463 3222 1534 ἀνδρῶν
3241 1463 3478 1532 άρχοντα
3501 1461 3596 1514 καὶ
3613 1459 3963 1524 δεσπόζοντα,

2396 1558 2672 1626 γυναικῶν
2702 1557 3022 1628 ἡττηθῆναι,
3084 1557 3178 1609 καὶ
3227 1553 3414 1607 δοῦλον
3461 1552 3664 1622 ἡδονῶν
3705 1551 3963 1620 ὀφθῆναι.

2399 1645 2502 1696 Ἢν
2530 1645 2588 1698 δέ
2605 1662 2690 1707 τις
2717 1646 2866 1714 νόμῳ
2889 1644 3082 1714 βοηθὸν
3114 1644 3383 1714 ἐκτήσατο
3409 1639 3549 1711 βίου,
3575 1640 3747 1710 ταύτῃ
3786 1656 3971 1692 συνοι-

2398 1737 2511 1790 κῶν
2563 1738 2660 1808 οὐχ
2713 1737 3038 1808 ἁμαρτάνει.
3107 1736 3344 1806 ’Δγαμία
3376 1738 3476 1807 μὲν
3519 1734 3660 1788 θεῖον
3709 1735 3970 1804 πρᾶγμα,

2402 1833 2497 1885 καὶ
2531 1831 2828 1900 ὑπερφυὲς,
2859 1829 2954 1883 καὶ
2983 1829 3168 1899 μεῖζον
3203 1826 3487 1896 πολιτικῆς
3518 1825 3720 1897 ἀρετῆς
3751 1825 3848 1879 καὶ
3879 1824 3972 1876 εὑ-

2399 1927 2613 1998 νομίας.
2653 1926 2976 1995 Μονογαμία
3004 1924 3085 1989 δὲ,
3137 1923 3357 1992 φύσεως
3382 1921 3726 1992 ἀνθρωπίνης
3779 1919 3968 1990 ἔργον,

2397 2017 2480 2080 είς
2525 2033 2585 2069 τε
2643 2015 2835 2083 γένους
2882 2015 3164 2085 διαδοχὴν,
3202 2015 3298 2066 καὶ
3337 2016 3417 2076 είς
3446 2012 3730 2066 κοινωνίαν
3751 2011 3972 2080 ἡμέρου

2399 2108 2495 2160 καὶ
2517 2106 2901 2177 φιλανθρώπου
2937 2106 3075 2175 βίου,
3117 2106 3208 2159 καὶ
3243 2104 3516 2169 πολιτείας
3539 2103 3970 2173 εὐνομουμένης.

2399 2199 2720 2269 Πολυγαμία
2751 2198 2862 2271 (54)
2887 2198 2962 2264 δὲ,
2989 2199 3354 2270 ὑπέραισχρον
3381 2199 3473 2251 καὶ
3502 2195 3715 2266 μιαρὸν,
3739 2194 3836 2247 καὶ
3866 2193 3974 2262 τῆς

2399 2293 2509 2347 τῶν
2536 2293 2743 2361 ἀλόγων
2770 2291 3063 2354 ἀκολασίας
3092 2291 3184 2345 καὶ¹
3211 2290 3570 2361 ἀκαθαρσίας.

2473 2561 2587 2623 ιις¹.
2627 2553 2972 2624 Ἀλέξανδρος
2997 2555 3026 2606 ὁ
3046 2550 3330 2619 Μακεδὼν,
3362 2550 3544 2614 Ἀσίας
3572 2548 3756 2621 κύριος
3781 2548 3977 2621 δόρατι

2403 2649 2661 2718 γεγονὼς,
2690 2648 2788 2710 τὰς
2815 2647 3082 2717 Περσίδας
3111 2645 3296 2712 ἔλεγεν
3331 2644 3542 2714 βολίδας
3584 2644 3845 2712 ὀμμάτων
3885 2637 3972 2694 εἴ·

2405 2757 2524 2797 ναισ
2554 2744 2582 2795 ὁ
2603 2742 2659 2794 δὲ
2689 2741 2920 2810 σώφρων
2941 2739 3016 2801 ὡς
3049 2738 3262 2808 ἀληθῶς
3288 2735 3428 2806 ἀνὴρ
3450 2777 3465 2800 ,
3495 2736 3589 2788 καὶ
3621 2734 3978 2787 Δεσποτικῶν

2407 2833 2582 2903 φύλαξ
2602 2832 2829 2886 ἐντολῶν
2858 2830 2994 2901 (55),
3041 2831 3101 2882 οὑ
3157 2827 3258 2892 τὰς
3288 2827 3558 2899 Περσίδας
3601 2827 3782 2895 μόνον,
3831 2823 3980 2878 ἀλλὰ

2407 2925 2504 2980 καὶ
2534 2927 2713 2994 πάσης
2750 2923 3010 2991 γυναικὸς
3042 2921 3187 2991 ὄψιν,
3233 2921 3310 2984 ὡς
3345 2921 3439 2985 ὀξὺ
3482 2920 3661 2990 ψυχῆς
3691 2919 3842 2987 βέλος
3872 2921 3980 2969 καὶ

2410 3016 2812 3085 θανατηφόρον,
2866 3011 3125 3082 φεύξεται
3158 3010 3254 3065 καὶ
3290 3011 3742 3080 ἀποστραφεὴαι.
3794 3002 3980 3074 Ἧχος

732 3121 790 3164 et
817 3112 1177 3166 aversabitur.
1214 3112 1376 3167 Vocis
1403 3114 1621 3182 quidem
1651 3130 1817 3169 sonus
1846 3131 2006 3170 aures
2039 3115 2204 3180 feriit,
2249 3126 2301 3171 et
2330 3143 2373 3202 ρ

2300 3157 2301 3166 η
2330 3143 2373 3202 C
2412 3109 2512 3179 μὲν
2539 3107 2724 3178 φωνῆς
2759 3106 2990 3175 ἔπληξεν
3019 3104 3212 3175 ἀκοὴν,
3242 3103 3338 3156 καὶ
3368 3102 3435 3154 δι’
3457 3102 3628 3202 αὐτῆς
3656 3098 3977 3202 ὲνετ-υπώθη

732 3218 834 3273 per
850 3219 1009 3259 aures
1036 3207 1219 3276 passio
1239 3206 1432 3261 anima;
1463 3206 1818 3276 insculpitur:
1851 3209 2303 3263 attrahitoculum
2335 3191 2373 3202 v
2404 3220 2409 3236 '

2335 3191 2373 3202 ’”
2404 3202 2465 3255 τὸ
2491 3200 2662 3263 πάθος
2714 3201 2780 3270 τῇ
2831 3199 2976 3268 ψυχῇ
2994 3212 3011 3229 ο
3057 3195 3251 3259 κάλλος
3300 3195 3359 3248 δὲ
3412 3193 3678 3263 σωμάτων
3721 3191 3981 3244 εἵλκυσεν

735 3294 979 3362 corporis
1015 3293 1384 3364 pulchritudo,
1416 3306 1469 3350 et
1495 3312 1591 3365 per
1622 3313 1744 3351 eum
1790 3297 2007 3352 modum
2037 3299 2305 3367 captivum

734 3384 968 3438 vinculis
989 3388 1348 3441 constrictum
1382 3398 1572 3442 tenens
1594 3390 1882 3452 rationem,
1903 3392 1985 3444 sui
2012 3391 2307 3462 priusjuris

733 3482 790 3526 et
820 3475 1057 3543 imperii,
1095 3478 1150 3531 in
1187 3479 1502 3533 servitutem
1538 3481 1700 3534 simul
1730 3483 1955 3553 redegit.

804 3565 892 3619 97.
938 3566 1402 3631 Quemadmodum
1424 3571 1753 3640 impossibile
1769 3584 1852 3628 est
1880 3585 1938 3629 ut
1965 3576 2010 3629 is
2037 3577 2128 3646 qui
2159 3593 2306 3633 mare

734 3656 952 3725 navigat
985 3659 1054 3710 sit
1081 3658 1199 3711 sine
1237 3669 1559 3727 tempestate
1597 3672 1652 3715 et
1682 3664 1896 3718 turbato
1925 3666 2060 3729 salo,
2097 3667 2168 3719 ita
2192 3667 2304 3721 ﬁeri

736 3747 929 3814 nequit
969 3758 1029 3800 ut
1059 3748 1104 3802 is
1133 3760 1284 3803 extra
1321 3752 1558 3819 pericula
1604 3763 1659 3807 et
1689 3753 1882 3810 ﬂuctus
1915 3759 2174 3812 consistat
2212 3759 2303 3827 qui

734 3839 1071 3905 corporalem
1090 3851 1329 3894 sectatur
1353 3859 1416 3912 pa
1428 3845 1514 3897 ulu
1537 3846 1805 3900 curiosius
1825 3849 2302 3914 pulchritudinem.

734 3929 960 3998 Oportet
1001 3931 1162 4000 igitur
1192 3933 1340 3987 initia
1374 3936 1678 4004 passionum
1707 3949 1762 3992 et
1788 3954 1974 3994 causas
2002 3941 2300 3996 declinare:

735 4022 877 4089 quod
923 4032 977 4075 et
1007 4024 1289 4078 utilitatem
1343 4027 1530 4082 all'cret
1563 4073 1576 4095 ,
1616 4045 1792 4099 neque
1840 4047 1969 4084 sane
2022 4032 2304 4087 difﬁculter

736 4116 1094 4181 praestabitur.
1129 4117 1263 4170 Cum
1291 4135 1417 4172 vero
1439 4123 1604 4175 semel
1629 4123 1941 4178 rationalem
1973 4135 2176 4193 partem
2200 4126 2303 4180 hoc

735 4206 934 4259 malum
990 4208 1268 4270 invaserit.
1320 4211 1389 4264 ita
1425 4223 1479 4266 ut
1528 4215 1812 4284 imaginem
1862 4215 2175 4271 desiderata:
2224 4218 2301 4271 rei

735 4299 911 4352 eidem
941 4300 1295 4368 impresserit,
1329 4304 1612 4358 dilﬁculter
1662 4306 1778 4360 haec
1815 4307 1996 4374 passio
2029 4307 2298 4376 abjicitur,

734 4400 786 4444 et
823 4391 910 4444 vix
943 4402 1026 4445 est
1058 4403 1116 4445 ut
1145 4394 1210 4446 ab
1241 4394 1332 4446 illa
1359 4409 1418 4447 se
1450 4396 1698 4462 expediat
1729 4397 1945 4465 aliquis.

2405 3292 2699 3363 ὀφθαλμὸν,
2725 3291 2819 3345 καὶ
2837 3290 2904 3344 δι’
2931 3288 3098 3345 αὐτοῦ
3129 3288 3349 3357 δέσμιον
3371 3285 3552 3340 λαϐὼν
3571 3327 3590 3352 ,
3636 3283 3982 3338 κατεδουλώ-

2406 3402 2538 3438 σατο
2561 3385 2651 3438 τὸν
2671 3382 3059 3439 αὐτοδέσποτον
3083 3379 3365 3450 λογισμόν.

2475 3562 2580 3631 Lf.
2615 3563 2824 3634 Ὠσπερ
2852 3561 3108 3616 ἀδύνατον
3141 3560 3200 3613 ὲν
3233 3557 3473 3628 θαλάσσῃ
3506 3556 3759 3621 πλέοντα,
3798 3574 3982 3628 ταρα-

2405 3658 2505 3728 χῆς
2539 3658 2631 3709 καὶ
2660 3657 2828 3724 ζάλης
2851 3655 3148 3726 ἀπείρατον
3167 3652 3462 3721 διαμεῖναι,
3495 3650 3664 3713 οὕτως
3689 3651 3982 3720 ἀμήχανον

2405 3751 2496 3804 τὸν
2528 3749 2696 3820 κάλλη
2728 3748 2995 3818 σωμάτων
3032 3743 3432 3798 ἐπισκοποῦντα
3475 3744 3569 3795 καὶ
3610 3741 3983 3812 περιεργαζό-

2409 3860 2591 3912 μενον,
2640 3841 2747 3894 τῶν
2785 3839 2996 3893 ἐκεῖθεν
3047 3837 3304 3906 κυμάτων
3361 3836 3456 3888 καὶ
3499 3833 3761 3886 κινδύνων
3815 3835 3983 3897 ἐκτὸς

2407 3932 2760 3988 καθεστάναι.
2790 3932 2868 3982 Δι’
2894 3929 2922 3983 ὃ
2958 3929 3056 3991 τὰς
3085 3926 3258 3998 ἀρχάς
3292 3925 3388 3979 καὶ
3414 3927 3513 3988 τὰς
3560 3927 3742 3988 αίτίας
3786 3927 3980 3997 ἐκτρέ-

2405 4025 2604 4078 πεσθαι
2641 4022 2747 4094 χρὴ
2772 4022 2880 4074 τῶν
2904 4017 3262 4088 παθημάτων.
3296 4015 3465 4068 Τοῦτο
3497 4014 3606 4085 γὰρ
3638 4016 3733 4066 καὶ
3757 4016 3979 4084 συμφέ-

2413 4134 2521 4186 ρον,
2546 4115 2641 4169 καὶ
2661 4115 2721 4167 οὑ
2757 4111 3006 4183 χαλεπόν.
3052 4109 3303 4163 Ἐπειδὰν
3343 4107 3401 4160 δὲ
3446 4109 3558 4169 τοῖς
3589 4106 3869 4176 λογισμοῖς
3908 4109 3981 4160 τὸ

2405 4207 2574 4260 κακὸν
2606 4204 2874 4274 ὲνσκήψῃ,
2894 4204 2987 4255 καὶ
3012 4201 3072 4254 τὸ
3097 4200 3313 4254 εἴδωλον
3336 4200 3518 4262 αὐτοῖς
3546 4197 3646 4266 τῆς
3672 4199 3978 4268 ἐπιθυμίας

2405 4302 2458 4350 ε.
2473 4297 2713 4367 ευπώσῃ,
2742 4293 3147 4363 δυσαπόδλητον
3167 4292 3376 4360 γίνεται
3401 4291 3462 4344 τὸ
3489 4289 3683 4356 πάθος,
3697 4290 3793 4342 καὶ
3813 4291 3981 4359 χαλε-

2405 4392 2505 4446 πὸν
2531 4390 2925 4459 ἀπαλλαγῆναι.

805 4481 896 4535 98.
939 4480 1076 4534 Sunt
1126 4483 1216 4549 qui
1263 4492 1533 4538 amatores
1581 4486 1938 4554 pronuntiant
1994 4485 2048 4538 in
2105 4482 2378 4542 alienisD
2474 4488 2482 4537 l

2326 4482 2378 4541 D
2474 4488 2582 4552 ιιη’.
2620 4482 2776 4544 Τινὲς
2797 4481 2921 4543 τοὺς
2955 4478 3194 4550 ἐρῶντας
3219 4477 3428 4546 ἔφησαν
3461 4477 3518 4530 ὲν
3542 4475 3840 4548 ἀλλοτρίοις
3865 4479 3979 4528 σώ-

735 4573 1054 4641 corporibus
1079 4589 1208 4627 suas
1236 4574 1442 4628 animas
1469 4575 1669 4629 habere
1693 4594 1706 4629 :
1737 4577 2082 4644 conjunctius
2103 4579 2297 4646 opinor

734 4679 860 4717 cum
911 4666 1120 4720 ratione
1156 4666 1374 4730 dicitur,
1413 4682 1508 4720 eos
1559 4666 1614 4719 in
1649 4669 1964 4737 corporibus
2001 4668 2191 4723 alienis
2240 4681 2296 4723 et

735 4765 970 4809 mentem
1002 4764 1055 4808 et
1079 4756 1310 4808 animam
1346 4757 1666 4825 perdidisse.

2409 4594 2540 4647 μασι
2555 4574 2655 4645 τὴν
2681 4573 2859 4643 ψυχὴν
2881 4572 2980 4641 τὴν
3005 4570 3140 4624 ίδίαν
3165 4570 3326 4639 ἔχειν·
3345 4567 3709 4637 εὐλογώτερον
3737 4567 3782 4620 δ’
3812 4564 3974 4637 οἶμαι

2404 4669 2604 4735 λέγειν,
2664 4665 2859 4726 αὐτοὺς
2905 4665 2964 4715 ὲν
2997 4661 3296 4731 ἀλλοτρίοις
3333 4659 3548 4730 σώμασι
3595 4657 3687 4710 τὸν
3738 4656 3862 4710 νοῦν
3899 4660 3971 4728 τῇ

2401 4758 2545 4828 ψυχῇ
2572 4752 3025 4808 συναπολωλεναι.

2005 4891 2237 4946 VARIE
2278 4890 2680 4950 LECTIONES.

807 5021 844 5046 ω
877 5009 1002 5077 Leg.
1037 5008 1299 5075 τιμῶντα.

2232 5163 2461 5230 none,

807 5293 914 5361 (54)
950 5292 1314 5360 "Olympia.
1368 5289 1588 5343 Rctinui
1629 5305 1837 5352 vocem,
1865 5290 1988 5359 quia
2011 5300 2096 5344 est
2124 5293 2295 5346 ambi-

731 5380 852 5434 gua.
891 5363 992 5416 Sed
1024 5364 1124 5416 hoc
1172 5364 1224 5414 in
1260 5366 1376 5414 loco
1406 5370 1613 5434 putem,
1646 5376 1752 5434 non
1793 5361 2098 5434 signiﬁcare
2125 5363 2293 5430 pluri-

735 5429 834 5489 bus
864 5434 1024 5486 simul
1057 5434 1314 5489 uxoribus
1359 5432 1454 5492 uti,
1490 5440 1546 5482 ut
1568 5429 1756 5491 Jacob,
1799 5430 1990 5493 David,
2020 5429 2292 5496 Herodes,

734 5506 819 5556 alii
853 5505 978 5556 olim
1007 5505 1313 5557 utebantur.
1347 5502 1529 5572 sedad
1564 5501 1747 5553 tertias
1771 5512 2054 5572 quartasve
2077 5506 2293 5572 nuptias

734 5574 1005 5643 progredi.
1037 5573 1168 5625 Rem
1198 5574 1320 5625 mali
1353 5571 1549 5624 ominis
1580 5581 1634 5622 et
1659 5571 1916 5643 numinis
1937 5571 1986 5622 in
2015 5571 2289 5634 Ecclesia;

733 5641 856 5703 Sed,
878 5645 1020 5713 proli
1051 5644 1240 5710 pudor,
1267 5648 1331 5696 ab
1365 5643 1428 5695 iis
1470 5651 1802 5709 usurpatam,
1831 5641 1922 5710 qui
1949 5643 2290 5713 καθαρότητα

731 5718 983 5765 alim-tant
1013 5712 1189 5765 hodie.

801 5784 914 5851 (55)
955 5781 1330 5839 Δευποτικῶν
1367 5779 1650 5835 ἐντολῶν.
1699 5781 1954 5853 intelligit
1997 5782 2126 5836 illud
2182 5782 2286 5836 Do-

2401 5296 2541 5372 mini
2581 5295 2874 5372 de_i_nt_uitu
2901 5296 3142 5372 mulieris
3179 5298 3415 5372 adillam
3443 5305 3964 5372 concupiscendam,

2400 5368 2542 5444 quod
2583 5367 2706 5444 alibi
2735 5368 3371 5444 _in_epi_s_toli_s_explicat.
3413 5372 3506 5444 ξΕκ
3538 5367 3646 5443 γὰρ
3679 5374 3771 5426 τοῦ
3806 5367 3966 5444 όρᾷν,

2399 5439 2605 5509 γίνεται
2637 5438 2696 5488 τὸ
2731 5435 2884 5509 ὲρᾷᾼνξ
2921 5439 2982 5494 Ut
3008 5440 3134 5504 vidi,
3179 5435 3236 5492 ιιι
3263 5443 3393 5509 perii
3409 5442 3430 5494 .'
3461 5453 3517 5494 ut
3551 5435 3632 5496 ιιίέ
3670 5435 3967 5500 malitia-bo.

2399 5507 2568 5582 stulit_
2595 5509 2776 5582 error!
2825 5507 2913 5582 hic
2953 5510 3094 5582 ocu_l_i
3142 5507 3403 5582 dicuntur:
3441 5512 3687 5582 δαδοῦχοι
3736 5516 3965 5582 ἔρωτος,

2401 5580 2594 5654 amoris
2645 5579 3002 5654 lanipadiferi.
3046 5579 3182 5654 llinc
3214 5581 3345 5634 illud
3373 5579 3723 5654 Philemonis,
3763 5579 3970 5654 Όρῶςι

2398 5649 2597 5729 πάντες
2638 5646 3001 5730 πρῶτον,ίεῖτ⁹
3042 5650 3400 5730 έθαύμασαν,-
3419 5649 3515 5704 εἶτ’
3543 5658 3621 5718 εἰς
3649 5646 3840 5708 ἐλπίδέ
3874 5661 3965 5709 έν·-

2397 5720 2620 5783 ἐπεσαν,
2652 5720 2793 5771 οὕτω
2820 5721 3025 5786 γίνεται
3055 5723 3114 5773 ὲκ
3143 5721 3345 5775 τούτων
3377 5723 3535 5792 ἔρως.
