4248 6444
289 404 401 470 689

1491 414 2016 478 EPISTULARUM
2040 419 2268 479 LIBER
2297 421 2346 480 Ι.

3384 424 3505 487 690·

351 517 459 580 ιιθι.
487 514 672 586 Μέθην
704 519 797 571 καὶ
835 521 1044 590 τρυφὴν
1097 524 1202 575 τῶν
1231 525 1526 595 ἀρχόντων,
1577 527 1833 590 ναυάγιον
1862 533 1907 588 Α
2003 528 2028 581 9

1810 542 1833 577 ν
1862 533 1907 588 Α
2003 528 2090 582 99.
2130 527 2455 582 Ebrietatem
2502 528 2806 599 principum
2862 537 3020 598 atque
3050 530 3229 583 luxum
3278 532 3487 584 naulra-

274 605 469 672 νόμιζε
494 607 603 659 τῶν
631 608 965 679 ἀρχομένων.
1005 612 1131 664 Ὅτε
1160 613 1270 684 γὰρ
1297 616 1325 666 ό
1371 615 1702 686 κυϐερνήτης
1733 632 1830 667 κα-

270 698 655 762 ταποντίζεται
700 705 764 771 τῇ
796 702 1078 775 πλησμονῇ
1126 708 1221 758 καὶ
1248 706 1326 777 τῷ
1380 708 1527 778 οἴνῳ,
1556 709 1674 772 πῶς
1709 708 1827 779 οὐχὶ

275 789 495 859 μυρίοις
520 791 723 858 κύμασι
752 795 847 848 καὶ
867 795 1125 850 κλυδῶσιν
1151 799 1398 869 ἐσχάτοις
1425 802 1458 870 ἡ
1479 801 1827 872 κυϐερνωμέ-

272 896 345 949 νη
383 884 749 954 πῳσαρράξει
804 886 1066 952 πολιτεία,
1120 890 1210 945 καὶ
1246 892 1313 963 τῇ
1362 891 1454 944 τοῦ
1499 892 1835 963 κυϐερνήτου

273 975 821 1048 ουγκαταποθήσεται
844 979 1123 1052 ἀπωλείας

347 1172 417 1245 ρ’.
442 1175 659 1247 Μηδένα
684 1178 947 1248 μηδέποτε
984 1178 1304 1251 ἀνθρώπων,
1339 1181 1469 1253 μηδὲ
1496 1182 1603 1236 τῶν
1646 1182 1829 1252 τυχόν-

271 1281 406 1329 των,
468 1267 548 1329 είς
600 1268 911 1337 ἀπόγνωσιν
950 1272 1269 1345 συνελάσῃς.
1300 1273 1541 1345 Ἰσχυρὸν
1579 1276 1686 1345 γὰρ
1736 1274 1832 1327 καὶ

272 1356 494 1427 ἄμαχον
546 1359 856 1428 ἀπόγνωσις
899 1362 1083 1429 ὅπλον,
1144 1366 1238 1418 καί⁵
1298 1365 1556 1429 πολλάκις
1620 1366 1831 1435 ἀνάγκη

285 1449 715 1519 στρατηγήσασα
764 1452 1013 1517 πράξεων
1065 1454 1387 1526 παραϐόλων
1409 1494 1426 1521 ,
1479 1455 1832 1521 ἀνελπίστους

279 1540 585 1607 μεταϐολὰς
607 1543 976 1614 ἐξειργάσατο,
1002 1545 1097 1599 καὶ
1123 1547 1253 1618 πρὶν
1278 1548 1314 1617 ἢ
1340 1548 1613 1617 γενέσθαι,
1634 1547 1838 1616 μύθους

274 1628 654 1698 νομιζομένας.

352 1800 456 1873 ρα⁰.
486 1805 737 1875 Ἀριστον
768 1807 864 1876 μὲν
889 1807 1161 1880 ἀνθρώπῳ
1202 1809 1276 1881 μὴ
1317 1811 1654 1883 διαμαρτεῖν,
1701 1815 1833 1885 μηδὲ

1934 618 2078 686 gium
2107 631 2225 672 esse
2251 617 2498 675 existima
2527 619 2886 673 subditorum.
2933 620 3158 684 Quando
3190 621 3331 673 enim
3364 622 3490 675 vino

1935 719 2094 779 atque
2130 713 2343 781 crapula
2365 713 2708 783 gubernator,
2755 723 3005 781 tanquam
3037 713 3191 777 mari,
3227 713 3491 782 demergi-

1936 812 2041 867 tur,
2070 817 2291 857 necesse
2312 813 2397 857 est
2425 811 2484 856 ut
2508 804 2805 872 respublica
2823 805 2940 871 eius
2969 803 3343 872 gubernationi
3370 820 3490 857 cre-

1934 894 2063 957 dita,
2094 896 2361 950 sexcentis
2395 895 2645 950 ﬂuctibus
2672 906 2727 951 et
2753 897 3113 951 alluvionibus
3137 897 3284 951 allisa
3321 895 3488 965 agite-

1934 992 2041 1052 tur,
2094 986 2204 1041 imo
2235 996 2289 1041 et
2325 1004 2429 1041 una
2465 1004 2589 1042 cum
2630 990 2987 1059 gubernatore
3026 988 3273 1043 demerso
3300 1029 3315 1052 ,
3374 986 3492 1057 pari

1934 1093 2146 1147 quoque
2175 1078 2395 1139 interitu
2428 1080 2568 1135 male
2598 1089 2801 1149 pereat.

2004 1170 2125 1225 100.
2161 1169 2441 1227 Neminem
2489 1173 2820 1237 mortalium,
2857 1188 2927 1227 ne
2963 1173 3178 1243 quidem
3224 1173 3495 1228 obscuris-

1934 1263 2215 1329 simorum,
2250 1264 2319 1319 ad
2364 1265 2795 1334 desperationem
2822 1267 3025 1336 adigas.
3071 1267 3167 1321 Est
3211 1267 3355 1320 enim
3402 1266 3495 1320 de-

1940 1356 2173 1424 speratio
2224 1356 2501 1411 robustum
2530 1358 2797 1428 quoddam
2842 1364 2898 1411 et
2949 1356 3254 1411 inevitabile
3301 1356 3493 1411 telum.

1936 1445 2079 1511 Quin
2103 1462 2246 1517 sape
2270 1447 2483 1513 accidit,
2525 1456 2585 1502 ut
2612 1462 2892 1518 progressa
2914 1446 2968 1500 in
2995 1447 3164 1501 aciem
3179 1446 3494 1510 necessitas,

1936 1553 2117 1592 rerum
2144 1549 2339 1608 prater
2364 1540 2821 1609 exSpectationem
2840 1540 3165 1593 mutationes
3192 1554 3299 1592 una
3338 1537 3496 1591 indu-

1939 1629 2076 1682 xerit
2100 1629 2513 1699 inexspectatas,
2539 1646 2675 1699 quas
2694 1630 2813 1683 loco
2844 1630 3145 1683 fabularum
3178 1629 3375 1683 habere
3397 1642 3495 1680 vo-

1939 1718 2121 1784 lueris,
2145 1729 2589 1789 antequam-actu
2620 1721 3008 1789 compleantur.

2012 1809 2132 1863 101.
2172 1808 2444 1878 Optimum
2488 1820 2571 1865 est
2610 1820 2671 1864 ut
2708 1811 2871 1865 homo
2897 1826 2999 1864 nec
3026 1808 3247 1863 omnino
3274 1808 3495 1861 aberra-

276 1892 378 1961 τῆς
415 1893 579 1965 ὀρθῆς
631 1898 863 1968 κρίσεως
893 1899 1300 1972 ἀποσφαλῆναι⁸
1358 1882 1577 1957 συνετοῦ
1610 1882 1712 1968 δὲ,
1737 1882 1831 1958 καὶ
1863 1882 1911 1943 Β
1935 1914 1953 1951 1

1815 1907 1831 1958 ι
1863 1882 1911 1943 Β
1935 1906 2035 1964 ret,
2066 1914 2168 1955 nec
2212 1915 2245 1954 a
2270 1903 2387 1955 sani
2420 1900 2610 1970 judicii
2641 1916 2829 1955 norma
2869 1902 3187 1962 excederet;
3236 1900 3330 1952 sed
3362 1915 3492 1968 pru-

280 1983 515 2036 πεσόντα
530 1984 719 2039 θᾶττον
736 1988 1051 2060 ἀναστῆναι,
1069 1994 1163 2046 καὶ
1182 1993 1415 2063 χρῆσθαι
1456 1994 1535 2065 τῷ
1560 1996 1833 2067 πταίσμα-

278 2091 353 2140 τι,
380 2076 518 2146 πρὸς
542 2077 604 2130 τὺ
632 2078 708 2150 μὴ
737 2080 899 2135 πάλιν
921 2086 1106 2136 πεσεῖν
1129 2086 1565 2157 παραγγέλματι.

350 2170 453 2242 ρβ’.
491 2173 562 2225 Τὸ
585 2176 710 2245 περὶ
740 2177 862 2241 τοὺς
899 2177 1091 2241 πόνους
1130 2179 1393 2247 ἑκούσιον,
1425 2183 1533 2236 τῶν
1564 2185 1833 2239 ἀκουσίων

278 2261 591 2331 ἀφαιρεῖται
611 2264 673 2318 τὸ
700 2266 971 2336 ἀφόρητον
1000 2269 1346 2340 καὶ-χαλεπόν
1367 2288 1382 2303 '
1408 2272 1477 2326 δι’
1508 2273 1536 2327 5
1566 2276 1831 2346 χρήσιμος

279 2349 313 2417 ἡ
350 2350 409 2401 ὲν
432 2351 541 2413 τοῖς
566 2354 840 2417 ἀκουσίοις
863 2355 1024 2427 τριϐὴ
1050 2360 1145 2411 καὶ
1175 2360 1398 2430 μελέτη.

356 2549 458 2613 ργθ.
510 2544 769 2615 Ἀρχικῆς
813 2548 1012 2619 ἀρετῆς
1059 2550 1155 2603 καὶ
1176 2549 1410 2616 τελείας,
1452 2555 1525 2624 μὴ
1589 2555 1749 2626 μόνον
1772 2558 1833 2611 τὸ

280 2635 486 2704 πλῆθος
513 2638 858 2707 αἰσχύνεσθαι
914 2641 1050 2711 πρὸς
1075 2642 1136 2695 τὸ
1188 2644 1262 2716 μὴ
1300 2645 1667 2717 ἁμαρτάνειν,
1701 2651 1835 2704 ἀλλά

280 2728 377 2781 καὶ
406 2730 599 2784 ἑαυτὸν
624 2733 731 2801 πρὸ
759 2731 853 2787 τοῦ
885 2733 1142 2805 πλήθους.

357 2819 455 2891 ρδ’.
498 2821 563 2875 Ἠ
598 2822 689 2876 διὰ
719 2823 890 2891 λόγων
920 2824 1077 2895 ὕϐρις
1122 2831 1234 2891 τοῖς
1264 2830 1565 2901 ἐλευθέροις
1593 2835 1653 2887 ού
1702 2836 1834 2889 πολὺ

285 2914 656 2984 παραλλάσσει
680 2916 778 2986 τῆς
804 2917 892 2971 διά
913 2919 1135 2990 πληγῶν
1163 2923 1258 2975 καὶ
1279 2924 1574 2993 μαστίγων.
1604 2927 1724 2999 Χρὴ
1746 2924 1836 2983 οῦν

283 3006 795 3075 παραφυλάττεσθαι
813 3008 875 3061 τὸ
896 3011 1163 3079 προπετὲς
1179 3013 1240 3065 τὸ
1262 3014 1319 3067 ὲν
1342 3015 1568 3081 τούτοις.
1592 3019 1665 3071 Οὐ
1697 3019 1838 3090 μέγα

284 3099 395 3169 γὰρ
425 3096 631 3167 δοκοῦν,
672 3101 911 3171 μεγάλας
943 3101 1096 3175 φέρει
1127 3104 1351 3175 ζημίας.

361 3278 458 3343 ρε’.
493 3273 727 3338 Πολλοὺς
776 3274 1005 3346 ἔϐλαψεν
1032 3278 1380 3349 εὐτραπελία⁶
1432 3283 1540 3338 ἀπὸ
1569 3285 1676 3357 γὰρ
1696 3286 1840 3354 γνὼ-

295 3382 403 3434 μης
443 3366 803 3420 διεκπεσοῦσα
850 3370 1173 3441 παιζούσης,
1218 3374 1406 3443 καιρία
1437 3375 1619 3444 πληγὴ
1653 3376 1839 3443 γέγονε

286 3459 401 3520 τοῖς
419 3458 802 3528 διαπαιχθεῖσι’
824 3462 917 3513 καὶ
948 3461 1176 3532 βραχείᾳ
1203 3463 1392 3535 τέρψει
1418 3467 1525 3519 τῶν
1557 3468 1839 3538 ἐπιτυχόν-

288 3565 417 3611 των,
480 3550 714 3617 μεγάλας
769 3549 952 3605 έτεκεν
1006 3552 1202 3624 έχθρας
1236 3557 1344 3607 τῶν
1374 3558 1694 3615 σπουδαίων.
1740 3562 1842 3614 Ἦν

290 3641 456 3692 παντὶ
489 3639 583 3708 μὲν
605 3640 831 3710 ἔμφρονι
858 3644 1331 3712 παραφυλακτέον,
1356 3647 1573 3718 ἄρχοντι
1598 3648 1655 3701 δὲ
1683 3651 1843 3718 μάλι-

292 3749 393 3785 στα
418 3732 524 3784 τῶν
557 3732 728 3785 ἄλλων
754 3748 768 3761 °
806 3733 886 3786 ὅτι
922 3736 1012 3786 καὶ
1042 3737 1277 3803 χυδαῖον,
1336 3739 1429 3789 καὶ
1487 3744 1844 3811 καταφρονεῖ-

293 3825 418 3877 σθαι
448 3825 719 3897 μᾶλλον,ἦ
750 3829 1197 3898 χαριεντίζεσθαι,
1226 3832 1648 3902 παρασκευάζει.

366 4000 476 4073 ρς’.
507 4002 821 4071 Εὐεργετῶν
852 4004 913 4060 τὸ
950 4005 1186 4076 ὑπήκοον
1223 4010 1601 4080 περιφρούρει,
1639 4012 1715 4075 ὡς
1746 4014 1847 4084 τῆς

295 4096 473 4166 ἀρχῆς
491 4095 657 4168 νεῦρα
689 4096 783 4150 καὶ
802 4098 973 4150 οίκεῖα
1000 4099 1155 4170 μέλη.
1200 4102 1454 4156 Ἐκείνων
1482 4103 1591 4174 γάρ
1617 4105 1846 4160 διασπα-

298 4187 551 4253 σθέντων,
607 4188 852 4253 κίνδυνος
903 4190 999 4245 καὶ
1056 4191 1155 4263 τὴν
1206 4193 1305 4266 σὴν
1376 4196 1843 4264 συγκαταλύεσθαι

295 4279 565 4345 ἐξουσίαν.

372 4371 470 4441 ρξ’.
502 4372 612 4434 Τάς
650 4372 1025 4444 μελετωμένας
1058 4386 1087 4414 η
1124 4377 1361 4442 στάσεις,
1399 4378 1521 4433 ὅσαι
1552 4380 1629 4450 μὴ
1658 4382 1843 4435 σϐέσαι

298 4462 449 4533 ῥᾷον,
486 4463 705 4532 ἄμεινον
743 4465 961 4532 ἀγνοίας
1018 4467 1300 4539 ὑποκρίσει
1349 4469 1549 4535 δοῦναι,
1579 4474 1673 4526 καὶ
1707 4473 1843 4546 λήθῃ

1932 1989 2106 2045 dentis
2145 1999 2229 2045 est
2252 2028 2269 2056 ,
2306 1992 2626 2061 quantocius
2678 2000 2739 2045 ut
2793 1992 3058 2060 collapsus
3089 1999 3335 2060 resurgat
3362 2030 3377 2056 ,
3440 1998 3495 2044 et

1931 2076 2136 2150 lapsum
2167 2084 2245 2137 sic
2262 2099 2419 2139 suum
2456 2084 2701 2139 instituat
2722 2100 2790 2139 ne
2821 2086 3073 2154 deinceps
3099 2086 3324 2140 labatur.

2000 2172 2123 2229 102.
2164 2174 2425 2230 Voluntas
2463 2176 2518 2229 in
2539 2176 2813 2232 laboribus
2835 2176 3193 2245 suscipiendis
3217 2183 3487 2244 prompta,

1933 2266 2419 2323 involuntariorum
2441 2269 2571 2324 illud
2603 2270 2798 2324 durum
2831 2270 2994 2323 telum
3015 2277 3069 2323 et
3098 2267 3495 2323 intolerandum

1932 2355 2146 2429 frangit.
2179 2357 2453 2429 Optimum
2480 2370 2564 2417 est
2588 2360 2751 2432 igitur
2781 2360 2849 2415 de
2873 2360 3186 2415 voluntariis
3218 2363 3489 2418 meditario

1931 2458 1985 2504 et
2013 2449 2066 2503 in
2092 2450 2281 2505 iisdem
2318 2451 2599 2507 inhaerere.

2002 2539 2124 2595 l05.
2163 2542 2241 2595 Ad
2271 2544 2524 2597 virtutem
2555 2552 2610 2598 et
2640 2544 3024 2614 perfectionem
3062 2547 3315 2615 principis
3372 2560 3495 2614 spe-

1934 2640 2063 2695 ctat,
2090 2643 2205 2685 tum
2246 2634 2457 2687 turbam
2508 2637 2892 2705 promiscuam,
2945 2647 3058 2692 tum
3093 2638 3357 2708 imprimis
3406 2653 3493 2691 se-

1934 2723 2108 2793 ipsum
2134 2724 2338 2795 pudore
2364 2741 2396 2780 a
2421 2728 2653 2796 peccatis
2684 2729 2971 2783 abstinere.

2007 2816 2130 2870 104.
2165 2816 2502 2872 Contumelia
2552 2819 2733 2876 verbis
2783 2819 2989 2891 ingesta
3052 2820 3194 2889 apud
3245 2821 3496 2876 homines

1934 2906 2137 2961 liberos
2178 2924 2369 2977 parum
2409 2908 2590 2964 diﬂ’ert
2622 2926 2653 2964 a
2685 2911 2854 2981 plagis
2898 2914 3135 2980 acceptis
3171 2921 3225 2966 et
3255 2913 3495 2967 verberi-

1936 2998 2056 3051 bus.
2095 2998 2405 3054 Cavendum
2437 3009 2666 3072 estergo
2692 3016 2762 3055 ne
2792 3001 3044 3071 proclivis
3068 3002 3255 3057 feraris
3274 3003 3341 3056 ad
3358 2986 3493 3056 icon-

1936 3090 2263 3156 viciandum,
2316 3093 2582 3162 siquidem
2628 3095 2683 3148 id
2713 3095 2857 3163 quod
2902 3095 3045 3148 haud
3088 3095 3327 3150 creditur
3375 3111 3496 3149 ma-

1866 3220 1908 3278 C
1940 3199 2123 3278 gnum,
2154 3200 2344 3278 magna
2382 3186 2579 3241 damna
2604 3195 2881 3257 procurat.

2018 3276 2130 3329 l05.
2167 3276 2360 3331 Multos
2410 3278 2688 3332 urbanitas
2713 3278 2849 3332 laesit
2874 3295 2888 3331 :
2918 3278 2986 3331 ab
3013 3278 3197 3332 animo
3233 3276 3513 3346 siquidem.

1941 3366 2143 3420 ludenti
2170 3368 2430 3436 profecta,
2451 3368 2738 3437 aliquando
2765 3368 2960 3423 vulnus
2987 3368 3183 3422 letbale
3212 3367 3383 3421 illusis
3410 3366 3497 3439 in-

1941 3456 2073 3525 ﬂigit
2103 3475 2118 3512 :
2152 3473 2271 3526 qua:
2288 3474 2384 3527 per
2407 3459 2695 3512 admodum
2712 3459 2929 3512 brevem
2952 3457 3365 3511 oblectationem
3386 3457 3501 3510 cui-

1941 3564 2153 3619 cunque
2175 3550 2334 3605 obvio
2360 3554 2675 3621 impensam,
2696 3551 3001 3605 inimicitias
3028 3550 3185 3603 etiam
3212 3564 3397 3619 graves
3416 3549 3498 3601 in-

1944 3648 2024 3693 ter
2048 3640 2337 3709 prudentes
2366 3641 2640 3695 excitavit.
2669 3639 2819 3694 Hanc
2855 3640 2978 3693 ideo
3000 3640 3225 3708 quisque
3262 3640 3498 3707 prudens

1942 3734 2181 3797 evitabit,
2204 3735 2449 3802 princeps
2466 3734 2755 3802 imprimis;
2777 3749 2899 3787 cum
2922 3748 3006 3785 res
3024 3732 3110 3795 sit,
3129 3747 3245 3800 qua:
3256 3740 3498 3785 contem—

1944 3834 2091 3895 ptum
2122 3825 2302 3894 potius
2329 3824 2489 3896 parit,
2514 3840 2673 3893 quam
2702 3825 2926 3895 gratiam
2954 3825 3038 3878 vel
3074 3823 3499 3891 acceptationem

1946 3918 2200 3986 aliquam.

2020 4006 2137 4060 106.
2178 4004 2458 4059 Beneﬁciis
2491 4006 2736 4061 subditos
2795 4006 3214 4067 circumvallato,
3246 4012 3501 4072 tanquam

1944 4113 2139 4153 nervos
2183 4098 2417 4166 imperii,
2448 4106 2504 4151 et
2538 4108 2632 4153 tua
2650 4099 2828 4169 ipsius
2867 4099 3127 4153 membra.
3154 4096 3287 4151 Nam
3317 4096 3361 4150 si
3409 4096 3501 4149 illa

1947 4190 2339 4260 discerpantur,
2373 4190 2684 4258 periculum
2708 4191 2804 4245 tibi
2838 4191 3087 4245 interitus
3118 4190 3411 4252 incumbet,
3443 4197 3502 4244 et

1947 4282 2018 4337 im
2026 4282 2158 4353 perii
2190 4283 2376 4336 ruinae.

2018 4376 2139 4428 107.
2206 4374 2512 4429 Seditiones
2577 4376 3109 4445 conspirationesque
3161 4390 3296 4444 quas
3345 4374 3503 4428 facile

1946 4474 2053 4521 no‘n
2087 4468 2209 4522 licet
2240 4468 2604 4538 exstinguere,
2637 4469 2961 4523 conduceret
2987 4482 3086 4536 per
3121 4466 3498 4521 dissimulatio-

297 4553 553 4622 καλύψαι,
683 4554 1118 4626 θριαμϐεύσαντα
1173 4560 1465 4625 ἐπεξιέναι.
1512 4564 1585 4615 Τὸ
1612 4565 1709 4633 μὲν
1739 4568 1845 4638 γὰρ
1876 4567 1921 4623 ι)
1948 4575 1974 4612 ι]

1817 4585 1845 4638 ρ
1876 4567 1921 4623 ι)
1948 4575 2072 4613 nem
2112 4568 2172 4613 et
2210 4568 2531 4628 praetean
2570 4559 2928 4631 ignorantiam
2970 4559 3220 4613 oblivioni
3261 4560 3490 4623 tradere,

298 4645 409 4699 ἔσθ’
438 4648 526 4700 ὅτε
556 4648 649 4701 καὶ
694 4650 851 4701 πλέον
901 4649 1069 4720 ἀνῆψε
1109 4651 1207 4722 τὴν
1241 4653 1431 4722 φλόγα,
1462 4657 1554 4708 καὶ
1579 4658 1845 4726 χαλεποὺς

296 4740 494 4808 1ἤνεγκε
545 4740 837 4803 κινδύνους,
885 4743 978 4794 καὶ
1010 4742 1173 4813 πολλῇ
1226 4744 1319 4797 καὶ
1363 4745 1453 4797 τὸν
1512 4746 1841 4802 διασωθέντα

297 4829 583 4897 περιέϐαλε
619 4828 809 4901 ζημίᾳο
838 4832 896 4883 τὸ
917 4831 994 4891 δὲ.
1030 4834 1243 4903 πραέως
1266 4835 1550 4905 κοιμίζειν,
1574 4838 1668 4889 καὶ
1704 4839 1841 4906 μετά

296 4921 390 4973 τοῦ
414 4921 714 4987 ἀκινδύνου,
736 4922 797 4974 τὸ
828 4922 1203 4994 φιλάνθρωπον
1225 4928 1315 4980 καὶ
1344 4928 1557 4981 συνετὸν
1589 4930 1682 4983 καὶ
1704 4931 1839 4999 ἀζή-

300 5031 421 5083 μιον
443 5013 710 5084 περιέχει.

370 5290 473 5353 ρη’.
512 5280 621 5337 Δεῖ
642 5284 732 5337 τὸν
764 5286 1018 5357 ἄρχοντα,
1052 5290 1362 5360 φερομένων
1394 5292 1500 5361 μὲν
1528 5290 1674 5360 αὐτῷ
1700 5288 1838 5342 κατὰ

300 5376 425 5449 ῥοῦν
450 5376 557 5429 τῶν
584 5379 918 5447 πραγμάτων
946 5382 1036 5433 καὶ
1056 5378 1115 5435 εὖ
1139 5382 1496 5449 συνεστώτων,
1529 5383 1603 5448 ὡς
1626 5383 1843 5436 σαλευο-

301 5468 477 5539 μένων
504 5468 891 5538 ἀσφαλίζεσθαι
921 5472 1013 5525 καὶ
1050 5473 1439 5544 ἐπιμελεῖσθαι.
1515 5477 1837 5545 Ἀνατρεπο-

1950 4666 2110 4719 quam
2165 4651 2379 4719 publico
2404 4651 2555 4719 quasi
2586 4651 2860 4720 triumpho
2888 4652 3184 4720 propalare.
3230 4649 3304 4703 Ita
3350 4651 3494 4704 enim

1951 4742 2063 4795 ﬁeri
2104 4740 2238 4795 solet
2268 4748 2327 4792 ut
2360 4738 2572 4793 ﬂamma
2602 4738 2770 4809 magis
2788 4754 2856 4792 ex
2879 4755 2945 4793 eo
2981 4738 3303 4792 accendatur
3326 4744 3383 4790 et
3406 4751 3498 4806 pe-

1946 4831 2113 4885 ricula
2163 4844 2272 4883 non
2316 4830 2453 4884 levia
2479 4838 2730 4883 creentur
2760 4846 2775 4895 ;
2806 4830 2937 4898 quin
2984 4839 3037 4882 et
3096 4827 3309 4882 nonnisi
3361 4827 3499 4880 male

1946 4924 2199 4977 multatus
2261 4922 2487 4975 salutem
2525 4922 2627 4974 sibi
2669 4921 2792 4990 quis
2839 4922 3246 4989 comparaverit.
3288 4918 3328 4971 E
3379 4934 3500 4972 cono

1944 5017 2106 5072 trario
2132 5030 2277 5078 vero,
2309 5013 2679 5067 moderatione
2706 5013 2915 5081 sopitur
2941 5013 3162 5075 malum,
3196 5020 3250 5064 et
3275 5020 3501 5080 praeter-

1940 5124 2099 5178 quam
2124 5107 2265 5176 quod
2297 5106 2413 5160 sine
2442 5106 2680 5175 periculo
2710 5106 2797 5166 sit,
2830 5105 3228 5169 misericordias,
3260 5104 3499 5173 pruden:

1942 5191 2048 5265 tiaa,
2072 5201 2424 5267 utilitatisque
2453 5199 2717 5253 rationem
2744 5197 2908 5251 subit.

2013 5292 2132 5346 108.
2173 5291 2479 5360 Principem
2526 5300 2758 5359 oportet,
2786 5305 2910 5343 cum
2942 5297 3081 5342 statu
3124 5289 3361 5343 secundo
3412 5304 3499 5341 res

1943 5385 2043 5455 ipsi
2076 5384 2370 5438 succedant
2414 5392 2470 5437 et
2498 5383 2552 5437 in
2583 5390 2699 5435 tuto
2733 5382 2847 5438 sitm
2874 5397 2992 5437 esse
3033 5381 3340 5447 videantur,
3387 5397 3497 5434 non

1942 5493 2099 5532 secus
2122 5486 2302 5531 tamen
2324 5492 2487 5546 quam
2514 5476 2569 5531 in
2594 5483 2912 5546 tempestate
2934 5490 3251 5546 procurare,
3279 5483 3333 5531 et
3358 5474 3504 5529 salm

1588 5723 1817 5782 ἺΔΒΙΔΞ
1851 5724 2248 5785 ιεςτωαεδ.

372 5815 400 5845 ³
434 5810 559 5883 ιιι.
592 5812 1048 5885 μεμελετημένας-
