4248 6444
813 373 914 442 691

1955 369 2216 434 ΡΗΟΤΙῘ
2254 366 2752 429 ΡΑΤΗΙΑΒΕΗΕ
2789 367 2896 428 CP.

3902 362 4017 435 692

815 496 884 550 tis
928 492 1186 550 habendae
1235 492 1495 547 rationem
1529 505 1756 562 gerere;
1798 489 2130 544 conturbatis
2172 497 2348 540 autem
2380 489 2425 542 Α
2454 502 2492 553 μ

2337 504 2348 538 ι
2380 489 2425 542 Α
2454 483 2629 553 μένων
2651 483 2728 545 δέ,
2757 484 2852 535 καὶ
2882 478 3358 552 συρῤηγνυμίνων,
3391 479 3468 544 ὡς
3487 478 3556 534 ἂν
3577 476 4014 549 ἐπαναχθείησαν

809 586 992 648 rebus,
1035 596 1088 639 et
1114 583 1169 637 in
1194 598 1254 638 se
1281 580 1500 643 collisis.
1527 580 1673 636 omni
1695 579 1922 635 consilio
1949 587 2004 632 et
2036 576 2360 647 cogitatione

812 677 1147 738 incumbere,
1173 683 1232 728 ut
1262 673 1315 726 in
1344 681 1547 726 statum
1575 671 1906 740 redigantur,
1935 678 1992 723 et
2017 669 2154 723 bene
2180 666 2354 720 stabi-

807 768 1027 822 liantur.
1063 765 1194 819 Nam
1224 780 1343 833 qua:
1379 765 1450 818 ita
1477 771 1780 832 comparata
1803 769 1946 824 sunt,
1985 769 2044 813 ut
2066 760 2117 811 in
2150 767 2354 826 partem

805 858 1116 913 utramlibet
1148 856 1407 919 ferantur,
1448 856 1564 923 ipsa
1606 853 1934 923 experientia
1972 852 2221 913 docente,
2257 848 2356 902 tle-

804 951 1009 1020 sperari
1051 965 1156 1003 non
1185 949 1400 1003 debent.
1450 947 1555 1002 Sed
1600 945 1870 1000 interdum
1912 944 2113 998 factum
2151 943 2252 996 fuit
2295 952 2356 996 ut

806 1059 994 1098 secura
1013 1041 1353 1112 negligentia,
1375 1039 1621 1108 quamvis
1640 1037 1866 1101 tantilla,
1885 1036 2210 1106 principatus
2239 1050 2354 1087 ma—

806 1150 942 1201 gnos
982 1143 1036 1186 et
1057 1131 1385 1186 excellentes
1414 1126 1863 1198 pessumdederit,
1892 1140 2026 1194 quos
2048 1126 2118 1177 ita
2165 1124 2350 1178 detur-

803 1227 958 1279 batos
990 1225 1217 1294 diligens
1257 1237 1382 1277 cum
1413 1231 1560 1275 recto
1586 1219 1813 1274 consilio
1839 1218 2116 1283 industria,
2144 1218 2200 1271 in
2237 1232 2350 1270 ma-

802 1316 1138 1386 gnitudinem
1166 1315 1417 1368 eximiam
1448 1313 1719 1376 reductos,
1747 1309 2088 1366 reStauravit.

875 1405 992 1460 109.
1032 1404 1338 1458 Prudentes
1365 1412 1420 1457 et
1459 1403 1698 1456 moribus
1718 1399 2005 1470 compositi
2037 1401 2134 1454 viri
2186 1401 2349 1454 rebus

2463 576 2555 628 καὶ
2577 574 2905 643 ἐδρασθεῐεν,
2929 571 3273 643 βουλεύεσθαι
3303 571 3394 625 καὶ
3426 569 3729 642 φροντίζειν
3748 586 3764 601 ο
3787 569 4013 622 οὐδέτε-

2459 684 2552 737 ρον
2582 668 2692 736 γὰρ
2715 665 2822 717 τῶν
2851 665 2940 717 ἐπὶ
2967 664 3220 734 τάναντία
3247 664 3520 733 φερόντων
3546 663 3580 731 ἠ
3609 663 3771 732 πεῖρα
3796 661 4014 714 δείκνυ⁹

2459 775 2543 810 σιν
2567 759 2902 814 ἀνέλπιστον.
2944 756 3102 810 Ἀλλὰ
3139 756 3397 819 πολλάκις
3421 754 3590 826 μικρὰ
3625 752 3882 824 ῥᾳστώνη
3913 769 4015 822 με-

2457 852 2625 918 γάλας
2650 852 2819 920 ἀρχὰς
2847 850 2939 902 καὶ
2969 849 3304 919 ὑπερόγκους
3332 851 3693 916 κατήνεγκεν,
3725 845 3821 897 καὶ
3842 843 4015 897 πάλιν

2460 939 2664 1008 σπουδὴ
2697 941 2803 1000 ,σὺν
2846 937 3115 1008 εὐϐουλίᾳ,
3137 938 3216 1000 εἰς
3246 936 3388 1007 μέγα
3403 936 3680 1006 δυνάμεως
3705 931 3840 1002 ὕψος
3879 933 4014 993 τοὺς

2455 1032 2871 1104 κατενεχθέντας
2893 1030 3260 1099 ἐπανήγαγεν.

2522 1380 2622 1450 ρθ’.
2655 1381 2714 1434 Οῑ
2768 1380 3031 1450 ἔμφρονες
3084 1377 3180 1431 καὶ
3212 1375 3491 1438 εὐσταθεῖς
3530 1373 3640 1428 τῶν
3675 1372 4008 1443 ἀνθρώπων,

800 1496 1073 1566 prosperis
1120 1511 1231 1550 non
1266 1494 1537 1557 inﬂantur,
1572 1496 1667 1548 sed
1700 1467 1970 1547 moderata
1999 1494 2227 1562 quadam
2279 1492 2348 1545 de
2450 1491 2477 1526 κ

2330 1506 2348 1545 3
2450 1473 2837 1543 κατορθοῦντες
2867 1473 2984 1541 μὲν,
3006 1472 3066 1523 οὐ
3096 1469 3434 1539 φυσιοῦνται,
3462 1469 3598 1523 ἀλλά
3637 1467 3837 1536 μετρίῳ
3876 1481 4007 1535 φρο-

798 1600 860 1639 se
903 1585 1159 1654 opinione
1214 1584 1485 1638 felicitatis
1543 1598 1652 1637 suae
1700 1597 2008 1635 mensuram
2059 1588 2341 1643 exornant,

801 1690 908 1743 qua
939 1685 994 1729 et
1019 1676 1321 1729 invidorum
1352 1675 1551 1743 quique
1582 1673 2010 1727 malevolentiam
2043 1680 2339 1740 asperatam

796 1766 969 1821 lenire
991 1766 1183 1820 solent.
1212 1764 1366 1831 Quod
1388 1766 1432 1819 si
1452 1764 1849 1833 cespitaverint,
1873 1763 2084 1817 fortiter
2108 1763 2234 1815 illud
2264 1761 2340 1813 fe-

2447 1567 2649 1633 νήματι
2672 1563 2772 1632 τῆς
2804 1562 3106 1632 εὐπραγίας
3130 1561 3392 1630 κοσμοῦσι
3414 1560 3505 1643 τόν
3536 1559 3716 1625 δγκον,
3751 1556 3847 1610 καὶ
3895 1556 4010 1607 τῶν

2447 1657 2776 1724 φθονούντων
2796 1654 3182 1722 διαπραΰνουσι
3195 1652 3256 1704 τὸ
3276 1651 3624 1719 φλεγμαῖνον.
3649 1645 4010 1716 Περιπταίον⁴

2447 1764 2534 1811 τες
2557 1747 2634 1808 δὲ,
2660 1746 2881 1815 φέρουσι
2910 1744 3162 1812 γεναίως,
3183 1743 3275 1795 καὶ
3298 1742 3358 1794 τὸ
3383 1738 3763 1811 συνε[εν]χθέν,
3801 1735 4008 1806 ἀρετῆς

797 1867 946 1919 runt,
976 1857 1031 1910 in
1079 1866 1453 1927 argumentum
1487 1856 1700 1909 virtutis
1732 1870 1862 1917 suae,
1897 1856 1969 1918 id,
1999 1853 2140 1922 quod
2184 1852 2354 1905 conti-
2378 1826 2425 1885 Β
2457 1837 2474 1890 ί

2335 1881 2354 1890 -
2378 1826 2425 1885 Β
2457 1836 2710 1890 ὑπόθεσιν
2744 1835 3071 1904 ποιούμενοι,
3111 1833 3186 1902 τῷ
3226 1832 3417 1902 κράτει
3469 1831 3668 1899 ταύτης
3704 1824 4007 1895 δυναμοῦσι

797 1951 894 2021 git,
927 1951 1222 2010 trahentes,
1257 1949 1413 2016 cujus
1456 1955 1721 2016 potestate
1756 1954 1990 1999 mentem
2040 1945 2141 1998 sibi
2199 1958 2349 1997 suam

803 2041 1081 2099 roborant.
1103 2049 1156 2093 et
1176 2039 1606 2107 desperationem
1629 2053 1840 2091 omnem
1869 2037 1936 2090 ab
1956 2036 2136 2089 animo
2163 2035 2353 2103 procul

799 2131 1151 2184 amoliuntur.
1200 2130 1510 2199 lntelligunt
1565 2130 1708 2183 enim
1780 2143 1899 2182 esse
1954 2142 2040 2180 res
2090 2128 2353 2180 humanas

799 2237 990 2276 omnes
1043 2223 1358 2284 versatiles,
1418 2221 1692 2274 instabiles
1747 2229 1799 2273 et
1864 2219 2082 2272 minime
2132 2219 2347 2271 firmas:

800 2311 1036 2365 levitatis
1057 2326 1215 2378 porro
1237 2320 1292 2363 et
1318 2309 1637 2378 insipientia:
1659 2324 1779 2362 esse
1798 2349 1813 2371 ,
1851 2310 1958 2360 imo
1987 2315 2044 2360 et
2075 2307 2353 2375 pusillani-

799 2402 998 2455 mitatis
1027 2441 1042 2464 ,
1084 2401 1244 2455 rebus
1299 2401 1546 2455 secundis
1583 2401 1748 2454 attolli
1785 2410 1840 2454 et
1890 2398 2080 2461 inﬂari,
2118 2399 2353 2452 adversis

799 2501 979 2547 autem
1000 2490 1151 2544 valde
1177 2491 1354 2558 dejici,
1383 2501 1436 2543 et
1463 2505 1691 2543 maerore
1720 2490 1944 2559 turpiter
1977 2490 2251 2544 macerari.

873 2584 994 2638 110.
1051 2582 1416 2637 Prudentibus
1459 2585 1715 2637 convenit
1749 2585 1972 2638 adversa
2018 2584 2306 2652 praevidere
2333 2623 2350 2646 ,

802 2671 1098 2741 eademque
1148 2688 1242 2740 per
1278 2673 1563 2727 consilium
1592 2689 1782 2726 sanum
1815 2683 2116 2742 opportune
2172 2688 2352 2726 semoo

804 2778 951 2818 vere.
983 2761 1093 2817 Nec
1143 2764 1323 2816 minus
1352 2764 1624 2827 convenit,
1654 2779 1986 2833 quaecunque
2036 2764 2348 2826 acciderint,

805 2855 1011 2923 optime
1061 2856 1356 2922 composita
1389 2855 1549 2915 ferre.
1587 2864 1640 2909 et
1697 2856 1750 2908 in
1780 2871 1892 2909 rem
1934 2871 2086 2909 suam
2124 2866 2348 2910 vertere.

874 2945 998 3000 111.
1039 2946 1170 3000 Novi
1199 2963 1296 3016 ego
1323 2947 1607 3001 confertim
1645 2948 1978 3001 incurrentes
2016 2963 2195 3001 rerum
2236 2963 2352 3001 mo—

802 3037 922 3102 les,
975 3039 1342 3105 inexspectato
1405 3038 1678 3098 adventu,
1726 3038 1969 3091 homines
2032 3038 2344 3092 terrefactos

803 3141 859 3184 et
888 3139 1260 3184 consternatos
1304 3130 1548 3192 reddere,
1590 3129 1748 3183 etiam
1797 3137 2144 3196 spectatores,
2174 3137 2230 3182 et
2257 3128 2348 3197 qui

807 3220 1147 3289 tranquillius
1180 3219 1452 3288 aliquanto
1483 3219 1688 3273 ferrent
1722 3233 1807 3283 ea,
1845 3219 1979 3271 adeo
2018 3227 2096 3281 ut,
2132 3234 2231 3272 nec
2253 3219 2347 3271 ad-

802 3327 992 3365 versus
1021 3312 1198 3364 futura
1225 3319 1430 3366 stantes
1464 3313 1519 3366 in
1551 3314 1850 3381 procinctu,
1884 3326 2022 3365 onus
2056 3312 2181 3364 illud
2219 3327 2344 3380 pos-

803 3404 969 3457 sinta
998 3418 1057 3457 se
1087 3412 1361 3468 excutere;
1402 3414 1561 3472 atque
1604 3404 1674 3457 ita
1716 3405 1878 3458 etiam
1925 3419 2049 3458 cum
2091 3405 2347 3458 damnum

803 3490 932 3545 inde
961 3491 1242 3544 dimanans
1263 3507 1369 3544 non
1419 3492 1728 3562 adaugetur,
1757 3508 1939 3546 verum
1968 3493 2145 3560 potius
2169 3493 2350 3546 remit-

804 3591 967 3644 tatur,
997 3598 1094 3651 per
1120 3598 1297 3636 mores
1318 3584 1516 3651 alioqui
1542 3585 1910 3636 modestiores.
1945 3583 2084 3647 Vidi,
2109 3584 2345 3652 inquam,

803 3671 912 3726 vidi
964 3671 1219 3738 quasdam
1253 3686 1340 3724 res
1364 3672 1438 3724 ita
1467 3672 1806 3741 compositas.
1832 3682 1890 3724 ut
1917 3688 2013 3740 per
2035 3681 2347 3728 consuetam

804 3763 1238 3827 familiaritatem,
1287 3763 1540 3832 paulatim
1595 3763 1999 3832 progrediendo.
2048 3764 2343 3826 alleviataa,

804 3854 859 3908 in
884 3855 1059 3908 omnis
1095 3854 1354 3908 molestite
1382 3856 1669 3910 carentiam
1694 3857 2030 3921 evanuerint;
2060 3858 2192 3911 alias
2219 3874 2346 3911 vero

803 3943 1078 3996 interdum
1105 3958 1138 3997 e
1168 3944 1458 4006 contrario,
1488 3959 1581 3998 eos
1618 3945 1778 3998 etiam
1826 3946 1916 4014 qui
1961 3947 2033 3999 ita
2059 3947 2342 4012 vivebant,

805 4043 867 4087 ut
914 4035 1195 4098 auderent,
1237 4044 1490 4090 curarent
1540 4037 1693 4101 nihil,
1743 4046 1992 4106 tanquam
2044 4039 2276 4093 stimulis
2315 4057 2345 4095 e

802 4137 995 4177 somno
1024 4133 1274 4193 punctos,
1315 4126 1595 4180 excitasse.
1628 4125 1868 4196 Quisque
1909 4129 2052 4182 enim
2091 4130 2346 4200 inexspe-

801 4221 946 4268 ctato
972 4223 1027 4268 et
1047 4214 1326 4269 subitaneo
1359 4231 1534 4269 rerum
1555 4217 1784 4272 adventu
1813 4218 2092 4283 excitatus,
2116 4229 2171 4274 et
2193 4220 2344 4288 quasi

802 4303 1076 4374 prurigine
1104 4305 1365 4374 impulsus
1388 4305 1455 4359 ad
1492 4307 1753 4378 agendum
1783 4309 2009 4370 accedit,
2062 4310 2135 4363 ita
2174 4321 2232 4365 ut
2273 4326 2346 4365 ne

801 4392 1019 4462 quidem
1057 4394 1122 4449 ad
1155 4395 1312 4451 unius
1358 4397 1462 4451 diei
1525 4399 1759 4466 spatium
1814 4400 2049 4468 potuerit
2094 4402 2344 4457 resistere

2457 1929 2553 1997 τὴν
2578 1926 2822 1996 γνώμην,
2852 1926 2944 1977 καὶ
2961 1924 3020 1976 τὸ
3047 1922 3287 1993 ἀθυμοῦν
3311 1920 3608 1990 ἐξορίζουσι
3627 1919 3722 1988 τῆς
3744 1916 4006 1978 διανοίας.

2463 2023 2637 2072 ἰσασι
2662 2018 2770 2088 γὰρ
2800 2018 2861 2069 τὸ
2890 2017 2973 2084 ἐφ’
2994 2017 3228 2084 ἑκάτερα
3250 2012 3499 2082 τρεπτὸν,
3524 2011 3618 2063 καὶ
3641 2010 3892 2070 ἄστατον,
3911 2006 4010 2059 καὶ

2458 2111 2709 2163 ἀϐέϐαιον
2735 2109 2842 2160 τῶν
2873 2107 3243 2176 ἀνθρωπίνων.
3292 2101 3620 2172 Ἀφροσύνης
3652 2099 3709 2150 δὲ
3759 2098 3850 2149 καὶ
3876 2112 4008 2149 κους

2460 2202 2684 2269 φότητος
2720 2200 2809 2252 καί
2833 2197 3236 2264 ἀπειροκαλίας,
3262 2195 3322 2247 τό
3351 2208 3408 2244 τε
3435 2193 3491 2244 ἐν
3519 2192 3638 2252 ταῖς
3679 2186 4006 2256 εὐπραγίαις

2458 2291 2774 2361 ἐπαίρεσθαι
2804 2291 2895 2343 καὶ
2922 2289 2982 2340 τὸ
3004 2290 3062 2340 ἐν
3088 2291 3204 2350 ταῖς
3223 2283 3582 2354 δυσπραγίαις
3609 2280 3809 2350 σφόδρα
3837 2293 4009 2329 κατα-

2460 2385 2678 2436 πίπτειν
2703 2383 2794 2435 καὶ
2823 2381 3205 2450 ὲνασχημονεῖν
3233 2379 3298 2447 τῇ
3322 2375 3548 2446 ἀθυμίᾳ.

2527 2570 2615 2634 ρι’.
2657 2559 2886 2630 Ἀνδρῶν
2932 2558 3028 2628 μὲν
3051 2553 3307 2618 συνετῶν,
3341 2549 3630 2621 προνοῆσαι
3676 2545 3742 2597 τὰ
3769 2543 4006 2613 δυσχερῆ

2458 2657 2550 2707 καὶ
2579 2650 2899 2706 ἀπώσασθαι
2931 2649 2996 2701 δι’
3029 2645 3302 2708 εὐϐουλίας
3324 2661 3336 2674 ’
3396 2644 3496 2694 οὐκ
3547 2639 3839 2692 ἐλαττόνων
3867 2643 3890 2664 ⁸
3920 2635 4004 2698 δὲ,

2458 2748 2647 2800 καὶτὰ
2680 2743 3060 2816 συμϐεϐηκότα
3116 2739 3292 2802 καλῶς
3346 2733 3622 2790 διαθέσθαι
3669 2732 3762 2784 καὶ
3797 2731 4007 2783 οἰκονο-

2461 2838 2650 2908 μῆσαι.

2529 2938 2651 3001 pta}.
2699 2925 2826 2981 Οἶδα
2856 2928 2968 2997 (56)
3015 2924 3240 2997 πράξεις
3287 2921 3480 2991 ἀθρόον
3531 2917 3852 2978 ἐπιστάσας,
3906 2912 4005 2965 καὶ

2454 3024 2528 3093 τῷ
2551 3023 2793 3094 ἀδοκήτῳ
2820 3022 2911 3074 τοῦ
2940 3016 3338 3089 συμϐεϐηκότος
3364 3012 3748 3079 ἐκπλαγέντας,
3768 3007 3893 3069 τοὺς
3914 3022 4008 3058 τε-

2457 3117 2769 3186 θεαμένους,
2797 3114 2892 3166 καὶ
2911 3111 3124 3181 ἡσύχως
3150 3108 3466 3175 ἐνεγκόντας
3496 3104 3564 3158 τὰ
3592 3101 4004 3170 συνενεχθέντα,

2456 3212 2546 3262 καὶ
2584 3209 2690 3261 οὐδ’
2721 3210 2800 3270 είς
2834 3208 2896 3259 τὸ
2937 3206 3125 3258 ἔπειτα
3156 3200 3571 3262 διαναστάντας,
3607 3192 4007 3250 ἀποτείσασθαι

2451 3304 2512 3356 τὸ
2542 3302 2705 3372 βάρος
2724 3316 2740 3331 ο
2767 3300 2997 3369 μάλιστα
3021 3297 3077 3348 δὲ
3098 3299 3195 3364 τῆς
3223 3294 3282 3359 ἐξ
3306 3291 3482 3346 αὐτῶν
3512 3290 3573 3342 οὐ
3601 3283 4006 3354 συναυξομένης

2454 3397 2681 3467 βλάϐης,
2710 3394 2845 3446 ἀλλά
2892 3393 2985 3444 καὶ
3015 3389 3232 3459 τρόποις
3271 3384 3449 3445 ἄλλοις
3502 3378 3823 3450 πραοτέροις
3866 3375 4005 3426 ὐπο-

2453 3487 2787 3556 χαλωμένης.
2833 3483 2979 3536 Ἰδὼν
3029 3480 3136 3550 γὰρ
3194 3478 3299 3530 [δον
3333 3475 3476 3535 ἐνίας
3502 3471 3672 3530 οὕτως
3710 3470 4006 3534 οἰκονομη-

2453 3582 2652 3643 θείσας,
2685 3579 2778 3630 καὶ
2800 3576 2878 3644 τῷ
2907 3573 3146 3642 συνήθει,
3186 3569 3301 3623 κατ’
3327 3568 3521 3635 ὀλίγον,
3553 3563 3646 3617 ἐπὶ
3683 3561 3842 3612 πλέον
3878 3576 4006 3610 συν-

2451 3671 2935 3740 επικουφιζομένας
2959 3708 2974 3732 ,
3020 3667 3100 3729 είς
3122 3666 3182 3716 τὸ
3204 3659 3552 3714 ἀλυπώτατον
3573 3651 3963 3724 ἀποκριθείσας
3983 3663 4000 3678 ο

2450 3768 2608 3829 ἄλλας
2638 3766 2694 3817 δὲ
2740 3759 3042 3816 τουναντίον
3065 3799 3081 3821 ,
3133 3756 3225 3808 καὶ
3269 3755 3393 3814 τοὺς
3430 3751 3564 3820 πρὸς
3595 3747 3852 3814 ἀμέλειαν
3904 3743 4003 3794 καὶ

2450 3857 2709 3926 ἀτολμίαν
2737 3855 2963 3918 ζῶντας,
3005 3850 3228 3918 κέντρου
3271 3845 3425 3914 δίκην
3454 3880 3468 3903 ,
3499 3840 3572 3902 ὡς
3601 3838 3660 3902 ἐξ
3687 3836 3878 3900 ὕπνου,
3922 3835 4003 3926 δι-

2451 3925 2830 4017 εγηγερκυίας.
2858 3942 2947 4012 Τῷ
2979 3941 3086 4009 γὰρ
3115 3937 3407 4007 παραλόγῳ
3435 3934 3528 3986 καὶ
3553 3925 4002 4017 ἐξαιφνιδίῳγτῷν

2451 4014 2883 4108 προστυχόντων,
2932 4033 3158 4091 ἕκαστος
3206 4023 3659 4098 ἀνηρεθισμένος,
3705 4018 3811 4078 πᾶς
3857 4014 4002 4108 ἀνὴρ

2448 4107 2561 4192 τοῖς
2589 4107 2905 4199 πράγμασιν
2933 4123 3170 4189 ἐγεγόνει
3195 4133 3208 4149 ⁸
3239 4119 3334 4170 καὶ
3353 4116 3473 4169 οὐδὲ
3495 4114 3588 4167 ἐπὶ
3619 4112 3744 4182 μιᾶς
3783 4107 4000 4199 ἡμέρας

2449 4197 2704 4293 ἀντέσχεν
2735 4219 2974 4288 ἐπισχεῖν
3009 4216 3074 4286 τῇ
3133 4207 3528 4279 καινοτομίαν·
3582 4203 3735 4258 ἄλλαι
3777 4199 3858 4293 δέ,
3907 4197 4002 4249 καὶ

2451 4291 2743 4374 aii-catini»
2769 4311 2869 4364 οὐκ
2904 4309 2962 4374 ἐξ
2999 4308 3181 4370 ἔθους,
3209 4302 3349 4356 κατά
3393 4296 3582 4370 μικρὸν
3615 4291 3960 4348 ὐπεισιοῦσαι
3980 4326 4000 4351 ,

2451 4406 2648 4479 καὶτῷ
2691 4403 2889 4476 ἠρεμεῖ
2924 4400 3018 4454 καὶ
3060 4385 3318 4465 ἀταράχῳ
3349 4386 3860 4479 συνδιακλέπτουσαι
3895 4381 3996 4479 τὴν

802 4486 1010 4542 novitas
1042 4507 1055 4543 :
1091 4504 1212 4546 cum
1247 4491 1355 4547 sint
1378 4492 1495 4547 alia:
1524 4507 1632 4558 res,
1661 4509 1763 4548 nec
1799 4494 1928 4564 ipsa:
1955 4507 2202 4560 assuetae,
2223 4512 2343 4568 quas
2379 4517 2420 4572 ο
2455 4520 2479 4556 σ

2320 4513 2343 4552 Β
2379 4517 2420 4572 ι)
2455 4473 2799 4566 συναίσθησιν
2840 4494 2939 4562 τῆς
2983 4485 3348 4555 καινοτομίας,
3398 4475 3790 4572 Μρεισὲδυσὰν
3827 4489 3889 4572 τε
3935 4473 3997 4523 οὐ

801 4578 1056 4644 paulatim
1081 4595 1139 4634 se
1177 4582 1540 4651 subinferunt,
1567 4593 1624 4639 et
1668 4585 1869 4653 illapsa:
1907 4586 2090 4654 quieto
2119 4602 2222 4641 nec
2259 4597 2343 4642 tuo

801 4669 1074 4723 multuoso
1127 4686 1346 4729 sensum
1390 4690 1608 4730 omnem
1656 4675 2017 4730 innovationis
2060 4677 2342 4748 effugiunt,

2448 4595 2545 4646 σὺν
2572 4589 2738 4658 πόνῳ,
2768 4587 2861 4639 καὶ
2886 4583 3014 4646 οὐδ’,
3045 4581 3095 4632 εί
3123 4573 3430 4643 καινότερόν
3449 4589 3501 4623 τι
3525 4568 3741 4636 συνέϐη,
3775 4566 3999 4658 μνήμην

2444 4657 2833 4742 ἔδωκαν,ὠᾶ
2876 4677 2987 4736 τοῖς
3039 4666 3512 4744 πεπειρασμένοις.
3561 4660 3717 4720 Τινὲς
3754 4658 3845 4717 δὲ,
3905 4657 3998 4707 τὸν

801 4774 920 4830 ηοω
949 4762 1068 4816 sine
1102 4763 1282 4818 labore
1325 4766 1635 4831 illabuntur,
1678 4782 1779 4823 nec
1825 4769 2078 4824 novitatis
2119 4771 2345 4839 alicujus
2447 4775 2476 4831 ὃ

2319 4787 2345 4824 s
2447 4775 2630 4844 ὅμοιον
2656 4770 2853 4845 τρόπον
2891 4754 3310 4835 ἐπιχειρήσασαι
3353 4754 3724 4825 παρεισδύνειν
3745 4789 3761 4812 ,
3796 4748 3891 4801 καὶ
3918 4748 3996 4846 et}:

801 4855 1114 4908 accessoria:
1162 4857 1243 4909 vel
1289 4859 1601 4913 memoriam
1650 4860 1977 4929 relinquunt,
2018 4876 2086 4915 ue
2129 4862 2344 4931 quidem
2451 4883 2478 4934 μ

2318 4879 2344 4916 n
2557 4840 2827 4932 τυραννίδι
2878 4855 2996 4926 μηδ’
3028 4849 3398 4917 αὐτοδεσπότῳ
3429 4846 3636 4914 κράτει,
3663 4840 3758 4894 καὶ
3803 4841 3872 4891 ἐκ
3903 4840 3995 4889 τοῦ

801 4945 940 5012 apud
966 4947 1349 5014 experientiam
1395 4948 1632 5005 eductos.
1681 4950 1936 5016 Quadam
1970 4968 2101 5008 vero
2125 4970 2248 5007 cum
2278 4955 2345 5009 ad
2445 4957 2471 5007 ἐ

2317 4955 2345 5009 tl
2445 4951 2756 5023 ἐμφανοῦς,
2793 4949 2978 5017 ὥσπερ
3044 4944 3416 5012 ἐπισκήπτειν,
3461 4936 3662 4990 δειλίαν
3715 4949 3994 5000 καταγνω-

2082 5103 2316 5160 ἾΑΒΙΛΕ
2359 5103 2648 5160 LECTION
2658 5101 2764 5158 ES.

874 5201 902 5230 °
931 5194 1167 5247 ἔλαττον.
1248 5203 1275 5242 P
1315 5211 1404 5260 γρ.
1439 5194 1471 5264 η
1499 5194 1832 5264 καινοτομία.

2280 5329 2507 5386 NOTAE.

870 5491 981 5556 (36)
1011 5489 1243 5544 Confusa
1288 5497 1372 5542 est
1410 5489 1522 5540 hate
1553 5496 1608 5540 et
1653 5487 1827 5547 hians,
1867 5494 1925 5537 ut
1967 5485 2098 5556 alias
2128 5499 2340 5553 quoque

799 5553 993 5620 oratio,
1048 5576 1144 5627 per
1205 5569 1368 5611 totam
1416 5559 1552 5610 hanc
1619 5553 2103 5627 sectionent._Hoc
2159 5565 2336 5627 autem

801 5630 915 5681 vult
973 5644 1028 5682 se
1052 5625 1196 5681 scire
1227 5628 1312 5680 ubi
1350 5627 1571 5696 πράξεις
1601 5627 1791 5695 ἀθρόον
1825 5625 2229 5696 incubuere_eos
2250 5625 2338 5696 qui

803 5700 1165 5764 inexspectato
1202 5694 1470 5750 terrefacti
1502 5706 1647 5754 sunt,
1674 5694 1778 5765 non
1806 5703 2007 5746 tantum
2041 5694 2234 5759 quibus
2259 5695 2339 5744 in-

806 5770 1129 5836 cubuerant,
1170 5769 1263 5823 sed
1307 5780 1362 5823 et
1403 5768 1565 5823 etiam
1605 5774 1952 5836 spectatores,
2001 5778 2123 5819 cum
2162 5765 2342 5835 quiete

2446 5484 2666 5548 ferrent,
2698 5487 2998 5539 excussisse
3019 5499 3177 5538 onus.
3206 5484 3296 5538 Illa
3325 5497 3503 5552 porro,
3530 5480 3664 5534 sua:
3685 5479 3742 5533 δὲ
3768 5479 3991 5552 τούναν-

2444 5554 2575 5616 τίον,
2613 5554 2694 5606 vel
2728 5565 2976 5624 corrupta
3007 5565 3152 5615 sunt,
3183 5555 3265 5607 vel
3295 5549 3470 5624 certe,
3500 5552 3749 5624 colorata,
3773 5559 3830 5601 ut
3857 5549 3990 5624 ξκα-

2447 5640 2565 5685 στος
2593 5633 2646 5676 et
2679 5627 2782 5683 πᾶς
2828 5619 2984 5694 ἀνῆρ.
3028 5624 3149 5677 Mihi
3191 5624 3307 5677 sine
3340 5623 3490 5676 libris
3524 5620 3838 5694 melioribus
3876 5619 3992 5694 hare

2446 5703 2570 5764 sunt
2612 5690 2946 5752 conclamata
2982 5711 3114 5750 :sen
3150 5709 3239 5751 um
3284 5702 3339 5749 et
3383 5691 3682 5764 εὐρυθμίαν
3727 5690 3990 5745 extundat

2444 5763 2531 5833 qui
2558 5773 2753 5834 potest.
