4248 6444
296 411 401 475 693

1468 418 1996 487 EPISTOLARUM
2033 422 2263 485 LIBER
2290 420 2343 483 Ι.

3369 416 3473 483 694

296 518 528 581 σθεῖσαι,
558 518 755 573 θᾶττον
776 520 1162 593 ἀνετράπησαν
1186 523 1291 577 ὑπὸ
1323 524 1429 576 τῶν
1449 526 1831 594 ἐπιτυχόντων.
1860 532 1907 591 Α
1933 541 1973 581 σι

1795 543 1831 581 v.
1860 532 1907 591 Α
1933 526 2179 581 eumdem
2204 524 2420 580 modum
2444 522 2743 579 subinferre
2762 537 2820 578 se
2840 523 3237 585 attentaverint,
3258 540 3356 581 nec
3377 542 3472 596 per

292 610 386 679 Τῷ
410 611 517 679 γάρ
558 610 679 663 καθ’
707 612 905 676 ἐαυτάς
932 613 1325 687 εὐλαϐεστέρῳ,
1354 616 1432 678 είς
1455 615 1651 686 Θράσος
1671 616 1833 686 ἄσχε-

288 712 381 747 τον
414 697 508 748 καὶ
558 698 865 768 παράϐολον
914 700 1118 771 τόλμαν
1165 702 1541 769 ἐξοπλίσασαι,
1579 706 1672 758 καὶ
1706 707 1831 769 τοὺς

290 786 397 856 πρὸ
423 790 610 842 τούτου
634 790 887 856 δόξαντας
918 793 1375 859 ἐπιεικεστάτους,
1413 796 1550 866 αὐτῇ
1579 796 1836 865 συνεφθά-

291 895 464 949 ρησαν
487 884 551 951 τῇ
576 883 938 955 ἐπιχειρήσει.
970 885 1091 950 Πῶς
1124 881 1216 940 οῦν
1240 888 1353 941 ἐστι
1377 890 1555 958 τυχεῖν
1583 888 1676 941 τοῦ
1708 905 1833 942 σκο-

287 969 393 1022 ποῦ
414 990 430 1035 ;
452 972 707 1025 τάναντία
734 974 842 1045 γάρ
861 975 946 1029 διά
971 976 1081 1029 τῶν
1098 977 1279 1031 αὐτῶν
1294 979 1491 1047 δρᾶται
1520 978 1831 1032 συντετελε-

288 1061 484 1131 σμένα.
511 1065 765 1134 Ἄμεινον
788 1067 885 1131 μὲν
911 1068 1032 1137 μηδ’
1054 1069 1392 1140 ἀπάρχεσθαι
1411 1072 1519 1123 τῶν
1539 1071 1793 1125 τοιούτων
1811 1087 1826 1102 ·

285 1153 456 1207 δειναὶ
483 1156 591 1228 γὰρ
610 1159 667 1209 αί
685 1160 1019 1229 καινότητες,
1047 1161 1138 1213 καὶ
1163 1164 1328 1233 χωρὶς
1355 1162 1539 1233 ἐτέρου
1564 1162 1828 1233 λυπηροῦ,

288 1246 535 1315 θορυϐεῖν
561 1250 654 1301 καὶ
681 1250 935 1321 πλήττειν
961 1253 1218 1319 διανοίας,
1246 1255 1341 1307 καὶ
1367 1256 1445 1319 είς
1469 1254 1717 1327 διαϐολὴν
1737 1256 1829 1309 καὶ

284 1336 443 1407 ὕϐριν
470 1339 814 1395 ἐκκαλεῖσθαι
843 1344 904 1396 τὸ
934 1344 1156 1415 πλῆθος.

1934 614 2261 686 tyrannicam
2288 612 2573 682 quamdam
2606 611 2689 665 vel
2729 623 3022 681 arrogatam
3052 621 3393 682 potestatem,
3419 623 3474 667 et

1932 708 2039 760 vim
2065 703 2505 769 manifestariam,
2534 702 2942 773 impressionem
2991 703 3231 759 fulminis
3270 705 3325 758 in
3363 721 3473 757 mo-

1932 798 2061 853 dum
2095 796 2290 862 facere,
2318 804 2498 849 tamen
2542 796 2641 849 sub
2672 804 2932 864 praetextu
2977 795 3277 850 timiditatis
3320 791 3472 849 facil-

1932 890 2078 955 lime,
2103 888 2264 941 etiam
2292 888 2360 942 ab
2392 886 2587 948 obviis,
2611 887 3019 941 subvertunlur.
3053 886 3184 940 Dum
3206 886 3349 941 enim
3378 901 3475 939 na,-

1933 981 2177 1035 turaliter
2214 979 2314 1034 sibi
2369 978 2585 1033 insitam
2614 978 2951 1033 timiditatem
2983 976 3050 1033 ad
3082 978 3358 1032 audaciam
3388 977 3473 1029 in-

1933 1070 2289 1135 tolerabilem,
2310 1078 2363 1124 et
2386 1081 2580 1139 praeter
2606 1084 2820 1123 omnem
2847 1070 3300 1139 exspectationem
3322 1085 3474 1125 exar-

1933 1172 2097 1223 mant,
2112 1161 2272 1215 etiam
2289 1174 2380 1213 eos
2395 1161 2483 1228 qui
2502 1160 2670 1213 multo
2684 1161 2943 1215 moderati
2960 1163 3103 1231 prius
3114 1162 3469 1225 habebantur,

1931 1255 1997 1309 ad
2020 1254 2250 1324 primum
2274 1253 2544 1321 inceptum
2574 1253 2937 1322 perdiderunt.
2953 1254 3100 1309 Adeo
3119 1254 3475 1324 quaeripotest

1930 1361 2033 1415 qua
2063 1344 2269 1398 ratione
2300 1343 2459 1397 ﬁnem
2488 1344 2608 1413 quis
2635 1344 2963 1413 propositam
2983 1356 3317 1415 assequatur,
3349 1360 3475 1399 cum

283 1447 381 1501 per
409 1433 622 1489 easdem
649 1452 839 1492 causas
864 1437 1089 1493 en‘ectus
1120 1440 1509 1512 progignuntur
1542 1440 1816 1495 contrarii.
1893 1438 2234 1493 Praestitisset
2281 1445 2447 1501 certe,
2487 1452 2556 1491 ne
2624 1436 2841 1505 quidem
2881 1437 2950 1492 ab
2996 1437 3113 1492 istis
3158 1438 3471 1508 incepisse:

282 1534 411 1579 sunt
426 1526 569 1580 enim
598 1528 881 1596 novitates,
904 1548 1011 1587 non
1034 1536 1321 1590 accedente
1342 1532 1556 1586 aliunde
1583 1531 1826 1586 molestia
1863 1531 2058 1599 aliqua,
2100 1531 2175 1584 ita
2203 1528 2596 1597 quodammodo
2626 1542 2657 1581 a
2728 1543 2785 1583 se
2812 1530 3153 1598 composita,
3213 1530 3278 1583 ad
3317 1547 3473 1586 men—

284 1621 391 1668 tem
415 1616 732 1672 turbandam
752 1629 807 1674 et
832 1621 899 1676 de
920 1631 1059 1678 statu
1083 1639 1183 1678 suo
1203 1623 1541 1687 movendam,
1557 1622 1622 1676 ad
1642 1622 1832 1689 vulgus
1868 1619 2147 1675 hominum
2209 1617 2567 1673 inducendum
2603 1618 2669 1672 ad
2699 1618 2994 1672 calumnias
3020 1628 3075 1673 et
3103 1620 3343 1676 convicia
3388 1622 3474 1673 in-

279 1709 535 1776 gerenda.

350 1799 476 1867 ριβ’.
517 1802 667 1855 Ἐπεὶ
685 1803 728 1855 δ’
750 1803 863 1856 ἔσθ’
888 1806 975 1858 ὅτε
1002 1805 1160 1877 χρεία
1183 1808 1512 1876 κατεπείγει,
1536 1808 1631 1862 κα)⁵
1652 1808 1843 1873 δεῖται,

1999 1800 2113 1857 HQ.
2143 1800 2278 1855 Cum
2315 1770 2584 1854 interdum
2625 1814 2847 1854 necesse
2884 1798 2956 1854 sit
3013 1808 3071 1854 ut
3101 1800 3166 1865 is,
3193 1802 3281 1870 qui
3310 1802 3472 1858 rebus

278 1892 529 1961 πράξεως
579 1896 608 1946 6
644 1898 993 1966 προεστηκὼς
1048 1902 1380 1972 καινοτέρας,
1423 1901 1489 1955 ἀν
1539 1902 1639 1973 μὲν
1677 1903 1822 1969 μέγα
1852 1880 1894 1935 Β
1920 1904 1955 1946 ἃ

1799 1917 1822 1952 ι
1852 1880 2356 1946 Badministrandis
2408 1899 2635 1960 praeest.
2681 1890 2881 1959 aliquid
2925 1890 3182 1956 innovet,
3230 1908 3337 1946 non
3392 1905 3476 1949 est

275 1979 466 2047 ὄφελος
501 1985 595 2036 καὶ
628 1986 964 2057 εὐφροσύνην
994 1988 1053 2053 ἐξ
1084 1991 1251 2059 αὐτῆς
1278 1991 1339 2044 τὸ
1368 1993 1543 2045 κοινὸν
1571 1992 1818 2063 εὑρίσκῃ,

272 2070 425 2125 οὐδὲν
462 2073 541 2130 δεῖ
573 2076 814 2144 σκέψεως
850 2080 942 2133 καὶ
995 2080 1254 2151 μελέτης*
1307 2083 1373 2136 ἂν
1409 2084 1456 2136 δ’
1494 2084 1694 2147 άλλως.
1728 2086 1820 2136 καὶ

272 2162 489 2235 λυπηρά
521 2168 627 2239 είη,
659 2170 797 2240 λόγῳ
830 2172 925 2241 μέν
959 2173 1205 2236 διελθεῖν,
1247 2176 1391 2239 ὅπως
1427 2177 1492 2230 ἂν
1523 2177 1599 2240 ῶς
1624 2178 1821 2246 ἄριστα

270 2255 601 2330 διανυσθείη,
650 2262 711 2314 οὐ
765 2262 945 2333 ῥᾴδιον
999 2260 1171 2335 οἶμαι.
1212 2266 1290 2319 Τά
1343 2268 1451 2336 γὰρ
1488 2269 1627 2322 κατά
1670 2286 1819 2331 τινας

274 2347 589 2413 ίδικωτάτας
617 2352 1080 2408 ἐπακολουθοῦντα
1106 2357 1473 2427 περιστάσεις,
1495 2360 1593 2412 οὐκ
1614 2358 1819 2411 ἔνεστιν

268 2439 510 2511 ἀκριϐῶς
540 2444 829 2514 κοινοτέρῳ
858 2444 1020 2515 λόγῳ,
1050 2447 1143 2499 καὶ
1172 2449 1281 2500 τῶν
1309 2448 1485 2517 ἔργων
1518 2450 1815 2520 πόρρωθεν,

270 2528 525 2600 θηρᾶσαι.
561 2533 703 2603 Πλὴν
736 2536 764 2588 ὃ
799 2552 861 2603 γε
903 2536 1103 2601 καλῶς,
1144 2540 1203 2592 ἐν
1250 2542 1360 2601 τοῖς
1402 2542 1819 2612 προειρημένοις

269 2623 810 2694 ἐγγεγυμνασμένος,
841 2630 932 2681 καὶ
960 2629 1091 2701 πρὸς
1123 2630 1189 2683 τά
1228 2631 1451 2685 τοιαῦτα
1489 2634 1584 2703 τὴν
1616 2634 1819 2689 ἄνωθεν

271 2713 445 2783 ῥοπὴν
496 2716 783 2789 ἐπίκουρον
830 2719 999 2790 έχων,
1064 2721 1302 2792 μεγάλην
1342 2724 1545 2777 εἵσεται
1588 2725 1814 2796 δύναμιν

271 2806 696 2877 συνειλεγμένος.

342 2987 467 3050 ριγ¹.
499 2982 720 3037 ὐπλων
761 2988 856 3040 καὶ⁵
900 2988 1151 3060 ἀνδρείας
1188 2992 1280 3044 καὶ
1312 2993 1641 3062 στρατηγίας
1685 3012 1819 3065 κρα-

264 3072 545 3144 ταιότερον
577 3077 668 3129 καὶ
694 3077 1093 3151 ἀσφαλέστερον
1119 3083 1303 3153 νόμιζε
1331 3084 1430 3155 τὴν
1464 3082 1675 3138 εὔνοιαν
1710 3084 1817 3138 τῶν

264 3162 602 3232 ἀρχομένων.
636 3166 849 3238 Ταύτης
899 3169 997 3239 μὲν
1028 3170 1138 3241 γάρ
1185 3172 1466 3245 παρούσης
1501 3178 1593 3228 καὶ
1628 3192 1816 3245 στρατ-

1922 1982 2203 2037 sollicitius
2232 1982 2646 2051 exquirendum,
2673 1988 2853 2036 utrum
2884 1982 3009 2036 inde
3036 1983 3236 2052 aliquid
3263 1985 3343 2038 vel
3363 1985 3471 2037 uti-

1921 2072 2108 2137 litatis,
2151 2072 2235 2126 vel
2272 2071 2627 2140 jucunditatis
2672 2071 3044 2127 communitati
3073 2071 3351 2126 hominum
3386 2090 3477 2129 ac-

1919 2162 2182 2231 quiretur.
2214 2161 2367 2226 Quod
2419 2162 2462 2217 si
2496 2162 2890 2231 permolestum
2934 2163 2987 2217 id
3016 2163 3199 2225 fuerit,
3227 2180 3338 2219 non
3369 2174 3472 2230 est,

1919 2253 2138 2323 Opinor,
2161 2253 2399 2323 proclive
2443 2255 2703 2308 rationem
2755 2254 3042 2323 explicare,
3092 2263 3151 2309 ut
3187 2270 3346 2324 quam
3380 2268 3471 2324 0p-

1920 2342 2048 2397 time
2086 2343 2433 2412 transigatur.
2458 2342 2589 2408 Quae
2625 2343 2767 2396 enim
2788 2343 3131 2413 specialiores
3155 2358 3474 2400 consectan-

1922 2440 2008 2484 tur
2051 2447 2229 2485 rerum
2276 2431 2576 2493 instantias,
2621 2447 2731 2485 non
2779 2440 3004 2500 possunt
3039 2442 3286 2487 accurate
3322 2450 3472 2488 com-

1919 2522 2068 2577 muni
2113 2521 2343 2591 quodam
2391 2536 2640 2575 sermone
2680 2521 2958 2590 explicari,
3002 2536 3104 2575 nec
3142 2522 3375 2593 indagari
3407 2536 3472 2577 eo

1918 2614 2009 2682 qui
2056 2614 2334 2669 recesserit
2393 2612 2604 2683 longius
2650 2613 2716 2666 ab
2766 2613 3037 2681 operibus.
3085 2612 3470 2669 Verumtamen

1917 2704 2008 2773 qui
2062 2720 2185 2759 cum
2234 2704 2389 2759 laude
2428 2714 2671 2758 versatus
2716 2713 2798 2758 est
2824 2704 2875 2757 in
2911 2705 3221 2769 antedictis,
3246 2714 3299 2759 et
3330 2705 3467 2760 divi-

1918 2808 2049 2847 num
2093 2792 2145 2847 iu
2203 2809 2317 2848 rem
2372 2803 2697 2863 praesentem
2743 2794 3005 2848 auxilium
3054 2804 3249 2863 praesto
3288 2795 3471 2852 habet.

1920 2900 2163 2955 magnam
2187 2885 2494 2939 facultatem
2526 2884 2719 2939 aﬁ‘eret
2741 2885 2808 2939 ad
2840 2885 2968 2940 illud
2992 2887 3377 2958 peragendum.

1986 2975 2111 3027 115.
2170 2975 2372 3037 Armis,
2420 2974 2757 3037 fortitudine,
2803 2975 3043 3029 exercitu
3092 2976 3282 3044 quovis
3330 2992 3464 3044 pra:-

1916 3065 2267 3121 valentiorem
2309 3075 2365 3121 et
2394 3066 2643 3121 tutiorem
2666 3066 3002 3120 subditorum
3036 3067 3468 3122 benevolentiam

1917 3155 2198 3209 arbitrare.
2246 3153 2372 3209 Hzec
2412 3154 2456 3208 si
2494 3155 2745 3219 adfuerit,
2779 3165 2835 3210 et
2873 3172 3063 3226 agmen
3104 3158 3334 3219 duxerit,
3380 3159 3469 3212 illa

262 3253 525 3325 ηγούσης,
556 3256 782 3310 κάκεῖνα
810 3260 1076 3330 χρήσιμα,
1112 3264 1204 3315 καὶ
1232 3266 1471 3336 μεγάλην
1488 3266 1659 3337 ῥοπὴν
1684 3266 1817 3336 πρὸς
1846 3247 1887 3271 υ
1924 3262 1939 3300 ί

1794 3283 1817 3330 ς
1846 3247 1887 3271 ν
1924 3254 2082 3300 erunt
2126 3247 2273 3301 utilia
2321 3267 2333 3302 :
2380 3247 2479 3301 ista
2519 3256 2701 3301 autem
2726 3247 2955 3312 sublata,
2988 3258 3268 3317 praestaret
3297 3258 3352 3304 et
3383 3250 3471 3304 illo

263 3345 441 3400 πάντα
462 3350 709 3421 παρέχει.
751 3352 1124 3425 ’Δνῃρημένης
1146 3356 1201 3409 δὲ
1221 3358 1319 3425 τῆς
1342 3358 1574 3422 εὐνοίας,
1600 3358 1818 3428 ἄμεινον

266 3440 665 3512 συνανῃρῆσθαι
676 3442 921 3499 κάκεῖνα.
934 3444 1137 3499 Θᾶττον
1150 3447 1256 3517 γὰρ
1268 3447 1360 3501 ἐπὶ
1375 3447 1473 3517 τὴν
1487 3465 1641 3517 μισου
1650 3449 1816 3520 μένην

262 3528 457 3599 ἀρχὴν,
479 3528 511 3599 ἢ
540 3532 680 3585 κατά
706 3534 814 3585 τῶν
836 3534 1109 3604 πολεμίων
1133 3536 1304 3590 ἐθέλει
1333 3538 1501 3591 ταῦτα
1523 3539 1811 3592 κινεῖσθαι.

333 3620 451 3689 ριδ’.
496 3623 700 3691 Λόγους
735 3623 835 3695 μὲν
871 3625 1101 3695 ἤλεγξαν
1134 3627 1331 3696 δόρατα
1363 3628 1636 3691 πολλάκις.
1671 3631 1815 3700 Ἤμ-

262 3710 420 3765 ϐλυνε
448 3712 504 3767 δέ
531 3714 797 3785 πολλαχοῦ
833 3719 928 3770 καὶ
956 3718 1127 3785 λόγων
1177 3720 1350 3789 ἰσχὺς,
1384 3720 1615 3785 ὀξύτατα
1655 3723 1813 3775 πολέ-

266 3816 392 3866 μου,
441 3802 533 3854 καὶ
586 3805 836 3873 μεγάλων
883 3806 1056 3877 ὁρμὴν
1105 3808 1312 3861 διέλυσε
1367 3790 1809 3881 στρατευμάτων.

260 3890 458 3957 Χεῖρες
494 3893 599 3961 ἀρα
633 3895 769 3962 μετά
812 3896 992 3963 λόγου,
1034 3899 1253 3953 διπλοῦν
1283 3902 1565 3971 τρόπαιον.
1612 3904 1811 3966 Πόνους

261 3974 473 4039 ἐλπίδες
504 3979 772 4048 νευροῦσι,
810 3984 904 4036 καὶ
957 3984 1104 4037 πόνοι
1153 3988 1423 4043 τίκτουσιν
1464 3990 1706 4055 ἐλπίδας.
1739 3993 1810 4046 Σὺ

257 4066 318 4119 δέ
356 4067 725 4140 ἐξιλεούμενος
762 4075 822 4127 τὸ
848 4075 1022 4142 Θεῖον,
1053 4080 1276 4148 μηδενὸς
1306 4083 1497 4151 ἀμέλει
1526 4084 1634 4137 τῶν
1669 4102 1811 4155 πρα-

260 4160 455 4225 κτέων,
492 4164 583 4216 καὶ
613 4164 781 4229 καλὰς
812 4167 907 4220 καὶ
940 4169 1178 4238 μεγάλας
1206 4172 1425 4237 ἐλπίδας
1452 4173 1704 4246 θερίσεις.

331 4349 449 4411 ριε’.
522 4343 861 4415 Ἐπικουρεῖν
912 4349 970 4401 ἐν
1013 4344 1091 4413 οἷς
1152 4350 1381 4417 ἐκαστος
1427 4354 1539 4424 ἔχει
1588 4357 1806 4426 χρείαν,

258 4434 491 4504 ἀρχικῆς
520 4436 613 4489 καὶ
653 4437 941 4507 ἐχέφρονος
969 4438 1234 4505 διανοίαςο
1262 4443 1494 4513 μάλιστα
1521 4444 1576 4497 δέ
1601 4449 1715 4511 τοῖς
1750 4450 1806 4501 ἐν

1923 3350 2138 3403 quoque
2180 3352 2284 3390 una
2327 3336 2459 3391 tolli.
2491 3336 2623 3391 Nam
2658 3338 2829 3392 multo
2860 3339 3021 3393 cilius
3050 3349 3241 3394 contra
3266 3341 3472 3410 princi-

1923 3441 2044 3495 pem
2074 3426 2326 3487 invisum.
2356 3442 2516 3496 quam
2558 3438 2745 3482 contra
2784 3428 2969 3483 hostes
3007 3430 3413 3485 movebuntur:

1995 3638 2113 3692 111.
2168 3638 2502 3693 Plurifariam
2552 3640 2836 3693 consilium
2892 3640 3061 3695 hastis
3108 3642 3267 3701 cedit.
3298 3657 3468 3713 saepe:

1921 3745 2146 3784 numero
2170 3730 2329 3783 etiam
2354 3740 2410 3785 et
2435 3731 2657 3785 rationis
2687 3732 2766 3785 vis
2798 3733 2920 3785 belli
2954 3734 3263 3802 procinctus
3310 3750 3466 3789 exer-

1919 3822 2163 3891 citusque
2204 3822 2426 3877 hostiles
2468 3838 2689 3892 magnos
2728 3824 2934 3878 elusit:
2980 3824 3089 3877 sint
3123 3841 3250 3895 ergo
3278 3841 3475 3879 manus

1918 3926 2037 3963 cum
2099 3913 2323 3967 consilio
2383 3913 2626 3981 junctae,
2711 3914 2909 3982 duplex
2970 3922 3252 3983 tropaeum.
3294 3914 3469 3969 Labo-

1917 4016 2031 4054 rem
2066 4017 2189 4072 spes
2224 4003 2461 4067 roborat,
2503 4013 2558 4059 et
2581 4019 2730 4073 spem
2766 4005 2978 4059 labores
3016 4005 3357 4075 progignunt.
3383 4000 3467 4058 Tu

1917 4103 2097 4148 autem
2146 4095 2247 4149 rite
2288 4095 2456 4149 Deum
2492 4105 2807 4158 veneratus,
2838 4096 2944 4149 noli
2978 4095 3177 4162 aliquid
3220 4097 3467 4151 omittere

1915 4184 2057 4253 quod
2094 4184 2358 4253 agendum
2385 4192 2495 4249 est;
2529 4185 2601 4238 ita
2637 4198 2789 4253 spem
2819 4184 2917 4238 tibi
2945 4192 3117 4237 metes
3144 4191 3199 4237 et
3221 4199 3469 4254 magnam

1914 4284 1970 4328 et
2002 4275 2253 4345 amplam.

1985 4368 2103 4423 115.
2146 4366 2442 4421 Subvenire
2457 4367 2742 4435 cuiuslibet
2770 4366 3196 4429 necessitatibus,
3230 4366 3467 4421 animum

1913 4444 2117 4529 regium
2156 4458 2310 4513 decet
2352 4467 2406 4512 et
2455 4459 2794 4526 prudentem,
2840 4466 2964 4511 ante
3000 4459 3134 4511 alios
3181 4459 3247 4511 iis
3276 4458 3368 4529 qui
3410 4457 3483 4511 in.

259 4524 561 4620 συμφοραῖς
606 4525 957 4593 περιπεσοῦσι
997 4529 1166 4620 ,Μετά
1193 4531 1301 4600 γὰρ
1342 4532 1449 4585 τῶν
1477 4532 1672 4599 ἀλλων,
1708 4538 1801 4589 καὶ
1842 4566 1887 4620 Ι)
1913 4566 1936 4605 ε

1787 4542 1801 4589 ι
1842 4566 1887 4620 ι)
1913 4524 2247 4605 calamitates
2285 4524 2610 4605 incide—runt.
2642 4551 2835 4605 Solent
2860 4550 3003 4603 enim
3032 4551 3128 4610 illi.
3156 4551 3224 4605 ad
3248 4524 3464 4614 caetera,

257 4615 581 4682 ἀείμνηστον
612 4620 892 4686 συντηρεῖν
923 4619 1142 4673 εἰώθασι
1170 4622 1269 4692 τὴν
1300 4626 1639 4694 εὐεργεσίαν.

332 4708 459 4770 ρις¹.
515 4702 577 4754 Ἡ
606 4705 916 4775 εὐδαιμονία
942 4707 1047 4759 τῶν
1081 4710 1435 4775 ύπεξουσίων,
1478 4718 1652 4783 ἄκραν
1679 4718 1808 4771 ἀνα-

258 4790 516 4859 κηρύττει
548 4792 759 4845 σύνεσιν
793 4795 883 4847 καὶ
906 4797 1249 4870 δικαιοσύνην
1278 4800 1378 4870 τῆς
1405 4801 1669 4868 ἐξουσίας.

329 4883 451 4950 ριξ’.
488 4883 623 4949 Περὶ
642 4877 714 4936 ὧν
738 4883 802 4937 ἂν
825 4885 883 4938 εὖ
902 4887 1129 4956 πράξῃς,
1156 4890 1262 4941 εἴτε
1284 4892 1341 4943 ὲν
1368 4891 1445 4961 τῷ
1474 4894 1657 4965 οίκείῳ
1689 4896 1806 4966 βίῳ,

256 4977 365 5028 εἴτε
394 4977 453 5028 ἐν
482 4977 557 5047 τῷ
590 4978 749 5048 κοινῷ
785 4981 884 5049 τῆς
918 4981 1207 5045 πολιτείας.
1236 4984 1313 5054 τῷ
1351 4984 1468 5055 Θεῷ
1497 4989 1810 5043 ἀνατιθέναι

255 5069 462 5123 δικαίου
504 5070 601 5141 τὴν
628 5073 821 5127 αίτίαν.
860 5072 1015 5127 Οῦτω
1041 5074 1146 5145 γὰρ
1172 5077 1367 5145 μᾶλλόν
1403 5096 1459 5131 τε
1489 5080 1649 5134 αὑτὸν
1687 5083 1809 5133 ἐπί-

258 5179 451 5234 κουρον
476 5163 637 5229 ἱξεις,
684 5167 777 5219 καὶ
811 5166 1061 5237 θεοφιλὴς
1096 5164 1232 5221 εἶναι
1262 5170 1449 5236 δόξεις,
1482 5174 1575 5225 καὶ
1612 5174 1811 5243 κοῦφον

259 5255 482 5307 σεαυτὸν
509 5258 601 5309 καὶ
626 5257 938 5321 ἀλαζονικὸν
960 5261 1057 5311 οὐκ
1084 5260 1343 5327 ὲλέγξεις,
1374 5265 1465 5316 καὶ
1496 5265 1589 5317 τοῦ
1614 5265 1807 5333 φθόνου

255 5346 448 5411 δείξεις
479 5349 1130 5419 περιτεθραυσμέναςτάς
1156 5355 1363 5417 ἀκίδας.

327 5544 452 5615 ριη’.
494 5544 681 5596 Ταῦτά
723 5562 803 5597 σοι
848 5548 909 5597 ὲκ
942 5547 1149 5599 πολλῶν
1187 5549 1342 5614 ὀλίγα
1397 5543 1474 5619 (ὦ
1505 5549 1613 5602 τῶν
1660 5552 1807 5619 ἐμῶν

254 5635 634 5705 πνευματικῶν
668 5636 874 5689 ὠδίνων
908 5638 1121 5707 εὐγενὲς
1155 5641 1248 5691 καὶ
1277 5643 1497 5708 γνήσιον
1526 5644 1806 5715 γέννημα)

256 5727 353 5795 τῆς
398 5726 524 5795 περὶ
554 5726 612 5777 σὲ
641 5727 821 5794 φιλίας
858 5730 952 5779 καὶ
995 5729 1283 5795 υἱοθεσίας,
1320 5733 1479 5785 οἱονεί
1525 5751 1645 5786 τινα
1692 5735 1809 5789 θεῖα

256 5816 553 5881 συμϐόλαια
601 5818 693 5871 καὶ
757 5819 957 5889 ἀρετῆς
996 5822 1334 5891 ἁρχετύπους
1381 5824 1671 5895 ἀνατίθημι
1716 5826 1806 5878 πί-

1910 4653 2163 4697 αιιετηοιη
2196 4642 2441 4696 beneﬁcii
2472 4643 2645 4696 collati
2677 4641 2989 4695 memoriam
3019 4657 3360 4696 conservare.

1981 4734 2101 4787 116.
2144 4732 2491 4787 Subditorum
2524 4733 2753 4787 felicitas
2786 4747 3055 4786 summam
3086 4733 3348 4802 principis
3368 4733 3483 4789 de--

1911 4826 2165 4895 praedicat
2195 4840 2315 4879 cum
2350 4825 2713 4894 prudentiam,
2742 4833 2854 4878 tum
2894 4824 3186 4895 iustitiam.

1980 4916 2098 4969 117.
2154 4914 2262 4969 Deo
2310 4929 2523 4969 causam
2573 4914 2849 4969 ascribere
2891 4928 3103 4983 mquum
3152 4922 3236 4968 est
3277 4929 3466 4968 eorum

1910 5023 2025 5075 qua:
2075 5021 2331 5075 prospere
2368 5006 2618 5075 gessaris,
2662 5021 2757 5058 seu
2786 5005 2839 5057 in
2872 5004 3098 5073 privata,
3130 5004 3244 5057 sive
3282 5003 3334 5056 in
3364 5020 3465 5072 pu-

1911 5100 2047 5152 hlica
2090 5098 2218 5150 vita.
2270 5096 2383 5151 Fiet
2429 5097 2573 5151 enim
2608 5098 2679 5151 ita
2713 5109 2769 5151 ut
2799 5098 2949 5150 illum
2983 5097 3181 5151 habeas
3214 5095 3465 5149 libentio-

1911 5205 2021 5243 rem
2053 5190 2447 5248 auxiliatorcm.
2480 5196 2535 5241 et
2572 5197 2632 5241 ut
2665 5190 2769 5242 Deo
2802 5188 3029 5244 dilectus
3067 5188 3294 5242 videaris
3321 5204 3334 5241 :
3365 5204 3466 5241 nec

1909 5280 2227 5349 redarguere
2264 5288 2315 5333 te
2352 5279 2643 5347 quisquam
2668 5280 2856 5348 possit,
2888 5281 2967 5333 vel
2998 5281 3233 5335 levitatis
3259 5281 3342 5334 vel
3371 5296 3465 5333 su-

1910 5368 2141 5436 perbiae;
2172 5370 2265 5421 sed
2298 5378 2350 5421 et
2383 5368 2597 5425 invidia:
2622 5370 2840 5437 quasvis
2878 5369 3023 5423 acies
3057 5379 3267 5425 retusas
3289 5378 3343 5423 et
3366 5385 3466 5425 au-

1909 5461 2104 5513 fractas
2137 5460 2341 5514 reddes.

1978 5552 2098 5606 118.
2142 5551 2264 5607 ιίῖεο
2294 5568 2324 5607 e
2366 5553 2548 5607 multis
2586 5568 2778 5622 pauca,
2832 5554 2974 5623 apud
3011 5563 3063 5608 te
3092 5555 3161 5621 (ο
3189 5564 3244 5607 ιιι
3279 5562 3469 5622 partus

1909 5644 2013 5697 mei
2034 5642 2327 5711 spiritualis
2353 5660 2535 5698 verum
2556 5653 2610 5697 et
2638 5644 2931 5714 genuinum
2960 5647 3243 5713 gennema)
3274 5644 3463 5697 amici-

1914 5734 1999 5788 tiae
2039 5744 2095 5788 et
2140 5735 2410 5790 [iliationis
2449 5746 2706 5805 tanquam
2737 5751 2768 5789 a
2800 5735 2909 5790 Deo
2940 5737 3184 5804 qua-dam
3224 5737 3473 5806 symbola.

1911 5836 1964 5882 ct
2015 5829 2226 5885 virtutis
2270 5831 2476 5886 tabulas
2514 5831 2851 5899 archctvpas,
2884 5830 3112 5898 depono,
3152 5839 3207 5885 ut
3234 5829 3459 5885 dumad
