4248 6444
795 376 899 444 695

1922 366 2185 430 PHOTII
2220 366 2718 430 PATRIARCHAE
2746 370 2855 431 ΟΡ.

3890 369 3996 431 696

792 482 909 535 illas
952 481 1136 536 oculos
1184 479 1539 545 converteris,
1580 489 1634 535 et
1669 488 1722 534 te
1759 477 1825 533 ad
1863 477 2007 548 ipsas
2042 476 2345 532 conforma-
2372 477 2412 535 Δ

2372 477 2421 535 Α
2445 492 2616 541 νακας
2637 492 2652 507 ·
2688 478 2769 541 είς
2798 476 2892 541 οὓς
2920 477 3159 550 ἀφορῶν.
3207 477 3303 533 καὶ
3341 478 3478 550 πρὸς
3500 477 3740 544 ἐκείνους
3771 479 3999 532 σεαυτὸν

788 570 935 626 veris
964 580 1019 626 et
1042 571 1434 641 composueris,
1468 586 1577 626 non
1614 569 1898 627 diﬁicultcr
1933 569 2131 625 intueri
2174 569 2346 640 possis

790 670 848 715 et
891 661 1359 729 animadvertere,
1400 662 1714 732 qualesnam
1765 662 1871 717 illa:
1906 670 2035 717 sunt
2080 664 2341 726 actioneS,

791 766 913 821 qua:
959 750 1013 804 in
1059 752 1241 807 animo
1292 762 1385 807 tuo
1428 750 1629 808 facient
1666 752 2101 824 puchritudinem
2140 753 2347 810 eﬂlore-

790 856 973 907 scere;
1008 858 1231 913 quaeque
1261 843 1442 899 itidem
1470 845 1736 907 eamdem,
1761 845 1927 901 veluti
1957 845 2180 900 macula:
2200 862 2348 916 qua:-

790 935 913 989 dam
953 944 1008 990 et
1050 934 1260 1000 sordes,
1303 937 1358 991 in
1408 947 1619 1007 turpem
1665 946 1721 993 e:
1773 936 2069 993 deformem
2115 935 2345 1006 eﬂigiein

790 1027 966 1082 solent
1002 1029 1249 1084 alterare.
1292 1028 1414 1085 Illas
1440 1030 1565 1085 dum
1598 1029 1755 1095 eluis,
1788 1030 1883 1083 bas
1913 1028 2043 1083 dum
2074 1027 2341 1092 inscribis,

788 1118 1074 1192 imaginem
1118 1131 1231 1177 tute
1266 1132 1431 1178 temet
1470 1138 1598 1179 vere
1642 1124 1816 1178 vivam
1843 1131 1898 1177 et
1934 1123 2181 1179 eximiam
2213 1137 2344 1177 con-

788 1214 1113 1269 versationis
1160 1218 1457 1271 secundum
1506 1216 1674 1272 Deum
1719 1216 1980 1272 ordinatae
2008 1215 2288 1270 exhibebis
2328 1232 2341 1267 :

791 1320 950 1373 quam
985 1314 1037 1360 et
1067 1310 1165 1378 ego
1190 1308 1582 1375 lubentissime,
1605 1317 1659 1365 et
1686 1309 1759 1380 pii
1793 1309 1955 1364 etiam
1977 1323 2184 1368 omnes.
2218 1321 2343 1361 cum

790 1405 847 1450 et
877 1398 1048 1453 oculis
1074 1400 1322 1464 velimus,
1348 1409 1463 1455 tum
1491 1404 1653 1458 etiam
1683 1417 1935 1458 sermone
1955 1416 2237 1472 usurpare.
2269 1399 2343 1454 Ea

788 1496 1013 1555 propter
1044 1505 1233 1545 manus
1262 1491 1315 1544 in
1346 1493 1542 1548 coelum
1572 1495 1889 1556 extendens.
1918 1504 1974 1549 et
2014 1508 2193 1549 meum
2218 1508 2342 1564 erga

792 1586 846 1632 te
894 1594 1152 1646 amorem,
1194 1582 1405 1639 labores
1434 1595 1734 1653 susceptos,
1770 1586 2115 1655 divinamque
2149 1586 2345 1641 exinde

2449 568 2795 637 σχηματίζων
2819 571 2913 623 καὶ
2940 569 3274 642 διαμορφῶν,
3306 571 3366 624 οὐ
3405 571 3657 642 χαλεπῶς
3687 570 3831 637 ῑξεις
3871 585 4001 623 συν-

2444 662 2599 731 ορᾷν,
2643 661 2784 727 τίνες
2813 679 2872 715 τε
2892 663 3001 716 τῶν
3040 663 3288 733 πράξεων
3334 664 3514 718 ἀνθεῖν
3539 664 3639 734 τὴν
3667 664 3726 716 ἐν
3755 664 3822 733 τῇ
3849 662 3998 732 ψυχῇ

2446 754 2956 821 παρασκευάζουσιν
3028 755 3365 827 ὡραιότητα,
3435 756 3533 809 καὶ
3593 754 3739 817 τίνες
3789 752 3998 822 αὐτὴν,

2444 846 2632 919 ὥσπερ
2656 847 2833 900 σπῖλοι
2854 848 2949 901 καὶ
2970 848 3195 917 ρυτίδες,
3216 850 3295 912 είς
3316 847 3547 917 αίσχράν
3568 845 3689 915 όψιν
3712 846 3806 899 καὶ
3826 846 4002 915 ἀσχή-

2446 953 2583 1005 μονα
2616 939 3127 1008 μετασκευάζουσιν.
3153 931 3253 992 Ὧν
3277 939 3375 1002 τάς
3407 938 3506 1009 μὲν
3535 938 3869 1005 ἀπαλείφων,
3898 936 4003 998 τὰς

2444 1029 2501 1082 δὲ
2540 1030 2966 1099 ἐγγραφόμενος,
3015 1030 3276 1101 ιμψυχον,
3313 1030 3389 1092 ὡς
3416 1030 3649 1099 άληθῶς,
3682 1028 3777 1081 καὶ
3805 1026 4002 1079 κάλλι-

2446 1139 2567 1175 στον
2590 1122 2867 1191 θεοφιλοῦς
2895 1122 3169 1186 πολιτείας
3192 1122 3412 1176 σεαυτὸν
3443 1121 3729 1188 ἐπιδείξεις
3752 1119 3999 1189 ἄγαλμα.

2445 1216 2538 1269 καὶ
2595 1216 2812 1285 ἥδιστον
2859 1218 2983 1284 ἐμοὶ
3020 1216 3117 1269 καὶ
3161 1218 3326 1271 πᾶσιν
3374 1213 3620 1269 εὐσεϐέσι
3660 1215 3754 1268 καὶ
3816 1213 4004 1283 θέαμα

2444 1310 2538 1362 καλ⁵
2584 1309 2845 1379 διήγημα.
2891 1308 2970 1360 Δι’
3014 1308 3043 1361 δ
3088 1310 3181 1362 καὶ
3231 1309 3329 1373 τὰς
3372 1311 3559 1379 χεῖρας
3604 1309 3683 1371 είς
3732 1307 4015 1378 οὐρανοὺς-

2444 1401 2781 1468 ἐξαπλώσας,
2826 1400 2922 1454 καὶ
2951 1400 3048 1472 τὴν
3072 1399 3202 1471 περὶ
3226 1400 3287 1453 σέ
3322 1401 3555 1471 στοργὴν
3580 1400 3677 1454 καὶ
3701 1400 3792 1453 τόν
3813 1401 4000 1463 πόνον.

2446 1493 2544 1547 καὶ
2593 1493 2693 1562 τὴν
2730 1494 2809 1555 είς
2846 1491 2977 1547 Θεδν
3012 1492 3424 1562 ἀναφερομένην
3460 1492 3636 1558 δόξαν,
3670 1491 3785 1545 ἀνθ’
3816 1493 4004 1559 ίκετη-

2447 1584 2567 1655 ρίας
2590 1584 2737 1655 αὐτῷ
2758 1585 3064 1657 προτείνας,
3092 1582 3394 1654 ἐπεύχομαι
3418 1601 3500 1649 σε,
3524 1583 3630 1638 τῶν
3651 1583 3882 1637 ἐλπίδων
3904 1586 4004 1638 καὶ

788 1671 1141 1725 resultantem
1178 1676 1400 1744 gloriam
1434 1678 1749 1747 suppliciter
1786 1678 1896 1732 Deo
1924 1678 2180 1743 oﬂ‘erens,
2206 1678 2345 1733 votis
2373 1687 2412 1743 Β

2373 1687 2417 1743 Β
2445 1677 2819 1747 παραινέσεων
2849 1677 3084 1747 ἐργάτην
3119 1675 3341 1745 δόκιμον
3362 1716 3377 1741 ,
3417 1677 3510 1728 καὶ
3551 1676 3739 1729 πιστὸν
3780 1676 4003 1745 φύλακα

787 1761 1039 1817 omnibus
1072 1766 1306 1834 postulo,
1338 1775 1398 1821 ut
1420 1768 1718 1822 secundum
1747 1784 1870 1838 spes
1892 1769 1959 1824 de
1980 1777 2035 1825 te
2054 1777 2343 1839 conceptas

787 1866 952 1921 opere
982 1853 1099 1923 ipso
1122 1855 1420 1926 adimpleas
1448 1858 1845 1915 admonitiones
1866 1869 2102 1925 nostras,
2124 1870 2179 1916 et
2207 1862 2345 1918 iide-

786 1940 911 1995 liter
956 1945 1170 1998 easdem
1213 1945 1505 2009 custodias,
1552 1948 1626 2001 ita
1660 1956 1718 2003 ut
1749 1964 1845 2019 per
1870 1952 2079 2019 species
2106 1950 2344 2023 singulas

785 2033 1165 2100 pmclarorum
1209 2050 1434 2105 operum
1486 2037 1711 2094 illustris
1753 2047 1807 2095 et
1831 2041 2100 2095 excellens
2126 2042 2343 2112 conspi-

786 2125 972 2180 ciare:
1028 2135 1085 2179 ut
1126 2127 1409 2197 prudentia
1450 2144 1660 2185 summa
1699 2131 1921 2201 polleas,
1966 2133 2222 2188 memoria
2248 2149 2342 2188 va-

786 2216 916 2281 leas,
968 2216 1065 2273 ﬁas
1121 2220 1303 2274 suavis
1350 2220 1533 2287 affatu,
1580 2225 1821 2280 moribus
1848 2226 2084 2293 snavior,
2116 2243 2341 2300 congre-

785 2307 1056 2363 dientibus
1104 2310 1371 2376 amabilis,
1424 2312 1592 2383 magis
1635 2313 1811 2369 adhuc
1847 2324 2027 2372 autem
2056 2318 2342 2375 comitibus

784 2407 840 2452 et
877 2398 1065 2454 amicis
1103 2417 1117 2453 :
1166 2408 1224 2455 ut
1265 2401 1333 2456 de
1370 2417 1427 2457 re
1457 2406 1707 2473 praesenti
1738 2420 2074 2476 quaecunque
2103 2408 2341 2479 pruden-

785 2498 869 2543 ter
928 2490 1106 2546 valeas
1147 2501 1416 2558 statuere,
1467 2495 1751 2561 ordinare,
1800 2506 1857 2552 et
1896 2497 2133 2554 futurum
2184 2508 2341 2557 acute

784 2580 1093 2649 prOSpicere
1129 2600 1143 2635 :
1183 2591 1374 2638 cautus
1404 2583 1471 2639 ad
1510 2586 1945 2654 custodiendum,
1974 2598 2257 2660 promptus
2285 2600 2342 2646 et

784 2671 1065 2741 expeditus
1115 2673 1182 2728 ad
1232 2689 1318 2730 res
1356 2691 1577 2747 magnas
1626 2679 2062 2748 aggrediendum,
2093 2681 2342 2736 easdem-

785 2778 891 2832 que
946 2774 1346 2820 consummatae
1399 2769 1573 2835 possis
1611 2776 1667 2821 et
1706 2768 1895 2824 eodem
1939 2780 2081 2826 statu
2124 2787 2343 2827 conser-

789 2870 917 2910 vare
963 2874 977 2910 :
1021 2866 1080 2909 ut
1124 2858 1268 2926 quod
1321 2872 1354 2913 c
1398 2874 1457 2913 re
1500 2869 1591 2913 tua
1638 2860 1835 2926 fuerit,
1881 2862 2121 2917 studiose
2160 2864 2341 2919 occul-

783 2956 901 3011 tcs,
956 2961 1058 3003 nec
1103 2947 1323 3003 latebris
1366 2950 1670 3013 extrahare,
1723 2951 1818 3007 sed
1870 2954 2238 3022 speculatores
2284 2963 2340 3011 et

786 3042 894 3096 vim
950 3040 1185 3099 facturos
1230 3045 1626 3117 discooperias:
1667 3048 1744 3103 sis
1780 3049 2034 3105 terribilis
2066 3049 2332 3118 hostibus,
2367 3040 2412 3099 ο

786 3133 1015 3188 subditis
1049 3134 1440 3203 desiderabilis,
1475 3139 1616 3209 apud
1645 3149 1899 3211 utrosque
1927 3142 2128 3200 habeas
2158 3156 2214 3200 et
2246 3162 2343 3201 ve-

784 3228 1121 3283 nerationem
1176 3240 1232 3284 et
1274 3232 1687 3287 admirationem
1738 3256 1751 3290 :
1803 3236 2110 3307 voluptates
2156 3238 2343 3295 vincas

785 3322 1161 3389 temperantia,
1194 3323 1287 3377 ira:
1313 3324 1609 3381 dominere.
1636 3326 1723 3381 Sis
1743 3329 1950 3383 amicus
1973 3331 2343 3386 mansuetudi-

786 3414 891 3476 nis,
946 3416 1090 3469 celer
1138 3415 1194 3469 in
1236 3417 1447 3485 justitia
1493 3418 1823 3489 indaganda,
1869 3421 2234 3491 impartiarius
2284 3424 2340 3477 in

786 3505 1177 3573 distribuendo,
1206 3521 1459 3565 constans
1513 3514 1801 3578 sententia,
1846 3513 2129 3582 promissis
2179 3512 2337 3579 ﬁdus,

786 3610 1047 3664 generoso
1075 3596 1257 3651 animo
1288 3598 1341 3652 in
1376 3600 1692 3666 terroribus,
1719 3601 2068 3657 meticulosus
2093 3603 2159 3657 ad
2180 3617 2341 3658 omne

785 3698 970 3742 contra
991 3688 1135 3760 leges
1158 3707 1171 3745 :
1200 3692 1310 3746 noli
1337 3694 1637 3749 socordiam
1663 3696 1748 3749 vel
1779 3697 2147 3752 remissionem
2175 3698 2339 3751 animi

785 3780 1018 3848 aliquam
1066 3783 1318 3851 praeferre
1347 3784 1620 3841 laboribus
1652 3795 1708 3843 et
1730 3789 2006 3858 patientia:
2031 3790 2191 3859 justis
2222 3810 2235 3846 :
2266 3792 2340 3846 sis

785 3872 851 3925 ad
867 3873 1311 3931 benefaciendum
1337 3888 1641 3947 promptus,
1663 3881 1850 3935 tardus
1869 3882 1937 3935 ad
1973 3884 2327 3951 puniendum,

784 3975 993 4018 amator
1023 3966 1708 4033 amicitim,inimicitiarum
1740 3972 1930 4037 hostis,
1956 3974 2340 4030 misericordias

784 4054 906 4111 fons
935 4076 948 4111 :
980 4058 1289 4127 opinionem
1308 4061 1373 4114 de
1399 4071 1451 4116 te
1478 4077 1722 4132 magnam
1756 4079 1825 4119 ne
1846 4066 2339 4134 concipias,liumi-

782 4148 931 4205 litate
949 4158 1001 4203 te
1018 4150 1280 4205 minorem
1302 4152 1504 4221 judica,
1526 4153 1746 4209 divitias
1788 4166 2099 4221 contemne,
2135 4174 2339 4229 paupe-

781 4240 930 4294 ribus
952 4242 1257 4304 auxiliator,
1272 4244 1551 4299 veritatem
1573 4246 1753 4309 colito,
1780 4247 1954 4305 foedus
1966 4264 2087 4305 cum
2115 4253 2337 4307 menda-

780 4331 937 4385 cibus
955 4334 1112 4387 t'erire
1135 4335 1243 4387 noli
1276 4353 1290 4387 :
1323 4352 1391 4390 ne
1404 4335 1672 4406 dejiciaris
1691 4340 1891 4406 animo,
1912 4342 1955 4395 si
1980 4342 2200 4413 gloriam
2228 4358 2335 4399 non

779 4426 1083 4493 assequar-is
1098 4442 1111 4490 ;
1126 4427 1207 4481 sin
1222 4437 1401 4483 autem
1416 4431 1739 4500 assequeris,
1756 4432 1864 4486 noli
1877 4434 2064 4489 elatior
2076 4451 2195 4491 esse
2211 4456 2223 4491 :
2240 4436 2337 4490 lin-

2443 1767 2725 1838 γενέσθαιο
2763 1768 2859 1822 καὶ⁵
2890 1768 3008 1837 εῐης
3062 1784 3151 1837 μοι
3182 1767 3251 1821 δι’
3285 1767 3503 1838 ἀπάσης
3547 1767 3687 1831 ίδέας
3716 1769 4001 1839 κατορθω-

2446 1862 2631 1931 μάτων
2667 1859 2937 1930 ἐπίσημος
2983 1860 3078 1913 καὶ
3116 1859 3494 1930 περίϐλεπτος,
3536 1860 3705 1933 ἄκρος
3744 1861 3845 1930 μὶν
3873 1860 4004 1913 σύν-

2441 1970 2556 2006 εσιν
2574 1994 2590 2020 ,
2620 1954 2841 2025 μνήμην
2872 1952 2916 2006 δ’
2934 1949 3185 2021 ἀσφαλής
3205 1964 3219 1977 ⁵
3251 1950 3379 2022 ἡδὺς
3410 1953 3467 2006 ἐν
3492 1952 3669 2019 λόγοις
3685 1969 3703 1987 ο
3723 1954 3847 2015 τοὺς
3871 1952 4001 2021 τρό-

2441 2064 2578 2111 πους
2603 2046 2855 2118 ἠδύτερος
2872 2062 2889 2079 ο
2916 2047 3179 2116 ἐράσμιος
3206 2046 3481 2115 ἐντυχεῖν·
3510 2048 3621 2107 τοῖς
3647 2047 3733 2099 ἀεὶ
3771 2044 4003 2099 ἐποῦσιν

2440 2136 2845 2209 ἐρασμιώτερος
2864 2152 2879 2167 ο
2912 2137 3202 2206 κράτιστος
3226 2135 3287 2188 τὸ
3308 2136 3480 2206 παρὸν
3506 2138 3707 2205 κρῖναι,
3739 2136 3832 2189 καὶ
3858 2138 3999 2203 ἀγα-

2439 2234 2555 2301 γεῖν
2592 2232 2672 2295 είς
2715 2229 2986 2294 διάταξινο
3030 2229 3154 2293 ὀξὺς
3181 2229 3241 2282 τὸ
3289 2228 3479 2298 μέλλον
3511 2230 3667 2281 ἰδεῖν·
3708 2226 4001 2298 προμηθὴς

2445 2323 2816 2394 φυλάξασθαι·
2870 2323 3085 2393 ἕτοιμος
3140 2321 3381 2393 μεγάλας
3434 2319 3806 2390 αὐτουργῆσαι
3852 2320 4001 2392 πρά-

2443 2417 2589 2484 ξεις’
2660 2417 3001 2487 ἑτοιμότερος
3061 2416 3123 2469 τδ
3197 2413 3543 2485 καωρθωθέν
3609 2413 4000 2469 διασώσασθαιο

2439 2511 2609 2574 δεινὸς
2639 2511 2736 2580 μὲν
2768 2510 2831 2563 τὸ
2873 2508 3148 2580 συμφέρον
3178 2506 3461 2577 κρύπτειν,
3494 2506 3754 2577 κρείττων
3783 2506 3841 2559 δέ
3870 2506 4000 2559 λαν-

2442 2604 2653 2667 θάνειν,
2681 2603 2976 2673 δεινότερος
3011 2601 3067 2654 δὲ
3102 2602 3352 2670 φωρᾶσαι
3390 2601 3516 2661 τοὺς
3556 2599 3998 2670 ἐπηρεάζονταςο

2442 2692 2669 2764 φοϐερὸς
2713 2691 2812 2761 μέν
2844 2693 2955 2754 τοῖς
3001 2689 3314 2757 πολεμίοις’
3356 2687 3598 2751 ποθεινὸς
3625 2688 3681 2741 δέ
3735 2689 3848 2751 τοῖς
3890 2688 4001 2740 ὐπ-

2440 2785 2623 2856 ηκόοις
2646 2799 2659 2813 '
2696 2785 2895 2854 ἀμφοῖν
2922 2782 2975 2835 δὲ
3003 2781 3177 2844 κοινὸς
3202 2780 3261 2833 τὸ
3298 2779 3564 2833 αἰδεῖσθαι
3594 2779 3688 2832 καὶ
3717 2776 4000 2847 θαυμάζε-

2443 2876 2568 2929 σθαι
2594 2893 2609 2907 ·
2644 2874 2904 2945 κρείττων
2928 2872 3127 2944 ἡδονῶν
3146 2888 3161 2905 ι
3202 2872 3381 2941 ἥττων
3411 2868 3762 2941 σωφροσύνης
3786 2882 3799 2897 ·
3829 2870 4003 2939 ὀργῆς

2442 2969 2629 3039 κύριος
2647 2981 2665 2997 °
2690 2965 2991 3036 πραότητος
3014 2963 3165 3032 φίλος
3183 2978 3196 2993 ³
3224 2964 3389 3032 ταχὺς
3411 2962 3671 3033 θηρεῦσαι
3692 2963 3753 3016 τὸ
3770 2962 4001 3030 δίκαιον,

2443 3059 2739 3120 ἀδέκαστος
2784 3056 3086 3125 διανεῖμαι·
3118 3055 3343 3125 γνώμην
3387 3054 3677 3118 εὐσταθὴς·
3701 3056 3823 3116 ταῖς
3861 3055 4004 3107 ὐπο-

2445 3152 2656 3221 σχέσεσι
2702 3149 2910 3219 βέϐαιος
2929 3164 2944 3178 ·
2971 3150 3213 3217 γενναῖος
3248 3148 3306 3198 ἐν
3344 3145 3529 3215 φόόοις
3549 3162 3566 3180 ο
3600 3146 3833 3215 ἄτολμος
3862 3144 4004 3216 πρὸς

2444 3243 2624 3295 πᾶσαν
2653 3238 2996 3309 παρανομίαν
3021 3276 3036 3301 ,
3073 3236 3169 3291 καὶ
3207 3236 3473 3306 μηδεμίαν
3502 3234 3780 3306 ῥᾳστώνην
3801 3252 4002 3303 καρτε-

2444 3333 2566 3405 ρίας
2589 3333 2682 3385 καὶ
2705 3331 2884 3385 καλῶν
2918 3331 3091 3382 πόνων
3120 3328 3615 3397 ἀπαλλασσόμενος
3636 3343 3649 3355 ·
3686 3327 4001 3394 εὐεργετεῖν

2441 3425 2756 3497 πρόθυμοςο
2828 3422 3078 3488 κολάζειν
3140 3419 3402 3490 ὀκνηρός·
3476 3419 3655 3489 φιλίας
3714 3420 3995 3488 ἐραστής·

2442 3518 2639 3590 ἔχθρας
2684 3516 2971 3587 πολέμιος·
3014 3514 3198 3578 ἐλέους
3246 3514 3431 3583 πηγή·
3479 3512 3708 3581 οἰήσεως
3756 3512 3995 3580 μείζων·

2441 3607 2937 3680 ταπεινοφροσύνης
2988 3604 3409 3674 ἐλαττούμενος·
3457 3603 3768 3675 ὑπερόπτης
3829 3601 3998 3654 πλού-

2438 3721 2529 3756 του
2552 3719 2567 3734 ο
2603 3702 2790 3764 πενίας
2827 3700 3111 3767 ἐπίκουρος
3133 3714 3146 3728 ·
3180 3697 3438 3768 ἀλήθειαν
3470 3695 3677 3764 τιμῶνθ
3700 3694 3888 3764 ψεύδει
3922 3694 3997 3764 μὴ

2441 3795 2830 3863 σπενδόμενος·
2871 3791 3233 3850 ἀταπείνωτος
3290 3787 3389 3841 οὐκ
3423 3786 3743 3855 εὐδοκιμῶν,
3788 3786 3999 3838 εὐδοκιο

2441 3888 2556 3959 μῶν
2613 3886 2669 3939 δὲ
2730 3886 2790 3940 οὐ
2847 3884 3241 3954 φυσιούμενος·
3292 3879 3542 3949 γλώσσης
3602 3878 3993 3948 αὐτοκράτωρ·

2437 3981 2608 4050 ἀκοῆς
2666 3977 2876 4047 φύλαξ·
2931 3976 3108 4045 ἁφῆς,
3162 3972 3258 4027 καὶ
3308 3973 3405 4043 τῆς
3438 3971 3601 4039 ἄλλης
3650 3968 3991 4046 αἰσθήσεως.

2437 4069 2786 4138 ἀδυσώπητος
2827 4066 3155 4136 ἐπιστάτης,
3188 4065 3281 4118 καὶ
3333 4062 3522 4133 μηδενὶ
3554 4060 3716 4114 πάθει
3760 4060 3996 4122 ἐνδιδοὺς

2442 4164 2574 4235 μηδὲ
2610 4165 2722 4226 τοῖς
2750 4160 3059 4231 ἐρεθισμοῖς
3088 4156 3417 4227 κηλούμενος
3451 4154 3561 4207 τῶν
3588 4152 3821 4223 ὀρέξεων
3843 4167 3859 4182 ·
3899 4151 3996 4205 καὶ

2440 4257 2661 4326 σύμπαν
2702 4255 2892 4316 εἰπεῖν,
2941 4252 3058 4321 είης
3109 4266 3199 4321 μοι
3238 4248 3417 4318 πάσης
3452 4244 3651 4318 ἀρετῆς
3705 4245 3801 4297 καὶ
3839 4244 3998 4297 εὐσε-

2366 4376 2414 4435 D
2440 4349 2611 4411 θείας,
2646 4346 2708 4399 οὐ
2735 4346 2846 4408 τοῖς
2876 4343 2981 4397 ὑπὸ
3011 4342 3071 4395 σὲ
3104 4341 3263 4435 μόνον
3289 4336 3657 4435 ’ὑπογραμμδς
3684 4338 3781 4435 καὶἱ
3809 4336 3993 4435 παρά-

2438 4440 2656 4508 δειγμα,
2687 4434 2819 4489 ἀλλά
2848 4434 2942 4488 καὶ
2973 4433 3052 4503 τῷ
3088 4432 3225 4503 μετά
3255 4431 3313 4483 at
3358 4430 3519 4483 παντὶ
3546 4429 3655 4482 τῶν
3692 4427 3995 4499 ἀνθρώπων

780 4530 937 4584 guam
952 4531 1164 4581 coerce,
1184 4533 1343 4573 aures
1357 4522 1588 4585 custodi,
1609 4524 1772 4579 tactui
1795 4532 1849 4579 et
1862 4525 2070 4581 ceteris
2087 4528 2334 4584 sensibus

2439 4531 2606 4600 γένει,
2633 4527 2773 4598 καλὴ
2801 4527 2891 4579 καὶ
2918 4526 3146 4596 μεγάλη,
3170 4524 3265 4577 καὶ
3288 4522 3427 4576 καλά
3450 4521 3542 4575 καὶ
3568 4519 3779 4590 μεγάλα
3803 4536 3997 4590 κατερ-

779 4610 1091 4663 moderator
1109 4611 1330 4665 assistas
1353 4628 1461 4667 non
1477 4614 1853 4681 dimovendus,
1878 4617 2112 4685 passioni
2132 4620 2262 4674 nulli
2281 4630 2334 4675 te

2438 4623 2737 4693 γαζομὲνη,
2796 4618 3135 4689 παραίνεσις.
3166 4616 3247 4669 Δι’
3278 4616 3312 4670 ἆ
3338 4631 3419 4668 σοι
3444 4613 3674 4684 μάλιστα
3697 4614 3789 4666 καὶ
3822 4615 3855 4683 ὴ
3888 4613 3996 4666 τῶν

777 4699 977 4755 victum
1006 4702 1176 4768 trade,
1195 4719 1294 4758 nec
1318 4706 1592 4776 prurigine
1618 4708 1861 4761 orexium
1885 4708 2227 4766 delinitussis
2247 4728 2260 4765 :
2279 4720 2335 4767 et

2438 4713 2686 4786 οὐρανῶν
2728 4710 3097 4783 ἀνέκφραστος
3123 4707 3216 4761 καλ⁸
3249 4706 3417 4770 ἀΐδιος
3450 4705 3715 4776 βασιλεία.
3750 4707 3830 4769 εἰς
3863 4705 3995 4776 κλῆ-

775 4801 834 4845 nt
869 4808 977 4847 uno
1006 4796 1175 4849 verbo
1196 4798 1524 4865 complectar
1554 4798 1757 4865 omnia,
1786 4801 2085 4872 omnigenaa
2113 4803 2326 4859 virtutis

2443 4823 2531 4875 ρον
2560 4804 2954 4873 ἀναφαίρετον,
2986 4800 3081 4854 καὶ
3110 4798 3520 4869 κατασκήνωσιν
3556 4796 3831 4867 ἀδιάδοχον
3853 4839 3867 4863 ,
3903 4797 3996 4850 καὶ

774 4892 828 4936 et
859 4884 1073 4952 pietatis
1108 4895 1159 4941 te
1207 4888 1481 4957 exemplar
1510 4890 1706 4944 exhibe
1758 4897 1812 4944 et
1852 4892 2309 4962 delineationem;

2435 4897 2692 4971 ὑπερφυῆ
2720 4898 2809 4951 καὶ
2828 4894 2975 4970 θείαν
3000 4890 3228 4963 τρυφὴν,
3257 4890 3349 4944 καὶ
3375 4891 3674 4944 ἀπόλαυσιν
3697 4890 3773 4960 μὴ
3798 4890 3995 4960 λυομέ-

775 4991 948 5044 neqne
982 4978 1088 5032 tuis
1120 4980 1290 5034 solum
1332 4982 1579 5048 subditis,
1614 4984 1708 5038 sed
1742 4986 1997 5041 universo
2020 4990 2324 5044 mortalium

2435 5010 2555 5063 νην,
2584 4987 3075 5061 παρασχεθήσεται.

774 5070 979 5139 generi,
1022 5072 1111 5140 qui
1148 5074 1233 5127 vel
1264 5084 1384 5143 post
1423 5084 1474 5129 te
1501 5075 1667 5131 futuri
1702 5087 1847 5142 sunt,
1884 5089 1943 5133 ut
1973 5094 2151 5134 rerum
2176 5099 2489 5155 magnarum
2539 5092 2593 5137 et
2629 5080 2881 5152 praeclare
2919 5077 3273 5149 gerendarum
3330 5074 3567 5131 habeant
3602 5083 3655 5129 te
3717 5073 3991 5146 egregium

774 5164 1186 5220 admonitorem.
1232 5165 1308 5220 Ita
1351 5178 1532 5223 autem
1591 5171 1684 5224 tibi
1728 5187 1950 5241 regnum
1993 5171 2125 5228 illud
2168 5176 2429 5231 caelorum
2468 5176 2523 5229 in
2552 5185 2815 5229 aeternum
2850 5180 2903 5226 et
2972 5170 3367 5241 inexplicabile,
3429 5168 3483 5223 in
3551 5176 3753 5231 sortem
3822 5168 3993 5221 haere-

775 5258 957 5313 ditatis
1005 5261 1145 5315 haud
1184 5262 1511 5327 auferenda,
1547 5266 1600 5319 in
1668 5267 2075 5322 tabernaculum
2137 5268 2256 5325 sine
2318 5284 2635 5326 successore
2686 5266 3102 5339 possidendum,
3154 5266 3210 5319 in
3266 5264 3597 5335 voluptatem
3645 5274 3699 5319 et
3738 5262 3991 5336 gaudium

774 5366 937 5423 supra
981 5364 1252 5425 naturam,
1282 5358 1548 5430 planeque
1577 5359 1842 5423 divinum.
1870 5361 2014 5417 nulla
2042 5378 2152 5419 non
2178 5363 2477 5421 aeternitate
2507 5360 2895 5432 perimendum
2954 5357 3300 5415 concedetur.
