4248 6444
301 422 408 486 69⁸7
1490 418 1978 480 EPISTOLARU]

1831 419 2022 479 lRUM
2053 421 2282 483 LIBER
2311 423 2354 481 Ι.
3408 424 3508 487 698

1382 614 1715 678 ANGELO
1774 614 1936 678 MAI
1994 612 2393 678 MONITUM

298 757 381 814 De
413 758 611 813 duabus
662 759 891 829 epistolis
937 761 1261 831 sequentibus
1300 760 1473 816 Photii
1514 764 1826 833 patriarcha:
1857 764 1926 817 ad
1965 762 2280 817 Zachariam
2312 763 2672 817 Armeniorum
2702 758 3063 830 patriarcham
3090 772 3137 813 et
3167 760 3238 812 ad
3266 756 3506 811 Asutium

408 847 638 918 ejusdem
669 848 833 919 gentis
858 850 1163 918 principem,
1197 861 1244 903 et
1274 851 1335 904 de
1364 852 1523 904 variis
1548 852 1683 904 inter
1711 849 1915 905 ercos
1946 859 1994 903 et
2026 850 2296 904 Armenios
2319 866 2411 919 pro
2439 849 2678 919 religiosa
2719 846 2997 900 concordia
3028 845 3356 898 tractatibus.

371 978 423 1033 1.
469 978 541 1035 Ut
578 978 756 1035 Photii
798 982 932 1036 duas
966 984 1035 1038 ad
1084 984 1398 1039 Zachariam
1442 987 1821 1041 Armeniorum
1866 985 2247 1055 patriarcham,
2273 994 2433 1054 atque
2459 985 2523 1039 ad
2549 985 2795 1040 Asntium
2829 981 3072 1051 ejusdem
3106 980 3279 1050 gentis
3307 994 3504 1048 supre-

297 1082 447 1121 mum
487 1070 785 1137 principem
826 1071 1080 1139 epistolas
1124 1073 1175 1125 in
1213 1074 1317 1127 hoc
1346 1075 1619 1128 volumine
1657 1074 2008 1145 divulgarem,
2051 1088 2213 1127 causa
2250 1074 2382 1127 mihi
2428 1072 2629 1125 Nicolai
2664 1070 2872 1142 mystici
2898 1069 3123 1138 epistola
3158 1066 3257 1120 159
3287 1066 3407 1131 fuit,
3446 1068 3502 1120 in

296 1170 405 1224 qua
463 1156 518 1209 bi
561 1154 737 1210 Photii
782 1173 905 1211 cum
954 1158 1228 1213 Armeniis
1272 1168 1552 1224 tractatus,
1616 1169 1675 1214 ut
1716 1162 1973 1223 vidimus,
2002 1172 2507 1215 commemorantur.
2549 1160 2801 1226 Epistolas
2838 1156 3055 1225 quidem
3086 1156 3149 1209 ad
3186 1153 3501 1207 Zachariam

297 1242 453 1295 testis
502 1252 585 1297 est
622 1245 783 1299 etiam
834 1244 1049 1300 Samuel
1082 1247 1356 1309 Aniensis,
1411 1263 1440 1302 a
1484 1263 1570 1301 me
1622 1250 1749 1302 olim
1792 1258 1848 1303 et
1890 1264 1919 1303 a
1967 1251 2036 1305 cl.
2082 1251 2330 1305 Zohrabo
2373 1249 2656 1305 Mediolani
2702 1249 2901 1307 editus,
2934 1247 2986 1299 in
3018 1261 3115 1299 suo
3141 1243 3399 1300 Chronico
3435 1246 3503 1299 ad

294 1329 498 1384 Christi
527 1346 727 1386 annum
760 1334 864 1388 878
899 1335 981 1387 bis
1010 1336 1190 1389 verbis
1218 1352 1231 1388 :
1264 1334 1710 1403 Constantinopoli
1747 1338 2050 1406 patriarcha
2083 1349 2194 1392 erat
2226 1339 2462 1403 Pltotius,
2498 1340 2585 1406 qui
2611 1352 2773 1406 nuper
2801 1337 2870 1389 ad
2908 1334 3228 1388 Zachariam
3262 1335 3502 1401 patriar-

295 1416 448 1469 citam
491 1428 721 1472 nostrum
748 1421 991 1474 consortii
1017 1423 1231 1475 ineundi
1255 1439 1413 1477 causa
1434 1424 1705 1494 epistolam
1734 1425 2030 1493 scripserat.
2065 1426 2185 1492 Quo
2210 1429 2328 1481 loco
2353 1442 2449 1481 nos
2481 1426 2718 1479 editores
2748 1423 3121 1478 adnotavimus
3155 1438 3166 1474 :
3201 1424 3306 1476 lucc
3330 1422 3501 1475 Photii

292 1507 501 1575 prolixa
521 1510 737 1575 epistola
760 1520 927 1565 exstat
952 1513 1007 1565 in
1038 1514 1293 1568 codicibus
1308 1514 1627 1569 Armeniaris
1651 1515 1851 1585 collegii
1874 1515 2043 1570 Veneti
2071 1515 2250 1570 Sancti
2274 1514 2463 1568 Lazari
2483 1515 2578 1580 (l).
2602 1514 2677 1567 De
2703 1512 2869 1567 altera
2894 1526 3022 1565 vero
3047 1518 3499 1579 contemporanea

292 1594 473 1649 Photii
527 1598 755 1665 epistola
799 1599 865 1653 ad
906 1600 1151 1654 Asutium
1193 1602 1517 1670 principem,
1570 1603 1735 1657 verba
1764 1602 1895 1656 facit
1938 1604 2223 1675 Serposius
2257 1604 2437 1674 Camp.
2474 1605 2593 1658 hist.
2642 1612 2681 1659 t.
2728 1601 2790 1666 ll,
2820 1618 2874 1671 p.
2907 1600 2993 1655 u.
3029 1600 3139 1655 Hoc
3174 1616 3271 1666 ego
3302 1600 3497 1669 triplici

294 1686 608 1741 testimonio
658 1689 967 1745 admonitus
1022 1689 1247 1754 Nicolai,
1292 1692 1577 1757 Samuelis,
1616 1702 1777 1762 atque
1808 1692 2066 1762 Sarpnsii,
2099 1693 2166 1746 de
2202 1692 2451 1746 Photiani
2485 1691 2763 1759 utriusque
2793 1690 2981 1757 scripti
3029 1703 3136 1742 non
3180 1686 3498 1741 exsistentia

292 1776 491 1839 solum.
527 1791 713 1831 verum
739 1777 924 1842 etiam,
959 1779 1013 1831 in
1040 1779 1214 1832 aliena
1248 1779 1434 1834 saltem
1463 1781 1664 1852 lingua,
1695 1782 2105 1836 conservatione
2134 1778 2354 1849 (etenim
2387 1768 2572 1832 Graece
2606 1792 2777 1845 neque
2807 1777 2861 1829 in
2887 1774 3199 1829 Montacutii
3227 1774 3491 1843 epistola-

291 1874 416 1913 rum
465 1858 641 1914 Photii
689 1860 922 1916 editione
966 1863 1049 1917 hac
1080 1862 1201 1917 duae
1249 1865 1517 1935 leguntur,
1549 1881 1723 1935 neque
1748 1882 1777 1922 a
1804 1884 1890 1923 me
1922 1868 1977 1922 in
2012 1867 2302 1922 Hellenicis
2332 1880 2567 1934 unquam
2604 1864 2880 1918 codicibus
2908 1864 3205 1917 observata!
3241 1861 3484 1930 fuerunt)

290 1946 476 2017 rogavi
512 1947 624 2001 RR.
673 1947 858 2003 Patres
888 1948 1301 2016 Mechitaristas,
1346 1962 1406 2006 ut
1430 1952 1475 2006 si
1506 1953 1745 2023 ipsorum
1768 1954 2052 2010 commodo
2076 1970 2139 2009 ac
2168 1954 2321 2008 libito
2352 1953 2466 2007 ﬁeri
2494 1960 2697 2021 posset.
2730 1949 3023 2005 Photianas
3051 1963 3259 2002 mecum
3289 1947 3494 2016 episto-

288 2035 371 2088 las
423 2036 889 2090 commnnicarent
927 2054 941 2090 :
986 2038 1146 2107 hique
1193 2047 1395 2093 tantam
1437 2054 1548 2109 prae
1578 2056 1636 2095 se
1673 2042 1915 2097 tulerunt
1946 2042 2351 2113 benignitatem,
2388 2047 2447 2093 ut
2479 2039 2692 2093 illarum
2724 2038 2907 2091 statim
2948 2035 3338 2104 apographum.
3370 2049 3491 2087 cum

290 2119 474 2176 Italica
513 2122 572 2175 P.
612 2120 843 2177 Eduardi
892 2122 1181 2188 Hormutii,
1224 2126 1464 2197 perdocti
1510 2129 1613 2182 viri
1652 2130 1890 2200 mihique
1934 2128 2267 2191 amicissimi,
2311 2125 2760 2194 interpretatione
2801 2123 3060 2177 utendum
3100 2120 3490 2176 concesserint.

287 2205 407 2273 Quo
454 2219 673 2277 accepto
724 2225 970 2277 munere,
1000 2212 1148 2266 nolui
1182 2214 1431 2282 equidem
1459 2216 1800 2271 occasionem
1828 2216 2082 2271 omittere
2116 2214 2355 2270 sociandi
2388 2214 2641 2268 Photium
2665 2227 2792 2266 cum
2822 2210 3062 2274 Nicolao,
3092 2209 3182 2279 qui
3210 2208 3493 2262 lamiliaris

287 2296 410 2365 ejus
436 2305 491 2351 et
528 2297 799 2352 cathedras
826 2314 1107 2354 successor
1132 2300 1233 2355 fuit
1267 2302 1555 2371 :quodque
1589 2307 1757 2375 magis
1795 2305 2037 2367 interest,
2076 2303 2263 2373 gestivi
2296 2302 2563 2371 protinus,
2600 2315 2796 2354 novum
2837 2300 2941 2352 hoc
2969 2296 3364 2351 Ecclesiastica:
3412 2294 3494 2347 bi-

290 2383 477 2438 storiae
506 2384 928 2442 additamentum
958 2389 1023 2444 ad
1057 2389 1326 2458 publicam
1351 2391 1594 2445 notitiam
1629 2393 1886 2462 perferre.
1918 2392 2009 2447 Est
2044 2394 2189 2447 enim
2221 2390 2310 2445 hic
2342 2404 2480 2444 unus
2508 2404 2573 2443 ex
2603 2396 2681 2442 tot
2718 2386 3056 2451 tractatibus,
3088 2385 3285 2454 quibus
3309 2382 3497 2438 Graeca

288 2471 528 2528 Ecclesia
558 2488 680 2527 cum
714 2476 981 2531 Armeniis
1011 2476 1310 2532 instaurare
1343 2479 1683 2534 concordiam
1721 2479 1950 2550 ﬁdeique
1980 2480 2242 2550 religiosa:
2271 2480 2525 2532 unitatem
2558 2484 2746 2531 conata
2771 2484 2874 2529 est.
3442 2498 3445 2503 ·

355 2586 412 2639 2.
464 2584 710 2641 Profecto
760 2585 1187 2655 disputationum
1232 2588 1493 2652 omnium,
1527 2604 1645 2657 qua:
1672 2588 1813 2643 inter
1837 2588 1969 2643 duas
1997 2587 2260 2642 Ecclesias
2302 2586 2496 2640 habitae
2526 2592 2671 2648 sunt,
2707 2583 2903 2637 seriem
2932 2596 3041 2635 non
3067 2589 3351 2635 contexam
3385 2595 3397 2631 :
3438 2578 3489 2633 id

284 2672 435 2727 enim
483 2672 549 2728 ad
593 2675 897 2744 generalem
932 2674 1111 2745 potius
1145 2674 1420 2745 religionis
1459 2675 1739 2730 historiam
1791 2677 2044 2745 pertinet.
2083 2674 2253 2729 Video
2288 2683 2469 2727 tamen
2508 2672 2806 2741 principem
2841 2668 2955 2723 fere
2980 2667 3223 2721 omnium
3261 2668 3316 2719 iu
3348 2665 3495 2719 hanc

286 2761 460 2815 aleam
505 2760 848 2815 descendisse
877 2770 1121 2815 sanctum
1152 2759 1422 2826 Proclum,
1455 2762 1544 2830 qui
1572 2762 1769 2817 szeculo
1802 2762 2012 2831 quinto,
2044 2771 2100 2817 et
2128 2762 2345 2831 quidem
2386 2769 2510 2815 ante
2536 2758 2977 2814 Chalcedonense
3010 2754 3306 2809 concilium
3337 2753 3492 2815 vixit,

288 2848 491 2919 scripta
537 2849 605 2902 ad
652 2848 934 2903 Armenios
978 2849 1278 2919 dogmatiea
1322 2850 1570 2919 epistola,
1614 2866 1719 2919 qua
1768 2852 1886 2905 illos
1917 2859 2108 2906 contra
2146 2848 2308 2903 falsas
2331 2848 2605 2902 doctrinas
2630 2843 3003 2900 communivit.
3030 2842 3289 2911 Superest
3318 2840 3496 2893 adhuc

286 2938 407 3008 ipsa
451 2937 677 3005 epistola
723 2937 865 2991 inter
905 2934 1077 2992 Procli
1108 2952 1293 3007 Opera,
1325 2940 1401 2992 rei
1430 2954 1557 2993 vero
1591 2940 1811 2995 historia
1841 2937 2131 3007 exponitur
2175 2936 2316 3005 apud
2346 2934 2607 2989 Galanum
2651 2942 2689 2987 t.
2736 2931 2775 2997 Ι,
2811 2947 2867 3002 p.
2897 2931 2964 2986 69
2993 2938 3048 2984 et
3087 2943 3203 2997 seq.
3249 2926 3495 2981 Trullani

286 3037 528 3078 canones
568 3025 765 3078 seculo
796 3025 1024 3094 septimo
1060 3026 1212 3091 editi,
1261 3026 1331 3080 ob
1370 3027 1765 3082 emendandam
1797 3030 2095 3098 praesertim
2124 3027 2502 3082 Armeniorum
2533 3023 2801 3095 lilurgiam
2828 3037 2890 3077 ac
2918 3020 3281 3089 disciplinam,
3321 3012 3491 3069 nolis-

286 3111 407 3166 simi
458 3126 603 3166 sunt.
649 3113 728 3166 En
775 3122 953 3167 autem
993 3122 1183 3168 octavo
1230 3115 1424 3169 saeculo
1448 3124 1667 3170 sanctus
1691 3115 1993 3172 Germanus
2026 3118 2065 3182 l,
2105 3114 2403 3184 patriarcha
2436 3112 2759 3183 Byaantinus
2786 3110 2959 3164 zelum
2985 3122 3141 3161 suum
3174 3120 3273 3175 pro
3302 3106 3495 3157 Arme-

286 3195 501 3250 niorum
532 3197 851 3252 orthodoxia
883 3200 1233 3269 exprompsit.
1265 3202 1406 3256 datis
1438 3202 1505 3257 ad
1542 3218 1636 3257 eos
1662 3204 1876 3269 litteris,
1915 3214 1973 3259 ut
1993 3203 2223 3273 duplicis
2251 3203 2304 3256 in
2330 3201 2547 3255 Christo
2576 3209 2782 3253 naturai
2805 3196 3225 3257 confessionem,
3256 3200 3311 3246 et
3331 3190 3495 3243 Chal-

284 3286 604 3341 eedonensis
625 3288 809 3358 synodi
840 3288 1217 3342 admissionern
1245 3291 1496 3345 suaderet
1528 3309 1541 3345 :
1569 3307 1689 3361 qua
1711 3294 1898 3349 littera:
1923 3308 2033 3348 non
2060 3298 2277 3347 exstant
2296 3290 2534 3359 quidem.
2562 3288 2656 3342 sed
2683 3301 2866 3341 earum
2899 3293 3045 3339 certa
3075 3281 3262 3335 notitia
3300 3278 3494 3349 legitur

286 3379 344 3433 in
398 3378 772 3433 Armeniorum
828 3380 1063 3449 ipsorum
1111 3382 1409 3450 menologio
1450 3384 1589 3452 apud
1623 3384 1884 3439 Galanum
1925 3397 1981 3451 ιι.
2026 3380 2114 3445 78,
2152 3393 2255 3433 nec
2300 3392 2410 3431 non
2444 3377 2498 3430 in
2534 3375 2785 3429 Tarsensi
2824 3373 3052 3428 concilio
3076 3368 3217 3439 apud
3243 3366 3492 3421 eumdem

285 3483 343 3538 p.
372 3467 468 3521 3H
504 3467 604 3539 (2).
635 3466 904 3522 Germano
925 3477 1054 3521 tunc
1082 3470 1305 3523 onmiuo
1334 3472 1673 3527 consensisse
1701 3472 1955 3525 dicuntur
1978 3467 2223 3522 Armenii
2250 3480 2340 3535 op.
2377 3464 2469 3518 cit.
2496 3479 2550 3532 p.
2577 3462 2667 3523 77.
2700 3459 3001 3531 prasertim
3027 3459 3150 3527 quia
3184 3456 3328 3508 hunc
3352 3453 3496 3505 inter

285 3556 440 3610 divos
482 3564 786 3609 numerant.
835 3552 990 3609 Nunc
1015 3554 1238 3611 Photius
1264 3568 1522 3627 sequente
1549 3560 1746 3614 saeculo
1772 3558 1983 3613 curiose
2019 3562 2203 3609 narrat
2224 3552 2434 3621 quoties
2455 3550 2697 3604 Armenii
2724 3545 2972 3616 episcopi,
2997 3542 3494 3627 Chalcedonensem

286 3642 447 3697 [idem
484 3642 836 3710 susceperint,
861 3650 1020 3710 atque
1065 3643 1185 3697 aliis
1209 3624 1558 3699 meumenicis
1588 3646 1806 3716 synodis
1842 3642 2184 3698 interiuerint
2224 3656 2286 3696 ac
2314 3638 2753 3709 subscripserint.
2784 3635 3057 3704 Pauloque
3085 3639 3205 3702 post
3240 3624 3497 3716 Nicolaus

283 3730 541 3800 mysticus
581 3728 861 3798 epistolam
904 3744 1054 3782 suam
1085 3730 1150 3783 ad
1178 3730 1463 3785 Armenios
1490 3712 1655 3796 misit,
1680 3735 1834 3802 cujus
1868 3746 1965 3786 nos
1991 3730 2238 3783 Latinum
2264 3742 2479 3797 quoque
2506 3725 2853 3779 summarium
2878 3719 3274 3791 in‘prsel'atione
3319 3731 3376 3770 n.
3414 3712 3489 3769 14

284 3815 623 3884 scripsimus.
680 3814 971 3884 Utriusque
1026 3818 1329 3871 tentaminis
1366 3818 1543 3873 exitus
1578 3820 1758 3874 nullus
1810 3819 1930 3881 fuit.
1967 3829 2027 3872 ut
2069 3817 2135 3871 de
2178 3814 2397 3870 Nicolao
2436 3829 2535 3869 nos
2565 3814 2818 3877 diximus,
2851 3812 2917 3865 de
2944 3810 3060 3879 ipso
3088 3820 3268 3863 autem
3300 3804 3490 3859 Photio

282 3902 536 3956 Nicotaus
566 3915 653 3970 ep.
686 3901 804 3965 cit.,
842 3916 961 3969 quae
986 3902 1141 3956 valde
1163 3904 1541 3959 contradicunt
1579 3907 1811 3960 narratis
1842 3920 1872 3959 a
1907 3906 2219 3974 Serposiot.
2246 3902 2311 3968 ll,
2346 3918 2399 3972 p.
2430 3902 2519 3955 46.
2548 3900 2757 3955 Secutae
2782 3908 2908 3952 sunt
2928 3896 3246 3951 duodecimo
3268 3892 3485 3952 saeculo,

281 3998 408 4060 post
446 4004 645 4043 annum
695 3986 850 4053 H70,
899 3999 1156 4059 regnante
1185 3992 1347 4058 Iapud
1386 3992 1598 4048 Graecos
1649 3993 1890 4049 Mauuele
1937 3992 2235 4057 Comneno,
2260 3990 2500 4045 celebres
2536 3989 2655 4041 dua:
2674 3988 2739 4041 ad
2774 3986 3057 4039 Armenios
3083 3984 3151 4036 ob
3181 3982 3484 4051 religiosam

284 4075 625 4130 concordiam
671 4074 962 4145 legationes
1015 4090 1079 4130 ac
1116 4076 1509 4145 disputationes
1557 4079 1844 4135 Theoriani
1890 4083 2195 4152 philosophi
2235 4096 2357 4135 cum
2387 4077 2608 4134 Nersete
2632 4077 2867 4147 Claiensi
2902 4072 3221 4145 patriarcha,
3257 4086 3484 4138 quarum

284 4163 518 4232 priorem
562 4160 938 4225 Leunclavius,
986 4166 1339 4232 posteriorem
1378 4181 1478 4221 nos
1524 4167 1579 4220 iu
1627 4169 1902 4224 codicibus
1946 4186 1961 4225 ε

1806 4170 1902 4224 bus
1946 4170 2131 4225 saltem
2171 4169 2408 4239 quinque
2451 4168 2725 4222 inventam
2755 4164 3039 4219 edidimus.
3084 4160 3277 4214 Harum
3303 4168 3483 4211 tamen

283 4250 412 4305 felix
444 4250 620 4304 exitus
650 4250 963 4320 patriarcha
991 4261 1163 4306 morte
1192 4264 1479 4323 corruptus
1518 4255 1729 4310 videtur
1756 4274 1770 4310 :
1802 4258 1971 4311 donec
1998 4257 2365 4327 quinquennio
2392 4265 2513 4325 post
2536 4269 2623 4309 res
2653 4254 2849 4308 iterum
2891 4252 2945 4305 in
2972 4248 3201 4304 concilio
3224 4246 3480 4301 Tarsensi

284 4338 483 4392 acriter
517 4338 772 4393 ventilata
821 4353 887 4393 ac
940 4354 1109 4409 prope
1150 4339 1432 4406 coniecta,
1479 4341 1740 4399 Manuelis
1772 4344 2110 4415 imperatoris
2152 4346 2398 4403 similiter
2439 4345 2612 4409 obitu,
2644 4345 2755 4400 Deo
2790 4344 2867 4399 sic
2895 4341 3261 4413 permittente,
3291 4352 3483 4392 rursus

282 4425 507 4480 corruit.

352 4538 406 4593 3.
441 4537 547 4593 Sed
580 4536 723 4592 enim
752 4544 946 4606 praeter
972 4537 1232 4595 hactenus
1255 4541 1416 4607 dicta,
1443 4557 1583 4598 nova
1612 4544 1742 4599 mihi
1777 4546 2019 4616 quaedam
2051 4547 2106 4602 in
2134 4563 2266 4603 mss.
2297 4554 2574 4615 comperta
2606 4553 2753 4608 sunt,
2787 4558 2906 4614 quae
2934 4542 3142 4613 integre
3169 4539 3389 4609 quidem
3424 4538 3479 4591 in

282 4626 385 4680 alia
424 4626 893 4682 monumentorum
934 4634 1173 4680 veterum
1201 4628 1420 4699 sylloge,
1462 4640 1519 4683 ut
1552 4647 1729 4700 spero,
1764 4634 1985 4689 daturus
2014 4650 2131 4688 sum
2159 4652 2173 4699 ;
2204 4649 2349 4687 nunc
2384 4643 2561 4687 tamen
2592 4631 2933 4686 summariam
2962 4630 3200 4698 ipsorum
3232 4626 3477 4681 notitiam

282 4716 551 4770 delibabo.
584 4714 797 4768 Etenim
830 4716 974 4769 circa
1012 4714 1207 4770 Christi
1239 4732 1367 4773 ann.
1398 4718 1554 4783 1240,
1580 4730 1836 4789 regnante
1866 4720 2333 4789 Constantinopoli
2379 4730 2659 4789 postremo
2690 4717 3002 4771 Latinorum
3032 4716 3165 4785 imp.
3192 4713 3476 4775 Balduino,

280 4801 472 4858 Nicaea:
506 4805 830 4861 imperatore
851 4806 1037 4862 Graeco
1063 4805 1268 4859 Joanne
1306 4805 1449 4861 Daca
1483 4807 1722 4872 Vatatze,
1757 4819 2071 4863 renovatum
2105 4824 2133 4862 a
2156 4808 2353 4863 Graecis
2384 4816 2657 4861 tentamen
2691 4814 2774 4859 est
2803 4804 3157 4874 dogmaticam
3187 4801 3471 4870 copulandi

280 4907 401 4944 cum
446 4891 715 4947 Armeniis
745 4909 950 4963 pacem.
1001 4893 1223 4961 Scripsit
1268 4908 1394 4963 ergo
1440 4892 1739 4949 Germanus
1767 4894 1831 4957 ll,
1862 4905 1990 4950 tunc
2017 4895 2318 4965 patriarcha
2353 4893 2592 4957 Graccus,
2634 4891 2909 4961 epistolam
2952 4891 3018 4944 ad
3060 4889 3473 4944 Constantinum

279 4979 468 5033 eodem
506 4981 736 5049 tempori
795 4981 1169 5035 Armeniorum
1220 4982 1611 5049 patriarcham,
1651 4998 1809 5051 quam
1852 4997 1951 5053 ego
2000 4983 2054 5035 in
2090 4981 2368 5035 codicibus
2403 4979 2663 5035 vaticanis
2710 4978 2812 5047 legi
2859 4978 2962 5033 hoc
2998 4977 3150 5031 titulo
3180 4986 3233 5030 et
3284 4975 3471 5029 initio:

278 5063 368 5133 Τῷ
413 5065 729 5137 ὑψηλοτάτῳ
780 5066 1049 5135 καθολικῷ
1090 5068 1267 5136 πάσης
1322 5070 1417 5137 τῆς
1478 5068 1835 5138 Ἀρμενιακῆς
1898 5068 2251 5135 Ἐκκλησίας,
2302 5068 2398 5137 τῆς
2444 5068 2581 5119 κατὰ
2637 5067 2812 5118 πᾶσαν
2860 5063 2956 5132 τὴν
2986 5063 3327 5131 οἰκουμένην,
3382 5062 3475 5115 καὶ

279 5152 442 5222 σοφίᾳ
482 5154 573 5205 καὶ
599 5155 808 5207 συνέσει
846 5156 1240 5227 κεκοσμημένῳ
1276 5156 1426 5226 κυρῷ
1477 5156 1881 5223 Κωνσταντίνῳ,
1917 5158 2186 5227 Γερμανὸς
2219 5156 2351 5225 ἐλέῳ
2383 5155 2516 5209 Θεοῦ
2562 5153 2986 5225 ἅρχιεπίσκοπος
3036 5153 3476 5205 Κωνσταντινου-

275 5238 502 5304 πόλεως,
546 5241 669 5304 νέας
717 5241 952 5313 Ῥώμης,
988 5243 1082 5295 καὶ
1121 5245 1490 5313 οἰκουμενικὸς
1531 5244 1889 5315 πατριάρχης.
1921 5244 2113 5313 Incipit
2144 5242 2542 5311 ε’Δγαλλιάσοω
2580 5244 2607 5294 ὁ
2634 5241 2875 5311 οὐρανὸς,
2917 5242 3011 5293 καὶ
3039 5239 3410 5309 ιὺφραινέσθω
3443 5240 3474 5291 ἢ

276 5324 349 5394 γῆ
401 5327 657 5397 σήμερον,
708 5346 761 5383 κ.
795 5347 845 5383 τ.
889 5329 940 5383 λ.
976 5330 1033 5385 ln
1060 5344 1122 5385 ea
1161 5331 1463 5387 Germanus
1489 5341 1876 5387 commemorat
1902 5332 2077 5402 primo
2106 5331 2357 5386 Tiridatis
2386 5339 2441 5386 et
2467 5327 2808 5386 Constantini
2839 5327 3270 5397 contemporales
3301 5326 3475 5381 domi-

302 5546 524 5628 .(l)Ab
558 5547 659 5603 hac
684 5547 1675 5636 Photiidogmaticacpistola'prorsus
1712 5553 1821 5609 dis-
1992 5554 2067 5626 (2)
2122 5554 2261 5677 Ergo
2335 5553 2632 5637 Germapus
2684 5552 2705 5608 Ῑ
2754 5548 3055 5677 permutari
3114 5552 3304 5619 nequit
3346 5565 3465 5631 cum

302 5619 566 5677 unguenda
599 5627 681 5673 est
701 5619 965 5677 Johannis
990 5622 1193 5677 Nucem
1214 5639 1453 5677 emscom
1478 5625 1544 5677 ad
1571 5627 1819 5677 eumdem
1918 5625 2186 5677 Germano
2241 5624 2283 5677 l.
2310 5640 2399 5677 om
2434 5634 2635 5677 pariter
2662 5624 2728 5677 ad
2804 5636 3039 5677 rmemos
3065 5636 3161 5677 oro
3180 5622 3464 5675 concordia

276 5619 566 5698 tinguenda
599 5627 681 5673 est
701 5619 1193 5677 Johannis'Nicaeni
1214 5619 1544 5694 e'pisc0pi'ad
1571 5627 1819 5679 eumdem
1918 5619 2283 5689 Germano—ll,
2310 5626 2399 5693 qui
2434 5626 2635 5695 pariter
2662 5624 2728 5679 ad
2754 5619 3039 5679 Armenios
3065 5636 3161 5691 pro
3180 5622 3464 5675 concordia

276 5685 589 5741 Zachariam
628 5689 876 5749 epistola.
918 5706 948 5745 τι
1006 5691 1328 5748 Combeiisio
1357 5695 1411 5747 in
1456 5696 1709 5748 Auctario
1748 5693 1807 5747 B.
1919 5695 2153 5749 scrinsit.‘
2184 5703 2244 5748 ut
2270 5710 2391 5749 mox
2419 5695 2735 5749 videbimus-
2758 5692 2969 5747 Etenim
2996 5690 3262 5745 Tarsense
3287 5692 3471 5745 conci-

277 5705 589 5741 ucnanam
628 5705 876 5759 eprstora,
918 5706 948 5745 τι
1006 5705 1328 5748 uomoeusro
1357 5710 1411 5747 ιιι
1456 5705 1709 5748 Auctario
1748 5705 1807 5747 tt.
1919 5705 2153 5763 scripsit,
2184 5705 2244 5748 ut
2270 5710 2391 5749 mox
2419 5705 2969 5758 vrdetnmusjtemm
2996 5705 3262 5745 't‘arsense
3287 5706 3466 5745 conet-

276 5754 570 5844 Pl:.rlt.‘l.l,
622 5774 678 5828 p.
850 5760 1153 5833 edita,quse
1196 5765 1413 5820 nonnisi
1459 5764 1526 5820 de
1561 5764 1819 5822 festorum
1919 5767 2070 5829 lium,
2116 5765 2166 5817 in
2213 5779 2320 5833 quo
2346 5765 2701 5844 verbaliunt
2748 5764 2814 5821 de
2844 5762 3133 5829 Germano,
3178 5769 3303 5815 ante
3330 5760 3466 5816 Ger-

278 5826 639 5885 cclcbrationé
662 5830 787 5902 agit.
998 5826 1010 5832 ⁷
1050 5826 1067 5833 “
1922 5826 2136 5892 manum
2162 5826 2454 5903 secundum
2476 5834 2597 5889 luit.
