4248 6444
805 389 909 453 699
1940 390 2203 453 PHOTII
2239 391 2741 455 PATRIARCHIE
2776 393 2883 455 cc.
3424 443 3427 445 .
3918 366 4043 449 700'

806 504 1054 558 nationes
1095 520 1109 557 :
1142 512 1301 572 atque
1329 504 1476 560 hunc
1502 505 1764 560 miraculo
1801 505 1928 560 visa:
1956 508 2136 561 crucis
2161 521 2506 571 conversum,
2538 516 2593 561 et
2617 523 2646 562 a
2684 507 2850 562 beato
2888 502 3145 560 Silvestro
3181 518 3280 574 per
3311 501 3653 574 baptismatis
3676 512 3842 571 aquas
3872 495 4024 567 lepra

806 592 1144 655 mundatum,
1183 591 1331 646 illum
1378 608 1508 647 vero
1540 593 1921 663 praedicatione
1966 593 2022 648 S.
2070 593 2313 663 Gregorii
2355 610 2385 649 e
2412 595 2661 650 vitiorum
2689 612 2847 651 caeno
2878 595 3094 664 vitaque
3123 593 3363 649 belluina
3396 602 3645 663 ereptum
3680 610 3692 644 :
3727 600 3889 659 atque
3922 587 4024 641 hos

804 680 995 732 ambos
1023 693 1175 747 reges
1195 680 1469 750 religionis
1512 680 1891 735 communione
1927 680 2244 744 concordes,
2273 681 2384 734 suis
2409 698 2841 753 unumquemque
2872 682 3083 753 populis
3107 681 3463 736 orthodoxam
3485 678 3691 735 Christi
3714 677 4023 731 doctrinam

806 765 1117 819 tradendam
1154 782 1395 821 curasse.
1426 768 1491 823 Et
1513 768 1798 823 Armenios
1826 768 2039 838 quidem
2069 768 2341 837 prioribus
2362 768 2531 824 tribus
2558 770 2907 825 (ecuinenicaa
2927 768 3263 824 auctoritatis
3285 766 3531 822 conciliis
3547 778 3833 820 assensum
3856 776 4020 816 suum

803 853 1099 921 praebuisse
1160 873 1173 907 :
1225 856 1419 909 deinde
1464 865 1641 910 tamen
1687 856 1884 911 diaboli
1933 855 2121 909 fraude
2159 855 2415 924 deceptos
2461 857 2518 911 in
2555 858 2868 926 pestiferam
2918 856 3166 911 heresim
3213 855 3488 915 incidisse.
3534 868 3642 923 qua
3681 851 3897 906 unicam
3966 850 4021 902 in

801 940 1021 994 Christo
1060 951 1309 995 naturam
1358 959 1422 996 ex
1461 944 1658 998 deitate
1704 953 1759 998 et
1800 944 2137 997 humanitate
2164 949 2473 997 concretam
2506 942 2855 1017 afﬁrmantes,
2885 942 3197 997 universam
3225 940 3621 996 incarnationis
3650 935 4020 993 mconomiam

804 1029 1312 1094 pessumdederunt.
1371 1030 1460 1084 Sic
1499 1031 1643 1084 enim
1673 1030 1920 1084 Christus
1963 1046 2140 1099 neque
2176 1039 2379 1085 aeterno
2402 1029 2545 1083 Patri
2576 1044 2676 1084 suo
2708 1030 2799 1098 qui
2838 1029 2975 1083 nihil
3006 1028 3356 1083 humanitatis
3386 1027 3567 1089 habet,
3599 1038 3776 1093 neque
3808 1020 4021 1091 Virgini

806 1112 961 1168 Matri
1002 1132 1123 1183 qua:
1153 1116 1390 1172 vicissim
1426 1118 1641 1173 deitatis
1669 1126 1753 1172 est
1788 1133 2000 1187 expers,
2032 1118 2173 1173 foret
2208 1116 2701 1172 cousubstantialis.
2738 1115 2959 1172 Frustra
2996 1124 3179 1171 autem
3216 1114 3504 1169 Armenios
3530 1111 3793 1182 objecisse
3822 1109 4021 1164 ortho~

803 1202 956 1257 doxis
1002 1203 1205 1258 Christi
1256 1206 1311 1257 in
1358 1205 1494 1259 duos
1533 1205 1851 1259 divisionem
1882 1223 1897 1259 :
1940 1204 2081 1259 hanc
2104 1204 2248 1259 enim
2287 1203 2517 1259 Nestorii
2542 1220 2661 1260 esse
2680 1203 3095 1274 blasphemiam,
3125 1218 3287 1272 quem
3318 1201 3599 1255 hominem
3632 1197 3806 1253 Judei
3844 1198 4021 1251 instar

801 1291 1147 1344 abominatur
1195 1290 1452 1346 Ecclesia.
1501 1290 1592 1345 Sic
1620 1300 1801 1345 autem
1833 1292 2097 1361 separatis
2120 1307 2151 1345 a
2177 1292 2442 1347 catholico
2465 1306 2693 1362 corpore
2721 1291 3012 1357 Armeniis,
3043 1291 3174 1345 alias
3201 1288 3433 1345 subinde
3458 1302 3652 1357 pravas
3672 1284 4022 1340 consuetudi-

802 1392 922 1443 nes,
963 1378 1342 1433 ecclesiasticaa
1390 1378 1663 1433 traditioni
1695 1379 2017 1443 contrarias,
2059 1378 2200 1432 inter
2239 1394 2355 1443 eos,
2386 1389 2446 1435 ut
2495 1380 2573 1445 ﬁt,
2622 1380 2944 1450 Obrepsisse.
2977 1378 3103 1435 Hac.
3128 1394 3229 1432 nos
3258 1377 3493 1432 breviter
3520 1374 3776 1437 diximus,
3805 1387 3929 1443 quae
3966 1373 4021 1425 in

802 1464 989 1519 Graeco
1023 1476 1170 1520 textu
1209 1467 1369 1535 paulo
1399 1466 1669 1536 copiosius
1703 1466 2015 1520 scribuntur
2046 1466 2126 1521 sic
2152 1484 2165 1520 :
2188 1468 2479 1535 Διέστησεν

2343 1483 2479 1535 ἠσεν
2511 1468 2572 1539 (ὁ
2602 1466 2877 1537 διάϐολος)
2907 1467 3015 1518 ἀπὸ
3042 1465 3149 1518 τῶν
3195 1464 3481 1534 Ῥωμαίων
3525 1463 3649 1524 τοὺς
3693 1458 4020 1529 ’Δρμενίους

802 1552 1004 1621 ἀδελφὰ
1033 1552 1360 1623 φρονοῦντας
1388 1554 1446 1605 τὸ
1475 1553 1759 1622 πρότερον,
1792 1552 1852 1604 ού
1881 1553 2156 1605 διάστασιν
2174 1555 2488 1624 σωματικὴν
2512 1554 2731 1624 (μικρὸν
2756 1553 2862 1623 γὰρ
2889 1554 3038 1606 τουτὶ
3065 1553 3125 1605 τὸ
3145 1550 3427 1621 ἀδίκημα),
3456 1549 3591 1603 ἀλλὰ
3616 1548 3871 1617 ψυχικήν·
3888 1563 4019 1598 συν-

799 1640 1045 1709 διὲστησε
1086 1640 1143 1693 δὲ
1184 1641 1277 1692 καὶ
1327 1640 1433 1692 ἀπὸ
1479 1638 1714 1707 Χριστοῦ
1736 1678 1751 1703 ,
1786 1640 1883 1707 οὐχ
1910 1640 1992 1691 ὅτι
2036 1638 2308 1691 διιστῶσιν
2342 1641 2493 1695 αὐτοὶ
2535 1645 2611 1704 είς
2644 1642 2911 1710 Χριστοῦς
2937 1639 3031 1694 δύο
3060 1640 3150 1693 τὸν
3191 1639 3289 1692 ἱνα
3318 1638 3552 1708 Χριστὸν
3598 1636 3774 1705 (τοῦτο
3812 1634 3923 1702 γὰρ
3958 1631 4019 1685 τὸ

799 1725 978 1794 δόγμα
1004 1728 1097 1780 τοῦ
1125 1728 1509 1796 ἀντικειμένως
1538 1728 1757 1795 ἔχοντος
1788 1728 1924 1796 πρὸς
1949 1725 2145 1789 αὐτοὺς
2173 1726 2486 1796 Νεστορίου,
2520 1728 2579 1781 ὃν
2605 1729 2699 1781 καὶ
2723 1730 2884 1797 ἡμεῖς
2913 1727 3196 1797 ὀλοψύχως
3224 1726 3523 1795 ἁναθέματι
3545 1725 3746 1793 αἰωνίῳ
3778 1721 4019 1774 καθυπο-

802 1814 1089 1883 6άλλομεν,
1119 1814 1192 1874 ὡς
1219 1813 1314 1865 ἕνα
1343 1814 1440 1883 τῆς
1467 1814 1576 1865 τῶν
1608 1813 1873 1865 Ἰουδαίων
1898 1813 2280 1883 Συναγωγῆς),
2310 1814 2423 1867 ἀλλ’
2447 1817 2529 1869 ὅτι
2550 1814 2647 1878 τὰς
2676 1814 2766 1869 δύο
2794 1814 2985 1885 φύσεις
3015 1816 3093 1878 είς
3122 1814 3249 1883 μίαν
3285 1811 3573 1881 συγχέουσι
3598 1808 3883 1878 τολμηρῶς
3902 1824 3916 1838 ⁸
3941 1809 4019 1869 ὡς

804 1903 942 1970 μήτε
971 1901 1050 1972 τῷ
1077 1900 1389 1970 προαιωνίῳ
1423 1901 1619 1971 Πατρὶ,
1663 1901 1798 1970 μήτε
1839 1902 1903 1969 τῇ
1936 1900 2240 1970 ύποχρονίῳ
2265 1902 2447 1973 Μητρὶ⁵
2480 1903 2759 1973 ὁμοούσιον
2785 1901 3021 1955 νοεῖσθαι
3058 1900 3153 1954 καὶ
3180 1898 3405 1971 συμφυῆ
3437 1898 3526 1951 τὸν
3554 1897 3683 1950 Υίόν
3704 1914 3716 1927 ο
3749 1894 3873 1949 οὔτε
3906 1894 4017 1964 γὰρ

799 1991 866 2043 ὲκ
894 1990 1143 2059 θεότητος
1167 1990 1260 2042 καὶ
1285 1988 1699 2058 ἀνθρωπότητος
1727 1991 1755 2040 ὁ
1780 1988 1990 2058 Πατὴρ,
2019 1988 2131 2041 οὔθ’
2158 1991 2190 2060 ή
2221 1991 2418 2060 Μήτηρ
2445 1990 2688 2060 τοιαύτη·
2735 1991 2816 2043 δεῖ
2841 1990 2899 2043 δὲ
2931 1992 3042 2052 τοῖς
3067 1987 3242 2059 ὀρθῶς
3272 1985 3558 2058 φρονοῦσιν
3586 1983 3796 2054 ὁμοφυῆ
3824 1982 4018 2035 τοῦτον

799 2078 1091 2147 κηρύττειν
1119 2076 1195 2144 τῷ
1226 2077 1397 2144 Πατρὶ
1446 2076 1540 2128 καὶ
1592 2078 1751 2144 ἡμῖν·
1786 2076 1846 2127 ού
1878 2076 2278 2146 κηρυχθήσεται
2324 2076 2382 2129 δὲ
2424 2076 2617 2139 οὕτως,
2668 2076 2827 2146 εῖπερ
2852 2078 2907 2130 αῖ
2935 2076 3028 2129 δύο
3056 2075 3245 2144 φύσεις
3272 2075 3353 2137 είς
3398 2073 3525 2144 μίαν
3577 2071 3859 2142 κραθεῖσαι
3893 2086 3971 2122 συ·
4010 2100 4020 2107 ε

799 2167 1121 2236 ηνέχθησαν,
1153 2165 1267 2217 ἀλλ’
1298 2166 1345 2216 εἰ
1374 2164 1626 2228 σώζοιντο
1651 2164 1945 2233 ἀσύγχυτοι
1974 2166 2032 2217 ὲν
2064 2167 2141 2235 τῷ
2167 2164 2316 2235 αύτῷ
2340 2165 2435 2217 καὶ
2461 2165 2541 2219 ἑνὶ
2566 2164 2786 2234 Χριστῷ
2806 2179 2821 2195 ’
2850 2163 2989 2228 αὕτη
3020 2164 3117 2234 μὲν
3146 2162 3333 2234 πρώτη
3362 2161 3510 2215 αίτία
3526 2161 3625 2229 τῆς
3644 2158 3975 2222 διαστάσεω,
3999 2179 4013 2193 ο

798 2252 891 2305 καὶ
937 2252 1038 2321 τῆς
1068 2252 1250 2321 κοινῆς
1295 2251 1571 2320 ὁλομελίας
1630 2251 1691 2303 τὸ
1740 2251 1899 2303 καλὸν
1926 2250 2081 2304 τοῦτο
2112 2252 2268 2321 μέλος
2292 2251 2399 2304 τῶν
2441 2252 2735 2323 Ἀρμενίων
2758 2252 3028 2306 ἁποκοπὲν
3059 2250 3272 2323 μακρὰν
3300 2249 3604 2321 ἀπερρίφη·
3637 2248 3792 2319 μέλος
3818 2247 3876 2300 δὲ
3904 2248 4015 2301 πᾶν

796 2341 896 2409 τῆς
925 2340 1174 2409 ὁλότητος
1201 2339 1492 2407 ὲκτμηθὲν,
1536 2339 1749 2402 πολλοῖς
1779 2340 2236 2410 περιστοιχίζεται
2272 2340 2410 2410 μετὰ
2436 2341 2535 2411 τὴν
2561 2339 2795 2410 ἐκτομὴν
2820 2342 2931 2403 τοῖς
2957 2340 3163 2403 κακοῖς,
3199 2337 3540 2407 μελαίνεται,
3590 2338 3841 2405 σήπεται,
3882 2335 4015 2388 δυσ-

796 2426 957 2489 ωδίας
986 2426 1280 2495 ἐκπέμπει,
1319 2427 1606 2493 σκώληκας
1634 2426 1989 2495 ἁναὸράττεισ
2026 2429 2085 2479 οὐ
2131 2428 2239 2497 γὰρ
2273 2430 2365 2481 ἐπὶ
2398 2429 2535 2499 μόνῃ
2579 2430 2646 2499 τῇ
2689 2425 2880 2499 πρώτῃ
2918 2427 3129 2497 αἱρέσει
3162 2426 3194 2495 ἡ
3226 2424 3334 2479 τῶν
3378 2423 3675 2494 ’Δρμενίων
3716 2423 4014 2493 Ἐκκλησία

798 2514 1279 2583 παραμεμένηκεν,
1312 2512 1447 2566 ἀλλὰ
1479 2515 1575 2566 καὶ
1604 2512 1769 2584 ἔτερα
1800 2514 2237 2587 προσεξεύρηκεν
2267 2514 2396 2586 ἔθνη
2431 2518 2549 2579 ταῖς
2577 2515 3057 2585 ἐκκλησιαστικαῖς
3083 2511 3468 2583 ἐναντιούμενα
3496 2512 3848 2582 παραδόσεσι.

863 2626 919 2680 4.
968 2625 1183 2681 Transit
1230 2643 1356 2681 mox
1382 2626 1685 2683 Germanus
1714 2628 1780 2682 ad
1818 2628 2065 2684 llaitonis
2088 2630 2468 2685 Armeniorum
2505 2630 2667 2701 regis,
2692 2645 2797 2684 nec
2832 2644 2942 2684 non
2975 2627 3297 2697 patriarcha:
3323 2625 3638 2689 eorumdem
3663 2623 4017 2681 Constantini

795 2714 1001 2777 laudes,
1049 2715 1139 2784 qui
1170 2715 1236 2769 de
1275 2715 1619 2770 instauranda
1656 2717 1779 2771 ﬁdei
1821 2718 2109 2772 concordia
2146 2718 2377 2783 sincero,
2402 2728 2460 2771 ut
2480 2729 2679 2788 sperat,
2714 2717 2910 2772 affectu
2940 2716 3277 2780 laborabant,
3308 2714 3487 2768 missis
3517 2713 3585 2767 ad
3616 2712 3833 2768 Graecos
3866 2713 4016 2785 lega-

796 2806 865 2859 tis
909 2805 1250 2860 Theodoreto
1299 2805 1627 2875 hegumeno,
1671 2815 1725 2861 et
1774 2806 1970 2861 Basilio
2015 2808 2325 2862 monacho:
2373 2822 2479 2876 qua
2518 2821 2582 2859 ex
2628 2820 2687 2860 re
2724 2819 2930 2873 speque
2953 2804 3257 2857 Germanus
3287 2802 3438 2871 (sede
3464 2816 3563 2856 sua
3588 2810 3711 2855 tunc
3744 2801 3937 2870 pulsus
3962 2812 4017 2859 et

792 2892 1001 2961 errans)
1034 2893 1153 2961 plus
1181 2894 1358 2963 gaudii
1390 2910 1449 2949 se
1477 2896 1786 2965 percepisse
1810 2895 2057 2958 afﬁrmat,
2090 2912 2248 2966 quam
2276 2897 2322 2950 si
2338 2893 2836 2962 Constantinopolis
2866 2890 3177 2945 Latinorum
3203 2905 3298 2958 per
3324 2889 3378 2943 id
3401 2898 3613 2959 tempus
3629 2888 3937 2959 tyrannide,
3956 2901 4019 2946 ut

792 2979 888 3045 ait,
936 2996 1211 3049 oppressa,
1250 2982 1318 3035 ad
1352 2981 1522 3037 Grazci
1550 2983 1777 3037 Caesaris
1795 2984 1885 3051 jus
1915 2999 2130 3038 reversa
2158 2984 2369 3039 fuisset.
2395 2980 2565 3036 Porro
2596 2989 2800 3034 tantam
2831 2992 2891 3033 se
2918 2977 3231 3047 suscepisse
3266 2976 3333 3031 de
3366 2976 3745 3030 Armeniorum
3779 2991 4015 3030 conver-

791 3069 943 3122 sione
986 3068 1236 3122 ﬁduciam
1259 3070 1409 3134 dicit,
1459 3077 1533 3134 ut,
1580 3071 1681 3124 etsi
1711 3072 1887 3125 nullas
1920 3087 1949 3125 a
1973 3072 2255 3126 Catholico
2291 3078 2570 3139 receperat
2600 3069 2825 3132 litteras,
2861 3068 2976 3136 ipse
3008 3074 3187 3119 tamen
3214 3064 3389 3120 fretus
3416 3062 3746 3117 Antiocheni
3778 3064 4013 3132 patriar-

791 3157 907 3210 chze
944 3157 1269 3222 testimonio,
1320 3158 1411 3226 qui
1451 3158 1569 3226 ejus
1601 3158 1676 3212 rei
1703 3160 1864 3213 obses
1890 3167 2032 3221 erat,
2066 3175 2167 3214 nec
2199 3174 2308 3213 non
2335 3157 2660 3212 Theodoreti
2688 3154 2935 3209 monachi
2965 3152 3342 3214 afﬁrmatione,
3373 3152 3650 3222 negotium
3679 3150 4007 3219 occepisset,

791 3245 955 3298 misso
1003 3245 1069 3298 ad
1116 3246 1402 3300 Armenios
1429 3246 1711 3301 Melitenes
1754 3248 2132 3315 metropolita;
2169 3262 2329 3315 quem
2373 3260 2520 3299 nunc
2558 3244 2623 3298 ad
2657 3258 2716 3297 se
2742 3258 2865 3296 cum
2913 3242 3117 3311 aliquot
3153 3243 3271 3311 ejus
3301 3239 3477 3311 gentis
3506 3238 3779 3309 episcopis
3804 3240 4010 3294 remitti

790 3332 1044 3401 postulat,
1081 3340 1141 3385 ut
1167 3332 1235 3386 de
1271 3332 1535 3389 Catholici
1566 3336 1812 3404 regisque
1835 3336 1977 3390 circa
2018 3351 2133 3390 rem
2167 3344 2370 3388 tantam
2406 3334 2682 3401 voluptate
2710 3330 2911 3385 certior
2945 3328 3059 3383 ﬁat.

859 3438 912 3491 5.
944 3437 1195 3506 Acceptis
1225 3437 1479 3492 Germani
1503 3440 1703 3495 litteris
1735 3442 2013 3510 respondit
2040 3439 2427 3496 Constantinus
2455 3438 2761 3502 Armenius,
2801 3437 3097 3506 perscripta
3145 3435 3267 3491 ﬁdei
3300 3452 3410 3491 suae
3436 3436 3663 3491 formula
3692 3452 3787 3492 seu
3809 3437 4011 3504 libello,

787 3525 877 3592 qui
906 3526 1005 3578 etsi
1055 3526 1107 3577 in
1167 3527 1380 3581 diverso
1419 3526 1540 3581 Vat.
1573 3528 1833 3597 longeque
1860 3530 2051 3583 dissito
2082 3527 2372 3597 exemplari
2414 3527 2608 3595 legitur
2644 3524 2961 3578 Armeniace
2982 3533 3142 3592 atque
3169 3522 3379 3585 Latine,
3411 3539 3535 3578 eum
3564 3524 3919 3580 nihilominus
3949 3525 4012 3581 ad

790 3612 929 3664 hanc
966 3614 1338 3667 tractationem
1377 3616 1670 3683 pertinere,
1704 3618 2045 3670 manifestum
2069 3632 2133 3670 ex
2162 3617 2317 3671 titulo
2350 3616 2428 3678 fit,
2452 3615 2541 3682 qui
2571 3614 2642 3666 ita
2667 3628 2725 3666 se
2754 3612 2915 3665 habet
2940 3630 2954 3667 :
2978 3612 3244 3680 Confessio
3269 3612 3432 3665 brevis
3462 3610 3826 3664 Armeniorum
3858 3614 4005 3679 ﬁdei,

788 3700 984 3751 tradita
1036 3717 1067 3750 a
1115 3702 1309 3752 sanctis
1354 3702 1604 3755 Patribus
1651 3712 1699 3755 et
1750 3714 1993 3772 recepta;
2040 3705 2235 3772 scripta
2277 3719 2396 3756 vero
2435 3704 2503 3755 ad
2538 3703 2951 3769 sanctogenitum
2976 3701 3332 3769 patriarcham
3352 3698 4009 3769 Constantinopolitanum,

787 3796 1042 3853 prwcepto
1066 3785 1390 3839 Constantini
1420 3788 1660 3840 catholici
1686 3792 2050 3842 Armenorum.
2078 3789 2330 3843 Versatur
2361 3790 2476 3844 haec
2494 3789 2761 3843 confessio
2785 3789 2840 3841 in
2863 3787 3197 3857 expositione
3229 3788 3604 3857 mysteriorum
3648 3788 4007 3843 sanctissima

788 3872 1088 3937 Trinitatis,
1138 3884 1193 3929 et
1221 3875 1420 3929 Christi
1447 3876 1579 3931 Jcsu
1608 3878 2022 3939 incarnationis,
2062 3878 2205 3943 vitae,
2238 3878 2449 3937 mortis,
2485 3876 2916 3939 resurrectionis,
2953 3884 3113 3944 atque
3153 3874 3205 3928 iu
3236 3875 3435 3929 coelum
3459 3875 3686 3930 reditus.
3714 3874 3807 3930 Est
3828 3887 4007 3931 autem

788 3962 1039 4015 universa
1069 3963 1269 4016 locutio
1299 3964 1636 4032 hujusmodi,
1662 3975 1721 4018 ut
1751 3965 2021 4020 catholico
2048 3967 2245 4036 passim
2278 3980 2438 4019 sensu
2468 3964 2689 4034 intelligi
2720 3978 2879 4032 posse
2901 3963 3150 4015 videatur
3175 3978 3189 4015 :
3216 3976 3524 4030 quanquam
3554 3962 3781 4016 duarum
3806 3963 4007 4018 diserte

786 4057 1120 4110 naturarum,
1171 4050 1369 4103 nedum
1414 4052 1744 4105 definitionis
1777 4051 2261 4117 Chalcedonensis,
2297 4052 2629 4106 mentionem
2667 4052 2892 4109 omnino
2917 4050 3071 4114 vitat,
3102 4056 3157 4103 et
3190 4049 3509 4117 quibusdam
3543 4060 3804 4118 pra:terea
3840 4051 3992 4119 parti

785 4135 920 4187 culis
968 4137 1242 4203 :Pquivoca
1290 4138 1518 4192 fortasse
1564 4142 1828 4193 sententia
1874 4142 2077 4195 subest.
2110 4140 2407 4208 ϐαδιεῖ-ο(ιυί
2436 4139 2825 4195 Constantinus
2866 4152 3074 4206 passam
3108 4144 3161 4191 et
3187 4145 3455 4192 mortuam
3477 4136 3675 4192 Christi
3700 4139 4004 4195 humanita~

785 4231 893 4274 tcm
922 4223 1070 4286 dicit,
1108 4226 1463 4279 immortalem
1505 4228 1842 4282 divinitatem
1870 4248 1882 4282 :
1915 4229 2176 4298 Spiritum
2216 4238 2461 4283 sanctum
2493 4244 2521 4282 a
2550 4227 2706 4282 Patre
2739 4227 3117 4295 procedentem
3150 4242 3164 4279 :
3196 4240 3391 4295 corpus
3416 4225 3614 4280 Christi
3641 4226 3824 4280 datum
3848 4228 4005 4282 nobis

785 4308 838 4361 iu
886 4311 1085 4375 cibum,
1135 4321 1190 4367 et
1222 4314 1339 4380 ejus
1367 4315 1681 4384 sanguinem
1714 4316 1942 4371 hostiam
1974 4334 2069 4387 pro
2092 4318 2323 4387 peccatis
2362 4336 2373 4370 :
2404 4314 2679 4369 Athanasii
2708 4314 2885 4383 magni
2923 4313 3301 4367 auctoritatem
3355 4312 3439 4366 bis
3468 4312 3675 4376 laudat,
3698 4313 3765 4367 ad
3789 4317 4003 4384 symbo-

784 4398 891 4450 lum
920 4400 1057 4468 ejus,
1080 4409 1136 4453 ut
1172 4402 1326 4469 plane
1365 4412 1606 4472 apparet,
1634 4405 1949 4472 respiciens.
1988 4406 2145 4459 Certe
2183 4406 2271 4460 hic
2310 4402 2694 4458 Constantinus
2725 4401 2869 4470 apud
2896 4398 3197 4453 Romanum
3234 4399 3547 4470 pontiﬁcem
3597 4399 3913 4470 Gregorium
3938 4400 4001 4454 IX

784 4483 997 4535 habitus
1029 4495 1111 4536 est
1139 4486 1493 4548 orthodoxus,
1518 4488 1608 4555 qui
1640 4489 1858 4555 pallium
1890 4489 2060 4542 etalia
2098 4501 2417 4547 ornamenta
2443 4491 2508 4545 ad
2537 4506 2660 4543 eum
2699 4489 2845 4544 misit
2865 4504 2987 4543 cum
3012 4487 3250 4557 pacificis
3282 4487 3495 4553 litteris,
3535 4504 3656 4558 quae
3688 4497 3817 4543 sunt
3863 4490 4002 4559 apud

782 4566 1100 4621 ltainaldum
1136 4570 1201 4622 ad
1231 4568 1433 4625 Christi
1464 4588 1667 4625 annum
1704 4573 1864 4638 1259,
1895 4590 1953 4627 ιι.
1976 4574 2069 4627 82.

850 4676 1233 4748 6.Anthuam
1302 4680 1392 4736 hic
1446 4682 1786 4738 Constantini
1840 4686 2054 4742 libellus
2080 4689 2203 4744 ﬁdei
2242 4692 2306 4746 ad
2339 4692 2556 4747 Grrecos
2594 4693 2922 4763 perveniret,
2974 4702 3207 4748 mortem
3246 4708 3370 4748 cum
3423 4694 3533 4747 vita
3594 4691 3904 4747 Germanus
3960 4692 4001 4747 ll

780 4766 1083 4855 patriarcha
1113 4770 1478 4855 commutavitj
1501 4786 1519 4822 :
1553 4772 1735 4840 itaque
1779 4774 1993 4827 nonnisi
2022 4792 2051 4829 a
2084 4779 2425 4845 patriarchali
2457 4782 2602 4837 clero
2633 4791 2686 4836 et
2720 4783 3097 4851 episcoporum
3153 4792 3296 4837 coetu
3332 4783 3535 4852 suscipi
3579 4786 3775 4852 potuit,
3807 4786 3902 4855 qui
3933 4800 4001 4842 eo

780 4848 938 4943 lecto,
972 4849 1254 4943 epistolam
1283 4855 1665 4943 vacantesede
1689 4856 2105 4925 rescripserunt,
2132 4860 2185 4913 in
2224 4864 2407 4918 codice
2436 4869 2695 4923 Vaticano
2726 4848 3092 4938 superstitem,
3126 4872 3230 4924 hoc
3257 4871 3414 4924 titulo
3444 4848 3498 4924 et
3531 4848 3683 4925 initio
3709 4888 3723 4925 :
3759 4848 3998 4943 Γραμμα

776 4935 1129 5029 artoarto-limit
1164 4939 1300 5029 πρὸς
1330 4942 1419 4992 τὸν
1446 4941 1684 5029 λίόελλον
1716 4943 1816 5012 τῆς
1852 4945 1961 4997 τῶν
2013 4947 2310 5017 Ἀρμενίων
2357 4953 2699 5023 Ἐκκλησίας,
2729 4935 2819 5008 τὸν
2853 4958 2915 5008 ἐκ
2940 4957 3251 5026 προπαγῆς
3292 4956 3389 5009 τοῦ
3420 4956 3714 5011 καθολικοῦ
3752 4935 3853 5029 τῆς
3879 4935 4001 5013 ’τοι-

775 5021 943 5114 αύτης
979 5022 1308 5114 ’Ἐκκλησίας
1337 5027 1505 5114 κυροῦ
1536 5031 1939 5084 Κωνσταντίνου
1965 5036 2239 5103 γραφέντα
2268 5039 2404 5107 πρὸς
2428 5041 2518 5092 τὸν
2545 5021 2848 5104 -ἁγιώτατον
2874 5021 3221 5113 πατριάρχην
3254 5042 3415 5112 κῦριν
3448 5044 3747 5114 Γερμανδν,
3778 5021 4001 5101 ἐκτεθὲν

779 5108 915 5200 μετὰ
939 5107 1035 5175 τὴν
1061 5111 1269 5200 εκείνου
1294 5112 1427 5181 πρὸς
1453 5114 1655 5183 Κύριον
1689 5116 1956 5187 ἐκδημίαν
1986 5122 2136 5189 παρὰ
2161 5123 2268 5176 τῶν
2298 5124 2667 5192 ὑποκειμένων
2702 5123 2779 5193 τῷ
2811 5107 3765 5195 θρόνῳ*τῆςηιξωνστάντινοῦπόλεως
3808 5131 4001 5200 ἀρχιε-

778 5194 931 5262 ρέων.
956 5225 1027 5233 —
1068 5197 1124 5249 '0
1151 5199 1249 5267 τὴν
1276 5202 1507 5270 ρηγικὴν
1536 5204 1909 5273 ἁνεζωσμένος
1930 5209 2101 5278 ἀρχὴν
2132 5210 2227 5277 τῆς
2258 5210 2365 5262 τῶν
2399 5212 2455 5263 Ἀ

2323 5213 2365 5262 iv
2399 5210 2697 5279 Ἀρμενίων
2719 5194 2929 5278 γενεᾶς,
2955 5194 3010 5265 κ.
3044 5229 3093 5265 τ.
3127 5211 3177 5265 λ.
3212 5211 3495 5281 Responsio
3528 5218 3597 5267 ad
3638 5194 3866 5269 libellum
3887 5194 4000 5271 ’Ᾰτ-

775 5283 1020 5375 meniaca:
1046 5283 1293 5375 ecclesia:
1318 5288 1472 5375 jussu
1500 5293 1741 5345 catholici
1757 5294 1986 5361 ejusdem
2018 5296 2263 5351 Ecclesia:
2278 5300 2475 5353 domini
2494 5300 2824 5352 Constantini
2852 5301 3099 5367 scriptum
3129 5302 3199 5353 ad
3214 5302 3603 5355 sanctissimum
3631 5306 3997 5369 patriarcham

773 5368 1037 5460 nominum
1055 5368 1391 5460 ermanum.
1415 5373 1571 5427 Facta
1592 5388 1661 5427 est
1683 5388 1854 5431 autem
1872 5381 1980 5433 hac
1996 5385 2255 5447 responsio
2266 5394 2377 5452 post
2396 5386 2536 5437 illius
2551 5388 2618 5438 ad
2632 5386 2911 5439 Dominum
2926 5388 3227 5449 transitum,
3242 5404 3273 5439 a
3290 5388 3534 5457 subjectis
3558 5368 3745 5442 Consta
3755 5392 3997 5459 ntinopo-

774 5452 951 5550 litanti:
974 5455 1082 5550 sedi
1100 5459 1362 5550 episcopis.
1384 5460 1571 5550 incipit
1592 5482 1602 5515 :
1628 5464 1729 5526 Qui
1746 5466 1967 5533 regalem
1985 5470 2291 5536 dignitatem
2311 5477 2449 5539 apud
2468 5476 2827 5527 Armeniorum
2850 5486 3050 5545 gentem
3080 5477 3290 5543 obtinet,
3308 5452 3414 5531 etc.
3438 5478 3504 5531 Et
3520 5478 3757 5533 libellum
3777 5452 3995 5549 quid-eui

775 5541 1011 5593 Armenii
1030 5544 1343 5610 patriarcha:
1363 5547 1579 5602 allatqu
1597 5550 1696 5604 sibi
1710 5552 1862 5605 aiunt
1882 5554 2048 5609 ϐιτεοί
2064 5572 2095 5608 a
2114 5557 2369 5627 Gregorio
2387 5564 2727 5631 metropolita
2740 5541 2975 5625 Isauriae,
2996 5541 3353 5633 eumdemque
3372 5565 3532 5633 paulo
3550 5565 3778 5621 fortasse
3794 5541 3996 5624 obscu-

774 5641 890 5724 rum
908 5637 960 5679 et
981 5642 1236 5724 sensuum
1256 5633 1623 5724 profunditatc
1638 5638 1969 5705 abstrusum,
1989 5654 2359 5700 verumtamen
2374 5648 2621 5702 charitati
2640 5652 2901 5704 scrutanti
2920 5650 3185 5720 pervium,
3207 5652 3479 5720 appellare
3500 5654 3773 5708 videntur.
3791 5655 3996 5719 Quam-

775 5712 959 5811 obrem
988 5714 1087 5811 ipsi
1117 5717 1348 5772 vicissim
1382 5723 1603 5776 recitata
1635 5740 1756 5778 mox
1783 5742 1877 5779 sua
1903 5729 2178 5784 luculenta
2200 5731 2700 5802 ﬁtlciprofessionc,
2742 5738 2807 5791 ad
2840 5712 3386 5793 canidcmArmenios
3430 5738 3680 5805 invitant,
3721 5752 3887 5810 atque
3927 5743 3993 5796 ad

774 5804 1145 5859 onmimodatu
1164 5811 1507 5865 concordiam
1530 5813 1841 5883 dogmatum
1856 5817 2250 5875 stabiliendam.
2274 5819 2413 5890 Ergo
2431 5833 2641 5891 septem
2663 5824 2991 5893 synodorum
3014 5824 3177 5893 (inter
3198 5842 3332 5895 quas
3348 5804 3826 5899 Chalcedonctisis)
3847 5845 3991 5884 suni-
