4248 6444
288 423 396 490 ’101
1483 424 1603 487 ΕΡ]
1611 422 1965 485 ΞΤΟιΑΒυΔ

1841 422 2017 485 .RUM
2052 421 2281 483 LIBER
2320 420 2372 483 I.
3414 423 3518 487 702

292 550 439 589 mam
459 545 760 606 exponunt,
783 551 811 591 a
828 537 1027 608 quibus
1045 546 1305 607 tanquam
1328 537 1552 599 totidem
1575 538 1719 592 tubis
1744 535 2170 590 sacerdotalibus
2188 534 2427 603 profana
2446 531 2839 601 Hiericbuntis,
2856 534 2909 590 id
2925 544 3009 592 est
3024 536 3345 604 haereseum,
3381 553 3519 593 ma:-

292 628 385 678 nia
418 636 683 693 prostrata
724 626 891 682 fuisse
921 627 1095 682 aiunt.
1116 628 1323 683 Deinde
1362 628 1698 699 gratulantur
1712 626 1858 696 quod
1870 625 1977 694 jam
1992 622 2047 676 in
2066 622 2247 678 libello
2264 624 2341 678 sic
2365 622 2653 692 loquantur
2673 624 2942 689 Armenii,
2975 634 3036 680 ut
3059 634 3430 696 appareateos
3483 642 3516 681 a

290 710 722 768 Chalcedonensi
747 715 951 785 synodo
978 730 1088 769 non
1111 716 1374 770 dissidere
1399 733 1411 769 :
1444 716 1632 768 Οἴδατε
1661 715 1768 784 γὰρ
1785 714 1879 766 καὶ
1898 715 1967 783 ὀμ

1833 714 1879 766 ιλ.
1898 710 2205 783 ὁμολογεῖτε
2238 712 2448 779 τρανῶς
2468 711 2585 779 μεθ’
2613 710 2771 781 ἡμῶν
2798 712 2898 779 τὴν
2930 714 2992 764 ἑκ
3011 712 3102 766 δύο
3131 712 3367 779 φύσεων,
3390 714 3510 767 θεό-

290 801 455 868 τητός
483 817 540 852 τε
571 802 664 854 καὶ
679 802 1115 872 ἀνθρωπότητος,
1150 803 1496 856 συντεθεῖσαν
1536 802 1665 873 μίαν
1687 802 1982 853 ὑπόστασιν
2015 798 2253 870 Χριστοῦ
2275 797 2367 851 τοῦ
2383 797 2515 851 Υἰοῦ
2545 798 2639 851 τοῦ
2661 799 2820 865 Θεοῦ,
2851 799 2947 853 καὶ
2976 799 3227 864 δοξάζετε
3267 801 3364 855 ἕνα
3387 802 3516 856 Υιὸν

289 887 388 939 καὶ
404 887 555 952 Θεὸν,
587 889 850 943 ὲνωθὲντα
888 889 1051 960 σαρκὶ
1080 890 1329 961 ὶμψύχῳ,
1359 893 1521 961 νοερᾷ
1543 907 1603 942 τε
1637 890 1730 942 καὶ
1744 889 1936 955 λογικῇ
1957 888 2097 940 κατὰ
2123 886 2220 955 τὴν
2243 886 2364 939 καθ’
2393 887 2691 939 ὑπόστασιν
2706 887 2919 952 ἕνωσιν,
2946 890 3040 941 καὶ
3058 888 3394 960 ἀσυγχύτους
3418 891 3516 954 τὰς

289 973 505 1042 φύσεις,
540 976 634 1028 καὶ
658 976 738 1029 ἔτι
778 978 961 1046 μένειν
986 977 1084 1040 τὰς
1109 978 1468 1041 συνελθούσας
1491 979 1588 1030 καὶ
1606 976 2009 1039 ἀποτελεσάσας
2024 975 2121 1045 τὴν
2159 975 2285 1044 μίαν
2317 975 2615 1028 ὑπόστασιν
2671 975 2765 1039 τοῦ
2795 975 3030 1045 Χριστοῦ
3055 993 3069 1007 ·
3100 978 3255 1046 ἡμεῖς
3279 981 3387 1049 γὰρ
3421 980 3515 1032 τὸν

287 1064 633 1134 φρενοδλαόἧ
662 1067 951 1140 Νεστόριον
981 1067 1147 1121 δυάδα
1176 1068 1306 1120 υἱῶν
1334 1069 1776 1137 φληναφήσαντα,
1815 1064 1910 1118 καὶ
1941 1063 2037 1132 τὴν
2076 1061 2460 1127 Ἀειπαρθένον
2489 1061 2766 1125 Θεοτόκον,
2800 1063 3159 1132 Χριστοτόκον
3188 1064 3513 1131 καλέσαντα,

290 1145 776 1223 καθυποδάλλομεν
824 1154 1126 1224 ἁναθέματι
1147 1171 1162 1185 ⁶
1210 1155 1325 1209 ἀλλ’
1377 1154 1439 1208 εῦ
1471 1172 1534 1223 γε
1574 1155 1722 1225 ὑμῖν,
1742 1152 1976 1220 ἀδελφοὶ,
2012 1152 2094 1203 ὅτι
2122 1151 2215 1203 καὶ
2242 1151 2368 1212 τοὺς
2385 1150 2757 1220 τῆςτετὰρτης
2776 1150 2991 1204 συνόδου
3024 1152 3290 1220 καρποὺς,
3339 1152 3430 1212 οὓς
3453 1154 3513 1205 τὸ

286 1241 425 1309 πρὶν
451 1240 526 1303 ώς
569 1240 827 1310 δμφακας
880 1242 1211 1307 ἀπεπτύετε,
1252 1244 1349 1298 νῦν
1382 1244 1457 1307 ὡς
1481 1242 1722 1315 ὠρίμους
1746 1240 1842 1294 καὶ
1866 1238 2166 1309 ὴδυτάτους
2202 1237 2490 1307 προσίεσθε
2512 1252 2527 1269 ο
2562 1237 2673 1288 εῐθε
2705 1237 2760 1289 δὲ
2791 1238 2884 1291 καὶ
2917 1237 3022 1291 ὑπὸ
3052 1238 3150 1306 τὴν
3176 1239 3271 1291 τοῦ
3296 1239 3513 1310 δένδρου

296 1329 464 1381 σκιὰν
494 1328 588 1381 τοῦ
629 1329 1098 1399 έκϐλαστήσαντος
1118 1331 1245 1394 τοὺς
1280 1332 1556 1394 τοιούτους
1580 1330 1826 1401 καρποὺς
1840 1327 2042 1397 ἴδοιμεν
2074 1324 2419 1394 καθημένους
2476 1325 2622 1394 ὑμᾶς
2649 1326 2746 1378 σὺν
2779 1327 2911 1395 ἡμῖν
2934 1341 2951 1357 ο
2982 1324 3043 1378 τδ
3072 1326 3179 1396 γὰρ
3207 1326 3516 1398 ἀσύγχυτον

283 1414 400 1468 τῶν
422 1416 515 1469 ἐπὶ
530 1416 752 1486 Χριστῷ
761 1416 855 1469 δύο
876 1417 1090 1485 φύσεων
1106 1417 1498 1483 συνελθουσῶν,
1530 1419 1624 1471 καὶ
1643 1417 1706 1470 τὸ
1726 1418 1924 1469 ένιαῖον
1939 1415 2038 1483 τῆς
2057 1414 2427 1475 ὑποστάσεως,
2441 1413 2533 1465 καὶ
2564 1416 2623 1467 ὲν
2638 1413 2718 1482 τῷ
2740 1413 2968 1483 nemo
2984 1414 3138 1480 ὑμῶν
3154 1414 3501 1482 γραφόμενον

284 1502 545 1573 εὕρομεν,
561 1505 655 1557 καὶ
667 1504 975 1575 θαρροῦμεν
986 1506 1067 1558 ὅτι
1082 1506 1177 1558 καὶ
1195 1506 1294 1576 τὴν
1314 1508 1531 1575 κρᾶσιν,
1550 1504 1642 1558 καὶ
1658 1504 1755 1575 τὴν
1770 1504 1987 1573 φύρσιν,
2005 1504 2097 1555 καὶ
2107 1502 2205 1572 τὴν
2218 1500 2478 1569 σύγχυσιν
2495 1502 2594 1571 τὴν
2607 1500 2706 1564 τὰς
2725 1501 2819 1554 δύο
2836 1500 3025 1569 φύσεις
3044 1503 3124 1563 εἰς
3143 1502 3273 1571 μίαν
3287 1518 3511 1570 συγκιρ-

283 1590 468 1644 νῶσαν
492 1590 671 1659 φύσιν,
707 1592 827 1661 μεθ’
854 1592 1013 1662 ήμῶν
1040 1594 1219 1656 καλῶς
1249 1592 1616 1647 ἀποδάλλεσθε
1638 1609 1654 1625 ·
1685 1594 1778 1645 καὶ
1802 1592 1995 1653 αὑτοὺς
2024 1590 2149 1647 τοὺς
2178 1587 2384 1658 ταύτην
2422 1588 2917 1658 παραδιδάξαντας,
2952 1589 3044 1641 τόν
3072 1606 3132 1641 τε
3161 1590 3321 1642 ἄνουν
3355 1589 3511 1643 Διόσ-

288 1695 454 1745 κορον
488 1679 581 1730 καὶ
617 1679 708 1731 τὸν
754 1679 997 1747 Εὐτυχέα
1048 1680 1137 1733 τὸν
1183 1680 1453 1749 δυστυχῆ,
1500 1680 1594 1741 οὒς
1622 1680 1654 1725 ’ὁ
1686 1682 1742 1722 ὲν
1768 1677 2064 1728 ninam
2106 1677 2145 1728 δ’
2176 1676 2389 1737 σύνοδος
2421 1676 2528 1727 τῶν
2566 1675 2862 1738 ἑξακοσίων
2904 1677 3197 1745 τριάκοντα
3225 1677 3507 1745 Πατέρων,

285 1767 388 1817 σὺν
411 1764 487 1833 τῷ
516 1766 654 1835 ἁγίῳ
680 1767 836 1837 πάπα
866 1767 966 1835 τῆς
996 1767 1229 1831 παλαιᾶς
1274 1767 1493 1835 Ῥώμης
1526 1768 1713 1819 Λέοντι
1737 1764 1814 1833 τῷ
1854 1764 2101 1834 θεόφρονι
2124 1805 2137 1829 ,
2169 1762 2245 1831 τῷ
2289 1762 2591 1831 ἀναθέ”ματι
2618 1763 2986 1832 παραδέδωκε.
3033 1763 3260 1818 Constat
3303 1776 3507 1827 autem,

282 1854 665 1909 Armeniorum
696 1871 912 1910 errores
951 1856 1006 1909 in
1033 1866 1223 1925 quarta
1251 1856 1574 1925 praesertim,
1604 1856 1812 1923 quinta,
1845 1861 2105 1919 sextaque
2134 1851 2339 1921 synodo
2383 1851 2550 1905 fuisse
2578 1851 2882 1914 damnatos,
2919 1867 3040 1920 quae
3064 1860 3257 1905 contra
3312 1851 3505 1905 Mono-

283 1942 548 2011 physitas,
573 1942 937 2012 Synusiastas,
967 1941 1320 2013 Synchyticos
1351 1952 1409 1996 et
1461 1941 1838 1996 Monothelitas
1862 1939 2147 1994 celebrata:
2180 1938 2422 1992 fuerunt.
2450 1940 2519 1993 Et
2543 1939 2766 2007 quidem
2796 1938 2969 1992 Graeci
3003 1939 3205 1993 diserte
3236 1941 3502 1992 adnotant

286 2045 320 2083 a
346 2040 495 2083 sexta
528 2029 731 2100 synodo
762 2039 1008 2098 quartam
1044 2029 1213 2083 fuisse
1239 2030 1526 2083 firmatam.
1549 2031 1687 2099 Ergo
1704 2029 1829 2096 quia
1858 2028 1969 2097 jam
1998 2027 2237 2081 Armenii
2269 2036 2472 2096 quartae
2506 2027 2695 2095 synodi
2729 2026 2937 2079 fructus
2966 2042 3024 2080 se
3057 2037 3321 2097 gustasse,
3353 2043 3491 2095 quos

282 2126 447 2171 antea
500 2118 847 2185 respuebant,
904 2116 1243 2171 confessione
1275 2132 1369 2171 sua
1392 2118 1854 2177 demonstrarunt,
1890 2115 2175 2187 hortantur
2196 2129 2290 2168 eos
2314 2113 2483 2168 Graeci
2523 2114 2703 2166 utsub
2751 2113 2921 2181 ipsius
2949 2114 3157 2167 arboris
3199 2116 3409 2177 umbra,
3446 2115 3497 2167 id

285 2214 373 2259 est
406 2204 506 2259 sub
536 2207 655 2274 ejus
680 2205 868 2275 synodi
899 2205 1239 2269 auctoritate,
1269 2206 1612 2274 requiescere
1641 2205 1862 2257 demum
1894 2203 2064 2255 velint
2089 2219 2103 2254 :
2134 2218 2241 2270 quo
2271 2201 2416 2255 dicto
2440 2201 2698 2264 innuunt,
2728 2201 2973 2255 nondum
3003 2202 3288 2254 Armenios
3320 2202 3496 2269 publi-

280 2310 407 2348 cun
438 2302 492 2348 et
540 2296 884 2349 manifestum
922 2294 1350 2349 Chalcedonensi
1410 2295 1614 2365 synodo
1646 2309 1929 2349 assensum
1976 2288 2308 2359 przebuisse;
2350 2304 2469 2357 qua:
2526 2297 2610 2343 est
2652 2303 2820 2357 prope
2892 2297 3093 2341 aeterna
3144 2289 3263 2356 ejus
3316 2289 3497 2359 gentis

279 2381 557 2435 calamitas
582 2390 637 2435 et
666 2382 913 2443 miseria;
938 2382 1114 2452 gentis
1156 2382 1281 2435 dico
1318 2391 1585 2450 quatenus
1624 2390 1707 2435 est
1738 2380 2108 2442 schismatica,
2166 2388 2221 2433 et
2268 2378 2711 2447 monophysismo
2764 2378 3057 2441 laborans;
3103 2389 3312 2446 partem
3354 2378 3502 2431 enim

284 2468 458 2537 ipsius
491 2470 833 2530 catholicam,
869 2479 1075 2522 etcum
1124 2467 1366 2521 Romano
1395 2468 1650 2537 pontifice
1680 2469 2135 2529 consentientem,
2170 2480 2385 2535 semper
2412 2466 2639 2533 excipio.
2688 2465 2896 2519 Deinde
2945 2465 3173 2533 epistola
3222 2480 3331 2518 non
3387 2466 3504 2519 sine

280 2570 447 2609 causa
493 2556 709 2626 attingit
756 2556 1039 2624 septimam
1072 2570 1285 2624 quoque
1335 2566 1522 2609 contra
1580 2556 1967 2609 Iconomachos
1994 2554 2258 2624 synodum
2288 2573 2300 2619 ;
2333 2569 2566 2621 namque
2612 2553 2895 2607 Armenios
2940 2553 3039 2607 hac
3092 2553 3253 2607 etiam
3310 2554 3503 2608 haeresi

278 2642 448 2697 fuisse
475 2643 760 2711 aliquando
787 2643 1460 2705 alilatos,narratNicetas
1494 2642 1760 2696 Cboniata
1816 2644 1871 2696 in
1908 2641 2150 2694 Historia
2175 2642 2266 2695 lib.
2328 2658 2388 2703 ιι,
2446 2643 2497 2695 5.
2547 2641 2821 2695 Renovata
2874 2650 3148 2709 postremo
3180 2642 3244 2694 ad
3289 2642 3503 2710 plenam

277 2730 430 2784 nullo
475 2730 700 2783 articulo
744 2740 968 2799 excepto
1012 2730 1385 2784 orthodoxiam
1442 2730 1820 2783 adhortatione
1862 2729 1941 2797 (εἰ

1862 2729 1941 2797 (εἰ
1987 2729 2080 2782 οὖν
2123 2730 2325 2796 ἀδελφὰ
2379 2729 2472 2780 καὶ
2526 2729 2681 2797 ὑμεῖς
2736 2731 2977 2798 φρονεῖτε
3008 2729 3157 2796 ἡμῖν,
3210 2730 3308 2791 τὴν
3364 2732 3504 2782 κατὰ

277 2819 511 2887 Χριστὸν
540 2820 811 2888 ἡμετέραν
835 2820 1086 2888 ὁμοίωσίν
1110 2837 1167 2871 τε
1192 2820 1283 2871 καὶ
1309 2818 1606 2888 μόρφωσιν,
1640 2821 1695 2872 ὲν
1720 2820 1851 2870 πᾶσι
1873 2818 1985 2879 τοῖς
2011 2816 2294 2887 ἡμετέροις
2318 2814 2735 2884 θεοπαραδότοις
2798 2814 3130 2882 θεσπίσμαοι
3187 2816 3280 2868 καὶ
3342 2818 3502 2885 ἱεροῖς

278 2904 487 2956 ἔθνεσιν
516 2906 742 2968 ἑαυτοὺς
786 2906 1218 2976 ἀναμορφώσατε
1243 2946 1257 2968 ,
1295 2905 1390 2957 καὶ
1424 2907 1530 2958 πᾶν
1557 2904 1618 2957 τὸ
1646 2904 1887 2957 ἐλλεῖπον
1918 2904 2365 2973 ἀναπληρώσατε,
2392 2903 2484 2955 καὶ
2515 2903 2573 2955 τὸ
2605 2903 2922 2973 περιττεῦον
2952 2902 3129 2981 καλῶς
3154 2904 3433 2973 περιέλετε
3455 2906 3499 2969 ),

275 2991 434 3046 aiunt
466 2991 634 3046 Graeci
660 2992 797 3045 mitti
823 2993 892 3045 ab
922 3008 979 3046 se
1005 2993 1070 3047 ad
1099 2992 1385 3046 Armenios
1412 2990 1675 3045 Joannem
1705 2992 1983 3046 Melitenes
2023 2994 2356 3062 episcopum,
2388 3007 2512 3045 cum
2548 2991 2759 3045 Joanne
2809 2992 2977 3045 altero
3004 2990 3503 3061 ConstantinOpoli—

278 3087 421 3133 tante
450 3071 704 3133 Ecclesia:
732 3078 1024 3149 logotheta,
1053 3080 1143 3148 qui
1168 3080 1347 3134 verbis
1370 3078 1569 3134 Gram:
1593 3080 1782 3150 synodi
1805 3093 1987 3134 coram
2013 3087 2174 3148 agant
2215 3093 2313 3146 pro
2358 3078 2644 3133 demortuo
2664 3093 2839 3147 nuper
2891 3078 3177 3142 Germano,
3238 3080 3391 3148 cujus
3446 3079 3501 3133 in

275 3169 463 3225 sedem
489 3187 652 3226 nemo
680 3173 858 3229 adhuc
885 3184 1237 3229 successerat.

347 3277 400 3328 7.
440 3275 622 3329 Tertia
650 3277 865 3330 demum
895 3278 1118 3346 epistola
1156 3280 1319 3334 missa
1343 3289 1424 3333 est
1451 3296 1591 3334 anno
1619 3280 1753 3334 12i8
1782 3281 1847 3335 ad
1873 3279 2155 3334 Haitonem
2194 3279 2460 3332 Armeniae
2493 3294 2670 3348 regem
2702 3295 2731 3332 a
2770 3278 3014 3332 Manuele
3059 3276 3102 3330 ll
3154 3280 3459 3348 patriarcha
3481 3325 3496 3346 ,

272 3361 369 3429 qui
401 3370 523 3431 post
553 3362 820 3417 trimestre
844 3364 1097 3419 Methodii
1144 3365 1185 3418 ll
1224 3368 1484 3438 regimen,
1520 3368 1861 3438 Byzantinam
1894 3370 2202 3423 cathedram
2234 3369 2523 3422 insederat.
2556 3369 2635 3421 En
2663 3369 2901 3437 epistolae
2924 3369 3136 3421 titulum
3159 3381 3214 3422 et
3239 3370 3452 3424 initium
3480 3392 3493 3425 :

289 3452 575 3521 Ἐπιστολὴ
608 3453 929 3521 πεμφθεῖσα
956 3455 1105 3524 παρὰ
1149 3458 1241 3509 τοῦ
1284 3458 1619 3527 πατριάρχου
1668 3456 2280 3517 Κωνσταντινουπόλεως
2329 3454 2494 3525 κυροῦ
2520 3456 2776 3526 Μανουὴλ
2811 3458 2945 3524 πρὸς
2986 3457 3075 3507 τὸν
3112 3457 3255 3525 ρἧα
3297 3447 3498 3526 ’Λρμε-

275 3540 405 3593 νίων
438 3539 596 3609 κῦριν
631 3541 978 3610 Χεττούμιον,
1014 3544 1108 3595 καὶ
1138 3545 1273 3614 πρὸς
1298 3545 1388 3596 τὸν
1423 3546 1569 3612 σφῶν
1599 3545 1880 3597 καθολικὸν
1912 3542 2066 3611 κῦριν
2115 3544 2538 3605 Κωνσταντῖνον,
2582 3543 2836 3613 καὶπρὸς
2880 3545 3097 3596 ἃπασαν
3126 3544 3223 3613 τὴν
3269 3546 3493 3616 Ἐκκλη-

279 3628 402 3680 σίαν
424 3628 621 3691 αὐτῶν,
658 3630 819 3681 πάλιν
844 3629 905 3681 ἐκ
932 3631 1137 3699 τρίτου,
1173 3632 1301 3700 περὶ
1331 3633 1429 3700 τῆς
1462 3633 1578 3701 μεθ’
1601 3633 1754 3700 ἡμῶν
1787 3631 2028 3692 ἑνώσεως
2061 3630 2167 3681 τῶν
2206 3630 2514 3699 Ῥωμαίων,
2547 3629 2699 3691 ἔτους
2727 3630 2933 3697 ,ςψνς’.
2961 3631 3021 3684 ν’.
3049 3638 3123 3694 ς’,
3154 3631 3205 3684 id
3240 3641 3322 3686 est
3346 3632 3499 3687 Cra:-

275 3732 466 3770 corum
505 3732 646 3769 anno
679 3716 837 3779 6756,
885 3716 1191 3772 Latinorum
1245 3719 1399 3783 1248,
1441 3720 1730 3773 indictione
1759 3727 1924 3771 sexta.

1820 3727 1924 3771 xta.
1976 3718 2166 3785 Incipit
2206 3729 2382 3771 autem
2414 3736 2427 3773 :
2463 3718 2955 3786 Πανευτυχέστατε,
3001 3720 3492 3787 πανευγενέστατε,

283 3802 721 3868 πανενδοξότατε,
757 3805 1191 3874 πανυψηλότατε,
1251 3806 1563 3876 περιώνυμε
1602 3808 1699 3877 pii-,5
1742 3808 1831 3859 τοῦ
1868 3805 2265 3875 ἀνδρικωτάτου
2302 3808 2394 3857 καὶ
2451 3806 2888 3874 μεγαλοδυνάμου
2925 3806 3112 3871 γένους
3144 3808 3251 3858 τῶν
3292 3807 3495 3878 Ἀρμε-

277 3892 429 3954 νίων,
456 3892 634 3961 τρίτον
664 3891 762 3962 ἤδη
792 3892 1023 3963 γράμμα
1052 3897 1115 3963 τῇ
1174 3895 1650 3967 μεγαλουργοτὰτῃ
1682 3897 1879 3965 ρηγικῇ
1918 3912 2010 3947 σου
2035 3896 2418 3964 ὲπιστέλλομεν
2448 3894 2687 3963 ἐξουσίᾳ,
2722 3898 2814 3948 καὶ
2856 3898 2990 3947 πᾶσι
3031 3899 3144 3957 τοῖς
3174 3897 3497 3963 εὐγενεστά-

273 3993 408 4040 τοις,
438 3995 491 4029 κ.
525 3994 575 4030 τ.
610 3976 683 4041 λ.,
713 3977 789 4045 τῷ
820 3996 878 4030 τε
910 3980 1089 4047 σοφίᾳ,
1125 3996 1178 4032 κ.
1211 3998 1260 4033 τ.
1290 3981 1360 4045 λ.,
1392 3981 1718 4051 ὑπερυψήλῳ
1742 3982 2005 4049 καθολικῷ
2036 3984 2130 4051 τῆς
2149 3983 2256 4035 τῶν
2283 3972 2590 4053 ’Λρμενέων
2637 3982 2975 4050 Ἐκκλησίας,
3009 4001 3064 4036 κ.
3091 4000 3142 4035 τ.
3166 3984 3214 4036 λ.
3247 3984 3365 4052 Ipse
3395 4000 3493 4037 au-

278 4075 386 4120 tcm
414 4066 716 4134 patriarcha
754 4065 963 4119 Manuel
998 4067 1079 4135 (ut
1120 4082 1278 4134 supra
1307 4066 1626 4137 Germanus)
1659 4069 1731 4122 ita
1777 4070 1955 4138 epistol

1816 4070 2013 4138 pistolte
2058 4071 2345 4125 subscribit
2379 4089 2391 4123 :
2427 4071 2681 4140 Μανουὴλ
2706 4072 2845 4147 ἐλέῳ
2885 4073 3021 4125 Θεοῦ
3066 4072 3493 4141 ἀρχιεπίσχοπος

276 4153 897 4217 Κωνσταντινουπόλεως
916 4196 929 4218 ,
957 4155 1082 4217 νέας
1109 4154 1344 4225 Ῥώμης,
1379 4155 1472 4208 καὶ
1498 4156 1873 4226 οἱκουμενικὺς
1904 4174 1953 4208 πα

1816 4156 1873 4218 ὸς
1904 4159 2265 4229 πατριάρχης.
2295 4157 2505 4211 Manuel
2532 4160 2862 4211 miseratione
2884 4159 3060 4211 divina
3081 4160 3492 4227 archiepiscopus

273 4238 806 4309 Constantinopoleos,
833 4258 974 4295 noua:
1008 4241 1204 4304 Romaz,
1228 4252 1275 4294 et
1306 4244 1645 4295 mcumenicus
1676 4244 2001 4311 patriarcha.
2032 4244 2243 4299 Prolixa
2278 4254 2361 4299 est
2388 4245 2502 4299 haec
2539 4261 2751 4314 quoque
2784 4248 3004 4315 epistola
3024 4288 3038 4312 ,
3081 4248 3135 4301 in
3171 4262 3275 4316 qua
3318 4248 3492 4315 primo

273 4344 464 4397 preces
494 4330 561 4383 ad
587 4329 753 4383 Deum
786 4330 923 4384 ﬁunt
950 4338 1006 4383 ut
1034 4329 1413 4384 Armeniorum
1445 4346 1624 4401 regem
1652 4346 1745 4385 sua
1777 4333 1944 4402 gratia
1977 4333 2263 4395 illuminet,
2288 4348 2394 4401 quo
2423 4334 2468 4387 is
2494 4333 2697 4402 pariter
2726 4336 2869 4404 genti
2897 4350 3006 4389 sua:
3045 4334 3214 4389 facem
3242 4334 3492 4404 praeferat

274 4416 342 4472 ad
377 4417 794 4486 dignoscendam
832 4416 955 4471 ﬁdei
989 4417 1397 4482 orthodoxiam;
1447 4434 1565 4486 quae
1607 4420 1769 4473 verba
1792 4459 1806 4482 ,
1844 4431 1904 4474 ut
1947 4437 2085 4487 reor,
2129 4422 2388 4475 denotant
2430 4423 2672 4476 nondum
2706 4438 2884 4492 regem
2917 4424 3141 4493 ejusque
3182 4432 3393 4494 gentem
3424 4424 3492 4477 ad

274 4503 489 4572 plenam
527 4504 769 4558 veritatis
799 4505 973 4558 lucem
1002 4504 1241 4559 venisse.
1293 4506 1711 4576 Monopbysismi
1746 4523 1956 4577 quoque
1980 4519 2035 4564 et
2063 4510 2459 4563 monothelismi
2487 4512 2663 4564 denuo
2704 4511 2762 4562 ﬁt
2798 4511 3114 4576 confutatio,
3143 4526 3265 4565 cum
3314 4510 3489 4565 lucida

273 4608 339 4647 ac
367 4592 666 4662 theologica
705 4593 1090 4647 incarnationis
1121 4593 1407 4649 Dominica:
1434 4604 1486 4648 et
1523 4596 1644 4649 vitae
1673 4595 2024 4665 expositione.
2053 4596 2417 4651 Memorantur
2448 4598 2769 4666 patriarcha:
2796 4597 3117 4652 Antiocheni
3147 4597 3317 4652 Cra-ci
3353 4597 3488 4663 (erat

271 4679 415 4733 enim
449 4680 823 4733 Armeniorum
858 4679 1094 4734 Ecclesia
1128 4680 1181 4733 in
1209 4682 1598 4749 patriarchatus
1626 4682 1944 4739 Antiocheni
1972 4684 2130 4752 iure),
2165 4684 2355 4737 litterae
2383 4684 2447 4737 ad
2492 4684 2733 4738 Graecum
2758 4685 3136 4753 imperatorem
3166 4694 3221 4739 et
3261 4684 3327 4738 ad
3358 4684 3490 4739 Ger—

272 4781 492 4819 manum
540 4766 581 4819 ΙΙ
614 4766 738 4820 olim
780 4768 1162 4835 patriarcham,
1193 4782 1312 4836 quze
1340 4770 1611 4838 negotium
1649 4771 1947 4824 concordia:

1808 4771 1947 4823 prdia:
1973 4771 2231 4839 urgebant
2271 4771 2613 4840 ἀπεριέργως
2636 4774 2808 4841 πάντη
2844 4771 2934 4823 καὶ
2966 4772 3194 4833 ἀδόλως.
3235 4772 3347 4824 sine
3378 4769 3485 4823 ulla

271 4854 690 4921 tergiversatione
718 4866 811 4905 aut
838 4854 954 4907 dolo
981 4854 1238 4909 facienda:
1294 4874 1307 4908 :
1350 4871 1481 4919 quas
1514 4856 1831 4911 Antiocheni
1862 4858 2063 4911 litteras
2100 4858 2387 4911 attulerant
2430 4858 2679 4911 monachi
2718 4857 3091 4910 Tbeodoretus
3148 4867 3202 4910 et
3259 4856 3482 4910 Blasius.

271 4940 407 4993 Exin
440 4943 831 5008 praeteritorum
854 4950 1172 4995 tractatuum
1210 4942 1428 4996 historia
1460 4945 1792 5007 contexitur;
1825 4960 2017 5012 nempe
2047 4945 2187 5011 quod
2209 4942 2528 5007 Germanus,
2555 4945 2787 5012 acceptis
2815 4944 2878 4997 iis
2909 4944 3125 5005 litteris,
3161 4944 3481 4997 Melitenen-

271 5043 385 5081 sem
418 5029 808 5097 metropolitam
854 5029 907 5082 in
956 5030 1261 5084 Armeniam
1310 5032 1541 5101 legatum
1598 5032 1675 5086 ire
1712 5032 1988 5097 jussisset;
2037 5033 2284 5100 quodque
2347 5032 2584 5084 Armenii
2640 5031 2872 5084 vicissim
2922 5046 3031 5083 sua:
3071 5030 3189 5083 ﬁdei
3246 5030 3482 5083 libellum

272 5114 568 5177 misissent,
610 5126 822 5170 mortuo
851 5117 1065 5171 interim
1100 5119 1402 5186 patriarcha
1431 5118 1716 5173 Germano.
1747 5118 1884 5172 Tum
1933 5120 2171 5172 vacantis
2215 5119 2453 5172 ecclesiae
2503 5120 2707 5171 clerum
2749 5129 2803 5172 et
2849 5119 3262 5187 imperatorem,
3303 5118 3483 5171 libello

270 5202 432 5265 lecto,
478 5204 690 5257 misisse
721 5204 773 5258 in
812 5205 1121 5258 Armeniam
1160 5206 1351 5259 iterum
1388 5206 1787 5261 Melitenensem
1816 5208 2147 5275 episcopum,
2179 5220 2299 5258 cum
2331 5206 2553 5272 pralan
2583 5206 2708 5267 alio,
2742 5215 2797 5258 et
2830 5221 2949 5259 cum
2993 5205 3095 5257 illis
3125 5204 3318 5257 litteris
3348 5221 3483 5273 quas

268 5304 371 5342 nos
401 5291 664 5345 secundas
692 5291 945 5355 diximus,
966 5300 1019 5345 et
1051 5293 1210 5360 paulo
1234 5303 1359 5347 ante
1387 5295 1691 5348 summatim
1720 5294 2018 5347 retulimus.
2043 5294 2179 5357 Quid
2215 5292 2337 5345 inde
2358 5306 2517 5358 porro
2537 5302 2778 5347 secutum
2806 5293 2895 5356 sit,
2922 5293 3052 5345 dicit
3080 5308 3224 5345 nunc
3267 5292 3479 5346 Manuel

268 5376 601 5445 patriarcha,
632 5393 827 5446 nempe
869 5380 1151 5431 Armenios
1194 5396 1328 5433 vana
1368 5381 1528 5434 verba
1578 5382 1762 5451 legatis
1806 5382 2036 5439 dedisse,
2082 5380 2287 5432 scilicet
2324 5379 2457 5430 nihil
2505 5380 2726 5432 conﬁeri
2772 5395 2949 5447 posse,
3002 5379 3127 5448 quia
3178 5378 3477 5446 patriarcha

269 5478 457 5517 eorum
488 5464 670 5531 procul
704 5465 890 5518 aberat
926 5465 979 5517 in
1006 5480 1128 5519 arce
1150 5466 1368 5519 liomela
1394 5468 1459 5520 ad
1488 5467 1839 5536 Euphratem,
1869 5468 1984 5521 sine
2014 5467 2167 5535 cujus
2189 5466 2453 5534 simulque
2479 5466 2692 5535 gentilis
2722 5466 2908 5535 synodi
2939 5465 3262 5519 auctoritate
3292 5468 3475 5533 perlici

269 5553 400 5605 unio
436 5568 545 5605 non
579 5560 807 5622 poterat.
850 5552 1015 5621 Igitur
1043 5563 1163 5622 post
1192 5554 1329 5607 hanc
1356 5554 1578 5607 alteram
1610 5554 1929 5623 legationem
1950 5592 1965 5614 ,
2005 5568 2068 5606 ac
2098 5554 2249 5606 futile
2273 5552 2653 5606 Armeniorum
2686 5568 3038 5620 responsum,
3072 5554 3277 5623 aliquot
3302 5567 3475 5604 annos

266 5639 568 5693 decurrisse
597 5639 871 5708 (nimirum
907 5642 973 5694 ab
1004 5656 1147 5694 anno
1179 5642 1392 5694 circiter
1418 5642 1548 5696 12M
1595 5658 1761 5710 usque
1791 5644 1858 5697 ad
1899 5643 2077 5709 1248);
2126 5642 2297 5696 donec
2339 5642 2535 5695 iterum
2578 5643 2817 5695 Armenii
2859 5643 2921 5697 ad
2954 5642 3200 5697 Gnaeum
3239 5644 3471 5711 impera-

274 5736 445 5779 torem
479 5727 759 5794 scripsisse
787 5727 1042 5780 videntur
1068 5728 1133 5781 de
1161 5729 1374 5797 negotio
1404 5729 1702 5782 concordia:
1746 5747 1758 5782 :
1790 5746 1946 5797 quam
1973 5730 2140 5784 Graeci
2191 5740 2249 5783 ut
2291 5731 2491 5797 absque
2524 5729 2859 5783 diuturniore
2910 5746 3057 5783 mora
3107 5730 3468 5787 conﬁcerent.

269 5815 476 5874 tertiam
498 5834 641 5873 nunc
659 5817 975 5888 legationem
999 5819 1241 5887 mittunt,
1265 5835 1457 5890 nempe
1486 5818 1890 5876 hleliteuenscm
1911 5820 2248 5893 praedictum,
2274 5829 2329 5875 et
2349 5816 2731 5890 Philadelphia:
2774 5818 3165 5889 mctropolitam
3207 5818 3461 5882 Phocum,
