4248 6444
245 418 360 482 τος,
1386 401 1915 467 EPISTOLARUM

1773 401 1915 462 iUM
1956 397 2189 460 LIBER
2220 395 2274 456 Ι.
3346 390 3450 451 706

250 523 619 596 regnantibus,
660 521 872 576 decimo
900 526 1091 591 quarto
1117 521 1373 577 Cbosrois
1397 521 1708 590 imperantis
1736 533 1913 580 anno;
1948 530 2081 603 usus
2112 513 2179 568 ad
2214 526 2334 603 eam
2371 524 2484 603 rem
2515 509 2764 603 ministro
2790 505 3042 603 Abdiscio
3070 503 3221 603 Syro,
3249 504 3354 603 qui.
3386 505 3454 557 de

252 591 484 666 Sassane
510 610 941 679 monasterioque
970 609 1209 678 Sarepta
1237 625 1359 663 cum
1386 609 1543 663 sociis
1602 607 1892 661 advenerat
1928 620 1943 656 :
1975 602 2141 670 hique
2178 598 2410 654 ordinati
2434 604 2581 689 sunt
2609 610 2639 689 a
2678 593 2902 689 Nersete
2930 592 3191 689 episcopi.
3216 591 3453 644 admise-

248 708 485 767 runtque
519 696 854 760 Dioscorum,
883 705 939 751 et
966 695 1279 750 Flavianum
1309 695 1540 750 civitatis
1586 693 1827 747 Nabuchi
1854 692 1933 760 (7)
1953 689 2275 778 episcopum
2294 726 2308 747 ,
2336 701 2399 740 ac
2430 683 2774 778 Timotheum
2801 679 3223 778 Alexandrinum
3253 692 3455 778 cogno-

252 764 438 840 mento
462 784 707 839 Elurum
736 803 751 838 :
774 785 1042 852 iidemque
1069 784 1234 838 libros
1260 786 1436 837 varios
1463 784 1517 835 in
1548 781 1921 835 Armeniacam
1952 777 2186 845 linguam
2222 772 2627 832 transtulerunt,
2651 769 2866 824 insertis
2887 768 3071 821 multis
3091 774 3278 820 contra
3297 764 3457 819 Chal-

252 873 559 929 cedonense
586 872 868 926 concilium
920 872 1202 926 calumniis
1234 871 1332 939 (8).
1365 870 1427 923 Hi
1460 870 1659 923 idcirco
1688 876 2083 937 postremorum
2114 863 2469 929 interpretum
2498 859 2653 912 titulo
2675 857 3045 927 indigitantur.

324 962 379 1015 5.
420 961 558 1029 Ergo
601 959 842 1013 Armenii
877 960 1104 1013 istorum
1143 960 1390 1013 doctrina
1442 957 1632 1011 imbuti
1661 971 1821 1009 unam
1855 952 1983 1006 Jesu
2017 950 2219 1005 Christi
2244 946 2482 1039 hominis
2506 961 2569 1039 ac
2606 946 2697 1039 [ξεῖ
2724 954 2978 1039 naturam
3008 950 3370 1039 agnoverunt,
3398 950 3457 994 ct

254 1048 477 1118 trisagio
502 1048 665 1101 verba
695 1049 781 1114 qui
807 1047 1081 1113 cruciﬁaus
1118 1063 1171 1100 es
1204 1046 1553 1108 addiderunt;
1588 1044 1731 1113 quod
1755 1041 1995 1096 studiose
2027 1038 2293 1101 fecerunt,
2320 1044 2380 1089 ut
2412 1032 2838 1087 Clialcedonensi
2867 1030 3098 1084 concilio
3130 1041 3185 1083 et
3220 1030 3459 1097 quinque

253 1135 576 1204 patriarchis
616 1134 1053 1188 contradicerent
1093 1152 1106 1188 :
1143 1143 1303 1201 atque
1344 1134 1415 1187 ita
1452 1148 1481 1187 a
1523 1133 1831 1188 Gracorum
1873 1124 2274 1186 communione,
2324 1122 2529 1213 indicto
2568 1120 2651 1174 his
2698 1120 3055 1213 anathemate,
3098 1126 3457 1213 recesserunt.

256 1220 334 1273 Ea
375 1236 463 1274 res
511 1219 790 1275 Persarum
831 1236 1010 1289 regem
1046 1236 1239 1290 magno
1267 1221 1459 1289 gaudio
1488 1219 1687 1281 alfecit,
1716 1216 1842 1286 quia
1871 1228 2066 1281 nempe
2097 1212 2375 1265 Armenios
2401 1224 2431 1263 a
2476 1208 2783 1263 Gracorum
2817 1206 3133 1303 auctori-tate
3173 1206 3461 1303 recessisse

259 1308 477 1362 videbat
504 1325 517 1360 :
550 1324 715 1377 quare
753 1310 1054 1362 collaudato
1086 1308 1328 1373 Nersete,
1366 1308 1529 1362 filium
1571 1322 1728 1362 suum
1751 1346 1765 1369 ,
1807 1310 1967 1372 prout
2000 1299 2342 1390 promiserat,
2369 1298 2424 1349 in
2456 1297 2795 1365 adoptionem
2818 1294 2883 1390 ei
2918 1293 3154 1390 tradidit,
3190 1301 3244 1345 et
3270 1292 3462 1390 Arme:

260 1397 434 1450 niaca
462 1396 768 1465 provincia
789 1396 1065 1465 vectigalia
1089 1395 1542 1449 administrationi
1573 1394 1740 1462 ipsius
1770 1399 1824 1445 et
1859 1387 2155 1442 faventium
2180 1387 2230 1439 ei
2260 1385 2635 1454 episcoporum
2659 1382 2923 1451 permisit.
2956 1381 3206 1433 Attamen
3230 1394 3372 1431 anno
3398 1379 3464 1431 16

261 1501 385 1539 ara
411 1485 739 1538 Armeniaca
757 1484 831 1549 (9)
858 1484 1137 1538 Vardanus
1172 1483 1583 1537 Mam‘iconensis
1604 1480 1864 1535 Surenam
1896 1474 2197 1537 interfecit,
2230 1472 2520 1539 provincia
2542 1469 2875 1523 Armeniaca
2904 1484 3003 1536 pro
3033 1468 3313 1564 Persarum
3340 1481 3465 1535 rege

265 1567 596 1636 prafectum,
630 1567 840 1635 injuria
865 1568 1164 1635 impatiens.
1199 1583 1357 1635 quam
1389 1568 1623 1619 Surenas
1660 1563 2011 1633 optimatibus
2061 1561 2335 1621 intulerat,
2364 1559 2567 1613 ablatas
2620 1558 2705 1611 his
2746 1557 3034 1625 dignitates
3077 1555 3142 1607 ad
3185 1555 3465 1622 episcopos

267 1654 639 1708 transferendo
676 1672 688 1707 :
725 1670 831 1723 quo
868 1662 1079 1723 patrato
1111 1655 1368 1715 facinore,
1396 1653 1509 1720 ipse
1538 1668 1659 1705 cum
1691 1651 1806 1704 suis
1835 1650 2073 1719 cognatis
2107 1648 2397 1715 multisque
2414 1648 2613 1727 'opibus
2646 1646 2713 1699 ad
2746 1643 2962 1699 Gracos
2998 1642 3255 1711 profugit.

339 1742 708 1797 4.1ustiniani
752 1746 1064 1814 imperantis
1098 1761 1242 1798 anno
1280 1747 1342 1799 17
1376 1746 1512 1814 (10),
1546 1744 1673 1797 dum
1712 1742 1758 1795 is
1795 1750 1993 1794 sancta
2029 1740 2241 1809 Sophia
2275 1740 2535 1806 templum
2586 1746 2910 1800 exstrueret,
2951 1736 3069 1804 ipso
3116 1734 3469 1789 sanctissima

266 1830 457 1885 Crucis
482 1828 618 1883 festo
648 1830 755 1894 die,
788 1829 1069 1885 Vardanes
1086 1833 1487 1886 communicare
1521 1831 1831 1885 Gracorum
1863 1827 2029 1882 sacris
2057 1828 2351 1891 recusavit,
2383 1826 2571 1879 dicens
2601 1840 2720 1878 eam
2748 1823 2849 1878 sibi
2876 1838 2989 1877 rem
3016 1838 3111 1891 per
3136 1823 3470 1876 institutores

270 1932 402 1971 suos
433 1932 541 1970 non
572 1917 733 1971 licere
765 1919 897 1987 (11).
940 1917 1094 1973 Tunc
1129 1918 1426 1986 imperator
1463 1918 1755 1971 multorum
1785 1915 2161 1984 episcoporum
2193 1915 2684 1983 magistrorumque
2720 1911 3005 1964 convocari
3033 1908 3323 1962 concilium
3351 1910 3469 1977 jus-

270 2005 364 2065 sit,
397 2013 723 2071 centumque
751 2013 806 2057 et
835 2005 1055 2075 triginta
1113 2005 1364 2059 homines
1394 2004 1860 2071 Constantinopoli
1925 2011 2324 2057 convenerunt.
2378 2000 2489 2054 Hoc
2518 2000 2767 2069 quintum
2794 1997 3087 2052 concilium
3117 1996 3347 2061 dicitur;
3384 1995 3470 2050 cui

270 2092 757 2159 Armeniiquoque
809 2094 1198 2156 interfuerunt,
1239 2102 1293 2146 et
1320 2091 1769 2146 Chalcedoneuse
1810 2090 2100 2144 concilium
2127 2104 2185 2143 se
2239 2088 2526 2142 admittere
2556 2086 2761 2154 scripto
2804 2084 2986 2138 testati
3021 2091 3165 2137 sunt.
3207 2082 3471 2137 Praterea

272 2192 400 2231 cum
433 2176 756 2247 Musceghus
792 2178 1213 2233 Hamiconensis
1240 2178 1549 2233 Gracorum
1589 2176 2082 2246 Armeniorumque
2113 2176 2283 2243 copiis
2321 2174 2562 2238 sociatis,
2613 2172 2843 2227 Chorois
2873 2172 3161 2225 Persarum
3205 2172 3345 2240 regis
3374 2186 3472 2238 po-

275 2265 495 2317 tentiam
531 2263 706 2335 fregit,
747 2276 905 2334 atque
934 2267 1001 2320 ab
1027 2269 1150 2335 ipso
1181 2281 1303 2336 rege
1332 2282 1439 2320 non
1475 2266 1594 2319 sine
1633 2268 1839 2319 honore
1867 2266 2124 2321 dimissus
2167 2267 2233 2319 ad
2271 2263 2584 2318 Mauricium
2626 2262 3007 2330 imperatorem
3058 2260 3235 2323 rediit,
3282 2260 3474 2313 oborto

276 2350 417 2403 forte
434 2349 499 2403 de
524 2353 683 2406 rebus
714 2354 882 2406 sacris
914 2370 1166 2409 sermone
1196 2370 1376 2409 coram
1408 2355 1752 2422 imperatore,
1782 2352 1871 2405 hic
1902 2368 2099 2407 novum
2122 2352 2412 2407 concilium
2444 2349 2661 2412 indixit,
2696 2348 2764 2402 ad
2791 2348 2934 2418 quod
2958 2348 3195 2417 episcopi
3232 2347 3472 2400 Armenii

271 2436 369 2501 21,
403 2435 571 2490 Graci
602 2447 782 2492 autem
814 2440 912 2505 1,60
940 2442 1049 2509 (12)
1091 2451 1520 2504 concurrerunt;
1580 2440 1741 2507 idque
1797 2448 2003 2494 sextum
2050 2439 2336 2494 concilium
2370 2438 2707 2507 appellatur:
2737 2436 2792 2488 in
2836 2450 2944 2502 quo
2974 2449 3159 2488 rursus
3210 2434 3473 2497 Armenii,

276 2522 577 2588 quastione
595 2522 865 2589 instituta,
898 2525 1335 2581 Chalcedonensc
1358 2528 1646 2582 concilium
1678 2525 1878 2593 scripto
1906 2527 2161 2597 suffragio
2193 2526 2684 2594 comprobaverunt
2711 2523 2811 2577 sub
2828 2522 2975 2576 Mose
2988 2522 3162 2592 gentis
3191 2522 3473 2575 catholico.

352 2604 406 2659 5.
444 2605 727 2663 Postremo
760 2626 881 2663 cum
912 2611 1193 2669 Heraclius
1222 2614 1514 2683 imperator
1540 2615 1707 2667 relata
1736 2615 1803 2666 de
1828 2612 2009 2667 Persis
2038 2613 2267 2667 victoria
2301 2611 2551 2666 Carinam
2585 2610 2727 2679 (qua
2756 2618 2839 2663 est
2870 2610 3153 2676 Erzerum)
3179 2609 3346 2670 venit,
3380 2610 3479 2660 Ar-

278 2693 585 2746 meniorum
612 2695 910 2751 catholicus
950 2698 1149 2757 Esdras
1172 2701 1370 2754 multos
1404 2700 1578 2770 gentis
1603 2716 1712 2754 sua
1735 2700 2037 2769 episcopos,
2064 2715 2164 2753 nec
2180 2714 2289 2752 non
2316 2697 2479 2767 Syros
2504 2697 2811 2765 complures
2847 2696 3200 2759 convocavit;
3230 2711 3260 2749 a
3284 2696 3478 2764 quibus

278 2779 539 2834 ventilata
565 2794 816 2838 accurate
845 2789 1211 2842 controversia
1229 2790 1448 2858 triginta
1478 2789 1690 2852 diebus,
1718 2790 1895 2842 denuo
1924 2795 2315 2841 consenserunt
2349 2784 2590 2838 Armenii
2624 2794 2816 2852 sponte
2842 2798 2959 2846 sua,
2990 2792 3218 2852 cogente
3241 2784 3477 2845 nemine,

283 2875 350 2921 ut
373 2869 661 2922 concilium
694 2872 734 2925 C
768 2873 1161 2930 halcedonense
1191 2879 1392 2945 scripto
1419 2877 1692 2929 firmarent
1716 2875 1846 2942 (13).
1871 2873 2021 2937 Quod
2060 2888 2187 2926 vero
2217 2873 2283 2926 ad
2310 2870 2609 2926 Johannem
2652 2871 3129 2925 Mairacomensem
3175 2870 3388 2934 attinet,
3435 2871 3481 2925 is

282 2953 501 3022 quidem
533 2956 750 3011 Sabellii
789 2958 1041 3029 Petrique
1087 2962 1406 3015 Antiocheni
1437 2962 1625 3015 morbo
1652 2966 1951 3029 correptus,
1982 2968 2193 3012 mentes
2240 2960 2483 3012 omnium
2529 2958 2714 3011 furore
2758 2957 3135 3011 conturbahat.
3187 2957 3357 3021 Quam
3411 2960 3481 3010 ob

285 3054 404 3094 rem
434 3055 692 3112 regnante
734 3046 1053 3102 Constantio
1094 3047 1325 3103 Heraclii
1373 3048 1504 3111 filio,
1542 3048 1844 3116 patriarcha
1878 3048 2104 3100 Nersetc
2131 3046 2221 3114 qui
2245 3044 2445 3099 dicitur
2495 3044 2821 3115 Scinoghus,
2868 3044 3100 3099 Diodoro
3140 3056 3320 3099 autem
3347 3045 3483 3099 Res-

292 3127 447 3180 tunio
485 3130 843 3199 principatum
885 3133 1265 3187 Armeniorum
1299 3143 1539 3196 tenente,
1572 3134 1735 3201 hujus
1776 3132 2005 3199 improbi
2067 3132 2304 3186 hominis
2333 3132 2597 3185 candente
2635 3131 2778 3185 ferro
2808 3130 2958 3185 frons
2996 3132 3270 3199 signaculo
3306 3133 3484 3201 vulpis

288 3222 477 3267 notata
503 3215 627 3281 fuit,
655 3225 817 3287 atque
848 3219 919 3272 ita
953 3219 1242 3273 infamatus
1272 3221 1338 3274 ad
1365 3220 1591 3274 Caucasi
1624 3228 1812 3274 cautes
1842 3219 2109 3289 relegatus
2134 3225 2235 3270 est.
2269 3216 2465 3270 Verum
2514 3217 2560 3271 is
2589 3226 2708 3285 post
2737 3216 2974 3271 Nersetis
3001 3218 3206 3271 obitum
3237 3233 3485 3272 reversus

290 3298 347 3352 in
378 3300 710 3366 Armeniam,
746 3304 854 3358 voti
883 3306 963 3358 sui
994 3321 1214 3373 compos
1244 3315 1325 3362 est
1358 3307 1551 3369 factus,
1585 3307 1855 3375 pracipue
1885 3314 2004 3373 post
2031 3320 2351 3358 conversum
2379 3304 2433 3356 in
2460 3303 2833 3357 Armeniacam
2876 3304 3113 3374 linguam
3141 3305 3337 3359 Juliani
3376 3305 3487 3358 Ha-

289 3384 702 3444 licarnassensis
732 3390 926 3443 librum
959 3391 1068 3459 (14)
1095 3390 1265 3461 Sergii
1299 3408 1462 3461 opera
1488 3393 1543 3445 in
1577 3393 1782 3463 synodo
1804 3390 2207 3446 Manazacerta.
2233 3390 2410 3459 Atque
2444 3389 2572 3443 hinc
2610 3390 2855 3445 doctrina
2881 3404 2977 3443 sua
3001 3390 3335 3457 conﬁrmata,
3386 3393 3485 3445 ali-

289 3485 421 3539 gero
443 3488 610 3543 pr0pe
641 3490 801 3529 cursu
831 3476 1137 3531 universam
1162 3480 1432 3547 regionem
1459 3489 1693 3533 vestram
1735 3477 1988 3547 pervasit.

363 3577 417 3630 6.
448 3578 566 3631 Jam
592 3596 720 3634 vcro
754 3593 930 3636 vestra
966 3585 1249 3652 prudentia
1275 3586 1433 3653 plane
1464 3586 1732 3655 intelligit,
1761 3583 1905 3652 quod
1931 3585 1973 3636 si
2006 3591 2190 3637 tantus
2221 3582 2601 3651 episcoporum
2629 3600 2887 3638 numerus
2913 3584 3256 3638 Chalcedone
3284 3601 3484 3640 conve-

294 3664 375 3717 nit
402 3674 459 3718 ut
491 3681 707 3721 errores
733 3670 1136 3733 conﬁrmarent,
1163 3672 1305 3725 haud
1343 3673 1443 3739 ipsi
1479 3674 1847 3725 tantummodo
1883 3670 2065 3723 forent
2090 3671 2449 3738 vituperandi,
2478 3686 2662 3725 verum
2691 3681 2747 3725 et
2775 3672 2922 3725 orbis
2957 3680 3102 3725 totus
3131 3673 3219 3740 qui
3249 3671 3486 3740 ipsorum

292 3751 577 3803 sententia
602 3767 857 3805 assensus
879 3762 983 3805 est.
1008 3753 1263 3807 Attamen
1288 3770 1382 3807 vos
1408 3769 1505 3823 pro
1535 3756 1733 3809 virtute
1763 3763 1941 3807 vestra
1962 3765 2149 3809 cavete
2177 3771 2245 3809 ne
2270 3756 2635 3823 decipiamini.
2660 3756 2900 3826 Namque
2930 3758 3126 3811 infirmi
3152 3758 3364 3826 quidem
3393 3760 3489 3812 ho-

294 3834 469 3888 mines
510 3836 786 3891 instabiles
809 3848 969 3907 atque
1010 3841 1189 3902 rudes,
1242 3841 1563 3895 credulitate
1609 3841 1851 3895 laborare
1899 3842 2074 3896 solent
2113 3851 2167 3894 et
2199 3840 2476 3896 fraudibus
2512 3842 2729 3913 decipi;
2763 3844 3034 3913 sapientes
3074 3859 3205 3899 vero
3252 3844 3487 3901 fallacias

298 3917 608 3986 liujusmodi
631 3922 853 3976 auribus
876 3936 1213 3978 aversantur.

368 4027 558 4081 Postea
589 4029 805 4082 Photius
824 4030 1138 4085 Christiana:
1167 4032 1433 4101 religionis
1454 4034 1675 4102 origines
1705 4042 1752 4085 et
1781 4036 2098 4086 incrementa
2128 4033 2287 4102 paulo
2317 4035 2481 4104 fusius
2512 4044 2714 4099 narrat,
2740 4034 2976 4091 Crtzcam
3004 4047 3202 4106 gentem
3232 4043 3489 4110 praecipue

298 4114 579 4167 dilaudans
603 4117 663 4169 ob
696 4118 896 4169 variam
929 4119 1280 4171 humanarum
1337 4120 1633 4173 litterarum
1661 4122 1954 4183 scientiam,
1998 4137 2111 4188 quae
2147 4137 2280 4173 vera:
2330 4122 2637 4189 recipienda:
2666 4124 2899 4191 religioni
2927 4127 3064 4176 viam
3088 4128 3305 4190 stravit;
3335 4140 3490 4194 atque

300 4201 362 4254 ob
398 4211 468 4253 tot
492 4203 605 4269 ejus
642 4204 872 4257 doctores
901 4206 1202 4269 catholicos,
1234 4222 1359 4274 quos
1386 4207 1617 4274 appellat
1655 4224 1672 4259 :
1701 4210 2111 4275 nominatimque
2164 4209 2668 4276 Constantinopolim
2722 4210 2945 4263 celebrat
2992 4222 3240 4281 tanquam
3304 4230 3489 4265 novam

299 4288 614 4342 Jerusalem.
670 4291 960 4359 Cazteroqui
1006 4294 1068 4344 de
1115 4294 1569 4359 patriarchatuum
1618 4295 1816 4362 aliquot
1861 4297 2055 4363 origine
2092 4295 2351 4347 malitiose
2369 4304 2414 4347 et
2445 4297 2623 4360 procul
2648 4299 2785 4349 omni
2809 4300 3021 4351 veritate
3050 4300 3297 4368 loquitur.
3342 4300 3490 4353 lianc

306 4389 396 4426 nos
432 4375 666 4441 epistola:
692 4376 967 4429 Photiana:
1000 4388 1225 4444 partem,
1258 4379 1404 4431 nulla
1440 4396 1615 4431 rerum
1665 4383 1889 4433 novitate
1931 4382 2126 4443 utilem,
2168 4383 2228 4434 ob
2270 4392 2533 4434 arctatum
2567 4384 2688 4437 libri
2738 4386 2899 4437 nostri
2930 4389 3158 4453 spatium
3203 4404 3305 4439 non
3344 4389 3491 4440 inviti

304 4461 622 4513 omittimus:
658 4472 812 4529 atque
845 4464 914 4514 ad
946 4467 1351 4517 controversiam
1381 4482 1497 4518 cum
1532 4467 1789 4520 Armeniis
1816 4487 2169 4537 properamus,
2205 4487 2319 4539 qua
2348 4480 2397 4525 et
2417 4482 2537 4527 tunc
2578 4484 2625 4527 et
2678 4477 2818 4528 omni
2864 4486 3084 4543 tempore
3144 4476 3334 4543 duplex
3370 4477 3489 4545 fuit,

304 4548 367 4599 de
398 4548 722 4601 admittenda
755 4550 988 4603 videlicet
1015 4551 1445 4606 Chalcedonensis
1473 4554 1678 4606 concilii
1708 4559 2036 4622 auctoritate,
2081 4567 2128 4611 et
2150 4559 2212 4611 de
2261 4562 2515 4613 credenda
2568 4563 2830 4631 verbisque
2878 4562 3164 4629 proﬁtenda
3199 4562 3393 4629 duplici
3438 4563 3493 4613 in

374 4736 451 4808 (7)
491 4752 571 4787 nn
603 4735 877 4808 Nabachi?
913 4737 1070 4793 Certe
1124 4741 1264 4808 apud
1322 4742 1670 4794 Assemanum
1712 4742 1843 4797 Bibl.
1954 4745 2177 4798 solemni
2215 4747 2317 4799 ritu
2338 4746 2663 4800 dedicatum.

304 4807 501 4857 orient.
532 4806 691 4880 t._l|.__
736 4822 787 4873 ι).
823 4809 947 4880 ἂμ,
1001 4806 1246 4877 legimus,
1294 4811 1529 4863 Dioscori
1577 4811 1857 4867 Nabachai
2033 4816 2140 4880 (11)
2189 4815 2465 4869 Contraria
2527 4818 2609 4869 his
2667 4815 2975 4871 referuntur
3018 4818 3071 4871 in
3118 4820 3491 4873 Armeniorum

306 4889 481 4955 opera.
499 4875 819 4955 catholicum
853 4878 1039 4955 Libani
1059 4875 1295 4955 'ducem,
1318 4890 1475 4948 gente
1504 4880 1819 4934 Maronitam
1841 4923 1856 4948 ,
1961 4875 2216 4955 historiis,
2245 4901 2438 4953 nempe
2472 4885 2775 4939 Vardanum
2802 4889 2902 4940 sub
2930 4886 3233 4941 Jnstiniano
3282 4888 3343 4951 ll,
3394 4905 3491 4955 seu

302 4942 608 5025 Jacobiticis
632 4947 902 5025 erroribus
939 4947 1191 5025 infectum
1226 4942 1408 5025 fuisse.
1631 5020 1641 5025 _
1843 4942 1852 4948 ’
1958 4942 2323 5025 Rhinotm'eto,
2354 4942 2579 5025 (venisse
2626 4956 3165 5023 Constantinopolim,
3210 4942 3390 5025 ibique
3436 4942 3489 5011 ni

378 5014 453 5081 (8)
494 5014 568 5092 pe
596 5014 837 5092 plurimis
883 5017 1022 5092 inter
1060 5018 1341 5092 Armenios
1370 5020 1675 5092 propagatis
1704 5036 1854 5073 erro-
1955 5031 2156 5092 sancta
2197 5014 2409 5091 Sophia
2442 5025 2638 5092 templo
2668 5040 2787 5077 cum
2822 5014 2995 5079 sociis'
3023 5014 3161 5080 suist
3185 5014 3490 5080 Graecorum

310 5082 458 5160 ribus
495 5084 584 5135 diu
625 5084 955 5160 multumque
988 5082 1733 5160 loquiturlsaacus'jtisorum
1762 5107 1854 5143 ca-
1954 5106 2106 5160 sacra
2139 5082 2524 5160 ireqnientasse.
2647 5095 2972 5147 HORIIU'I‘IUS.

309 5153 541 5234 tliqlicus
588 5152 730 5220 apud
782 5155 1159 5209 Combelisium
1200 5157 1350 5211 Auct.
1390 5157 1448 5212 Β.
1490 5152 1590 5212 PP.
1633 5176 1685 5228 p.
1722 5160 1854 5213 ’518-
2025 5158 2132 5229 (12)
2164 5152 2335 5214 Minor
2376 5163 2599 5234 veritate
2635 5178 2892 5217 numerus
2926 5165 3012 5218 hic
3052 5164 3281 5231 videtur,
3312 5164 3486 5234 culpa,

308 5221 436 5273 415.
512 5288 529 5290 _
1633 5221 1648 5228 ’
1956 5238 2014 5282 ιιι
2033 5221 2171 5290 reor,
2201 5232 2563 5285 amanuensis.

380 5290 458 5369 (9)
512 5288 915 5373 Initiummara
965 5293 1313 5373 Armeniaca,
1345 5295 1501 5373 "apud
1526 5367 1536 5373 _
1558 5296 1855 5373 Samuelem
1961 5366 1990 5373 _
2024 5298 2134 5373 (l5)
2162 5288 2531 5373 Conﬁrmatur
2548 5304 2648 5356 hoc
2684 5300 2982 5356 aC/zronico
3011 5304 3321 5356 Armeniaca
3348 5304 3490 5373 apud

309 5360 602 5438 Aniensem
647 5361 701 5413 in
727 5358 995 5419 Chronico.
1020 5366 1250 5438 sumitur
1279 5358 1307 5417 a
1337 5358 1537 5438 Christi
1565 5382 1708 5419 anno
1731 5368 1853 5438 554.
1953 5358 2209 5421 ϐειίδηύηι
2247 5379 2282 5421 t.
2321 5371 2362 5431 l,
2398 5386 2449 5438 p.
2478 5370 2592 5424 186.

382 5429 492 5495 (10)
536 5431 828 5497 Con-ruptas
872 5446 1013 5551 sape
1059 5434 1112 5485 in
1150 5433 1250 5487 hac
1278 5436 1501 5503 epistola
1554 5437 1855 5490 numerales
2023 5439 2133 5504 (14)
2176 5429 2413 5508 lntelligé
2472 5441 2738 5509 pracipue
2772 5457 2906 5511 opus
2939 5458 3037 5509 pro
3070 5441 3261 5495 haresi
3312 5441 3490 5493 Incor-

382 5508 469 5551 tas
505 5500 887 5551 comoerimus.
993 5503 1036 5551 ir
1083 5504 1150 5551 cl.
1205 5504 1527 5551 lnvernitius
1565 5506 1616 5551 in
1674 5508 1848 5551 maani
1954 5508 2355 5551 rnntitznlarnnL
2388 5512 2526 5551 animi
2573 5510 2767 5551 .lnlinni
2808 5512 3063 5551 qni-intum
3098 5512 3290 5551 rpfumr
3326 5513 3490 5551 Spw»-

312 5508 469 5579 notas
496 5500 1036 5579 .comperimus.MVir
1083 5504 1150 5556 cl.
1205 5500 1527 5579 Invernitius
1565 5506 1631 5579 in‘
1674 5508 1848 5573 magni
1954 5500 2527 5579 rupticolaruquuod
2573 5500 2770 5565 Julliani
2808 5500 3064 5579 Scriptum
3098 5512 3294 5565 refutat
3326 5513 3492 5564 Seve-

310 5568 599 5647 Justiniani
629 5570 735 5620 vita
776 5570 965 5650 [£2122
1006 5586 1117 5640 seq.
1172 5584 1355 5627 narrat
1387 5575 1453 5650 ab
1486 5576 1586 5627 hoc
1621 5568 1849 5650 impera-
1954 5568 2044 5650 rus
2082 5568 2451 5650 Antiochenus
2474 5582 2612 5648 apud
2648 5598 2745 5635 nos
2786 5582 2838 5634 in
2891 5568 2992 5635 lioc
3050 5584 3164 5650 ipso
3202 5582 3488 5634 volumine.

314 5648 429 5718 tore
455 5638 963 5718 impensamfuisse
989 5638 1205 5718 operam
1262 5644 1459 5718 templo
1506 5638 1709 5718 sanctae
1748 5646 1847 5718 So—
1954 5644 2124 5718 Sergii
2152 5658 2329 5700 autem
2357 5638 2661 5718 interpretis
2690 5651 2932 5705 meminit
2968 5652 3044 5704 ill.
3070 5638 3130 5704 let
3170 5667 3282 5704 rev.
3312 5651 3490 5703 Sunia:

312 5706 453 5787 phia
506 5708 824 5787 aedificando
854 5710 966 5793 'vel
1022 5706 1198 5789 potius
1260 5706 1660 5793 insta—iurando“
1690 5713 1847 5767 annis
1950 5706 2635 5793 archiepisCOpusLin'suo
2689 5720 2899 5793 egregio
2950 5720 3229 5788 Conspectu
3266 5720 3492 5774 historice

312 5777 395 5829 sui
430 5777 641 5847 imperii
669 5778 905 5831 secundo
935 5788 986 5834 et
1008 5777 1212 5848 quinto,
1231 5793 1283 5836 et
1324 5783 1604 5838 undecimo
1630 5782 1844 5838 domum
1950 5784 2105 5837 litter.
2138 5777 2360 5856 'Armfp.
2390 5789 2474 5842 40.
