4248 6444
800 388 907 451 707
1889 384 2149 446 ΡΗΟΤῙῙ
2181 385 2477 446 PATRIAI

2346 385 2678 446 KIARCHE
2711 386 2824 452 ΟΡ.
3901 381 4023 446 708

801 498 1003 555 Christo
1073 503 1284 549 natura.
1333 493 1480 559 Quod
1531 495 1668 548 enim
1709 493 1942 548 Armenii
2009 495 2304 548 heterodoxi
2381 493 2798 548 Chalcedonense
2869 493 3149 548 concilium
3205 491 3276 545 ad
3309 489 3457 545 hanc
3501 507 3662 562 usque
3714 491 3850 545 diem
3919 507 4026 545 re-

801 594 1015 653 spuunt,
1051 585 1104 636 in
1135 600 1296 636 causa
1329 583 1443 651 iam
1475 599 1581 636 non
1613 591 1685 636 est
1714 583 1841 651 facti
1865 583 2098 634 historici
2132 585 2432 652 ignorantia
2473 595 2564 637 aut
2596 601 2763 647 error,
2804 587 2893 638 sed
2942 585 3056 654 ipsa
3104 585 3276 653 potius
3323 583 3533 638 heresis
3581 582 4024 653 monophgsitica,

801 689 959 735 quam
996 688 1028 723 a
1083 671 1302 723 concilio
1350 671 1658 723 damnatam
1711 670 1808 738 ipsi
1861 669 2083 721 retinent
2125 687 2157 722 a
2208 670 2494 739 majoribus
2546 674 2654 725 suis
2705 674 2953 726 traditam
2989 689 3053 726 ac
3107 679 3455 742 propugnant,
3515 671 3637 723 dum
3687 685 3845 722 unam
3894 685 4027 737 per-

803 761 1048 812 tinaciter
1073 760 1126 812 in
1153 760 1364 828 scriptis
1387 770 1435 812 et
1471 759 1875 828 confessionibus
1911 760 2018 812 suis
2051 758 2246 813 Christi
2274 761 2484 824 dicunt;
2513 760 2916 813 reclamantibus
2949 759 3220 823 omnibus',
3271 757 3360 826 qui
3411 757 3660 810 adversus
3701 771 3786 810 cos
3833 758 4025 825 quouis

803 859 1029 917 tempore
1057 849 1418 915 disputarunt,
1441 848 1877 902 Chalcedonensis
1905 850 2087 917 synodi
2115 848 2486 915 defensoribus,
2519 855 2575 898 ut
2603 857 2652 900 et
2681 849 2737 900 in
2762 847 2840 899 his
2870 846 3042 900 Photii
3062 846 3392 914 aliorumque
3417 844 3716 902 Grecorum
3743 845 3980 911 epistolis
4000 857 4024 897 :

799 945 851 988 et
891 936 944 988 in
969 936 1221 1004 evulgatis
1250 936 1370 989 aliis
1394 953 1426 988 a
1451 953 1531 989 me
1558 946 1790 989 veterum
1817 935 1960 989 libris
1983 952 2117 1005 saape
2145 936 2322 990 videre
2353 945 2444 989 est.
2473 934 2560 990 Sic
2585 952 2711 1004 ergo
2746 937 2914 1006 pergit
2945 937 3181 990 Photius.
3899 973 3902 977 -

870 1023 923 1076 7.
948 1023 1100 1077 Nunc
1119 1039 1283 1078 cuma
1307 1023 1519 1078 Domini
1547 1025 1719 1079 nostri
1746 1024 1875 1078 Jesu
1912 1024 2112 1078 Christi
2139 1023 2419 1077 nativitate
2447 1022 2558 1092 (l5)
2584 1012 2756 1091 usque
2789 1023 2854 1078 ad
2880 1038 3082 1077 annum
3109 1021 3366 1077 Marciani
3385 1021 3703 1092 imperantis
3718 1021 4022 1078 secundum

801 1115 930 1166 anni
958 1116 1270 1170 ellluxerint
1295 1117 1392 1170 451
1426 1118 1536 1186 (16)
1563 1135 1576 1182 ;
1608 1127 1664 1170 et
1698 1118 1897 1172 deinde
1927 1127 2050 1186 post
2079 1117 2365 1172 concilium
2402 1115 2848 1171 Chalcedonense
2879 1133 3052 1184 usque
3084 1118 3149 1171 ad
3191 1133 3310 1183 nos,
3349 1118 3475 1171 anni
3507 1117 3611 1172 424
3639 1117 3774 1185 (17),
3819 1116 4024 1170 mirum

799 1211 886 1254 est
919 1218 981 1255 ac
1014 1218 1181 1271 pr0pe
1209 1215 1610 1272 portentosum,
1636 1205 1782 1259 credi
1811 1222 1841 1258 a
1871 1205 2029 1259 vobis
2052 1220 2232 1273 posse,
2261 1203 2405 1272 quod
2430 1204 2664 1272 p0pulus
2693 1216 2936 1264 sanctus,
2963 1205 3166 1259 electus
3182 1216 3344 1275 atque
3358 1205 3722 1274 acceptabilis,
3744 1204 3836 1273 qui
3856 1203 4024 1258 annis

801 1289 900 1342 451
933 1289 1043 1357 (18)
1082 1301 1232 1345 recto
1257 1308 1380 1346 cum
1419 1294 1672 1362 dogmate
1702 1293 2052 1360 Evangelium
2084 1292 2446 1354 conservavit,
2474 1307 2581 1360 quo
2610 1292 2773 1345 veluti
2795 1293 3015 1360 copioso
3041 1291 3192 1346 fonte
3230 1303 3602 1361 perpetuoque
3625 1291 3848 1346 ﬂumine
3869 1292 4024 1346 orbis

801 1384 1072 1430 terrarum
1102 1379 1354 1448 irrigatus
1381 1389 1486 1444 est,
1527 1381 1710 1434 subito
1732 1394 1917 1433 errore
1945 1379 2118 1448 abripi
2157 1395 2218 1433 se
2240 1380 2582 1449 permiserit;
2612 1397 2735 1434 cum
2767 1380 2810 1434 is
2838 1381 3022 1449 potius
3053 1380 3336 1434 haereticos
3375 1394 3566 1434 omnes
3613 1393 3830 1448 semper
3866 1378 4021 1434 refu-

802 1465 1016 1527 taverit,
1052 1464 1324 1533 iidemque
1353 1467 1710 1520 orthodoxam
1740 1467 2057 1520 servaverit.
2093 1467 2360 1521 Praeterea
2385 1468 2879 1536 exploratissimum
2904 1477 2988 1520 est
3010 1482 3201 1520 omnes
3232 1466 3485 1521 homines
3538 1482 3568 1519 a
3603 1467 3870 1534 praedictis
3920 1467 4024 1520 do-

799 1552 1044 1605 ctoribus
1071 1550 1182 1619 (19)
1215 1554 1584 1621 evangelicam
1614 1553 1892 1606 veritatem
1937 1555 2214 1606 hausisse:
2245 1555 2444 1608 etenim
2486 1565 2796 1609 sanctorum
2829 1557 3108 1610 doctorum
3153 1569 3291 1622 quos
3322 1569 3482 1622 supra
3533 1553 3865 1608 laudavimus
3894 1553 4021 1609 libri

801 1656 900 1708 per
932 1642 1116 1692 orbem
1154 1640 1339 1694 diﬂ'usi
1371 1642 1541 1701 fuere.
1571 1643 1662 1709 qui
1694 1641 1894 1695 Christi
1926 1642 2262 1694 divinitatem
2295 1651 2478 1711 aperte
2512 1651 2783 1695 asserunt.
2816 1641 2956 1710 Ergo
2987 1658 3016 1694 a
3041 1651 3229 1695 sancto
3259 1640 3483 1695 Niceno
3522 1641 3753 1695 concilio
3803 1641 4019 1694 initium

797 1729 1096 1795 capiamus,
1133 1730 1288 1797 cujus
1317 1730 1554 1782 breviter
1578 1741 1952 1800 argumentum
1982 1745 2338 1798 exponemus,
2368 1739 2568 1784 etcum
2598 1729 3028 1783 Chalcedonensi
3066 1729 3438 1794 conferemus,
3471 1736 3531 1782 ut
3575 1736 3832 1798 appareat
3884 1743 4019 1783 num

800 1831 922 1868 cum
953 1817 1041 1867 illo
1069 1817 1169 1868 hoc
1197 1817 1520 1880 consentiat,
1554 1818 1778 1885 ejusque
1808 1817 2048 1886 vestigiis
2079 1818 2312 1880 insistat,
2349 1834 2416 1870 an
2443 1819 2758 1872 adversetur
2778 1817 2957 1886 potius
2984 1818 3068 1870 vel
3101 1827 3382 1886 repugnet.

873 1901 924 1952 8.
967 1900 1161 1953 Beatus
1193 1901 1528 1970 Epiphanius
1559 1903 1826 1970 octoginta
1873 1914 2117 1956 recenset
2167 1904 2419 1969 haereses,
2453 1906 2638 1973 viginti
2673 1905 2888 1974 quidem
2943 1913 3068 1958 ante
3104 1903 3316 1957 Domini
3358 1903 3530 1958 nostri
3570 1904 4019 1968 incarnationem,

801 1997 919 2056 post
953 1989 1092 2041 hanc
1134 1999 1312 2042 autem
1344 1991 1640 2059 sexaginta.
1666 1991 1916 2043 Attamen
1945 1991 2084 2043 haud
2115 2005 2252 2057 Opus
2285 1990 2384 2042 fuit
2409 1991 2694 2045 universali
2729 1992 2957 2046 concilio
2983 1994 3054 2046 ob
3085 1991 3201 2044 illas
3237 1990 3678 2061 exstinguemlas,
3705 1991 3830 2059 quia
3870 1990 4023 2045 vide-

801 2075 929 2127 licet
951 2076 1122 2129 sancti
1155 2076 1409 2130 Ecclesiae
1436 2079 1686 2132 doctores
1711 2079 1856 2130 omni
1885 2088 2147 2145 tempore,
2175 2094 2278 2130 una
2307 2093 2430 2131 cum
2461 2079 2738 2132 nonnullis
2765 2078 3057 2147 episcopis,
3093 2093 3187 2131 eas
3218 2075 3657 2147 proﬂigaverant,
3692 2093 3754 2131 ac
3776 2078 4024 2132 veritatis

800 2167 1031 2219 oraculis
1064 2175 1318 2235 tanquam
1350 2169 1620 2237 lapidibus
1649 2169 1960 2222 obruerant.
1992 2167 2157 2237 Igitur
2186 2168 2383 2237 impius
2417 2165 2504 2219 ille
2524 2165 2796 2234 princeps,
2831 2163 2921 2233 qui
2953 2164 3209 2218 deitatem
3239 2163 3506 2225 ambiens,
3550 2163 3808 2217 thronum
3857 2177 4021 2216 suum

798 2268 961 2319 supra
993 2255 1168 2308 nubes
1202 2264 1441 2310 statuere
1473 2257 1631 2322 dixit,
1661 2272 1828 2325 seque
1852 2257 2128 2310 Altissimo
2157 2271 2340 2325 parem
2379 2269 2521 2317 esse,
2549 2268 2672 2308 cum
2705 2251 3050 2321 Evangelium
3081 2251 3246 2305 citato
3270 2266 3434 2306 cursu
3459 2266 3551 2318 per
3578 2261 3810 2320 quatuor
3831 2255 4021 2306 mundi

801 2344 1005 2415 plagas,
1037 2345 1256 2397 nemine
1285 2346 1559 2405 obstante,
1590 2345 1870 2413 pervagari
1899 2355 2170 2406 cerneret,
2203 2344 2373 2396 livore
2398 2351 2591 2404 tactus,
2619 2356 2835 2395 currum
2864 2341 2980 2410 ipse
3001 2354 3223 2410 quoque
3249 2340 3353 2394 sibi
3395 2340 3735 2394 machinatus
3764 2350 3846 2394 est
3882 2357 4026 2412 qua-

799 2431 1133 2494 drifortnem,
1152 2441 1336 2485 contra
1356 2431 1717 2501 evangelicam
1745 2431 2077 2500 quadrigam,
2105 2441 2336 2498 quatuor
2357 2430 2560 2483 scilicet
2585 2439 2732 2483 rotas
2756 2443 2818 2481 ex
2839 2430 3134 2484 lneresibus
3157 2438 3388 2497 quatuor
3412 2443 3765 2497 componens,
3793 2446 4025 2499 quarum

801 2519 922 2572 dua:
949 2519 1209 2572 adversus
1233 2519 1630 2573 sanctissimam
1667 2516 1989 2571 Trinitatem
2019 2516 2383 2584 blasphemias
2447 2511 2726 2578 evomunt,
2762 2517 2980 2585 reliquae
3026 2517 3145 2570 dua:
3184 2526 3372 2570 contra
3417 2515 3721 2570 Servatoris
3762 2517 4016 2571 incarna-

800 2607 1026 2670 tionem,
1051 2606 1206 2659 sicuti
1233 2607 1493 2674 scriptum
1515 2616 1630 2659 est:
1660 2603 1950 2658 Posuerunt
1985 2605 2040 2654 in
2069 2605 2251 2655 coelum
2278 2621 2331 2656 os
2352 2619 2522 2665 suum,
2559 2613 2606 2656 et
2634 2603 2812 2671 lingua
2837 2619 3014 2656 eorum
3043 2605 3286 2656 transivit
3313 2604 3368 2655 in
3397 2610 3541 2655 terra
3565 2603 3605 2655 ⁸.
3641 2602 3860 2659 Scilicet
3888 2621 4030 2659 con-

801 2696 999 2749 vicium
1030 2706 1387 2749 sacrosancta:
1413 2696 1664 2749 Trinitati
1697 2694 1964 2756 fecerunt,
2006 2692 2348 2762 Verbnmque
2379 2696 2446 2746 ob
2481 2693 2666 2747 mundi
2700 2693 2923 2746 salutem
2948 2693 3003 2745 in
3033 2701 3205 2746 terras
3237 2691 3540 2759 delapsum,
3573 2703 3735 2762 atque
3765 2695 4016 2763 ejusdem

802 2783 1066 2836 incarnati
1098 2783 1453 2837 ueconomiam
1487 2782 1800 2835 calumniati
1835 2790 1978 2834 sunt.
2007 2781 2180 2834 Causa
2211 2790 2392 2833 autem
2437 2779 2542 2831 illis
2573 2781 2777 2831 erroris
2808 2779 3096 2845 perniciosi
3128 2778 3247 2843 fuit,
3301 2780 3542 2848 ipsorum
3599 2781 3825 2836 stultitia
3882 2781 4030 2836 δαῖε·-

801 2871 1064 2923 mantium
1090 2885 1248 2922 unam
1279 2880 1548 2929 naturam,
1573 2883 1840 2936 unamque
1873 2867 2224 2936 hypostasim,
2246 2868 2397 2920 idest
2420 2881 2724 2935 personam.
2758 2867 2965 2934 Ileapse
2987 2866 3252 2920 Sabellius
3273 2867 3504 2938 Libycus
3529 2869 3632 2922 etsi
3657 2885 3819 2924 unam
3849 2885 4026 2924 sacra.

808 2957 1030 3010 tissimaa
1062 2955 1343 3010 Trinitatis
1393 2966 1641 3010 naturam
1677 2958 2046 3024 proﬁtebatur,
2079 2971 2338 3024 personas
2370 2962 2552 3006 tamen
2590 2953 2643 3004 in
2675 2967 2844 3005 unum
2880 2951 3141 3014 confudit,
3175 2968 3340 3021 seque
3390 2955 3444 3007 in
3484 2954 3799 3008 barathrum
3848 2958 4032 3025 perdi-

804 3043 964 3096 tionis
997 3044 1251 3110 conjecit,
1286 3045 1410 3112 quia
1447 3044 1818 3097 confusionem
1845 3043 2261 3110 mistionemque
2300 3041 2506 3095 invexit
2527 3048 2688 3108 atque
2718 3041 2946 3093 alterum
2980 3039 3338 3094 Judaismum.
3370 3042 3529 3096 Arius
3573 3055 3759 3097 contra
3793 3044 4031 3098 Alexan-

800 3132 1013 3195 drinus,
1047 3147 1200 3200 aeque
1232 3146 1294 3184 ac
1323 3142 1432 3184 tres
1458 3131 1512 3184 in
1545 3130 1888 3184 sanctissima
1925 3128 2189 3182 Trinitate
2236 3141 2518 3197 personas,
2550 3137 2797 3180 naturam
2828 3142 3042 3195 quoque
3075 3127 3425 3182 subdividere
3464 3130 3620 3184 nisus
3659 3139 3743 3184 est
3801 3131 3859 3184 in
3922 3143 4032 3186 tros

801 3219 1045 3272 diversas
1069 3218 1492 3288 dilTerentesque
1562 3219 1932 3284 substantias;
1982 3226 2493 3286 consequenterque
2539 3231 2570 3268 a
2618 3215 2848 3268 veritate
2883 3214 3092 3278 devius,
3126 3224 3367 3268 creatum
3395 3231 3424 3269 a
3454 3214 3613 3271 Patre
3643 3217 3840 3272 Filium
3873 3220 4028 3279 dixit,

803 3322 911 3359 non
946 3308 1208 3374 genitum.

871 3397 923 3450 9.
945 3397 1078 3450 Cum
1111 3398 1189 3451 sic
1219 3396 1380 3465 igitur
1409 3412 1439 3448 a
1471 3395 1702 3449 Sabellio
1732 3405 1788 3448 et
1815 3395 1940 3448 Ario
1967 3394 2203 3448 Ecclesia
2233 3392 2323 3446 Dei
2354 3389 2682 3450 turbaretur,
2717 3404 2861 3442 anno
2887 3397 3012 3457 post
3047 3389 3256 3442 Domini
3291 3391 3461 3445 nostri
3489 3391 3615 3447 Jesu
3633 3392 3828 3446 Christi
3849 3395 4026 3464 magni

802 3483 893 3537 Dei
930 3485 1260 3536 nativitatem
1283 3483 1386 3537 525
1417 3484 1548 3552 (20),
1571 3483 1906 3536 Constantini
1932 3483 2247 3551 imperantis
2264 3483 2328 3534 19
2351 3480 2484 3549 (21),
2510 3479 2678 3532 sancti
2702 3477 2885 3532 Patres
2907 3490 3276 3533 convenerunt
3293 3479 3506 3542 Nicaeae,
3542 3482 3936 3551 adfueruntque
3955 3483 4026 3537 ibi

803 3571 1138 3638 patriarchae,
1157 3570 1336 3623 Romae
1363 3570 1578 3638 quidem
1611 3571 1867 3624 Silvester
1895 3571 2025 3638 (22),
2049 3567 2352 3621 Alexander
2370 3567 2728 3630 Alexandriae,
2745 3566 3058 3622 Eustathius
3087 3570 3410 3632 Antiochiae,
3431 3572 3731 3626 Alexander
3751 3572 4027 3627 Constan-

805 3658 1126 3727 tinopoleos,
1158 3658 1270 3726 (25)
1309 3657 1573 3711 Macarius
1613 3657 2125 3727 Ilierolosymorum,
2149 3657 2422 3709 Aristaces
2444 3653 2554 3721 (24)
2594 3669 2810 3723 quoque
2836 3656 3216 3709 Armeniorum
3245 3658 3417 3711 sancti
3458 3658 3697 3728 Gregorii
3735 3659 3911 3712 locum
3943 3671 4024 3712 te-

803 3761 940 3798 nens
968 3764 981 3799 :
1008 3746 1168 3814 hique
1186 3747 1345 3799 simul
1364 3761 1484 3798 cum
1505 3744 1907 3813 3l8episc0pis,
1940 3744 2181 3798 Ecclesia
2208 3743 2782 3796 cumanathematibus
2801 3743 3123 3812 expulerunt
3156 3743 3449 3798 Sabellium
3478 3755 3639 3815 atque
3655 3748 3862 3809 Arium,
3894 3762 4026 3801 con-

801 3833 1035 3901 fessique
1052 3842 1178 3886 sunt
1207 3831 1396 3885 Filium
1419 3831 1486 3886 de
1504 3831 1659 3885 Patre
1672 3832 1908 3901 genitum
1921 3840 1976 3884 et
1993 3831 2201 3883 radium
2219 3831 2536 3885 substantia:
2553 3833 2690 3900 ejus.
2710 3831 2829 3886 Mox
2845 3834 2913 3885 de
2928 3832 3249 3887 Arianorum
3273 3841 3417 3888 secta
3436 3833 3778 3889 Macedonius
3791 3837 4020 3901 exstitit,

805 3921 1038 3989 Spiritus
1069 3921 1240 3973 sancti
1281 3919 1472 3982 hostis,
1527 3933 1686 3988 quem
1715 3927 1978 3980 creatum,
2009 3933 2116 3972 non
2153 3926 2331 3970 autem
2363 3917 2621 3971 emissum
2652 3933 2827 3987 neque
2858 3920 3236 3988 procedentem
3263 3935 3294 3972 a
3324 3920 3481 3974 Patre
3504 3921 3699 3976 aiebat.
3737 3921 4024 3977 Montanus

802 4023 932 4062 vero
965 4008 1162 4077 aliique
1185 4007 1402 4062 Sabellii
1429 4007 1658 4071 alumni,
1691 4007 1895 4076 majore
1923 4006 2101 4059 adhuc
2132 4005 2409 4074 impietate
2442 4007 2836 4061 sanctissimam
2866 4006 3186 4063 Trinitatem
3215 4009 3282 4063 ad
3311 4009 3527 4064 unicam
3558 4025 3843 4079 personam
3872 4011 4022 4065 rede-

804 4106 1015 4168 gerunt.
1046 4097 1214 4166 Igitur
1242 4096 1398 4150 annis
1429 4096 1496 4149 56
1515 4093 1627 4162 (25)
1657 4102 1779 4163 post
1805 4093 2086 4147 Nicaanum
2114 4093 2403 4146 concilium
2435 4093 2698 4157 decursis,
2728 4111 2872 4149 anno
2901 4097 3079 4166 magni
3109 4095 3400 4151 Theodosii
3434 4097 3753 4166 imperantis
3776 4111 3837 4151 nt
3884 4099 4017 4166 (26),

802 4183 973 4239 Sancti
1014 4182 1198 4237 Patres
1223 4181 1690 4251 Constantinopoli
1718 4189 1845 4236 sunt
1881 4179 2214 4250 congregati.
2247 4179 2482 4234 Aderant
2508 4181 2827 4249 patriarcha:
2855 4182 3118 4238 Damasus
3140 4182 3325 4238 Romae
3366 4183 3498 4254 (27),
3553 4182 3834 4238 Nectarius
3878 4184 4021 4239 Con-

803 4271 1253 4339 stantinopoleos,
1282 4268 1602 4324 Timotheus
1644 4267 2001 4332 Alexandriae,
2031 4265 2260 4336 Cyrillus
2295 4266 2816 4338 Hierosolymorum,
2848 4269 3098 4326 Meletius
3127 4271 3451 4338 Antiochia,
3482 4281 3812 4342 sanctusque
3830 4270 4025 4328 Nerses

874 4387 896 4418 ⁸
921 4386 1061 4448 Psal,
1098 4401 1268 4448 Lxxn,
1296 4384 1351 4439 9.

875 4549 990 4618 (15)
1024 4547 1246 4620 Photius
1275 4549 1351 4620 ait
1407 4565 1436 4602 a
1482 4549 1935 4620 gloriosisissimaﬂ
1961 4554 2353 4608 resurrectione.

804 4617 945 4673 Usus
973 4634 1090 4672 sum
1109 4618 1210 4673 hac
1239 4617 1676 4673 libertate'aeram
1700 4619 1974 4683 variandi;
2009 4635 2165 4674 secus
2187 4624 2355 4687 enim,

803 4697 948 4741 totus
999 4698 1301 4756 temporum
1357 4689 1593 4743 calculus
1660 4697 1959 4752 corrueret,
2015 4691 2099 4744 vel
2123 4701 2271 4746 certe
2329 4712 2359 4747 a

802 4757 1076 4811 communi
1105 4757 1488 4826 supputatione
1518 4760 1863 4814 descisceret.

871 4827 983 4894 (16)
1022 4827 1152 4880 Cod.
1191 4826 1314 4887 462,
1347 4843 1466 4895 quae
1487 4827 1712 4883 fortasse
1747 4833 2094 4888 amanuensis
2123 4832 2360 4885 Armenii

799 4898 1028 4967 menda“
1083 4905 1212 4967 sunt
1263 4896 1353 4967 hic
1393 4906 1448 4950 et
1487 4897 1634 4950 alibi.
1668 4898 1733 4951 Et
1767 4902 1984 4967 quidem
2019 4900 2146 4957 anni
2198 4903 2361 4955 etiam

791 4965 1279 5036 npuidwChronicon
1304 4963 1569 5036 Samuelis
1605 4963 1912 5026 immaniter
1941 4976 2168 5027 variant.

872 5034 983 5103 (27)
1012 5033 1295 5110 (3οάΖ
1328 5036 1490 5110 Atqui
1531 5035 1819 5110 Zacharias
1859 5041 2166 5110 patriarcha
2194 5042 2365 5097 multo

801 5115 936 5173 ante
967 5118 1091 5173 anui.
1129 5104 1232 5157 896
1260 5104 1502 5173 gobierat
1561 5107 1714 5173 (quot
1754 5104 2116 5165 coniiciuntur
2155 5125 2222 5163 ex
2263 5112 2366 5166 462

797 5183 851 5224 et
883 5171 1028 5234 454),
1065 5181 1205 5225 teste
1253 5170 1502 5227 Samuele
1548 5170 1768 5231 Aniensi
1818 5181 1869 5232 in
1900 5182 2138 5235 editione
2182 5191 2363 5235 nostra

799 5238 1192 5294 Mediolanensi
1247 5257 1302 5310 p.
1359 5244 1448 5304 65,
1486 5259 1594 5312 quo
1655 5247 1708 5298 in
1760 5249 1877 5303 Ioco
1941 5251 2084 5306 idem
2148 5247 2364 5305 Samuel

798 5319 1069 5362 memorat
1133 5312 1505 5382 1ιεηο1³ὴοιίί
1577 5316 1860 5382 epistolam
1911 5323 1978 5373 ad
2041 5319 2363 5375 Zachariam

807 5387 1050 5454 extremo
1084 5382 1202 5454 ejus
1237 5381 1483 5454 viventis
1504 5381 1743 5454 tempore
1765 5389 2004 5444 missam.

873 5448 984 5518 (18)
1011 5448 1144 5502 Cod.
1171 5467 1356 5505 rursus
1387 5453 1512 5506 462.

873 5519 982 5597 (19)
1043 5521 1764 5597 _Apostoli's,__evangelistis,
1833 5526 2064 5594 Justino,
2143 5529 2360 5597 Irena:o,

798 5586 1112 5672 Athanasio,
1143 5586 1634 5672 gregariistribus
1682 5586 1882 5672 Graecis
1903 5638 1915 5658 ,
1949 5586 2206 5672 Gregorio
2239 5586 2364 5656 item

797 5659 1073 5733 Armenio,
1140 5659 1352 5730 Cyrillis
1414 5663 1647 5727 duobus,
1725 5669 2029 5732 Ambrosio,
2055 5659 2363 5733 “Dionysio,

797 5726 952 5810 .loan.
1006 5726 1793 5810 Chrysostomo,Epiphanio,
1846 5726 2073 5810 Proclo;
2129 5726 2362 5810 namque

803 5798 915 5852 haec
933 5798 1150 5855 nomina
1173 5803 1364 5858 recitat
1382 5798 1681 5863 Pbotiu'slin
1705 5798 2110 5874 partelepistola:
2134 5798 2358 5868 omissa.

2540 4554 2651 4624 (20)
2677 4553 2812 4609 Cod.
2843 4557 2967 4619 315,
3002 4574 3033 4610 a
3057 4559 3452 4612 resurrectione.

2531 4625 2642 4692 (21)
2679 4625 2754 4678 Ita
2784 4636 2930 4680 recte
2957 4629 3145 4681 codex.

2533 4695 2646 4763 (22)
2681 4695 2740 4749 In
2768 4695 2992 4763 epistola
3022 4697 3088 4750 ad
3127 4697 3440 4751 Michaelem
3468 4694 3752 4764 Bulgarum
3799 4695 4024 4751 Photius

2464 4766 2663 4819 rectius
2691 4765 2824 4837 dicit
2851 4765 3168 4837 Silvestrum
3202 4766 3443 4821 adfuisse
3469 4763 3685 4831 Nicaeae,
3703 4782 3813 4820 non
3842 4768 4021 4837 ipsum

2462 4849 2668 4906 pense,
2699 4836 2801 4906 sed,
2827 4851 2924 4903 per
2948 4836 3158 4906 legatos
3187 4853 3333 4890 suos.

2536 4904 2646 4974 (25)
2687 4903 2900 4958 Omittit
2943 4903 3089 4960 hunc
3117 4917 3262 4961 recte
3289 4907 3343 4960 S.
3377 4904 3681 4960 Germanus
3721 4907 3869 4974 apud
3924 4923 4022 4961 nos

2467 4971 2521 5045 in
2555 4973 2736 5035 Spicil.
2770 4985 2809 5029 t.
2832 4975 2944 5040 VII,
2977 4992 3033 5045 p.
3059 4976 3146 5030 19.
3180 4976 3405 5030 Photius
3428 4985 3623 5045 autem
3666 4971 3804 5028 vana
3848 4977 4024 5029 ambi-

2465 5042 2616 5096 tione
2656 5053 2710 5097 et
2751 5054 2936 5098 contra
2979 5042 3198 5100 omnem
3252 5044 3491 5100 historic
3537 5045 3845 5106 veritatem,
3897 5045 4024 5099 facit

2466 5111 2615 5192 hunc
2627 5114 2990 5233 |patﬁmcbam
3013 5114 3568 5184 Constantinopoleos
3589 5125 3714 5169 ante
3743 5111 4022 5169 Nicaeuum

2466 5195 2618 5233 com-.1
2647 5199 2774 5233 tum.

2466 5195 2774 5236 conuitium.

2499 5275 2501 5277 ί
2542 5251 2652 5320 (24)
2691 5253 2964 5308 Aristaces
2979 5254 3068 5309 hic
3100 5253 3299 5310 dicitur
3330 5254 3561 5309 Arethas
3592 5253 3648 5307 in
3677 5253 4020 5309 Nicanorum

2464 5320 2686 5374 Patrum
2702 5324 2956 5396 catalogo
2984 5323 3254 5396 Theodori
3275 5325 3500 5381 lectoris
3529 5325 3670 5394 apud
3689 5339 3790 5380 nos
3818 5324 4016 5396 Script.

2480 5405 2591 5445 vet.
2634 5401 2673 5444 t.
2702 5392 2770 5462 Χ,
2797 5409 2849 5462 p.
2894 5392 2984 5455 38,
3019 5396 3124 5450 col.
3155 5394 3208 5448 2.

2536 5462 2648 5529 (es)
2684 5461 2815 5517 Cod.
2851 5465 2938 5518 7t.

2562 5531 2649 5599 26)
2679 5531 2811 5587 Cod.
2843 5535 2931 5589 es.

2562 5602 2652 5672 27)
2675 5602 2940 5659 Nimirum
2966 5621 3060 5679 per
3086 5623 3217 5679 suos
3237 5609 3459 5679 legatos.
3482 5607 3586 5664 Pro
3617 5607 3845 5679 Damasp
3865 5623 4019 5662 men-

2468 5673 2596 5727 dose
2621 5677 3143 5747 _pro_rsusscribitur
3181 5673 3486 5733 leEstinus
3516 5676 3660 5747 apud
3709 5675 3768 5730 S.
3791 5675 4018 5738 Germa-

2466 5758 2595 5795 num
2619 5743 2679 5822 in
2701 5741 2866 5822 Spicit
2922 5755 2961 5800 t.
3003 5746 3114 5816 VII,
3144 5765 3200 5820 p.
3228 5751 3316 5806 33.
3337 5749 3524 5822 Neque
3545 5741 3690 5806 enim
3733 5748 4010 5804 Celestiui

2469 5821 2597 5869 atlas
2628 5811 2680 5869 id
2709 5815 2927 5884 patitur.
