4248 6444
224 430 337 493 709
1374 415 1901 479 EPISTOLARUM

1758 415 1901 476 lUM
1930 414 2154 474 LIBER
2184 414 2229 475 Ι.
3332 410 3435 477 710

226 540 637 601 Armeniorum,
659 535 749 604 qui
776 532 933 587 simul
959 547 1081 587 cum
1116 529 1384 600 episcopis
1420 528 1515 582 150
1540 526 1961 580 exturbaverunt
2024 523 2261 577 Ecclesia
2296 536 2404 575 non
2438 520 2556 574 sine
2591 521 3026 576 anathematibus
3065 521 3434 580 Macedonium

228 638 289 683 et
320 628 537 681 Sabellii
569 624 820 678 asseclas.
849 626 1025 689 Atque
1064 621 1179 673 haec
1205 618 1311 671 duo
1343 626 1527 670 sancta
1551 614 1775 669 concilia
1807 613 1942 665 duas
1980 610 2354 663 contriverunt
2415 609 2637 662 tartarei
2686 624 2882 664 currus
2922 620 3087 672 rotas,
3118 611 3252 665 duas
3282 614 3433 668 vide-

234 718 372 770 licet
405 715 597 784 impias
626 715 880 773 haereses,
925 723 1151 777 quarum
1196 707 1363 759 altera
1395 703 1809 757 sacratissimam
1867 698 2182 751 Trinitatem
2223 696 2453 764 pessime
2493 695 2789 756 dividebat,
2819 697 2983 749 altera
3008 711 3141 750 vero
3171 712 3276 750 non
3321 700 3439 752 sine

232 804 443 858 scelere
474 782 858 855 confundebat.
901 797 980 847 Ab
1012 796 1097 848 his
1125 793 1334 847 duabus
1364 790 1579 861 synodis
1611 791 1899 842 edocemur
1930 799 2175 853 personae
2213 799 2242 835 a
2264 792 2451 835 natura
2479 782 2917 837 distinctionem:
2943 785 3139 837 etenim
3174 793 3285 839 tres
3314 800 3440 854 per-

234 905 411 952 sonae,
447 897 560 941 tres
601 884 765 938 veluti
828 882 994 936 facies
1041 889 1095 933 et
1140 888 1413 949 aspectus,
1447 886 1556 931 tres
1586 875 1956 944 proprietates,
2018 882 2127 925 tres
2162 872 2471 940 hypostases
2517 881 2873 925 sacrosanctae
2926 871 3170 924 'l'rinitati
3233 872 3437 935 insunt,

233 976 423 1039 Pater,
452 974 639 1036 Filius,
691 982 747 1026 et
798 970 1033 1039 Spiritus
1085 977 1337 1023 sanctus:
1378 983 1484 1019 una
1532 979 1661 1017 vero
1690 973 1879 1015 natura
1924 969 2025 1022 est,
2060 974 2165 1011 una
2196 957 2450 1018 essentia,
2486 972 2591 1009 una
2623 959 2946 1021 substantia,
2981 974 3084 1012 una
3123 959 3439 1024 dominatio,

236 1077 352 1115 una
381 1060 752 1113 immensitas:
789 1056 1136 1124 distinguitur
1160 1056 1304 1106 enim
1340 1052 1575 1105 Trinitas
1597 1048 1891 1103 secundum
1926 1044 2383 1114 personalitatem,
2416 1043 2600 1096 unitur
2628 1056 2809 1098 autem
2827 1046 3122 1099 secundum
3155 1057 3440 1101 naturam:

235 1150 447 1218 quippe
475 1163 597 1201 cum
630 1147 701 1199 sit
742 1159 846 1198 una
878 1146 929 1195 in
962 1143 1132 1195 tribus
1161 1142 1358 1205 Deitas,
1393 1139 1644 1192 distincta
1676 1146 1759 1189 est
1792 1145 1969 1188 tamen
1998 1132 2050 1184 in
2074 1130 2297 1201 singulis
2347 1130 2701 1199 pcrsonalitas
2729 1149 2741 1184 :
2771 1133 3142 1203 unusquisque
3169 1143 3347 1188 autem
3379 1151 3445 1189 ex

238 1253 345 1293 sua
378 1235 706 1305 proprietate
743 1229 1094 1300 dignoscitur.

318 1322 408 1375 10.
438 1322 577 1374 Ecce
607 1319 974 1372 intelleximus
1007 1317 1274 1371 diversam
1313 1328 1429 1367 esse
1457 1327 1487 1365 a
1509 1322 1699 1364 natura
1730 1326 2011 1379 personam
2036 1328 2050 1363 :
2078 1318 2159 1363 est
2182 1310 2325 1362 enim
2354 1308 2609 1362 distincta
2655 1322 2907 1376 persona,
2934 1316 3123 1361 natura
3151 1324 3281 1362 vero
3314 1309 3447 1363 adn-

240 1418 377 1463 nata
404 1416 458 1461 et
482 1406 799 1476 singularis:
832 1420 957 1458 nam
987 1413 1041 1457 et
1072 1405 1302 1456 humana
1337 1410 1525 1453 natura
1577 1407 1759 1452 mente
1800 1399 2133 1467 intelligitur,
2174 1412 2404 1465 persona
2436 1412 2599 1449 sensu
2627 1394 2941 1464 percipitur.
2996 1395 3203 1469 Etenim
3255 1404 3447 1451 natura

244 1491 336 1544 his
363 1488 771 1543 definitionibus
822 1496 1052 1545 constat,
1085 1500 1280 1553 nempe
1318 1484 1535 1546 animal,
1568 1483 1846 1545 rationale,
1895 1485 2153 1539 mortale:
2206 1499 2434 1551 persona
2477 1498 2603 1536 vero
2645 1498 2709 1535 ex
2742 1481 3111 1535 accidentibus
3153 1486 3445 1553 consurgit,

242 1578 501 1631 videlicet
531 1576 709 1629 colore
743 1575 917 1644 nigro,
963 1575 1106 1635 albo,
1188 1572 1341 1633 ﬁavo,
1375 1571 1607 1627 calvitie.
1648 1571 1817 1625 oculis
1848 1572 2091 1641 glaucis;
2125 1571 2195 1623 ita
2236 1580 2293 1623 ut
2330 1569 2628 1623 accidentia
2674 1569 2890 1636 quidem
2938 1569 3119 1638 augeri
3173 1572 3451 1640 minuiquo

243 1674 468 1732 queant,
513 1671 702 1715 natura
727 1676 834 1713 non
869 1660 1017 1713 item.
1059 1659 1255 1711 Natura
1274 1658 1484 1711 cunctis
1528 1657 1832 1711 hominibus
1862 1668 1943 1715 est
1970 1659 2294 1721 communis,
2320 1674 2549 1726 persona
2579 1667 2662 1711 est
2697 1658 2984 1725 peculiaris
3004 1666 3059 1710 et
3088 1658 3141 1710 in
3188 1659 3363 1727 aliqua
3393 1675 3451 1712 re

250 1752 587 1804 subsistens.
642 1749 852 1802 Etenim
890 1748 1213 1801 beatissima:
1262 1745 1541 1799 Trinitatis
1579 1745 1789 1797 inﬁnita
1820 1754 2012 1798 natura
2051 1762 2203 1812 aeque
2258 1739 2492 1813 pertinet
2521 1745 2587 1798 ad
2618 1747 2853 1815 singulas
2886 1758 2995 1801 tres
3023 1762 3299 1814 personas,
3347 1746 3450 1799 Pa-

251 1851 415 1902 trem,
450 1839 665 1899 Filium,
702 1847 757 1891 et
783 1838 1048 1906 Spiritum
1083 1845 1366 1889 sanctum:
1398 1844 1453 1887 at
1477 1851 1604 1887 vero
1640 1832 1998 1902 proprietates
2034 1833 2298 1886 distinctae
2324 1844 2450 1885 sunt
2482 1832 2534 1885 in
2562 1849 2884 1900 unaquaque
2910 1849 3140 1902 persona
3167 1844 3221 1887 et
3284 1835 3453 1903 hypo-

249 1928 406 1982 stasi.
435 1926 644 1995 Quippe
672 1942 700 1978 a
727 1935 918 1978 natura
948 1924 1305 1977 communiter
1334 1922 1534 1976 habent
1557 1931 1615 1975 ut
1640 1924 1747 1975 sint
1776 1923 2057 1985 Dominus,
2090 1922 2250 1983 Dens,
2283 1923 2644 1990 omnipotens,
2663 1924 3189 1991 providentissimus,
3223 1931 3451 1984 creator,

250 2015 551 2067 intellectui
582 2013 894 2079 impervius,
929 2009 1494 2079 incmnprehensibilis
1531 2010 1647 2063 sine
1686 2011 1938 2079 qualitate
1966 2020 2058 2064 aut
2102 2012 2423 2078 quantitate,
2457 2027 2629 2077 neque
2654 2011 2792 2074 loco,
2819 2026 2995 2078 neque
3038 2020 3276 2078 tempore
3324 2011 3456 2063 deli-

250 2102 424 2163 nitus,
467 2100 582 2153 sine
612 2099 787 2161 initio,
828 2098 945 2152 sine
974 2099 1098 2150 line.
1127 2098 1279 2161 Quod
1304 2112 1432 2149 vero
1464 2098 1530 2150 ad
1560 2099 1917 2166 preprietates
1942 2098 2155 2161 attinet,
2190 2097 2363 2151 Patris
2394 2098 2612 2165 quidem
2646 2098 2947 2165 pr0prietas
2973 2107 3076 2160 est,
3112 2106 3169 2149 ut
3196 2098 3265 2151 sit
3308 2098 3458 2166 geni-

252 2196 365 2248 tor,
395 2194 449 2241 e'.
484 2204 666 2247 causa,
693 2197 857 2254 utque
892 2194 1076 2238 careat
1105 2184 1392 2253 principio,
1422 2184 1536 2253 ipse
1565 2193 1742 2237 autem
1770 2185 1980 2239 illorum
2003 2189 2092 2254 qui
2120 2188 2187 2239 ab
2217 2188 2450 2255 ipsumet
2474 2195 2601 2238 sunt
2640 2186 2965 2254 principium
2990 2186 3078 2249 sit,
3114 2187 3253 2239 idem
3280 2197 3457 2239 tamen

254 2293 536 2346 nunquam
588 2276 863 2341 inceptus:
902 2272 1043 2325 idem
1090 2272 1331 2334 mittens,
1391 2288 1496 2325 non
1539 2287 1568 2325 a
1612 2288 1879 2340 quoquam
1925 2274 2159 2342 genitus,
2212 2289 2387 2340 neque
2436 2289 2465 2326 a
2504 2284 2675 2327 semet
2723 2274 2806 2327 vel
2851 2275 3043 2343 quovis
3090 2273 3280 2327 factus.
3336 2273 3455 2327 Filii

256 2376 440 2419 autem
473 2364 771 2431 proprietas
801 2370 885 2414 est
918 2370 975 2413 ut
1011 2361 1080 2412 sit
1110 2358 1301 2422 Filius,
1347 2360 1607 2424 Verbum,
1642 2360 1873 2429 genitus,
1908 2361 2020 2423 lux,
2055 2360 2249 2423 forma,
2295 2360 2577 2428 sapientia,
2621 2361 2821 2421 radius,
2849 2361 3042 2428 imago,
3090 2370 3244 2429 typus
3296 2371 3455 2430 atque

258 2453 565 2505 character.
602 2447 844 2515 Denique
877 2446 1115 2515 Spiritus
1143 2445 1317 2498 sancti
1345 2446 1644 2523 proprietas
1674 2456 1773 2509 est,
1808 2456 1867 2501 ut
1897 2448 2170 2515 procedat,
2216 2456 2274 2501 ut
2302 2450 2372 2501 sit
2413 2448 2656 2501 veritatis
2684 2449 2924 2515 spiritus,
2959 2450 3263 2502 consolator
3287 2490 3301 2512 ,
3379 2449 3463 2502 iu-

272 2547 575 2598 staurator,
614 2544 813 2597 rectus,
850 2533 1045 2586 bonus.
1080 2531 1122 2584 Δ
1154 2530 1310 2584 Patre
1342 2542 1464 2585 sunt
1496 2530 1660 2585 Filius
1686 2542 1739 2585 et
1767 2531 1996 2601 Spiritus
2037 2546 2285 2601 sanctus,
2319 2552 2492 2605 neque
2540 2546 2715 2590 tamen
2750 2537 2802 2589 hi
2854 2538 3188 2604 appellantur
3236 2538 3463 2602 fratres;

266 2643 445 2696 neque
472 2624 630 2677 ambo
655 2622 746 2675 ﬁlii
780 2632 944 2675 sunt:
979 2621 1143 2673 veluti
1176 2621 1244 2674 ab
1275 2620 1477 2673 Adamo
1506 2630 1617 2673 tum
1668 2620 1799 2675 Seth
1832 2630 1943 2675 tum
1976 2621 2084 2675 Eva
2136 2632 2524 2691 provenerunt,
2558 2624 2688 2691 quin
2737 2632 2916 2677 tamen
2965 2626 3049 2677 vel
3099 2624 3291 2677 fratres
3337 2624 3465 2687 sint,

264 2715 351 2767 vel
379 2713 537 2766 ambo
559 2711 675 2764 ﬁlii.
705 2709 979 2778 Siquidem
1012 2708 1172 2761 Pater
1198 2718 1280 2761 est
1306 2724 1594 2777 generatis,
1621 2707 1787 2762 Filius
1806 2709 2039 2777 genitus,
2073 2710 2309 2778 Spiritus
2332 2720 2553 2764 sanctus
2577 2712 2897 2779 procedens.
2924 2711 3059 2765 llinc
3089 2712 3255 2767 Filius
3281 2713 3469 2766 sedere

268 2803 336 2855 ad
376 2802 543 2854 l’atris
565 2800 840 2853 dexteram
869 2797 1089 2859 dicitur,
1123 2793 1358 2863 Spiritus
1381 2811 1509 2848 vero
1540 2796 1835 2849 sanctusad
1868 2796 2143 2849 dexteram
2176 2795 2321 2848 Filii.
2353 2796 2566 2849 Etenim
2586 2797 2638 2849 in
2668 2799 2874 2866 psalmo
2901 2813 2981 2852 (ιιι
3012 2799 3086 2851 ait
3117 2798 3271 2853 Pater
3306 2799 3467 2853 Filio:

270 2892 419 2944 Dixit
450 2890 701 2941 Dominus
736 2886 955 2937 Domino
982 2900 1089 2936 meo
1124 2902 1136 2935 :
1167 2881 1295 2936 Sede
1326 2900 1356 2933 a
1390 2884 1586 2935 dextris
1616 2886 1740 2936 meis
1772 2884 1813 2935 ".
1843 2883 1911 2935 Et
1937 2898 2058 2936 mox
2085 2883 2223 2936 idem
2270 2881 2425 2935 Pater
2459 2884 2535 2937 ait
2567 2883 2698 2938 Filio
2728 2905 2739 2939 :
2773 2885 2845 2938 Tu
2873 2903 2924 2940 es
2952 2887 3191 2940 sacerdos
3218 2888 3272 2940 in
3323 2896 3474 2940 (eter-

272 2967 395 3037 nu‘i
417 2976 695 3028 secundum
723 2973 958 3024 ordinem
982 2968 1375 3030 Melchisedech,
1413 2969 1661 3021 Dominus
1688 2987 1719 3021 a
1751 2972 1946 3023 dextris
1984 2971 2086 3022 tuis
2114 2971 2156 3022 ⁸.

346 3073 431 3124 ll.
470 3068 772 3135 Caeteroqui
810 3079 983 3132 neque
1006 3065 1177 3132 majus
1205 3078 1379 3131 neque
1409 3063 1585 3116 minus
1623 3062 1675 3115 in
1704 3061 1962 3115 Trinitate
1988 3063 2319 3118 sanctissima
2365 3066 2731 3134 comperitur;
2760 3067 2957 3121 etenim
2993 3069 3164 3137 majus
3194 3082 3247 3124 et
3276 3071 3473 3135 minus,

277 3173 438 3228 grave
468 3166 521 3210 et
550 3157 692 3220 leve,
740 3156 964 3205 multum
998 3152 1081 3203 vel
1114 3166 1318 3219 parum,
1352 3166 1379 3202 a
1419 3150 1754 3217 temporibus
1784 3150 2019 3217 pendent
2046 3158 2098 3202 et
2132 3150 2297 3203 horis.
2326 3150 2484 3221 Atqui
2530 3153 2619 3207 tibi
2653 3169 2829 3221 neque
2862 3165 3097 3221 tempora
3123 3171 3243 3210 esse
3275 3169 3478 3225 queunt

276 3262 379 3298 nec
413 3245 579 3305 hom,
619 3250 677 3294 ut
706 3241 757 3291 in
792 3239 966 3291 divina
998 3248 1191 3289 natura
1222 3236 1489 3297 usuvenit,
1527 3236 1599 3287 ibi
1631 3236 1761 3287 nihil
1792 3244 1875 3287 est
1911 3235 2084 3301 majus
2144 3238 2228 3289 vel
2273 3238 2473 3292 minus.
2522 3238 2773 3307 Majorem
2818 3252 2995 3294 autem
3042 3243 3145 3295 dixi
3192 3245 3477 3313 aliquando

279 3332 493 3385 Patrem
531 3329 665 3397 (28),
707 3341 805 3379 ceu
855 3325 1150 3392 genitorem
1185 3322 1435 3375 videlicet
1469 3333 1629 3389 atque
1664 3336 1923 3375 causam:
1961 3338 2135 3390 neque
2184 3324 2233 3377 id
2287 3335 2465 3379 tamen
2512 3328 2713 3395 absque
2757 3338 2901 3381 metu
2950 3331 3083 3390 dixi,
3148 3331 3478 3386 debilitatem

285 3415 447 3468 veluti
488 3414 533 3467 ei
570 3410 890 3469 attribuens,
922 3418 1081 3475 atque
1114 3409 1228 3475 ipso
1255 3406 1509 3473 obsequio
1544 3421 1662 3459 meo
1689 3407 1908 3462 hedens.
1937 3410 2144 3478 Quippe
2178 3410 2320 3464 Patri
2357 3429 2465 3466 non
2488 3422 2570 3467 est
2590 3416 2900 3485 gloriosum,
2929 3418 2973 3469 si
3011 3418 3245 3472 minores
3279 3420 3313 3473 ii
3362 3411 3479 3475 sint

281 3504 371 3571 qui
394 3503 461 3555 ab
487 3501 599 3569 ipso
627 3497 950 3565 proveniunt
978 3511 990 3544 :
1017 3504 1099 3547 est
1128 3495 1269 3547 enim
1298 3493 1580 3547 inﬁrmitas
1605 3495 1868 3563 quaedam,
1903 3498 1944 3549 si
1976 3496 2169 3551 Filium
2195 3500 2413 3569 gignere
2442 3514 2696 3570 nequeat,
2721 3519 2896 3572 neque
2921 3504 3178 3574 Spiritum
3208 3508 3478 3571 emittere,

285 3588 386 3641 sibi
418 3585 671 3653 aequales.
705 3582 832 3635 Nam
869 3581 1307 3650 gloriosissimam
1345 3580 1517 3633 Patris
1552 3582 1842 3649 potentiam
1870 3585 2043 3649 decet,
2075 3596 2133 3639 ut
2166 3603 2317 3656 :eque
2352 3589 2567 3657 gloriosi
2608 3591 2713 3643 sint
2751 3592 2841 3659 qui
2878 3593 2943 3646 de
2972 3594 3090 3660 ejus
3136 3605 3324 3648 natura
3355 3611 3480 3665 pro-

286 3680 525 3726 manant.
560 3671 675 3725 Non
703 3679 785 3724 est
815 3684 945 3738 ergo
982 3668 1195 3737 genitus
1223 3682 1396 3733 neque
1432 3670 1727 3735 procedens
1768 3668 1953 3736 Pater;
1988 3688 2094 3725 non
2121 3683 2202 3726 est
2243 3676 2455 3743 genitor
2479 3692 2653 3745 neque
2696 3680 2991 3747 procedens
3021 3680 3223 3745 Filius;
3265 3699 3371 3735 non
3402 3694 3483 3737 est

287 3761 498 3829 genitor
526 3774 702 3827 neque
738 3759 946 3827 genitus
982 3756 1212 3824 Spiritus
1243 3765 1481 3820 sanctus,
1507 3758 1629 3823 quia
1666 3768 1924 3824 perpetuo
1949 3758 2206 3825 procedit.
2240 3759 2475 3814 Laetatur
2506 3762 2663 3816 Pater
2701 3764 2867 3832 gloria
2906 3766 3045 3825 Filii,
3077 3770 3273 3837 gaudet
3310 3769 3480 3823 Filius

288 3848 358 3901 ob
390 3847 644 3899 honorem
690 3846 893 3904 Patris;
932 3844 1163 3912 Spiritus
1192 3844 1407 3897 demum
1442 3852 1658 3896 sanctus
1700 3844 1909 3897 Patrem
1941 3844 2239 3915 Filiumque
2290 3848 2588 3916 gloriﬁcat;
2629 3853 2827 3920 quippe
2860 3854 2952 3923 qui
2997 3855 3062 3909 de
3100 3857 3317 3909 illorum
3352 3858 3483 3911 sub-

291 3934 484 3987 stantia
517 3933 803 4000 accipiens,
838 3942 1113 3986 creaturas
1151 3940 1391 3993 renovat,
1431 3930 1497 3983 ab
1544 3931 1763 3997 ipsoque
1795 3932 1971 3983 omnia
2016 3932 2155 3986 facta
2195 3944 2320 3988 sunt
2356 3935 2413 3987 in
2447 3938 2599 3991 caelis
2627 3948 2680 3992 et
2724 3956 2887 4008 super
2931 3953 3101 4007 terra,
3158 3944 3383 3998 visibilia
3430 3955 3485 4000 et

293 4020 601 4081 invisibilia,
637 4019 850 4072 sensilia
880 4026 934 4071 et
964 4018 1262 4079 insensilia,
1296 4018 1597 4084 corporalia
1633 4025 1687 4070 et
1727 4018 2060 4085 incorporea.

365 4109 449 4161 12.
493 4107 641 4159 llanc
690 4106 811 4158 ﬁdei
860 4104 1253 4174 professionem
1304 4115 1627 4172 acceperunt
1674 4105 1910 4157 Armenii
1945 4120 1971 4155 a
2008 4120 2200 4173 magno
2244 4106 2517 4177 Gregorio,
2549 4121 2601 4165 et
2629 4128 2657 4165 a
2692 4105 2879 4167 sancto
2913 4116 3185 4180 Aristace,
3224 4118 3484 4184 beateque

293 4194 536 4253 Nersete,
572 4193 661 4261 qui
693 4192 793 4244 illis
832 4208 947 4244 eam
984 4191 1276 4243 attulerunt
1306 4207 1333 4243 a
1365 4188 1574 4244 duobus
1605 4192 1801 4245 sanctis
1828 4192 2068 4245 conciliis
2100 4192 2314 4247 Nicaeno
2342 4206 2396 4249 et
2425 4198 3020 4271 Constantinopolitano
3050 4221 3063 4257 :
3097 4206 3186 4273 qui
3218 4207 3325 4258 duo
3352 4222 3485 4260 con-

295 4296 476 4335 sessus
511 4280 645 4332 duas
682 4294 873 4332 currus
917 4278 1167 4340 tartarei,
1200 4287 1256 4329 ut
1282 4277 1531 4339 diximus,
1562 4288 1704 4331 rotas
1734 4278 2032 4348 fregerunt,
2059 4279 2349 4335 Sabellium
2380 4284 2627 4339 videlicet
2654 4301 2814 4355 atque
2846 4291 3052 4343 Arium.
3092 4292 3193 4346 Sed
3228 4292 3489 4348 Diodorus

296 4369 511 4437 quidam
542 4365 844 4425 Tarsensis,
865 4366 953 4432 qui
986 4364 1160 4433 primo
1188 4364 1439 4425 Arianus,
1470 4374 1650 4432 postea
1675 4365 1739 4417 ad
1766 4367 2113 4418 orthodoxam
2139 4366 2297 4419 ﬁdem
2320 4384 2634 4436 conversus,
2658 4373 2851 4427 Filium
2875 4374 3016 4429 Patri
3043 4377 3205 4445 gloria
3230 4380 3487 4447 :equalem

296 4456 575 4509 confessus
613 4454 821 4519 fuerat;
857 4468 979 4506 cum
1018 4453 1306 4505 indecorus
1337 4454 1382 4506 ei
1432 4454 1702 4507 videretur
1740 4454 1905 4507 divini
1946 4452 2103 4506 Verbi
2150 4454 2442 4512 descensus
2472 4459 2525 4511 in
2570 4470 2772 4515 sancta:
2804 4460 3039 4531 Virginis
3070 4473 3302 4530 uterum,
3335 4482 3490 4520 com-

295 4546 512 4591 mentus
542 4547 625 4591 est
648 4538 833 4591 Jesum
862 4537 1138 4590 Chrismm
1168 4537 1439 4591 hominem
1483 4540 1851 4593 tantummodo
1881 4538 2047 4593 fuisse
2078 4550 2315 4595 creatum
2348 4543 2401 4595 in
2452 4545 2689 4616 Virginis
2726 4548 2845 4601 sinu
2866 4588 2880 4611 ,
2911 4548 3287 4620 Virginemque
3321 4552 3488 4622 ipsam

297 4625 431 4678 dixit
454 4624 711 4692 templum
742 4622 908 4709 fuisse
933 4624 1095 4675 veluti
1124 4632 1178 4675 et
1210 4624 1395 4685 altare,
1430 4625 1498 4677 ita
1526 4634 1584 4679 ut
1611 4626 1662 4678 in
1694 4627 1829 4695 ipsa,
1854 4638 2103 4696 tanquam
2132 4630 2185 4683 in
2216 4646 2327 4691 ara,
2352 4632 2591 4686 divinum
2620 4633 2853 4689 Verbum
2879 4636 3236 4693 habitaverit:
3260 4641 3488 4709 ideoque

300 4712 441 4766 haud
478 4711 755 4778 Deiparam
800 4708 1067 4762 fatebatur
1099 4709 1341 4774 Mariam,
1378 4712 1470 4763 sed
1509 4712 1743 4766 hominis
1786 4716 2127 4783 genitricem,
2184 4717 2318 4771 duos
2352 4733 2579 4773 censens
2619 4736 2737 4775 esse
2790 4723 2947 4788 ﬁlios,
2992 4726 3218 4779 alterum
3274 4708 3485 4791 natura,

301 4801 529 4852 alterum
591 4796 885 4849 secundum
945 4796 1163 4865 gratiam
1217 4797 1346 4863 (‘29).
1397 4797 1567 4867 Hujus
1619 4799 1866 4853 alumnus
1919 4800 2021 4855 fuit
2076 4801 2393 4857 Theodorus
2461 4806 3113 4880 Mopsuestenuszatque
3170 4814 3239 4867 ab
3296 4815 3487 4871 horum

304 4884 653 4940 exsecrandis
697 4883 909 4951 scriptis
942 4892 1168 4935 caecatus
1212 4883 1509 4945 Nestorius,
1564 4901 1684 4938 cum
1721 4888 1880 4954 hujus
1912 4900 2106 4943 nostrae
2140 4892 2495 4959 metropoleos
2530 4897 2833 4950 cathedram
2864 4899 3239 4964 inscendisset,
3268 4918 3491 4973 corrup-

304 4983 418 5026 tum
462 4986 617 5024 suum
654 4969 908 5039 patefecit
947 4969 1204 5031 animum,
1247 4984 1406 5036 quem
1439 4980 1662 5025 eatenus
1693 4984 1846 5027 caute
1888 4977 2190 5042 celaverat,
2232 4981 2499 5049 coepitque
2551 4984 2843 5039 Ecclesiam
2897 4985 2989 5040 Dei
3039 4991 3381 5057 conturbare,
3429 4969 3492 5046 et

302 5060 631 5114 orthodoxos
670 5058 946 5125 episcopos
992 5056 1043 5109 in
1091 5058 1332 5109 exsilium
1375 5058 1590 5125 pellere.

376 5149 462 5201 l3.
506 5146 670 5214 Igitur
694 5143 1139 5232 quinquagesimo
1163 5143 1271 5211 (50)
1305 5154 1421 5211 post
1452 5146 2101 5217 Constantinopolitanum
2148 5156 2431 5210 concilium
2466 5171 2629 5216 anno,
2678 5156 2963 5213 Theodosii
3000 5176 3129 5215 vero
3158 5163 3386 5232 junioris
3419 5168 3489 5219 25

306 5234 437 5303 (51),
472 5232 638 5285 sancti
692 5231 875 5285 Patres
912 5230 1106 5298 Ephesi
1155 5232 1441 5284 concilium
1492 5234 1853 5301 celebrarunt,
1909 5256 2043 5308 quos
2096 5242 2237 5296 inter
2284 5244 2539 5311 praecipui
2594 5246 2906 5312 patriarcha;
2964 5258 3118 5302 eram
3161 5230 3490 5306 leesunus

375 5365 395 5395 "
431 5363 570 5417 Psal.
601 5381 708 5427 crx,
745 5367 795 5419 l.
870 5362 891 5392 ⁸
924 5364 1052 5419 ibid.
1085 5366 1136 5419 4.

380 5525 487 5589 (‘28)
529 5524 757 5592 Legatur
794 5522 989 5576 Graeca
1020 5522 1269 5593 Ecclesia:
1312 5525 1543 5593 synodus
1590 5527 1689 5580 sub
1737 5526 1848 5581 Ma-

308 5593 774 5679 nuelefioeawe
794 5595 862 5679 ab,
889 5594 1167 5679 ιοοιξξίυῐιεε
1186 5592 1488 5679 Femineae.
1509 5595 1850 5679 Ραιςνπηαλοτ·
1955 5592 2316 5679 ῖεεῑξρίίιιιοςί
2346 5604 2505 5679 huius
2532 5622 2593 5661 ac
2623 5592 2887 5664 τῖῖεοάότῖ
2922 5592 3297 5679 ρτόίέὶὶοὶἆὶιί

308 5680 390 5717 me
415 5674 508 5723 est,
561 5663 923 5716 difﬁcultatem
978 5672 1032 5733 et
1078 5664 1494 5733 controversiam
1544 5663 1843 5733 celebrata,
2026 5672 2134 5733 (30)
2173 5663 2422 5728 Cod.45.

309 5680 390 5717 me
415 5674 508 5723 est,
561 5672 923 5716 ditticuttatem
978 5672 1032 5714 et
1080 5672 1494 5717 controversiam
1544 5672 1843 5733 celebrata,

309 5735 578 5811 apudmnos
605 5734 799 5811 script.
842 5741 946 5784 vel.
982 5731 1046 5783 T.
1077 5730 1160 5787 IV.
1259 5801 1269 5811 ι
1381 5800 1414 5811 η
1591 5803 1603 5811 _
1811 5806 1826 5811 Δ

745 5672 923 5715 ttatem
978 5672 1032 5714 et
1080 5672 1494 5717 controversiam
1544 5672 1843 5733 celebrata,
2049 5672 2113 5724 50
2173 5672 2422 5728 ϐοά.45.

745 5742 799 5785 η.
842 5741 946 5784 vel.
982 5731 1046 5783 T.
1077 5730 1160 5787 IV.
1259 5801 1269 5811 ι
1381 5800 1414 5811 η
1591 5803 1603 5811 _
1811 5806 1826 5811 Α
2024 5672 2135 5811 £31;
2174 5740 2303 5797 Cod.
2338 5743 2422 5798 15,

381 5803 489 5872 (29)
528 5800 737 5858 Merito
774 5817 899 5871 ergo
940 5816 1037 5856 nos
1098 5800 1537 5871 reprehendimus
1588 5803 1641 5857 in
1695 5806 1843 5875 praef.

1956 5548 2009 5611 ρ.
2037 5548 2161 5611 .vxv,
2182 5532 2559 5611 M_on}a_cu_tium
2588 5538 2835 5611 Anglum,
2856 5542 2945 5608 qui
2974 5541 3127 5595 valde
3158 5544 3407 5611 ἀμούσως
3432 5562 3491 5602 se
