4248 6444
798 403 901 471 711
1955 395 2217 474 PHOTII
2255 413 2754 474 PATRIARCHE
2789 415 2895 476 cr.
3904 399 4019 464 ’ῖιὲ-

798 521 1076 576 Romanus
1094 522 1230 591 (τά),
1273 514 1501 595 Cyrillus
1520 526 1939 593 A.exandrinus,
1983 530 2211 585 Ioannes
2240 531 2634 594 Antiochenus,
2670 530 2945 584 Juvenalis
2988 527 3525 600 Hierosolymitanus,
3551 524 3644 594 qui
3681 519 3841 577 simul
3887 533 4017 571 cum

799 609 1046 664 ducentis
1075 611 1186 677 (53)
1218 612 1487 682 episcopis
1519 615 1742 680 impium
1789 614 2094 670 Nestorium
2129 620 2472 673 anathemate
2520 622 2826 688 perculsum
2873 621 2940 674 ab
2994 619 3229 674 Ecclesia
3279 617 3714 673 exterminarunt
3783 607 4019 678 Cyrinus

797 706 982 751 autem
1009 698 1424 763 Alexandrinus,
1451 709 1506 754 et
1531 701 1756 756 Proclus
1788 703 2087 773 Cyzicenus
2123 706 2316 759 litteris
2342 708 2406 759 ad
2438 717 2684 761 sanctum
2715 709 2957 761 lsaacum
2991 709 3043 760 in
3083 708 3392 761 Armeniam
3427 704 3606 758 missis
3634 701 3764 769 (34).
3793 711 4018 753 causam

798 785 1054 838 celebrati
1083 787 1294 839 concilii
1327 803 1449 840 eum
1485 788 1790 842 docuerunt
1821 807 1835 843 :
1869 802 2089 845 sanctus
2129 808 2259 845 vero
2293 793 2502 847 lsaacus
2529 796 2740 849 concilii
2785 795 3162 849 auctoritatem
3205 793 3441 857 admisit,
3492 800 3548 844 et
3598 786 3846 842 Nestorio
3874 783 4018 838 dixit

797 874 1106 925 anathema.
1142 874 1269 927 Hae
1302 874 1476 927 fuerat
1503 885 1616 928 rota
1654 877 1871 930 tartarei
1901 893 2093 930 currus
2123 880 2298 932 tertia.

868 959 954 1012 14.
998 958 1254 1013 Posthinc
1283 963 1528 1028 apparuit
1576 964 1836 1016 scelestus
1887 964 2174 1034 Eutyches,
2215 965 2531 1021 Sabelliana
2565 978 2728 1022 secta
2769 968 3038 1033 surculus,
3079 967 3172 1036 qui
3215 983 3377 1021 unam
3408 979 3530 1020 esse
3556 963 3694 1018 dixit
3717 958 3932 1015 deitatis
3962 967 4022 1011 et

797 1048 1042 1114 corporis
1071 1047 1200 1101 Jesu
1222 1048 1422 1101 Christi
1451 1059 1699 1102 naturam
1727 1068 1742 1104 :
1769 1051 2092 1118 opinabatur
2117 1053 2262 1105 enim
2293 1054 2485 1106 factam
2509 1045 2762 1108 unionem
2789 1065 2913 1108 ante
2939 1057 3154 1115 sacula.
3183 1065 3238 1109 et
3273 1069 3470 1122 corpus
3495 1053 3561 1105 de
3587 1050 3724 1104 calo
3751 1049 4019 1110 delatum,

798 1147 908 1184 non
939 1144 1119 1186 autem
1145 1149 1210 1187 ex
1248 1133 1468 1204 Virgine
1501 1147 1738 1205 captum.
1768 1136 2055 1192 Nestorius
2089 1140 2328 1193 divinum
2361 1140 2596 1196 Verbum
2624 1145 2843 1214 negavit
2873 1155 3059 1197 natum
3094 1160 3216 1198 esse
3247 1144 3315 1198 de
3339 1142 3578 1212 Virgine,
3603 1139 3819 1209 negavit
3851 1136 4022 1202 Euty-

797 1220 928 1272 ches
959 1218 1194 1272 Verbum
1232 1232 1478 1275 naturam
1513 1235 1751 1276 nostram
1783 1227 2080 1293 sumpsisse
2107 1228 2172 1280 de
2204 1239 2394 1293 matre,
2427 1247 2490 1285 ac
2517 1233 2724 1286 ratione
2753 1233 3008 1286 ineﬂabili
3041 1245 3094 1287 et
3132 1235 3266 1286 mira
3298 1248 3420 1287 cum
3466 1245 3562 1285 sua
3608 1230 3806 1282 deitate
3837 1239 4016 1292 copu-

801 1307 1012 1360 lavisse.
1049 1308 1216 1361 Porro
1259 1309 1543 1362 Flavianus
1585 1321 1780 1363 nostra
1827 1315 2184 1381 metropoleos
2237 1319 2562 1383 patriarcha,
2611 1336 2670 1374 re
2720 1324 2933 1390 cognita
2986 1322 3279 1390 Eutycbem
3321 1322 3476 1389 jussu
3535 1315 3729 1371 Leonis
3786 1309 4023 1365 Romani

801 1395 1119 1461 patriarcha
1167 1397 1467 1449 sacerdotio
1516 1398 1695 1450 statim
1750 1408 1912 1467 atque
1960 1398 2212 1455 Ecclesia
2256 1410 2634 1461 communione
2671 1409 2920 1478 privavit.
2964 1408 3059 1462 llic
3099 1419 3278 1462 tamen
3314 1405 3626 1478 primarium
3670 1398 4027 1461 eunuchum,

799 1497 957 1550 quem
990 1498 1086 1536 sua
1116 1485 1416 1552 pestilentia
1443 1485 1733 1548 alllaverat,
1765 1488 2156 1558 Chrysaphium
2181 1492 2292 1558 (55)
2318 1495 2540 1562 rogavit,
2566 1506 2623 1548 ut
2644 1513 2740 1565 pro
2762 1513 2818 1550 se
2838 1498 2900 1549 ad
2925 1497 3345 1551 Alexandrinum
3372 1495 3684 1548 Dioscorum
3715 1489 3982 1543 scriberet
4008 1503 4021 1537 :

798 1569 942 1635 quod
979 1585 1165 1639 reapse
1195 1577 1478 1625 eunuchus
1509 1575 1787 1641 prastitit,
1817 1575 1958 1627 datis
1992 1577 2058 1628 ad
2097 1576 2412 1633 Dioscoruin
2448 1582 2670 1647 litteris,
2705 1600 2735 1636 a
2765 1600 2872 1652 quo
2906 1584 3175 1654 Eutyches
3223 1583 3279 1637 in
3320 1581 3575 1636 Ecclesia
3617 1578 3881 1649 gremium
3920 1574 4030 1628 fuit

799 1667 1073 1724 receptus.
1114 1657 1236 1710 Mox
1279 1667 1460 1712 tamen
1491 1661 1602 1728 ipse
1659 1659 1954 1714 Dioscorus
1998 1665 2346 1719 conscientia
2371 1671 2640 1722 morsibus
2676 1671 2832 1734 ictus,
2869 1671 3063 1724 timens
3086 1670 3336 1724 Ecclesia
3363 1681 3598 1721 canones
3621 1664 3731 1732 (56)
3763 1672 3817 1717 et
3849 1662 4028 1731 legem

799 1747 1395 1807 cxcommunicationis,
1444 1760 1729 1817 propterea
1758 1751 1900 1818 quod
1951 1753 2254 1820 depositum
2302 1755 2493 1808 ordine
2549 1758 2827 1810 hominem
2867 1767 2921 1810 et
2966 1757 3296 1810 anathemati
3344 1755 3646 1822 subjecmm
3691 1750 4027 1818 recepisset,

797 1835 1001 1900 absque
1026 1849 1175 1886 mora
1215 1835 1505 1902 postulavit
1531 1853 1560 1889 a
1585 1839 1862 1906 pracipuo
1909 1838 2000 1890 illo
2040 1839 2092 1891 iu
2126 1841 2247 1892 aula
2287 1844 2565 1904 eunucho,
2625 1855 2684 1897 ut
2733 1845 3023 1898 concilium
3071 1843 3267 1913 Ephesi
3303 1843 3651 1900 indiceretur,
3698 1837 3841 1892 haud
3889 1852 4030 1890 sane

798 1918 1000 1973 divina
1029 1921 1289 1974 voluntati
1321 1923 1618 1986 conforme,
1650 1939 1749 1977 nec
1794 1925 2048 1979 Ecclesia
2100 1928 2252 1990 utile,
2286 1929 2381 1982 sed
2425 1940 2484 1983 ut
2530 1941 2798 2000 patratum
2841 1948 2869 1984 a
2912 1948 2971 1987 se
3003 1932 3209 1985 crimen
3249 1933 3468 1983 velaret.
3516 1928 3698 1996 Neque
3737 1940 3866 1978 vero
3915 1923 4030 1976 illic

797 2007 1057 2077 synodico
1095 2009 1218 2076 jure
1267 2025 1324 2063 se
1365 2011 1530 2078 gessit
1568 2011 1874 2075 Dioscorus,
1901 2014 1995 2067 sed
2035 2016 2289 2069 eunucho
2320 2027 2375 2070 et
2427 2021 2756 2076 militaribus
2815 2023 2986 2090 capiis
3025 2022 3208 2085 fultus,
3239 2019 3428 2072 exsilio
3457 2027 3510 2072 et
3546 2031 3678 2070 nece
3710 2015 4030 2069 Flavianum

801 2099 1069 2162 multavit,
1101 2098 1301 2153 Leonis
1333 2104 1651 2169 patriarcha
1681 2103 1905 2158 Romani
1937 2106 2219 2175 epistolam
2260 2109 2484 2176 sprevit.
2520 2110 2786 2162 Domuum
2825 2110 3182 2178 patriarcham
3211 2108 3606 2162 Antiochenum
3641 2101 4025 2159 cv‘nmmuni-

801 2189 962 2250 cavit,
1002 2189 1093 2256 qui
1147 2189 1324 2243 scelus
1368 2193 1487 2260 ejus
1529 2192 1926 2261 improbaverat
1964 2214 1975 2248 :
2012 2194 2327 2251 iuvenalem
2377 2211 2530 2266 aque
2577 2197 2937 2265 patriarcham
2979 2194 3524 2265 llierosolymitanum
3565 2202 3886 2262 aspernatus
3915 2204 4027 2250 est.

800 2277 1021 2343 pralato
1051 2277 1134 2330 his
1163 2278 1420 2349 Eutyche,
1457 2297 1615 2349 quem
1649 2283 1727 2334 uti
1762 2285 2119 2338 orthodoxum
2159 2287 2214 2339 in
2249 2286 2453 2339 honore
2483 2285 2691 2337 habuit.
2735 2282 2959 2354 Cognita
3006 2283 3244 2337 Dioscori
3284 2282 3494 2347 fraude,
3558 2281 3735 2337 masti
3779 2279 4030 2351 episcopi

801 2363 1140 2419 dicesserunt
1180 2367 1234 2419 in
1292 2383 1442 2421 suam
1476 2354 1703 2439 quisque
1743 2373 2018 2440 regionem
2050 2385 2211 2443 atque
2250 2375 2557 2437 stationem,
2601 2372 2903 2440 mansitque
2951 2381 3157 2425 tantum
3196 2370 3485 2424 Dioscorus
3512 2386 3634 2424 cum
3676 2368 3920 2439 Eutyche
3970 2377 4034 2421 ct

801 2453 987 2520 paucis
1013 2453 1149 2515 aliis,
1179 2470 1277 2508 ceu
1312 2472 1506 2509 corvus
1547 2459 1600 2510 in
1636 2460 1762 2513 nido
1796 2478 1912 2525 suo,
1957 2479 2055 2517 ceu
2094 2473 2241 2533 stryx
2276 2463 2328 2515 in
2373 2461 2647 2523 maceriis,
2682 2475 2782 2513 ceu
2805 2459 3040 2527 denique
3073 2459 3190 2513 tilio
3229 2459 3427 2512 ardens
3453 2458 3507 2511 in
3539 2473 3779 2512 nemore.
3813 2457 3953 2526 Ergo
3998 2474 4032 2508 a

801 2541 979 2609 magni
1009 2540 1192 2611 Cyrilli
1221 2553 1399 2606 atate,
1429 2554 1483 2598 et
1507 2563 1534 2598 a
1561 2548 1741 2615 priore
1773 2551 1970 2617 Ephesi
2015 2562 2203 2605 sancto
2231 2549 2461 2606 concilio
2492 2562 2664 2617 usque
2691 2547 2760 2600 ad
2799 2547 3040 2600 Dioscori
3075 2547 3492 2601 conciliabulum
3539 2548 3666 2600 anni
3696 2546 4035 2601 elﬁuxerunt

802 2627 868 2680 18
898 2630 1029 2696 (57);
1071 2632 1138 2684 ab
1173 2631 1274 2684 hoc
1307 2642 1488 2686 autem
1525 2636 1590 2688 ad
1616 2637 2060 2694 Chalcedonense
2089 2639 2215 2692 anni
2241 2639 2347 2692 duo
2377 2637 2508 2703 (38).

870 2718 957 2771 15.
1001 2719 1208 2788 Quippe
1246 2719 1432 2787 junior
1479 2721 1837 2787 Theodosius,
1883 2727 2115 2780 tumultu
2145 2727 2328 2780 audito
2367 2740 2528 2794 quem
2568 2724 2622 2777 in
2675 2722 2912 2778 Eccelsia
2956 2723 3239 2779 Dioscorus
3285 2724 3670 2786 concitaverat,
3713 2723 3868 2792 cujus
3915 2724 4037 2778 late

799 2806 1136 2873 perturbatio
1162 2808 1584 2876 prOpagabatur;
1622 2810 1746 2863 dum
1784 2828 2112 2882 magnopere
2156 2814 2225 2867 ob
2266 2827 2384 2865 eam
2426 2827 2538 2865 rem
2579 2822 2855 2874 astuaret,
2891 2812 3098 2866 litteras
3138 2829 3168 2865 a
3207 2812 3387 2866 Leone
3430 2812 3734 2881 patriarcha
3767 2811 4025 2865 Romano

807 2893 1127 2960 tempestive
1166 2895 1396 2962 accepit,
1431 2895 1518 2961 qui
1559 2897 1778 2964 rogabat
1827 2900 2206 2967 imperatorem
2232 2941 2244 2961 ,
2279 2910 2337 2950 ut
2381 2901 2775 2953 (ecumeuicum
2832 2899 3120 2952 concilium
3155 2901 3534 2963 contraheret,
3585 2900 3654 2953 ob
3704 2899 4035 2967 firmandam

802 2988 1110 3031 sanctorum
1153 2989 1396 3032 veterum
1433 2982 1648 3034 Patrum
1683 2985 2050 3038 traditionem.
2080 2986 2349 3038 Maudavit
2381 3003 2508 3054 ergo
2534 2987 2847 3054 imperator,
2879 2997 2938 3041 ut
2966 2988 3344 3057 episcOporum
3376 2999 3680 3042 conventus
3707 2982 4037 3041 ὕει-ει.ᾓά

800 3081 924 3117 cum
963 3066 1075 3133 ipse
1107 3067 1293 3119 eodem
1341 3082 1486 3120 anno
1525 3069 1768 3134 obiisset,
1813 3073 1984 3126 caruit
2033 3073 2229 3126 effectu
2278 3073 2574 3125 decretum.
2625 3074 2740 3127 Mox
2785 3083 2963 3128 tamen
3019 3091 3300 3129 successor
3337 3076 3458 3145 ejus
3505 3075 3804 3130 Marcianus
3845 3076 4038 3144 primo

802 3157 1018 3223 quidem
1050 3172 1193 3209 anno
1222 3158 1510 3226 imperium
1537 3159 1605 3214 ad
1647 3161 2009 3216 obedientiam
2049 3164 2390 3232 composuit,
2437 3163 2607 3216 altero
2641 3171 2823 3216 autem
2876 3163 3192 3232 pradictum
3237 3164 3574 3234 propositum
3618 3163 4038 3231 exsequendum

801 3243 1032 3296 curavit.

875 3333 960 3384 16.
1003 3331 1446 3386 Concludendum
1478 3346 1560 3389 est
1607 3337 1786 3406 igitur,
1832 3346 1989 3404 prout
2018 3338 2126 3406 jam
2163 3352 2322 3404 supra
2370 3337 2666 3405 arguimus,
2700 3352 2898 3405 nempe
2949 3337 3088 3405 quod
3137 3336 3180 3390 si
3209 3344 3415 3388 cuncta
3455 3334 3694 3389 ecclesia
3720 3335 3874 3387 annis
3917 3333 4032 3387 451

803 3428 927 3487 post
955 3420 1284 3473 salutiferam
1327 3424 1755 3478 incarnationem
1789 3426 1898 3489 (59)
1940 3440 2110 3492 usque
2150 3426 2216 3476 ad
2251 3424 2689 3476 Chalcedonense
2729 3424 3018 3477 concilium
3055 3424 3108 3476 in
3153 3438 3277 3476 vera
3312 3423 3569 3491 religione
3601 3424 3806 3490 lidcque
3835 3422 4038 3475 ortho-

804 3509 938 3560 doxa
969 3509 1342 3575 perstiterunt,
1377 3520 1430 3563 et
1462 3512 1688 3565 nutricis
1720 3514 1888 3565 instar
1916 3514 1996 3565 lac
2037 3514 2089 3564 in
2116 3513 2333 3566 Christo
2363 3527 2460 3564 ceu
2489 3511 2728 3579 parvulis
2762 3513 3111 3580 praebuerunt
3146 3511 3264 3563 orbi
3296 3519 3582 3572 terrarum,
3629 3527 3722 3578 per
3768 3511 4035 3563 doctores

803 3594 1029 3663 iuclytos
1063 3597 1129 3647 de
1159 3598 1466 3665 evangelico
1497 3599 1644 3653 fonte
1674 3616 1916 3664 manans,
1943 3617 2061 3669 qua
2097 3617 2180 3654 res
2199 3602 2290 3652 toti
2325 3601 2523 3652 mundo
2558 3598 2843 3651 manifesta
2869 3610 2972 3663 est,
3009 3600 3099 3667 qui
3131 3598 3243 3651 fieri
3264 3599 3435 3668 potuit
3459 3607 3516 3650 ut
3546 3613 3575 3650 a
3607 3607 3751 3650 recto
3783 3597 4032 3663 tramite,

803 3699 963 3749 quem
995 3699 1210 3752 semper
1241 3695 1545 3749 tenuerant,
1585 3689 1998 3743 aberravcrint?
2022 3690 2152 3754 Quis
2184 3690 2385 3750 credat,
2418 3687 2654 3754 quinque
2694 3686 3035 3754 patriarchas
3064 3687 3129 3739 ad
3177 3687 3420 3739 eamdem
3468 3686 3654 3738 falsam
3691 3687 4032 3738 sententiam

802 3780 963 3839 atque
991 3773 1278 3825 concilium
1308 3775 1548 3842 potuisse
1574 3777 1871 3830 divertere?
1903 3778 2056 3842 Quod
2091 3779 2133 3831 si
2169 3778 2221 3831 lii
2254 3790 2439 3842 reapse
2469 3791 2500 3828 a
2531 3790 2656 3827 vera
2688 3773 2793 3827 lide
2823 3774 3195 3834 descivissent.
3225 3773 3342 3826 sine
3371 3774 3536 3826 dubio
3569 3789 3598 3825 a
3635 3772 3742 3827 Deo
3774 3774 4033 3827 derelicti

802 3860 1116 3927 sanctisque
1156 3859 1285 3913 locis
1350 3860 1579 3915 fuissent
1625 3863 1867 3934 depulsi,
1909 3864 2050 3918 haud
2095 3878 2252 3918 secus
2295 3878 2453 3931 quam
2502 3861 2736 3932 populus
2779 3861 3106 3916 lsraeliticus
3148 3860 3260 3914 Deo
3306 3862 3521 3915 rebellis
3563 3863 3726 3932 gloria
3767 3878 3860 3914 sua
3894 3878 4033 3931 spo-

802 3945 961 3999 liatus
982 3957 1083 3999 est.

877 4034 965 4085 l7.
1008 4033 1162 4087 Nunc
1191 4036 1301 4102 jam
1332 4035 1686 4087 orthodoxam
1727 4036 2031 4089 doctrinam
2067 4053 2188 4089 cum
2221 4037 2306 4089 illa
2335 4037 2678 4092 conferamus
2708 4037 3068 4092 Jacobitarum
3115 4039 3496 4108 acephalorum
3518 4080 3530 4098 .
3566 4039 3801 4092 Dioscori
3852 4040 4034 4109 Euty—

803 4122 1027 4190 chisque
1066 4123 1423 4186 aluumorum,
1461 4125 1550 4192 qui
1587 4124 1782 4177 Christi
1829 4126 1919 4178 Dei
1960 4134 2012 4177 et
2044 4126 2277 4178 hominis
2312 4142 2471 4178 unam
2512 4127 2907 4179 contenderunt
2952 4142 3072 4180 esse
3124 4138 3392 4187 naturam,
3429 4143 3694 4194 unamque
3721 4143 3827 4179 rem
3864 4139 4033 4194 puta-

805 4219 931 4261 runt
957 4226 1240 4278 personam
1273 4228 1392 4265 esse
1421 4223 1581 4281 atque
1628 4225 1897 4267 naturam.
1943 4214 2098 4268 Certe
2130 4232 2190 4268 ex
2230 4217 2441 4269 illorum
2468 4216 2737 4268 sententia
2777 4216 3146 4284 consequitur.
3184 4223 3244 4266 ut
3274 4216 3608 4268 sanctissima
3641 4215 3876 4267 Trinitas
3908 4231 4028 4269 non

800 4297 1025 4349 eitsistat
1062 4315 1073 4348 :
1109 4314 1233 4350 nam
1267 4299 1310 4351 si
1346 4298 1630 4354 Trinitatis
1664 4310 1853 4353 natura
1890 4319 1992 4354 una
2027 4313 2126 4364 est,
2156 4304 2228 4355 uti
2271 4318 2455 4356 revera
2482 4313 2583 4362 est,
2623 4318 2784 4355 unam
2819 4319 3032 4371 quoque
3064 4318 3348 4371 personam
3379 4318 3498 4356 esse
3531 4316 3666 4371 opus
3695 4312 3778 4356 est
3809 4319 3823 4355 :
3857 4313 4032 4371 atque

805 4381 877 4434 ita
906 4397 1027 4435 cum
1061 4382 1293 4437 Sabellio
1323 4389 1654 4454 conspirant,
1691 4397 1744 4439 et
1774 4405 1895 4440 cum
1936 4389 2096 4442 Petro
2129 4390 2370 4455 Fullone,
2407 4406 2467 4443 ac
2492 4390 2701 4446 Joanne
2755 4392 3168 4445 Mairacomeusi
3198 4392 3331 4459 (40).
3373 4391 3540 4444 Secus
3586 4408 3736 4452 vero,
3776 4393 3818 4444 si
3853 4409 4031 4445 unum

804 4470 931 4537 quid
963 4481 1088 4524 sunt
1117 4487 1344 4539 persona
1378 4485 1538 4542 atque
1569 4486 1781 4539 natura,
1825 4477 2068 4545 sequitur
2099 4487 2175 4541 ut,
2214 4477 2336 4546 quia
2381 4487 2490 4531 tres
2537 4489 2662 4532 sunt
2707 4481 3060 4533 Sanctissimae
3092 4479 3373 4532 Trinitatis
3406 4494 3668 4548 persona,
3715 4481 4032 4534 necessario

803 4567 914 4609 tres
941 4573 1153 4626 quoque
1186 4569 1389 4613 natura
1419 4563 1547 4623 sint,
1579 4571 1739 4630 prout
1777 4565 2092 4617 vestratium
2131 4565 2320 4618 insana
2353 4565 2629 4620 sententia
2656 4567 2911 4635 postulat,
2948 4567 3037 4635 qui
3073 4566 3174 4620 hoc
3206 4575 3362 4634 pacto
3389 4581 3512 4620 cum
3542 4566 3692 4630 Ario,
3735 4566 4026 4631 Eunomio,

803 4653 860 4697 et
889 4643 1204 4699 Macedonio
1237 4649 1604 4702 consentiunt.

875 4730 962 4781 18.
1004 4732 1154 4784 Adde
1176 4734 1320 4800 quod
1361 4736 1634 4789 contraria
1663 4737 1948 4790 contrariis
1989 4738 2366 4798 excluduntur,
2403 4743 2567 4796 veluti
2616 4744 2814 4796 bonum
2862 4743 3001 4795 malo
3034 4743 3272 4811 pellitur,
3300 4742 3473 4795 visum
3523 4741 3732 4794 cacitas
3762 4741 3984 4808 perimit
4011 4793 4026 4808 ,

805 4817 1042 4870 tenebra
1075 4820 1247 4872 lucem
1277 4836 1382 4873 non
1409 4825 1706 4890 patiuntur.
1735 4826 1810 4878 Ita
1839 4842 2060 4894 prorsus
2086 4828 2137 4878 in
2167 4842 2222 4879 re
2254 4837 2434 4881 nostra
2464 4831 2796 4899 arguendum
2822 4841 2922 4883 est.
2953 4829 3010 4882 Si
3045 4830 3494 4884 Chalcedonense
3525 4829 3814 4881 concilium
3839 4833 4024 4896 priora

805 4906 907 4959 tria
945 4921 1052 4959 non
1087 4908 1337 4971 admittit,
1364 4926 1489 4981 ergo
1525 4913 1628 4965 illis
1658 4924 1935 4984 repugnat,
1976 4915 2271 4984 eademque
2315 4917 2511 4970 abolet.
2558 4917 2728 4971 Secus
2759 4933 2888 4971 vero
2916 4917 2963 4972 si
2995 4927 3053 4971 ut
3081 4933 3112 4970 a
3138 4915 3738 4985 Constantinopolitano
3788 4917 4025 4970 concilio

879 5132 986 5206 (3:21
1029 5131 1140 5185 lino
1184 5134 1505 5189 Calestinus
1547 5151 1642 5202 per
1683 5135 1936 5205 Cyrillum
1989 5137 2234 5204 praefuit,
2283 5140 2356 5192 uti
2528 5139 2640 5206 (56)
2678 5137 2877 5193 Confer
2897 5154 3160 5192 canonem
3182 5137 4025 5206 apostolicuml5,etNicanum

806 5204 1140 5279 exploratum
1173 5215 1275 5279 est,
1313 5215 1472 5279 atque
1507 5216 1704 5279 u7t_nos
1732 5204 1842 5276 ipsi
1873 5208 2278 5263 emendavimus
2309 5210 2363 5262 in
2454 5210 2507 5275 5,
2537 5204 2674 5277 apud
2708 5226 2806 5262 nos
2844 5208 3024 5277 Spicil.
3082 5220 3124 5263 t.
3160 5204 3266 5276 Vll,
3292 5227 3345 5279 p.
3374 5211 3501 5276 205,
3528 5207 3652 5262 207.

808 5272 864 5324 S.
895 5272 1161 5347 germano
1199 5275 1289 5326 lib.
1315 5276 1407 5347 cit.
1440 5292 1504 5347 pL
1524 5276 1610 5327 57.
1651 5345 1660 5347 _
1762 5272 1777 5276 ”
2494 5272 2637 5347 ’(37)
2679 5279 2812 5332 Cod.
2843 5272 2934 5333 28.

877 5342 986 5418 (ξᾷ)
1027 5343 1080 5418 in
1123 5342 1784 5418 fragmentis:Tusculanis
1815 5347 2068 5400 dicuntur
2093 5347 2290 5400 CCXL.
2530 5342 2638 5417 (58)
2679 5351 2814 5402 Cod.
2851 5351 3093 5418 quinque.

876 5411 1196 5490 t54)_7Procli
1228 5424 1382 5490 antea
1412 5415 1565 5490 electi
1598 5415 2054 5490 Cyziceuipostea
2090 5418 2360 5490 Constan-
2529 5411 2638 5488 (59)
2684 5421 2819 5473 Cod.
2856 5411 3007 5473 humi
3069 5420 3172 5475 472
3230 5430 3341 5487 post
3395 5421 3725 5490 salutiferam
3787 5435 4028 5473 resurre-

804 5481 1140 5556 tinopolitani
1176 5484 1428 5556 episcopi
1463 5481 1971 5556 exstat'dogmatica
2030 5489 2251 5556 epistola
2300 5491 2364 5541 ad
2460 5481 2703 5543 ctione'm.

806 5552 1120 5628 Armenios;
1166 5554 1347 5622 Cyrilli
1377 5552 1502 5608 'non
1536 5555 1687 5619 item,
1721 5552 1822 5610 nisi
1867 5557 2003 5611 forte
2042 5552 2123 5611 est
2166 5575 2268 5611 una
2300 5575 2366 5612 ex
2483 5619 2494 5625 _
2534 5561 2642 5628 (40)
2683 5561 2905 5612 Joannis
2957 5560 3388 5615 Mairacomensis
3432 5576 3642 5615 crassos
3690 5574 3903 5612 errores
3953 5562 4028 5612 ali

806 5622 1114 5698 encj'clicis.
1172 5691 1223 5698 _7
1411 5694 1419 5698 _
1448 5693 1476 5698 __
1718 5697 1723 5698 7
1755 5697 1761 5698 7
2098 5697 2101 5698 7
2467 5622 2601 5697 ipsis
2626 5622 2904 5683 'At'meuiis
2934 5633 3286 5698 scriptoribus
3319 5633 3484 5685 fuisse
3515 5633 3794 5692 refutatos,
3835 5644 4030 5684 narrat

881 5680 1106 5769 (ὄψ’-ρει
1163 5691 1478 5769 Chrysaphii
1509 5697 1766 5769 eunuchi
1815 5697 2127 5750 cubicularii
2195 5699 2364 5768 gratia
2467 5680 4030 5769 ⁷29,ίᾷ

812 5761 950 5828 apud
1000 5760 1382 5839 Theodosium,
1405 5763 1968 5839 j7m7iiorein__legantur
2034 5760 2223 5822 etiam-
2259 5769 2365 5822 fra-
2464 5770 2554 5831 42,
2593 5786 2692 5823 nec
2728 5786 2833 5821 non
2863 5773 2941 5822 vir
2975 5760 3216 5824 summus
3246 5769 3281 5823 I.
3313 5771 3370 5824 Β.
3399 5760 3678 5826 Auclicrus
3706 5760 3941 5838 iit-praef.
3971 5780 4035 5828 et

807 5840 1024 5898 gmenta
1061 5831 1364 5888 Tusculana
1397 5834 1578 5900 Spit-il.
1613 5844 1650 5887 t.
1682 5835 1742 5888 ll.
1779 5831 1804 5839 '
2463 5854 2484 5893 ε

1544 5835 1578 5888 l.
1613 5844 1650 5887 ι.
1682 5835 1742 5888 ΙΙ.
1779 5831 1804 5839 ⁷
2463 5841 2589 5894 adn.
2627 5840 2692 5894 ad
2727 5848 2864 5893 orat.
2895 5840 3050 5894 Joan.
3089 5841 3219 5894 Οιιι.
