4248 6444
336 379 396 440 Ἠ
411 376 448 435 3
1490 378 1847 439 EPISTULA
1856 380 2013 440 RUM

1876 380 2022 440 iUM
2057 379 2286 439 LIBER
2325 377 2374 437 Ι.
3448 379 3553 443 714

341 501 619 561 receptum
661 487 764 543 fuit
790 486 1089 547 Nicamum,
1124 486 1195 543 ita
1225 483 1669 541 Chalcedonense
1705 485 1803 539 tria
1834 483 2013 553 priora
2055 485 2346 541 reveritum
2380 491 2501 551 est;
2532 484 2817 555 perspicue
2862 495 3086 556 apparet
3130 487 3231 543 hoc
3270 505 3393 546 cum
3447 494 3557 549 illis

338 578 668 636 consentire,
707 590 769 628 ac
792 574 1100 628 nullatenus
1134 588 1254 627 esse
1277 573 1630 627 contrarium.
1665 573 1927 626 Prieterea
1956 574 2121 642 leges,
2151 573 2370 643 regulae,
2397 587 2653 637 canones,
2685 584 2741 627 et.
2773 574 3013 628 instituta
3037 576 3121 629 vel
3151 579 3393 633 conciliis
3421 596 3557 634 con-

340 670 544 719 ﬁrmata
588 665 803 717 fuerunt
834 664 916 715 vel
949 663 1246 715 miraculis.
1283 662 1551 715 Miraculis
1581 663 1797 729 quidem
1848 680 1898 714 v.
1936 678 2015 731 gr.
2046 660 2240 731 Moysis
2266 660 2320 714 in
2354 661 2583 731 Egyplo
2615 671 2777 729 atque
2805 662 2857 715 in
2893 662 3184 732 Erythrieo,
3220 667 3302 719 vel
3346 667 3555 724 Domini

336 756 507 807 nostri
544 753 671 806 Jesu
713 751 909 804 Christi
948 766 1118 819 aegros
1147 748 1411 814 sanantis,
1444 760 1685 802 mortuos
1716 750 2045 811 suscitantis,
2072 760 2175 803 etc.
2206 766 2221 813 ;
2254 750 2497 802 conciliis
2542 762 2741 815 autem,
2774 750 2935 803 veluti
2966 752 3055 804 illo
3083 753 3187 805 5l8
3216 755 3431 808 Patrum
3459 796 3473 817 ,
3506 768 3557 813 et

338 845 428 896 illo
464 842 580 901 lEiO,
613 857 731 910 qua:
763 857 923 894 unam
953 854 1071 894 esse
1108 840 1158 891 in
1182 838 1446 892 Trinitate
1470 851 1735 901 naturain,
1771 852 2026 906 personas
2052 849 2179 898 tres,
2234 836 2614 899 deliniverunt,
2640 836 2978 906 Sabellioque
3021 849 3074 892 et
3098 840 3225 895 Ario
3268 844 3557 899 anathema

335 934 615 984 dixerunt.
647 930 845 999 Ephesi
883 939 1060 981 autem
1089 928 1276 981 Patres
1310 927 1615 979 docuerunt
1672 925 1892 978 Mariam
1925 924 2197 994 Virginem
2230 939 2349 977 esse
2380 924 2686 994 Deiparam,
2716 924 3131 993 Nestoriumque
3173 933 3547 984 excommuni-

337 1030 552 1072 caiunt.
589 1020 828 1087 Denique
861 1020 911 1070 in
942 1026 1135 1084 quarto
1175 1016 1407 1069 concilio
1431 1016 1672 1068 divmum
1709 1014 1944 1067 Verbum
1989 1012 2055 1065 de
2095 1011 2309 1080 Virgine
2338 1011 2502 1068 Maria
2540 1012 2874 1067 incarnatum
2928 1012 3283 1077 all'irmarunt,
3321 1032 3384 1069 ac
3430 1020 3551 1073 Dio-

342 1123 558 1160 scarum
598 1122 720 1160 cum
762 1104 999 1173 Eutyche
1037 1103 1424 1157 communione
1443 1102 1746 1156 Christiana
1782 1110 2146 1155 removerunt.
2177 1101 2287 1170 Age
2318 1115 2445 1153 vero
2470 1099 2753 1156 Dioscorus
2791 1111 2950 1167 atque
2981 1103 3269 1171 Eutyches,
3299 1120 3420 1158 cum
3449 1108 3557 1163 duo

338 1196 466 1253 sint.
499 1195 785 1247 concilium
820 1203 967 1246 certe
1001 1209 1109 1245 non
1140 1192 1397 1253 conllant,
1429 1206 1605 1260 neque
1641 1190 1897 1243 miracula
1932 1181 2239 1249 ediderunt,
2270 1203 2447 1255 neque
2477 1203 2570 1242 eos
2603 1190 2887 1256 quisquam
2921 1190 3286 1260 prodigiorum
3317 1197 3556 1248 auctori-

340 1292 448 1337 tate
483 1284 643 1337 fultos
678 1282 806 1335 vidit
848 1291 906 1334 ut
936 1281 1100 1333 Eliain
1138 1290 1299 1349 atque
1331 1280 1600 1334 Elisaeum.
1641 1279 1750 1333 Cur
1778 1294 1903 1348 ergo
1937 1279 2122 1338 liceat,
2164 1276 2380 1330 omissis
2406 1276 2508 1330 680
2553 1277 2823 1345 episcopis
2857 1277 3314 1334 Chalcedonensis
3344 1284 3556 1338 concilii

337 1372 672 1434 auctoribus,
708 1385 936 1438 quorum
967 1369 1121 1421 multi
1148 1368 1377 1421 concilio
1399 1382 1613 1437 quoque
1636 1366 1912 1437 Ephesino
1937 1364 2318 1427 interfuerant,
2351 1365 2562 1419 duobus
2597 1371 2803 1418 tantum
2836 1365 3147 1425 hominibus
3169 1368 3328 1423 (idem
3361 1372 3557 1440 adjun-

338 1460 500 1531 gere?
537 1462 759 1512 Summa
787 1457 903 1511 hcce
932 1466 1081 1509 certe
1114 1456 1338 1509 stultitia
1366 1455 1526 1509 foret.

414 1548 497 1600 19.
539 1545 951 1599 Calunmiantur
987 1552 1248 1613 praeterea
1294 1543 1613 1612 praedictum
1653 1542 1969 1608 concilium,
2014 1541 2171 1611 quasi
2216 1541 2269 1596 id
2324 1555 2487 1610 opera
2524 1538 2844 1605 Pulcheriaa,
2875 1541 3165 1599 Theodosii
3216 1544 3556 1614 imperatoris

338 1650 544 1697 sorore,
572 1634 866 1685 adunatum
897 1632 1082 1693 fuerit,
1118 1633 1189 1685 ob
1225 1631 1587 1685 ulciscendam
1621 1629 1860 1683 Flaviani
1892 1645 2102 1684 necem.
2134 1630 2296 1698 Atqui
2328 1630 2443 1683 haec
2478 1645 2625 1682 mera
2660 1630 2866 1682 fallacia
2897 1639 2982 1683 est
3008 1649 3021 1686 :
3048 1632 3250 1687 etenim
3289 1634 3338 1686 id
3366 1635 3556 1686 conci-

339 1723 470 1775 lium
508 1722 597 1775 Dei
632 1723 926 1785 voluntate,
955 1722 1316 1788 mandatoque
1346 1719 1539 1773 Leonis
1569 1718 2101 1787 Romanipontilicis,
2123 1717 2351 1771 Anatolii
2385 1717 2705 1785 patriarcha;
2748 1717 3353 1788 Coustantinopolitani,
3387 1721 3553 1774 Maxi-

340 1810 505 1863 miani
543 1810 863 1878 patriarcha:
902 1808 1246 1871 Antiocheni,
1280 1824 1343 1861 ac
1384 1808 1665 1860 Juvenalis
1710 1806 2032 1876 patriarchae
2071 1804 2569 1873 llierosolymitani,
2604 1806 2860 1859 indictum
2892 1805 3008 1860 fuit.
3053 1808 3117 1859 Hi
3148 1808 3291 1863 enim
3323 1819 3555 1876 quatuor

345 1898 664 1966 patriarchae
705 1912 810 1949 una
847 1912 968 1949 cum
1011 1896 1114 1949 630
1143 1895 1415 1963 episcopis
1454 1894 1572 1947 lidei
1608 1893 1999 1961 professionem
2034 1891 2088 1945 in
2122 1891 2493 1960 superioribus
2528 1891 2701 1945 tribus
2735 1893 2985 1947 conciliis
3022 1894 3219 1948 editam
3261 1896 3551 1949 conﬁrma-

344 1997 490 2046 runt,
519 1984 858 2052 prolessique
887 1992 1015 2036 sunt
1046 1998 1213 2035 unum
1248 1981 1533 2036 Dominum
1561 1980 1743 2033 Jesum
1769 1979 2041 2033 Christum
2071 1980 2122 2032 in
2166 1979 2326 2033 unica
2365 1994 2598 2048 persona
2627 1990 2683 2033 et
2717 1980 3013 2050 hypostasi,
3054 1997 3117 2035 ex
3146 1983 3354 2036 duabus
3386 1985 3555 2041 unitis

339 2075 569 2135 naturis,
605 2082 665 2125 ut
689 2087 751 2125 os
778 2072 1125 2125 obstruerent
1154 2068 1401 2123 Nestorio
1425 2085 1487 2124 ac
1515 2068 1799 2122 Theodoro
1838 2077 1894 2120 et
1933 2066 2191 2119 Dioscoro
2227 2066 2629 2132 :eumdemque
2656 2082 2720 2120 ex
2769 2068 2979 2122 duabus
3023 2070 3234 2125 naturis
3269 2070 3545 2129 dixerunt.

340 2173 399 2215 ut
435 2162 497 2213 iis
527 2162 796 2214 silentium
838 2160 1157 2222 indicerent,
1206 2162 1299 2228 qui
1334 2159 1588 2214 deitatem
1621 2158 1779 2211 simul
1826 2166 1881 2210 et
1920 2153 2311 2209 humanitatem
2352 2154 2481 2207 Jesu
2535 2151 2734 2211 Christi
2783 2170 2893 2208 non
2936 2154 3251 2221 admittunt,
3286 2169 3341 2212 et
3377 2159 3551 2227 ipsum

341 2247 499 2298 unica
535 2254 729 2298 natura
759 2254 1010 2298 constare
1039 2244 1249 2298 dicunt.

409 2332 496 2385 20.
540 2331 748 2399 Reapse
784 2331 941 2384 Arius
971 2331 1157 2384 docuit
1190 2340 1430 2384 creatum
1465 2344 1585 2383 esse
1619 2327 1832 2390 Filium,
1864 2335 2025 2392 atque
2054 2340 2116 2379 ex
2150 2325 2368 2396 Virgine
2403 2324 2534 2380 nihil
2564 2336 2760 2395 praeter
2800 2343 2998 2397 corpus
3021 2330 3319 2400 sumpsisse
3353 2350 3369 2398 ;
3406 2333 3556 2387 ideo--

341 2437 446 2489 que
471 2438 631 2473 unam
651 2420 808 2473 Verbi
832 2419 995 2473 creati
1023 2419 1255 2487 factique
1279 2428 1525 2471 naturam
1560 2417 1713 2470 dixit.
1747 2414 2010 2469 Sabellius
2040 2414 2214 2467 aiebat
2241 2414 2487 2468 divinum
2519 2415 2750 2471 Verbum
2799 2427 3125 2486 apparenter
3155 2423 3551 2486 tantummodo,

342 2527 450 2563 non
480 2526 536 2562 re
571 2524 693 2561 vera
733 2522 931 2576 corpus
967 2508 1021 2560 in
1069 2508 1270 2561 mundo
1301 2507 1402 2559 sibi
1434 2505 1931 2574 circumposuisse;
1979 2502 2205 2570 ideoque
2234 2513 2287 2556 et
2314 2503 2429 2571 ipse
2461 2520 2623 2557 unam
2644 2515 2897 2561 naturam
2931 2508 3317 2575 pronuntiavit.
3365 2510 3555 2566 Petrus

343 2598 579 2651 Verbum
618 2597 898 2649 redactum
931 2611 1053 2649 esse
1088 2596 1142 2647 in
1182 2609 1378 2662 corpus
1406 2591 1754 2652 existimavit,
1777 2600 1936 2659 atque
1959 2589 2157 2643 idcirco
2186 2606 2346 2644 unam
2381 2602 2626 2646 naturam
2651 2593 2824 2647 fassus
2846 2604 2947 2648 est.
2979 2592 3244 2651 Photinus
3264 2612 3328 2653 ac
3358 2597 3556 2653 Paulus

342 2685 743 2739 Samosatensis
770 2686 1075 2737 docuerunt
1119 2682 1392 2736 Christum
1440 2680 1625 2735 Jesum
1673 2679 1886 2732 initium
1918 2692 1946 2730 a
1992 2675 2154 2728 Maria
2191 2678 2529 2745 sumpsisse;
2566 2689 2956 2750 proptereaque
2986 2691 3039 2736 et
3069 2683 3169 2753 ipsi
3221 2700 3383 2738 unam
3435 2700 3557 2740 esse

343 2772 446 2825 illis
492 2783 738 2825 naturam
764 2772 1035 2825 dixerunt.
1080 2770 1348 2839 Eutyclies
1378 2784 1440 2821 ac
1474 2769 1760 2821 Dioscorus
1791 2764 1991 2833 opinati
2030 2775 2157 2817 sunt
2199 2764 2468 2818 Christum
2514 2765 2694 2821 Jesum
2736 2768 2969 2822 hominis
2994 2771 3395 2826 similitudinem
3434 2782 3558 2827 tan-

343 2869 455 2913 tum
509 2862 760 2929 gessisse,
800 2868 853 2912 et
884 2874 977 2926 per
1009 2857 1304 2927 Virginem,
1334 2856 1503 2910 instar
1528 2871 1678 2923 aqua:
1708 2869 1802 2921 per
1821 2854 2070 2915 ﬁstulam,
2108 2852 2407 2917 transisse;
2442 2854 2668 2921 ideoque
2703 2870 2862 2907 unam
2905 2855 3031 2910 Jesu
3057 2857 3257 2912 Christi
3309 2872 3555 2917 naturam

342 2946 769 2999 allirmaverunt.
801 2944 1049 2998 Julianus
1089 2942 1573 2996 Halicarnassensis
1597 2942 1797 2994 Christi
1824 2941 1948 2994 Jesu
1982 2956 2179 3007 corpus
2222 2941 2550 3008 impassibile
2589 2942 2721 2993 dixit
2744 2954 3028 3012 menteque
3050 2962 3259 3012 carens,
3304 2957 3462 3017 atque
3489 2950 3559 3002 ob

344 3035 395 3088 id
437 3036 650 3088 unicam
696 3044 944 3087 naturam
988 3034 1257 3087 credebat.
1292 3032 1528 3085 Joannes
1565 3028 2001 3084 Mairacomensis
2038 3038 2091 3081 ct
2133 3026 2325 3081 Petrus
2354 3029 2506 3082 Fullo
2544 3028 2746 3082 Christi
2788 3031 2913 3085 Jesu
2965 3034 3400 3100 coniunctionem
3434 3052 3558 3090 cum

342 3138 569 3190 corpore
597 3133 722 3174 ante
758 3122 952 3174 saecula
980 3120 1174 3173 laetam
1209 3121 1531 3181 docuerunt,
1555 3128 1715 3186 atque
1742 3116 1869 3169 hinc
1893 3130 2053 3168 unam
2084 3130 2205 3167 esse
2240 3125 2507 3168 naturam.
2538 3117 2863 3184 Apollinaris
2893 3135 3019 3171 vero
3056 3121 3239 3174 docuit
3284 3121 3558 3178 Christum

341 3210 526 3263 Jesum
563 3210 848 3262 humanam
880 3209 1111 3260 animam
1130 3222 1235 3259 non
1257 3208 1635 3274 assumpsisse,
1665 3205 1757 3258 sed
1785 3204 1902 3272 ejus
1925 3203 2360 3257 locumadeitate
2393 3206 2561 3257 teneri
2591 3221 2603 3256 :
2633 3222 2797 3273 quare
2822 3216 2875 3259 et
2908 3207 3021 3275 ipse
3042 3210 3204 3262 unius
3228 3219 3434 3265 natura:
3461 3210 3561 3263 fal-

342 3312 464 3353 sum
518 3297 715 3365 dogma
762 3294 916 3347 fovit.
952 3294 1296 3361 Sophronius
1332 3293 1443 3360 (41)
1477 3294 1682 3361 pariter
1720 3300 1883 3360 atque
1915 3290 2211 3343 Eunomius
2246 3288 2430 3343 Jesum
2484 3292 2758 3345 Christum
2794 3294 3030 3348 humana
3084 3306 3267 3350 mente
3318 3298 3561 3353 caruisse

341 3385 619 3445 dixerunt,
655 3390 1162 3450 consequenterque
1187 3381 1400 3433 unicam
1426 3390 1675 3432 naturam
1708 3380 1928 3432 habere.
1972 3376 2157 3430 Manes
2188 3377 2587 3445 pbantasticum
2632 3378 2938 3434 Servatoris
2968 3397 3165 3451 corpus
3195 3383 3385 3447 fuisse,
3409 3385 3560 3438 ideo-

342 3486 450 3539 que
482 3471 698 3522 unicam
731 3469 785 3521 in
814 3483 878 3521 eo
912 3478 1159 3521 naturain
1200 3466 1548 3535 praedicavit:
1589 3467 1697 3517 imo
1728 3464 1783 3517 in
1810 3463 2035 3532 epistola
2073 3463 2139 3516 ad
2183 3461 2535 3534 Scythianum
2577 3468 2838 3530 narravit,
2883 3467 2975 3522 Dei
3005 3468 3193 3523 Filium
3219 3472 3477 3539 apostolis
3508 3473 3559 3526 in

342 3568 528 3612 monte
557 3558 696 3610 lucis
729 3572 839 3609 sua:
860 3564 1132 3624 perpetua:
1164 3565 1412 3608 naturam
1439 3553 1759 3616 ostendisse,
1791 3552 1914 3621 quia
1936 3566 2042 3605 non
2063 3551 2199 3605 duas
2221 3560 2446 3605 naturas
2479 3553 2574 3606 sed
2610 3570 2770 3607 unam
2800 3572 2867 3609 ex
2897 3557 3094 3611 visibili
3117 3568 3280 3627 atque
3307 3559 3560 3615 invisibili

342 3653 657 3699 concretam
685 3643 916 3697 habebat
945 3643 1077 3711 (42).

422 3778 520 3828 llic
550 3786 714 3829 cessat
747 3776 797 3827 in
822 3776 1127 3828 Armeniaca
1157 3772 1442 3841 exemplari
1467 3772 1686 3841 epistola
1716 3768 1913 3823 Photii.
1955 3770 2104 3838 cujus
2133 3782 2267 3824 certe
2288 3772 2583 3827 clausulam
2614 3776 2901 3831 desiderari
2932 3778 3258 3846 exploratum
3290 3792 3381 3833 cst.

1657 3930 1989 3986 EPISTOLA
2028 3933 2098 3989 Χ.

1422 4089 1498 4142 Ad
1522 4088 1761 4141 Asutium
1783 4090 2068 4157 principem
2095 4089 2475 4141 Armeniorum.

1445 4231 1589 4282 Edita
1612 4231 1673 4280 ab
1695 4232 1825 4292 Ang.
1849 4230 1975 4279 Maio
2002 4229 2059 4291 (l.
2076 4241 2119 4277 c.
2138 4242 2187 4291 p.
2214 4228 2463 4288 460-462).

345 4385 573 4451 “lustri,
599 4386 706 4453 pio,
733 4386 953 4454 potenti,
979 4385 1115 4438 celsa
1153 4386 1291 4439 inter
1327 4402 1445 4438 suos
1482 4387 1735 4455 dignitate
1762 4385 1999 4452 praedito,
2031 4384 2217 4438 Acutio
2243 4400 2449 4452 magna
2475 4383 2732 4438 Armenia
2762 4386 2985 4453 principi
3014 4387 3231 4441 Photius
3258 4390 3559 4457 patriarcha

1006 4475 1369 4538 aecumenicus,
1404 4490 1496 4543 per
1522 4474 1619 4527 Dci
1656 4474 1887 4543 gratiam
1914 4472 2267 4540 episcoporum
2299 4485 2441 4523 nova:
2468 4470 2646 4524 Roma:
2675 4472 2893 4540 primus.

418 4582 466 4636 l.
506 4582 697 4652 Magna
728 4584 883 4637 nobis
903 4599 1031 4637 cura
1054 4593 1157 4647 est,
1190 4594 1249 4636 ut
1279 4583 1524 4636 veritatis
1554 4582 1798 4636 notitiam
1829 4581 1981 4634 vobis
2009 4580 2401 4649 impertiamur,
2432 4583 2732 4649 pmsertim
2755 4584 2879 4650 quia
2901 4584 3171 4653 regionem
3203 4595 3432 4641 vestram
3465 4603 3558 4641 su-

342 4690 535 4743 perna:
574 4675 757 4743 gratiae
812 4676 976 4728 tutela
1004 4676 1194 4729 fretam
1249 4677 1472 4740 scimus,
1505 4684 1705 4729 etcum
1741 4684 1923 4727 sancta
1977 4673 2236 4725 canonica
2268 4671 2506 4724 Ecclesia
2540 4674 2869 4741 copulatam,
2917 4690 3025 4727 uno
3052 4686 3279 4743 excepto
3326 4677 3558 4731 articulo

341 4761 484 4828 quod
514 4760 622 4813 Deo
660 4763 981 4831 veritatique
1022 4764 1351 4817 contrarium
1382 4762 1549 4817 fuisse
1575 4762 1793 4816 creditis
1824 4760 2265 4815 Chalcedonense
2307 4757 2618 4821 concilium,
2652 4774 2773 4812 cum
2837 4760 2890 4814 id
2939 4762 3118 4828 potius
3162 4762 3556 4830 depositioncm

347 4848 709 4917 exsiliumque
740 4850 973 4903 Nestorii
1008 4851 1431 4911 conlirmaverit,
1461 4851 1684 4918 ejusque
1729 4847 2065 4903 exsecrabile
2092 4846 2283 4915 dogma
2317 4846 2559 4899 funditus
2589 4846 2902 4900 aboleverit.
2940 4846 3149 4901 Etenim
3178 4850 3299 4916 quis
3350 4850 3559 4919 ignorat

347 4936 594 4989 laborare
615 4936 843 4989 stultitia
872 4951 983 4997 eos,
1010 4938 1097 5005 qui
1128 4938 1567 4991 Chalcedonense
1593 4937 1879 4991 concilium
1908 4944 2192 5002 respuunt,
2240 4948 2567 5003 prorsusque
2598 4934 2803 4988 similes
2828 4934 2932 4987 illis
2960 4934 3072 4989 ﬁeri
3112 4937 3203 5005 qui
3239 4937 3464 4992 Domino
3493 4956 3557 4992 ac

346 5023 700 5090 Redemptori
741 5034 925 5076 nostro
966 5024 1410 5076 conviciabantur
1456 5038 1577 5075 cum
1610 5024 1883 5077 daemones
1930 5020 2270 5087 expellebat?
2315 5018 2523 5088 Reapse
2559 5020 2864 5073 dazmonum
2904 5022 3171 5091 principes
3204 5024 3337 5077 nihil
3386 5025 3455 5079 ab
3493 5027 3557 5081 iis

340 5110 621 5173 ilill‘crunt,
673 5111 761 5178 qui
796 5113 1072 5165 daemones
1117 5114 1183 5165 ab
1212 5112 1522 5165 hominibus
1558 5112 1864 5179 ejicientem
1898 5111 2299 5180 vituperabant.
2333 5110 2449 5163 Jam
2479 5127 2608 5165 vero
2647 5128 2767 5166 cum
2802 5122 3047 5167 sanctum
3089 5115 3217 5169 illud
3266 5116 3554 5170 concilium

341 5199 593 5253 Nestorio
627 5202 851 5270 ejusque
881 5202 1103 5256 asseclis
1125 5203 1410 5255 anathema
1439 5203 1652 5264 dixerit,
1683 5202 1804 5269 quis
1830 5201 1937 5267 jam
1972 5200 2182 5254 dubitat
2211 5200 2515 5254 ministrum
2543 5201 2758 5253 Satanae
2782 5216 2905 5255 esse
2934 5202 3265 5266 Nestorium,
3310 5205 3400 5272 qui
3432 5220 3555 5257 san-

343 5300 491 5342 ctum
531 5287 728 5356 Ephesi
777 5289 1064 5343 concilium
1123 5290 1343 5357 sprevit,
1378 5305 1541 5359 seque
1567 5304 1721 5342 novae
1754 5296 1915 5341 sectae
1950 5287 2077 5341 fecit
2128 5297 2402 5340 auctorem
2431 5286 2454 5339 ?
2490 5286 2546 5340 Si
2573 5297 2822 5355 quartum
2863 5287 3023 5357 igitur
3054 5290 3343 5343 concilium
3394 5293 3555 5345 tertio

341 5376 632 5436 consentit,
684 5391 779 5427 cur
804 5377 849 5428 ei
877 5392 972 5429 vos
998 5377 1334 5439 maledicitis,
1369 5387 1529 5444 atque
1561 5386 1619 5431 ut
1644 5377 1864 5445 impium
1897 5375 2223 5429 traducitis?
2259 5374 2389 5428 Cum
2434 5374 2631 5443 alioqui
2666 5387 3001 5443 compertum
3050 5378 3207 5431 nobis
3258 5378 3328 5431 sit
3366 5380 3556 5448 ampli-

344 5464 583 5517 tudinem
621 5474 765 5519 tuam
796 5465 1007 5517 Domini
1050 5465 1150 5518 l‘rui
1180 5465 1501 5533 patrocinio,
1538 5481 1739 5533 vosque
1766 5464 2025 5533 populum
2062 5466 2153 5519 Dei
2176 5481 2313 5530 esse,
2341 5475 2396 5519 et
2420 5466 2705 5536 peregrino
2733 5467 2926 5535 quovis
2948 5466 3199 5538 dogmate
3223 5470 3478 5525 alienum.

411 5682 527 5761 (_.ll_)'
548 5753 567 5761 Α
590 5683 727 5761 N__um
778 5695 860 5737 est
893 5686 1226 5761 Sephroni‘us
1276 5687 1381 5761 ille,
1411 5687 1476 5739 de
1515 5702 1621 5761 quo
1668 5685 1890 5761 Photius
2004 5760 2007 5761 ν
2070 5689 2179 5757 (Η)
2246 5688 2448 5761 Similis
2477 5690 2600 5743 huic
2631 5691 2779 5745 locus
2804 5694 2968 5761 (quod
2990 5695 3141 5749 valde
3163 5696 3350 5761 miror)
3378 5703 3555 5750 exstat

340 5753 569 5874 ἓ)άῆγῖ
610 5754 703 5832 llic
728 5766 902 5833 tamen
935 5767 1117 5809 contra
1148 5757 1467 5809 Eummiium
1502 5753 1678 5824 potius
1704 5774 1797 5826 ντί)
1829 5758 1886 5811 S.
1999 5760 2050 5811 in
2079 5753 2342 5878 'o7ratione
2381 5759 2605 5815 Joannis
2645 5753 2927 5817 Oznien'sis
2966 5776 3150 5819 contra
3189 5753 3553 5833 phantasticos

385 5840 457 5875 πει
484 5841 533 5876 tu
564 5834 799 5892 scrIpSIt.
1996 5846 2046 5899 ρ.
2082 5832 2111 5880 4
2154 5866 2169 5880 .

698 5914 971 5974 Parnm”
1017 5919 1130 5975 GR.
1178 5917 1308 5977 CH.
3080 5928 3158 5986 523
