  <div class='ocr_page' id='page_1' title='image "/cluster/home/n/w/nwhite01/storage/ocr_20150623/102/nnc1.0046979620/367.png"; bbox 0 0 4248 6444; ppageno 0'>
   <div class='ocr_carea' id='block_1_1' title="bbox 682 389 2359 481">
    <p class='ocr_par' dir='ltr' id='par_1_1' title="bbox 682 404 2359 481">
     <span class='ocr_line' id='line_1_1' title="bbox 682 404 2359 481; baseline -0.012 0"><span class='ocrx_word' id='word_1_1' title='bbox 682 416 786 481; x_wconf 66' lang='grc'><strong>’735</strong></span> <span class='ocrx_word' id='word_1_2' title='bbox 1827 407 2086 467; x_wconf 78' lang='grc' dir='ltr'><strong>ΡΙΙΟΤῘΙ</strong></span> <span class='ocrx_word' id='word_1_3' title='bbox 2126 404 2359 466; x_wconf 70' lang='grc' dir='ltr'><strong>ΡΑΤΒΙ</strong></span> 
     </span>
    </p>
   </div>
   <div class='ocr_carea' id='block_1_2' title="bbox 2240 389 3917 481">
    <p class='ocr_par' dir='ltr' id='par_1_2' title="bbox 2240 389 3917 465">
     <span class='ocr_line' id='line_1_2' title="bbox 2240 389 3917 465; baseline -0.008 -1"><span class='ocrx_word' id='word_1_4' title='bbox 2240 402 2625 465; x_wconf 74' lang='lat' dir='ltr'><strong>FRIARCli/E</strong></span> <span class='ocrx_word' id='word_1_5' title='bbox 2663 401 2772 462; x_wconf 68' lang='lat' dir='ltr'><strong>Cl‘.</strong></span> <span class='ocrx_word' id='word_1_6' title='bbox 3811 389 3917 461; x_wconf 78' lang='lat'><strong>716</strong></span> 
     </span>
    </p>
   </div>
   <div class='ocr_carea' id='block_1_3' title="bbox 760 500 3918 588">
    <p class='ocr_par' dir='ltr' id='par_1_3' title="bbox 760 500 3918 588">
     <span class='ocr_line' id='line_1_3' title="bbox 760 500 3918 588; baseline -0.008 -9"><span class='ocrx_word' id='word_1_7' title='bbox 760 531 794 582; x_wconf 66' lang='grc' dir='ltr'><strong>εὶ</strong></span> <span class='ocrx_word' id='word_1_8' title='bbox 854 527 1104 577; x_wconf 80' lang='lat' dir='ltr'><strong>Attamen</strong></span> <span class='ocrx_word' id='word_1_9' title='bbox 1141 520 1354 588; x_wconf 89' lang='lat' dir='ltr'><strong>ineptos</strong></span> <span class='ocrx_word' id='word_1_10' title='bbox 1389 517 1652 588; x_wconf 89' lang='lat' dir='ltr'><strong>quosdam</strong></span> <span class='ocrx_word' id='word_1_11' title='bbox 1683 517 1749 571; x_wconf 88' lang='lat' dir='ltr'><strong>dc</strong></span> <span class='ocrx_word' id='word_1_12' title='bbox 1781 517 1881 570; x_wconf 86' lang='lat' dir='ltr'><strong>hac</strong></span> <span class='ocrx_word' id='word_1_13' title='bbox 1909 514 2277 569; x_wconf 72' lang='lat' dir='ltr'><strong>controversia</strong></span> <span class='ocrx_word' id='word_1_14' title='bbox 2305 526 2584 565; x_wconf 86' lang='lat' dir='ltr'><strong>sermones</strong></span> <span class='ocrx_word' id='word_1_15' title='bbox 2609 527 2637 563; x_wconf 90' lang='lat' dir='ltr'><strong>a</strong></span> <span class='ocrx_word' id='word_1_16' title='bbox 2667 508 2824 562; x_wconf 82' lang='lat' dir='ltr'><strong>vobis</strong></span> <span class='ocrx_word' id='word_1_17' title='bbox 2851 506 3081 576; x_wconf 90' lang='lat' dir='ltr'><strong>scriptos</strong></span> <span class='ocrx_word' id='word_1_18' title='bbox 3115 503 3428 573; x_wconf 88' lang='lat' dir='ltr'><strong>accepimus</strong></span> <span class='ocrx_word' id='word_1_19' title='bbox 3459 501 3573 571; x_wconf 83' lang='grc'><strong>(45)</strong></span> <span class='ocrx_word' id='word_1_20' title='bbox 3608 518 3622 566; x_wconf 87' lang='grc'><strong>;</strong></span> <span class='ocrx_word' id='word_1_21' title='bbox 3653 500 3744 570; x_wconf 85' lang='lat' dir='ltr'><strong>qui</strong></span> <span class='ocrx_word' id='word_1_22' title='bbox 3768 512 3918 554; x_wconf 81' lang='lat' dir='ltr'><strong>certe</strong></span> 
     </span>
    </p>
   </div>
   <div class='ocr_carea' id='block_1_4' title="bbox 695 590 3918 675">
    <p class='ocr_par' dir='ltr' id='par_1_4' title="bbox 695 590 3918 675">
     <span class='ocr_line' id='line_1_4' title="bbox 695 590 3918 675; baseline -0.009 -5"><span class='ocrx_word' id='word_1_23' title='bbox 695 616 896 670; x_wconf 89' lang='lat' dir='ltr'><strong>nullius</strong></span> <span class='ocrx_word' id='word_1_24' title='bbox 933 609 1198 667; x_wconf 78' lang='lat' dir='ltr'><strong>momenti</strong></span> <span class='ocrx_word' id='word_1_25' title='bbox 1219 609 1476 671; x_wconf 89' lang='lat' dir='ltr'><strong>evadent,</strong></span> <span class='ocrx_word' id='word_1_26' title='bbox 1502 607 1748 675; x_wconf 82' lang='lat' dir='ltr'><strong>nihilque</strong></span> <span class='ocrx_word' id='word_1_27' title='bbox 1778 621 1958 675; x_wconf 77' lang='lat' dir='ltr'><strong>pravae</strong></span> <span class='ocrx_word' id='word_1_28' title='bbox 1989 603 2275 658; x_wconf 75' lang='lat' dir='ltr'><strong>sententia:</strong></span> <span class='ocrx_word' id='word_1_29' title='bbox 2314 602 2566 672; x_wconf 85' lang='lat' dir='ltr'><strong>posthinc</strong></span> <span class='ocrx_word' id='word_1_30' title='bbox 2596 598 2885 667; x_wconf 89' lang='lat' dir='ltr'><strong>supererit,</strong></span> <span class='ocrx_word' id='word_1_31' title='bbox 2918 612 3041 650; x_wconf 92' lang='lat' dir='ltr'><strong>cum</strong></span> <span class='ocrx_word' id='word_1_32' title='bbox 3096 603 3348 663; x_wconf 90' lang='lat' dir='ltr'><strong>quartum</strong></span> <span class='ocrx_word' id='word_1_33' title='bbox 3381 593 3598 646; x_wconf 90' lang='lat' dir='ltr'><strong>demum</strong></span> <span class='ocrx_word' id='word_1_34' title='bbox 3623 590 3918 644; x_wconf 89' lang='lat' dir='ltr'><strong>concilium</strong></span> 
     </span>
    </p>
   </div>
   <div class='ocr_carea' id='block_1_5' title="bbox 697 679 3919 771">
    <p class='ocr_par' dir='ltr' id='par_1_5' title="bbox 697 679 3919 771">
     <span class='ocr_line' id='line_1_5' title="bbox 697 679 3919 771; baseline -0.009 -10"><span class='ocrx_word' id='word_1_35' title='bbox 697 707 836 761; x_wconf 76' lang='lat' dir='ltr'><strong>haud</strong></span> <span class='ocrx_word' id='word_1_36' title='bbox 886 719 1044 759; x_wconf 88' lang='lat' dir='ltr'><strong>secus</strong></span> <span class='ocrx_word' id='word_1_37' title='bbox 1068 717 1228 771; x_wconf 92' lang='lat' dir='ltr'><strong>quam</strong></span> <span class='ocrx_word' id='word_1_38' title='bbox 1261 699 1543 769; x_wconf 83' lang='lat' dir='ltr'><strong>superiora</strong></span> <span class='ocrx_word' id='word_1_39' title='bbox 1591 697 1776 752; x_wconf 89' lang='lat' dir='ltr'><strong>debito</strong></span> <span class='ocrx_word' id='word_1_40' title='bbox 1827 696 2093 765; x_wconf 90' lang='lat' dir='ltr'><strong>obsequio</strong></span> <span class='ocrx_word' id='word_1_41' title='bbox 2134 689 2562 764; x_wconf 87' lang='lat' dir='ltr'><strong>prosequemini.</strong></span> <span class='ocrx_word' id='word_1_42' title='bbox 2601 686 2844 754; x_wconf 83' lang='lat' dir='ltr'><strong>Namque</strong></span> <span class='ocrx_word' id='word_1_43' title='bbox 2870 694 2924 736; x_wconf 86' lang='lat' dir='ltr'><strong>et</strong></span> <span class='ocrx_word' id='word_1_44' title='bbox 2973 683 3290 753; x_wconf 81' lang='lat' dir='ltr'><strong>principalis</strong></span> <span class='ocrx_word' id='word_1_45' title='bbox 3320 679 3680 771; x_wconf 37' lang='lat' dir='ltr'><strong>Roman-aeque</strong></span> <span class='ocrx_word' id='word_1_46' title='bbox 3715 695 3778 732; x_wconf 87' lang='lat' dir='ltr'><strong>ac</strong></span> <span class='ocrx_word' id='word_1_47' title='bbox 3818 693 3919 771; x_wconf 84' lang='lat' dir='ltr'><strong>nos</strong></span> 
     </span>
    </p>
   </div>
   <div class='ocr_carea' id='block_1_6' title="bbox 696 767 3922 866">
    <p class='ocr_par' dir='ltr' id='par_1_6' title="bbox 696 767 3922 866">
     <span class='ocr_line' id='line_1_6' title="bbox 696 767 3922 866; baseline -0.01 -18"><span class='ocrx_word' id='word_1_48' title='bbox 696 806 889 866; x_wconf 90' lang='lat' dir='ltr'><strong>quarto</strong></span> <span class='ocrx_word' id='word_1_49' title='bbox 913 767 1166 853; x_wconf 81' lang='lat' dir='ltr'><strong>concilio,</strong></span> <span class='ocrx_word' id='word_1_50' title='bbox 1202 803 1262 845; x_wconf 90' lang='lat' dir='ltr'><strong>ut</strong></span> <span class='ocrx_word' id='word_1_51' title='bbox 1292 767 1585 860; x_wconf 82' lang='lat' dir='ltr'><strong>prioribus.</strong></span> <span class='ocrx_word' id='word_1_52' title='bbox 1616 791 1877 844; x_wconf 86' lang='lat' dir='ltr'><strong>honorem</strong></span> <span class='ocrx_word' id='word_1_53' title='bbox 1917 787 2131 842; x_wconf 90' lang='lat' dir='ltr'><strong>defert:</strong></span> <span class='ocrx_word' id='word_1_54' title='bbox 2157 784 2234 839; x_wconf 91' lang='lat' dir='ltr'><strong>sic</strong></span> <span class='ocrx_word' id='word_1_55' title='bbox 2263 783 2390 834; x_wconf 89' lang='lat' dir='ltr'><strong>item</strong></span> <span class='ocrx_word' id='word_1_56' title='bbox 2418 791 2609 845; x_wconf 86' lang='lat' dir='ltr'><strong>magna</strong></span> <span class='ocrx_word' id='word_1_57' title='bbox 2642 772 2979 827; x_wconf 65' lang='lat' dir='ltr'><strong>Alexandriae</strong></span> <span class='ocrx_word' id='word_1_58' title='bbox 3008 771 3187 834; x_wconf 90' lang='lat' dir='ltr'><strong>sedes,</strong></span> <span class='ocrx_word' id='word_1_59' title='bbox 3243 784 3456 866; x_wconf 78' lang='lat' dir='ltr'><strong>necnon</strong></span> <span class='ocrx_word' id='word_1_60' title='bbox 3483 767 3569 820; x_wconf 91' lang='lat' dir='ltr'><strong>illa</strong></span> <span class='ocrx_word' id='word_1_61' title='bbox 3612 767 3922 866; x_wconf 49' lang='lat' dir='ltr'><strong>lliqosoly-</strong></span> 
     </span>
    </p>
   </div>
   <div class='ocr_carea' id='block_1_7' title="bbox 695 855 3924 949">
    <p class='ocr_par' dir='ltr' id='par_1_7' title="bbox 695 855 3924 949">
     <span class='ocr_line' id='line_1_7' title="bbox 695 855 3924 949; baseline -0.01 -11"><span class='ocrx_word' id='word_1_62' title='bbox 695 855 928 945; x_wconf 76' lang='lat' dir='ltr'><strong>morum,</strong></span> <span class='ocrx_word' id='word_1_63' title='bbox 956 884 1071 935; x_wconf 86' lang='lat' dir='ltr'><strong>sine</strong></span> <span class='ocrx_word' id='word_1_64' title='bbox 1092 882 1197 933; x_wconf 92' lang='lat' dir='ltr'><strong>ulla</strong></span> <span class='ocrx_word' id='word_1_65' title='bbox 1219 881 1432 949; x_wconf 82' lang='lat' dir='ltr'><strong>querela</strong></span> <span class='ocrx_word' id='word_1_66' title='bbox 1464 898 1475 932; x_wconf 95' lang='lat'>:</span> <span class='ocrx_word' id='word_1_67' title='bbox 1510 879 1743 947; x_wconf 91' lang='lat' dir='ltr'><strong>denique</strong></span> <span class='ocrx_word' id='word_1_68' title='bbox 1772 886 1828 930; x_wconf 89' lang='lat' dir='ltr'><strong>et</strong></span> <span class='ocrx_word' id='word_1_69' title='bbox 1846 884 2136 930; x_wconf 84' lang='lat' dir='ltr'><strong>consecuta</strong></span> <span class='ocrx_word' id='word_1_70' title='bbox 2157 881 2340 941; x_wconf 88' lang='lat' dir='ltr'><strong>postea</strong></span> <span class='ocrx_word' id='word_1_71' title='bbox 2371 864 2597 920; x_wconf 89' lang='lat' dir='ltr'><strong>concilia</strong></span> <span class='ocrx_word' id='word_1_72' title='bbox 2619 863 2890 930; x_wconf 90' lang='lat' dir='ltr'><strong>quintum,</strong></span> <span class='ocrx_word' id='word_1_73' title='bbox 2950 869 3160 912; x_wconf 85' lang='lat' dir='ltr'><strong>sextum</strong></span> <span class='ocrx_word' id='word_1_74' title='bbox 3199 873 3261 910; x_wconf 90' lang='lat' dir='ltr'><strong>ac</strong></span> <span class='ocrx_word' id='word_1_75' title='bbox 3293 857 3604 926; x_wconf 90' lang='lat' dir='ltr'><strong>septimum.</strong></span> <span class='ocrx_word' id='word_1_76' title='bbox 3632 855 3763 920; x_wconf 87' lang='lat' dir='ltr'><strong>Quis</strong></span> <span class='ocrx_word' id='word_1_77' title='bbox 3793 869 3924 922; x_wconf 83' lang='lat' dir='ltr'><strong>ergo</strong></span> 
     </span>
    </p>
   </div>
   <div class='ocr_carea' id='block_1_8' title="bbox 699 944 3924 1025">
    <p class='ocr_par' dir='ltr' id='par_1_8' title="bbox 699 944 3924 1025">
     <span class='ocr_line' id='line_1_8' title="bbox 699 944 3924 1025; baseline -0.01 0"><span class='ocrx_word' id='word_1_78' title='bbox 699 973 819 1025; x_wconf 85' lang='lat' dir='ltr'><strong>ﬁdei</strong></span> <span class='ocrx_word' id='word_1_79' title='bbox 869 944 981 1023; x_wconf 85' lang='lat' dir='ltr'><strong>toto</strong></span> <span class='ocrx_word' id='word_1_80' title='bbox 1034 944 1297 1022; x_wconf 76' lang='lat' dir='ltr'><strong>terrarum</strong></span> <span class='ocrx_word' id='word_1_81' title='bbox 1321 967 1450 1020; x_wconf 88' lang='lat' dir='ltr'><strong>orbe</strong></span> <span class='ocrx_word' id='word_1_82' title='bbox 1474 944 1686 1020; x_wconf 65' lang='lat' dir='ltr'><strong>dill’usze</strong></span> <span class='ocrx_word' id='word_1_83' title='bbox 1710 966 1963 1019; x_wconf 82' lang='lat' dir='ltr'><strong>resistere</strong></span> <span class='ocrx_word' id='word_1_84' title='bbox 1985 961 2224 1015; x_wconf 83' lang='lat' dir='ltr'><strong>audeat?</strong></span> <span class='ocrx_word' id='word_1_85' title='bbox 2251 959 2326 1012; x_wconf 90' lang='lat' dir='ltr'><strong>De</strong></span> <span class='ocrx_word' id='word_1_86' title='bbox 2356 969 2458 1023; x_wconf 89' lang='lat' dir='ltr'><strong>qua</strong></span> <span class='ocrx_word' id='word_1_87' title='bbox 2488 951 2590 1004; x_wconf 90' lang='lat' dir='ltr'><strong>ﬁde</strong></span> <span class='ocrx_word' id='word_1_88' title='bbox 2618 949 2878 1002; x_wconf 86' lang='lat' dir='ltr'><strong>Dominus</strong></span> <span class='ocrx_word' id='word_1_89' title='bbox 2917 948 3050 1002; x_wconf 86' lang='lat' dir='ltr'><strong>dixit</strong></span> <span class='ocrx_word' id='word_1_90' title='bbox 3074 961 3088 999; x_wconf 87' lang='lat'><strong>:</strong></span> <span class='ocrx_word' id='word_1_91' title='bbox 3120 945 3299 999; x_wconf 72' lang='lat' dir='ltr'><strong>Porta:</strong></span> <span class='ocrx_word' id='word_1_92' title='bbox 3333 945 3488 1011; x_wconf 74' lang='lat' dir='ltr'><strong>inferi</strong></span> <span class='ocrx_word' id='word_1_93' title='bbox 3535 960 3634 995; x_wconf 91' lang='lat' dir='ltr'><strong>non</strong></span> <span class='ocrx_word' id='word_1_94' title='bbox 3663 944 3924 1011; x_wconf 66' lang='lat' dir='ltr'><strong>prazvale-</strong></span> 
     </span>
    </p>
   </div>
   <div class='ocr_carea' id='block_1_9' title="bbox 699 1031 3929 1124">
    <p class='ocr_par' dir='ltr' id='par_1_9' title="bbox 699 1031 3929 1124">
     <span class='ocr_line' id='line_1_9' title="bbox 699 1031 3929 1124; baseline -0.009 -12"><span class='ocrx_word' id='word_1_95' title='bbox 699 1062 819 1112; x_wconf 87' lang='lat' dir='ltr'><strong>bunt</strong></span> <span class='ocrx_word' id='word_1_96' title='bbox 857 1058 1102 1110; x_wconf 87' lang='lat' dir='ltr'><strong>adversus</strong></span> <span class='ocrx_word' id='word_1_97' title='bbox 1128 1072 1266 1107; x_wconf 89' lang='lat' dir='ltr'><strong>eam.</strong></span> <span class='ocrx_word' id='word_1_98' title='bbox 1290 1053 1490 1107; x_wconf 79' lang='lat' dir='ltr'><strong>Cavete</strong></span> <span class='ocrx_word' id='word_1_99' title='bbox 1522 1055 1684 1124; x_wconf 77' lang='lat' dir='ltr'><strong>igitur</strong></span> <span class='ocrx_word' id='word_1_100' title='bbox 1717 1054 1783 1106; x_wconf 89' lang='lat' dir='ltr'><strong>ab</strong></span> <span class='ocrx_word' id='word_1_101' title='bbox 1815 1053 2027 1105; x_wconf 90' lang='lat' dir='ltr'><strong>illorum</strong></span> <span class='ocrx_word' id='word_1_102' title='bbox 2069 1049 2371 1105; x_wconf 87' lang='lat' dir='ltr'><strong>fraudibus,</strong></span> <span class='ocrx_word' id='word_1_103' title='bbox 2397 1041 2489 1109; x_wconf 88' lang='lat' dir='ltr'><strong>qui</strong></span> <span class='ocrx_word' id='word_1_104' title='bbox 2520 1039 2739 1092; x_wconf 80' lang='lat' dir='ltr'><strong>nomine</strong></span> <span class='ocrx_word' id='word_1_105' title='bbox 2759 1046 2916 1089; x_wconf 90' lang='lat' dir='ltr'><strong>tenus</strong></span> <span class='ocrx_word' id='word_1_106' title='bbox 2947 1036 3282 1088; x_wconf 82' lang='lat' dir='ltr'><strong>Antichrislo</strong></span> <span class='ocrx_word' id='word_1_107' title='bbox 3305 1033 3582 1124; x_wconf 78' lang='lat' dir='ltr'><strong>differunt,</strong></span> <span class='ocrx_word' id='word_1_108' title='bbox 3616 1032 3708 1100; x_wconf 89' lang='lat' dir='ltr'><strong>qui</strong></span> <span class='ocrx_word' id='word_1_109' title='bbox 3740 1031 3929 1083; x_wconf 86' lang='lat' dir='ltr'><strong>morti-</strong></span> 
     </span>
    </p>
   </div>
   <div class='ocr_carea' id='block_1_10' title="bbox 698 1122 3928 1210">
    <p class='ocr_par' dir='ltr' id='par_1_10' title="bbox 698 1122 3928 1210">
     <span class='ocr_line' id='line_1_10' title="bbox 698 1122 3928 1210; baseline -0.008 -10"><span class='ocrx_word' id='word_1_110' title='bbox 698 1147 873 1200; x_wconf 89' lang='lat' dir='ltr'><strong>ferum</strong></span> <span class='ocrx_word' id='word_1_111' title='bbox 909 1144 1192 1198; x_wconf 84' lang='lat' dir='ltr'><strong>animabus</strong></span> <span class='ocrx_word' id='word_1_112' title='bbox 1221 1157 1490 1195; x_wconf 90' lang='lat' dir='ltr'><strong>venenum</strong></span> <span class='ocrx_word' id='word_1_113' title='bbox 1524 1122 1835 1210; x_wconf 82' lang='lat' dir='ltr'><strong>propinaut,</strong></span> <span class='ocrx_word' id='word_1_114' title='bbox 1861 1141 1988 1194; x_wconf 90' lang='lat' dir='ltr'><strong>dum</strong></span> <span class='ocrx_word' id='word_1_115' title='bbox 2017 1155 2109 1192; x_wconf 90' lang='lat' dir='ltr'><strong>eas</strong></span> <span class='ocrx_word' id='word_1_116' title='bbox 2134 1153 2163 1192; x_wconf 89' lang='lat' dir='ltr'><strong>a</strong></span> <span class='ocrx_word' id='word_1_117' title='bbox 2205 1135 2377 1189; x_wconf 89' lang='lat' dir='ltr'><strong>sancti</strong></span> <span class='ocrx_word' id='word_1_118' title='bbox 2413 1131 2649 1200; x_wconf 79' lang='lat' dir='ltr'><strong>Spiritus</strong></span> <span class='ocrx_word' id='word_1_119' title='bbox 2691 1129 2932 1182; x_wconf 84' lang='lat' dir='ltr'><strong>doctrina</strong></span> <span class='ocrx_word' id='word_1_120' title='bbox 2959 1127 3205 1195; x_wconf 90' lang='lat' dir='ltr'><strong>datisque</strong></span> <span class='ocrx_word' id='word_1_121' title='bbox 3229 1124 3472 1194; x_wconf 89' lang='lat' dir='ltr'><strong>ejusdem</strong></span> <span class='ocrx_word' id='word_1_122' title='bbox 3508 1122 3928 1176; x_wconf 85' lang='lat' dir='ltr'><strong>demonstratio-</strong></span> 
     </span>
    </p>
   </div>
   <div class='ocr_carea' id='block_1_11' title="bbox 701 1234 1163 1286">
    <p class='ocr_par' dir='ltr' id='par_1_11' title="bbox 701 1234 1163 1286">
     <span class='ocr_line' id='line_1_11' title="bbox 701 1234 1163 1286; baseline -0.009 0"><span class='ocrx_word' id='word_1_123' title='bbox 701 1234 858 1286; x_wconf 88' lang='lat' dir='ltr'><strong>nibus</strong></span> <span class='ocrx_word' id='word_1_124' title='bbox 892 1239 1163 1284; x_wconf 91' lang='lat' dir='ltr'><strong>avertunt.</strong></span> 
     </span>
    </p>
   </div>
   <div class='ocr_carea' id='block_1_12' title="bbox 775 1318 3932 1406">
    <p class='ocr_par' dir='ltr' id='par_1_12' title="bbox 775 1318 3932 1406">
     <span class='ocr_line' id='line_1_12' title="bbox 775 1318 3932 1406; baseline -0.007 -13"><span class='ocrx_word' id='word_1_125' title='bbox 775 1341 826 1393; x_wconf 78' lang='lat'><strong>3.</strong></span> <span class='ocrx_word' id='word_1_126' title='bbox 869 1339 1080 1406; x_wconf 87' lang='lat' dir='ltr'><strong>Quippe</strong></span> <span class='ocrx_word' id='word_1_127' title='bbox 1108 1337 1189 1398; x_wconf 88' lang='lat' dir='ltr'><strong>bi,</strong></span> <span class='ocrx_word' id='word_1_128' title='bbox 1229 1346 1452 1406; x_wconf 75' lang='lat' dir='ltr'><strong>promer</strong></span> <span class='ocrx_word' id='word_1_129' title='bbox 1481 1351 1592 1389; x_wconf 71' lang='lat' dir='ltr'><strong>sua:</strong></span> <span class='ocrx_word' id='word_1_130' title='bbox 1617 1336 1817 1388; x_wconf 91' lang='lat' dir='ltr'><strong>mentis</strong></span> <span class='ocrx_word' id='word_1_131' title='bbox 1847 1334 2290 1392; x_wconf 89' lang='lat' dir='ltr'><strong>imbecillitatem,</strong></span> <span class='ocrx_word' id='word_1_132' title='bbox 2313 1327 2598 1382; x_wconf 89' lang='lat' dir='ltr'><strong>Dominum</strong></span> <span class='ocrx_word' id='word_1_133' title='bbox 2640 1333 2884 1377; x_wconf 92' lang='lat' dir='ltr'><strong>nostrum</strong></span> <span class='ocrx_word' id='word_1_134' title='bbox 2910 1321 3096 1376; x_wconf 83' lang='lat' dir='ltr'><strong>Jesum</strong></span> <span class='ocrx_word' id='word_1_135' title='bbox 3117 1321 3414 1383; x_wconf 87' lang='lat' dir='ltr'><strong>Christum,</strong></span> <span class='ocrx_word' id='word_1_136' title='bbox 3447 1318 3616 1373; x_wconf 91' lang='lat' dir='ltr'><strong>Deum</strong></span> <span class='ocrx_word' id='word_1_137' title='bbox 3645 1329 3700 1372; x_wconf 92' lang='lat' dir='ltr'><strong>et</strong></span> <span class='ocrx_word' id='word_1_138' title='bbox 3749 1319 3932 1372; x_wconf 85' lang='lat' dir='ltr'><strong>homi-</strong></span> 
     </span>
    </p>
   </div>
   <div class='ocr_carea' id='block_1_13' title="bbox 704 1408 3930 1491">
    <p class='ocr_par' dir='ltr' id='par_1_13' title="bbox 704 1408 3930 1491">
     <span class='ocr_line' id='line_1_13' title="bbox 704 1408 3930 1491; baseline -0.007 -13"><span class='ocrx_word' id='word_1_139' title='bbox 704 1441 826 1478; x_wconf 90' lang='lat' dir='ltr'><strong>ncm</strong></span> <span class='ocrx_word' id='word_1_140' title='bbox 854 1439 972 1477; x_wconf 89' lang='lat' dir='ltr'><strong>esse</strong></span> <span class='ocrx_word' id='word_1_141' title='bbox 1003 1439 1110 1474; x_wconf 91' lang='lat' dir='ltr'><strong>non</strong></span> <span class='ocrx_word' id='word_1_142' title='bbox 1135 1430 1459 1491; x_wconf 81' lang='lat' dir='ltr'><strong>agnoscunt,</strong></span> <span class='ocrx_word' id='word_1_143' title='bbox 1494 1421 1544 1472; x_wconf 92' lang='lat' dir='ltr'><strong>id</strong></span> <span class='ocrx_word' id='word_1_144' title='bbox 1577 1429 1661 1473; x_wconf 90' lang='lat' dir='ltr'><strong>est</strong></span> <span class='ocrx_word' id='word_1_145' title='bbox 1687 1421 1866 1472; x_wconf 90' lang='lat' dir='ltr'><strong>divina</strong></span> <span class='ocrx_word' id='word_1_146' title='bbox 1893 1420 2234 1486; x_wconf 90' lang='lat' dir='ltr'><strong>humanaque</strong></span> <span class='ocrx_word' id='word_1_147' title='bbox 2287 1424 2478 1469; x_wconf 90' lang='lat' dir='ltr'><strong>natura</strong></span> <span class='ocrx_word' id='word_1_148' title='bbox 2509 1413 2794 1483; x_wconf 74' lang='lat' dir='ltr'><strong>praeditum</strong></span> <span class='ocrx_word' id='word_1_149' title='bbox 2826 1429 2840 1476; x_wconf 90' lang='lat'><strong>;</strong></span> <span class='ocrx_word' id='word_1_150' title='bbox 2875 1421 3035 1478; x_wconf 88' lang='lat' dir='ltr'><strong>atque</strong></span> <span class='ocrx_word' id='word_1_151' title='bbox 3074 1411 3176 1463; x_wconf 91' lang='lat' dir='ltr'><strong>hac</strong></span> <span class='ocrx_word' id='word_1_152' title='bbox 3195 1410 3414 1462; x_wconf 84' lang='lat' dir='ltr'><strong>vesania</strong></span> <span class='ocrx_word' id='word_1_153' title='bbox 3452 1408 3683 1476; x_wconf 90' lang='lat' dir='ltr'><strong>correpti</strong></span> <span class='ocrx_word' id='word_1_154' title='bbox 3717 1415 3930 1459; x_wconf 85' lang='lat' dir='ltr'><strong>utram-</strong></span> 
     </span>
    </p>
   </div>
   <div class='ocr_carea' id='block_1_14' title="bbox 704 1496 3932 1580">
    <p class='ocr_par' dir='ltr' id='par_1_14' title="bbox 704 1496 3932 1580">
     <span class='ocr_line' id='line_1_14' title="bbox 704 1496 3932 1580; baseline -0.005 -19"><span class='ocrx_word' id='word_1_155' title='bbox 704 1528 807 1580; x_wconf 86' lang='lat' dir='ltr'><strong>que</strong></span> <span class='ocrx_word' id='word_1_156' title='bbox 856 1521 1106 1563; x_wconf 87' lang='lat' dir='ltr'><strong>naturam</strong></span> <span class='ocrx_word' id='word_1_157' title='bbox 1138 1517 1352 1577; x_wconf 86' lang='lat' dir='ltr'><strong>negant.</strong></span> <span class='ocrx_word' id='word_1_158' title='bbox 1387 1507 1591 1574; x_wconf 81' lang='lat' dir='ltr'><strong>lleapse</strong></span> <span class='ocrx_word' id='word_1_159' title='bbox 1614 1509 1657 1560; x_wconf 91' lang='lat' dir='ltr'><strong>si</strong></span> <span class='ocrx_word' id='word_1_160' title='bbox 1700 1508 1786 1560; x_wconf 92' lang='lat' dir='ltr'><strong>illa</strong></span> <span class='ocrx_word' id='word_1_161' title='bbox 1813 1505 1970 1560; x_wconf 89' lang='lat' dir='ltr'><strong>unica</strong></span> <span class='ocrx_word' id='word_1_162' title='bbox 1991 1521 2151 1574; x_wconf 90' lang='lat' dir='ltr'><strong>quam</strong></span> <span class='ocrx_word' id='word_1_163' title='bbox 2181 1506 2507 1560; x_wconf 88' lang='lat' dir='ltr'><strong>conlitentur</strong></span> <span class='ocrx_word' id='word_1_164' title='bbox 2531 1515 2720 1557; x_wconf 90' lang='lat' dir='ltr'><strong>natura</strong></span> <span class='ocrx_word' id='word_1_165' title='bbox 2761 1502 2986 1570; x_wconf 80' lang='lat' dir='ltr'><strong>simplex</strong></span> <span class='ocrx_word' id='word_1_166' title='bbox 3003 1510 3106 1562; x_wconf 92' lang='lat' dir='ltr'><strong>est,</strong></span> <span class='ocrx_word' id='word_1_167' title='bbox 3145 1500 3261 1553; x_wconf 89' lang='lat' dir='ltr'><strong>sine</strong></span> <span class='ocrx_word' id='word_1_168' title='bbox 3292 1499 3458 1552; x_wconf 88' lang='lat' dir='ltr'><strong>dubio</strong></span> <span class='ocrx_word' id='word_1_169' title='bbox 3490 1500 3712 1551; x_wconf 85' lang='lat' dir='ltr'><strong>alteram</strong></span> <span class='ocrx_word' id='word_1_170' title='bbox 3745 1496 3932 1549; x_wconf 82' lang='lat' dir='ltr'><strong>exclu-</strong></span> 
     </span>
    </p>
   </div>
   <div class='ocr_carea' id='block_1_15' title="bbox 707 1585 3932 1662">
    <p class='ocr_par' dir='ltr' id='par_1_15' title="bbox 707 1585 3932 1662">
     <span class='ocr_line' id='line_1_15' title="bbox 707 1585 3932 1662; baseline -0.004 -12"><span class='ocrx_word' id='word_1_171' title='bbox 707 1609 844 1652; x_wconf 89' lang='lat' dir='ltr'><strong>dunt</strong></span> <span class='ocrx_word' id='word_1_172' title='bbox 876 1617 888 1650; x_wconf 72' lang='grc' dir='ltr'><strong>ε</strong></span> <span class='ocrx_word' id='word_1_173' title='bbox 915 1599 996 1651; x_wconf 90' lang='lat' dir='ltr'><strong>sin</strong></span> <span class='ocrx_word' id='word_1_174' title='bbox 1031 1613 1095 1649; x_wconf 89' lang='lat' dir='ltr'><strong>ex</strong></span> <span class='ocrx_word' id='word_1_175' title='bbox 1122 1597 1331 1648; x_wconf 89' lang='lat' dir='ltr'><strong>duabus</strong></span> <span class='ocrx_word' id='word_1_176' title='bbox 1361 1594 1701 1662; x_wconf 91' lang='lat' dir='ltr'><strong>simplicibus</strong></span> <span class='ocrx_word' id='word_1_177' title='bbox 1722 1602 1803 1646; x_wconf 89' lang='lat' dir='ltr'><strong>est</strong></span> <span class='ocrx_word' id='word_1_178' title='bbox 1833 1594 2151 1661; x_wconf 89' lang='lat' dir='ltr'><strong>composita,</strong></span> <span class='ocrx_word' id='word_1_179' title='bbox 2203 1594 2387 1662; x_wconf 89' lang='lat' dir='ltr'><strong>procul</strong></span> <span class='ocrx_word' id='word_1_180' title='bbox 2426 1594 2592 1646; x_wconf 85' lang='lat' dir='ltr'><strong>dubio</strong></span> <span class='ocrx_word' id='word_1_181' title='bbox 2621 1593 2810 1644; x_wconf 89' lang='lat' dir='ltr'><strong>harum</strong></span> <span class='ocrx_word' id='word_1_182' title='bbox 2851 1599 3046 1642; x_wconf 88' lang='lat' dir='ltr'><strong>neutra</strong></span> <span class='ocrx_word' id='word_1_183' title='bbox 3081 1589 3355 1657; x_wconf 88' lang='lat' dir='ltr'><strong>propriam</strong></span> <span class='ocrx_word' id='word_1_184' title='bbox 3405 1587 3758 1640; x_wconf 84' lang='lat' dir='ltr'><strong>substantiam</strong></span> <span class='ocrx_word' id='word_1_185' title='bbox 3796 1585 3932 1637; x_wconf 85' lang='lat' dir='ltr'><strong>reti-</strong></span> 
     </span>
    </p>
   </div>
   <div class='ocr_carea' id='block_1_16' title="bbox 711 1673 3932 1751">
    <p class='ocr_par' dir='ltr' id='par_1_16' title="bbox 711 1673 3932 1751">
     <span class='ocr_line' id='line_1_16' title="bbox 711 1673 3932 1751; baseline -0.005 -12"><span class='ocrx_word' id='word_1_186' title='bbox 711 1698 822 1750; x_wconf 86' lang='lat' dir='ltr'><strong>net,</strong></span> <span class='ocrx_word' id='word_1_187' title='bbox 858 1701 979 1751; x_wconf 71' lang='lat' dir='ltr'><strong>qua:</strong></span> <span class='ocrx_word' id='word_1_188' title='bbox 1026 1685 1080 1736; x_wconf 90' lang='lat' dir='ltr'><strong>in</strong></span> <span class='ocrx_word' id='word_1_189' title='bbox 1108 1693 1337 1750; x_wconf 86' lang='lat' dir='ltr'><strong>utraque</strong></span> <span class='ocrx_word' id='word_1_190' title='bbox 1368 1683 1546 1750; x_wconf 89' lang='lat' dir='ltr'><strong>potius</strong></span> <span class='ocrx_word' id='word_1_191' title='bbox 1570 1689 1850 1750; x_wconf 89' lang='lat' dir='ltr'><strong>perempta</strong></span> <span class='ocrx_word' id='word_1_192' title='bbox 1884 1692 1986 1733; x_wconf 90' lang='lat' dir='ltr'><strong>est.</strong></span> <span class='ocrx_word' id='word_1_193' title='bbox 2027 1681 2136 1749; x_wconf 86' lang='lat' dir='ltr'><strong>Age</strong></span> <span class='ocrx_word' id='word_1_194' title='bbox 2159 1695 2307 1742; x_wconf 82' lang='lat' dir='ltr'><strong>vero,</strong></span> <span class='ocrx_word' id='word_1_195' title='bbox 2341 1695 2588 1748; x_wconf 79' lang='lat' dir='ltr'><strong>quamam</strong></span> <span class='ocrx_word' id='word_1_196' title='bbox 2623 1679 2848 1730; x_wconf 84' lang='lat' dir='ltr'><strong>istorum</strong></span> <span class='ocrx_word' id='word_1_197' title='bbox 2900 1676 3172 1729; x_wconf 87' lang='lat' dir='ltr'><strong>sententia</strong></span> <span class='ocrx_word' id='word_1_198' title='bbox 3203 1675 3331 1728; x_wconf 86' lang='lat' dir='ltr'><strong>est?</strong></span> <span class='ocrx_word' id='word_1_199' title='bbox 3379 1673 3516 1726; x_wconf 83' lang='lat' dir='ltr'><strong>Num</strong></span> <span class='ocrx_word' id='word_1_200' title='bbox 3571 1674 3932 1741; x_wconf 86' lang='lat' dir='ltr'><strong>compositam</strong></span> 
     </span>
    </p>
   </div>
   <div class='ocr_carea' id='block_1_17' title="bbox 713 1762 3930 1835">
    <p class='ocr_par' dir='ltr' id='par_1_17' title="bbox 713 1762 3930 1835">
     <span class='ocr_line' id='line_1_17' title="bbox 713 1762 3930 1835; baseline -0.004 -12"><span class='ocrx_word' id='word_1_201' title='bbox 713 1773 854 1824; x_wconf 81' lang='lat' dir='ltr'><strong>illaut</strong></span> <span class='ocrx_word' id='word_1_202' title='bbox 913 1779 1181 1832; x_wconf 88' lang='lat' dir='ltr'><strong>naturam,</strong></span> <span class='ocrx_word' id='word_1_203' title='bbox 1220 1784 1249 1821; x_wconf 92' lang='lat' dir='ltr'><strong>a</strong></span> <span class='ocrx_word' id='word_1_204' title='bbox 1279 1767 1452 1820; x_wconf 83' lang='lat' dir='ltr'><strong>Patris</strong></span> <span class='ocrx_word' id='word_1_205' title='bbox 1480 1777 1533 1820; x_wconf 83' lang='lat' dir='ltr'><strong>et</strong></span> <span class='ocrx_word' id='word_1_206' title='bbox 1563 1767 1802 1835; x_wconf 88' lang='lat' dir='ltr'><strong>Spiritus</strong></span> <span class='ocrx_word' id='word_1_207' title='bbox 1841 1769 2012 1820; x_wconf 87' lang='lat' dir='ltr'><strong>sancti</strong></span> <span class='ocrx_word' id='word_1_208' title='bbox 2050 1779 2242 1820; x_wconf 89' lang='lat' dir='ltr'><strong>natura</strong></span> <span class='ocrx_word' id='word_1_209' title='bbox 2286 1768 2596 1821; x_wconf 81' lang='lat' dir='ltr'><strong>distinctam</strong></span> <span class='ocrx_word' id='word_1_210' title='bbox 2626 1765 2877 1826; x_wconf 88' lang='lat' dir='ltr'><strong>credunt,</strong></span> <span class='ocrx_word' id='word_1_211' title='bbox 2906 1779 2974 1816; x_wconf 91' lang='lat' dir='ltr'><strong>an</strong></span> <span class='ocrx_word' id='word_1_212' title='bbox 3022 1763 3230 1816; x_wconf 87' lang='lat' dir='ltr'><strong>secus?</strong></span> <span class='ocrx_word' id='word_1_213' title='bbox 3259 1763 3312 1814; x_wconf 92' lang='lat' dir='ltr'><strong>Si</strong></span> <span class='ocrx_word' id='word_1_214' title='bbox 3363 1762 3673 1814; x_wconf 88' lang='lat' dir='ltr'><strong>distinctam</strong></span> <span class='ocrx_word' id='word_1_215' title='bbox 3708 1769 3930 1829; x_wconf 80' lang='lat' dir='ltr'><strong>negant.</strong></span> 
     </span>
    </p>
   </div>
   <div class='ocr_carea' id='block_1_18' title="bbox 711 1849 3934 1926">
    <p class='ocr_par' dir='ltr' id='par_1_18' title="bbox 711 1849 3934 1926">
     <span class='ocr_line' id='line_1_18' title="bbox 711 1849 3934 1926; baseline -0.004 -14"><span class='ocrx_word' id='word_1_216' title='bbox 711 1857 1044 1926; x_wconf 83' lang='lat' dir='ltr'><strong>blasphemia</strong></span> <span class='ocrx_word' id='word_1_217' title='bbox 1078 1873 1172 1909; x_wconf 90' lang='lat' dir='ltr'><strong>sua</strong></span> <span class='ocrx_word' id='word_1_218' title='bbox 1203 1857 1527 1918; x_wconf 89' lang='lat' dir='ltr'><strong>obruuntur,</strong></span> <span class='ocrx_word' id='word_1_219' title='bbox 1560 1855 1684 1923; x_wconf 89' lang='lat' dir='ltr'><strong>quia</strong></span> <span class='ocrx_word' id='word_1_220' title='bbox 1715 1853 1890 1907; x_wconf 85' lang='lat' dir='ltr'><strong>Patris</strong></span> <span class='ocrx_word' id='word_1_221' title='bbox 1915 1864 2107 1908; x_wconf 90' lang='lat' dir='ltr'><strong>natura</strong></span> <span class='ocrx_word' id='word_1_222' title='bbox 2131 1856 2426 1924; x_wconf 91' lang='lat' dir='ltr'><strong>composita</strong></span> <span class='ocrx_word' id='word_1_223' title='bbox 2455 1854 2728 1907; x_wconf 85' lang='lat' dir='ltr'><strong>evaderet.</strong></span> <span class='ocrx_word' id='word_1_224' title='bbox 2763 1852 2858 1905; x_wconf 90' lang='lat' dir='ltr'><strong>Sin</strong></span> <span class='ocrx_word' id='word_1_225' title='bbox 2890 1860 3077 1906; x_wconf 91' lang='lat' dir='ltr'><strong>contra</strong></span> <span class='ocrx_word' id='word_1_226' title='bbox 3109 1850 3417 1904; x_wconf 88' lang='lat' dir='ltr'><strong>distinctam</strong></span> <span class='ocrx_word' id='word_1_227' title='bbox 3442 1850 3613 1913; x_wconf 91' lang='lat' dir='ltr'><strong>aiunt,</strong></span> <span class='ocrx_word' id='word_1_228' title='bbox 3636 1864 3702 1902; x_wconf 87' lang='lat' dir='ltr'><strong>en</strong></span> <span class='ocrx_word' id='word_1_229' title='bbox 3759 1849 3934 1902; x_wconf 83' lang='lat' dir='ltr'><strong>Filius</strong></span> 
     </span>
    </p>
   </div>
   <div class='ocr_carea' id='block_1_19' title="bbox 713 1935 3936 2014">
    <p class='ocr_par' dir='ltr' id='par_1_19' title="bbox 713 1935 3936 2014">
     <span class='ocr_line' id='line_1_19' title="bbox 713 1935 3936 2014; baseline -0.004 -17"><span class='ocrx_word' id='word_1_230' title='bbox 713 1954 934 2014; x_wconf 81' lang='lat' dir='ltr'><strong>paterna</strong></span> <span class='ocrx_word' id='word_1_231' title='bbox 965 1952 1161 1995; x_wconf 89' lang='lat' dir='ltr'><strong>natura</strong></span> <span class='ocrx_word' id='word_1_232' title='bbox 1194 1951 1342 1994; x_wconf 91' lang='lat' dir='ltr'><strong>caret</strong></span> <span class='ocrx_word' id='word_1_233' title='bbox 1373 1959 1384 1992; x_wconf 91' lang='lat'>:</span> <span class='ocrx_word' id='word_1_234' title='bbox 1421 1941 1562 2008; x_wconf 91' lang='lat' dir='ltr'><strong>quod</strong></span> <span class='ocrx_word' id='word_1_235' title='bbox 1593 1941 1684 2009; x_wconf 89' lang='lat' dir='ltr'><strong>qui</strong></span> <span class='ocrx_word' id='word_1_236' title='bbox 1707 1940 1994 2004; x_wconf 83' lang='lat' dir='ltr'><strong>aﬁirmant,</strong></span> <span class='ocrx_word' id='word_1_237' title='bbox 2019 1942 2127 2010; x_wconf 86' lang='lat' dir='ltr'><strong>jam</strong></span> <span class='ocrx_word' id='word_1_238' title='bbox 2151 1950 2376 2011; x_wconf 85' lang='lat' dir='ltr'><strong>apparet</strong></span> <span class='ocrx_word' id='word_1_239' title='bbox 2399 1956 2632 2009; x_wconf 89' lang='lat' dir='ltr'><strong>quonam</strong></span> <span class='ocrx_word' id='word_1_240' title='bbox 2661 1956 2718 1993; x_wconf 91' lang='lat' dir='ltr'><strong>se</strong></span> <span class='ocrx_word' id='word_1_241' title='bbox 2746 1939 3050 2010; x_wconf 63' lang='lat' dir='ltr'><strong>praacipites</strong></span> <span class='ocrx_word' id='word_1_242' title='bbox 3079 1935 3511 2008; x_wconf 89' lang='lat' dir='ltr'><strong>proruant.Quis</strong></span> <span class='ocrx_word' id='word_1_243' title='bbox 3548 1951 3676 1990; x_wconf 90' lang='lat' dir='ltr'><strong>vero</strong></span> <span class='ocrx_word' id='word_1_244' title='bbox 3702 1951 3765 1988; x_wconf 93' lang='lat' dir='ltr'><strong>ex</strong></span> <span class='ocrx_word' id='word_1_245' title='bbox 3793 1936 3936 1987; x_wconf 87' lang='lat' dir='ltr'><strong>divi-</strong></span> 
     </span>
    </p>
   </div>
   <div class='ocr_carea' id='block_1_20' title="bbox 713 2024 3933 2097">
    <p class='ocr_par' dir='ltr' id='par_1_20' title="bbox 713 2024 3933 2097">
     <span class='ocr_line' id='line_1_20' title="bbox 713 2024 3933 2097; baseline -0.003 -12"><span class='ocrx_word' id='word_1_246' title='bbox 713 2033 801 2085; x_wconf 90' lang='lat' dir='ltr'><strong>nis</strong></span> <span class='ocrx_word' id='word_1_247' title='bbox 835 2031 984 2085; x_wconf 91' lang='lat' dir='ltr'><strong>libris</strong></span> <span class='ocrx_word' id='word_1_248' title='bbox 1007 2029 1501 2084; x_wconf 83' lang='lat' dir='ltr'><strong>demonstrationes</strong></span> <span class='ocrx_word' id='word_1_249' title='bbox 1533 2028 1693 2097; x_wconf 82' lang='lat' dir='ltr'><strong>hujus</strong></span> <span class='ocrx_word' id='word_1_250' title='bbox 1729 2028 1993 2097; x_wconf 78' lang='lat' dir='ltr'><strong>dogmatis</strong></span> <span class='ocrx_word' id='word_1_251' title='bbox 2019 2044 2207 2082; x_wconf 90' lang='lat' dir='ltr'><strong>omnes</strong></span> <span class='ocrx_word' id='word_1_252' title='bbox 2235 2045 2554 2083; x_wconf 80' lang='lat' dir='ltr'><strong>coacervare</strong></span> <span class='ocrx_word' id='word_1_253' title='bbox 2583 2038 2769 2097; x_wconf 91' lang='lat' dir='ltr'><strong>queat,</strong></span> <span class='ocrx_word' id='word_1_254' title='bbox 2801 2043 2940 2097; x_wconf 86' lang='lat' dir='ltr'><strong>quas</strong></span> <span class='ocrx_word' id='word_1_255' title='bbox 2960 2028 3080 2096; x_wconf 83' lang='lat' dir='ltr'><strong>jam</strong></span> <span class='ocrx_word' id='word_1_256' title='bbox 3120 2035 3339 2080; x_wconf 88' lang='lat' dir='ltr'><strong>sanctus</strong></span> <span class='ocrx_word' id='word_1_257' title='bbox 3375 2024 3610 2094; x_wconf 90' lang='lat' dir='ltr'><strong>Spiritus</strong></span> <span class='ocrx_word' id='word_1_258' title='bbox 3643 2039 3737 2094; x_wconf 93' lang='lat' dir='ltr'><strong>per</strong></span> <span class='ocrx_word' id='word_1_259' title='bbox 3763 2040 3933 2093; x_wconf 82' lang='lat' dir='ltr'><strong>quar-</strong></span> 
     </span>
    </p>
   </div>
   <div class='ocr_carea' id='block_1_21' title="bbox 722 2110 3936 2186">
    <p class='ocr_par' dir='ltr' id='par_1_21' title="bbox 722 2110 3936 2186">
     <span class='ocr_line' id='line_1_21' title="bbox 722 2110 3936 2186; baseline -0.003 -13"><span class='ocrx_word' id='word_1_260' title='bbox 722 2131 834 2173; x_wconf 90' lang='lat' dir='ltr'><strong>tum</strong></span> <span class='ocrx_word' id='word_1_261' title='bbox 869 2119 1160 2172; x_wconf 89' lang='lat' dir='ltr'><strong>concilium</strong></span> <span class='ocrx_word' id='word_1_262' title='bbox 1191 2133 1286 2170; x_wconf 89' lang='lat' dir='ltr'><strong>ceu</strong></span> <span class='ocrx_word' id='word_1_263' title='bbox 1320 2117 1518 2170; x_wconf 90' lang='lat' dir='ltr'><strong>invicta</strong></span> <span class='ocrx_word' id='word_1_264' title='bbox 1538 2125 1872 2186; x_wconf 86' lang='lat' dir='ltr'><strong>argumenta,</strong></span> <span class='ocrx_word' id='word_1_265' title='bbox 1903 2117 1973 2171; x_wconf 87' lang='lat' dir='ltr'><strong>ob</strong></span> <span class='ocrx_word' id='word_1_266' title='bbox 1996 2117 2310 2171; x_wconf 89' lang='lat' dir='ltr'><strong>ﬁrmandam</strong></span> <span class='ocrx_word' id='word_1_267' title='bbox 2342 2116 2521 2178; x_wconf 87' lang='lat' dir='ltr'><strong>ﬁdem,</strong></span> <span class='ocrx_word' id='word_1_268' title='bbox 2566 2115 2906 2169; x_wconf 81' lang='lat' dir='ltr'><strong>adversarios</strong></span> <span class='ocrx_word' id='word_1_269' title='bbox 2937 2112 3318 2182; x_wconf 88' lang='lat' dir='ltr'><strong>proﬁigandos,</strong></span> <span class='ocrx_word' id='word_1_270' title='bbox 3355 2121 3514 2179; x_wconf 90' lang='lat' dir='ltr'><strong>atque</strong></span> <span class='ocrx_word' id='word_1_271' title='bbox 3547 2111 3737 2164; x_wconf 91' lang='lat' dir='ltr'><strong>horum</strong></span> <span class='ocrx_word' id='word_1_272' title='bbox 3769 2110 3936 2164; x_wconf 90' lang='lat' dir='ltr'><strong>dissi-</strong></span> 
     </span>
    </p>
   </div>
   <div class='ocr_carea' id='block_1_22' title="bbox 716 2199 3935 2275">
    <p class='ocr_par' dir='ltr' id='par_1_22' title="bbox 716 2199 3935 2275">
     <span class='ocr_line' id='line_1_22' title="bbox 716 2199 3935 2275; baseline -0.002 -17"><span class='ocrx_word' id='word_1_273' title='bbox 716 2206 890 2275; x_wconf 88' lang='lat' dir='ltr'><strong>panda</strong></span> <span class='ocrx_word' id='word_1_274' title='bbox 921 2203 1169 2260; x_wconf 87' lang='lat' dir='ltr'><strong>consilia.</strong></span> <span class='ocrx_word' id='word_1_275' title='bbox 1202 2203 1500 2271; x_wconf 84' lang='lat' dir='ltr'><strong>exposuit?</strong></span> <span class='ocrx_word' id='word_1_276' title='bbox 1527 2201 1723 2255; x_wconf 60' lang='lat' dir='ltr'><strong>Praeter</strong></span> <span class='ocrx_word' id='word_1_277' title='bbox 1768 2218 1929 2270; x_wconf 91' lang='lat' dir='ltr'><strong>quam</strong></span> <span class='ocrx_word' id='word_1_278' title='bbox 1963 2204 2105 2272; x_wconf 90' lang='lat' dir='ltr'><strong>quod</strong></span> <span class='ocrx_word' id='word_1_279' title='bbox 2137 2204 2180 2257; x_wconf 90' lang='lat' dir='ltr'><strong>si</strong></span> <span class='ocrx_word' id='word_1_280' title='bbox 2215 2204 2278 2256; x_wconf 89' lang='lat' dir='ltr'><strong>ad</strong></span> <span class='ocrx_word' id='word_1_281' title='bbox 2305 2205 2577 2272; x_wconf 76' lang='lat' dir='ltr'><strong>vulgarem</strong></span> <span class='ocrx_word' id='word_1_282' title='bbox 2608 2203 2882 2256; x_wconf 87' lang='lat' dir='ltr'><strong>hominem</strong></span> <span class='ocrx_word' id='word_1_283' title='bbox 2906 2201 3046 2256; x_wconf 92' lang='lat' dir='ltr'><strong>hanc</strong></span> <span class='ocrx_word' id='word_1_284' title='bbox 3065 2201 3354 2269; x_wconf 87' lang='lat' dir='ltr'><strong>epistolam</strong></span> <span class='ocrx_word' id='word_1_285' title='bbox 3385 2199 3698 2262; x_wconf 88' lang='lat' dir='ltr'><strong>scriberem,</strong></span> <span class='ocrx_word' id='word_1_286' title='bbox 3745 2199 3935 2252; x_wconf 91' lang='lat' dir='ltr'><strong>multis</strong></span> 
     </span>
    </p>
   </div>
   <div class='ocr_carea' id='block_1_23' title="bbox 717 2286 3938 2359">
    <p class='ocr_par' dir='ltr' id='par_1_23' title="bbox 717 2286 3938 2359">
     <span class='ocr_line' id='line_1_23' title="bbox 717 2286 3938 2359; baseline -0.002 -12"><span class='ocrx_word' id='word_1_287' title='bbox 717 2294 1002 2347; x_wconf 83' lang='lat' dir='ltr'><strong>veritatem</strong></span> <span class='ocrx_word' id='word_1_288' title='bbox 1055 2291 1237 2345; x_wconf 90' lang='lat' dir='ltr'><strong>verbis</strong></span> <span class='ocrx_word' id='word_1_289' title='bbox 1279 2306 1416 2359; x_wconf 90' lang='lat' dir='ltr'><strong>opus</strong></span> <span class='ocrx_word' id='word_1_290' title='bbox 1450 2299 1594 2342; x_wconf 86' lang='lat' dir='ltr'><strong>esset</strong></span> <span class='ocrx_word' id='word_1_291' title='bbox 1637 2289 2164 2358; x_wconf 73' lang='lat' dir='ltr'><strong>explicarezvestra:</strong></span> <span class='ocrx_word' id='word_1_292' title='bbox 2198 2301 2375 2344; x_wconf 88' lang='lat' dir='ltr'><strong>tamen</strong></span> <span class='ocrx_word' id='word_1_293' title='bbox 2418 2289 2759 2359; x_wconf 90' lang='lat' dir='ltr'><strong>amplitudini</strong></span> <span class='ocrx_word' id='word_1_294' title='bbox 2810 2305 2871 2342; x_wconf 90' lang='lat' dir='ltr'><strong>ac</strong></span> <span class='ocrx_word' id='word_1_295' title='bbox 2901 2289 3205 2358; x_wconf 77' lang='lat' dir='ltr'><strong>sapientiae,</strong></span> <span class='ocrx_word' id='word_1_296' title='bbox 3256 2295 3544 2355; x_wconf 85' lang='lat' dir='ltr'><strong>vestroque</strong></span> <span class='ocrx_word' id='word_1_297' title='bbox 3579 2286 3823 2339; x_wconf 88' lang='lat' dir='ltr'><strong>veritatis</strong></span> <span class='ocrx_word' id='word_1_298' title='bbox 3881 2297 3938 2340; x_wconf 92' lang='lat' dir='ltr'><strong>et</strong></span> 
     </span>
    </p>
   </div>
   <div class='ocr_carea' id='block_1_24' title="bbox 716 2374 3936 2448">
    <p class='ocr_par' dir='ltr' id='par_1_24' title="bbox 716 2374 3936 2448">
     <span class='ocr_line' id='line_1_24' title="bbox 716 2374 3936 2448; baseline -0.002 -13"><span class='ocrx_word' id='word_1_299' title='bbox 716 2380 1020 2435; x_wconf 63' lang='lat' dir='ltr'><strong>concordia:</strong></span> <span class='ocrx_word' id='word_1_300' title='bbox 1042 2380 1243 2442; x_wconf 88' lang='lat' dir='ltr'><strong>studio,</strong></span> <span class='ocrx_word' id='word_1_301' title='bbox 1281 2395 1400 2447; x_wconf 70' lang='lat' dir='ltr'><strong>quae</strong></span> <span class='ocrx_word' id='word_1_302' title='bbox 1431 2379 1694 2432; x_wconf 90' lang='lat' dir='ltr'><strong>hactenus</strong></span> <span class='ocrx_word' id='word_1_303' title='bbox 1722 2378 1829 2432; x_wconf 88' lang='lat' dir='ltr'><strong>dixi</strong></span> <span class='ocrx_word' id='word_1_304' title='bbox 1857 2378 2131 2433; x_wconf 78' lang='lat' dir='ltr'><strong>sufﬁciunt</strong></span> <span class='ocrx_word' id='word_1_305' title='bbox 2163 2397 2176 2433; x_wconf 90' lang='lat'>:</span> <span class='ocrx_word' id='word_1_306' title='bbox 2207 2381 2510 2448; x_wconf 62' lang='lat' dir='ltr'><strong>praesertim</strong></span> <span class='ocrx_word' id='word_1_307' title='bbox 2540 2379 2666 2448; x_wconf 89' lang='lat' dir='ltr'><strong>quia</strong></span> <span class='ocrx_word' id='word_1_308' title='bbox 2695 2379 2760 2431; x_wconf 90' lang='lat' dir='ltr'><strong>ad</strong></span> <span class='ocrx_word' id='word_1_309' title='bbox 2787 2392 3101 2448; x_wconf 88' lang='lat' dir='ltr'><strong>supremum</strong></span> <span class='ocrx_word' id='word_1_310' title='bbox 3127 2390 3342 2446; x_wconf 89' lang='lat' dir='ltr'><strong>quoque</strong></span> <span class='ocrx_word' id='word_1_311' title='bbox 3361 2374 3658 2429; x_wconf 90' lang='lat' dir='ltr'><strong>antistitem</strong></span> <span class='ocrx_word' id='word_1_312' title='bbox 3691 2385 3936 2430; x_wconf 88' lang='lat' dir='ltr'><strong>vestrum</strong></span> 
     </span>
    </p>
   </div>
   <div class='ocr_carea' id='block_1_25' title="bbox 717 2465 1836 2534">
    <p class='ocr_par' dir='ltr' id='par_1_25' title="bbox 717 2465 1836 2534">
     <span class='ocr_line' id='line_1_25' title="bbox 717 2465 1836 2534; baseline -0.004 -12"><span class='ocrx_word' id='word_1_313' title='bbox 717 2470 808 2523; x_wconf 91' lang='lat' dir='ltr'><strong>diu</strong></span> <span class='ocrx_word' id='word_1_314' title='bbox 843 2484 942 2521; x_wconf 89' lang='lat' dir='ltr'><strong>nec</strong></span> <span class='ocrx_word' id='word_1_315' title='bbox 974 2467 1140 2521; x_wconf 90' lang='lat' dir='ltr'><strong>semel</strong></span> <span class='ocrx_word' id='word_1_316' title='bbox 1161 2467 1260 2520; x_wconf 89' lang='lat' dir='ltr'><strong>hac</strong></span> <span class='ocrx_word' id='word_1_317' title='bbox 1289 2466 1356 2519; x_wconf 86' lang='lat' dir='ltr'><strong>de</strong></span> <span class='ocrx_word' id='word_1_318' title='bbox 1387 2481 1443 2518; x_wconf 92' lang='lat' dir='ltr'><strong>re</strong></span> <span class='ocrx_word' id='word_1_319' title='bbox 1476 2465 1666 2534; x_wconf 92' lang='lat' dir='ltr'><strong>scripsi</strong></span> <span class='ocrx_word' id='word_1_320' title='bbox 1703 2466 1836 2534; x_wconf 83' lang='grc'><strong>(44).</strong></span> 
     </span>
    </p>
   </div>
   <div class='ocr_carea' id='block_1_26' title="bbox 787 2573 3938 2646">
    <p class='ocr_par' dir='ltr' id='par_1_26' title="bbox 787 2573 3938 2646">
     <span class='ocr_line' id='line_1_26' title="bbox 787 2573 3938 2646; baseline -0.002 -14"><span class='ocrx_word' id='word_1_321' title='bbox 787 2580 839 2632; x_wconf 93' lang='grc'><strong>4.</strong></span> <span class='ocrx_word' id='word_1_322' title='bbox 881 2577 1128 2631; x_wconf 81' lang='lat' dir='ltr'><strong>Vestram</strong></span> <span class='ocrx_word' id='word_1_323' title='bbox 1170 2577 1334 2646; x_wconf 91' lang='lat' dir='ltr'><strong>igitur</strong></span> <span class='ocrx_word' id='word_1_324' title='bbox 1362 2577 1773 2646; x_wconf 89' lang='lat' dir='ltr'><strong>amplitudinem</strong></span> <span class='ocrx_word' id='word_1_325' title='bbox 1822 2577 2191 2640; x_wconf 88' lang='lat' dir='ltr'><strong>obsecramus.</strong></span> <span class='ocrx_word' id='word_1_326' title='bbox 2227 2589 2286 2632; x_wconf 92' lang='lat' dir='ltr'><strong>ut</strong></span> <span class='ocrx_word' id='word_1_327' title='bbox 2324 2580 2525 2635; x_wconf 84' lang='lat' dir='ltr'><strong>sanctis</strong></span> <span class='ocrx_word' id='word_1_328' title='bbox 2555 2579 2798 2634; x_wconf 91' lang='lat' dir='ltr'><strong>conciliis</strong></span> <span class='ocrx_word' id='word_1_329' title='bbox 2823 2579 3072 2642; x_wconf 90' lang='lat' dir='ltr'><strong>ducibus,</strong></span> <span class='ocrx_word' id='word_1_330' title='bbox 3114 2591 3246 2646; x_wconf 91' lang='lat' dir='ltr'><strong>pura</strong></span> <span class='ocrx_word' id='word_1_331' title='bbox 3274 2577 3326 2629; x_wconf 92' lang='lat' dir='ltr'><strong>in</strong></span> <span class='ocrx_word' id='word_1_332' title='bbox 3366 2575 3471 2629; x_wconf 88' lang='lat' dir='ltr'><strong>ﬁde</strong></span> <span class='ocrx_word' id='word_1_333' title='bbox 3500 2574 3690 2644; x_wconf 90' lang='lat' dir='ltr'><strong>pedem</strong></span> <span class='ocrx_word' id='word_1_334' title='bbox 3740 2573 3938 2642; x_wconf 86' lang='lat' dir='ltr'><strong>ﬁgatis,</strong></span> 
     </span>
    </p>
   </div>
   <div class='ocr_carea' id='block_1_27' title="bbox 725 2663 3940 2736">
    <p class='ocr_par' dir='ltr' id='par_1_27' title="bbox 725 2663 3940 2736">
     <span class='ocr_line' id='line_1_27' title="bbox 725 2663 3940 2736; baseline -0.001 -16"><span class='ocrx_word' id='word_1_335' title='bbox 725 2683 904 2736; x_wconf 92' lang='lat' dir='ltr'><strong>neque</strong></span> <span class='ocrx_word' id='word_1_336' title='bbox 933 2683 962 2719; x_wconf 92' lang='lat' dir='ltr'><strong>a</strong></span> <span class='ocrx_word' id='word_1_337' title='bbox 992 2666 1364 2720; x_wconf 91' lang='lat' dir='ltr'><strong>communiore</strong></span> <span class='ocrx_word' id='word_1_338' title='bbox 1389 2665 1472 2718; x_wconf 89' lang='lat' dir='ltr'><strong>via</strong></span> <span class='ocrx_word' id='word_1_339' title='bbox 1504 2665 1786 2729; x_wconf 89' lang='lat' dir='ltr'><strong>deerretis,</strong></span> <span class='ocrx_word' id='word_1_340' title='bbox 1817 2667 1910 2719; x_wconf 90' lang='lat' dir='ltr'><strong>sed</strong></span> <span class='ocrx_word' id='word_1_341' title='bbox 1937 2666 1992 2720; x_wconf 92' lang='lat' dir='ltr'><strong>in</strong></span> <span class='ocrx_word' id='word_1_342' title='bbox 2023 2682 2084 2720; x_wconf 89' lang='lat' dir='ltr'><strong>ea</strong></span> <span class='ocrx_word' id='word_1_343' title='bbox 2115 2677 2264 2721; x_wconf 90' lang='lat' dir='ltr'><strong>recto</strong></span> <span class='ocrx_word' id='word_1_344' title='bbox 2298 2669 2512 2721; x_wconf 86' lang='lat' dir='ltr'><strong>tramite</strong></span> <span class='ocrx_word' id='word_1_345' title='bbox 2538 2667 2844 2721; x_wconf 90' lang='lat' dir='ltr'><strong>ambuletis.</strong></span> <span class='ocrx_word' id='word_1_346' title='bbox 2879 2665 3012 2719; x_wconf 67' lang='lat' dir='ltr'><strong>Nam</strong></span> <span class='ocrx_word' id='word_1_347' title='bbox 3047 2665 3136 2733; x_wconf 90' lang='lat' dir='ltr'><strong>qui</strong></span> <span class='ocrx_word' id='word_1_348' title='bbox 3167 2680 3331 2717; x_wconf 94' lang='lat' dir='ltr'><strong>unam</strong></span> <span class='ocrx_word' id='word_1_349' title='bbox 3359 2663 3596 2734; x_wconf 89' lang='lat' dir='ltr'><strong>proﬁteri</strong></span> <span class='ocrx_word' id='word_1_350' title='bbox 3629 2664 3681 2716; x_wconf 89' lang='lat' dir='ltr'><strong>in</strong></span> <span class='ocrx_word' id='word_1_351' title='bbox 3715 2663 3940 2717; x_wconf 83' lang='lat' dir='ltr'><strong>Christo</strong></span> 
     </span>
    </p>
   </div>
   <div class='ocr_carea' id='block_1_28' title="bbox 721 2752 3938 2824">
    <p class='ocr_par' dir='ltr' id='par_1_28' title="bbox 721 2752 3938 2824">
     <span class='ocr_line' id='line_1_28' title="bbox 721 2752 3938 2824; baseline -0.002 -15"><span class='ocrx_word' id='word_1_352' title='bbox 721 2756 850 2810; x_wconf 71' lang='lat' dir='ltr'><strong>Iesu</strong></span> <span class='ocrx_word' id='word_1_353' title='bbox 884 2763 1128 2808; x_wconf 91' lang='lat' dir='ltr'><strong>naturam</strong></span> <span class='ocrx_word' id='word_1_354' title='bbox 1163 2752 1350 2815; x_wconf 89' lang='lat' dir='ltr'><strong>audet,</strong></span> <span class='ocrx_word' id='word_1_355' title='bbox 1389 2752 1436 2806; x_wconf 92' lang='lat' dir='ltr'><strong>is</strong></span> <span class='ocrx_word' id='word_1_356' title='bbox 1469 2753 1724 2822; x_wconf 87' lang='lat' dir='ltr'><strong>Eutychis</strong></span> <span class='ocrx_word' id='word_1_357' title='bbox 1750 2753 1800 2805; x_wconf 94' lang='lat' dir='ltr'><strong>in</strong></span> <span class='ocrx_word' id='word_1_358' title='bbox 1841 2768 1898 2806; x_wconf 92' lang='lat' dir='ltr'><strong>se</strong></span> <span class='ocrx_word' id='word_1_359' title='bbox 1941 2753 2340 2808; x_wconf 88' lang='lat' dir='ltr'><strong>damnationem</strong></span> <span class='ocrx_word' id='word_1_360' title='bbox 2374 2764 2652 2824; x_wconf 88' lang='lat' dir='ltr'><strong>provocat,</strong></span> <span class='ocrx_word' id='word_1_361' title='bbox 2679 2764 2733 2808; x_wconf 89' lang='lat' dir='ltr'><strong>et</strong></span> <span class='ocrx_word' id='word_1_362' title='bbox 2759 2754 3013 2822; x_wconf 92' lang='lat' dir='ltr'><strong>opinione</strong></span> <span class='ocrx_word' id='word_1_363' title='bbox 3040 2753 3436 2806; x_wconf 89' lang='lat' dir='ltr'><strong>Sassanitarum</strong></span> <span class='ocrx_word' id='word_1_364' title='bbox 3467 2752 3579 2820; x_wconf 85' lang='grc'><strong>(45)</strong></span> <span class='ocrx_word' id='word_1_365' title='bbox 3627 2760 3938 2820; x_wconf 89' lang='lat' dir='ltr'><strong>corruptus,</strong></span> 
     </span>
    </p>
   </div>
   <div class='ocr_carea' id='block_1_29' title="bbox 724 2838 3942 2913">
    <p class='ocr_par' dir='ltr' id='par_1_29' title="bbox 724 2838 3942 2913">
     <span class='ocr_line' id='line_1_29' title="bbox 724 2838 3942 2913; baseline -0.001 -17"><span class='ocrx_word' id='word_1_366' title='bbox 724 2845 817 2896; x_wconf 90' lang='lat' dir='ltr'><strong>uni</strong></span> <span class='ocrx_word' id='word_1_367' title='bbox 845 2843 1004 2911; x_wconf 79' lang='lat' dir='ltr'><strong>capiti</strong></span> <span class='ocrx_word' id='word_1_368' title='bbox 1035 2841 1256 2895; x_wconf 91' lang='lat' dir='ltr'><strong>subesse</strong></span> <span class='ocrx_word' id='word_1_369' title='bbox 1286 2853 1540 2898; x_wconf 88' lang='lat' dir='ltr'><strong>renuens.</strong></span> <span class='ocrx_word' id='word_1_370' title='bbox 1579 2839 1633 2892; x_wconf 91' lang='lat' dir='ltr'><strong>ﬁt</strong></span> <span class='ocrx_word' id='word_1_371' title='bbox 1675 2839 2076 2909; x_wconf 83' lang='lat' dir='ltr'><strong>polyCephalus,</strong></span> <span class='ocrx_word' id='word_1_372' title='bbox 2107 2852 2162 2896; x_wconf 91' lang='lat' dir='ltr'><strong>et</strong></span> <span class='ocrx_word' id='word_1_373' title='bbox 2189 2844 2420 2898; x_wconf 88' lang='lat' dir='ltr'><strong>Manetis</strong></span> <span class='ocrx_word' id='word_1_374' title='bbox 2448 2845 2607 2898; x_wconf 93' lang='lat' dir='ltr'><strong>simul</strong></span> <span class='ocrx_word' id='word_1_375' title='bbox 2659 2843 2975 2913; x_wconf 89' lang='lat' dir='ltr'><strong>discipulus.</strong></span> <span class='ocrx_word' id='word_1_376' title='bbox 3009 2843 3275 2896; x_wconf 68' lang='lat' dir='ltr'><strong>Praeterea</strong></span> <span class='ocrx_word' id='word_1_377' title='bbox 3317 2842 3408 2911; x_wconf 91' lang='lat' dir='ltr'><strong>qui</strong></span> <span class='ocrx_word' id='word_1_378' title='bbox 3449 2841 3583 2895; x_wconf 89' lang='lat' dir='ltr'><strong>duas</strong></span> <span class='ocrx_word' id='word_1_379' title='bbox 3614 2841 3668 2894; x_wconf 92' lang='lat' dir='ltr'><strong>in</strong></span> <span class='ocrx_word' id='word_1_380' title='bbox 3717 2838 3942 2895; x_wconf 88' lang='lat' dir='ltr'><strong>Christo</strong></span> 
     </span>
    </p>
   </div>
   <div class='ocr_carea' id='block_1_30' title="bbox 726 2928 3941 3000">
    <p class='ocr_par' dir='ltr' id='par_1_30' title="bbox 726 2928 3941 3000">
     <span class='ocr_line' id='line_1_30' title="bbox 726 2928 3941 3000; baseline -0.002 -16"><span class='ocrx_word' id='word_1_381' title='bbox 726 2931 1005 2984; x_wconf 85' lang='lat' dir='ltr'><strong>distinctas</strong></span> <span class='ocrx_word' id='word_1_382' title='bbox 1043 2939 1261 2982; x_wconf 90' lang='lat' dir='ltr'><strong>naturas</strong></span> <span class='ocrx_word' id='word_1_383' title='bbox 1313 2943 1422 2981; x_wconf 92' lang='lat' dir='ltr'><strong>non</strong></span> <span class='ocrx_word' id='word_1_384' title='bbox 1454 2929 1671 2989; x_wconf 81' lang='lat' dir='ltr'><strong>fatetur,</strong></span> <span class='ocrx_word' id='word_1_385' title='bbox 1727 2928 1821 2981; x_wconf 91' lang='lat' dir='ltr'><strong>sed</strong></span> <span class='ocrx_word' id='word_1_386' title='bbox 1866 2929 2000 2981; x_wconf 91' lang='lat' dir='ltr'><strong>duas</strong></span> <span class='ocrx_word' id='word_1_387' title='bbox 2034 2931 2214 2997; x_wconf 91' lang='lat' dir='ltr'><strong>potius</strong></span> <span class='ocrx_word' id='word_1_388' title='bbox 2261 2947 2521 3000; x_wconf 89' lang='lat' dir='ltr'><strong>personas</strong></span> <span class='ocrx_word' id='word_1_389' title='bbox 2549 2933 2763 2995; x_wconf 88' lang='lat' dir='ltr'><strong>astruit,</strong></span> <span class='ocrx_word' id='word_1_390' title='bbox 2799 2932 2842 2984; x_wconf 93' lang='lat' dir='ltr'><strong>is</strong></span> <span class='ocrx_word' id='word_1_391' title='bbox 2871 2932 2923 2983; x_wconf 93' lang='lat' dir='ltr'><strong>in</strong></span> <span class='ocrx_word' id='word_1_392' title='bbox 2969 2929 3199 2982; x_wconf 81' lang='lat' dir='ltr'><strong>Nestorii</strong></span> <span class='ocrx_word' id='word_1_393' title='bbox 3245 2944 3458 2998; x_wconf 68' lang='lat' dir='ltr'><strong>pinnam</strong></span> <span class='ocrx_word' id='word_1_394' title='bbox 3496 2928 3703 2982; x_wconf 89' lang='lat' dir='ltr'><strong>incidit.</strong></span> <span class='ocrx_word' id='word_1_395' title='bbox 3765 2928 3941 2991; x_wconf 87' lang='lat' dir='ltr'><strong>Quam</strong></span> 
     </span>
    </p>
   </div>
   <div class='ocr_carea' id='block_1_31' title="bbox 725 3010 3943 3087">
    <p class='ocr_par' dir='ltr' id='par_1_31' title="bbox 725 3010 3943 3087">
     <span class='ocr_line' id='line_1_31' title="bbox 725 3010 3943 3087; baseline -0.002 -16"><span class='ocrx_word' id='word_1_396' title='bbox 725 3019 910 3071; x_wconf 90' lang='lat' dir='ltr'><strong>obrem</strong></span> <span class='ocrx_word' id='word_1_397' title='bbox 948 3016 1040 3069; x_wconf 85' lang='lat' dir='ltr'><strong>Dei</strong></span> <span class='ocrx_word' id='word_1_398' title='bbox 1077 3013 1340 3074; x_wconf 83' lang='lat' dir='ltr'><strong>Ecclesia.</strong></span> <span class='ocrx_word' id='word_1_399' title='bbox 1375 3023 1601 3082; x_wconf 90' lang='lat' dir='ltr'><strong>utroque</strong></span> <span class='ocrx_word' id='word_1_400' title='bbox 1621 3029 1804 3068; x_wconf 91' lang='lat' dir='ltr'><strong>errore</strong></span> <span class='ocrx_word' id='word_1_401' title='bbox 1830 3013 2082 3079; x_wconf 86' lang='lat' dir='ltr'><strong>refutato,</strong></span> <span class='ocrx_word' id='word_1_402' title='bbox 2110 3017 2354 3072; x_wconf 66' lang='lat' dir='ltr'><strong>haeresim</strong></span> <span class='ocrx_word' id='word_1_403' title='bbox 2387 3034 2415 3070; x_wconf 92' lang='lat' dir='ltr'><strong>a</strong></span> <span class='ocrx_word' id='word_1_404' title='bbox 2439 3019 2551 3072; x_wconf 91' lang='lat' dir='ltr'><strong>suis</strong></span> <span class='ocrx_word' id='word_1_405' title='bbox 2571 3019 2736 3087; x_wconf 80' lang='lat' dir='ltr'><strong>septis</strong></span> <span class='ocrx_word' id='word_1_406' title='bbox 2760 3018 2972 3086; x_wconf 86' lang='lat' dir='ltr'><strong>repulit,</strong></span> <span class='ocrx_word' id='word_1_407' title='bbox 3003 3027 3163 3085; x_wconf 89' lang='lat' dir='ltr'><strong>atque</strong></span> <span class='ocrx_word' id='word_1_408' title='bbox 3193 3031 3353 3069; x_wconf 88' lang='lat' dir='ltr'><strong>unam</strong></span> <span class='ocrx_word' id='word_1_409' title='bbox 3383 3013 3592 3068; x_wconf 90' lang='lat' dir='ltr'><strong>Domini</strong></span> <span class='ocrx_word' id='word_1_410' title='bbox 3611 3011 3781 3066; x_wconf 89' lang='lat' dir='ltr'><strong>nostri</strong></span> <span class='ocrx_word' id='word_1_411' title='bbox 3810 3010 3943 3065; x_wconf 80' lang='lat' dir='ltr'><strong>Jesu</strong></span> 
     </span>
    </p>
   </div>
   <div class='ocr_carea' id='block_1_32' title="bbox 727 3100 3943 3174">
    <p class='ocr_par' dir='ltr' id='par_1_32' title="bbox 727 3100 3943 3174">
     <span class='ocr_line' id='line_1_32' title="bbox 727 3100 3943 3174; baseline -0.002 -16"><span class='ocrx_word' id='word_1_412' title='bbox 727 3105 927 3158; x_wconf 82' lang='lat' dir='ltr'><strong>Christi</strong></span> <span class='ocrx_word' id='word_1_413' title='bbox 955 3117 1241 3172; x_wconf 90' lang='lat' dir='ltr'><strong>personam</strong></span> <span class='ocrx_word' id='word_1_414' title='bbox 1267 3101 1515 3155; x_wconf 88' lang='lat' dir='ltr'><strong>confessa</strong></span> <span class='ocrx_word' id='word_1_415' title='bbox 1545 3111 1648 3165; x_wconf 88' lang='lat' dir='ltr'><strong>est,</strong></span> <span class='ocrx_word' id='word_1_416' title='bbox 1683 3100 1927 3170; x_wconf 88' lang='lat' dir='ltr'><strong>duasque</strong></span> <span class='ocrx_word' id='word_1_417' title='bbox 1955 3111 2176 3157; x_wconf 88' lang='lat' dir='ltr'><strong>naturas</strong></span> <span class='ocrx_word' id='word_1_418' title='bbox 2194 3104 2475 3158; x_wconf 88' lang='lat' dir='ltr'><strong>distinctas</strong></span> <span class='ocrx_word' id='word_1_419' title='bbox 2493 3116 2548 3159; x_wconf 91' lang='lat' dir='ltr'><strong>et</strong></span> <span class='ocrx_word' id='word_1_420' title='bbox 2569 3106 2881 3160; x_wconf 71' lang='lat' dir='ltr'><strong>inconfusus</strong></span> <span class='ocrx_word' id='word_1_421' title='bbox 2912 3105 3022 3174; x_wconf 86' lang='grc'><strong>(46)</strong></span> <span class='ocrx_word' id='word_1_422' title='bbox 3047 3121 3062 3170; x_wconf 90' lang='grc'><strong>;</strong></span> <span class='ocrx_word' id='word_1_423' title='bbox 3110 3115 3274 3173; x_wconf 91' lang='lat' dir='ltr'><strong>atque</strong></span> <span class='ocrx_word' id='word_1_424' title='bbox 3302 3103 3408 3158; x_wconf 92' lang='lat' dir='ltr'><strong>illis</strong></span> <span class='ocrx_word' id='word_1_425' title='bbox 3433 3103 3715 3156; x_wconf 84' lang='lat' dir='ltr'><strong>adversata</strong></span> <span class='ocrx_word' id='word_1_426' title='bbox 3735 3109 3821 3153; x_wconf 93' lang='lat' dir='ltr'><strong>est</strong></span> <span class='ocrx_word' id='word_1_427' title='bbox 3847 3100 3943 3169; x_wconf 91' lang='lat' dir='ltr'><strong>qui</strong></span> 
     </span>
    </p>
   </div>
   <div class='ocr_carea' id='block_1_33' title="bbox 728 3193 1564 3263">
    <p class='ocr_par' dir='ltr' id='par_1_33' title="bbox 728 3193 1564 3263">
     <span class='ocr_line' id='line_1_33' title="bbox 728 3193 1564 3263; baseline -0.006 -13"><span class='ocrx_word' id='word_1_428' title='bbox 728 3195 913 3250; x_wconf 86' lang='lat' dir='ltr'><strong>deitati</strong></span> <span class='ocrx_word' id='word_1_429' title='bbox 935 3194 1216 3263; x_wconf 87' lang='lat' dir='ltr'><strong>passiones</strong></span> <span class='ocrx_word' id='word_1_430' title='bbox 1242 3193 1564 3247; x_wconf 89' lang='lat' dir='ltr'><strong>attribuunt.</strong></span> 
     </span>
    </p>
   </div>
   <div class='ocr_carea' id='block_1_34' title="bbox 799 3299 3946 3376">
    <p class='ocr_par' dir='ltr' id='par_1_34' title="bbox 799 3299 3946 3376">
     <span class='ocr_line' id='line_1_34' title="bbox 799 3299 3946 3376; baseline -0.002 -18"><span class='ocrx_word' id='word_1_431' title='bbox 799 3307 851 3358; x_wconf 83' lang='grc'><strong>5.</strong></span> <span class='ocrx_word' id='word_1_432' title='bbox 901 3305 974 3356; x_wconf 87' lang='lat' dir='ltr'><strong>Da</strong></span> <span class='ocrx_word' id='word_1_433' title='bbox 1024 3318 1151 3373; x_wconf 90' lang='lat' dir='ltr'><strong>ergo</strong></span> <span class='ocrx_word' id='word_1_434' title='bbox 1183 3317 1423 3371; x_wconf 86' lang='lat' dir='ltr'><strong>operam,</strong></span> <span class='ocrx_word' id='word_1_435' title='bbox 1451 3317 1644 3371; x_wconf 86' lang='lat' dir='ltr'><strong>magne</strong></span> <span class='ocrx_word' id='word_1_436' title='bbox 1669 3300 1944 3371; x_wconf 85' lang='lat' dir='ltr'><strong>Princeps,</strong></span> <span class='ocrx_word' id='word_1_437' title='bbox 1980 3313 2037 3356; x_wconf 93' lang='lat' dir='ltr'><strong>ut</strong></span> <span class='ocrx_word' id='word_1_438' title='bbox 2084 3302 2210 3358; x_wconf 82' lang='lat' dir='ltr'><strong>Jesu</strong></span> <span class='ocrx_word' id='word_1_439' title='bbox 2242 3303 2442 3359; x_wconf 89' lang='lat' dir='ltr'><strong>Christi</strong></span> <span class='ocrx_word' id='word_1_440' title='bbox 2468 3306 2725 3376; x_wconf 88' lang='lat' dir='ltr'><strong>populum</strong></span> <span class='ocrx_word' id='word_1_441' title='bbox 2760 3307 2978 3371; x_wconf 88' lang='lat' dir='ltr'><strong>doceas,</strong></span> <span class='ocrx_word' id='word_1_442' title='bbox 3007 3314 3169 3373; x_wconf 87' lang='lat' dir='ltr'><strong>atque</strong></span> <span class='ocrx_word' id='word_1_443' title='bbox 3189 3303 3255 3357; x_wconf 91' lang='lat' dir='ltr'><strong>ad</strong></span> <span class='ocrx_word' id='word_1_444' title='bbox 3283 3317 3428 3357; x_wconf 74' lang='lat' dir='ltr'><strong>vera:</strong></span> <span class='ocrx_word' id='word_1_445' title='bbox 3463 3300 3585 3356; x_wconf 82' lang='lat' dir='ltr'><strong>ﬁdei</strong></span> <span class='ocrx_word' id='word_1_446' title='bbox 3641 3299 3946 3372; x_wconf 86' lang='lat' dir='ltr'><strong>professio-</strong></span> 
     </span>
    </p>
   </div>
   <div class='ocr_carea' id='block_1_35' title="bbox 731 3389 3948 3462">
    <p class='ocr_par' dir='ltr' id='par_1_35' title="bbox 731 3389 3948 3462">
     <span class='ocr_line' id='line_1_35' title="bbox 731 3389 3948 3462; baseline -0.002 -15"><span class='ocrx_word' id='word_1_447' title='bbox 731 3410 854 3448; x_wconf 88' lang='lat' dir='ltr'><strong>nem</strong></span> <span class='ocrx_word' id='word_1_448' title='bbox 905 3392 1140 3444; x_wconf 89' lang='lat' dir='ltr'><strong>adducas</strong></span> <span class='ocrx_word' id='word_1_449' title='bbox 1174 3389 1284 3459; x_wconf 81' lang='grc'><strong>(47)</strong></span> <span class='ocrx_word' id='word_1_450' title='bbox 1319 3407 1331 3441; x_wconf 92' lang='lat'><strong>:</strong></span> <span class='ocrx_word' id='word_1_451' title='bbox 1363 3405 1537 3458; x_wconf 89' lang='lat' dir='ltr'><strong>neque</strong></span> <span class='ocrx_word' id='word_1_452' title='bbox 1567 3391 1711 3444; x_wconf 94' lang='lat' dir='ltr'><strong>enim</strong></span> <span class='ocrx_word' id='word_1_453' title='bbox 1735 3390 2026 3459; x_wconf 90' lang='lat' dir='ltr'><strong>quidquam</strong></span> <span class='ocrx_word' id='word_1_454' title='bbox 2055 3392 2165 3445; x_wconf 92' lang='lat' dir='ltr'><strong>Deo</strong></span> <span class='ocrx_word' id='word_1_455' title='bbox 2185 3392 2402 3445; x_wconf 85' lang='lat' dir='ltr'><strong>charius</strong></span> <span class='ocrx_word' id='word_1_456' title='bbox 2423 3402 2524 3457; x_wconf 87' lang='lat' dir='ltr'><strong>est,</strong></span> <span class='ocrx_word' id='word_1_457' title='bbox 2548 3409 2708 3461; x_wconf 91' lang='lat' dir='ltr'><strong>quam</strong></span> <span class='ocrx_word' id='word_1_458' title='bbox 2738 3402 2800 3448; x_wconf 92' lang='lat' dir='ltr'><strong>ut</strong></span> <span class='ocrx_word' id='word_1_459' title='bbox 2843 3394 3016 3462; x_wconf 91' lang='lat' dir='ltr'><strong>ipsum</strong></span> <span class='ocrx_word' id='word_1_460' title='bbox 3048 3407 3168 3446; x_wconf 90' lang='lat' dir='ltr'><strong>vera</strong></span> <span class='ocrx_word' id='word_1_461' title='bbox 3194 3405 3315 3443; x_wconf 93' lang='lat' dir='ltr'><strong>cum</strong></span> <span class='ocrx_word' id='word_1_462' title='bbox 3354 3389 3546 3443; x_wconf 89' lang='lat' dir='ltr'><strong>notitia</strong></span> <span class='ocrx_word' id='word_1_463' title='bbox 3568 3402 3948 3457; x_wconf 77' lang='lat' dir='ltr'><strong>agnoscamus,</strong></span> 
     </span>
    </p>
   </div>
   <div class='ocr_carea' id='block_1_36' title="bbox 739 3475 3951 3551">
    <p class='ocr_par' dir='ltr' id='par_1_36' title="bbox 739 3475 3951 3551">
     <span class='ocr_line' id='line_1_36' title="bbox 739 3475 3951 3551; baseline -0.002 -19"><span class='ocrx_word' id='word_1_464' title='bbox 739 3481 1073 3551; x_wconf 80' lang='lat' dir='ltr'><strong>professione</strong></span> <span class='ocrx_word' id='word_1_465' title='bbox 1110 3478 1408 3532; x_wconf 83' lang='lat' dir='ltr'><strong>orthodoxa</strong></span> <span class='ocrx_word' id='word_1_466' title='bbox 1440 3476 1821 3548; x_wconf 89' lang='lat' dir='ltr'><strong>gloriﬁcemus,</strong></span> <span class='ocrx_word' id='word_1_467' title='bbox 1851 3481 2296 3549; x_wconf 86' lang='lat' dir='ltr'><strong>magnanimoque</strong></span> <span class='ocrx_word' id='word_1_468' title='bbox 2329 3491 2384 3533; x_wconf 90' lang='lat' dir='ltr'><strong>et</strong></span> <span class='ocrx_word' id='word_1_469' title='bbox 2411 3490 2692 3534; x_wconf 89' lang='lat' dir='ltr'><strong>constante</strong></span> <span class='ocrx_word' id='word_1_470' title='bbox 2720 3495 2905 3534; x_wconf 91' lang='lat' dir='ltr'><strong>amore</strong></span> <span class='ocrx_word' id='word_1_471' title='bbox 2945 3480 2998 3533; x_wconf 91' lang='lat' dir='ltr'><strong>in</strong></span> <span class='ocrx_word' id='word_1_472' title='bbox 3041 3479 3124 3532; x_wconf 88' lang='lat' dir='ltr'><strong>his</strong></span> <span class='ocrx_word' id='word_1_473' title='bbox 3164 3491 3595 3546; x_wconf 88' lang='lat' dir='ltr'><strong>perseveremus.</strong></span> <span class='ocrx_word' id='word_1_474' title='bbox 3626 3475 3714 3530; x_wconf 90' lang='lat' dir='ltr'><strong>Sic</strong></span> <span class='ocrx_word' id='word_1_475' title='bbox 3745 3475 3951 3544; x_wconf 90' lang='lat' dir='ltr'><strong>quippe</strong></span> 
     </span>
    </p>
   </div>
   <div class='ocr_carea' id='block_1_37' title="bbox 734 3563 3954 3636">
    <p class='ocr_par' dir='ltr' id='par_1_37' title="bbox 734 3563 3954 3636">
     <span class='ocr_line' id='line_1_37' title="bbox 734 3563 3954 3636; baseline -0.002 -15"><span class='ocrx_word' id='word_1_476' title='bbox 734 3570 936 3636; x_wconf 84' lang='lat' dir='ltr'><strong>majore</strong></span> <span class='ocrx_word' id='word_1_477' title='bbox 968 3581 1184 3634; x_wconf 91' lang='lat' dir='ltr'><strong>semper</strong></span> <span class='ocrx_word' id='word_1_478' title='bbox 1211 3580 1500 3633; x_wconf 86' lang='lat' dir='ltr'><strong>progressu</strong></span> <span class='ocrx_word' id='word_1_479' title='bbox 1530 3575 1740 3626; x_wconf 89' lang='lat' dir='ltr'><strong>auctus.</strong></span> <span class='ocrx_word' id='word_1_480' title='bbox 1768 3576 1823 3619; x_wconf 93' lang='lat' dir='ltr'><strong>et</strong></span> <span class='ocrx_word' id='word_1_481' title='bbox 1850 3566 2045 3620; x_wconf 62' lang='lat' dir='ltr'><strong>divinm</strong></span> <span class='ocrx_word' id='word_1_482' title='bbox 2069 3568 2252 3635; x_wconf 42' lang='lat' dir='ltr'><strong>gratiae</strong></span> <span class='ocrx_word' id='word_1_483' title='bbox 2286 3568 2450 3622; x_wconf 90' lang='lat' dir='ltr'><strong>tutela</strong></span> <span class='ocrx_word' id='word_1_484' title='bbox 2492 3568 2752 3622; x_wconf 88' lang='lat' dir='ltr'><strong>adversus</strong></span> <span class='ocrx_word' id='word_1_485' title='bbox 2797 3569 2981 3622; x_wconf 91' lang='lat' dir='ltr'><strong>hostes</strong></span> <span class='ocrx_word' id='word_1_486' title='bbox 3007 3566 3268 3627; x_wconf 91' lang='lat' dir='ltr'><strong>munitus,</strong></span> <span class='ocrx_word' id='word_1_487' title='bbox 3295 3575 3350 3618; x_wconf 91' lang='lat' dir='ltr'><strong>et</strong></span> <span class='ocrx_word' id='word_1_488' title='bbox 3378 3579 3406 3618; x_wconf 91' lang='lat' dir='ltr'><strong>a</strong></span> <span class='ocrx_word' id='word_1_489' title='bbox 3431 3563 3684 3632; x_wconf 89' lang='lat' dir='ltr'><strong>periculis</strong></span> <span class='ocrx_word' id='word_1_490' title='bbox 3708 3563 3954 3617; x_wconf 86' lang='lat' dir='ltr'><strong>insidiis-</strong></span> 
     </span>
    </p>
   </div>
   <div class='ocr_carea' id='block_1_38' title="bbox 734 3651 3952 3724">
    <p class='ocr_par' dir='ltr' id='par_1_38' title="bbox 734 3651 3952 3724">
     <span class='ocr_line' id='line_1_38' title="bbox 734 3651 3952 3724; baseline -0 -19"><span class='ocrx_word' id='word_1_491' title='bbox 734 3671 841 3722; x_wconf 85' lang='lat' dir='ltr'><strong>que</strong></span> <span class='ocrx_word' id='word_1_492' title='bbox 875 3662 1041 3716; x_wconf 87' lang='lat' dir='ltr'><strong>tutus,</strong></span> <span class='ocrx_word' id='word_1_493' title='bbox 1071 3653 1297 3704; x_wconf 91' lang='lat' dir='ltr'><strong>aliorum</strong></span> <span class='ocrx_word' id='word_1_494' title='bbox 1323 3652 1499 3704; x_wconf 89' lang='lat' dir='ltr'><strong>instar</strong></span> <span class='ocrx_word' id='word_1_495' title='bbox 1523 3661 1829 3706; x_wconf 90' lang='lat' dir='ltr'><strong>sanctorum</strong></span> <span class='ocrx_word' id='word_1_496' title='bbox 1862 3669 2068 3724; x_wconf 90' lang='lat' dir='ltr'><strong>regum,</strong></span> <span class='ocrx_word' id='word_1_497' title='bbox 2106 3667 2384 3722; x_wconf 82' lang='lat' dir='ltr'><strong>utramque</strong></span> <span class='ocrx_word' id='word_1_498' title='bbox 2424 3654 2734 3707; x_wconf 81' lang='lat' dir='ltr'><strong>felicitatem</strong></span> <span class='ocrx_word' id='word_1_499' title='bbox 2764 3653 3132 3722; x_wconf 91' lang='lat' dir='ltr'><strong>consequeris,</strong></span> <span class='ocrx_word' id='word_1_500' title='bbox 3167 3660 3490 3722; x_wconf 74' lang='lat' dir='ltr'><strong>praesentem</strong></span> <span class='ocrx_word' id='word_1_501' title='bbox 3541 3651 3747 3705; x_wconf 88' lang='lat' dir='ltr'><strong>scilicet</strong></span> <span class='ocrx_word' id='word_1_502' title='bbox 3778 3663 3833 3704; x_wconf 91' lang='lat' dir='ltr'><strong>et</strong></span> <span class='ocrx_word' id='word_1_503' title='bbox 3864 3652 3952 3704; x_wconf 89' lang='lat' dir='ltr'><strong>fu-</strong></span> 
     </span>
    </p>
   </div>
   <div class='ocr_carea' id='block_1_39' title="bbox 733 3738 3952 3814">
    <p class='ocr_par' dir='ltr' id='par_1_39' title="bbox 733 3738 3952 3814">
     <span class='ocr_line' id='line_1_39' title="bbox 733 3738 3952 3814; baseline 0.001 -19"><span class='ocrx_word' id='word_1_504' title='bbox 733 3754 929 3803; x_wconf 88' lang='lat' dir='ltr'><strong>turam,</strong></span> <span class='ocrx_word' id='word_1_505' title='bbox 968 3740 1208 3807; x_wconf 76' lang='lat' dir='ltr'><strong>Deiparze</strong></span> <span class='ocrx_word' id='word_1_506' title='bbox 1236 3738 1435 3806; x_wconf 77' lang='lat' dir='ltr'><strong>reginae</strong></span> <span class='ocrx_word' id='word_1_507' title='bbox 1470 3738 1678 3808; x_wconf 59' lang='lat' dir='ltr'><strong>inclyta</strong></span> <span class='ocrx_word' id='word_1_508' title='bbox 1714 3751 2134 3810; x_wconf 86' lang='lat' dir='ltr'><strong>sanctorumque</strong></span> <span class='ocrx_word' id='word_1_509' title='bbox 2161 3744 2403 3797; x_wconf 89' lang='lat' dir='ltr'><strong>omnium</strong></span> <span class='ocrx_word' id='word_1_510' title='bbox 2449 3744 2863 3798; x_wconf 88' lang='lat' dir='ltr'><strong>intercessione.</strong></span> <span class='ocrx_word' id='word_1_511' title='bbox 2889 3744 3238 3798; x_wconf 73' lang='lat' dir='ltr'><strong>Excellentia:</strong></span> <span class='ocrx_word' id='word_1_512' title='bbox 3270 3754 3326 3798; x_wconf 89' lang='lat' dir='ltr'><strong>et</strong></span> <span class='ocrx_word' id='word_1_513' title='bbox 3375 3743 3806 3814; x_wconf 82' lang='lat' dir='ltr'><strong>magnanimitati</strong></span> <span class='ocrx_word' id='word_1_514' title='bbox 3844 3753 3952 3798; x_wconf 64' lang='lat' dir='ltr'><strong>tum</strong></span> 
     </span>
    </p>
   </div>
   <div class='ocr_carea' id='block_1_40' title="bbox 733 3825 3312 3903">
    <p class='ocr_par' dir='ltr' id='par_1_40' title="bbox 733 3825 3312 3903">
     <span class='ocr_line' id='line_1_40' title="bbox 733 3825 3312 3903; baseline 0.002 -20"><span class='ocrx_word' id='word_1_515' title='bbox 733 3828 988 3900; x_wconf 87' lang='lat' dir='ltr'><strong>spiritalis</strong></span> <span class='ocrx_word' id='word_1_516' title='bbox 1020 3825 1352 3880; x_wconf 87' lang='lat' dir='ltr'><strong>monumenti</strong></span> <span class='ocrx_word' id='word_1_517' title='bbox 1391 3825 1581 3894; x_wconf 87' lang='lat' dir='ltr'><strong>gratia,</strong></span> <span class='ocrx_word' id='word_1_518' title='bbox 1617 3827 1941 3880; x_wconf 90' lang='lat' dir='ltr'><strong>venerabilis</strong></span> <span class='ocrx_word' id='word_1_519' title='bbox 1970 3843 2031 3880; x_wconf 89' lang='lat' dir='ltr'><strong>ac</strong></span> <span class='ocrx_word' id='word_1_520' title='bbox 2056 3828 2305 3884; x_wconf 86' lang='lat' dir='ltr'><strong>salutaris</strong></span> <span class='ocrx_word' id='word_1_521' title='bbox 2334 3832 2512 3886; x_wconf 90' lang='lat' dir='ltr'><strong>crucis</strong></span> <span class='ocrx_word' id='word_1_522' title='bbox 2553 3831 2868 3901; x_wconf 90' lang='lat' dir='ltr'><strong>particulam</strong></span> <span class='ocrx_word' id='word_1_523' title='bbox 2888 3833 3152 3887; x_wconf 88' lang='lat' dir='ltr'><strong>mittimus</strong></span> <span class='ocrx_word' id='word_1_524' title='bbox 3179 3833 3312 3903; x_wconf 91' lang='grc'><strong>(48).</strong></span> 
     </span>
    </p>
   </div>
   <div class='ocr_carea' id='block_1_41' title="bbox 803 4000 2290 4073">
    <p class='ocr_par' dir='ltr' id='par_1_41' title="bbox 803 4000 2290 4073">
     <span class='ocr_line' id='line_1_41' title="bbox 803 4000 2290 4073; baseline -0.001 -15"><span class='ocrx_word' id='word_1_525' title='bbox 803 4007 913 4073; x_wconf 75' lang='grc'><strong>(45)</strong></span> <span class='ocrx_word' id='word_1_526' title='bbox 952 4005 1213 4058; x_wconf 78' lang='lat' dir='ltr'><strong>Acerbam</strong></span> <span class='ocrx_word' id='word_1_527' title='bbox 1241 4001 1526 4070; x_wconf 84' lang='lat' dir='ltr'><strong>quamdam</strong></span> <span class='ocrx_word' id='word_1_528' title='bbox 1579 4000 1953 4073; x_wconf 83' lang='lat' dir='ltr'><strong>Armeniorum</strong></span> <span class='ocrx_word' id='word_1_529' title='bbox 1983 4002 2046 4054; x_wconf 92' lang='lat' dir='ltr'><strong>ad</strong></span> <span class='ocrx_word' id='word_1_530' title='bbox 2077 4002 2290 4058; x_wconf 65' lang='lat' dir='ltr'><strong>Graecos</strong></span> 
     </span>
    </p>
   </div>
   <div class='ocr_carea' id='block_1_42' title="bbox 733 4072 2290 4143">
    <p class='ocr_par' dir='ltr' id='par_1_42' title="bbox 733 4072 2290 4143">
     <span class='ocr_line' id='line_1_42' title="bbox 733 4072 2290 4143; baseline -0.002 -15"><span class='ocrx_word' id='word_1_531' title='bbox 733 4072 1142 4143; x_wconf 82' lang='lat' dir='ltr'><strong>reSponsionem</strong></span> <span class='ocrx_word' id='word_1_532' title='bbox 1174 4073 1274 4125; x_wconf 90' lang='lat' dir='ltr'><strong>sub</strong></span> <span class='ocrx_word' id='word_1_533' title='bbox 1301 4073 1486 4124; x_wconf 82' lang='lat' dir='ltr'><strong>Asutio</strong></span> <span class='ocrx_word' id='word_1_534' title='bbox 1518 4072 1759 4143; x_wconf 78' lang='lat' dir='ltr'><strong>principe</strong></span> <span class='ocrx_word' id='word_1_535' title='bbox 1786 4073 1911 4138; x_wconf 86' lang='lat' dir='ltr'><strong>(hac</strong></span> <span class='ocrx_word' id='word_1_536' title='bbox 1965 4083 2142 4143; x_wconf 78' lang='lat' dir='ltr'><strong>tamen</strong></span> <span class='ocrx_word' id='word_1_537' title='bbox 2172 4074 2290 4140; x_wconf 88' lang='lat' dir='ltr'><strong>epi-</strong></span> 
     </span>
    </p>
   </div>
   <div class='ocr_carea' id='block_1_43' title="bbox 734 4141 2287 4211">
    <p class='ocr_par' dir='ltr' id='par_1_43' title="bbox 734 4141 2287 4211">
     <span class='ocr_line' id='line_1_43' title="bbox 734 4141 2287 4211; baseline -0.001 -14"><span class='ocrx_word' id='word_1_538' title='bbox 734 4141 866 4198; x_wconf 84' lang='lat' dir='ltr'><strong>stola</strong></span> <span class='ocrx_word' id='word_1_539' title='bbox 902 4146 1279 4211; x_wconf 89' lang='lat' dir='ltr'><strong>posteriorem)</strong></span> <span class='ocrx_word' id='word_1_540' title='bbox 1314 4150 1576 4194; x_wconf 87' lang='lat' dir='ltr'><strong>memorat</strong></span> <span class='ocrx_word' id='word_1_541' title='bbox 1610 4141 1915 4209; x_wconf 85' lang='lat' dir='ltr'><strong>Serposius,</strong></span> <span class='ocrx_word' id='word_1_542' title='bbox 1951 4151 1990 4195; x_wconf 91' lang='lat' dir='ltr'><strong>t.</strong></span> <span class='ocrx_word' id='word_1_543' title='bbox 2028 4142 2090 4204; x_wconf 90' lang='lat' dir='ltr'><strong>ll,</strong></span> <span class='ocrx_word' id='word_1_544' title='bbox 2123 4158 2175 4210; x_wconf 70' lang='grc' dir='ltr'><strong>[ι.</strong></span> <span class='ocrx_word' id='word_1_545' title='bbox 2198 4145 2287 4196; x_wconf 77' lang='grc'><strong>44.</strong></span> 
     </span>
    </p>
   </div>
   <div class='ocr_carea' id='block_1_44' title="bbox 809 4211 2290 4281">
    <p class='ocr_par' dir='ltr' id='par_1_44' title="bbox 809 4211 2290 4281">
     <span class='ocr_line' id='line_1_44' title="bbox 809 4211 2290 4281; baseline -0.001 -13"><span class='ocrx_word' id='word_1_546' title='bbox 809 4215 919 4281; x_wconf 78' lang='grc'><strong>(44)</strong></span> <span class='ocrx_word' id='word_1_547' title='bbox 990 4214 1125 4267; x_wconf 91' lang='lat' dir='ltr'><strong>llinc</strong></span> <span class='ocrx_word' id='word_1_548' title='bbox 1161 4212 1536 4280; x_wconf 85' lang='lat' dir='ltr'><strong>cognoscimus</strong></span> <span class='ocrx_word' id='word_1_549' title='bbox 1566 4226 1671 4263; x_wconf 91' lang='lat' dir='ltr'><strong>non</strong></span> <span class='ocrx_word' id='word_1_550' title='bbox 1721 4212 1888 4264; x_wconf 82' lang='lat' dir='ltr'><strong>semel</strong></span> <span class='ocrx_word' id='word_1_551' title='bbox 1932 4211 2181 4265; x_wconf 81' lang='lat' dir='ltr'><strong>Photium</strong></span> <span class='ocrx_word' id='word_1_552' title='bbox 2225 4214 2290 4266; x_wconf 91' lang='lat' dir='ltr'><strong>ad</strong></span> 
     </span>
    </p>
   </div>
   <div class='ocr_carea' id='block_1_45' title="bbox 737 4281 2289 4350">
    <p class='ocr_par' dir='ltr' id='par_1_45' title="bbox 737 4281 2289 4350">
     <span class='ocr_line' id='line_1_45' title="bbox 737 4281 2289 4350; baseline 0.001 -16"><span class='ocrx_word' id='word_1_553' title='bbox 737 4286 1116 4337; x_wconf 83' lang='lat' dir='ltr'><strong>Armeniorum</strong></span> <span class='ocrx_word' id='word_1_554' title='bbox 1164 4282 1518 4350; x_wconf 88' lang='lat' dir='ltr'><strong>patriarcham</strong></span> <span class='ocrx_word' id='word_1_555' title='bbox 1566 4281 1880 4349; x_wconf 87' lang='lat' dir='ltr'><strong>scripsisse,</strong></span> <span class='ocrx_word' id='word_1_556' title='bbox 1925 4283 2068 4349; x_wconf 88' lang='lat' dir='ltr'><strong>quod</strong></span> <span class='ocrx_word' id='word_1_557' title='bbox 2105 4298 2289 4336; x_wconf 89' lang='lat' dir='ltr'><strong>revera</strong></span> 
     </span>
    </p>
   </div>
   <div class='ocr_carea' id='block_1_46' title="bbox 2391 4007 3951 4079">
    <p class='ocr_par' dir='ltr' id='par_1_46' title="bbox 2391 4007 3951 4079">
     <span class='ocr_line' id='line_1_46' title="bbox 2391 4007 3951 4079; baseline 0.003 -22"><span class='ocrx_word' id='word_1_558' title='bbox 2391 4007 2528 4065; x_wconf 88' lang='lat' dir='ltr'><strong>nari,</strong></span> <span class='ocrx_word' id='word_1_559' title='bbox 2556 4009 2864 4062; x_wconf 74' lang='lat' dir='ltr'><strong>nobilissime</strong></span> <span class='ocrx_word' id='word_1_560' title='bbox 2887 4018 2935 4062; x_wconf 85' lang='lat' dir='ltr'><strong>et</strong></span> <span class='ocrx_word' id='word_1_561' title='bbox 2960 4010 3257 4079; x_wconf 74' lang='lat' dir='ltr'><strong>felicissime</strong></span> <span class='ocrx_word' id='word_1_562' title='bbox 3285 4026 3376 4063; x_wconf 80' lang='lat' dir='ltr'><strong>rea:</strong></span> <span class='ocrx_word' id='word_1_563' title='bbox 3393 4010 3825 4078; x_wconf 67' lang='lat' dir='ltr'><strong>splendidissima:</strong></span> <span class='ocrx_word' id='word_1_564' title='bbox 3847 4011 3951 4061; x_wconf 76' lang='lat' dir='ltr'><strong>Ar-</strong></span> 
     </span>
    </p>
   </div>
   <div class='ocr_carea' id='block_1_47' title="bbox 2391 4079 3952 4148">
    <p class='ocr_par' dir='ltr' id='par_1_47' title="bbox 2391 4079 3952 4148">
     <span class='ocr_line' id='line_1_47' title="bbox 2391 4079 3952 4148; baseline 0.003 -20"><span class='ocrx_word' id='word_1_565' title='bbox 2391 4079 2677 4148; x_wconf 88' lang='lat' dir='ltr'><strong>meniorum</strong></span> <span class='ocrx_word' id='word_1_566' title='bbox 2701 4080 2906 4148; x_wconf 80' lang='lat' dir='ltr'><strong>gentis;</strong></span> <span class='ocrx_word' id='word_1_567' title='bbox 2936 4080 3120 4134; x_wconf 89' lang='lat' dir='ltr'><strong>deinde</strong></span> <span class='ocrx_word' id='word_1_568' title='bbox 3156 4091 3204 4133; x_wconf 88' lang='lat' dir='ltr'><strong>et</strong></span> <span class='ocrx_word' id='word_1_569' title='bbox 3238 4096 3414 4132; x_wconf 90' lang='lat' dir='ltr'><strong>omnes</strong></span> <span class='ocrx_word' id='word_1_570' title='bbox 3449 4082 3539 4134; x_wconf 89' lang='lat' dir='ltr'><strong>tibi</strong></span> <span class='ocrx_word' id='word_1_571' title='bbox 3567 4081 3840 4146; x_wconf 83' lang='lat' dir='ltr'><strong>subjectos.</strong></span> <span class='ocrx_word' id='word_1_572' title='bbox 3878 4081 3952 4134; x_wconf 79' lang='lat' dir='ltr'><strong>Tu</strong></span> 
     </span>
    </p>
   </div>
   <div class='ocr_carea' id='block_1_48' title="bbox 2391 4147 3949 4218">
    <p class='ocr_par' dir='ltr' id='par_1_48' title="bbox 2391 4147 3949 4218">
     <span class='ocr_line' id='line_1_48' title="bbox 2391 4147 3949 4218; baseline 0.003 -21"><span class='ocrx_word' id='word_1_573' title='bbox 2391 4162 2443 4198; x_wconf 88' lang='lat' dir='ltr'><strong>es</strong></span> <span class='ocrx_word' id='word_1_574' title='bbox 2467 4147 2601 4199; x_wconf 90' lang='lat' dir='ltr'><strong>enim</strong></span> <span class='ocrx_word' id='word_1_575' title='bbox 2625 4147 2834 4200; x_wconf 85' lang='lat' dir='ltr'><strong>illorum</strong></span> <span class='ocrx_word' id='word_1_576' title='bbox 2860 4159 3016 4217; x_wconf 87' lang='lat' dir='ltr'><strong>caput</strong></span> <span class='ocrx_word' id='word_1_577' title='bbox 3037 4166 3056 4214; x_wconf 87' lang='lat'><strong><em>;</em></strong></span> <span class='ocrx_word' id='word_1_578' title='bbox 3082 4151 3241 4218; x_wconf 77' lang='lat' dir='ltr'><strong>capiti</strong></span> <span class='ocrx_word' id='word_1_579' title='bbox 3271 4161 3446 4202; x_wconf 88' lang='lat' dir='ltr'><strong>autem</strong></span> <span class='ocrx_word' id='word_1_580' title='bbox 3489 4152 3717 4202; x_wconf 87' lang='lat' dir='ltr'><strong>membra</strong></span> <span class='ocrx_word' id='word_1_581' title='bbox 3748 4151 3949 4218; x_wconf 84' lang='lat' dir='ltr'><strong>reliqua</strong></span> 
     </span>
    </p>
   </div>
   <div class='ocr_carea' id='block_1_49' title="bbox 2392 4219 3952 4284">
    <p class='ocr_par' dir='ltr' id='par_1_49' title="bbox 2392 4219 3952 4284">
     <span class='ocr_line' id='line_1_49' title="bbox 2392 4219 3952 4284; baseline 0.003 -17"><span class='ocrx_word' id='word_1_582' title='bbox 2392 4226 2439 4268; x_wconf 87' lang='lat' dir='ltr'><strong>et</strong></span> <span class='ocrx_word' id='word_1_583' title='bbox 2483 4232 2670 4284; x_wconf 87' lang='lat' dir='ltr'><strong>corpus</strong></span> <span class='ocrx_word' id='word_1_584' title='bbox 2709 4221 3057 4271; x_wconf 79' lang='lat' dir='ltr'><strong>obsecundare</strong></span> <span class='ocrx_word' id='word_1_585' title='bbox 3086 4235 3284 4272; x_wconf 84' lang='lat' dir='ltr'><strong>necesse</strong></span> <span class='ocrx_word' id='word_1_586' title='bbox 3313 4229 3407 4272; x_wconf 89' lang='lat' dir='ltr'><strong>est.</strong></span> <span class='ocrx_word' id='word_1_587' title='bbox 3447 4219 3573 4272; x_wconf 83' lang='lat' dir='ltr'><strong>Jam</strong></span> <span class='ocrx_word' id='word_1_588' title='bbox 3609 4221 3727 4270; x_wconf 88' lang='lat' dir='ltr'><strong>siin</strong></span> <span class='ocrx_word' id='word_1_589' title='bbox 3777 4222 3952 4283; x_wconf 86' lang='lat' dir='ltr'><strong>capite</strong></span> 
     </span>
    </p>
   </div>
   <div class='ocr_carea' id='block_1_50' title="bbox 2391 4286 3954 4358">
    <p class='ocr_par' dir='ltr' id='par_1_50' title="bbox 2391 4286 3954 4358">
     <span class='ocr_line' id='line_1_50' title="bbox 2391 4286 3954 4358; baseline 0.002 -21"><span class='ocrx_word' id='word_1_590' title='bbox 2391 4286 2466 4358; x_wconf 75' lang='lat' dir='ltr'><strong>uis</strong></span> <span class='ocrx_word' id='word_1_591' title='bbox 2512 4287 2832 4356; x_wconf 83' lang='lat' dir='ltr'><strong>intelligendi</strong></span> <span class='ocrx_word' id='word_1_592' title='bbox 2887 4289 3188 4358; x_wconf 84' lang='lat' dir='ltr'><strong>videndique</strong></span> <span class='ocrx_word' id='word_1_593' title='bbox 3242 4290 3446 4351; x_wconf 83' lang='lat' dir='ltr'><strong>residet,</strong></span> <span class='ocrx_word' id='word_1_594' title='bbox 3495 4305 3705 4357; x_wconf 84' lang='lat' dir='ltr'><strong>prorsus</strong></span> <span class='ocrx_word' id='word_1_595' title='bbox 3752 4301 3954 4356; x_wconf 80' lang='lat' dir='ltr'><strong>Oportet</strong></span> 
     </span>
    </p>
   </div>
   <div class='ocr_carea' id='block_1_51' title="bbox 735 4351 2288 4420">
    <p class='ocr_par' dir='ltr' id='par_1_51' title="bbox 735 4351 2288 4420">
     <span class='ocr_line' id='line_1_51' title="bbox 735 4351 2288 4420; baseline -0.001 -14"><span class='ocrx_word' id='word_1_596' title='bbox 735 4355 868 4406; x_wconf 87' lang='lat' dir='ltr'><strong>dicit</strong></span> <span class='ocrx_word' id='word_1_597' title='bbox 895 4355 1053 4406; x_wconf 83' lang='lat' dir='ltr'><strong>etiam</strong></span> <span class='ocrx_word' id='word_1_598' title='bbox 1107 4353 1389 4418; x_wconf 88' lang='lat' dir='ltr'><strong>Serposius</strong></span> <span class='ocrx_word' id='word_1_599' title='bbox 1436 4353 1717 4418; x_wconf 78' lang='lat' dir='ltr'><strong>Compend.</strong></span> <span class='ocrx_word' id='word_1_600' title='bbox 1760 4353 1880 4403; x_wconf 87' lang='lat' dir='ltr'><strong>hist.</strong></span> <span class='ocrx_word' id='word_1_601' title='bbox 1917 4360 1959 4404; x_wconf 91' lang='lat' dir='ltr'><strong>t.</strong></span> <span class='ocrx_word' id='word_1_602' title='bbox 2010 4351 2072 4412; x_wconf 90' lang='lat' dir='ltr'><strong>ll,</strong></span> <span class='ocrx_word' id='word_1_603' title='bbox 2113 4368 2165 4420; x_wconf 94' lang='lat' dir='ltr'><strong>p.</strong></span> <span class='ocrx_word' id='word_1_604' title='bbox 2201 4353 2288 4406; x_wconf 73' lang='grc'><strong>44.</strong></span> 
     </span>
    </p>
   </div>
   <div class='ocr_carea' id='block_1_52' title="bbox 806 4420 2294 4491">
    <p class='ocr_par' dir='ltr' id='par_1_52' title="bbox 806 4420 2294 4491">
     <span class='ocr_line' id='line_1_52' title="bbox 806 4420 2294 4491; baseline -0.003 -13"><span class='ocrx_word' id='word_1_605' title='bbox 806 4425 917 4491; x_wconf 77' lang='grc'><strong>(45)</strong></span> <span class='ocrx_word' id='word_1_606' title='bbox 985 4423 1162 4476; x_wconf 87' lang='lat' dir='ltr'><strong>luuuit</strong></span> <span class='ocrx_word' id='word_1_607' title='bbox 1215 4421 1448 4475; x_wconf 81' lang='lat' dir='ltr'><strong>Abdiscii</strong></span> <span class='ocrx_word' id='word_1_608' title='bbox 1504 4420 1621 4490; x_wconf 86' lang='lat' dir='ltr'><strong>Syri</strong></span> <span class='ocrx_word' id='word_1_609' title='bbox 1675 4421 2153 4491; x_wconf 80' lang='lat' dir='ltr'><strong>monopltysiticam</strong></span> <span class='ocrx_word' id='word_1_610' title='bbox 2209 4436 2294 4475; x_wconf 83' lang='lat' dir='ltr'><strong>se-</strong></span> 
     </span>
    </p>
   </div>
   <div class='ocr_carea' id='block_1_53' title="bbox 738 4491 2295 4560">
    <p class='ocr_par' dir='ltr' id='par_1_53' title="bbox 738 4491 2295 4560">
     <span class='ocr_line' id='line_1_53' title="bbox 738 4491 2295 4560; baseline 0.001 -16"><span class='ocrx_word' id='word_1_611' title='bbox 738 4504 900 4557; x_wconf 85' lang='lat' dir='ltr'><strong>ctam,</strong></span> <span class='ocrx_word' id='word_1_612' title='bbox 939 4508 1099 4560; x_wconf 89' lang='lat' dir='ltr'><strong>quem</strong></span> <span class='ocrx_word' id='word_1_613' title='bbox 1134 4493 1199 4544; x_wconf 91' lang='lat' dir='ltr'><strong>dc</strong></span> <span class='ocrx_word' id='word_1_614' title='bbox 1245 4491 1474 4543; x_wconf 89' lang='lat' dir='ltr'><strong>Sassane</strong></span> <span class='ocrx_word' id='word_1_615' title='bbox 1524 4492 1575 4543; x_wconf 91' lang='lat' dir='ltr'><strong>in</strong></span> <span class='ocrx_word' id='word_1_616' title='bbox 1602 4491 1910 4560; x_wconf 86' lang='lat' dir='ltr'><strong>Armeniam</strong></span> <span class='ocrx_word' id='word_1_617' title='bbox 1959 4493 2173 4544; x_wconf 87' lang='lat' dir='ltr'><strong>venisse</strong></span> <span class='ocrx_word' id='word_1_618' title='bbox 2218 4493 2295 4545; x_wconf 89' lang='lat' dir='ltr'><strong>ait</strong></span> 
     </span>
    </p>
   </div>
   <div class='ocr_carea' id='block_1_54' title="bbox 741 4559 1841 4630">
    <p class='ocr_par' dir='ltr' id='par_1_54' title="bbox 741 4559 1841 4630">
     <span class='ocr_line' id='line_1_54' title="bbox 741 4559 1841 4630; baseline -0.004 -14"><span class='ocrx_word' id='word_1_619' title='bbox 741 4559 969 4616; x_wconf 81' lang='lat' dir='ltr'><strong>l’hotius</strong></span> <span class='ocrx_word' id='word_1_620' title='bbox 997 4563 1050 4614; x_wconf 88' lang='lat' dir='ltr'><strong>in</strong></span> <span class='ocrx_word' id='word_1_621' title='bbox 1087 4562 1424 4630; x_wconf 68' lang='lat' dir='ltr'><strong>praecedente</strong></span> <span class='ocrx_word' id='word_1_622' title='bbox 1455 4561 1679 4626; x_wconf 87' lang='lat' dir='ltr'><strong>epistola</strong></span> <span class='ocrx_word' id='word_1_623' title='bbox 1709 4577 1766 4613; x_wconf 91' lang='lat' dir='ltr'><strong>n.</strong></span> <span class='ocrx_word' id='word_1_624' title='bbox 1787 4559 1841 4612; x_wconf 73' lang='grc'><strong>2.</strong></span> 
     </span>
    </p>
   </div>
   <div class='ocr_carea' id='block_1_55' title="bbox 812 4629 2294 4701">
    <p class='ocr_par' dir='ltr' id='par_1_55' title="bbox 812 4629 2294 4701">
     <span class='ocr_line' id='line_1_55' title="bbox 812 4629 2294 4701; baseline -0.002 -15"><span class='ocrx_word' id='word_1_625' title='bbox 812 4636 921 4701; x_wconf 76' lang='grc'><strong>(46)</strong></span> <span class='ocrx_word' id='word_1_626' title='bbox 987 4629 1369 4684; x_wconf 76' lang='lat' dir='ltr'><strong>Perinancntes</strong></span> <span class='ocrx_word' id='word_1_627' title='bbox 1398 4630 1621 4694; x_wconf 88' lang='lat' dir='ltr'><strong>scilicet,</strong></span> <span class='ocrx_word' id='word_1_628' title='bbox 1652 4641 1812 4701; x_wconf 85' lang='lat' dir='ltr'><strong>atque</strong></span> <span class='ocrx_word' id='word_1_629' title='bbox 1839 4630 1911 4682; x_wconf 91' lang='lat' dir='ltr'><strong>ita</strong></span> <span class='ocrx_word' id='word_1_630' title='bbox 1939 4629 2294 4701; x_wconf 87' lang='lat' dir='ltr'><strong>nominandas</strong></span> 
     </span>
    </p>
   </div>
   <div class='ocr_carea' id='block_1_56' title="bbox 741 4699 2296 4769">
    <p class='ocr_par' dir='ltr' id='par_1_56' title="bbox 741 4699 2296 4769">
     <span class='ocr_line' id='line_1_56' title="bbox 741 4699 2296 4769; baseline -0.003 -13"><span class='ocrx_word' id='word_1_631' title='bbox 741 4699 904 4757; x_wconf 81' lang='lat' dir='ltr'><strong>etiam</strong></span> <span class='ocrx_word' id='word_1_632' title='bbox 939 4705 988 4754; x_wconf 92' lang='lat' dir='ltr'><strong>in</strong></span> <span class='ocrx_word' id='word_1_633' title='bbox 1024 4701 1356 4769; x_wconf 86' lang='lat' dir='ltr'><strong>hypostatica</strong></span> <span class='ocrx_word' id='word_1_634' title='bbox 1382 4701 1603 4752; x_wconf 90' lang='lat' dir='ltr'><strong>unione.</strong></span> <span class='ocrx_word' id='word_1_635' title='bbox 1640 4699 1823 4766; x_wconf 81' lang='lat' dir='ltr'><strong>Neque</strong></span> <span class='ocrx_word' id='word_1_636' title='bbox 1862 4700 2006 4752; x_wconf 89' lang='lat' dir='ltr'><strong>enim</strong></span> <span class='ocrx_word' id='word_1_637' title='bbox 2057 4700 2185 4752; x_wconf 93' lang='lat' dir='ltr'><strong>unio</strong></span> <span class='ocrx_word' id='word_1_638' title='bbox 2217 4702 2296 4767; x_wconf 87' lang='lat' dir='ltr'><strong>ju-</strong></span> 
     </span>
    </p>
   </div>
   <div class='ocr_carea' id='block_1_57' title="bbox 742 4770 2294 4838">
    <p class='ocr_par' dir='ltr' id='par_1_57' title="bbox 742 4770 2294 4838">
     <span class='ocr_line' id='line_1_57' title="bbox 742 4770 2294 4838; baseline -0.003 -12"><span class='ocrx_word' id='word_1_639' title='bbox 742 4785 878 4826; x_wconf 86' lang='lat' dir='ltr'><strong>stam</strong></span> <span class='ocrx_word' id='word_1_640' title='bbox 908 4785 1125 4825; x_wconf 89' lang='lat' dir='ltr'><strong>causam</strong></span> <span class='ocrx_word' id='word_1_641' title='bbox 1153 4771 1356 4838; x_wconf 70' lang='lat' dir='ltr'><strong>praabet</strong></span> <span class='ocrx_word' id='word_1_642' title='bbox 1385 4770 1743 4838; x_wconf 86' lang='lat' dir='ltr'><strong>heterodoxis,</strong></span> <span class='ocrx_word' id='word_1_643' title='bbox 1765 4776 1822 4819; x_wconf 91' lang='lat' dir='ltr'><strong>ttt</strong></span> <span class='ocrx_word' id='word_1_644' title='bbox 1849 4784 2007 4820; x_wconf 90' lang='lat' dir='ltr'><strong>unam</strong></span> <span class='ocrx_word' id='word_1_645' title='bbox 2034 4783 2131 4837; x_wconf 92' lang='lat' dir='ltr'><strong>pro</strong></span> <span class='ocrx_word' id='word_1_646' title='bbox 2160 4771 2294 4822; x_wconf 85' lang='lat' dir='ltr'><strong>dua-</strong></span> 
     </span>
    </p>
   </div>
   <div class='ocr_carea' id='block_1_58' title="bbox 744 4837 2294 4907">
    <p class='ocr_par' dir='ltr' id='par_1_58' title="bbox 744 4837 2294 4907">
     <span class='ocr_line' id='line_1_58' title="bbox 744 4837 2294 4907; baseline -0.003 -12"><span class='ocrx_word' id='word_1_647' title='bbox 744 4845 846 4896; x_wconf 84' lang='lat' dir='ltr'><strong>ltus</strong></span> <span class='ocrx_word' id='word_1_648' title='bbox 877 4843 1058 4894; x_wconf 83' lang='lat' dir='ltr'><strong>dicant</strong></span> <span class='ocrx_word' id='word_1_649' title='bbox 1089 4837 1352 4892; x_wconf 85' lang='lat' dir='ltr'><strong>naturam.</strong></span> <span class='ocrx_word' id='word_1_650' title='bbox 1387 4837 1483 4891; x_wconf 86' lang='lat' dir='ltr'><strong>Hic</strong></span> <span class='ocrx_word' id='word_1_651' title='bbox 1513 4854 1692 4907; x_wconf 92' lang='lat' dir='ltr'><strong>porro,</strong></span> <span class='ocrx_word' id='word_1_652' title='bbox 1721 4848 1778 4890; x_wconf 94' lang='lat' dir='ltr'><strong>ut</strong></span> <span class='ocrx_word' id='word_1_653' title='bbox 1798 4838 2049 4900; x_wconf 88' lang='lat' dir='ltr'><strong>arbitror,</strong></span> <span class='ocrx_word' id='word_1_654' title='bbox 2075 4849 2294 4891; x_wconf 88' lang='lat' dir='ltr'><strong>contro-</strong></span> 
     </span>
    </p>
   </div>
   <div class='ocr_carea' id='block_1_59' title="bbox 742 4907 2294 4970">
    <p class='ocr_par' dir='ltr' id='par_1_59' title="bbox 742 4907 2294 4970">
     <span class='ocr_line' id='line_1_59' title="bbox 742 4907 2294 4970; baseline -0.003 -5"><span class='ocrx_word' id='word_1_655' title='bbox 742 4911 935 4965; x_wconf 76' lang='lat' dir='ltr'><strong>versia:</strong></span> <span class='ocrx_word' id='word_1_656' title='bbox 964 4910 1180 4962; x_wconf 88' lang='lat' dir='ltr'><strong>demum</strong></span> <span class='ocrx_word' id='word_1_657' title='bbox 1205 4909 1367 4961; x_wconf 93' lang='lat' dir='ltr'><strong>cardo</strong></span> <span class='ocrx_word' id='word_1_658' title='bbox 1397 4911 1624 4960; x_wconf 89' lang='lat' dir='ltr'><strong>vertitur</strong></span> <span class='ocrx_word' id='word_1_659' title='bbox 1649 4924 1662 4970; x_wconf 90' lang='lat'><strong>;</strong></span> <span class='ocrx_word' id='word_1_660' title='bbox 1702 4907 1807 4960; x_wconf 92' lang='lat' dir='ltr'><strong>huc</strong></span> <span class='ocrx_word' id='word_1_661' title='bbox 1831 4907 2007 4960; x_wconf 91' lang='lat' dir='ltr'><strong>omnis</strong></span> <span class='ocrx_word' id='word_1_662' title='bbox 2043 4907 2294 4961; x_wconf 85' lang='lat' dir='ltr'><strong>adversa-</strong></span> 
     </span>
    </p>
   </div>
   <div class='ocr_carea' id='block_1_60' title="bbox 745 4976 2294 5046">
    <p class='ocr_par' dir='ltr' id='par_1_60' title="bbox 745 4976 2294 5046">
     <span class='ocr_line' id='line_1_60' title="bbox 745 4976 2294 5046; baseline -0.003 -12"><span class='ocrx_word' id='word_1_663' title='bbox 745 4983 948 5034; x_wconf 90' lang='lat' dir='ltr'><strong>riorum</strong></span> <span class='ocrx_word' id='word_1_664' title='bbox 984 4979 1248 5032; x_wconf 89' lang='lat' dir='ltr'><strong>subtilitas</strong></span> <span class='ocrx_word' id='word_1_665' title='bbox 1283 4988 1337 5031; x_wconf 91' lang='lat' dir='ltr'><strong>et</strong></span> <span class='ocrx_word' id='word_1_666' title='bbox 1379 4978 1746 5046; x_wconf 88' lang='lat' dir='ltr'><strong>tergiversatio</strong></span> <span class='ocrx_word' id='word_1_667' title='bbox 1778 4977 1972 5045; x_wconf 63' lang='lat' dir='ltr'><strong>qumrit</strong></span> <span class='ocrx_word' id='word_1_668' title='bbox 2004 4976 2294 5046; x_wconf 85' lang='lat' dir='ltr'><strong>efl&#39;ugium;</strong></span> 
     </span>
    </p>
   </div>
   <div class='ocr_carea' id='block_1_61' title="bbox 745 5046 2298 5115">
    <p class='ocr_par' dir='ltr' id='par_1_61' title="bbox 745 5046 2298 5115">
     <span class='ocr_line' id='line_1_61' title="bbox 745 5046 2298 5115; baseline -0.003 -12"><span class='ocrx_word' id='word_1_669' title='bbox 745 5062 805 5104; x_wconf 92' lang='lat' dir='ltr'><strong>ut</strong></span> <span class='ocrx_word' id='word_1_670' title='bbox 828 5051 913 5103; x_wconf 91' lang='lat' dir='ltr'><strong>ubi</strong></span> <span class='ocrx_word' id='word_1_671' title='bbox 950 5063 1048 5101; x_wconf 87' lang='lat' dir='ltr'><strong>nos</strong></span> <span class='ocrx_word' id='word_1_672' title='bbox 1073 5049 1299 5102; x_wconf 89' lang='lat' dir='ltr'><strong>dicimus</strong></span> <span class='ocrx_word' id='word_1_673' title='bbox 1325 5061 1490 5098; x_wconf 92' lang='lat' dir='ltr'><strong>unum</strong></span> <span class='ocrx_word' id='word_1_674' title='bbox 1523 5047 1819 5111; x_wconf 88' lang='lat' dir='ltr'><strong>Christum,</strong></span> <span class='ocrx_word' id='word_1_675' title='bbox 1851 5047 1953 5115; x_wconf 92' lang='lat' dir='ltr'><strong>ipsi</strong></span> <span class='ocrx_word' id='word_1_676' title='bbox 1975 5062 2133 5099; x_wconf 87' lang='lat' dir='ltr'><strong>unam</strong></span> <span class='ocrx_word' id='word_1_677' title='bbox 2157 5046 2298 5099; x_wconf 80' lang='lat' dir='ltr'><strong>afﬁr-</strong></span> 
     </span>
    </p>
   </div>
   <div class='ocr_carea' id='block_1_62' title="bbox 746 5129 1180 5175">
    <p class='ocr_par' dir='ltr' id='par_1_62' title="bbox 746 5129 1180 5175">
     <span class='ocr_line' id='line_1_62' title="bbox 746 5129 1180 5175; baseline -0.014 0"><span class='ocrx_word' id='word_1_678' title='bbox 746 5129 896 5175; x_wconf 88' lang='lat' dir='ltr'><strong>ment</strong></span> <span class='ocrx_word' id='word_1_679' title='bbox 916 5130 1180 5170; x_wconf 90' lang='lat' dir='ltr'><strong>naturaru.</strong></span> 
     </span>
    </p>
   </div>
   <div class='ocr_carea' id='block_1_63' title="bbox 819 5183 2296 5258">
    <p class='ocr_par' dir='ltr' id='par_1_63' title="bbox 819 5183 2296 5258">
     <span class='ocr_line' id='line_1_63' title="bbox 819 5183 2296 5258; baseline -0.002 -17"><span class='ocrx_word' id='word_1_680' title='bbox 819 5189 929 5258; x_wconf 83' lang='grc'><strong>(47)</strong></span> <span class='ocrx_word' id='word_1_681' title='bbox 995 5185 1455 5258; x_wconf 85' lang='lat' dir='ltr'><strong>Quemadmodum</strong></span> <span class='ocrx_word' id='word_1_682' title='bbox 1487 5186 1572 5238; x_wconf 94' lang='lat' dir='ltr'><strong>hic</strong></span> <span class='ocrx_word' id='word_1_683' title='bbox 1593 5183 1814 5258; x_wconf 81' lang='lat' dir='ltr'><strong>I’hotius</strong></span> <span class='ocrx_word' id='word_1_684' title='bbox 1843 5185 1906 5238; x_wconf 89' lang='lat' dir='ltr'><strong>ad</strong></span> <span class='ocrx_word' id='word_1_685' title='bbox 1929 5185 2296 5258; x_wconf 90' lang='lat' dir='ltr'><strong>orthodoxiam</strong></span> 
     </span>
    </p>
   </div>
   <div class='ocr_carea' id='block_1_64' title="bbox 748 5255 2292 5324">
    <p class='ocr_par' dir='ltr' id='par_1_64' title="bbox 748 5255 2292 5324">
     <span class='ocr_line' id='line_1_64' title="bbox 748 5255 2292 5324; baseline -0.004 -10"><span class='ocrx_word' id='word_1_686' title='bbox 748 5255 995 5314; x_wconf 84' lang='lat' dir='ltr'><strong>hortatur</strong></span> <span class='ocrx_word' id='word_1_687' title='bbox 1025 5259 1268 5309; x_wconf 85' lang='lat' dir='ltr'><strong>Asutium</strong></span> <span class='ocrx_word' id='word_1_688' title='bbox 1301 5255 1615 5324; x_wconf 90' lang='lat' dir='ltr'><strong>principem,</strong></span> <span class='ocrx_word' id='word_1_689' title='bbox 1638 5256 1707 5308; x_wconf 90' lang='lat' dir='ltr'><strong>ita</strong></span> <span class='ocrx_word' id='word_1_690' title='bbox 1726 5265 1842 5322; x_wconf 84' lang='lat' dir='ltr'><strong>pOSl</strong></span> <span class='ocrx_word' id='word_1_691' title='bbox 1867 5257 2292 5324; x_wconf 89' lang='lat' dir='ltr'><strong>quadringentos</strong></span> 
     </span>
    </p>
   </div>
   <div class='ocr_carea' id='block_1_65' title="bbox 748 5324 2292 5384">
    <p class='ocr_par' dir='ltr' id='par_1_65' title="bbox 748 5324 2292 5384">
     <span class='ocr_line' id='line_1_65' title="bbox 748 5324 2292 5384; baseline -0.005 -1"><span class='ocrx_word' id='word_1_692' title='bbox 748 5335 915 5384; x_wconf 83' lang='lat' dir='ltr'><strong>ferme</strong></span> <span class='ocrx_word' id='word_1_693' title='bbox 939 5343 1110 5380; x_wconf 89' lang='lat' dir='ltr'><strong>annos</strong></span> <span class='ocrx_word' id='word_1_694' title='bbox 1130 5325 1513 5379; x_wconf 87' lang='lat' dir='ltr'><strong>adhortabatur</strong></span> <span class='ocrx_word' id='word_1_695' title='bbox 1535 5325 1779 5377; x_wconf 90' lang='lat' dir='ltr'><strong>similiter</strong></span> <span class='ocrx_word' id='word_1_696' title='bbox 1801 5324 2078 5377; x_wconf 85' lang='lat' dir='ltr'><strong>llaitonetn</strong></span> <span class='ocrx_word' id='word_1_697' title='bbox 2102 5327 2292 5377; x_wconf 84' lang='lat' dir='ltr'><strong>Arme-</strong></span> 
     </span>
    </p>
   </div>
   <div class='ocr_carea' id='block_1_66' title="bbox 746 5393 2301 5466">
    <p class='ocr_par' dir='ltr' id='par_1_66' title="bbox 746 5393 2301 5466">
     <span class='ocr_line' id='line_1_66' title="bbox 746 5393 2301 5466; baseline -0.005 -13"><span class='ocrx_word' id='word_1_698' title='bbox 746 5402 961 5454; x_wconf 87' lang='lat' dir='ltr'><strong>niorum</strong></span> <span class='ocrx_word' id='word_1_699' title='bbox 1002 5412 1177 5466; x_wconf 87' lang='lat' dir='ltr'><strong>regem</strong></span> <span class='ocrx_word' id='word_1_700' title='bbox 1231 5393 1441 5446; x_wconf 84' lang='lat' dir='ltr'><strong>Manuel</strong></span> <span class='ocrx_word' id='word_1_701' title='bbox 1485 5394 1549 5457; x_wconf 95' lang='lat' dir='ltr'><strong>ll,</strong></span> <span class='ocrx_word' id='word_1_702' title='bbox 1606 5395 1909 5466; x_wconf 82' lang='lat' dir='ltr'><strong>patriarcha</strong></span> <span class='ocrx_word' id='word_1_703' title='bbox 1939 5393 2158 5466; x_wconf 65' lang='lat' dir='ltr'><strong>Graecus</strong></span> <span class='ocrx_word' id='word_1_704' title='bbox 2185 5434 2199 5456; x_wconf 88' lang='lat'><strong>,</strong></span> <span class='ocrx_word' id='word_1_705' title='bbox 2247 5395 2301 5446; x_wconf 93' lang='lat' dir='ltr'><strong>in</strong></span> 
     </span>
    </p>
   </div>
   <div class='ocr_carea' id='block_1_67' title="bbox 749 5464 2299 5537">
    <p class='ocr_par' dir='ltr' id='par_1_67' title="bbox 749 5464 2299 5537">
     <span class='ocr_line' id='line_1_67' title="bbox 749 5464 2299 5537; baseline -0.005 -14"><span class='ocrx_word' id='word_1_706' title='bbox 749 5469 972 5537; x_wconf 87' lang='lat' dir='ltr'><strong>epistola</strong></span> <span class='ocrx_word' id='word_1_707' title='bbox 1007 5464 1082 5519; x_wconf 76' lang='lat' dir='ltr'><strong>de</strong></span> <span class='ocrx_word' id='word_1_708' title='bbox 1108 5481 1211 5534; x_wconf 91' lang='lat' dir='ltr'><strong>qua</strong></span> <span class='ocrx_word' id='word_1_709' title='bbox 1247 5480 1343 5537; x_wconf 80' lang='lat' dir='ltr'><strong>nos</strong></span> <span class='ocrx_word' id='word_1_710' title='bbox 1381 5480 1561 5537; x_wconf 88' lang='lat' dir='ltr'><strong>supra,</strong></span> <span class='ocrx_word' id='word_1_711' title='bbox 1586 5480 1630 5537; x_wconf 14' lang='lat' dir='ltr'><strong>Ap</strong></span> <span class='ocrx_word' id='word_1_712' title='bbox 1658 5535 1668 5537; x_wconf 91' lang='lat'><em>_</em></span> <span class='ocrx_word' id='word_1_713' title='bbox 1698 5464 1828 5537; x_wconf 74' lang='grc'><strong>447,</strong></span> <span class='ocrx_word' id='word_1_714' title='bbox 1860 5465 2024 5537; x_wconf 67' lang='lat' dir='ltr'><strong>verba</strong></span> <span class='ocrx_word' id='word_1_715' title='bbox 2058 5464 2299 5537; x_wconf 66' lang='lat' dir='ltr'><strong>iecimus,</strong></span> 
     </span>
    </p>
   </div>
   <div class='ocr_carea' id='block_1_68' title="bbox 750 5533 2302 5606">
    <p class='ocr_par' dir='ltr' id='par_1_68' title="bbox 750 5533 2302 5606">
     <span class='ocr_line' id='line_1_68' title="bbox 750 5533 2302 5606; baseline -0.005 -14"><span class='ocrx_word' id='word_1_716' title='bbox 750 5533 902 5606; x_wconf 83' lang='lat' dir='ltr'><strong>cujus</strong></span> <span class='ocrx_word' id='word_1_717' title='bbox 931 5533 1243 5605; x_wconf 88' lang='lat' dir='ltr'><strong>particulam</strong></span> <span class='ocrx_word' id='word_1_718' title='bbox 1279 5534 1464 5586; x_wconf 87' lang='lat' dir='ltr'><strong>Latine</strong></span> <span class='ocrx_word' id='word_1_719' title='bbox 1492 5535 1852 5606; x_wconf 81' lang='lat' dir='ltr'><strong>recitabimus.</strong></span> <span class='ocrx_word' id='word_1_720' title='bbox 1880 5533 1988 5602; x_wconf 84' lang='lat' dir='ltr'><strong>Ego</strong></span> <span class='ocrx_word' id='word_1_721' title='bbox 2009 5535 2166 5602; x_wconf 86' lang='lat' dir='ltr'><strong>igitur</strong></span> <span class='ocrx_word' id='word_1_722' title='bbox 2193 5534 2302 5587; x_wconf 81' lang='lat' dir='ltr'><strong>Ma-</strong></span> 
     </span>
    </p>
   </div>
   <div class='ocr_carea' id='block_1_69' title="bbox 751 5605 2301 5672">
    <p class='ocr_par' dir='ltr' id='par_1_69' title="bbox 751 5605 2301 5672">
     <span class='ocr_line' id='line_1_69' title="bbox 751 5605 2301 5672; baseline -0.005 -11"><span class='ocrx_word' id='word_1_723' title='bbox 751 5605 869 5661; x_wconf 71' lang='lat' dir='ltr'><strong>ttttt’l</strong></span> <span class='ocrx_word' id='word_1_724' title='bbox 903 5608 1240 5659; x_wconf 72' lang='lat' dir='ltr'><strong>mcumenicus</strong></span> <span class='ocrx_word' id='word_1_725' title='bbox 1272 5605 1594 5672; x_wconf 81' lang='lat' dir='ltr'><strong>patriarcha.</strong></span> <span class='ocrx_word' id='word_1_726' title='bbox 1627 5616 1673 5655; x_wconf 92' lang='lat' dir='ltr'><strong>et</strong></span> <span class='ocrx_word' id='word_1_727' title='bbox 1702 5607 1789 5672; x_wconf 88' lang='lat' dir='ltr'><strong>qui</strong></span> <span class='ocrx_word' id='word_1_728' title='bbox 1822 5622 2016 5655; x_wconf 87' lang='lat' dir='ltr'><strong>mecum</strong></span> <span class='ocrx_word' id='word_1_729' title='bbox 2037 5613 2154 5655; x_wconf 88' lang='lat' dir='ltr'><strong>sunt</strong></span> <span class='ocrx_word' id='word_1_730' title='bbox 2187 5622 2301 5654; x_wconf 87' lang='lat' dir='ltr'><strong>ma-</strong></span> 
     </span>
    </p>
   </div>
   <div class='ocr_carea' id='block_1_70' title="bbox 751 5673 2303 5745">
    <p class='ocr_par' dir='ltr' id='par_1_70' title="bbox 751 5673 2303 5745">
     <span class='ocr_line' id='line_1_70' title="bbox 751 5673 2303 5745; baseline -0.004 -16"><span class='ocrx_word' id='word_1_731' title='bbox 751 5696 864 5745; x_wconf 74' lang='lat' dir='ltr'><strong>gna:</strong></span> <span class='ocrx_word' id='word_1_732' title='bbox 888 5687 1184 5743; x_wconf 67' lang='lat' dir='ltr'><strong>sattctwque</strong></span> <span class='ocrx_word' id='word_1_733' title='bbox 1215 5675 1394 5740; x_wconf 74' lang='lat' dir='ltr'><strong>synodi</strong></span> <span class='ocrx_word' id='word_1_734' title='bbox 1414 5675 1753 5726; x_wconf 83' lang='lat' dir='ltr'><strong>sacratissimi</strong></span> <span class='ocrx_word' id='word_1_735' title='bbox 1777 5676 2054 5745; x_wconf 81' lang='lat' dir='ltr'><strong>antistites,</strong></span> <span class='ocrx_word' id='word_1_736' title='bbox 2101 5673 2303 5745; x_wconf 45' lang='lat' dir='ltr'><strong>dilecti}</strong></span> 
     </span>
    </p>
   </div>
   <div class='ocr_carea' id='block_1_71' title="bbox 749 5743 2304 5816">
    <p class='ocr_par' dir='ltr' id='par_1_71' title="bbox 749 5743 2304 5816">
     <span class='ocr_line' id='line_1_71' title="bbox 749 5743 2304 5816; baseline -0.003 -18"><span class='ocrx_word' id='word_1_737' title='bbox 749 5743 845 5816; x_wconf 82' lang='lat' dir='ltr'><strong>que</strong></span> <span class='ocrx_word' id='word_1_738' title='bbox 867 5748 1071 5816; x_wconf 19' lang='lat' dir='ltr'><strong>Lhristﬁo</strong></span> <span class='ocrx_word' id='word_1_739' title='bbox 1095 5746 1403 5803; x_wconf 80' lang='lat' dir='ltr'><strong>sacerdotes,</strong></span> <span class='ocrx_word' id='word_1_740' title='bbox 1431 5746 1618 5812; x_wconf 79' lang='lat' dir='ltr'><strong>fratres</strong></span> <span class='ocrx_word' id='word_1_741' title='bbox 1643 5745 1740 5794; x_wconf 87' lang='lat' dir='ltr'><strong>mei</strong></span> <span class='ocrx_word' id='word_1_742' title='bbox 1758 5745 1810 5794; x_wconf 90' lang='lat' dir='ltr'><strong>in</strong></span> <span class='ocrx_word' id='word_1_743' title='bbox 1827 5744 2056 5816; x_wconf 75' lang='lat' dir='ltr'><strong>Domino</strong></span> <span class='ocrx_word' id='word_1_744' title='bbox 2076 5743 2304 5816; x_wconf 66' lang='lat' dir='ltr'><strong>etsimul</strong></span> 
     </span>
    </p>
   </div>
   <div class='ocr_carea' id='block_1_72' title="bbox 755 5811 2301 5878">
    <p class='ocr_par' dir='ltr' id='par_1_72' title="bbox 755 5811 2301 5878">
     <span class='ocr_line' id='line_1_72' title="bbox 755 5811 2301 5878; baseline -0.003 -10"><span class='ocrx_word' id='word_1_745' title='bbox 755 5811 998 5878; x_wconf 73' lang='lat' dir='ltr'><strong>ministri,</strong></span> <span class='ocrx_word' id='word_1_746' title='bbox 1019 5815 1182 5868; x_wconf 82' lang='lat' dir='ltr'><strong>Deum</strong></span> <span class='ocrx_word' id='word_1_747' title='bbox 1212 5811 1713 5878; x_wconf 10' lang='lat' dir='ltr'><strong>orantesroptumus,</strong></span> <span class='ocrx_word' id='word_1_748' title='bbox 1737 5823 1783 5865; x_wconf 88' lang='lat' dir='ltr'><strong>te</strong></span> <span class='ocrx_word' id='word_1_749' title='bbox 1818 5815 1867 5864; x_wconf 85' lang='lat' dir='ltr'><strong>in</strong></span> <span class='ocrx_word' id='word_1_750' title='bbox 1898 5814 2077 5878; x_wconf 79' lang='lat' dir='ltr'><strong>primis</strong></span> <span class='ocrx_word' id='word_1_751' title='bbox 2105 5811 2301 5864; x_wconf 75' lang='lat' dir='ltr'><strong>illumi-</strong></span> 
     </span>
    </p>
   </div>
   <div class='ocr_carea' id='block_1_73' title="bbox 2392 4357 3956 4428">
    <p class='ocr_par' dir='ltr' id='par_1_73' title="bbox 2392 4357 3956 4428">
     <span class='ocr_line' id='line_1_73' title="bbox 2392 4357 3956 4428; baseline 0.003 -22"><span class='ocrx_word' id='word_1_752' title='bbox 2392 4357 2485 4428; x_wconf 88' lang='lat' dir='ltr'><strong>I_toc</strong></span> <span class='ocrx_word' id='word_1_753' title='bbox 2507 4360 2734 4424; x_wconf 85' lang='lat' dir='ltr'><strong>primum</strong></span> <span class='ocrx_word' id='word_1_754' title='bbox 2765 4369 2959 4428; x_wconf 86' lang='lat' dir='ltr'><strong>rectam</strong></span> <span class='ocrx_word' id='word_1_755' title='bbox 2979 4357 3279 4428; x_wconf 82' lang='lat' dir='ltr'><strong>religionem</strong></span> <span class='ocrx_word' id='word_1_756' title='bbox 3301 4375 3594 4427; x_wconf 82' lang='lat' dir='ltr'><strong>agnoscere,</strong></span> <span class='ocrx_word' id='word_1_757' title='bbox 3615 4361 3956 4425; x_wconf 82' lang='lat' dir='ltr'><strong>veritatisque</strong></span> 
     </span>
    </p>
   </div>
   <div class='ocr_carea' id='block_1_74' title="bbox 2395 4425 3957 4498">
    <p class='ocr_par' dir='ltr' id='par_1_74' title="bbox 2395 4425 3957 4498">
     <span class='ocr_line' id='line_1_74' title="bbox 2395 4425 3957 4498; baseline 0.004 -22"><span class='ocrx_word' id='word_1_758' title='bbox 2395 4425 2565 4498; x_wconf 85' lang='lat' dir='ltr'><strong>lumen</strong></span> <span class='ocrx_word' id='word_1_759' title='bbox 2598 4429 2842 4494; x_wconf 88' lang='lat' dir='ltr'><strong>recipere.</strong></span> <span class='ocrx_word' id='word_1_760' title='bbox 2880 4425 3231 4482; x_wconf 45' lang='lat' dir='ltr'><strong>Veritas&#39;enim</strong></span> <span class='ocrx_word' id='word_1_761' title='bbox 3259 4425 3495 4483; x_wconf 78' lang='lat' dir='ltr'><strong>Christus</strong></span> <span class='ocrx_word' id='word_1_762' title='bbox 3528 4439 3622 4492; x_wconf 88' lang='lat' dir='ltr'><strong>est,</strong></span> <span class='ocrx_word' id='word_1_763' title='bbox 3644 4429 3787 4498; x_wconf 86' lang='lat' dir='ltr'><strong>isque</strong></span> <span class='ocrx_word' id='word_1_764' title='bbox 3808 4445 3957 4482; x_wconf 80' lang='lat' dir='ltr'><strong>veros</strong></span> 
     </span>
    </p>
   </div>
   <div class='ocr_carea' id='block_1_75' title="bbox 2392 4496 3960 4566">
    <p class='ocr_par' dir='ltr' id='par_1_75' title="bbox 2392 4496 3960 4566">
     <span class='ocr_line' id='line_1_75' title="bbox 2392 4496 3960 4566; baseline 0.003 -21"><span class='ocrx_word' id='word_1_765' title='bbox 2392 4496 2474 4546; x_wconf 89' lang='lat' dir='ltr'><strong>sui</strong></span> <span class='ocrx_word' id='word_1_766' title='bbox 2517 4498 2841 4559; x_wconf 85' lang='lat' dir='ltr'><strong>adoratores,</strong></span> <span class='ocrx_word' id='word_1_767' title='bbox 2876 4498 2964 4566; x_wconf 87' lang='lat' dir='ltr'><strong>qui</strong></span> <span class='ocrx_word' id='word_1_768' title='bbox 2986 4499 3151 4564; x_wconf 87' lang='lat' dir='ltr'><strong>ipsum</strong></span> <span class='ocrx_word' id='word_1_769' title='bbox 3188 4502 3242 4550; x_wconf 89' lang='lat' dir='ltr'><strong>in</strong></span> <span class='ocrx_word' id='word_1_770' title='bbox 3291 4499 3492 4550; x_wconf 87' lang='lat' dir='ltr'><strong>duabus</strong></span> <span class='ocrx_word' id='word_1_771' title='bbox 3533 4496 3736 4550; x_wconf 88' lang='lat' dir='ltr'><strong>naturis</strong></span> <span class='ocrx_word' id='word_1_772' title='bbox 3785 4499 3960 4550; x_wconf 87' lang='lat' dir='ltr'><strong>subsi-</strong></span> 
     </span>
    </p>
   </div>
   <div class='ocr_carea' id='block_1_76' title="bbox 2393 4568 3964 4636">
    <p class='ocr_par' dir='ltr' id='par_1_76' title="bbox 2393 4568 3964 4636">
     <span class='ocr_line' id='line_1_76' title="bbox 2393 4568 3964 4636; baseline 0.003 -20"><span class='ocrx_word' id='word_1_773' title='bbox 2393 4575 2627 4625; x_wconf 84' lang='lat' dir='ltr'><strong>stentem,</strong></span> <span class='ocrx_word' id='word_1_774' title='bbox 2650 4568 2959 4636; x_wconf 89' lang='lat' dir='ltr'><strong>totidemque</strong></span> <span class='ocrx_word' id='word_1_775' title='bbox 2975 4568 3433 4634; x_wconf 76' lang='lat' dir='ltr'><strong>operationibus‘ac</strong></span> <span class='ocrx_word' id='word_1_776' title='bbox 3449 4568 3798 4620; x_wconf 82' lang='lat' dir='ltr'><strong>voluntatibus</strong></span> <span class='ocrx_word' id='word_1_777' title='bbox 3821 4585 3964 4634; x_wconf 73' lang='lat' dir='ltr'><strong>pra:-</strong></span> 
     </span>
    </p>
   </div>
   <div class='ocr_carea' id='block_1_77' title="bbox 2395 4636 3960 4705">
    <p class='ocr_par' dir='ltr' id='par_1_77' title="bbox 2395 4636 3960 4705">
     <span class='ocr_line' id='line_1_77' title="bbox 2395 4636 3960 4705; baseline 0.003 -20"><span class='ocrx_word' id='word_1_778' title='bbox 2395 4636 2580 4695; x_wconf 89' lang='lat' dir='ltr'><strong>ditum,</strong></span> <span class='ocrx_word' id='word_1_779' title='bbox 2607 4637 2660 4687; x_wconf 93' lang='lat' dir='ltr'><strong>in</strong></span> <span class='ocrx_word' id='word_1_780' title='bbox 2678 4638 2830 4688; x_wconf 89' lang='lat' dir='ltr'><strong>unica</strong></span> <span class='ocrx_word' id='word_1_781' title='bbox 2854 4653 3090 4702; x_wconf 85' lang='lat' dir='ltr'><strong>persona,</strong></span> <span class='ocrx_word' id='word_1_782' title='bbox 3119 4639 3427 4705; x_wconf 62' lang='lat' dir='ltr'><strong>pradicant,</strong></span> <span class='ocrx_word' id='word_1_783' title='bbox 3449 4648 3628 4690; x_wconf 88' lang='lat' dir='ltr'><strong>sancto</strong></span> <span class='ocrx_word' id='word_1_784' title='bbox 3661 4636 3862 4705; x_wconf 88' lang='lat' dir='ltr'><strong>Spiritu</strong></span> <span class='ocrx_word' id='word_1_785' title='bbox 3895 4655 3960 4690; x_wconf 90' lang='lat' dir='ltr'><strong>ac</strong></span> 
     </span>
    </p>
   </div>
   <div class='ocr_carea' id='block_1_78' title="bbox 2395 4706 3957 4776">
    <p class='ocr_par' dir='ltr' id='par_1_78' title="bbox 2395 4706 3957 4776">
     <span class='ocr_line' id='line_1_78' title="bbox 2395 4706 3957 4776; baseline 0.003 -22"><span class='ocrx_word' id='word_1_786' title='bbox 2395 4707 2607 4776; x_wconf 59' lang='lat' dir='ltr'><strong>ueritate</strong></span> <span class='ocrx_word' id='word_1_787' title='bbox 2633 4706 2916 4769; x_wconf 86' lang='lat' dir='ltr'><strong>illuminat,</strong></span> <span class='ocrx_word' id='word_1_788' title='bbox 2948 4708 3127 4774; x_wconf 88' lang='lat' dir='ltr'><strong>suique</strong></span> <span class='ocrx_word' id='word_1_789' title='bbox 3151 4709 3364 4760; x_wconf 74' lang='lat' dir='ltr'><strong>caelestis</strong></span> <span class='ocrx_word' id='word_1_790' title='bbox 3387 4709 3529 4775; x_wconf 88' lang='lat' dir='ltr'><strong>regni</strong></span> <span class='ocrx_word' id='word_1_791' title='bbox 3551 4709 3675 4776; x_wconf 75' lang='lat' dir='ltr'><strong>facit</strong></span> <span class='ocrx_word' id='word_1_792' title='bbox 3705 4710 3957 4759; x_wconf 72' lang='lat' dir='ltr'><strong>Itcredes.</strong></span> 
     </span>
    </p>
   </div>
   <div class='ocr_carea' id='block_1_79' title="bbox 2397 4771 3963 4845">
    <p class='ocr_par' dir='ltr' id='par_1_79' title="bbox 2397 4771 3963 4845">
     <span class='ocr_line' id='line_1_79' title="bbox 2397 4771 3963 4845; baseline 0.001 -21"><span class='ocrx_word' id='word_1_793' title='bbox 2397 4771 2618 4845; x_wconf 80' lang='lat' dir='ltr'><strong>Quodsi</strong></span> <span class='ocrx_word' id='word_1_794' title='bbox 2653 4776 2766 4836; x_wconf 89' lang='lat' dir='ltr'><strong>illa,</strong></span> <span class='ocrx_word' id='word_1_795' title='bbox 2786 4793 2899 4845; x_wconf 78' lang='lat' dir='ltr'><strong>qua:</strong></span> <span class='ocrx_word' id='word_1_796' title='bbox 2923 4777 2974 4827; x_wconf 91' lang='lat' dir='ltr'><strong>in</strong></span> <span class='ocrx_word' id='word_1_797' title='bbox 3003 4771 3170 4840; x_wconf 74' lang='lat' dir='ltr'><strong>capite</strong></span> <span class='ocrx_word' id='word_1_798' title='bbox 3200 4789 3285 4829; x_wconf 89' lang='lat' dir='ltr'><strong>tuo</strong></span> <span class='ocrx_word' id='word_1_799' title='bbox 3321 4787 3414 4837; x_wconf 88' lang='lat' dir='ltr'><strong>est,</strong></span> <span class='ocrx_word' id='word_1_800' title='bbox 3443 4771 3697 4828; x_wconf 51' lang='lat' dir='ltr'><strong>&#39;cernendi</strong></span> <span class='ocrx_word' id='word_1_801' title='bbox 3725 4787 3772 4827; x_wconf 89' lang='lat' dir='ltr'><strong>et</strong></span> <span class='ocrx_word' id='word_1_802' title='bbox 3819 4778 3963 4843; x_wconf 74' lang='lat' dir='ltr'><strong>olfa-</strong></span> 
     </span>
    </p>
   </div>
   <div class='ocr_carea' id='block_1_80' title="bbox 2397 4844 3967 4914">
    <p class='ocr_par' dir='ltr' id='par_1_80' title="bbox 2397 4844 3967 4914">
     <span class='ocr_line' id='line_1_80' title="bbox 2397 4844 3967 4914; baseline 0.002 -22"><span class='ocrx_word' id='word_1_803' title='bbox 2397 4844 2563 4895; x_wconf 86' lang='lat' dir='ltr'><strong>ciendi</strong></span> <span class='ocrx_word' id='word_1_804' title='bbox 2593 4844 2836 4912; x_wconf 80' lang='lat' dir='ltr'><strong>facultas,</strong></span> <span class='ocrx_word' id='word_1_805' title='bbox 2871 4845 3039 4897; x_wconf 89' lang='lat' dir='ltr'><strong>altera</strong></span> <span class='ocrx_word' id='word_1_806' title='bbox 3070 4851 3275 4914; x_wconf 87' lang='lat' dir='ltr'><strong>quidem</strong></span> <span class='ocrx_word' id='word_1_807' title='bbox 3290 4847 3560 4898; x_wconf 79' lang='lat' dir='ltr'><strong>veritatem</strong></span> <span class='ocrx_word' id='word_1_808' title='bbox 3589 4847 3855 4913; x_wconf 85' lang='lat' dir='ltr'><strong>dispiciat.</strong></span> <span class='ocrx_word' id='word_1_809' title='bbox 3882 4847 3967 4896; x_wconf 79' lang='lat' dir='ltr'><strong>al-</strong></span> 
     </span>
    </p>
   </div>
   <div class='ocr_carea' id='block_1_81' title="bbox 2399 4914 3963 4969">
    <p class='ocr_par' dir='ltr' id='par_1_81' title="bbox 2399 4914 3963 4969">
     <span class='ocr_line' id='line_1_81' title="bbox 2399 4914 3963 4969; baseline 0.003 -8"><span class='ocrx_word' id='word_1_810' title='bbox 2399 4921 2509 4962; x_wconf 91' lang='lat' dir='ltr'><strong>tera</strong></span> <span class='ocrx_word' id='word_1_811' title='bbox 2536 4925 2710 4966; x_wconf 88' lang='lat' dir='ltr'><strong>autem</strong></span> <span class='ocrx_word' id='word_1_812' title='bbox 2746 4916 2968 4966; x_wconf 89' lang='lat' dir='ltr'><strong>duarum</strong></span> <span class='ocrx_word' id='word_1_813' title='bbox 3003 4915 3058 4967; x_wconf 84' lang='lat' dir='ltr'><strong>in</strong></span> <span class='ocrx_word' id='word_1_814' title='bbox 3087 4914 3288 4969; x_wconf 81' lang='lat' dir='ltr'><strong>Christo</strong></span> <span class='ocrx_word' id='word_1_815' title='bbox 3312 4927 3626 4967; x_wconf 86' lang='lat' dir='ltr'><strong>naturarum</strong></span> <span class='ocrx_word' id='word_1_816' title='bbox 3656 4915 3814 4966; x_wconf 74' lang='lat' dir='ltr'><strong>veluti</strong></span> <span class='ocrx_word' id='word_1_817' title='bbox 3838 4931 3963 4966; x_wconf 87' lang='lat' dir='ltr'><strong>sen-</strong></span> 
     </span>
    </p>
   </div>
   <div class='ocr_carea' id='block_1_82' title="bbox 2397 4984 3964 5054">
    <p class='ocr_par' dir='ltr' id='par_1_82' title="bbox 2397 4984 3964 5054">
     <span class='ocr_line' id='line_1_82' title="bbox 2397 4984 3964 5054; baseline 0.001 -22"><span class='ocrx_word' id='word_1_818' title='bbox 2397 4997 2512 5032; x_wconf 88' lang='lat' dir='ltr'><strong>sum</strong></span> <span class='ocrx_word' id='word_1_819' title='bbox 2540 4984 2823 5051; x_wconf 88' lang='lat' dir='ltr'><strong>percipiat;</strong></span> <span class='ocrx_word' id='word_1_820' title='bbox 2853 4986 3025 5036; x_wconf 77' lang='lat' dir='ltr'><strong>creteri</strong></span> <span class='ocrx_word' id='word_1_821' title='bbox 3048 4994 3454 5054; x_wconf 72' lang='lat' dir='ltr'><strong>consequenter,</strong></span> <span class='ocrx_word' id='word_1_822' title='bbox 3488 4987 3575 5054; x_wconf 85' lang='lat' dir='ltr'><strong>qui</strong></span> <span class='ocrx_word' id='word_1_823' title='bbox 3605 4986 3697 5036; x_wconf 88' lang='lat' dir='ltr'><strong>tibi</strong></span> <span class='ocrx_word' id='word_1_824' title='bbox 3744 4986 3964 5054; x_wconf 77' lang='lat' dir='ltr'><strong>auscul-</strong></span> 
     </span>
    </p>
   </div>
   <div class='ocr_carea' id='block_1_83' title="bbox 2401 5053 3962 5123">
    <p class='ocr_par' dir='ltr' id='par_1_83' title="bbox 2401 5053 3962 5123">
     <span class='ocr_line' id='line_1_83' title="bbox 2401 5053 3962 5123; baseline 0.004 -24"><span class='ocrx_word' id='word_1_825' title='bbox 2401 5059 2539 5123; x_wconf 69' lang='lat' dir='ltr'><strong>tant,</strong></span> <span class='ocrx_word' id='word_1_826' title='bbox 2566 5061 2872 5121; x_wconf 88' lang='lat' dir='ltr'><strong>tuorumque</strong></span> <span class='ocrx_word' id='word_1_827' title='bbox 2900 5053 3259 5120; x_wconf 80' lang='lat' dir='ltr'><strong>beneﬁciorum</strong></span> <span class='ocrx_word' id='word_1_828' title='bbox 3287 5065 3441 5122; x_wconf 87' lang='lat' dir='ltr'><strong>gustu</strong></span> <span class='ocrx_word' id='word_1_829' title='bbox 3475 5055 3744 5123; x_wconf 78' lang='lat' dir='ltr'><strong>fruuntur,</strong></span> <span class='ocrx_word' id='word_1_830' title='bbox 3768 5053 3962 5120; x_wconf 79' lang='lat' dir='ltr'><strong>hujus-</strong></span> 
     </span>
    </p>
   </div>
   <div class='ocr_carea' id='block_1_84' title="bbox 2402 5120 3962 5192">
    <p class='ocr_par' dir='ltr' id='par_1_84' title="bbox 2402 5120 3962 5192">
     <span class='ocr_line' id='line_1_84' title="bbox 2402 5120 3962 5192; baseline 0.003 -23"><span class='ocrx_word' id='word_1_831' title='bbox 2402 5120 2540 5192; x_wconf 86' lang='lat' dir='ltr'><strong>modi</strong></span> <span class='ocrx_word' id='word_1_832' title='bbox 2577 5120 2806 5175; x_wconf 83' lang='lat' dir='ltr'><strong>sensibus</strong></span> <span class='ocrx_word' id='word_1_833' title='bbox 2829 5124 2991 5181; x_wconf 85' lang='lat' dir='ltr'><strong>ducti.</strong></span> <span class='ocrx_word' id='word_1_834' title='bbox 3022 5135 3215 5176; x_wconf 87' lang='lat' dir='ltr'><strong>rectum</strong></span> <span class='ocrx_word' id='word_1_835' title='bbox 3247 5120 3436 5192; x_wconf 80' lang='lat' dir='ltr'><strong>dogma</strong></span> <span class='ocrx_word' id='word_1_836' title='bbox 3474 5120 3771 5192; x_wconf 83' lang='lat' dir='ltr'><strong>admittent,</strong></span> <span class='ocrx_word' id='word_1_837' title='bbox 3800 5136 3962 5190; x_wconf 83' lang='lat' dir='ltr'><strong>atque</strong></span> 
     </span>
    </p>
   </div>
   <div class='ocr_carea' id='block_1_85' title="bbox 2405 5191 3960 5255">
    <p class='ocr_par' dir='ltr' id='par_1_85' title="bbox 2405 5191 3960 5255">
     <span class='ocr_line' id='line_1_85' title="bbox 2405 5191 3960 5255; baseline 0.003 -17"><span class='ocrx_word' id='word_1_838' title='bbox 2405 5191 2473 5240; x_wconf 88' lang='lat' dir='ltr'><strong>ad</strong></span> <span class='ocrx_word' id='word_1_839' title='bbox 2517 5201 2748 5244; x_wconf 86' lang='lat' dir='ltr'><strong>nostram</strong></span> <span class='ocrx_word' id='word_1_840' title='bbox 2798 5193 3208 5246; x_wconf 85' lang='lat' dir='ltr'><strong>communionem</strong></span> <span class='ocrx_word' id='word_1_841' title='bbox 3239 5191 3502 5255; x_wconf 85' lang='lat' dir='ltr'><strong>accedent,</strong></span> <span class='ocrx_word' id='word_1_842' title='bbox 3550 5200 3656 5246; x_wconf 86' lang='lat' dir='ltr'><strong>etc.</strong></span> <span class='ocrx_word' id='word_1_843' title='bbox 3701 5191 3960 5244; x_wconf 74' lang='lat' dir='ltr'><strong>Dominus</strong></span> 
     </span>
    </p>
   </div>
   <div class='ocr_carea' id='block_1_86' title="bbox 2404 5257 3960 5330">
    <p class='ocr_par' dir='ltr' id='par_1_86' title="bbox 2404 5257 3960 5330">
     <span class='ocr_line' id='line_1_86' title="bbox 2404 5257 3960 5330; baseline 0.003 -22"><span class='ocrx_word' id='word_1_844' title='bbox 2404 5257 2541 5330; x_wconf 83' lang='lat' dir='ltr'><strong>Deus</strong></span> <span class='ocrx_word' id='word_1_845' title='bbox 2576 5271 2765 5322; x_wconf 83' lang='lat' dir='ltr'><strong>noster,</strong></span> <span class='ocrx_word' id='word_1_846' title='bbox 2799 5263 2889 5330; x_wconf 89' lang='lat' dir='ltr'><strong>qui</strong></span> <span class='ocrx_word' id='word_1_847' title='bbox 2927 5263 3070 5314; x_wconf 87' lang='lat' dir='ltr'><strong>adest</strong></span> <span class='ocrx_word' id='word_1_848' title='bbox 3116 5265 3309 5314; x_wconf 87' lang='lat' dir='ltr'><strong>cunctis</strong></span> <span class='ocrx_word' id='word_1_849' title='bbox 3361 5263 3716 5314; x_wconf 81' lang='lat' dir='ltr'><strong>invocantibus</strong></span> <span class='ocrx_word' id='word_1_850' title='bbox 3743 5277 3818 5324; x_wconf 90' lang='lat' dir='ltr'><strong>se,</strong></span> <span class='ocrx_word' id='word_1_851' title='bbox 3867 5263 3960 5328; x_wconf 82' lang='lat' dir='ltr'><strong>qui</strong></span> 
     </span>
    </p>
   </div>
   <div class='ocr_carea' id='block_1_87' title="bbox 2401 5329 3961 5397">
    <p class='ocr_par' dir='ltr' id='par_1_87' title="bbox 2401 5329 3961 5397">
     <span class='ocr_line' id='line_1_87' title="bbox 2401 5329 3961 5397; baseline 0.003 -21"><span class='ocrx_word' id='word_1_852' title='bbox 2401 5329 2765 5384; x_wconf 71' lang='lat' dir='ltr'><strong>misericordia</strong></span> <span class='ocrx_word' id='word_1_853' title='bbox 2783 5347 2891 5383; x_wconf 77' lang='lat' dir='ltr'><strong>sua:</strong></span> <span class='ocrx_word' id='word_1_854' title='bbox 2907 5333 3162 5384; x_wconf 89' lang='lat' dir='ltr'><strong>miracula</strong></span> <span class='ocrx_word' id='word_1_855' title='bbox 3185 5333 3424 5396; x_wconf 86' lang='lat' dir='ltr'><strong>ostendit,</strong></span> <span class='ocrx_word' id='word_1_856' title='bbox 3454 5341 3502 5384; x_wconf 83' lang='lat' dir='ltr'><strong>et</strong></span> <span class='ocrx_word' id='word_1_857' title='bbox 3529 5332 3760 5397; x_wconf 83' lang='lat' dir='ltr'><strong>dispersa</strong></span> <span class='ocrx_word' id='word_1_858' title='bbox 3781 5332 3961 5382; x_wconf 88' lang='lat' dir='ltr'><strong>omnia</strong></span> 
     </span>
    </p>
   </div>
   <div class='ocr_carea' id='block_1_88' title="bbox 2400 5398 3962 5465">
    <p class='ocr_par' dir='ltr' id='par_1_88' title="bbox 2400 5398 3962 5465">
     <span class='ocr_line' id='line_1_88' title="bbox 2400 5398 3962 5465; baseline 0.003 -19"><span class='ocrx_word' id='word_1_859' title='bbox 2400 5398 2468 5446; x_wconf 89' lang='lat' dir='ltr'><strong>ad</strong></span> <span class='ocrx_word' id='word_1_860' title='bbox 2507 5401 2759 5452; x_wconf 87' lang='lat' dir='ltr'><strong>unitatem</strong></span> <span class='ocrx_word' id='word_1_861' title='bbox 2809 5402 3051 5465; x_wconf 85' lang='lat' dir='ltr'><strong>deducit;</strong></span> <span class='ocrx_word' id='word_1_862' title='bbox 3095 5403 3137 5454; x_wconf 88' lang='lat' dir='ltr'><strong>is</strong></span> <span class='ocrx_word' id='word_1_863' title='bbox 3160 5403 3365 5454; x_wconf 89' lang='lat' dir='ltr'><strong>utinam</strong></span> <span class='ocrx_word' id='word_1_864' title='bbox 3408 5412 3553 5453; x_wconf 91' lang='lat' dir='ltr'><strong>tuam</strong></span> <span class='ocrx_word' id='word_1_865' title='bbox 3582 5402 3962 5453; x_wconf 71' lang='lat' dir='ltr'><strong>nobilissimam</strong></span> 
     </span>
    </p>
   </div>
   <div class='ocr_carea' id='block_1_89' title="bbox 2398 5472 3960 5538">
    <p class='ocr_par' dir='ltr' id='par_1_89' title="bbox 2398 5472 3960 5538">
     <span class='ocr_line' id='line_1_89' title="bbox 2398 5472 3960 5538; baseline 0.003 -22"><span class='ocrx_word' id='word_1_866' title='bbox 2398 5477 2753 5537; x_wconf 84' lang='lat' dir='ltr'><strong>potentemque</strong></span> <span class='ocrx_word' id='word_1_867' title='bbox 2810 5473 3006 5538; x_wconf 86' lang='lat' dir='ltr'><strong>regiam</strong></span> <span class='ocrx_word' id='word_1_868' title='bbox 3050 5486 3323 5538; x_wconf 87' lang='lat' dir='ltr'><strong>personam</strong></span> <span class='ocrx_word' id='word_1_869' title='bbox 3373 5487 3487 5532; x_wconf 80' lang='lat' dir='ltr'><strong>cum</strong></span> <span class='ocrx_word' id='word_1_870' title='bbox 3521 5472 3731 5522; x_wconf 76' lang='lat' dir='ltr'><strong>ecclesia</strong></span> <span class='ocrx_word' id='word_1_871' title='bbox 3780 5480 3960 5520; x_wconf 88' lang='lat' dir='ltr'><strong>nostra</strong></span> 
     </span>
    </p>
   </div>
   <div class='ocr_carea' id='block_1_90' title="bbox 2401 5539 3962 5609">
    <p class='ocr_par' dir='ltr' id='par_1_90' title="bbox 2401 5539 3962 5609">
     <span class='ocr_line' id='line_1_90' title="bbox 2401 5539 3962 5609; baseline 0.001 -21"><span class='ocrx_word' id='word_1_872' title='bbox 2401 5539 2678 5609; x_wconf 64' lang='lat' dir='ltr'><strong>conjungat</strong></span> <span class='ocrx_word' id='word_1_873' title='bbox 2701 5541 2719 5591; x_wconf 88' lang='lat'><strong>.&#39;</strong></span> <span class='ocrx_word' id='word_1_874' title='bbox 2752 5556 2937 5606; x_wconf 87' lang='lat' dir='ltr'><strong>eosque</strong></span> <span class='ocrx_word' id='word_1_875' title='bbox 2965 5557 3138 5593; x_wconf 85' lang='lat' dir='ltr'><strong>omnes</strong></span> <span class='ocrx_word' id='word_1_876' title='bbox 3167 5542 3253 5609; x_wconf 89' lang='lat' dir='ltr'><strong>qui</strong></span> <span class='ocrx_word' id='word_1_877' title='bbox 3301 5542 3354 5592; x_wconf 91' lang='lat' dir='ltr'><strong>in</strong></span> <span class='ocrx_word' id='word_1_878' title='bbox 3388 5541 3505 5607; x_wconf 79' lang='lat' dir='ltr'><strong>ﬁdei</strong></span> <span class='ocrx_word' id='word_1_879' title='bbox 3535 5542 3790 5592; x_wconf 87' lang='lat' dir='ltr'><strong>unitatem</strong></span> <span class='ocrx_word' id='word_1_880' title='bbox 3835 5555 3962 5590; x_wconf 86' lang='lat' dir='ltr'><strong>con-</strong></span> 
     </span>
    </p>
   </div>
   <div class='ocr_carea' id='block_1_91' title="bbox 2399 5605 3818 5677">
    <p class='ocr_par' dir='ltr' id='par_1_91' title="bbox 2399 5605 3818 5677">
     <span class='ocr_line' id='line_1_91' title="bbox 2399 5605 3818 5677; baseline 0.001 -18"><span class='ocrx_word' id='word_1_881' title='bbox 2399 5605 2667 5673; x_wconf 64' lang='lat' dir='ltr'><strong>ﬂuxerint,</strong></span> <span class='ocrx_word' id='word_1_882' title='bbox 2707 5611 2795 5662; x_wconf 86' lang='lat' dir='ltr'><strong>abs</strong></span> <span class='ocrx_word' id='word_1_883' title='bbox 2825 5605 3052 5677; x_wconf 82' lang='lat' dir='ltr'><strong>qualibet</strong></span> <span class='ocrx_word' id='word_1_884' title='bbox 3083 5605 3396 5663; x_wconf 44' lang='lat' dir='ltr'><strong>adtv&#39;ersitutc</strong></span> <span class='ocrx_word' id='word_1_885' title='bbox 3426 5620 3636 5661; x_wconf 90' lang='lat' dir='ltr'><strong>tueatur</strong></span> <span class='ocrx_word' id='word_1_886' title='bbox 3657 5611 3675 5661; x_wconf 91' lang='lat'><strong><em>!</em></strong></span> <span class='ocrx_word' id='word_1_887' title='bbox 3714 5621 3818 5662; x_wconf 84' lang='lat' dir='ltr'><strong>etc.</strong></span> 
     </span>
    </p>
   </div>
   <div class='ocr_carea' id='block_1_92' title="bbox 2399 5679 3969 5800">
    <p class='ocr_par' dir='ltr' id='par_1_92' title="bbox 2399 5679 3969 5800">
     <span class='ocr_line' id='line_1_92' title="bbox 2399 5679 3969 5800; baseline 0.001 -71"><span class='ocrx_word' id='word_1_888' title='bbox 2399 5748 2431 5800; x_wconf 53' lang='grc' dir='ltr'><strong><em>Γ</em></strong></span> <span class='ocrx_word' id='word_1_889' title='bbox 2471 5679 2581 5756; x_wconf 82' lang='grc'><strong>(48)</strong></span> <span class='ocrx_word' id='word_1_890' title='bbox 2647 5680 3151 5735; x_wconf 85' lang='lat' dir='ltr'><strong>Animadvertamus</strong></span> <span class='ocrx_word' id='word_1_891' title='bbox 3175 5697 3375 5734; x_wconf 89' lang='lat' dir='ltr'><strong>morem</strong></span> <span class='ocrx_word' id='word_1_892' title='bbox 3403 5680 3640 5733; x_wconf 85' lang='lat' dir='ltr'><strong>donandi</strong></span> <span class='ocrx_word' id='word_1_893' title='bbox 3665 5693 3848 5733; x_wconf 85' lang='lat' dir='ltr'><strong>sacras</strong></span> <span class='ocrx_word' id='word_1_894' title='bbox 3877 5693 3969 5731; x_wconf 81' lang='lat' dir='ltr'><strong>re-</strong></span> 
     </span>
     <span class='ocr_line' id='line_1_93' title="bbox 2423 5763 2610 5800; baseline 0 0"><span class='ocrx_word' id='word_1_895' title='bbox 2423 5763 2610 5800; x_wconf 77' lang='lat' dir='ltr'><strong>nautas.</strong></span> 
     </span>
    </p>
   </div>
   <div class='ocr_carea' id='block_1_93' title="bbox 2423 5763 2610 5817">
    <p class='ocr_par' dir='ltr' id='par_1_93' title="bbox 2423 5763 2610 5817">
     <span class='ocr_line' id='line_1_94' title="bbox 2423 5763 2610 5817; baseline 0.005 -16"><span class='ocrx_word' id='word_1_896' title='bbox 2423 5763 2610 5817; x_wconf 88' lang='lat' dir='ltr'><strong>tqutas.</strong></span> 
     </span>
    </p>
   </div>
  </div>
