4248 6444
254 430 358 490 717
1415 432 1909 494 EPISTOLARUl

1869 432 1947 491 IM
1987 432 2211 491 LIBER
2252 433 2299 491 Ι.
3391 429 3495 491 ’718

326 538 609 606 Reliquum
651 551 747 599 est.
779 549 836 592 at
863 556 959 607 pro
988 542 1082 593 hoc
1112 541 1311 609 duplici
1358 540 1529 594 Pltotii
1561 542 1757 609 scripto
1786 541 1973 611 gratia:
2007 552 2239 610 agantur
2269 539 2379 594 RR.
2413 538 2663 592 Patribus
2702 541 3007 593 monasterii
3040 539 3209 593 Veneti
3241 541 3494 595 Multitu-

253 629 428 691 ristis,
484 630 573 696 qui
597 628 870 696 splendida
904 647 1109 682 morum
1137 631 1427 693 honestate,
1460 631 1710 683 bonorum
1751 632 2037 699 ofﬁciorum
2088 634 2443 693 multitudine,
2475 632 2707 698 plurima
2740 633 3037 685 litterarum
3066 634 3307 692 scientia.
3343 633 3498 685 editis

251 725 328 767 tot
362 716 531 768 civilis
563 733 833 785 sacra'que
864 719 1114 769 doctrina:
1147 718 1317 779 libris,
1346 718 1651 786 quotidiana
1694 719 1913 788 denique
1950 721 2271 788 amplianda:
2311 719 2642 773 orthodoxia:
2680 720 2879 785 studio,
2917 720 3108 785 optime
3131 720 3194 772 de
3214 730 3362 789 gente
3397 737 3496 772 sua

251 814 297 855 ct
330 810 393 855 de
419 804 677 857 catholica
715 803 946 857 Ecclesia
977 807 1147 858 meriti
1178 815 1316 857 sunt.

854 939 1077 992 ΕΠΙΣΤ.
1116 941 1212 992 ΙΑ’.

538 1043 781 1113 Μιχαὴλ
825 1043 904 1109 τῷ
926 1045 1228 1112 θεοσέπτῳ
1268 1045 1539 1109 βασιλεῖ.

2540 940 2755 995 EPIST.
2796 940 2884 994 ΧΙ.

2214 1046 2451 1099 Michaeli
2479 1047 2785 1113 imperatori
2812 1063 2842 1097 a
2872 1045 2979 1097 Deo
2996 1054 3261 1099 coronato.

1388 1158 1530 1208 Edita
1553 1174 1581 1208 a
1616 1159 1912 1210 Montacutio
1939 1160 2041 1224 (ep.
2071 1161 2149 1220 18,
2191 1175 2238 1223 p.
2265 1160 2365 1224 78).

330 1267 441 1335 Τῆς
464 1265 732 1335 ὑμετέρας
768 1264 1091 1333 θεοστεφοῦς
1121 1265 1418 1334 βασιλείας,
1472 1267 1565 1319 καὶ
1584 1268 1659 1330 ῶς
1693 1267 1827 1335 ἀλη-
1858 1273 1902 1326 Α

1869 1273 1902 1326 Α
2004 1267 2165 1321 Lecta
2194 1282 2355 1336 quam
2376 1266 2685 1332 accepimus
2718 1266 2786 1319 ab
2824 1264 3169 1333 imperatoria
3196 1280 3319 1318 vere
3347 1275 3491 1333 pote-

254 1361 366 1423 θῶς
398 1360 818 1428 αὐτοκράτορος,
841 1358 1224 1427 ἀναλεγόμενοι
1246 1360 1344 1427 τῆν
1390 1360 1696 1428 ἐπιστολὴν,
1728 1378 1829 1429 χα-

259 1456 361 1523 ρᾶς
384 1453 501 1519 ἅμα
529 1454 621 1504 καὶ
655 1451 898 1519 θάμϐους
926 1450 1320 1519 ἐπληρώθημεν
1341 1468 1354 1480 ·
1386 1452 1557 1519 χαρᾶς
1589 1452 1707 1519 μὲν,
1746 1453 1827 1503 ὃτι

254 1547 358 1613 τὴν
387 1544 658 1612 ὑμετέραν
718 1542 784 1593 δι’
814 1542 980 1609 αὐτῆς
1011 1541 1474 1610 εὐηγγελιζόμεθα
1531 1541 1827 1610 βασιλείαν,

259 1634 443 1703 πάσης
477 1632 574 1698 μὲν
596 1630 887 1697 ἐπιϐουλῆς
909 1630 1011 1681 ὑπὸ
1028 1629 1161 1681 Θεοῦ
1196 1629 1602 1697 φυλαττομένην
1631 1629 1829 1681 ἀνωτέ-

262 1744 385 1796 ραν,
426 1726 606 1791 πάσης
662 1722 716 1773 δὲ
754 1722 984 1790 κρείττω
1035 1721 1473 1782 ἐπαναστάσεως,
1523 1719 1731 1789 ἐχθρῶν
1767 1738 1826 1772 τε

260 1819 481 1870 πάντων
514 1814 760 1883 ὑψηλωτέ
772 1831 867 1883 ραν
902 1814 1305 1881 βουλευμάτων,
1323 1813 1415 1864 καὶ
1437 1813 1636 1874 παντὸς
1657 1813 1831 1881 ἀπηλ-

259 1907 535 1976 λαγμένην
564 1905 751 1974 ἐτέρου
788 1903 1188 1973 συμπτώματὰς
1239 1920 1297 1954 τε
1341 1903 1433 1955 καὶ
1456 1904 1829 1973 ἀρρωστήμα-

258 2017 373 2061 τος.
400 1998 584 2050 Ταῦτα
618 1998 789 2066 χαράς
818 1997 966 2064 ἡμᾶς
1004 1995 1369 2065 ἀνεκλαλήτω
1427 1999 1519 2048 καὶ
1570 1996 1830 2063 ἀγαλλιά-

262 2110 400 2153 σεως
432 2091 739 2159 ἐπλήρωσεο
775 2087 971 2156 θάμϐει
1000 2088 1057 2139 δὲ
1102 2087 1529 2157 κατεσχέθημεν,
1574 2089 1832 2159 καὶπρὸς

258 2186 475 2255 δάκρυα
506 2182 935 2249 κατενέχθημεν.
969 2180 1067 2247 τὴν
1116 2180 1460 2250 ἀνθρωπίνην
1497 2180 1833 2250 ἀπολοφυρό-

266 2294 419 2345 μενοι
466 2274 801 2344 ματαιότητα
823 2289 837 2303 ⁸
890 2273 982 2325 καὶ
1011 2273 1157 2333 ὅπως
1191 2270 1331 2335 τινὲς
1375 2271 1483 2323 τῶν
1507 2270 1829 2342 ἀνθρώπων,

263 2370 479 2422 πολλῶν
536 2368 633 2437 μὲν
686 2368 942 2437 χαρίτων,
991 2364 1193 2433 πολλῆς
1222 2364 1278 2416 δὲ
1310 2364 1465 2433 δόξης
1501 2364 1830 2433 ἀξιούμενοι,

264 2463 447 2531 κύριοι
478 2460 534 2512 δὲ
589 2458 785 2511 πολλοῦ
820 2458 1093 2527 γινόμενοι
1138 2456 1403 2508 πλούτου·
1454 2457 1547 2509 καὶ
1587 2456 1704 2508 δέον
1738 2456 1834 2524 μὲν

263 2556 514 2617 τούτους,
537 2551 616 2614 οἷς
644 2553 1026 2611 ἀπολαύουσιν,
1052 2554 1295 2622 ἀγαπᾷν,
1322 2552 1415 2604 καὶ
1439 2552 1507 2603 τά
1535 2553 1708 2604 οίκεῐα
1741 2551 1835 2621 μὲ-

265 2665 377 2718 τρα
412 2645 851 2705 συνεπίστασθαι.
885 2644 980 2695 καὶ⁵
1008 2645 1098 2696 τὸν
1126 2643 1420 2713 εὐεργέτην
1467 2643 1618 2710 ἀγειν
1649 2642 1715 2694 δι’
1750 2644 1837 2694 εὐ-
1862 2628 1909 2686 Β

270 2740 483 2809 φημίας
513 2740 730 2806 ἀπάσης
764 2737 855 2790 καὶ
886 2735 1342 2805 σεϐασμιότητος·
1368 2736 1417 2788 οἱ
1441 2734 1499 2786 δὲ
1524 2736 1621 2805 τὴν
1641 2734 1833 2787 ἐπιθυ-

273 2834 405 2902 μίαν
448 2832 740 2900 ἀκόρεστον
778 2829 1190 2896 ἐνδεικνύμενοι,
1225 2830 1318 2881 καὶ
1360 2828 1496 2897 πρὸς
1523 2828 1698 2880 πάντα
1725 2828 1839 2879 δια-

271 2924 552 2992 πλωθῆναι
592 2923 1083 2990 φιλονεικήσαντες,
1143 2921 1242 2989 τῆς
1298 2938 1357 2973 τε
1416 2922 1553 2984 ἰδίας
1596 2920 1840 2989 κεφαλῆς

272 3018 367 3069 καὶ
404 3015 733 3085 εὐεργέτιδος
758 3014 997 3081 τολμῶσι
1037 3013 1563 3082 καταφρυάττεσθαι,
1608 3015 1702 3065 καὶ
1750 3013 1841 3064 τὸν

273 3110 369 3161 τοὺ
407 3108 721 3177 Σαλμονέως
751 3106 916 3175 μύθον
942 3108 1020 3165 εἰς
1051 3105 1208 3176 ἔργον
1239 3107 1588 3173 προάγουσιν,
1637 3106 1727 3168 Ἐξ
1750 3099 1840 3157 ,ὧν

274 3201 334 3251 οὑ
373 3203 529 3267 μόνον
557 3199 662 3250 τῶν
691 3198 937 3260 ἐλπίδων,
963 3198 1029 3260 ἃς
1068 3197 1486 3266 όνειροπολοῦσι,
1513 3197 1605 3248 καὶ
1642 3197 1726 3264 ἐφ’
1754 3190 1841 3257 αἷς

276 3291 533 3359 ὼχοῦντο,
562 3289 938 3341 διαπίπτουσιν
956 3306 971 3320 ·
1003 3289 1137 3340 ἀλλὰ
1162 3290 1254 3339 καὶ
1292 3287 1468 3339 αὐτῶν
1494 3288 1717 3348 τούτων,
1766 3281 1841 3339 ὧν

276 3384 463 3453 δικαίᾳ
503 3381 719 3451 ἐξουσίᾳ
755 3382 850 3434 καὶ
877 3381 1133 3451 δεδομένῃ
1164 3380 1611 3447 καθειστήκεισαν
1641 3380 1838 3449 κύριοι,

279 3478 504 3537 ἑαυτοὺς
528 3475 771 3543 ἀφρόνως
802 3474 1193 3526 ἀπελαύνουσιν
1218 3488 1230 3501 ⁸
1277 3470 1385 3525 οἷον
1423 3474 1485 3542 δή
1534 3490 1587 3524 τι
1614 3472 1700 3525 διά
1736 3472 1843 3523 τῶν

279 3570 620 3637 γραμμάτων
647 3568 741 3634 (ὼς
773 3566 883 3617 εἴθε
920 3566 993 3635 μὴ
1016 3565 1227 3633 ὄφελον)
1248 3604 1263 3625 ,
1298 3564 1675 3635 κατεμάθομεν
1695 3604 1709 3627 ,
1750 3565 1843 3615 καὶ

281 3662 410 3729 περὶ
443 3660 531 3711 τὸν
560 3658 812 3710 ταπεινὸν
849 3656 1133 3726 ἄνθρωπον
1160 3659 1368 3709 ἐκεῖνον
1425 3658 1545 3725 (οὐκ
1594 3652 1706 3708 οἶδα
1735 3656 1842 3725 γάρ

281 3754 428 3813 ὅπως
458 3753 659 3822 ἑτέρως
697 3752 832 3803 εἴπω
853 3789 866 3811 ,
898 3751 995 3817 τῆς
1026 3749 1369 3820 ἀνθρωπίνης
1408 3750 1843 3818 μιμνησκόμενος

282 3844 615 3912 ἀθλιότητος)
646 3843 759 3903 πῶς
783 3842 886 3893 ὑπὸ
918 3842 1013 3909 τῆς
1049 3842 1201 3908 ὑμῶν
1222 3841 1515 3911 φιλοδώρου
1549 3841 1642 3893 καὶ
1674 3858 1841 3909 μεγα-

282 3936 515 4003 λοδώρου
546 3935 721 3999 δεξιᾶς
755 3936 834 3995 είς
863 3934 1000 3985 αὑτά
1031 3950 1131 3985 που
1165 3933 1231 3984 τά
1282 3934 1531 4002 σκῆπτρα
1564 3933 1661 4000 τῆς
1687 3935 1840 4000 βασι-

283 4026 428 4087 λείας
459 4026 777 4091 ἀνυψωθεὶς,
814 4024 907 4075 καὶ
933 4024 1031 4092 τὴν
1061 4024 1352 4091 βασίλειαν,
1400 4026 1446 4074 εἰ
1497 4027 1590 4076 καὶ
1622 4026 1695 4093 μὴ
1744 4024 1843 4094 τὴν

286 4120 494 4186 κλῆσιν,
552 4117 685 4169 ἀλλὰ
739 4117 837 4184 τὴν
886 4116 1133 4179 ἐξουσίαν
1190 4115 1692 4186 συμμερισάμενος,
1735 4117 1836 4168 οὐκ

285 4212 534 4278 ἤνεγκεν,
590 4209 664 4271 ὡς
692 4209 845 4276 φασὶ,
876 4208 975 4275 τῆς
1021 4208 1336 4277 εὐεργεσίας
1362 4208 1422 4259 τὸ
1461 4208 1705 4277 μέγεθος,
1736 4208 1843 4259 οὐδ’

284 4302 532 4372 ἔστερξεν
562 4296 639 4363 οἷς
669 4301 910 4370 ἠξίωται,
950 4300 1058 4350 οὐδ’
1081 4301 1468 4370 εὐχαρίστησεν
1491 4296 1570 4361 οἷς
1601 4301 1844 4370 ἀπήλαυ-

289 4412 410 4447 σεν·
445 4394 558 4446 ἀλλ’
621 4394 911 4461 ὑπερόριον
965 4394 1055 4445 τὸν
1108 4393 1242 4444 πόδα
1296 4393 1481 4456 κινῶν,
1542 4393 1633 4445 καὶ
1662 4396 1845 4463 χεῖρας

286 4486 493 4555 ὑδρεως
516 4484 654 4537 κατά
675 4488 769 4554 τῆς
790 4484 1123 4555 εὐεργέτιδος
1145 4484 1558 4553 ἀνατεινάμενος
1585 4484 1844 4553 κεφαλῆς,

288 4578 417 4630 αὑτὸ
449 4595 507 4629 τε
537 4578 597 4628 τὸ
626 4576 744 4646 ζῇν,
777 4580 870 4629 καὶ
896 4578 992 4639 τάς
1040 4577 1423 4647 ὑπερηφάνους
1478 4578 1717 4640 ἐλπίδας,
1753 4580 1846 4631 καὶ

284 4673 354 4723 τὰ
404 4671 607 4739 μάταια
656 4671 965 4739 φυσήματα,
1006 4670 1234 4740 οἰκτρῶς
1272 4670 1414 4736 οἴμοι
1469 4670 1562 4722 καὶ
1604 4670 1848 4734 ἐλεεινῶς

288 4761 467 4829 ῷχητο
523 4759 759 4811 λειπών·
814 4760 1026 4829 ῆλγησα
1070 4760 1166 4827 μὲν
1212 4754 1277 4826 (ὦ
1307 4760 1684 4829 φιλάνθρωπον
1727 4762 1849 4825 ἐμοὶ

290 4854 385 4903 καὶ
414 4852 727 4919 πανήμερον
756 4851 977 4919 κράτος)
1019 4852 1181 4920 ἀώρῳ
1236 4850 1449 4919 θανάτῳ
1480 4851 1849 4921 παραδοθέντα

288 4943 379 4993 τὸν
405 4943 686 5010 ἄνθρωπον
740 4942 952 5010 μαθών·
982 4942 1065 5009 ἐφ’
1112 4937 1156 5009 ᾧ
1178 4943 1232 4994 δὲ
1260 4942 1489 5011 μάλιστα
1516 4945 1596 4995 δτι
1634 4948 1727 4995 καὶ⁸
1754 4962 1849 4995 τυ-

292 5032 533 5101 ραννίδος
585 5032 755 5093 διδοὺς
801 5032 990 5100 δίκην,
1053 5032 1382 5101 εἰσεπράχθη
1444 5033 1533 5083 τὸν
1604 5032 1848 5087 θάνατον.

292 5125 621 5179 Ιιλάττεσθαι
653 5131 758 5194 γάρ
786 5125 845 5175 τὸ
876 5125 1127 5193 γράμμα,
1175 5124 1266 5175 καὶ
1296 5123 1467 5185 ἄλλως
1517 5123 1652 5185 πῶς,
1707 5123 1738 5192 ἢ
1777 5123 1847 5186 ὡς

292 5219 504 5289 ἐδήλου,
534 5218 599 5269 τά
637 5218 763 5285 περὶ
795 5218 955 5269 αὑτὸν
980 5216 1374 5283 συνενεχθῆναι,
1406 5215 1472 5266 δι’
1524 5210 1597 5267 ὧν
1648 5217 1852 5276 ἐκεῖνος

1932 1367 2087 1421 state,
2130 1366 2182 1409 et
2224 1359 2333 1410 Deo
2364 1366 2619 1410 coronato
2651 1356 2977 1424 principatu,
3008 1355 3261 1423 epistola,
3300 1356 3495 1423 gaudio

1932 1447 2089 1501 simul
2115 1449 2304 1517 repleti
2325 1464 2512 1502 sumus
2535 1460 2586 1502 et
2610 1448 2987 1502 admiratione.
3012 1448 3220 1501 Gaudio
3241 1457 3408 1510 certe,
3433 1463 3499 1501 eo

1929 1542 2077 1608 quod
2112 1542 2292 1594 laetum
2336 1557 2432 1610 per
2466 1542 2714 1594 eamdem
2754 1540 3061 1609 accepimus
3091 1543 3363 1602 nuntium,
3396 1541 3497 1592 itu—

1931 1634 2139 1701 pcrium
2175 1643 2411 1687 vestrum
2443 1643 2592 1686 extra
2626 1648 2843 1685 omnem
2876 1632 3294 1701 conSpiratiouis
3327 1634 3499 1686 aleam

1929 1742 1958 1778 a
1989 1727 2099 1778 Deo
2129 1728 2365 1793 positum
2394 1736 2446 1778 et
2476 1726 2828 1787 custoditum,
2869 1740 3032 1792 supra
3079 1741 3267 1778 omnes
3318 1727 3498 1777 insur-

1929 1820 2166 1890 gentium
2230 1820 2662 1873 machinationcs
2714 1818 3095 1877 constitutum.
3157 1817 3384 1869 liberum
3447 1825 3503 1869 et

1928 1914 2170 1982 quietum
2210 1913 2277 1966 ab
2317 1912 2463 1966 onmi
2502 1911 2608 1964 alio
2645 1925 2772 1963 casu
2802 1920 2855 1962 et
2895 1908 3225 1961 infirmitate.
3274 1905 3340 1959 Et
3387 1907 3501 1960 haec

1929 2014 2102 2068 erant,
2152 2022 2273 2075 qua:
2302 2021 2403 2059 nos
2438 2005 2635 2075 gaudio
2668 2003 3029 2072 inexplicabili
3064 2011 3117 2055 et
3142 2000 3501 2054 exsultatione

1930 2098 2307 2166 repleverunt:
2336 2095 2694 2149 admiratione
2724 2109 2885 2163 porro
2922 2093 3063 2162 capti
3098 2108 3307 2156 sumus,
3350 2102 3404 2144 et
3434 2092 3500 2145 ad

1930 2190 2193 2260 lacrymas
2226 2190 2402 2243 adacti
2432 2187 2807 2249 effundendas,
2840 2186 2967 2239 dum
2994 2187 3284 2238 humanam
3313 2186 3505 2253 deplo-

1931 2298 2114 2338 ramus
2144 2282 2437 2336 vanitatem
2464 2298 2478 2343 ;
2512 2281 2768 2335 nimirum
2799 2294 2921 2333 cum
2950 2294 3056 2332 non
3090 2278 3245 2346 pauci
3275 2278 3384 2331 sint
3407 2276 3500 2347 qui

1933 2392 2127 2448 magna
2166 2378 2358 2447 gratia,
2400 2376 2565 2447 gloria
2610 2372 2892 2443 multiplici
2935 2372 3184 2434 floreant,
3237 2371 3327 2440 qui
3377 2388 3500 2425 cum

1933 2469 2244 2539 possideant
2288 2469 2534 2538 ingentes
2569 2482 2722 2536 opes,
2764 2466 2836 2519 ita
2872 2475 2931 2518 ut
2969 2464 3209 2518 contenti
3242 2465 3505 2518 deberent

1937 2578 2057 2616 esse
2085 2577 2210 2615 cum
2236 2561 2521 2629 possessis,
2560 2570 2615 2613 et
2648 2559 2924 2627 proprium
2957 2558 3192 2627 ipsorum
3223 2558 3500 2610 modulum

1937 2668 2231 2723 agnoscere
2259 2695 2274 2718 ,
2306 2652 2714 2705 benefactorum
2750 2666 2879 2704 vero
2906 2650 3052 2704 oumi
3087 2649 3261 2704 laudis
3293 2665 3504 2719 prazco-

1938 2747 2055 2809 nio,
2096 2753 2151 2798 et
2192 2744 2544 2798 veneratione
2575 2744 2829 2813 prosequi
2863 2753 3183 2808 teneantur;
3212 2744 3285 2797 illi
3322 2754 3503 2798 tamen

1939 2838 2318 2905 inexplebilem
2350 2852 2459 2905 pra:
2486 2852 2545 2889 se
2570 2838 2751 2889 ferunt
2792 2837 3165 2905 cupiditatem.
3198 2836 3345 2889 omni
3386 2846 3505 2891 stu-

1940 2929 2104 2983 dioet
2130 2930 2476 2983 contentione
2504 2943 2562 2982 se
2602 2928 2908 2981 immiscent
2944 2928 3217 2990 omnibus,
3257 2928 3312 2980 in
3364 2928 3506 2996 ipso-

1942 3037 2060 3073 rum
2088 3030 2252 3089 caput
2287 3021 2506 3089 quidem
2545 3021 2938 3073 benemcritum
2968 3020 3169 3074 audent
3200 3020 3500 3072 tumultuo-

1942 3114 2053 3166 sius
2087 3113 2430 3177 insolescere,
2465 3114 2536 3165 ita
2565 3122 2624 3165 ut
2656 3114 2722 3165 de
2756 3113 3043 3165 Salmoneo
3076 3111 3307 3165 fabulam
3342 3126 3504 3177 Opere

1942 3203 2059 3272 ipso
2088 3206 2372 3257 exhibeant
2401 3204 2723 3273 completam
2764 3222 2776 3256 :
2808 3206 2950 3257 unde
2984 3204 3266 3273 contingit,
3300 3213 3359 3256 ut
3396 3220 3505 3257 nou

1943 3296 2101 3348 modo
2126 3296 2192 3349 de
2221 3311 2336 3363 spe,
2368 3312 2528 3364 quam
2566 3296 2667 3348 sibi
2701 3311 2797 3363 per
2822 3310 3072 3348 somnum
3101 3295 3502 3358 conﬂuxerant,

1941 3396 1997 3440 ct
2035 3403 2137 3455 qua
2168 3389 2498 3452 evehuntur,
2529 3388 2807 3450 excidant;
2844 3402 3032 3439 verum
3060 3386 3222 3438 etiam
3254 3401 3351 3454 per
3374 3387 3507 3439 iusi-

1942 3482 2199 3549 pientiam
2239 3483 2307 3535 ab
2335 3481 2400 3535 iis
2434 3482 2562 3550 ipsis
2593 3497 2650 3534 se
2680 3481 3064 3544 exlerminent,
3105 3495 3334 3548 quorum
3361 3480 3507 3547 justa

1950 3582 2242 3641 potestate,
2268 3574 2945 3627 dominioetconcessione
2965 3573 3305 3626 fruebantur.
3336 3574 3507 3627 Illius-

1944 3668 2091 3721 modi
2144 3667 2285 3720 istud
2321 3676 2404 3720 est
2437 3666 2578 3734 quod
2610 3666 2848 3734 (utinam
2891 3681 2997 3717 non
3032 3666 3101 3717 ita
3122 3666 3506 3734 contigisset!)

1945 3778 2039 3829 per
2068 3760 2277 3813 litteras
2305 3760 2432 3813 facti
2464 3759 2723 3811 certiores
2750 3758 3133 3822 intelleximus,
3160 3758 3211 3809 in
3244 3758 3334 3810 illo
3361 3758 3509 3825 abje—

1943 3861 2031 3903 cto
2066 3859 2119 3903 et
2160 3849 2438 3903 humiliato
2480 3850 2695 3901 homine
2736 3858 3099 3916 perpetratum
3143 3852 3341 3917 (neque
3364 3852 3508 3903 enim

1869 3969 1912 4025 ο
1944 3957 2051 4009 quo
2081 3942 2186 3993 alio
2223 3957 2345 3992 eum
2405 3941 2624 3992 nomine
2684 3949 2865 3992 notem
2919 3939 3052 3992 satis
3101 3940 3377 4008 intelligo,
3414 3942 3508 4007 qui

1948 4048 2155 4085 memor
2187 4032 2289 4085 sim
2321 4032 2570 4084 humanae
2609 4031 2871 4098 miserias)
2914 4032 3001 4083 ille
3050 4038 3258 4083 tantum
3299 4046 3407 4084 nou
3442 4032 3509 4085 ad

1950 4124 2099 4193 regni
2123 4133 2334 4191 sceptra
2363 4139 2458 4191 per
2484 4123 2725 4175 dextram
2755 4130 2989 4175 vestram
3030 4123 3342 4175 munificam
3364 4125 3511 4176 exal-

1949 4226 2111 4281 tatus,
2150 4217 2221 4269 ita
2263 4226 2318 4269 ut
2359 4215 2485 4267 licet
2522 4215 2756 4267 nominis
2784 4214 3114 4281 imperatorii
3143 4224 3198 4267 et
3230 4215 3367 4267 tituli
3399 4230 3508 4268 non

1947 4318 2089 4363 esset
2112 4308 2379 4378 particeps
2401 4348 2413 4371 ,
2444 4316 2764 4376 potestatem
2792 4316 2968 4358 tamen
3002 4314 3178 4359 tecum
3215 4306 3508 4371 dividebat,

1948 4403 2370 4471 magnitudinem
2419 4400 2667 4455 beneficii
2720 4398 2863 4452 ferre
2915 4399 3187 4466 nequivit;
3238 4412 3344 4450 non
3397 4410 3513 4452 erat

1950 4502 2240 4548 contentus
2274 4494 2339 4547 iis
2380 4491 2578 4560 quibus
2614 4491 2713 4544 fuit
2742 4490 3011 4560 dignatus,
3049 4505 3148 4543 nec
3178 4489 3376 4558 gratias
3412 4491 3511 4543 ha-

1953 4587 2113 4640 bebat
2136 4601 2235 4655 pro
2264 4584 2522 4637 fruitione
2550 4583 2748 4637 habitis
2771 4620 2785 4644 ,
2817 4581 2911 4634 sed
2940 4590 3089 4633 extra
3123 4580 3292 4633 lineas
3320 4581 3508 4649 pedem

1950 4692 2296 4746 promovens,
2326 4685 2380 4730 et
2418 4691 2610 4728 manus
2655 4675 2707 4727 in
2760 4673 3107 4742 opprobrium
3154 4672 3513 4726 benefactoris

1952 4770 2276 4832 rctendens,
2308 4768 2578 4836 capitique
2615 4768 2733 4835 ejus
2780 4764 3087 4827 insidiatus,
3128 4764 3291 4816 vitam
3343 4765 3512 4832 ipsam

1953 4866 2202 4930 tandem,
2238 4864 2617 4917 insolentiores
2648 4877 2774 4930 spes
2824 4876 2983 4924 suas,
3030 4860 3218 4913 inanes
3267 4861 3511 4929 spiritus,

1954 4958 2208 5009 miserum
2245 4957 2349 5008 heu
2380 4965 2435 5009 et
2460 4954 2824 5008 miserandum
2857 4954 2910 5005 iu
2944 4951 3183 5016 modum,
3224 4954 3356 5006 abiit
3387 4954 3515 5006 hinc

1957 5050 2284 5117 relinquens.
2328 5047 2532 5101 ludolui
2570 5046 2787 5114 quidem
2826 5044 2878 5115 (0
2918 5046 3225 5099 misericors
3250 5056 3304 5098 et
3342 5044 3515 5097 mitis-

1956 5146 2086 5194 sima
2115 5146 2382 5209 potestas)
2408 5156 2527 5193 cum
2549 5140 2738 5193 rescivi
2763 5139 3063 5191 immatura:
3089 5138 3207 5191 neci
3240 5138 3516 5190 hominem

1955 5236 2176 5297 datum;
2220 5236 2406 5303 magis,
2449 5231 2591 5301 quod
2636 5232 2895 5284 affectata:
2937 5230 3234 5299 tyrannidis
3276 5245 3512 5297 pmnam,

296 5315 391 5382 μὲν
423 5312 695 5376 στέφεται,
716 5311 862 5363 ἄλλοι
884 5309 939 5360 δὲ
979 5310 1255 5377 κόψονται,
1370 5308 1461 5359 τοῦ
1494 5325 1587 5359 σου
1618 5309 1847 5377 κράτους
1887 5313 1909 5365 [

1887 5313 1926 5365 Ῑ)
1955 5326 2182 5394 oppetiit
2212 5336 2462 5378 mortem.
2493 5325 2671 5386 Certe,
2707 5340 2810 5376 non
2836 5325 3035 5392 patitur
3065 5324 3248 5377 subire.
3275 5325 3517 5376 animum

291 5406 459 5474 ἀρετὴ
482 5407 574 5455 καὶ
598 5405 860 5454 ἐπιείκεια
882 5404 1124 5454 ὑπονοεῖν
1145 5403 1243 5453 οὑκ
1265 5402 1553 5454 ἐνδίδωσιν.
1581 5402 1676 5453 Διά
1697 5400 1851 5452 τοῦτο

294 5496 533 5562 μάλιστα
568 5496 787 5564 καιρίαν
819 5497 1024 5565 ἡνεγκα
1047 5496 1144 5563 τὴν
1168 5496 1273 5547 ἀπὸ
1293 5497 1389 5564 τῆς
1412 5495 1585 5563 λύπης
1618 5494 1848 5560 πληγήν·

292 5592 359 5642 τά
389 5606 445 5640 τε
474 5588 607 5641 ἀλλα
627 5589 719 5641 ἐπὶ
749 5588 871 5640 νοῦν
910 5589 1323 5657 ἀναλαμϐάνων,
1346 5590 1439 5643 καὶ
1472 5590 1550 5641 ὃτι
1572 5589 1851 5660 ἄνθρωπος

292 5684 349 5733 ἐν
379 5680 528 5749 αὑτῴ
551 5681 629 5749 τῷ
674 5684 996 5751 κακουργεῖν
1055 5682 1397 5751 ἀνάρπαστος
1452 5684 1709 5750 γεγονὼς,
1759 5687 1853 5738 καὶ

299 5779 436 5842 μήτε
456 5776 521 5827 τά
550 5776 655 5827 ἀπὸ
676 5775 768 5827 τοῦ
802 5776 916 5845 βίου
952 5776 1269 5847 μολύσματά
1295 5796 1351 5829 τε
1380 5779 1469 5831 καὶ
1496 5782 1846 5849 ρυπάσματα,

293 5868 327 5919 ὃ.
363 5871 425 5938 τῇ
449 5867 605 5937 ἀθλία
636 5868 804 5938 ταύτῃ
838 5868 991 5937 φύσει
1021 5870 1162 5937 φιλεί
1189 5870 1577 5939 ἐπιτρίϐεσθαι,
1617 5876 1725 5935 τοῖς
1754 5874 1848 5927 δά-

1951 5433 2129 5469 meum
2159 5417 2523 5485 suspicionem
2563 5425 2755 5468 vestra:
2792 5416 3073 5484 potestatis
3112 5415 3281 5467 virtus
3312 5424 3367 5468 et
3405 5415 3517 5467 cle-

1952 5505 2171 5568 mentia,
2227 5503 2623 5558 commentitias
2676 5504 2888 5557 venisse
2937 5503 3003 5557 ad
3044 5519 3130 5557 me
3162 5504 3385 5565 litteras,
3434 5504 3519 5556 vel

1952 5599 2057 5653 alio
2106 5596 2265 5651 modo
2311 5612 2471 5665 quam
2512 5613 2618 5665 quo
2645 5597 2700 5649 in
2753 5597 2856 5649 illis
2893 5606 3167 5658 narratur,
3208 5610 3327 5663 quae
3367 5595 3517 5647 illum

1956 5690 2355 5744 concernebant
2386 5690 2696 5757 contigisse,
2729 5690 2871 5742 unde
2895 5691 2987 5742 fiet
3011 5697 3069 5742 ut
3094 5697 3383 5742 coronetur
3410 5688 3518 5748 ille,

1960 5783 2242 5851 riugantur
2280 5780 2391 5833 alii.
2433 5782 2609 5847 Atque
2649 5780 2773 5833 hinc
2820 5778 3069 5832 letlialem
3121 5795 3149 5831 a
3191 5779 3375 5833 dolore
3426 5794 3521 5831 ac-

1957 5874 2075 5943 cepi
2128 5873 2387 5928 iullictam
2440 5873 2686 5943 plagam,
2732 5872 2859 5924 dum
2924 5872 3179 5926 memoria
3230 5871 3375 5925 inter
3417 5871 3515 5923 alia
