4248 6444
751 419 855 481 ’119

1880 405 2138 464 ΡΠΟΤῙῘ
2183 404 2684 463 PATRIARCILE
2723 405 2827 464 ΟΡ.

3881 409 3996 470 720

751 523 1103 592 recolo,quml
1136 522 1187 574 in
1215 521 1334 587 ipso
1371 515 1732 585 improbitatis
1756 524 1876 567 actu
1912 513 2037 565 hinc
2072 512 2309 580 abripie-
2339 516 2386 571 Α
2414 529 2428 564 ι

2339 516 2386 571 Α
2414 528 2604 581 κρυσιν
2629 514 3096 584 ἀπολουσάμενος·
3123 517 3258 587 μήτε
3281 505 3354 569 ὧν
3380 516 3600 585 ἑτέρους
3620 515 3819 580 ἇδίκως
3850 517 3993 580 ἴσως

750 625 907 676 batur
931 660 946 683 ,
997 619 1068 671 ita
1110 623 1171 669 ut
1214 627 1388 680 neque
1430 610 1677 680 Iacrymis
1707 607 1938 661 abluerit
1977 606 2166 659 sordes
2193 606 2314 659 vita:

749 725 804 768 et
831 711 1256 781 inquinamenta,
1289 721 1408 774 qua:
1432 704 1643 757 misera:
1677 710 1880 754 natura:
1925 707 2127 754 nostra
2153 701 2314 752 astri-

750 817 833 861 cta
864 800 1324 858 solentinhazrere
1347 814 1360 860 ;
1386 810 1484 849 nec
1515 795 1584 847 ob
1613 793 1854 861 injurias,
1884 790 2083 860 quibus
2117 791 2311 845 fortas-

753 896 830 949 sis
860 895 992 946 alios
1025 891 1298 950 all'eccrat,
1347 886 1508 939 ullam
1554 883 1853 936 declararat
1901 882 2309 951 pcenitenliam;

754 1005 856 1042 nec
884 989 991 1041 ullo
1025 987 1130 1040 alio
1161 985 1318 1039 modo
1350 981 1596 1034 ludit-em
1637 979 1692 1032 in
1724 978 1890 1031 altera
1923 977 2032 1029 vita
2072 974 2310 1028 futurum

751 1082 1102 1136 conciliatum
1140 1081 1267 1133 dare
1297 1077 1610 1138 studuerat;
1645 1073 1823 1141 itaque
1850 1069 2060 1124 delictis
2084 1076 2312 1121 onustus

751 1176 817 1228 ad
856 1174 1099 1244 ejusdem
1151 1169 1382 1224 tribunal
1427 1166 1777 1220 transmissus
1814 1171 1900 1217 est
1939 1178 1953 1212 ε
2005 1161 2098 1214 sed
2151 1166 2313 1229 prout

751 1275 960 1320 secreto
1001 1265 1093 1319 Dei
1125 1263 1329 1330 judicio
1372 1261 1647 1315 decretum
1681 1257 1876 1318 fuerat,
1913 1254 1986 1307 ita
2023 1253 2116 1306 ille
2149 1252 2310 1304 linem

752 1359 877 1410 vitae
925 1353 1355 1422 consequebatur
1397 1368 1408 1403 :
1448 1347 1632 1402 multis
1675 1343 1892 1414 quidem
1934 1351 2143 1409 stupor,
2197 1352 2306 1390 non

755 1451 942 1519 paucis
977 1445 1295 1507 admonitio,
1341 1439 1661 1511 quibusdam
1709 1433 2132 1495 commiseratio,
2188 1431 2312 1500 plu-

757 1543 905 1595 ribus
943 1537 1208 1593 haesitatio
1242 1535 1420 1588 ﬁebat.
1452 1530 1534 1584 'l‘u
1573 1540 1775 1590 autem,
1804 1540 2055 1595 rogamus
2088 1524 2298 1594 (regum

753 1636 921 1687 decus
968 1640 1023 1683 et
1066 1634 1465 1683 ornamentum.
1520 1619 1709 1688 patriae
1755 1615 2030 1676 exaltatio,
2093 1610 2307 1681 imperii

753 1724 1202 1780 stabilimentum,
1240 1725 1295 1770 et
1324 1712 1754 1769 Christianorum
1794 1706 2059 1768 omnium,
2087 1706 2178 1774 qui
2211 1719 2308 1757 vo-

752 1828 945 1870 cantur
969 1827 1140 1875 amor,
1167 1809 1371 1863 deliciae
1399 1815 1454 1859 et
1468 1803 1758 1874 gloriatio),
1777 1799 2096 1869 quantocius
2122 1797 2190 1850 ad
2212 1811 2311 1849 nos

753 1910 1038 1970 festinato;
1082 1903 1247 1958 redde
1290 1898 1612 1953 desiderium
1646 1891 2108 1952 desiderantibus;
2141 1888 2311 1941 libera

754 2015 853 2052 nos
888 1999 1121 2067 primum
1152 2009 1181 2045 a
1221 1989 1556 2058 captivitate,
1590 2000 1719 2054 qua,
1769 1983 1900 2036 dum
1949 1991 2038 2034 tua
2069 1992 2315 2032 caremus

754 2087 1064 2162 prmsentia,
1118 2082 1464 2144 detinemur;
1513 2077 1674 2131 retice
1725 2088 1825 2127 nos
1854 2082 1908 2126 et
1947 2071 2205 2141 refrigera
2247 2071 2314 2124 ab

755 2182 842 2234 illa
883 2177 1122 2236 miseria,
1155 2189 1259 2242 qua
1296 2171 1623 2226 detinemur,
1665 2167 1792 2221 dum
1817 2174 1989 2219 vestra
2025 2178 2134 2218 non
2161 2163 2340 2215 adest

755 2285 991 2343 praesens
1014 2265 1360 2330 refocillatio;
1385 2262 1609 2333 gratiam
1635 2262 1774 2313 hanc
1791 2258 2018 2327 primam
2043 2263 2101 2310 et
2122 2253 2312 2324 praeci-

756 2381 917 2436 puam
969 2361 1090 2415 urbi
1141 2369 1247 2413 tua:
1273 2366 1329 2410 et
1379 2355 1587 2409 civibus
1637 2350 1934 2420 impertito,
1990 2355 2051 2402 ut
2107 2345 2317 2416 possint

757 2457 1003 2513 manibus
1055 2462 1110 2506 et
1157 2451 1360 2520 linguis
1385 2462 1508 2500 cum
1556 2445 1803 2499 libertate
1856 2455 2067 2495 summa
2105 2439 2316 2493 debitas

758 2551 853 2604 tibi
887 2544 1323 2602 acclamationes,
1355 2549 1429 2602 et,
1462 2553 1496 2591 ο
1529 2537 1841 2604 imperator,
1872 2547 2054 2586 coram
2083 2530 2314 2591 eﬂ‘erre;

759 2650 941 2712 tangat
971 2649 1021 2693 te
1050 2637 1275 2690 canities
1322 2631 1458 2687 sacri
1491 2640 1544 2684 et
1575 2625 1868 2682 venerandi
1922 2632 2173 2687 senatus;
2224 2620 2320 2676 lle-

761 2709 907 2787 ctere
939 2731 1004 2784 ad
1037 2742 1226 2798 preces
1255 2725 1626 2791 cujuscunque
1649 2716 1840 2777 aetatis,
1864 2713 2126 2776 virorum,
2161 2709 2318 2763 femi-

757 2839 973 2885 narum,
1006 2820 1340 2891 puellorum:
1368 2821 1513 2867 certe
1543 2811 1688 2864 enim
1721 2821 1914 2862 omnes
1964 2819 2074 2858 uno
2117 2803 2315 2864 animo,

761 2933 891 2972 voce
921 2931 1047 2973 una,
1085 2905 1470 2965 dominationis
1493 2912 1686 2956 vestrae
1736 2897 2076 2969 praesentiam
2116 2893 2318 2964 emagi-

760 3020 893 3065 tant.
917 3005 1071 3072 Quod
1091 3003 1135 3057 si
1163 3000 1301 3070 apud
1327 3009 1377 3051 te
1399 2997 1575 3050 locum
1600 2993 1793 3045 habeat
1812 3005 1943 3043 cura
1967 2999 2022 3041 et
2044 2995 2321 3055 respectus

761 3098 925 3168 (quod
970 3095 1083 3147 scio
1124 3091 1202 3144 sic
1256 3085 1487 3151 habere)
1536 3079 1935 3149 arcliiprmsulis
1984 3077 2083 3141 tui,
2143 3077 2318 3143 ipsum

2417 606 2717 667 ἐκάκωσεν,
2776 607 2914 676 ὑπὲρ
2969 606 3174 658 τούτων
3239 609 3528 677 μετάνοιαν
3573 607 3992 678 ἐνδειξάμενος·

2416 696 2541 766 μήθ’
2571 697 2769 766 ἑτέρως
2793 715 2908 760 πως
2934 698 3023 750 τὸν
3046 698 3252 750 ἐκεῖθεν
3288 699 3493 768 Κριτὴν
3525 699 3734 766 φθάσας
3765 699 4000 765 ἐξιλεώ-

2415 784 2863 850 σασθαι·οὖτως,
2919 788 3101 850 αὐτοῖς
3148 788 3407 858 φορτίοις,
3470 789 3607 858 πρὸς
3661 789 3730 841 τά
3772 791 3998 841 ἐκεῖθεν

2413 877 2782 948 παρεπέμφθη
2810 878 3198 949 δικαιωτήριαο
3237 880 3354 933 ἀλλ’
3387 883 3594 944 ἐκεῖνος
3629 883 3726 949 μὲν
3769 881 3845 944 ὡς
3877 881 3995 934 τῶν

2411 968 2505 1021 τοῦ
2524 969 2658 1022 Θεοῦ
2687 972 2973 1040 κριμάτων
3005 972 3220 1025 ἐδίκασε
3243 973 3304 1024 τὸ
3345 974 3674 1044 ἀπόρρητον,
3711 972 3854 1025 οὕτω
3892 972 3993 1023 καὶ

2412 1062 2500 1113 τὸν
2529 1062 2641 1130 βίον
2683 1063 3111 1134 κατεστρέψατο·
3140 1063 3354 1125 πολλοῖς
3374 1065 3495 1134 ,μὲν
3539 1064 3820 1134 ἔκπληξις,
3854 1064 3992 1115 πολ-

2412 1153 2521 1214 λοῖς
2541 1154 2597 1206 δὲ
2621 1155 3016 1225 σωφρονισμὸς,
3046 1156 3258 1217 πολλοῖς
3284 1155 3327 1207 δ’
3357 1155 3524 1219 ἕλεος,
3550 1156 3755 1208 πλείοσι
3776 1157 3820 1207 δ’
3843 1157 3993 1207 ἁπο-

2418 1245 2506 1314 ρία
2533 1245 2791 1312 γεγονώς.
2826 1247 2996 1310 Αὐτὸς
3020 1247 3077 1299 δὲ
3103 1240 3170 1315 (ὦ
3195 1247 3456 1317 βασιλέων
3483 1247 3869 1316 καλλώπισμα,
3889 1248 3990 1299 καὶ

2413 1338 2514 1407 τῆς
2540 1337 2794 1406 πατρίδος
2823 1339 3112 1409 ἁνύψωμα,
3151 1341 3245 1393 καὶ
3269 1341 3370 1409 τῆς
3398 1340 3668 1403 πολιτείας
3692 1337 4004 1411 ὀχύρωμα,

2413 1430 2510 1480 καὶ
2541 1429 2754 1481 πάντων
2782 1423 2864 1491 οἷς
2904 1429 2965 1481 τὸ
3008 1428 3104 1482 τοῦ
3138 1429 3376 1501 Χριστοῦ
3407 1430 3761 1498 ἐπικέκληται
3786 1431 3985 1498 σνομα,

2414 1521 2780 1590 πολυέραστον
2803 1522 3100 1592 σεμνολόγη
3111 1524 3206 1592 μα)
3231 1519 3334 1595 ἧκε
3357 1524 3494 1593 πρὸς
3514 1524 3660 1592 ἡμᾶς
3706 1522 3804 1591 τὴν
3830 1523 3991 1589 ταχί-

2414 1628 2566 1680 στην·
2617 1613 2813 1676 ἀπόδος
2859 1615 2969 1676 τοῖς
3003 1612 3226 1666 ποθοῦσι
3267 1614 3359 1666 τὸν
3423 1614 3790 1684 ποθούμενον
3821 1613 3989 1684 ῥῦσαι

2413 1703 2628 1771 πρῶτον
2656 1704 2753 1773 τῆς
2804 1705 3180 1774 αἰχμαλωσίας
3213 1707 3379 1774 ἡμᾶς,
3433 1707 3500 1775 ἢν
3540 1705 3854 1776 ὑπέστημεν
3886 1704 3986 1758 σοῦ

2415 1793 2796 1862 στερηθέντεςο
2821 1795 3090 1863 ἀνάψυξον
3123 1797 3269 1865 ἡμᾶς
3311 1795 3408 1866 τῆς
3451 1795 3846 1864 ταλαιπωρίας,
3887 1797 3990 1864 ὕφ’

2413 1880 2481 1957 ἦς
2507 1886 2870 1954 κατεχόμεθα,
2899 1888 2996 1956 τῆς
3033 1887 3305 1957 ὑμετέρας
3327 1888 3658 1958 Μραψυχῆς
3689 1889 3750 1941 ού
3775 1889 3988 1959 παρού-

2417 1995 2514 2049 σης
2536 1994 2552 2010 ⁸
2590 1979 2676 2041 δὸς
2705 1978 2863 2050 χάριν
2895 1980 3121 2051 ταύτην,
3145 1981 3238 2034 καὶ
3281 1981 3503 2052 πρώτην
3547 1982 3641 2034 καὶ
3693 1983 3984 2051 μεγίστην,

2413 2074 2478 2141 τῇ
2511 2072 2576 2141 σῇ
2611 2071 2782 2136 πόλει,
2809 2072 2904 2125 καὶ
2934 2075 3048 2134 τοῖς
3078 2075 3191 2136 σοῖς
3212 2073 3478 2139 πολίταις,
3507 2073 3569 2126 τὸ
3597 2075 3987 2142 πεπαρῤησια-

2416 2160 2639 2229 σμέναις
2669 2162 2760 2212 καὶ
2791 2161 2948 2230 χερσὶ
2967 2160 3061 2214 καὶ
3086 2161 3378 2229 γλώσσαις,
3427 2162 3525 2232 τὴν
3551 2165 3982 2233 κεχρεωστημέ-

2414 2266 2511 2317 νην
2546 2249 2844 2319 εὐφημίαν,
2877 2250 3048 2303 καὶτὸ
3084 2250 3459 2322 αὐτοκράτορα
3489 2251 3573 2304 σοὶ
3602 2252 3987 2322 προσφθέγξα-

2417 2341 2573 2392 σθαι·
2628 2338 2978 2409 δυσωπήθητι
3030 2338 3130 2408 τὴν
3175 2339 3367 2392 πολιὰν
3391 2339 3488 2408 τῆς
3554 2339 3834 2408 αίδεσίμου
3886 2337 3986 2391 καὶ

2419 2432 2568 2502 ἱερᾶς
2615 2431 2951 2501 συγκλήτουο
3006 2430 3358 2499 δυσωπήθητι
3411 2430 3592 2498 πάσης
3634 2429 3851 2499 ἡλικίας
3885 2430 3987 2500 τὴν

2416 2524 2709 2594 ἐξαίτησιν,
2749 2524 2959 2594 ἀνδρῶν
2982 2565 2997 2585 ,
3030 2523 3327 2591 γυναικῶν,
3363 2523 3598 2593 παίδωνς
3639 2522 3841 2584 πάντες
3871 2524 3985 2591 γὰρ

2421 2617 2518 2685 μιᾷ
2539 2613 2750 2685 γνώμῃ,
2778 2617 2872 2667 καὶ
2897 2617 2995 2685 μιᾷ
3022 2618 3194 2684 φωνῇ,
3222 2614 3318 2683 τὴν
3342 2613 3437 2666 τοῦ
3458 2614 3720 2683 ὑμετέρου
3747 2613 3987 2681 κράτους

2416 2706 2752 2774 ἐξαιτοῦνται
2772 2707 3097 2778 παρουσίαν.
3130 2707 3190 2759 El
3220 2707 3276 2758 δὲ
3308 2706 3391 2758 σοί
3426 2723 3554 2758 ποτε
3583 2705 3676 2758 καὶ
3727 2707 3756 2758 ὁ
3792 2706 3988 2774 ἀρχιε-

2422 2801 2546 2870 ρεὺς
2578 2802 2634 2852 ἐν
2665 2799 2806 2868 λόγῳ
2863 2800 2958 2852 καὶ
2989 2797 3225 2867 φροντίδι
3250 2797 3560 2867 νενόμισται
3603 2792 3740 2867 (οἰδα
3789 2796 3848 2848 δὲ
3900 2797 3987 2847 ὅτι

2418 2891 2750 2960 νενόμισται)
2780 2891 2939 2943 αὑτὸν
2970 2891 3054 2942 σοὶ
3086 2892 3341 2960 παρεῖναι
3364 2888 3571 2959 νόμιζε,
3603 2891 3694 2943 καὶ
3737 2893 3805 2959 τῇ
3837 2893 3986 2960 χειρὶ

2417 2983 2515 3052 τὴν
2545 2987 2705 3052 χεῖρα
2735 2982 3027 3052 λαϐόμενον
3050 2982 3228 3034 ἒλκειν
3249 2984 3386 3052 πρὸς
3407 2983 3505 3053 τὴν
3539 2982 3639 3052 σὴν
3674 2982 3854 3048 πόλιν,
3888 2985 3985 3036 καὶ

2419 3076 2509 3126 τὸν
2534 3074 2626 3128 τοῦ
2650 3075 2783 3127 Θεοῦ
2821 3075 2964 3138 ναὸν,
3021 3075 3106 3142 ἐφ’
3128 3068 3174 3142 ᾧ
3223 3075 3322 3137 τὰς
3376 3075 3593 3137 ἐλπίδας
3616 3076 3850 3145 ἀνέχεις,
3888 3078 3985 3132 καὶ

761 3166 855 3244 tibi
897 3187 1038 3255 ﬁnge
1067 3197 1246 3236 coram
1288 3179 1496 3238 adesse,
1534 3181 1587 3228 et
1635 3187 1798 3226 manu
1859 3183 2078 3222 manum
2122 3181 2387 3241 appre-C
2420 3185 2438 3218 ιι

2303 3184 2387 3241 ιε
2420 3166 2556 3236 πρὸς
2584 3170 2653 3220 τὰ
2679 3167 2774 3236 τῆς
2827 3166 3100 3236 βασιλείας
3139 3166 3434 3237 ἀνάκτορα.
3483 3167 3592 3220 Ναὶ
3652 3170 3852 3231 πάντες
3884 3169 3980 3221 σοῦ

763 3280 984 3332 heusam
1024 3277 1088 3327 ad
1130 3269 1397 3340 propriam
1445 3264 1757 3334 pertrahere
1793 3260 2085 3322 civitatem,
2117 3258 2184 3310 ad
2225 3255 2318 3308 Dei

764 3371 1044 3438 templum,
1087 3363 1227 3431 apud
1269 3375 1428 3428 quem
1477 3372 1599 3424 spes
1626 3354 1892 3422 repositas
1923 3349 2108 3411 habes,
2137 3347 2203 3401 ad
2234 3347 2317 3414 ip-

761 3463 875 3516 sius
893 3456 1099 3525 imperii
1119 3451 1371 3507 sacraria.
1388 3449 1567 3508 Certe,
1592 3445 1685 3498 tibi
1707 3441 2072 3511 supplicamus
2096 3452 2313 3502 omnes;

761 3569 886 3623 spes
933 3561 1146 3602 nosuas
1190 3544 1320 3604 noli,
1356 3553 1560 3608 quaaso,
1614 3533 1954 3604 pudefacere,
1985 3541 2078 3584 aut
2130 3545 2318 3598 preces

763 3621 1008 3713 rejiccre.
1053 3639 1344 3707 Speramus
1376 3632 1520 3684 enim
1569 3631 1623 3683 in
1644 3629 1752 3681 Deo
1795 3642 1923 3679 vero
1974 3633 2160 3678 nostro
2191 3621 2317 3676 Jesu

759 3736 975 3790 Christo
1003 3732 1242 3784 futurum
1287 3741 1428 3787 esse,
1482 3733 1542 3775 ut
1571 3737 1691 3775 cum
1722 3720 1787 3772 ad
1819 3719 2016 3788 regiam
2054 3715 2193 3768 hanc
2233 3731 2320 3767 ur-

760 3829 879 3880 bem
917 3834 1095 3878 vestra
1129 3819 1365 3890 potentia
1412 3821 1730 3876 revertetur,
1777 3809 2025 3864 maeroris
2070 3806 2318 3861 tenebras

759 3938 787 3970 ει
822 3915 1094 3985 republica
1134 3912 1392 3980 depelles.
1435 3906 1670 3960 hostium
1702 3911 1756 3955 et
1785 3901 2128 3954 inimicorum
2169 3897 2318 3951 inso-

697 3993 699 3996 ί
758 4009 951 4062 lentias
990 4004 1158 4074 magis
1202 4004 1378 4056 adhuc
1407 3999 1680 4068 magisque
1708 3992 2033 4055 contundes,
2071 3989 2315 4051 consilio,

760 4099 1070 4170 prudentia,
1107 4092 1320 4148 militari
1370 4089 1674 4158 disciplina,
1723 4087 1970 4155 superior
2015 4081 2312 4145 deviceris;

760 4194 916 4260 idque
957 4205 1048 4257 per
1088 4185 1534 4240 intercessionem
1566 4178 1920 4234 sanctissima:
1962 4175 2050 4229 Dei
2090 4174 2318 4245 genitri-

757 4288 856 4347 cis,
887 4293 943 4336 et
964 4279 1205 4334 omnium
1234 4287 1561 4330 sanctorum.
1599 4273 1794 4325 Amen.

1355 4382 1573 4438 EPIST.
1605 4380 1722 4435 XII.

1439 4500 1643 4553 Eidem.

2418 3256 2670 3325 δεόμεθα,
2706 3257 2780 3327 μὴ
2814 3255 3175 3327 καταισχύνῃς
3208 3255 3364 3326 ἡμῶν
3391 3256 3490 3319 τὰς
3511 3257 3730 3320 ἐλπίδας
3758 3259 3851 3309 καὶ
3885 3259 3985 3328 τὴν

2421 3346 2653 3412 αῖτησιν.
2694 3344 3027 3413 Πιστεύομεν
3055 3346 3160 3416 γάρ
3183 3348 3240 3398 ὲν
3269 3345 3487 3416 Χριστῷ
3529 3345 3725 3416 Ἰησοῦ,
3745 3348 3823 3416 τῷ
3845 3349 3983 3417 άλη-

2422 3435 2551 3504 θινῴ
2575 3434 2693 3504 Θεῷ
2723 3435 2900 3505 ἡμῶν,
2927 3434 3003 3496 ὡς
3055 3435 3190 3506 πρὸς
3236 3436 3334 3506 τὴν
3366 3435 3610 3506 βασιλίδα
3661 3439 3832 3499 πόλιν,
3886 3439 3982 3491 τοῦ

2421 3524 2686 3592 ὑμετέρου
2705 3524 2937 3592 κράτους
2967 3525 3437 3589 ἐπανατέλλοντος,
3462 3526 3667 3579 καὶτοῦ
3692 3526 3860 3594 ζόφου
3883 3530 3983 3598 τῆς

2421 3615 2656 3683 ἀθυμίας
2688 3616 2786 3684 τὴν
2816 3616 3087 3668 πολιτείαν
3118 3616 3299 3678 λύσεις
3321 3656 3335 3680 ,
3368 3619 3461 3670 καὶ
3501 3618 3608 3670 τῶν
3656 3619 3867 3687 ἐχθρῶν
3901 3621 3982 3674 ἑτι

2421 3705 2618 3774 μᾶλλον
2646 3706 2738 3758 καὶ
2765 3706 3033 3774 πολεμίων
3053 3705 3115 3758 τὸ
3143 3708 3397 3777 φρόνημα
3425 3708 3800 3773 ταπεινώσεις,
3817 3711 3978 3782 βουλῇ

2419 3798 2512 3850 καὶ
2541 3795 2752 3848 συνέσει
2786 3797 2879 3848 καὶ
2899 3800 3018 3860 ταῖς
3047 3802 3439 3868 στρατηγικαῖς
3473 3800 3744 3869 μελέταις,
3771 3801 3834 3854 τὸ
3855 3804 3979 3855 κατ’

2410 3888 2592 3942 αὐτῶν
2620 3891 2816 3957 κράτος
2870 3889 3277 3958 ἀναδεχόμενος
3309 3890 3620 3960 πρεσϐείαις
3657 3893 3756 3960 τῆς
3803 3893 3976 3964 ὑπερ-

2417 3982 2574 4049 αγίας
2608 3980 2888 4047 Θεοτόκου,
2922 3981 3016 4034 καὶ
3032 3981 3250 4035 πάντων
3281 3982 3388 4036 τῶν
3416 3983 3609 4051 ἁγίων.
3645 3983 3839 4054 Ἀμήν.

3021 4392 3238 4446 ΕΠΙΣΤ.
3271 4394 3371 4450 IB'.

3050 4503 3133 4568 Τῷ
3159 4505 3338 4569 αὐτῷ.

1891 4611 2032 4661 Edita
2057 4627 2083 4661 a
2109 4613 2400 4671 Montacutio
2422 4617 2524 4679 (ep.
2549 4615 2624 4674 19,
2652 4629 2701 4678 p.
2729 4614 2827 4676 80).

834 4713 1120 4770 “CCCSSlSll
1149 4727 1177 4763 a
1208 4709 1383 4768 nobis,
1408 4715 1462 4760 et
1486 4721 1585 4758 nos
1610 4721 1640 4756 a
1670 4703 2103 4771 nobismetipsis;
2124 4704 2308 4758 viven-

763 4823 842 4862 tes
895 4822 998 4860 non
1048 4804 1297 4864 vivimus,
1325 4815 1425 4853 nec
1460 4812 1739 4851 movemur
1773 4797 1924 4852 moti.
1957 4795 2111 4861 Quod
2141 4796 2182 4850 si
2209 4798 2311 4850 Do-

761 4901 888 4952 mini
921 4896 1243 4966 promissum
1269 4891 1583 4960 dignaretur
1613 4898 1810 4941 nostra;
1841 4887 2160 4941 humilitatis
2183 4903 2308 4956 pre-

759 4991 912 5044 cibus
943 5001 1186 5039 annuerc
1211 5025 1226 5047 ,
1272 4982 1354 5035 vel
1384 4981 1596 5035 Cretam
1639 4980 1952 5050 Byzantium
1993 4978 2313 5032 transferre-

760 5097 900 5144 ntus,
922 5078 1006 5132 vel
1030 5075 1339 5147 Byzantium
1366 5089 1488 5128 cum
1512 5071 1802 5140 nobisipsis
1823 5071 1995 5125 Creta:
2030 5071 2313 5140 copulare-

761 5189 909 5224 mus:
938 5172 1028 5224 sed
1053 5170 1289 5222 moriens
1319 5167 1460 5220 unde
1492 5166 1549 5218 [it
1569 5175 1627 5218 ut
1649 5165 1897 5227 scribam,
1924 5171 2017 5216 aut
2040 5171 2098 5216 ut
2128 5172 2312 5216 mutus

762 5262 973 5330 loquar?
1004 5262 1217 5313 unicum
1252 5259 1296 5311 si
1328 5259 1531 5322 dixero,
1560 5257 1834 5310 silentium
1868 5263 2047 5308 teneo.
2073 5252 2311 5317 Festina,

759 5371 791 5403 ο
824 5368 1004 5421 regum
1033 5361 1085 5403 et
1108 5351 1336 5403 liliorttm
1366 5349 1565 5400 decus!
1599 5356 1652 5400 et
1677 5345 1759 5398 vel
1786 5361 1884 5397 nos
1917 5344 2155 5413 captivos
2180 5344 2318 5397 Gre--

763 5455 870 5496 tam
915 5442 1116 5503 ducito,
1169 5442 1250 5495 vel
1291 5439 1612 5508 Byzantinos
1665 5439 1730 5490 de
1767 5436 2078 5504 captivitate
2122 5434 2308 5498 libera,

763 5535 853 5602 qui
890 5534 1132 5602 captivos
1174 5551 1202 5586 a
1251 5540 1542 5601 conspectu
1598 5542 1690 5584 tuo
1737 5527 1967 5582 detineri
2015 5536 2124 5580 tam
2177 5525 2314 5579 male

767 5627 958 5680 ferunt.

2502 4703 2766 4771 Ἀπῆλθες
2811 4703 2901 4771 ἀφ’
2950 4704 3126 4772 ἡμῶν,
3158 4708 3252 4757 καὶ
3279 4707 3438 4774 ἡμεῖς
3479 4707 3572 4774 ἀφ’
3609 4709 3846 4763 ἑαυτῶν·
3881 4718 3980 4768 καὶ

2421 4796 2602 4866 ζῶμεν
2621 4796 2682 4848 ού
2717 4796 2933 4859 ζῶντες,
2957 4796 3051 4847 καὶ
3080 4795 3378 4863 κινούμεθα
3415 4796 3489 4868 μὴ
3534 4798 3860 4868 κινούμενοι.
3919 4807 3978 4857 ΕΞ

2419 4889 2474 4941 δὲ
2500 4889 2559 4940 τὸ
2582 4887 2854 4956 κυριακὸν
2887 4886 3208 4956 ἐπάγγελμα
3232 4891 3512 4958 προσεῖναι
3554 4891 3707 4959 ἠξίου
3739 4897 3802 4964 τῇ
3839 4897 3871 4963 ή
3883 4914 3978 4963 με-

2419 4981 2552 5049 τέρᾳ.
2584 4979 3033 5051 τεταπεινωμένῃ
3067 4978 3220 5048 εὐχῇ,
3274 4979 3309 5048 ἢ
3341 4979 3439 5047 τὴν
3468 4983 3692 5052 Κρήτην
3745 4984 3824 5054 τῷ
3872 4985 3976 5038 Βυ-

2421 5069 2619 5139 ζαντίῳ
2644 5071 3078 5140 μετεστήσαμεν,
3106 5069 3139 5138 ἢ
3175 5070 3237 5121 τὸ
3265 5068 3574 5134 Βυζάντιον,
3627 5073 3746 5141 μεθ’
3792 5075 3976 5144 ἡμῶν,

2420 5165 2484 5232 τῇ
2515 5163 2707 5233 Κρήτῃ
2739 5161 3076 5230 συνήψαμεν.
3114 5160 3274 5212 Ἀλλὰ
3303 5161 3420 5224 πῶς
3443 5164 3637 5232 γράφω
3657 5163 3852 5228 θανὼν,
3884 5166 3982 5220 καὶ

2422 5254 2586 5320 σιγῶν
2614 5253 2770 5314 λάλος
2797 5254 3046 5321 γίνομαι;
3077 5251 3133 5304 ἓν
3155 5251 3322 5305 είπὼν
3346 5256 3720 5323 σιωπήσομαιο
3752 5257 3980 5326 τάχυνον

2425 5338 2490 5413 (ὦ
2524 5343 2784 5413 βασιλέων
2840 5344 2962 5411 ἐμοὶ
3011 5343 3106 5395 καὶ
3153 5345 3356 5412 τέχνων
3385 5354 3412 5392 ιι
3464 5344 3977 5417 ἑγκαλλώπισμα)ῆ

2422 5435 2519 5505 τὴν
2549 5436 2771 5505 Κρήτην
2791 5432 3163 5503 αἰχμαλώτους
3207 5434 3372 5500 ἄγων,
3405 5432 3438 5502 ἢ
3490 5435 3617 5497 τοὺς
3658 5435 3977 5500 Βυζαντίους

2423 5528 2544 5598 (τῆς
2585 5531 2681 5596 σῆς
2715 5529 2822 5596 γάρ
2849 5527 3196 5595 δυστυχοῦσιν
3225 5527 3396 5597 ὂψεως
3429 5526 3525 5598 τὴν
3583 5529 3975 5598 αίχμαλωσίαν)

2426 5619 2520 5688 τῆς
2549 5619 2917 5689 αίχμαλωσίας
2941 5618 3254 5689 ἐλευθερῶν.

2024 5731 2250 5788 νΑῐίΙᾹὲ
2286 5731 2691 5790 LECTIONES.

825 5868 853 5906 «ι
883 5856 967 5910 Ia.
