4248 6444
318 419 415 486 7‘21

916 533 1139 587 ΕΠΙΣΤ.
1174 533 1271 585 II".

328 650 688 717 Ἐτκύκλιος
711 647 1002 711 ἐπιστολὴ
1027 648 1176 713 πρὸς
1226 647 1367 711 τοὺς
1414 647 1525 712 τῆς
1560 646 1883 713 Ἀνατολῆς

387 721 840 785 ἁρχιερατικοὺς
891 722 1165 785 θρόνους,
1234 717 1678 783 Ἀλεξανδρείας
1710 719 1882 786 φημὶ,

389 789 486 861 aviti
542 788 658 841 τῶν
720 789 967 853 λοιπῶν,
992 789 1062 840 ἐν
1088 786 1127 861 ᾖ
1157 790 1287 856 περὶ
1320 791 1656 861 κεφαλαίων
1708 788 1886 861 τινῶν

390 857 674 911 διάλυσιν
708 857 1209 927 πραγματεύεξαν
1253 859 1348 911 καὶ
1389 860 1467 921 ὡς
1508 862 1579 911 οὐ
1628 859 1741 927 χρὴ
1781 859 1884 912 λέ-

390 946 535 993 γειν,
575 931 641 980 ἐκ
676 931 781 982 τοῦ
848 931 1092 993 ΙΙατρὸς,
1118 930 1213 983 καί
1241 928 1347 981 τοῦ
1380 929 1533 991 Υίοῦ,
1554 929 1619 981 τὸ
1644 930 1885 998 Πνεῦμα

388 999 805 1067 προέρχεσθαι,
826 1000 962 1053 ἀλλ’
992 1001 1060 1052 ἐκ
1085 1002 1192 1055 τοῦ
1220 1000 1451 1067 Πατρός
1470 1000 1681 1067 μόνον.

358 422 415 482 2|
1462 422 1996 485 EPISTULARUM
2037 424 2263 483 LIBER
2306 425 2352 483 I.

3444 420 3548 485 72?.

2565 530 2779 585 l'lPlST.
2824 530 2966 585 Xlll.

1993 647 2265 715 Encyclica
2293 649 2507 714 epistola
2559 650 2630 700 ad
2679 645 3143 712 archiepiscopales
3199 644 3408 697 thronos
3461 661 3546 712 per

2061 717 2324 771 Orientem
2380 719 2688 778 obtinentes,
2739 716 3152 769 Alexandrinum
3208 716 3437 777 scilicet,
3502 726 3549 766 et

2060 800 2307 846 ca'leros.
2354 789 2407 840 in
2455 807 2555 855 qua
2601 792 2663 840 de
2717 785 2973 853 capitibus
3024 786 3332 854 quibusdam
3381 786 3548 837 dubiis

2058 857 2335 910 solutiones
2389 860 2701 916 meditatur.
2762 867 2810 908 et
2864 857 2999 924 quod
3054 872 3153 906 non
3218 855 3334 906 licet
3383 858 3550 907 dicere

2058 927 2317 993 Spiritum
2369 929 2637 995 procedere
2685 944 2717 979 a
2774 926 2939 978 Patre
2988 934 3036 977 et
3091 942 3123 976 a
3177 926 3328 989 Filio,
3380 926 3467 977 scd
3517 943 3547 975 α

2061 998 2221 1051 Patre
2257 997 2386 1051 solo.

1478 1137 1618 1187 Edita
1650 1154 1677 1189 a
1708 1136 2005 1187 Monlacutio
2033 1142 2135 1201 (ep.
2160 1140 2209 1196 2,
2232 1153 2279 1200 p.
2308 1138 2406 1196 47).

392 1262 459 1315 α’.
502 1263 613 1315 Οῦκ
646 1259 713 1333 ἦν
746 1262 877 1334 ἄρα,
901 1263 976 1328 ὡς
1003 1264 1197 1329 ἔοικεν,
1226 1266 1385 1335 κόρος
1416 1265 1492 1335 τῷ
1519 1265 1739 1335 πονηρῷ
1772 1265 1881 1317 τῶν

318 1357 529 1421 κακῶν,
554 1357 672 1409 οὐδέ
695 1376 746 1409 τι
769 1358 879 1410 τῶν
910 1361 1111 1426 ἐφευρη
1121 1359 1306 1426 μάτων
1335 1358 1428 1411 καὶ
1478 1357 1885 1428 μηχανημάτων

320 1450 517 1517 περας,
544 1448 579 1502 ά
611 1450 750 1502 κατά
769 1448 864 1501 τοῦ
886 1450 1225 1518 ἀνθρωπίνου
1272 1451 1462 1517 γένους
1504 1448 1736 1518 ἐξαρχῆς
1760 1452 1889 1503 ἀνα-

324 1544 495 1591 κινεῖν
516 1541 859 1609 ἐμελέτησεψ
887 1540 1023 1594 ἀλλά
1059 1542 1281 1611 μυρίαις
1316 1542 1414 1611 μὲν
1438 1543 1589 1603 ὅσαις
1627 1542 1884 1604 ἀπάταις,

321 1633 431 1700 πρὸ
462 1634 559 1702 τῆς
582 1636 638 1685 ἐν
667 1634 831 1701 σαρκὶ
862 1634 956 1686 τοῦ
983 1635 1251 1687 Δεσπότου
1300 1636 1624 1706 παρουσίας,
1678 1635 1769 1687 τὸν
1800 1635 1887 1688 άνο

322 1724 542 1791 θρωπον
565 1725 878 1792 ὑπηγάγετο
934 1728 1012 1789 είς
1042 1726 1371 1794 ἀλλοφύλους
1418 1728 1509 1779 καὶ
1535 1728 1883 1796 παρανόμους

320 1814 767 1885 άποϐουκολήσας
801 1817 1026 1887 πράξεις
1044 1833 1058 1848 ·
1113 1817 1172 1880 ἐξ
1198 1811 1271 1870 ὧν
1293 1819 1386 1870 καὶ
1416 1820 1514 1887 τὴν
1540 1819 1662 1870 κατ’
1717 1818 1883 1870 αὑτοῦ

2158 1263 2406 1316 Nondum
2451 1263 2527 1316 illi
2576 1263 2738 1324 malo,
2784 1273 2841 1315 ut
2885 1262 3114 1322 videtur,
3160 1262 3374 1313 abunde
3436 1269 3551 1313 erat

1982 1353 2346 1423 improbitatis
2398 1355 2659 1421 satietas;
2710 1355 2953 1408 nondum
3004 1353 3453 1408 adinventionum
3496 1366 3550 1408 et

1982 1446 2446 1501 machinationum
2498 1448 2805 1508 terminus,
2874 1461 3006 1514 quas
3066 1451 3135 1498 ah
3190 1446 3309 1513 ipso
3366 1463 3546 1499 rerum

1982 1540 2207 1594 exordio
2240 1540 2296 1592 in
2338 1540 2635 1593 humanum
2668 1555 2837 1609 genus
2869 1537 3083 1591 censuit
3104 1538 3545 1592 commovendas.

1984 1632 2089 1686 Sed
2121 1639 2178 1685 et
2205 1641 2331 1685 ante
2361 1631 2577 1686 Domini
2616 1632 2784 1684 nostri
2817 1630 3248 1685 incarnationem
3276 1631 3550 1683 hominem

1990 1724 2273 1777 seductum
2328 1723 2383 1775 in
2434 1724 2780 1794 peregrinas,
2836 1723 3045 1791 legibus
3104 1722 3441 1785 contrarias,
3498 1729 3554 1774 et

1990 1816 2171 1885 generi
2200 1816 2525 1885 incongruas
2553 1816 2801 1869 actiones
2842 1831 2939 1884 per
2973 1815 3149 1868 varias
3188 1814 3408 1868 fraudes
3450 1816 3554 1867 im-

322 1908 632 1974 τυραννίδα,
658 1907 799 1960 κατὰ
831 1910 1030 1978 κράτος
1061 1909 1383 1980 ἀνεδήσατο·
1438 1910 1655 1979 μυρίαις
1691 1910 1745 1962 δὲ
1792 1910 1885 1963 καὶ
1920 1892 1958 1945 Β
1990 1924 1999 1977 ι

1875 1892 1958 1960 ιΒ
1990 1908 2204 1977 pulsum
2251 1909 2565 1972 seducehat,
2612 1908 2755 1962 unde
2801 1924 2954 1962 suam
3004 1910 3342 1979 tyrannidem
3384 1909 3552 1963 vehe-

326 1997 469 2063 μετὰ
495 1997 665 2050 ταῦτα
697 1999 948 2062 πλάναις,
981 2000 1074 2053 καὶ
1103 2001 1479 2069 δελεάσμασιν,
1511 2001 1885 2063 ὑποσκελίζειν

324 2090 420 2140 καὶ
452 2089 809 2157 παρασύρειν,
858 2091 983 2154 τοὺς
1037 2091 1186 2161 αὐτῷ
1235 2091 1609 2161 πειθομένους,
1644 2094 1704 2145 οὐ
1728 2092 1886 2144 διέλι-

324 2196 444 2233 πεν.
485 2180 763 2232 Ἐντεῦθεν
790 2181 1064 2249 Σίμωνες,
1104 2184 1196 2235 καὶ
1230 2182 1573 2253 Μαρκίωνες,
1621 2185 1886 2237 Μοντάνοι

321 2287 380 2322 τε
436 2271 531 2324 καὶ
561 2274 828 2341 Μάνητες,
857 2274 949 2326 καὶ
978 2276 1009 2343 ή
1037 2274 1255 2345 ποικίλη
1286 2277 1377 2329 καὶ
1421 2277 1752 2348 πολύτροποι,
1779 2276 1886 2330 τῶν

324 2364 591 2432 αἱρέσεων
621 2364 905 2436 θεομαχία,
953 2367 1269 2435 ἐπλήθυνεν.
1318 2369 1593 2422 Ἐντεῦθεν
1650 2371 1885 2439 Ἄρειος,

323 2455 420 2508 καὶ
446 2457 797 2520 Μακεδόνιος,
821 2461 913 2511 καὶ
934 2461 1245 2529 Νεστόριος,
1270 2463 1515 2531 Εὑτυχής
1537 2480 1593 2513 τε
1617 2464 1708 2514 καὶ
1735 2463 1887 2515 Διόσ-

328 2565 505 2617 κορος,
538 2551 627 2601 καὶ
667 2551 727 2602 τὸ
774 2551 957 2604 λοιπὸν
1002 2554 1099 2621 τῆς
1127 2553 1378 2615 ἀσεϐείας
1426 2554 1739 2626 σύνταγμα·
1770 2554 1887 2609 καθ’

326 2634 400 2691 ὦν
433 2640 488 2692 αί
519 2641 668 2707 ἀγίαι
703 2644 795 2694 καὶ
826 2645 1197 2711 οίκουμενικαὶ
1246 2645 1714 2716 συνεκροτήθησαν
1752 2648 1890 2700 ἐπτά

330 2731 559 2793 σύνοδοι,
591 2734 683 2785 καὶ
708 2734 836 2798 τῶν,
874 2735 1014 2787 κατά
1046 2736 1264 2798 τόπους,
1296 2736 1453 2805 ἱερῶν
1481 2736 1573 2787 καὶ
1616 2736 1890 2805 θεοφόρων

331 2825 541 2894 ἀνδρῶν
563 2825 820 2895 συνελέγη
847 2827 914 2880 τά
937 2832 1278 2897 συστήματα,
1319 2828 1416 2892 τὰς
1441 2829 1679 2897 πονηράς
1710 2846 1891 2897 παρα-

331 2919 536 2985 φυάδας
565 2922 627 2989 τῇ
651 2921 892 2990 μαχαίρᾳ
910 2920 1001 2973 τοῦ
1033 2922 1340 2991 Πνεῦματος
1358 2923 1709 2993 αὐτορρίζους
1739 2922 1893 2975 ἐκθε-

332 3011 601 3081 ρίσαντες,
640 3013 733 3062 καὶ
759 3012 997 3081 καθαρὸν
1022 3015 1541 3082 παρασκευάσαντες
1592 3015 1893 3083 ἀναφυῆναι

329 3105 428 3171 τῆς
467 3105 787 3173 Ἐκκλησίας
815 3105 875 3156 τὸ
905 3104 1071 3174 λήϊον.

404 3283 470 3351 β’.
515 3283 672 3335 Ἀλλὰ
707 3282 908 3337 τούτων
933 3285 995 3336 ἐκ
1023 3284 1196 3336 ποδῶν
1216 3285 1612 3353 γεγενημένων,
1654 3284 1747 3337 καὶ
1770 3287 1892 3354 σιγῇ

334 3378 430 3428 καὶ
471 3375 607 3445 λήθῃ
668 3377 1139 3445 παραδεδομένων,
1192 3377 1346 3437 ἐλπὶς
1371 3375 1545 3446 ἀγαθὴ
1582 3378 1677 3429 καὶ
1709 3376 1897 3445 βαθεῖα

335 3468 447 3527 τοῖς
507 3465 786 3519 εὑσεϐέσιν
834 3467 1184 3535 ὑπετρέφετο,
1220 3466 1293 3535 μὴ
1334 3466 1398 3518 άν
1421 3483 1548 3518 ποτε
1570 3465 1897 3536 καινοτέρων

334 3557 758 3625 δυσσεϐημάτων
812 3558 1108 3625 ἐφευρετὰς
1161 3556 1433 3623 γενέσθαι,
1470 3559 1527 3609 ἐν
1578 3559 1761 3621 πᾶσιν,
1817 3554 1897 3620 οἷς

337 3648 628 3717 ἐπείρασεν
648 3648 676 3697 ὁ
706 3649 960 3717 πονηρὸς,
994 3651 1072 3709 είς
1101 3649 1408 3701 τούναντίον
1435 3650 1582 3719 αὐτῷ
1625 3649 1733 3701 τῶν
1775 3650 1898 3717 βου-

339 3741 624 3809 λευμάτων
653 3759 717 3793 πε
730 3742 1116 3810 ριτραπὲντωνο
1147 3742 1281 3811 μήτε
1311 3742 1415 3811 μὴν
1454 3743 1563 3794 τῶν
1595 3744 1694 3813 ἤδη
1731 3742 1898 3796 κατά-

339 3850 521 3903 κρισιν
554 3832 842 3894 συνοδικῶς
862 3834 1217 3901 δεδεγμένων,
1265 3833 1675 3902 ῦπερασπιστάς
1724 3852 1895 3898 τινας,

339 3926 434 3978 καὶ
457 3924 771 3994 προμάχους
794 3925 1152 3993 ἀναφανῆναι,
1183 3927 1249 3993 τῇ
1285 3929 1633 3995 καταστροφῇ
1656 3965 1670 3987 ,
1700 3927 1794 3979 καὶ
1821 3926 1899 3996 τῷ

340 4015 502 4067 πάθει
547 4015 655 4066 τῶν
696 4014 993 4081 ἀρξάντων,
1026 4014 1121 4066 καὶ
1169 4014 1275 4067 τῶν
1303 4016 1382 4077 είς
1412 4015 1642 4085 μίμησιν
1664 4017 1899 4092 ,ἐκείνων

340 4108 516 4159 ἐλθεῖν
545 4106 910 4178 ,μελετώντων
933 4148 948 4172 ,
1008 4108 1463 4175 ἀνακοπτομένων
1484 4125 1496 4138 ·
1534 4110 1628 4163 καὶ
1680 4110 1899 4172 ταύταις

344 4200 443 4268 μὲν
474 4202 591 4263 ταῖς
642 4200 850 4251 ἐλπίσιν
882 4202 909 4251 ὁ
933 4199 1161 4269 εὐσεϐὴς
1204 4199 1458 4268 λογισμὸς
1486 4200 1862 4253 ἐπανεπαύετο
1884 4218 1895 4230 ’

344 4291 577 4359 μάλιστα
600 4290 656 4342 δέ
679 4289 819 4341 κατά
843 4289 937 4358 τὴν
962 4289 1346 4358 βασιλεύουσαν
1370 4291 1540 4353 πόλιν,
1565 4294 1621 4344 ἐν
1711 4291 1896 4356 πολλά,

341 4382 475 4434 Θεοῦ
508 4382 813 4451 συνεργείᾳ,
844 4382 949 4433 τῶν
973 4382 1308 4434 ἀνελπίστων
1352 4382 1725 4452 κατώρθωται·
1771 4385 1898 4436 πολ-

341 4475 429 4527 λαὶ
454 4474 511 4526 δὲ
534 4474 794 4541 γλῶσσαι,
824 4472 921 4541 τὴν
942 4476 1215 4543 προτέραν
1256 4475 1685 4543 διαπτυσάμεναι
1728 4492 1901 4545 μυσα-

1989 2001 2225 2055 mentius
2266 2001 2555 2069 promovit,
2602 2010 2657 2054 et
2697 2000 2766 2053 ab
2821 2001 2912 2052 illo
2958 2008 3234 2069 tempore,
3284 2000 3555 2053 sexcentis

1986 2092 2267 2145 erroribus
2293 2100 2349 2145 et
2379 2091 2805 2145 inescationibus
2832 2090 3108 2152 delinitos,
3156 2091 3256 2143 sibi
3303 2090 3393 2158 qui
3430 2098 3556 2141 sunt

1986 2186 2446 2254 obtemperantes,
2473 2185 2817 2253 supplantare
2856 2194 2909 2237 et
2951 2185 3207 2238 aliorsum
3257 2183 3555 2235 transferre

1988 2274 2197 2345 sategit.
2250 2275 2387 2329 Hinc
2426 2274 2529 2329 orti
2579 2274 2862 2336 Simones,
2916 2274 3238 2337 Marciones,
3292 2272 3552 2335 Montani,

1988 2367 2265 2431 Mauetes;
2307 2368 2435 2420 hinc
2463 2368 2748 2421 hacresium
2789 2368 3062 2437 variegata
3106 2378 3158 2420 et
3206 2366 3556 2419 multiformis

1988 2460 2042 2511 in
2080 2457 2245 2513 Deum
2296 2461 2653 2530 pugnantium
2705 2460 2973 2513 ordinatio
3028 2460 3381 2529 multiplicata
3431 2459 3553 2513 fuit.

1991 2553 2128 2606 Hinc
2174 2552 2373 2615 Arius,
2430 2552 2802 2617 Macedonius,
2876 2553 3194 2615 Nestorius,
3265 2552 3553 2621 Eutyches,

1990 2646 2312 2708 Dioscorus,
2366 2655 2421 2699 et
2468 2646 2647 2699 caeteri
2700 2646 2768 2699 de
2821 2646 3185 2700 conventibus
3241 2645 3553 2714 impiorum,

1990 2745 2181 2791 contra
2208 2752 2346 2807 quos
2369 2747 2578 2806 septem
2623 2747 2808 2791 sancta
2851 2736 3123 2807 generalia
3169 2736 3258 2789 illa
3304 2737 3555 2795 concilia.

1991 2844 2097 2883 nec
2119 2844 2229 2882 non
2262 2837 2578 2883 sanctorum
2609 2839 2664 2883 et
2701 2830 3011 2883 divinorum
3048 2830 3289 2881 virorum
3318 2846 3415 2897 per
3440 2829 3556 2883 loca

1990 2918 2227 2983 diversa,
2251 2919 2528 2973 consessio
2558 2920 2973 2987 colligebantur,
3015 2928 3073 2971 ut
3096 2919 3390 2985 impietatis
3426 2919 3560 2972 istos

1995 3010 2234 3063 stolones
2260 3010 2436 3063 cultro
2468 3010 2738 3079 Spirituali
2782 3010 3039 3063 radicitus
3094 3010 3474 3077 exstirparent.
3509 3021 3563 3064 et

1993 3116 2243 3169 campum
2278 3101 2529 3155 Ecclesia:
2562 3102 2796 3155 sativum
2846 3118 3043 3171 purum
3075 3111 3237 3172 atque
3281 3104 3562 3171 impermi-

1918 3230 1962 3290 C
1996 3200 2135 3247 stum
2160 3201 2421 3245 curarunt
2449 3191 2808 3247 efﬂorescere.

2064 3283 2118 3334 2.
2160 3282 2279 3334 Istis
2300 3294 2480 3335 autem
2522 3283 2589 3336 de
2634 3285 2809 3336 medio
2843 3284 3091 3347 sublatis,
3129 3300 3193 3337 ac
3240 3284 3457 3337 silentio
3507 3295 3563 3338 et

1996 3373 2257 3427 oblivioni
2284 3374 2517 3436 traditis,
2553 3376 2808 3442 praeclara
2852 3388 2904 3429 et
2939 3377 3206 3445 profunda
3249 3392 3372 3443 spes
3408 3378 3564 3431 honis

1998 3462 2365 3517 subiunutrita
2396 3463 2711 3534 all‘ulgebat,
2742 3464 2983 3519 futurum
3018 3474 3075 3520 ut
3124 3467 3256 3520 nulli
3302 3467 3563 3536 deinceps

1998 3569 2260 3608 novarum
2289 3554 2633 3623 impietatum
2660 3557 2973 3611 exsisterint
3001 3559 3403 3620 adinventores,
3437 3574 3560 3611 cum

1999 3645 2054 3699 in
2105 3646 2396 3709 omnibus,
2453 3662 2683 3714 quorum
2758 3656 3064 3715 sumpserat
3127 3650 3560 3718 experimentum

1999 3740 2262 3802 diabolus,
2314 3739 2542 3793 concilia
2589 3740 2709 3807 ejus
2763 3740 3051 3793 cessissent
3099 3742 3153 3792 in
3201 3741 3558 3793 contrarium.

1998 3830 2107 3885 Nec
2134 3831 2347 3884 illorum
2383 3830 2691 3900 dogmatum
2723 3847 2845 3899 quae
2873 3832 2983 3899 jam
3014 3831 3264 3899 synodica
3306 3832 3562 3884 condem-

2000 3924 2220 3976 natione
2274 3938 2559 3976 censuram
2617 3933 2968 3986 meruerant,
3038 3924 3249 3991 aliquos
3307 3925 3563 3977 rebantur

2001 4014 2407 4083 hyperaspistas
2438 4014 2747 4082 prodituros
2789 4025 2882 4068 aut
2924 4024 3375 4084 propugnatores.
3425 4030 3564 4081 quos

2000 4106 2257 4159 nimirum
2288 4106 2485 4171 exitus,
2526 4115 2581 4161 et
2625 4122 2785 4176 pmua
2832 4116 3151 4167 auctorum.
3190 4114 3245 4158 et
3277 4106 3368 4172 qui
3411 4106 3566 4158 dcin-

2000 4198 2203 4267 cepsin
2234 4212 2422 4253 eorum
2468 4199 2860 4258 imitationem.
2898 4198 3045 4252 ducti
3089 4199 3357 4267 exemplo,
3409 4207 3564 4251 erant

2002 4292 2305 4347 successuri
2346 4291 2658 4345 excuderat.
2690 4291 2866 4358 Atque
2918 4289 3068 4343 hisce
3102 4288 3321 4355 quidem
3359 4288 3567 4357 cogita-

2004 4382 2241 4437 tionibus
2264 4382 2477 4451 piorum
2501 4379 2778 4435 ratiocinia
2816 4379 3233 4449 acquiescebant
3258 4397 3270 4430 :
3300 4378 3567 4447 imprimis

2002 4486 2182 4529 autem
2218 4475 2360 4544 apud
2386 4473 2586 4543 regiam
2616 4473 2827 4536 urbem,
2859 4473 2911 4524 in
2944 4486 3049 4540 qua
3094 4485 3190 4540 per
3232 4469 3325 4524 Dei
3362 4485 3561 4538 coape-

344 4567 563 4636 ρότητα,
592 4566 681 4617 τὸν
704 4565 879 4618 κοινὸν
914 4566 1165 4617 ἁπάντων
1202 4565 1469 4635 Ιῖλάστην,
1510 4566 1605 4618 καὶ
1630 4570 1899 4637 Δημιουρ-
1927 4562 1979 4619 Ι)
2008 4585 2021 4619 l

1884 4598 1899 4607 -
1927 4562 1979 4619 D
2008 4568 2270 4621 rationem
2319 4566 2483 4619 multa
2539 4573 2732 4634 praeter
2778 4579 2929 4633 spem
2964 4563 3221 4632 praclare
3261 4573 3561 4632 geruntur;

342 4656 460 4723 γὸν,
496 4655 615 4724 μεθ’
637 4656 794 4725 ἡμῶν
831 4656 1019 4725 ὑμνεῖν
1048 4656 1417 4725 ἐδιδάχθησαν·
1449 4657 1637 4727 ῶσπερ
1676 4659 1783 4711 ἀπό
1815 4676 1901 4710 τι·-

344 4766 432 4810 νος
464 4748 689 4816 ὑψηλοῦ,
717 4747 810 4799 καὶ
837 4748 1108 4816 μετεώρου
1141 4748 1339 4816 χώρου,
1367 4747 1462 4810 τὰς
1483 4748 1579 4819 τῆς
1599 4748 1904 4819 ὀρθοδοξίας

343 4840 548 4908 πηγὰς,
584 4839 681 4907 τῆς
712 4838 977 4907 βασιλίδος
1007 4840 1372 4907 ἀναδιδούσης,
1411 4841 1503 4893 καὶ
1536 4840 1753 4908 καθαρά
1804 4841 1904 4909 τῆς

343 4928 624 4989 εὐσεϐείας
679 4928 747 4979 τά
792 4928 1025 4996 νάματα,
1055 4930 1133 4991 εἰς
1163 4928 1229 4981 τά
1266 4930 1364 4998 τῆς
1390 4931 1716 4999 οἰκουμένης
1752 4931 1903 4999 διαρ-

346 5018 572 5089 ρεούσης
602 5018 832 5089 πέρατα,
853 5020 944 5071 καὶ
983 5020 1241 5090 ποταμῶν
1269 5022 1424 5090 δίκην
1447 5022 1775 5093 άρδευούσης
1795 5028 1903 5085 τοῖς

342 5112 575 5179 δὸγμασι
600 5111 697 5174 τὰς
726 5113 903 5164 ἐκεῖσε
935 5112 1129 5182 ψυχάς,
1156 5114 1357 5177 αἵτινες
1375 5154 1389 5177 ,
1433 5115 1618 5183 χρόνος
1653 5116 1819 5179 πολὺς
1847 5117 1903 5182 ἐξ

344 5198 429 5264 οῦ,
458 5203 948 5273 καταξηρανθεῖσαι
978 5210 1089 5268 τοῖς
1117 5206 1218 5275 τῆς
1239 5206 1509 5271 ἀσεϐείας,
1550 5208 1582 5277 ἢ
1623 5208 1905 5278 ἐθελοθρη-

349 5298 556 5359 σκείας,
590 5297 994 5367 ὑπεκκαύμασι,
1022 5300 1113 5352 καὶ
1152 5301 1229 5361 εἰς
1267 5300 1505 5369 ἐρήμους
1549 5300 1643 5351 καὶ
1680 5302 1903 5367 ἀγόνους

345 5388 836 5458 ἁποχερσωθεῖσαι,
885 5392 1032 5459 ὅμως
1066 5392 1155 5443 τὸν
1185 5393 1282 5460 τῆς
1325 5392 1672 5455 διδασκαλίας
1702 5392 1903 5462 δμϐρον

348 5480 760 5549 ὑποδεξάμεναι,
795 5482 853 5533 τὸ
881 5482 1118 5551 Χριστοῦ
1164 5484 1429 5551 γεώργιον
1472 5484 1905 5553 καρποφοροῦσιν

348 5572 819 5642 ἐνευθηνούμεναι.
873 5575 978 5625 Καὶ
1008 5574 1113 5641 γάρ
1146 5576 1192 5625 oi
1229 5575 1328 5644 τὴν
1382 5574 1674 5643 Ἀρμενίαν
1700 5575 1906 5627 οἰκοῦν-

349 5682 457 5726 τες,
503 5664 577 5733 τῷ
614 5665 721 5718 τῶν
755 5664 1076 5717 Ἰακωϐιτῶν
1119 5669 1458 5736 ἐνισχημένοι
1511 5668 1902 5738 δυσσεϐἡματι,

352 5755 601 5825 καὶπρὸς
627 5757 685 5807 τὸ
711 5757 868 5825 ὀρθον
901 5756 1000 5824 τῆς
1054 5758 1329 5819 εὐσεϐείας
1378 5758 1907 5827 άπαυθαδιαζόμενοι

356 5849 633 5916 κηρυγμα,
661 5845 935 5918 ἀφόῦπερ
960 5850 990 5917 ἡ
1013 5849 1425 5919 πολυάνθρωπος
1453 5852 1630 5920 ἐκείνη
1661 5852 1750 5904 καὶ
1780 5852 1905 5918 ἁγία

2007 4659 2187 4713 multae
2222 4659 2419 4729 lingua:
2464 4667 2731 4712 vetustam
2766 4663 3129 4724 conspuentes
3170 4654 3316 4707 illam
3374 4653 3566 4707 {edita-

2007 4759 2135 4814 tem,
2166 4764 2507 4803 conuuunem
2538 4748 2779 4801 omnium
2820 4746 3219 4808 fabricatorem,
3251 4753 3305 4798 et
3350 4754 3564 4798 creato-

2006 4858 2142 4903 rem,
2206 4840 2491 4895 nobiscum
2534 4838 2747 4909 hymnis
2791 4838 3173 4893 concelebrare
3200 4837 3381 4891 edocti
3411 4846 3557 4891 sunt.

2007 4936 2081 4989 Ita
2106 4935 2271 4988 veluti
2297 4935 2365 4989 ab
2396 4933 2612 4988 excelso
2648 4933 2877 5004 quodam
2921 4940 2975 4986 et
3024 4930 3376 4986 eminentiori
3420 4931 3561 4993 loco,

2008 5027 2128 5081 lidei
2156 5026 2335 5081 fontes
2362 5025 2674 5080 orthodoxae
2703 5026 2846 5095 regia
2894 5025 3025 5079 urbs
3061 5024 3278 5087 emittit,
3322 5038 3423 5075 nec
3450 5038 3559 5075 non

2006 5115 2320 5185 purissimos
2359 5114 2575 5185 pietatis
2621 5114 2807 5168 latices
2858 5114 2910 5166 in
2960 5123 3186 5167 cunctos
3228 5110 3416 5165 mundi
3451 5120 3562 5165 ter-

2007 5208 2184 5260 minos
2208 5207 2575 5269 decurrentes,
2602 5207 2693 5276 qui
2724 5221 2833 5259 non
2860 5206 3019 5259 aliter
3045 5220 3206 5273 quam
3234 5204 3334 5257 rivi
3363 5204 3561 5267 solent,

2006 5299 2245 5370 dogmasi
2279 5298 2506 5369 irrigant
2535 5298 2815 5353 hominum
2863 5298 2936 5352 ibi
2984 5296 3292 5366 degentium
3332 5296 3560 5357 animas,

2006 5408 2124 5460 qua
2163 5407 2190 5444 a
2216 5392 2373 5459 longo
2394 5391 2653 5459 temporis
2675 5398 2849 5443 tractu
2881 5395 3015 5442 aestu
3061 5398 3117 5441 et
3142 5385 3564 5457 conﬂagratione

2006 5486 2089 5538 vel
2137 5483 2451 5553 impietatis,
2500 5484 2580 5537 vel
2624 5482 2907 5551 spontanei
2964 5481 3165 5542 cultus,
3217 5488 3560 5541 exaruerunt,

2006 5590 2167 5647 atque
2228 5578 2300 5630 ita
2360 5576 2416 5629 in
2462 5576 2785 5631 solitudines
2839 5583 2893 5629 et
2942 5572 3338 5627 infructuosum
3389 5572 3562 5624 solum

2008 5668 2413 5732 stereliverant;
2449 5670 2541 5737 qui
2577 5679 2753 5721 tamen
2794 5666 3057 5720 imbribus
3111 5665 3372 5719 doctrinre
3421 5678 3565 5715 salue

2008 5762 2294 5829 susceptis,
2346 5761 2548 5815 Christi
2592 5760 2895 5818 culoniam,
2951 5760 3158 5811 cultura
3216 5758 3563 5815 lmtilicatmn,

2010 5856 2275 5909 fructibus
2310 5854 2595 5908 adornant.
2630 5851 2761 5905 Nam
2808 5852 2902 5920 qui
2939 5850 3178 5904 incolunt
3230 5846 3562 5902 Armeniam.
