4248 6444
747 399 853 462 723

1883 387 2140 448 ΡΗΟΤΙΙ
2179 387 2676 448 ΡΑΤΒῙΑΒΟΗᾸΞ
2718 389 2828 453 (ΣΡ.

3881 399 3992 460 724

747 504 1113 560 Jacobilarum
1135 499 1410 569 impietate
1428 495 1896 564 impediti,contra
1920 501 2078 546 recta:
2096 491 2310 560 pietatis
2342 502 2383 550 Α
2414 509 2424 541 π

2342 502 2383 550 Α
2414 493 2519 544 τῶν
2554 497 2813 567 Πατέρων
2862 497 3019 566 ήμῶν
3067 499 3206 551 κατὰ
3249 500 3568 570 Χαλκηδόνα
3613 510 3989 579 συνεκροτήΟη

751 595 1188 668 praedicationem
1237 590 1498 643 audacius
1543 604 1600 641 se
1650 594 1920 657 gerentes,
1969 601 2035 638 ex
2059 599 2125 638 eo
2172 595 2312 638 tem-

751 703 901 759 pore,
933 702 1040 755 quo
1066 693 1251 738 sancta
1296 691 1351 735 et
1400 695 1688 734 numerosa
1739 676 1957 730 Patrum
2001 685 2312 731 nostrorum

751 779 990 849 synodus
1041 775 1182 845 apud
1236 773 1633 827 Cbalcedonem
1692 777 2054 832 convenerat,
2118 767 2314 820 vestris

750 873 1034 926 nobiscum
1094 868 1348 936 precibus
1406 865 1458 918 in
1531 863 1790 916 auxilium
1852 860 2311 930 conSpirantibus,

752 966 968 1033 longum
1005 960 1152 1014 illum
1188 973 1425 1014 errorem
1466 972 1493 1008 a
1533 971 1592 1009 se
1639 954 1904 1022 repellere
1940 953 2193 1016 valuere;
2241 952 2312 1005 ita

751 1069 811 1114 ut
839 1058 997 1112 hodie
1031 1056 1411 1109 Armeniorum
1462 1051 1614 1104 natio
1663 1050 1879 1102 sincero
1915 1055 1969 1100 et
2012 1047 2315 1101 orthodoxo

750 1167 905 1206 more
937 1150 1304 1205 Christianum
1339 1144 1543 1198 cultum
1572 1141 1910 1212 proﬁteatur,
1937 1140 2311 1210 Eutychetetn,

754 1243 1038 1302 Severum,
1067 1240 1405 1298 Dioscorum,
1437 1244 1493 1290 et
1521 1235 1708 1288 Petros
1752 1247 1941 1286 revera
1974 1231 2095 1285 illos
2131 1238 2314 1299 petro-

751 1337 906 1391 bolos
953 1333 1218 1402 jaciendis
1253 1332 1307 1384 in
1353 1329 1649 1383 Ecclesiam
1707 1326 1994 1394 lapidibus,
2042 1323 2314 1378 lulianum

753 1429 1304 1487 Halicarnassensem,
1326 1437 1540 1476 necnon
1565 1419 1873 1473 universam
1904 1418 2143 1486 ipsorum
2167 1415 2316 1469 varie

751 1521 1002 1574 diffusam
1049 1517 1478 1586 dispersionem.
1528 1522 1587 1566 ut
1633 1521 1689 1565 et
1739 1510 1999 1565 catholica
2051 1505 2314 1568 Ecclesia,

751 1621 1086 1670 exsecretur,
1104 1619 1158 1662 et
1176 1604 1641 1661 indissolubilibus
1660 1603 2065 1656 anathematum
2083 1598 2316 1653 nexibus

750 1702 1101 1772 supposuerit
1130 1700 1475 1753 constrictos.

823 1796 876 1847 5.
913 1791 1018 1845 Sed
1043 1799 1097 1844 et
1127 1790 1351 1859 insuper
1398 1789 1624 1842 barbara
1675 1785 2029 1855 Bulgarorum
2071 1797 2224 1850 gens,
2261 1790 2317 1835 et

2417 584 2654 648 σύνοδος,
2707 586 2816 638 τῶν
2860 588 3140 656 ὐμετέρων
3193 591 3370 659 εὐχῶν
3413 593 3546 661 ήμῖν
3573 594 3990 663 ὲπαμυνόντων,

2413 678 2510 747 τὴν
2546 679 2762 750 μακρὰν
2816 680 3029 749 ἐκείνην
3064 681 3270 751 πλάνην
3300 685 3598 738 ἀποθέσθαι
3651 688 3994 758 ἐνεδυναμώ-

2415 771 2584 839 θησαν
2607 789 2620 802 ·
2651 771 2744 824 καὶ
2777 772 3026 843 λατρεύει
3063 775 3334 845 σήμερον,
3367 777 3622 846 καθαρῶς
3649 783 3740 832 καὶ
3764 781 3990 849 ὀρθοδὸ-

2415 861 2540 926 ξως,
2576 864 2609 929 ή
2663 863 2772 915 τῶν
2825 864 3126 935 Ἀρμενίων
3172 867 3326 934 λῆξις
3359 869 3457 937 τὴν
3505 871 3844 938 Χριστιανῶν
3885 875 3989 925 λα-

2411 953 2619 1020 τρείαν,
2660 955 2876 1024 Εὐτυχῆ
2913 973 2972 1008 τε
3007 958 3100 1009 καί
3129 957 3384 1027 Σεϐῆρον,
3413 960 3508 1011 καὶ
3528 960 3834 1030 Διόσκορον,
3890 965 3993 1015 καὶ

2413 1042 2539 1104 τοὺς
2561 1043 2703 1095 κατὰ
2731 1044 2830 1112 τῆς
2858 1045 3140 1106 εὐσεϐείας
3178 1048 3537 1117 πετροϐόλους
3576 1051 3834 1119 Πέτρους,
3893 1055 3992 1104 καὶ

2413 1135 2504 1188 τὸν
2537 1135 2964 1206 Ἁλικαρνασσέα
3008 1139 3312 1204 Ἰουλιανὸν,
3347 1143 3441 1193 καὶ
3477 1144 3656 1194 πᾶσαν
3681 1143 3861 1195 αὐτῶν
3888 1144 3992 1213 τὴν

2415 1226 2758 1296 πολύσπορον
2808 1230 3128 1300 διασπορὰν,
3160 1232 3236 1294 ὡς
3283 1234 3313 1302 ή
3368 1233 3626 1305 καθολική
3668 1235 3987 1304 Ἐκκλησία,

2418 1320 2820 1390 μυσαττομένη,
2853 1321 2948 1375 καὶ
2975 1322 3195 1392 δεσμοῖς
3242 1323 3461 1388 ἀλύτοις
3504 1325 3600 1379 τοῦ
3638 1326 3988 1396 ἀναθέματος
4020 1346 4027 1349 ‘

2416 1410 2718 1464 ὐποϐἀλλου
2727 1430 2812 1465 σα.

2487 1759 2559 1826 γ’.
2610 1759 2772 1813 Ἀλλά
2802 1778 2865 1828 γε
2897 1761 2981 1830 δὴ,
3013 1763 3108 1814 καὶ
3137 1764 3462 1835 Βουλγάρων
3515 1766 3666 1830 εθνος
3718 1767 3992 1837 βαρϐαρι-

750 1883 969 1937 Christo
992 1883 1165 1935 invisa
1193 1893 1246 1933 et
1277 1879 1498 1943 inl‘esta,
1531 1880 1586 1931 in
1616 1885 1816 1930 tantam
1838 1874 2312 1928 mansuetudinem
2347 1846 2388 1904 Β
2416 1867 2427 1901 ³

2310 1899 2312 1924 γ
2347 1846 2388 1904 Β
2416 1849 2531 1912 κὸν,
2564 1851 2659 1902 καὶ
2697 1851 3062 1921 μισόχριστον,
3091 1856 3172 1917 εἰς
3203 1855 3468 1924 τοσαύτην
3500 1856 3812 1925 μετέκλινεν
3842 1862 3875 1928 ἡ
3887 1878 3987 1927 με-

751 1985 808 2029 et
847 1975 937 2027 Dei
970 1974 1332 2042 cognitionem
1371 1971 1728 2030 convertitur,
1759 1977 1820 2020 ut
1853 1983 1881 2019 a
1914 1965 2102 2034 patriis
2129 1964 2316 2018 diabo-

752 2068 974 2136 licisque
997 2066 1160 2135 orgiis
1181 2064 1520 2127 recedentes,
1541 2072 1592 2115 ct
1619 2060 1894 2131 paganica:
1913 2056 2316 2128 superstitionis

752 2174 990 2212 errorem
1013 2157 1368 2220 excutientes,
1398 2166 1590 2225 przeter
1610 2168 1824 2207 omnem
1851 2149 2312 2220 exspectationem

752 2253 807 2307 in
850 2253 1009 2306 [idem
1042 2250 1402 2305 Christianam
1439 2247 1586 2301 insiti
1625 2244 1976 2299 transierunt.

821 2431 876 2483 4.
921 2428 1024 2483 Sed
1073 2444 1106 2483 ο
1175 2427 1516 2496 improbum,
1579 2424 1819 2478 invidum
1887 2422 2016 2484 Deo,
2081 2420 2314 2474 invisum

754 2523 1040 2578 consilium
1066 2532 1120 2575 et
1150 2522 1477 2589 incoeptum!
1508 2517 1654 2572 Talis
1672 2517 1814 2570 enim
1847 2514 2104 2576 narratio,
2140 2513 2316 2566 Evan-

755 2618 875 2687 gelii
925 2615 1012 2670 vel
1076 2614 1201 2668 boni
1264 2611 1435 2666 nuntii
1503 2618 1880 2680 argumentum
1949 2621 2070 2675 qua!
2137 2605 2316 2658 futura

757 2716 919 2769 esset,
953 2707 1005 2759 in
1035 2704 1394 2774 dejectionem
1419 2701 1598 2754 vultus
1626 2705 2010 2759 commutatur,
2035 2695 2318 2749 delectatio

757 2809 812 2850 et
837 2798 1088 2861 gaudium
1121 2796 1172 2846 in
1207 2794 1411 2846 luctum
1436 2803 1490 2845 et
1514 2793 1805 2845 lamentqu
1835 2790 2036 2842 abiere.
2069 2786 2316 2839 Nondum

762 2887 905 2940 enim
935 2903 1064 2956 gens
1086 2886 1174 2939 illa
1206 2900 1301 2953 per
1328 2885 1605 2938 biennium
1650 2893 1852 2937 rectam
1885 2880 2318 2935 Christianorum

766 2976 1086 3047 religionem
1127 2976 1559 3045 amplexabatur,
1593 2989 1715 3026 cum
1761 2971 1912 3040 impii
1955 2969 2170 3037 quidam
2218 2969 2319 3020 bo-

766 3071 941 3127 mines
971 3076 1026 3121 et
1055 3066 1403 3130 exsecrandi,
1433 3075 1680 3134 portenta
1711 3064 1813 3132 (vel
1859 3077 1967 3131 quo
2014 3060 2135 3114 illos
2164 3060 2321 3113 titulo

768 3161 1112 3216 Christianus
1143 3158 1418 3226 insigniat)
1451 3158 1698 3211 homines
1718 3174 1748 3210 e
1769 3155 2005 3210 tenebris
2025 3168 2320 3222 prorepen-

769 3264 850 3306 tes
897 3252 1078 3320 (erant
1121 3249 1264 3302 enim
1304 3249 1475 3301 exorti
1513 3251 1580 3303 ab
1619 3248 1862 3303 occiduis
1897 3245 2164 3315 partibus)
2216 3245 2318 3298 heu

769 3342 1039 3412 quomodo
1065 3339 1266 3406 reliqua
1299 3340 1545 3406 persequi
1585 3339 1803 3406 potero?
1839 3335 1949 3397 isti,
1985 3336 2225 3403 inquam,
2268 3335 2322 3387 in

771 3441 1008 3501 gentem,
1043 3429 1254 3482 novella
1284 3443 1509 3495 quorum
1539 3429 1708 3496 pietas
1734 3437 1976 3495 etnuper
2005 3427 2322 3484 constituta,

774 3531 1026 3588 tanquam
1052 3519 1247 3588 fulgur,
1280 3527 1435 3572 terra:
1479 3528 1788 3579 motus,seu
1820 3518 2038 3587 copiosa
2075 3517 2280 3586 grando
2308 3533 2322 3580 ;

773 3621 867 3665 aut
915 3623 972 3665 ut
1018 3612 1288 3680 proprius,
1341 3611 1485 3679 quod
1526 3610 1733 3664 accedit
1777 3610 1846 3668 ad
1922 3621 1973 3666 et
2019 3609 2323 3672 veritatem,

773 3707 970 3767 dicam,
1023 3713 1277 3772 tanquam
1331 3719 1462 3773 aper
1502 3703 1723 3773 agrestis
1749 3703 1960 3757 vineam
1996 3704 2203 3756 Domini
2239 3703 2324 3757 di-

776 3798 992 3860 lectam,
1053 3811 1226 3865 nuper
1281 3796 1542 3849 consitam
1600 3793 1918 3852 insilreutes,
1977 3796 2206 3862 pedibus
2272 3805 2328 3849 et

775 3885 1050 3948 dentibus,
1077 3885 1180 3937 hoc
1208 3893 1289 3937 est
1320 3885 1526 3938 semitis
1553 3881 1870 3950 quibusdam
1910 3883 2106 3950 politiae
2135 3885 2324 3953 turpis,

777 3988 832 4031 et
858 3977 1167 4046 dogmatum
1195 3976 1631 4044 depravatorum,
1685 3987 1804 4040 qua:
1839 3972 2050 4026 illorum
2087 3985 2203 4028 erat
2226 3991 2327 4027 au-

776 4069 951 4130 dacia,
991 4067 1364 4137 depraedantes
1393 4065 1777 4128 devastabaut;
1819 4066 1965 4118 omni
2009 4082 2132 4120 cum
2183 4067 2330 4119 l'rau-

777 4159 1014 4213 dulentia
1045 4175 1074 4211 a
1101 4159 1248 4212 sanis
1275 4170 1329 4213 et
1363 4159 1512 4227 puris
1537 4157 1895 4227 dogmatibus,
1937 4169 1993 4211 et
2023 4159 2123 4213 [ide
2154 4158 2330 4213 incul-

776 4262 901 4321 pata
945 4250 1394 4313 Cbristianorum,
1445 4265 1539 4304 eos
1571 4249 1796 4304 subdole
1817 4249 2084 4306 deducere
2131 4261 2332 4308 eteor-

776 4357 1029 4411 rumpere
1057 4342 1412 4394 conabantur.

846 4435 898 4488 5.
943 4433 1212 4503 Imprimis
1239 4443 1426 4486 contra
1458 4431 1712 4484 Ecclesia:
1752 4445 1990 4484 canones
2038 4430 2222 4484 illicite
2266 4430 2331 4483 ad

2415 1942 2618 2012 ρότητα
2669 1945 2762 1995 καὶ
2817 1943 3144 2011 θεογνωσίαν
3169 1986 3183 2008 ,
3241 1948 3380 2001 ὥστε
3429 1949 3539 2001 τῶν
3572 1950 3864 2019 δαιμονίων
3894 1953 3990 2004 καὶ

2415 2034 2684 2104 πατρῴων
2743 2037 3031 2101 ἐκστάντες
3068 2040 3293 2107 ὀργίων,
3351 2043 3447 2094 καὶ
3498 2042 3599 2110 τῆς
3663 2043 3989 2113 Ἑλληνικῆς

2414 2122 2836 2193 δεισιδαιμονίας
2865 2128 3372 2195 ἀποσκευασάμενοι
3394 2128 3494 2198 τήν
3517 2130 3746 2198 πλάνην,
3777 2131 3858 2191 εἰς
3884 2132 3990 2199 τήν

2413 2216 2522 2268 τῶν
2549 2217 2890 2285 Χριστιανῶν
2918 2219 3236 2289 παραδόξως
3277 2223 3866 2293 μετενεκεντρίσθησαν
3898 2221 3992 2274 πί-

2417 2325 2550 2360 στιν.

2485 2398 2547 2453 δ’.
2594 2398 2732 2451 Ἀλλ’
2763 2394 2808 2453 ὦ
2834 2403 3073 2473 πονηρᾶς
3106 2403 3200 2456 καὶ
3232 2403 3501 2472 βασκάνου
3532 2405 3626 2457 καὶ
3663 2405 3826 2458 ἀθέου
3855 2406 3986 2476 βου-

2415 2491 2514 2561 λῆς
2535 2509 2594 2544 τε
2623 2495 2716 2545 καὶ
2745 2494 2994 2564 πράξεως
3021 2496 3033 2547 !
3063 2495 3127 2548 Ἦ
3151 2498 3257 2566 γὰρ
3271 2497 3491 2567 τοιαύτη
3515 2498 3784 2568 διήγησις,
3807 2499 3989 2568 Εὐαγ-

2417 2585 2611 2652 γελίων
2663 2580 2798 2638 οὖσα
2843 2586 3122 2652 ὑπόθεσις,
3153 2591 3230 2651 εἰς
3277 2591 3578 2658 κατήφειαν
3612 2594 3984 2660 μετατίθεται,

2417 2677 2516 2746 τῆς
2555 2677 2892 2746 εὐφροσύνης
2954 2678 3049 2731 καὶ
3077 2681 3252 2748 χαρᾶς
3304 2682 3384 2743 είς
3418 2682 3646 2746 πένθους
3679 2686 3986 2754 τραπείσης

2419 2770 2512 2818 καὶ
2538 2767 2770 2838 δάκρυα.
2802 2770 2968 2822 Οὐπω
2991 2772 3098 2839 γὰρ
3128 2773 3336 2824 ἐκείνου
3376 2773 3467 2826 τοῦ
3519 2774 3729 2839 ἔθνους,
3763 2778 3872 2829 οὐδ’
3905 2781 3988 2842 εἰς

2419 2859 2511 2911 δύο
2539 2862 2838 2926 ἐνιαυτοὺς,
2861 2864 2958 2931 τήν
2996 2863 3160 2933 ὀρθὴν
3205 2863 3312 2916 τῶν
3341 2866 3683 2934 Χριστιανῶν
3715 2870 3986 2938 τιμῶντος

2421 2953 2714 3022 θρησκείαν
2736 2971 2746 2982 ’
2771 2956 2963 3025 ἄνδρες
2985 2956 3260 3018 δυσσεϐεῖς
3290 2960 3383 3009 καὶ
3404 2960 3764 3028 ἀποτρόπαιοι
3792 2963 3910 3029 (καὶ
3931 2964 3987 3015 τί

2421 3047 2528 3113 γὰρ
2557 3047 2655 3099 οὐκ
2687 3047 2749 3099 ἄν
2778 3065 2860 3109 τις
2896 3048 3132 3099 εὐσεϐῶν
3164 3047 3383 3110 τούτους
3415 3051 3843 3120 ὲξονομὰσειεν;)
3888 3054 3986 3106 ἄν-

2420 3138 2544 3204 δρες
2569 3139 2632 3188 ὲκ
2659 3138 2883 3200 σκότους
2911 3139 3201 3204 ἀναδύντες
3229 3142 3346 3210 (τῆς
3376 3142 3483 3214 γὰρ
3508 3144 3760 3212 ἑσπερίου
3790 3147 3989 3215 μοίρας

2425 3230 2669 3299 ὑπῆρχον
2698 3231 3033 3298 γεννήματα)
3062 3233 3204 3301 οἶμοι
3252 3235 3368 3296 πῶς
3422 3236 3482 3287 τὸ
3519 3236 3809 3288 ὑπόλοιπον
3843 3238 3993 3290 ἐκδι-

2423 3322 2734 3388 ηγήσομαις
2768 3315 2936 3384 οὗτοι,
2983 3322 3119 3390 πρὸς
3160 3324 3220 3374 τὸ
3265 3325 3526 3391 νεοπαγὲς
3576 3329 3653 3386 είς
3699 3327 3992 3379 εὐσέϐειαν

2424 3412 2519 3462 καὶ
2550 3411 2904 3464 νεοσύστατον
2927 3411 3099 3473 ἔθνος,
3134 3412 3321 3483 ὥσπερ
3351 3418 3610 3484 κεραυνὸς
3635 3417 3667 3486 ἢ
3703 3419 3928 3485 σεισμὸς
3953 3420 3990 3488 ἧ

2425 3502 2664 3573 χαλάζης
2688 3503 2909 3573 πλῆθος,
2945 3505 3143 3572 μᾶλλον
3161 3506 3216 3557 δὲ
3235 3506 3561 3576 οἰκειότερον
3577 3510 3773 3573 εἰπεῖν,
3797 3509 3990 3581 ῶσπερ

2424 3598 2615 3665 ἄγριος
2653 3598 2832 3665 μονιδς
2861 3599 3276 3668 ἐμπηδήσαντες
3303 3601 3393 3652 τὸν
3418 3601 3713 3670 ἀμπελῶνα
3754 3604 3988 3673 Κυρίου,

2423 3689 2513 3739 τὸν
2543 3690 2894 3758 ἠγαπημένον
2916 3691 3008 3743 καὶ
3039 3692 3292 3758 νεόςρυτον
3326 3694 3419 3745 καὶ
3441 3693 3598 3745 ποσὶν
3623 3695 3716 3746 καὶ
3754 3694 3990 3755 ὀδοῦσιν,

2426 3780 2542 3848 ήτοι
2568 3779 2773 3846 τρίϐοις
2799 3781 3028 3849 αἰσχρᾶς
3061 3781 3352 3846 πολιτείας,
3387 3782 3481 3835 καὶ
3506 3783 3770 3854 διαφθορᾷ
3794 3784 3995 3852 δογμά-

2425 3885 2556 3930 των,
2594 3870 2718 3936 τόγε
2748 3873 2824 3927 είς
2847 3870 3050 3939 τόλμαν
3074 3866 3208 3940 ἧκον
3231 3874 3328 3941 τὴν
3355 3873 3553 3938 αὐτῶν,
3601 3877 3992 3945 κατανεμησά-

2430 3978 2580 4029 μενοι
2610 3962 2975 4030 ἐλυμήναντοο
3017 3964 3124 4015 ἀπὸ
3146 3966 3253 4034 γὰρ
3274 3964 3381 4016 τῶν
3409 3965 3583 4034 ὀρθῶν
3613 3969 3706 4019 καὶ
3730 3968 3992 4038 καθαρῶν

2427 4042 2732 4122 δογμάτων,
2759 4057 2854 4107 καὶ
2876 4056 2975 4124 τῆς
3004 4055 3113 4108 τῶν
3156 4058 3495 4127 Χριστιανῶν
3540 4060 3842 4128 ἀμωμήτου
3902 4061 3996 4112 πί-

2433 4161 2623 4207 στεως.
2678 4145 3074 4216 παραφθείρειν
3122 4148 3368 4215 τούτους,
3420 4151 3514 4203 καὶ
3544 4152 3813 4221 ὐποσπᾷν,
3863 4170 3996 4206 κατ-

2431 4252 2630 4287 επανου
2641 4235 2909 4304 ργήσαντο
2924 4268 2937 4279 .

2504 4431 2566 4476 ε’,
2593 4425 2701 4477 Καὶ
2719 4426 2936 4493 πρῶτον
2967 4429 3066 4497 μὲν
3089 4430 3287 4494 αὐτοὺς
3307 4432 3630 4502 ἱκθέσμους,
3659 4439 3735 4498 εἰς
3757 4438 3856 4507 τὴν
3883 4439 3995 4491 τῶν

779 4525 1136 4580 Sabbatorum
1167 4526 1370 4593 jejunia
1424 4524 1797 4578 traducebant.
1835 4521 1984 4575 Solet
2029 4532 2208 4576 autem
2248 4523 2332 4575 vel
2365 4514 2456 4588 οἳ

2320 4523 2332 4574 |
2365 4534 2406 4588 ο
2436 4514 2725 4568 Σαϐϐάτων
2745 4517 2994 4586 νηστείαν
3016 4521 3367 4591 μετέστησαν.
3409 4521 3527 4577 Οἵδε
3550 4525 3607 4578 δὲ
3643 4529 3734 4579 καὶ
3755 4531 3788 4596 ή
3820 4532 3997 4597 μικρά

777 4617 1048 4671 levissima
1082 4616 1431 4669 traditionum
1472 4616 1735 4684 neglectio
1763 4614 2010 4668 homines
2058 4616 2122 4669 ad
2171 4616 2334 4670 totius

776 4707 1034 4760 doctrinae
1065 4715 1435 4774 contemptum
1460 4707 1761 4758 traducere.
1799 4705 1853 4757 In
1901 4706 2173 4768 secundis,
2225 4707 2334 4775 pri-

776 4815 916 4851 mam
995 4797 1319 4865 jejuniorum
1389 4797 1924 4866 quadragesimalium
1983 4798 2190 4852 scilicet
2248 4812 2336 4851 se-

775 4889 1072 4956 ptimanam
1110 4901 1139 4938 a
1179 4897 1370 4940 caetero
1416 4887 1625 4955 jejunio
1653 4887 2047 4957 discerpentes,
2080 4889 2133 4940 in
2185 4888 2337 4942 lactis

775 4980 1076 5048 potionem,
1108 4980 1250 5033 casei
1286 4995 1457 5044 esum,
1487 4988 1542 5031 et
1565 4981 1826 5033 similium
1866 4979 2335 5050 ingurgitationem

782 5082 1084 5125 traxerunt.
1109 5072 1190 5125 Ab
1217 5073 1300 5125 bis
1333 5073 1565 5126 exordiis
1594 5073 2086 5140 transgressionum
2114 5071 2224 5123 vias
2254 5073 2336 5124 di-

777 5162 1028 5225 latantes.
1073 5163 1143 5217 de
1165 5176 1310 5217 recto
1344 5164 1556 5217 tramite
1584 5174 1638 5216 et
1662 5164 1807 5233 regia
1835 5163 1919 5216 via
1946 5163 2334 5226 deturbarunt;

778 5254 1089 5308 sacerdotes
1105 5254 1357 5321 deinceps
1378 5253 1616 5324 legitimo
1633 5269 1731 5306 con
1736 5255 1950 5322 junctos
1967 5253 2334 5317 matrimonio,

780 5346 869 5414 qui
903 5346 1106 5414 puellas
1130 5347 1326 5400 multas
1353 5347 1468 5400 sine
1493 5347 1608 5400 viro
1642 5346 1901 5400 mulieres
1938 5345 2257 5409 eﬂecerunt,
2282 5355 2336 5399 et

780 5437 1036 5491 mulieres
1065 5453 1262 5504 pueros
1303 5439 1615 5500 educanles,
1667 5455 1893 5507 quorum
1939 5453 2097 5491 nemo
2127 5447 2329 5507 patrem

780 5527 949 5591 novit,
980 5543 1126 5593 vere,
1163 5529 1236 5580 uti
1265 5529 1525 5592 dixeram,
1564 5531 1871 5585 sacerdotes
1910 5530 2003 5584 Dei
2032 5528 2327 5582 abominari

2433 4605 2542 4657 τῶν
2572 4607 2982 4676 παραδοθέντων
3013 4610 3285 4680 ἀθέτησις,
3324 4617 3417 4667 καὶ
3441 4615 3574 4683 πρὸς
3601 4616 3728 4684 ὃλην
3747 4618 3839 4670 τοῦ
3869 4619 3998 4687 δόγ-

2438 4717 2604 4768 ματος
2626 4700 2904 4769 ἐπιτρίψαι
2926 4711 2946 4739 τ
2973 4705 3396 4774 καταφρόνησιν.
3431 4708 3656 4760 Ἔπειτα
3684 4711 3738 4763 δὲ
3767 4711 3864 4781 τήν
3887 4715 3997 4765 τῶν

2435 4793 2697 4860 νηστειῶν
2729 4793 2953 4864 πρώτην
2982 4797 3269 4865 ἑϐδομάδα,
3300 4799 3396 4868 τῆς
3427 4799 3594 4869 ἄλλης
3622 4803 3874 4865 νηστείας
3901 4822 4000 4856 πε-

2441 4883 2782 4951 ρικόψαντες,
2828 4886 2909 4947 είς
2944 4887 3398 4955 γαλακτοποσίας,
3445 4893 3538 4944 καὶ
3577 4893 3740 4963 τυροῦ
3767 4897 3996 4964 τροφὴν,

2437 4976 2528 5025 καὶ
2555 4977 2654 5043 τήν
2683 4975 2788 5028 τῶν
2822 4976 3020 5044 ὁμοίων
3063 4977 3397 5048 ἀδδηφαγίαν
3441 4981 3826 5036 καθείλκυσαν.
3878 4985 3998 5036 Ἑν-

2436 5066 2625 5118 τεῦθεν
2649 5068 2827 5127 αὐτοῖς
2859 5069 2958 5134 τὴν
2979 5069 3094 5120 ὁδὸν
3115 5070 3220 5122 τῶν
3242 5071 3603 5140 παραϐάσεων
3627 5075 3998 5144 ὲμπλατύνονι

2437 5173 2548 5218 τες,
2573 5157 2780 5226 καὶτῆς
2812 5159 3027 5222 εὐθείας
3057 5161 3244 5230 τρίϐου
3278 5163 3369 5215 καὶ
3425 5163 3707 5235 βασιλικῆς
3745 5169 3997 5240 διαστρέ-

2442 5264 2651 5312 φοντες,
2669 5251 2760 5300 καὶ
2781 5248 2837 5300 δὲ
2870 5251 2964 5302 καὶ
2994 5253 3118 5315 τοὺς
3139 5252 3384 5323 ὲνθέσμῳ
3406 5256 3570 5326 γάμῳ
3593 5275 3692 5326 πρε
3703 5259 4001 5330 σϐυτέρους

2438 5342 2851 5412 διαπρέποντας,
2880 5349 2927 5396 οἱ
2960 5345 3160 5408 πολλὰς
3194 5348 3364 5418 κόρας
3399 5352 3565 5419 χωρὶς
3597 5351 3786 5421 ἀνδρὸς
3816 5358 3999 5418 γυναίο

2436 5454 2535 5498 κας
2565 5437 2900 5500 δεικνύντες,
2938 5440 3030 5490 καὶ
3065 5443 3326 5506 γυναῖκας
3358 5443 3549 5503 παῖδας
3601 5445 3997 5512 ἐκτρεφούσας,

2437 5523 2513 5582 ῶν
2539 5531 2638 5581 οὐκ
2657 5529 2771 5582 ἔστι
2797 5531 3007 5600 πατέρα
3027 5531 3344 5598 θεάσασθαι,
3364 5526 3527 5599 οὗτοι,
3551 5536 3673 5600 τοὺς
3695 5535 3770 5598 ὡς
3785 5536 4002 5607 ἀληθῶς

2025 5691 2255 5746 VAliUE
2290 5690 2690 5748 LECTIONES.

860 5829 883 5859 τ
915 5823 997 5874 ῖσ.
1029 5823 1331 5892 ἐπιτρέψαι.
