4248 6444
302 433 413 493 725

1453 431 1985 494 EPISTOLARUM
2019 430 2249 492 LIBER
2291 430 2337 491 Ι.

3435 412 3539 474 ’7ἳῦ

298 542 433 595 Θεοῦ
467 541 654 611 ίερεῖς,
700 540 1063 610 μυσάττεσθαί
1125 558 1208 608 τε,
1262 541 1358 595 καὶ
1404 542 1868 614 ἀποστρέφεσθαι,
1895 544 1975 604 At

1861 583 1868 603 .
1895 544 1947 604 Α
1971 550 2026 597 et
2057 539 2329 595 adversari
2345 538 2679 599 docuerunt;
2706 531 2916 587 semina
2936 527 3190 581 nimirum
3218 521 3538 577 Manicheu-

301 633 727 703 παρεσκεύασαν
749 649 764 663 ⁸
820 635 920 703 τῆς
947 633 1134 687 Μανοῦ
1160 634 1459 704 γεωργίας,
1485 636 1543 687 ἐν
1567 636 1770 699 αὑτοῖς,
1800 637 1872 688 τὰ

304 726 599 796 σπέρματα
630 728 1118 797 κατασπείροντες,
1146 729 1241 781 καὶ
1263 728 1440 797 ψυχὰς
1486 728 1613 798 ἄρτι
1639 728 1872 797 βλαστά-

299 835 411 870 νειν
445 820 753 889 ἀρξαμένας
771 821 864 873 τὸν
894 821 1093 891 σπόρον
1115 824 1215 892 τῆς
1248 820 1550 885 εὐσεϐείας,
1572 824 1639 891 τῇ
1660 822 1769 874 τῶν
1791 821 1871 884 ζι-

300 912 496 976 ζανίων
527 915 800 984 ὲπισπορᾷ
828 915 1233 983 λυμαινόμενοι.

375 1011 448 1067 ς’.
497 1005 658 1058 Ἀλλά
677 1022 741 1071 γε
772 1006 858 1075 δὴ,
886 1008 980 1058 καὶ
1003 1009 1131 1068 τοὺς
1166 1006 1272 1059 ὑπὸ
1298 1005 1686 1076 πρεσϐυτέρων
1715 1006 1874 1077 μύρῳ

303 1096 649 1165 χρισθέντας,
676 1098 1031 1167 ἀναμυρίζειν
1056 1100 1207 1152 αὑτοί
1238 1100 1300 1153 οὑ
1342 1102 1676 1171 πεφρίκασιν
1697 1117 1711 1129 ·
1756 1101 1875 1151 ἑπι-

305 1185 543 1245 σκόπους
563 1187 786 1249 ἑαυτοὺς
819 1187 1260 1257 ἀναγορεύοντες,
1280 1192 1374 1242 καὶ
1401 1190 1463 1242 τὸ
1495 1190 1604 1242 τῶν
1635 1189 1875 1258 πρεσϐυ-

301 1274 476 1341 τέρων
508 1276 735 1345 χρίσμα,
769 1278 1037 1346 ἄχρηστον
1066 1273 1225 1341 εἶναι,
1250 1282 1343 1333 καὶ
1370 1282 1452 1344 είς
1486 1282 1662 1351 μάτην
1695 1284 1875 1334 ἐπιτε-

305 1362 534 1427 λεῖσθαι,
576 1368 1011 1437 τερατευόμενοι.

382 1455 445 1517 ζ’.
476 1451 792 1525 Ἀρ’ἓστιν,
843 1460 902 1521 ὃς
955 1462 1292 1531 τηλικαύτην
1341 1466 1478 1532 ἀκοῇ
1540 1463 1876 1533 παρείληφεν

309 1543 517 1608 ἄνοιαν,
546 1547 611 1615 ἣν
638 1548 982 1617 κατατολμᾷν
1017 1552 1066 1601 οῖ
1104 1550 1452 1619 παράφρονες
1496 1549 1596 1601 οὑκ
1637 1548 1872 1618 ὲνάρκη-

310 1650 450 1699 σαν;
480 1636 617 1697 Τοὺς
644 1636 792 1700 ἅπαξ
819 1637 975 1706 μύρῳ
1013 1638 1337 1708 χρισθέντας
1383 1639 1748 1707 ἀναχρίοντες,
1784 1638 1876 1690 καὶ

310 1725 380 1775 τὰ
407 1724 517 1775 τῶν
550 1726 888 1794 Χριστιανῶν
915 1729 1169 1798 ὑπερφυῆ
1197 1733 1291 1782 καὶ
1315 1729 1434 1781 Θεῖα
1463 1729 1761 1799 μυστήρια,
1796 1731 1875 1792 είς

309 1817 474 1886 λῆρον
510 1819 735 1886 μακρὸν,
764 1821 857 1871 καὶ
885 1820 1093 1871 πλατὺν
1115 1819 1495 1890 ἐξορχούμενοι
1521 1822 1750 1888 γέλωτα.
1768 1822 1873 1874 Καὶ

311 1909 370 1959 τό
392 1925 452 1974 γε
480 1910 641 1975 σοφὸν
663 1910 771 1961 τῶν
792 1910 865 1972 ὡς
891 1911 1105 1979 ἀληθῶς
1128 1886 1408 1980 ἀμυήτων.
1445 1913 1516 1963 Οὑ
1534 1886 1655 1979 γὰρ
1679 1911 1876 1976 ἔξεστι,
1908 1886 1950 1941 Β

312 2000 499 2064 φασὶν,
556 1999 792 2067 ἱερεῦσιν
844 2003 970 2061 τοὺς
998 2001 1353 2069 τελουμένους
1402 2000 1557 2071 μύρῳ
1591 2003 1875 2069 ἁγιάζων*

312 2090 627 2158 ἀρχιερεῦσι
661 2092 766 2160 γάρ
801 2092 980 2160 μόνοις
1012 2094 1271 2162 ἐνομίσθη
1293 2110 1305 2123 ’
1331 2094 1492 2145 πόθεν
1521 2097 1547 2147 ὁ
1582 2094 1739 2163 νόμος
1763 2111 1776 2157 ;
1800 2093 1881 2155 τίς

314 2180 405 2232 δ’ὁ
432 2181 763 2251 νομοθέτης;
808 2187 958 2244 ποῖος
1002 2184 1110 2236 τῶν
1165 2186 1513 2247 ἀποστόλωνς
1550 2186 1657 2237 τῶν
1706 2186 1882 2239 Πατέ-

318 2290 427 2342 ρων
452 2273 540 2338 δέ;
574 2274 711 2327 ἀλλὰ
732 2276 840 2328 τῶν
864 2277 1096 2329 συνόδων
1118 2294 1132 2343 ;
1163 2278 1195 2348 ἢ
1223 2278 1324 2330 ποῦ
1342 2280 1435 2331 καὶ
1455 2279 1584 2331 πότε
1603 2282 1844 2332 συστᾶσα
1865 2298 1879 2345 ;

314 2367 476 2417 τίνων
505 2367 562 2417 δὲ
588 2368 911 2437 κρατήσασα
938 2370 1141 2439 ψήφοις
1161 2387 1176 2434 ;
1200 2370 1299 2422 οὑκ
1318 2370 1525 2435 ἔξεστιν
1562 2372 1697 2441 ἱερεῖ
1728 2371 1885 2442 μύρῳ

316 2460 440 2521 τοὺς
463 2458 893 2530 βαπτιζομένους
928 2463 1280 2531 σφραγίζειν;
1312 2464 1506 2517 οὐκοῦν
1538 2465 1657 2517 οὑδὲ
1690 2465 1885 2535 βαπτί-

319 2554 436 2615 ζειν
465 2555 621 2617 ὅλως,
654 2555 775 2607 οὑδὲ
807 2556 1083 2625 ίερεῖισθαι⁹
1123 2556 1231 2625 ἄρα
1269 2558 1355 2610 ἵνα
1383 2574 1464 2610 σοι
1515 2558 1650 2627 μηδὲ
1694 2557 1887 2627 ἡμίτο-

324 2664 423 2714 μος
461 2648 659 2716 ίερεὺς,
688 2648 805 2700 ἀλλ’
830 2648 1144 2718 ὁλόκληρος,
1180 2650 1259 2710 εἰς
1309 2649 1524 2719 ἀνίερον
1554 2650 1639 2719 εἴη
1688 2650 1888 2719 κλῆρον

321 2737 752 2806 ἀπεληλαμένος.
817 2739 1111 2808 Ἰερουργεῖ
1158 2740 1220 2792 τὸ
1252 2739 1571 2793 δεσποτικὸν
1606 2741 1767 2810 σῶμα
1799 2743 1889 2794 καὶ

324 2825 465 2898 αἷμα
494 2831 754 2900 Χριστοῦ,
786 2833 1029 2893 καὶτοὺς
1063 2832 1232 2885 πάλαι
1267 2832 1801 2903 μυσταγωγηθέντας
1823 2833 1890 2886 δι’

324 2922 503 2974 αὑτῶν
527 2924 871 2992 καθαγιάζει,
892 2925 1007 2986 πῶς
1034 2925 1132 2994 οὑχ
1160 2925 1379 2993 ἀγιάσει
1404 2924 1560 2996 μύρῳ
1581 2926 1746 2996 χρίων
1767 2925 1892 2987 τοὺς

326 3015 422 3067 νῦν
454 3015 843 3085 τελουμένους;
880 3017 1130 3086 βαπτίζει
1156 3019 1184 3069 ό
1214 3019 1415 3087 ἱερεὺς,
1466 3018 1761 3087 καθάρσιον
1794 3018 1894 3069 δῶ-

330 3124 422 3176 ρον
449 3106 525 3175 τῷ
566 3105 945 3177 βαπτιζομένῳ
978 3108 1394 3180 τελεσιουργῶν,
1452 3110 1588 3171 πῶς,
1632 3103 1699 3178 ἦς
1744 3109 1894 3160 τελε-

1976 650 2094 688 rum
2131 630 2531 703 agricolationis
2584 625 2723 695 apud
2758 624 2876 677 illos
2907 628 3176 678 serentes.
3206 626 3263 670 et
3298 615 3533 674 animas,

1976 736 2083 780 tam
2115 722 2431 793 nuperrime
2462 734 2648 774 semen
2681 715 2897 786 pietatis
2920 712 3163 782 proferre
3193 707 3538 777 incipientes,

1951 820 2255 889 'superiore
2284 813 2639 870 seminatione
2668 807 3000 863 zizaniorum
3024 802 3165 857 male
3189 800 3499 871 perdentes.

2043 999 2096 1053 6.
2137 997 2243 1052 Sed
2295 1004 2349 1050 et
2399 994 2694 1050 chrismate
2738 990 2992 1043 inunctos
3041 999 3137 1054 per
3194 981 3537 1037 sacerdotes.

1974 1094 2155 1148 denuo
2186 1091 2479 1145 chrismate
2514 1088 2776 1156 inungere
2805 1098 2915 1136 non
2945 1077 3299 1139 dubitabant;
3331 1089 3453 1128 cum
3485 1088 3543 1124 se

1974 1184 2261 1253 episcopos
2296 1180 2672 1249 praedicarent,
2707 1184 2761 1227 et
2816 1171 3260 1241 presbyterorum
3306 1165 3543 1218 chrisma

1975 1274 2167 1328 inutile
2223 1272 2476 1341 quiddam
2530 1284 2593 1323 ac
2644 1267 2839 1321 frustra
2895 1264 3096 1317 factum
3168 1256 3547 1313 comminisce-

1977 1376 2184 1421 rentur.

2047 1458 2099 1510 '7.
2140 1458 2221 1509 An
2249 1455 2409 1509 talem
2440 1453 2561 1522 quis
2591 1450 2859 1505 insaniam
2912 1444 3203 1514 aliquando
3250 1440 3412 1495 fando
3446 1454 3546 1491 au—

1976 1548 2130 1609 divit,
2167 1561 2326 1614 quam
2358 1560 2465 1597 non
2512 1543 2844 1597 cohorruere
2897 1537 3238 1590 insanientes
3270 1530 3354 1583 isti
3391 1528 3548 1582 facti-

1978 1638 2122 1694 tare?
2170 1649 2227 1691 ut
2253 1638 2419 1691 semel
2448 1635 2568 1688 oleo
2594 1634 2864 1687 delibutas
2897 1644 3085 1682 rursus
3118 1627 3467 1692 inungerent,
3496 1630 3551 1672 et

1976 1741 2204 1801 augusta
2243 1733 2329 1783 illa
2368 1729 2661 1793 divinaque
2706 1723 3139 1777 Christianorum
3189 1713 3439 1785 mysteria
3493 1711 3547 1762 in

1979 1824 2118 1877 bene
2148 1822 2332 1890 longas
2359 1833 2527 1887 nugas
2549 1826 2604 1869 et
2643 1816 2811 1868 risum
2852 1812 3259 1877 lubentiamque
3285 1816 3547 1860 conversa

1981 1914 2372 1983 proculcarent.
2408 1909 2513 1963 Sed
2556 1907 2677 1961 vide
2726 1902 3241 1958 insanctificatorum
3290 1893 3547 1949 fallacias.

1982 2007 2097 2062 Non
2126 2008 2273 2069 licet,
2323 2004 2597 2062 dicebant,
2659 1996 3032 2054 sacerdotibus
3085 1992 3383 2062 baptizatos
3429 1986 3551 2039 oleo

1983 2099 2322 2155 sanctificare
2356 2115 2369 2149 :
2408 2097 2510 2150 hoc
2535 2094 2678 2147 enim
2709 2092 2837 2146 solis
2884 2091 2998 2158 lege
3049 2099 3369 2141 concessum
3433 2080 3550 2148 cpi—

1985 2193 2180 2264 scopis.
2222 2191 2420 2246 Verum
2455 2188 2599 2242 unde
2630 2187 2716 2241 illa
2760 2185 2887 2239 lex?
2929 2182 3060 2247 Quis
3093 2180 3364 2249 legislator
3394 2176 3416 2227 ?
3448 2175 3550 2228 Ec-

1984 2286 2106 2355 quis
2136 2281 2501 2353 apostolorum
2534 2296 2547 2332 :
2579 2278 2673 2333 sed
2696 2293 2761 2330 an
2781 2276 2864 2329 vel
2896 2272 3138 2333 Patrum,
3166 2279 3259 2324 aut
3279 2284 3307 2321 e
3335 2266 3555 2337 synodis

1987 2376 2199 2446 aliqua?
2234 2375 2323 2429 ubi
2360 2373 2597 2443 gentium
2632 2371 2740 2431 illa.
2792 2369 2874 2423 vel
2923 2365 3140 2437 quando
3186 2373 3392 2423 coacta,
3422 2377 3555 2429 quo-

1989 2483 2178 2522 rumve
2207 2467 2347 2520 votis
2373 2465 2576 2518 sancita
2610 2473 2663 2517 et
2686 2458 2993 2530 suffragiis?
3042 2456 3155 2511 Non
3202 2456 3329 2509 licet
3377 2468 3559 2507 sacer.

1989 2560 2121 2627 doti,
2154 2559 2453 2628 baptizatos
2484 2557 2604 2610 oleo
2637 2554 2890 2626 signare?
2944 2552 3105 2605 Certe
3155 2559 3269 2603 tum
3316 2562 3417 2600 nec
3465 2547 3559 2599 ba-

1990 2655 2214 2723 ptizare,
2245 2667 2347 2705 nec
2388 2650 2715 2709 sacriﬁcare,
2758 2656 2920 2715 atque
2953 2646 3019 2698 de
3053 2642 3226 2696 media
3267 2640 3349 2694 sui
3378 2648 3555 2709 parte,

1991 2744 2244 2799 sacerdos
2278 2758 2385 2796 non
2429 2740 2733 2811 perfectus,
2774 2739 2826 2791 in
2883 2745 3083 2791 sortem
3135 2735 3293 2787 abeat
3323 2732 3559 2803 labactus

1994 2836 2293 2907 profanam.
2346 2834 2447 2899 Qui
2509 2848 2705 2901 corpus
2760 2830 3102 2884 Dominicum
3154 2834 3455 2885 consecrat,
3504 2832 3561 2876 et

1991 2928 2194 2982 Christi
2222 2926 2565 2996 sanguinem.
2594 2933 2648 2977 et
2692 2938 2791 2991 per
2830 2920 2916 2973 illa
2962 2920 3082 2973 illos
3128 2914 3432 2972 sanctiﬁcat
3467 2912 3561 2980 qui

1995 3018 2162 3071 sacris
2192 3024 2346 3069 erant
2375 3015 2501 3067 olim
2539 3012 2768 3075 initiati;
2804 3010 2947 3063 unde
2994 3008 3100 3062 erit
3144 3015 3205 3059 ut
3253 3020 3360 3057 non
3415 3004 3560 3057 idem

1995 3108 2293 3164 sanctiﬁcet
2324 3107 2442 3160 oleo
2487 3119 2694 3174 ungens
2731 3100 3175 3157 consummatos?
3215 3098 3453 3165 baptizat
3478 3110 3565 3147 sa-

330 3200 578 3266 σιουργὸς
600 3199 758 3259 αὑτὸς
781 3201 1012 3269 ὑπάρχει
1032 3200 1370 3270 καθάρσεως,
1389 3203 1714 3271 ἀφαιρήσεις
1729 3199 1893 3253 αὑτοῦ
1923 3219 1967 3279 C
1999 3222 2007 3253 ς

1889 3222 1893 3245 ι
1923 3219 1967 3279 c
1999 3202 2209 3264 cerdos,
2232 3201 2432 3253 donum
2453 3196 2805 3267 expiatorium
2826 3195 2879 3247 in
2907 3193 3179 3262 baptizato
3201 3196 3566 3249 consummat;

327 3289 423 3357 τὴν
454 3288 700 3359 φυλακὴν
723 3292 817 3341 καὶ
844 3293 1141 3360 σφραγίδα;
1170 3292 1285 3345 ἀλλ’
1320 3294 1573 3363 ἀφαιρεῖς
1595 3292 1694 3360 τὴν
1726 3309 1896 3360 σφρα-

329 3380 474 3447 γίδα,
514 3380 636 3449 μηδ’
668 3383 961 3451 ὑπηρετεῖν
1016 3384 1349 3454 ἐπιστρέψῃς
1381 3389 1403 3416 ⁸
1460 3383 1540 3452 τῷ
1571 3383 1746 3452 δώρῳ,
1776 3384 1898 3453 μηδ’

332 3475 389 3524 ὲν
419 3472 564 3543 αὑτῷ
596 3491 742 3537 τινας
788 3475 1217 3547 τελεσιουργεῖν,
1250 3477 1336 3528 ἵνα
1371 3493 1431 3528 σε
1461 3478 1709 3547 γυμνοῖς,
1741 3479 1770 3529 ὁ
1808 3476 1898 3539 σὸς

334 3567 533 3635 ἱερεὺς,
554 3567 929 3637 ὲνδιαπρέπων
949 3568 1227 3637 ὀνόμασιν,
1255 3570 1352 3637 τῆς
1373 3568 1545 3638 αὑτῆς
1573 3567 1721 3637 αὑτῷ
1742 3584 1899 3637 χορο-

337 3658 559 3718 στασίας
594 3661 887 3729 κορυφαῖον
916 3656 1083 3732 δείξῃ,
1114 3662 1207 3712 καὶ
1228 3661 1545 3716 ἐπίσκοπον.

410 3927 479 3991 η’.
522 3922 682 3974 Ἀλλά
723 3923 831 3991 γὰρ
874 3923 994 3991 οὑχὶ
1046 3925 1207 3991 μόνον
1237 3926 1317 3985 εἰς
1349 3924 1523 3977 ταῦτα
1569 3927 1903 3993 παρανομεῖν

340 4015 727 4083 ἐξηνέχθησαν,
760 4015 893 4066 ἀλλὰ
944 4016 1038 4067 καὶ
1088 4016 1249 4076 εἴτις
1276 4015 1463 4067 κακῶν
1499 4017 1613 4067 ἐστι
1653 4016 1903 4085 κορωνὶς,

341 4108 544 4177 ταύτην
579 4108 902 4176 ἀνέδραμον.
963 4107 1105 4175 Πρὸς
1154 4107 1260 4175 γάρ
1314 4124 1397 4158 τοι
1429 4110 1540 4168 τοίς
1595 4106 1905 4175 εἰρημένοις

341 4204 678 4269 άτοπήμασι,
710 4201 803 4252 καί
822 4200 884 4251 τὸ
918 4199 1062 4269 ἱερὸν
1093 4198 1183 4251 καὶ
1218 4198 1374 4265 ἆγιον
1398 4197 1687 4267 σύμϐολον,
1716 4198 1742 4250 ὃ
1772 4200 1905 4251 πᾶσι

340 4295 452 4354 τοῖς
483 4292 775 4354 συνοδικοῖς
810 4293 905 4343 κα)⁸
930 4292 1323 4360 οἱκουμενικοῖς
1367 4291 1731 4360 ψηφίσμασιν,
1761 4290 1907 4359 ἅμα·

345 4401 438 4453 χον
469 4383 577 4452 ἔχει
613 4384 710 4451 τὴν
737 4384 910 4451 ἰσχὺν,
938 4383 1111 4444 νόθοις
1140 4383 1441 4451 λογισμοῖς,
1465 4382 1560 4434 καὶ
1593 4385 1908 4452 παρεγγρά-

346 4491 497 4534 πτοις
547 4474 744 4541 λόγοις,
794 4476 889 4526 καὶ
941 4473 1173 4542 θράσους
1217 4473 1513 4543 ὑπερϐολῇ,
1572 4474 1908 4543 κιϐδηλεύειν

1998 3309 2103 3362 qua
2133 3291 2341 3345 ratione
2369 3289 2606 3359 privabis
2656 3287 2804 3340 illum
2840 3284 3085 3338 custodia
3122 3291 3177 3336 et
3218 3280 3391 3348 sigillo
3422 3279 3567 3331 illius

2000 3381 2415 3453 puriﬁeationis,
2450 3378 2608 3448 cujus
2660 3380 2774 3449 ipse
2821 3385 2939 3431 erat
2989 3371 3434 3429 consummator?
3471 3386 3568 3421 ve-

2002 3492 2119 3530 rum
2143 3474 2324 3528 aufers
2359 3473 2616 3542 sigillum,
2655 3486 2758 3525 nec
2803 3470 2947 3525 dono
2991 3466 3193 3537 pateris
3238 3462 3567 3524 subservire,

2000 3584 2102 3623 nec
2130 3567 2338 3635 aliquos
2375 3580 2469 3633 per
2492 3564 2622 3618 illud
2651 3576 3049 3622 consummare,
3087 3568 3146 3612 ut
3187 3557 3333 3610 nudo
3360 3563 3568 3609 tantum

2002 3658 2222 3712 nomine
2263 3668 2387 3710 tuus
2420 3655 2711 3725 insignitus
2765 3652 3040 3713 sacerdos,
3092 3658 3144 3703 te
3191 3648 3407 3717 quidem
3446 3662 3569 3700 cum

2003 3754 2119 3821 ipso
2148 3751 2423 3805 societatis
2461 3759 2516 3804 et
2548 3750 2896 3803 cliorostasize
2933 3746 3278 3815 coryphaeum
3309 3742 3571 3804 declaret,

2004 3855 2057 3899 et
2086 3845 2426 3914 episcopum.

2078 3939 2129 3990 8.
2171 3937 2458 3987 Enimvero
2496 3949 2605 3986 non
2656 3932 2711 3983 in
2762 3930 2878 3984 istis
2924 3938 3131 3981 tantum
3180 3942 3407 3995 peccare
3448 3937 3576 3993 sunt

2006 4027 2232 4089 inducti,
2265 4025 2358 4079 sed
2389 4026 2442 4078 in
2468 4023 2639 4092 ipsam
2673 4020 2966 4089 impietatis
3003 4017 3340 4077 coronidem,
3368 4017 3412 4069 si
3456 4031 3575 4084 qua:

2007 4121 2113 4173 ulla
2144 4126 2247 4177 est,
2278 4118 2636 4171 devenerunt.
2688 4111 2893 4166 Praeter
2927 4110 3071 4164 enim
3122 4119 3445 4161 memoratas
3478 4110 3576 4161 ab-

2007 4211 2298 4266 surditates
2329 4216 2574 4261 sanctum
2605 4214 2660 4259 et
2686 4219 2900 4257 sacrum
2948 4200 3275 4271 symbolum,
3326 4201 3470 4269 quod
3509 4200 3578 4253 ab

2008 4303 2263 4358 omnibus
2291 4299 2752 4354 meumenicorum
2790 4295 3145 4349 conciliorum
3176 4292 3399 4345 calculis
3447 4306 3578 4345 con-

2010 4395 2276 4456 firmatur,
2323 4400 2378 4443 et
2427 4389 2532 4440 vim
2588 4388 2799 4441 obtinet
2853 4384 3271 4445 irresistibilem,
3327 4382 3580 4435 sensibus

2012 4484 2233 4555 spuriis,
2263 4481 2442 4536 verbis
2470 4479 2744 4543 ascititiis,
2779 4492 2897 4546 quze
2940 4490 3151 4529 summa
3186 4473 3288 4527 fuit
3336 4473 3578 4540 ipsorum

347 4565 707 4633 ἐπεχείρησαν
726 4580 740 4594 ο
770 4559 814 4616 ὦ
842 4565 951 4615 τῶν
979 4564 1069 4616 τοῦ
1102 4563 1337 4631 πονηροῦ
1375 4565 1811 4634 μηχανημάτωνῐ
1849 4567 1907 4618 τὸ
1941 4560 1984 4613 D
2013 4592 2024 4628 ε

1905 4593 1907 4610 ι
1941 4560 1984 4613 Ῑ)
2013 4573 2254 4635 audacia,
2311 4569 2652 4623 conabantur
2685 4567 3013 4620 adulterare.
3065 4563 3110 4617 Ο
3152 4561 3582 4616 machinationes

348 4656 571 4724 Πνεῦμα
600 4656 660 4707 τὸ
691 4656 844 4723 ἅγιον
877 4657 977 4708 οὑκ
1001 4659 1064 4707 ὲκ
1098 4654 1192 4706 τοῦ
1218 4656 1426 4725 [ἰατρὸς
1455 4656 1631 4725 μόνον,
1680 4657 1817 4710 ἀλλά
1846 4675 1908 4725 γε

349 4748 444 4800 καὶ
472 4750 536 4799 ὲκ
567 4748 659 4800 τοῦ
691 4748 840 4811 Υἱοῦ,
876 4748 1284 4817 ἐκπορεύεσθαι⁴
1319 4748 1820 4819 καινολογήσαντες.

422 4923 487 4979 θ’.
526 4926 621 4987 Τίς
649 4942 777 4977 ποτε
809 4926 1085 4996 τοιαύτην,
1112 4928 1259 4998 παρά
1286 4927 1392 4981 τῶν
1444 4928 1665 4983 πώποτε
1710 4932 1911 5001 ἀσεϐη-

354 5018 584 5080 σάντων,
645 5018 828 5085 φωνὴν
878 5018 1111 5088 ἡκουσεν
1153 5021 1443 5089 ραγεῖσαν;
1499 5024 1650 5083 ποῖος
1702 5024 1913 5086 σκολιὸς

352 5108 473 5174 δφις
503 5109 582 5169 είς
610 5109 707 5168 τὰς
758 5107 980 5160 ἐκείνων
1032 5110 1260 5179 καρδίας
1296 5109 1451 5162 τοῦτο
1480 5110 1788 5180 ἡρεύξατο;
1819 5114 1915 5177 Τίς

354 5201 489 5262 ὅλως
518 5200 824 5269 ἀνάσχοιτο,
852 5200 959 5253 τῶν
989 5203 1045 5253 ὲν
1084 5202 1426 5271 Χριστιανοῖς
1466 5203 1761 5259 τελούντων
1780 5247 1794 5270 ,
1825 5206 1917 5257 ἐπὶ

354 5295 452 5361 τῆς
481 5294 640 5359 ἁγίας
670 5294 896 5362 Τριάδος
920 5293 1013 5344 δύο
1049 5294 1285 5359 εἰσάγειν
1321 5295 1466 5347 αἴτια
1485 5312 1500 5326 ’
1532 5295 1661 5348 Υίοῦ
1696 5296 1795 5365 μὲν
1824 5298 1917 5349 καὶ

357 5382 692 5449 Πνεύματος,
723 5384 813 5435 τὸν
848 5384 1099 5450 Ιιατέραο
1137 5383 1228 5435 τοῦ
1264 5384 1579 5454 Πνεύματος
1625 5385 1681 5437 δὲ
1733 5386 1913 5452 πάλιν,

354 5475 446 5526 τὸν
476 5475 629 5526 Υἱόν·
677 5475 770 5526 καὶ
799 5477 877 5537 είς
920 5474 1124 5527 διθεῖαν
1161 5476 1260 5545 τὴν
1290 5477 1587 5545 μοναρχίαν
1621 5476 1789 5543 λύειν,
1822 5480 1916 5530 καὶ

359 5566 494 5636 μηδὲ
527 5562 732 5636 ιῆττον
782 5567 879 5635 τῆς
932 5566 1244 5636 Ἑλληνικῆς
1302 5568 1642 5637 μυθολογίας,
1680 5570 1780 5641 τὴν
1811 5570 1917 5622 τῶν

2012 4664 2340 4720 diabolicasl
2376 4659 2637 4729 Spiritum
2686 4665 2932 4712 sanctum
2977 4669 3119 4708 novo
3154 4668 3304 4707 more
3353 4650 3582 4706 commi-

2015 4756 2381 4815 niscebantur,
2436 4766 2549 4805 non
2588 4750 2655 4805 de
2708 4749 2822 4804 solo
2871 4748 3029 4801 Patre
3083 4746 3178 4799 sed
3232 4744 3394 4799 etiam
3447 4741 3582 4795 Filio

2016 4847 2328 4919 procedere.

2084 4939 2135 4993 9.
2179 4936 2311 5002 Quis
2354 4949 2590 5003 unquam
2636 4930 2763 4984 olim
2813 4930 2971 4983 talem
3018 4942 3206 4982 vocem
3258 4924 3461 4979 audivit
3511 4927 3579 4977 ah

2016 5029 2197 5099 impiis
2227 5027 2368 5096 apud
2406 5026 2663 5080 saeculum
2700 5023 2849 5092 prius
2873 5019 3178 5090 prolatam?
3207 5018 3325 5087 quis
3345 5018 3583 5071 lubricus

2017 5120 2207 5190 anguis
2246 5119 2301 5171 in
2335 5118 2572 5187 ipsorum
2607 5115 2769 5168 corda
2806 5114 2907 5167 hoc
2942 5110 3255 5165 eructavit?
3288 5108 3419 5174 Quis
3464 5109 3582 5161 cul-

2019 5212 2094 5266 tni
2151 5211 2399 5264 initiatus
2450 5206 2762 5262 Christiano
2809 5204 2952 5257 ferre
2998 5212 3163 5272 queat
3214 5201 3479 5270 duplicem
3528 5200 3579 5252 in

2018 5302 2214 5356 Triade
2240 5313 2457 5354 causam
2492 5297 2626 5359 dari,
2665 5295 2876 5349 Patrem
2899 5309 3095 5363 nempe
3115 5308 3331 5348 causam
3363 5292 3504 5357 Filii,
3528 5302 3584 5345 et

2023 5394 2293 5463 Spiritus,
2328 5389 2565 5459 Spiritus
2608 5396 2789 5441 antem
2817 5402 3033 5441 causam
3084 5384 3318 5439 Filium?
3357 5385 3460 5438 hoc
3502 5395 3584 5436 est

2025 5483 2395 5539 monarchiam
2426 5482 2482 5534 in
2514 5481 2785 5550 duplicem
2831 5480 3082 5533 deitatem
3118 5478 3349 5539 solvere,
3383 5485 3436 5530 et
3474 5491 3580 5527 non

2024 5578 2202 5631 minus
2228 5590 2386 5645 qnam
2413 5574 2726 5643 gentilitiam
2758 5571 3137 5643 mythologiam
3160 5571 3582 5625 Chr'stiannrum

1662 5706 1889 5761 VARI/IS
1932 5706 2330 5765 LECTIONI‘IS.

438 5848 459 5875 ⁸
497 5840 579 5893 ῖσ.
624 5839 951 5908 ἑπιτρέψεις.
1038 5842 1054 5876 ¹
1098 5841 1182 5894 Iun
1218 5840 1398 5910 μηδέν.
