4248 6444
721 405 823 467 7‘27

1847 403 2108 465 PHOTII
2146 403 2647 469 PATRIARCILE
2685 410 2774 470 (ΣΡ

3846 402 3956 462 728

725 519 1037 587 discerpere
1084 517 1429 585 theologiam.
1485 526 1648 585 atque
1688 516 1762 569 ita
1792 514 2074 570 Trinitatis
2115 516 2286 584 digni-
2316 520 2402 573 Al

2276 544 2286 555 -
2316 520 2360 573 Δ
2392 520 2734 589 Χριστιανῶν
2765 521 3098 590 σπαράττειν
3126 518 3421 586 Θεολογίαν,
3457 510 3551 569 καὶ
3589 510 3689 581 τῆς
3718 510 3953 581 ὺπερου-

728 619 891 663 tatem
915 608 1451 678 supersubstantialis
1479 618 1533 662 et
1569 608 1928 662 mouarchicm
1964 623 2063 676 per
2090 616 2285 660 contu-

728 698 944 752 meliam
994 698 1336 752 imminuere.
1377 698 1483 753 Sed
1523 714 1780 768 quorsum
1828 714 1859 753 e
1906 696 2042 751 Filio
2093 712 2287 767 proce-

727 791 881 844 deret
922 790 1187 860 Spiritus?
1236 789 1291 843 Si
1349 791 1567 859 quidem
1620 790 1888 859 profectio
1935 805 1964 843 a
2006 788 2164 843 Patre
2215 789 2287 843 sit

728 879 966 947 perfecta
997 881 1100 947 (est
1129 888 1307 933 autem
1355 890 1501 933 certe
1536 878 1795 948 perlecta,
1840 880 1968 947 quia
2016 878 2287 946 perfectus

733 971 892 1033 Deus,
926 988 956 1025 tt
987 972 1096 1026 Deo
1127 972 1412 1041 perfecto),
1446 986 1564 1040 quae
1592 979 1771 1025 autem
1810 969 1897 1022 illa
1926 986 1955 1023 a
1992 968 2127 1023 Filio
2159 983 2286 1038 pro-

730 1062 910 1125 lectio,
942 1072 996 1116 et
1025 1077 1186 1132 quam
1218 1065 1288 1117 ob
1327 1062 1475 1116 rem?
1512 1061 1673 1115 Certe
1722 1076 1808 1115 res
1847 1074 2283 1130 supervacanea,

727 1164 890 1225 atque
926 1157 1000 1210 ita
1030 1157 1218 1211 futilis.

800 1249 886 1303 10.
928 1249 1115 1303 Adhuc
1138 1256 1343 1311 autem,
1390 1248 1434 1301 si
1475 1261 1506 1302 e
1555 1247 1692 1302 Filio
1729 1246 1978 1317 procedit
2026 1246 2283 1317 Spiritus.

731 1339 807 1392 uti
839 1348 893 1392 et
926 1354 955 1392 e
982 1337 1173 1403 Patre;
1206 1354 1303 1391 cur
1335 1353 1444 1392 non
1472 1347 1526 1392 et
1556 1338 1721 1392 Filius
1737 1339 1973 1409 gignitur
1997 1353 2028 1392 e
2056 1338 2282 1405 Spiritu,

732 1438 793 1483 ut
818 1445 850 1483 e
883 1430 1072 1483 Patre?
1109 1439 1167 1483 ut
1195 1431 1272 1483 sic
1306 1430 1489 1499 impiis
1524 1431 1707 1483 omnia
1752 1430 1860 1483 sint
1900 1431 2059 1497 plane
2101 1429 2284 1497 impia,

730 1522 833 1575 hoc
860 1531 963 1585 est,
1009 1532 1064 1575 et
1104 1537 1314 1585 sensus,
1362 1533 1523 1590 atque
1559 1536 1773 1587 sermo,
1839 1536 1942 1575 nec
1992 1520 2286 1589 quidquam

732 1612 839 1671 illis
864 1612 1199 1680 relinquatur
1231 1614 1504 1666 inausum.

802 1704 889 1756 ll.
928 1703 1032 1756 Sed
1063 1713 1119 1756 et
1151 1703 1252 1757 hoc
1283 1714 1543 1773 praeterea
1575 1704 1987 1759 consideretur:
2018 1704 2286 1773 siquidem

731 1794 786 1845 in
821 1805 887 1847 eo
930 1794 1072 1862 quod
1111 1810 1140 1847 a
1185 1795 1341 1849 Patre
1387 1791 1625 1865 Spiritus
1669 1798 1944 1865 procedat,
1984 1798 2287 1867 proprietas

732 1884 901 1952 ipsius
930 1895 1287 1954 agnoscatur;
1321 1882 1392 1938 ita
1424 1894 1477 1940 et
1521 1884 1640 1939 Filii
1687 1886 1985 1955 proprietas
2026 1899 2287 1955 agnosca-

730 1984 841 2035 tur.
874 1976 929 2027 in
956 1990 1021 2029 eo
1048 1977 1191 2044 quod
1232 1975 1397 2030 Filius
1429 1986 1741 2046 generatur.
1791 1976 2038 2030 Procedit
2083 1988 2287 2040 autem,

734 2075 794 2120 ut
826 2067 901 2122 illi
929 2069 1180 2133 delirant,
1211 2078 1265 2122 et
1312 2084 1341 2122 a
1388 2067 1522 2122 Filio
1571 2069 1834 2137 Spiritus;
1878 2069 2131 2137 quocirca
2175 2068 2289 2136 plu-

732 2163 881 2216 ribus
934 2165 1355 2233 proprietatibus
1405 2165 1662 2219 dividitur
1724 2165 1957 2234 Spiritus
2002 2180 2034 2217 a
2089 2165 2283 2225 Patre.

730 2271 891 2323 quam
922 2256 1091 2310 Filius
1118 2274 1131 2309 :
1164 2258 1423 2325 siquidem
1461 2270 1744 2325 processus
1778 2254 2012 2324 Spiritus
2037 2270 2104 2309 ex
2137 2254 2287 2323 ipsis,

730 2362 1016 2403 commune
1044 2348 1297 2417 quiddam
1325 2349 1467 2402 Patri
1499 2357 1601 2412 est,
1634 2358 1690 2401 et
1722 2348 1875 2402 Filio.
1904 2347 2136 2417 Spiritus
2160 2362 2290 2416 pro-

731 2440 906 2495 cessio
936 2456 966 2495 e
1005 2440 1160 2493 Patre
1208 2452 1263 2495 et
1307 2458 1337 2495 e
1383 2441 1519 2496 Filio
1564 2451 1646 2495 est
1687 2441 1921 2510 Spiritus
1963 2442 2286 2511 proprietas.

733 2532 885 2597 Quod
935 2534 978 2587 si
1032 2535 1279 2603 pluribus
1322 2534 1593 2589 distantiis
1628 2533 1810 2587 diﬂert
1848 2532 2080 2601 Spiritus
2127 2548 2287 2601 quam

734 2622 919 2686 Filius,
973 2624 1271 2691 proximior
1310 2625 1417 2677 erit
1472 2634 1711 2692 paternae
1757 2623 2068 2677 substantia:
2119 2620 2289 2676 Filius

732 2728 893 2783 quam
922 2724 1006 2768 est
1040 2714 1304 2783 Spiritus;
1350 2724 1513 2782 atque
1563 2714 1634 2768 ita
1683 2715 1897 2767 dentom
1948 2714 2124 2768 audax
2159 2714 2289 2767 illud

734 2802 944 2857 facinus
982 2804 1034 2856 in
1076 2803 1334 2872 Spiritum
1372 2813 1617 2858 sanctum
1657 2803 1951 2857 Macedonii
2004 2814 2285 2873 proreptu-

735 2910 854 2947 rum
910 2903 1013 2957 est,
1071 2896 1350 2949 hominum
1408 2896 1632 2949 istorum
1690 2895 1922 2949 fabulam
1976 2906 2030 2949 et
2071 2910 2289 2949 scenam

734 2986 868 3041 clam
909 2986 1146 3041 subiens.

804 3079 891 3132 12.
933 3078 1157 3148 Insuper
1189 3094 1340 3141 vero,
1372 3079 1421 3132 si
1461 3079 1640 3133 omnia
1671 3077 1850 3132 Patris
1892 3086 1949 3131 et
1976 3077 2095 3131 Filii
2142 3093 2287 3133 com-

734 3170 917 3223 munia
950 3179 1097 3235 sunt,
1130 3181 1275 3224 certe
1316 3180 1369 3225 et
1397 3187 1517 3239 qua:
1565 3171 1823 3239 Spiritum
1867 3179 2113 3239 spectant
2159 3179 2289 3225 sunt
2316 3208 2362 3269 ο

734 3261 895 3313 etiam
923 3260 1265 3323 communia;
1326 3276 1519 3326 nempe
1547 3260 1709 3323 Deus,
1755 3276 1872 3323 rex,
1907 3269 2137 3322 creator,
2171 3277 2290 3315 om-

738 3352 1010 3421 nipotens,
1050 3352 1590 3422 supersubstantiale,
1633 3353 1883 3420 simplex.
1920 3352 2289 3423 infiguratum,

738 3444 1096 3512 incorporale,
1129 3444 1415 3509 invisibile,
1456 3454 1511 3499 et
1581 3446 1902 3514 simpliciter
1948 3446 2051 3499 alia
2084 3447 2289 3500 omnia.

736 3535 891 3601 Quod
921 3537 965 3589 si
1001 3538 1275 3605 processio
1311 3537 1548 3605 Spiritus
1575 3538 1645 3590 sit
1681 3537 1824 3590 Patri
1876 3540 2178 3591 communis
2210 3550 2291 3592 at-

735 3640 842 3695 que
866 3624 1023 3687 Filio,
1048 3636 1159 3679 tum
1188 3641 1221 3679 e
1254 3626 1435 3693 seipso
1472 3626 1727 3694 procedet
1761 3626 2013 3695 Spiritus,
2045 3629 2158 3696 ipse
2187 3628 2290 3682 sibi

739 3718 838 3786 ipsi
900 3718 1223 3786 principium
1271 3718 1394 3781 erit,
1453 3734 1611 3772 causa
1660 3720 1815 3772 simul
1872 3728 1925 3773 et
1972 3732 2290 3783 causatum;

737 3822 896 3875 quam
941 3808 1210 3861 ﬁctionem
1252 3823 1320 3860 ne
1370 3806 1680 3861 Graecorum
1751 3808 1947 3863 fabula:
2006 3810 2291 3864 commini-

737 3908 1039 3953 scerentur.

808 3995 896 4049 15.
934 3996 1157 4049 Accedit
1182 4007 1359 4049 autem
1388 3996 1552 4066 quod,
1576 3997 1619 4050 si
1646 3998 1923 4066 proprium
1954 4000 2024 4051 sit
2060 3998 2293 4067 Spiritus

737 4084 906 4139 solius
972 4086 1024 4138 iu
1081 4085 1294 4141 diversa
1342 4086 1607 4156 principia
1675 4088 1988 4141 relationem
2058 4090 2291 4155 habere,

736 4189 886 4233 certe
917 4180 1086 4233 solius
1120 4179 1225 4233 erit
1258 4178 1491 4247 Spiritus
1524 4180 1847 4249 principium
1892 4181 2093 4235 habere
2149 4183 2291 4235 mul-

736 4269 921 4339 tiplex,
956 4278 1010 4323 et
1040 4285 1147 4323 non
1182 4285 1369 4323 unum.

806 4361 891 4413 14.
935 4362 1158 4421 Addam,
1196 4362 1239 4415 si
1282 4362 1335 4413 in
1378 4362 1574 4430 quibus
1609 4378 1802 4417 novam
1858 4364 2029 4421 Patris
2072 4375 2126 4421 et
2172 4367 2291 4420 Filii

736 4452 1173 4505 communionem
1206 4454 1641 4518 introduxerunt,
1674 4456 1741 4507 ab
1768 4455 1832 4507 iis
1869 4455 1997 4524 ipsis
2031 4455 2292 4526 Spiritum

2388 614 2502 666 σίου
2534 615 2629 666 καὶ
2669 614 3000 684 μοναρχικῆς
3028 614 3255 682 Τριάδος
3286 608 3592 681 ἐξυϐρίζειν
3630 609 3691 662 τὸ
3714 608 3954 676 ἀξίωμα.

2387 704 2486 758 Διὰ
2513 705 2645 757 τίδὲ
2679 706 2772 758 καὶ
2805 704 3165 775 ἐκπορευθείη
3195 691 3301 755 τοῦ
3322 700 3454 755 Υίοῦ
3482 702 3545 754 τὸ
3576 700 3835 768 Πνεῦμας
3889 698 3956 749 Ei

2386 799 2494 867 γὰρ
2514 799 2547 867 ἡ
2573 799 2638 850 ἐκ
2664 796 2758 852 τοῦ
2792 796 3000 867 Πατρδς
3057 795 3381 864 ἐκπόρευσις
3408 791 3591 845 τελεία
3621 788 3822 857 (τελεία
3869 787 3953 851 δὲ,

2384 890 2465 941 ὃτι
2496 889 2628 951 Θεὸς
2658 888 2883 951 τέλειος,
2918 890 2983 940 ἐκ
3016 887 3151 939 Θεοῦ
3170 885 3399 952 τελείου)
3420 884 3502 945 τίς
3529 884 3563 951 ἡ
3605 884 3669 933 ἐκ
3693 879 3789 933 τοῦ
3819 877 3955 931 Υίοῦ

2386 981 2729 1052 ἐκπόρευσις,
2765 982 2858 1035 καὶ
2876 980 2964 1034 διὰ
3002 982 3089 1046 τί;
3134 978 3393 1051 Περιττὸν
3419 975 3527 1046 γὰρ
3558 975 3623 1027 ἂν
3649 972 3732 1043 εῐη
3770 971 3953 1031 τοῦτο,

2387 1072 2485 1125 καὶ
2511 1074 2760 1141 μάταιον.

2461 1258 2513 1306 ι’.
2546 1252 2667 1303 Ἔτι
2710 1250 2789 1312 δὲ,
2832 1253 2880 1304 εί
2930 1249 3291 1319 ἐκπορεύεται
3338 1246 3433 1300 τοῦ
3463 1243 3592 1298 Υἰοῦ
3622 1244 3680 1295 τδ
3703 1240 3954 1309 Πνεῦμα,

2386 1346 2570 1414 ὥσπερ
2602 1345 2665 1395 ἐκ
2698 1344 2907 1413 Πατρός
2930 1359 2943 1371 ·
2971 1342 3024 1396 τί
3052 1342 3125 1412 μὴ
3157 1344 3254 1395 καὶ
3280 1344 3308 1395 6
3336 1340 3463 1401 Υἱὸς
3486 1340 3551 1391 ἐκ
3569 1338 3663 1391 τοῦ
3702 1335 3956 1404 Πνεύμα-

2386 1449 2480 1498 τος
2509 1437 2785 1505 γεννᾶται,
2806 1434 2994 1506 ὥσπερ
3024 1436 3087 1488 ἐκ
3113 1434 3354 1502 Πατρός;
3388 1433 3475 1484 ἵνα
3512 1432 3596 1500 εῐη
3638 1430 3814 1481 πάντα
3842 1431 3957 1488 τοῖς

2387 1530 2675 1584 ἀσεϐοῦσιν
2706 1528 2897 1599 ἀσεϐῆ,
2927 1530 3023 1582 καὶ
3073 1530 3131 1582 al
3180 1527 3420 1597 γνῶμαι,
3452 1525 3549 1578 καὶ
3594 1524 3663 1577 τὰ
3694 1524 3916 1592 ῥήματα
3937 1538 3953 1551 ·

2388 1622 2480 1675 καὶ
2506 1620 2671 1690 μηδὲν
2708 1622 2889 1684 αὐτοῖς
2916 1620 3217 1688 ἁτόλμητον
3242 1618 3577 1671 ὑπολίποιτο.

2461 1713 2547 1767 ια’.
2584 1713 2781 1766 Σκόπει
2812 1713 2869 1765 δέ
2910 1712 3161 1764 κάκεῖνο·
3215 1711 3263 1761 εί
3294 1709 3403 1775 γὰρ
3429 1698 3553 1773 ἐνῷ
3587 1701 3682 1757 τοῦ
3736 1702 3958 1770 Πατρδς

2389 1806 2747 1878 ἐκπορεύεται
2794 1805 2856 1857 τὸ
2913 1802 3158 1871 Πνεῦμα,
3207 1804 3239 1869 ἡ
3286 1800 3483 1866 ἰδιότης
3533 1795 3956 1862 ἐπιγινώσκεται

2391 1898 2587 1951 αὐτοῦ·
2629 1894 2891 1955 ὡσαύτως
2946 1891 3025 1954 δὲ,
3082 1891 3178 1943 καὶ
3203 1891 3261 1941 ἐν
3290 1882 3334 1955 ᾧ
3371 1886 3624 1955 γεννᾶται
3664 1886 3692 1936 6
3722 1885 3869 1947 Υἱὸς,
3920 1886 3953 1951 ἠ

2390 1988 2484 2041 τοῦ
2514 1986 2666 2040 Υίοῦ.
2707 1984 3095 2054 Ἐκπορεύιται
3120 1981 3197 2043 δὲ,
3225 1981 3300 2042 ὼς
3329 1981 3356 2031 6
3382 1979 3607 2032 ἐκείνων
3638 1976 3821 2044 λῆρος,
3862 1979 3958 2027 καὶ

2390 2080 2451 2131 τὸ
2471 2077 2693 2147 Πνεῦμα
2718 2080 2781 2129 ὲκ
2806 2075 2898 2128 τοῦ
2933 2073 3086 2127 Υίοῦ.
3122 2070 3369 2125 Πλείοσιν
3406 2071 3513 2138 ἄρα
3555 2068 3809 2135 ἰδιότησιν
3837 2067 3957 2117 δια-

2392 2170 2665 2224 στέλλεται
2689 2169 2751 2222 τὺ
2780 2167 3004 2237 Πνεῦμα
3033 2166 3125 2218 τοῦ
3156 2165 3383 2235 Πατρός,
3416 2163 3560 2231 ἥπερ
3586 2162 3614 2212 6
3642 2159 3787 2220 Υἱός.
3825 2160 3958 2210 Kci-

2390 2266 2478 2318 νὸν
2510 2261 2607 2335 μὲν
2626 2262 2735 2333 γὰρ
2762 2262 2935 2334 Πατρὶ
2962 2258 3057 2314 καὶ
3086 2259 3220 2326 Υίῷ,
3244 2260 3277 2327 ἡ
3305 2256 3364 2320 ἐξ
3386 2255 3563 2309 αὐτῶν
3584 2250 3678 2304 τοῦ
3708 2250 3956 2317 Πνεῦμα-

2388 2373 2477 2419 τος
2506 2354 2728 2427 πρόοδος
2747 2371 2763 2385 ο
2798 2353 2903 2407 ίδία
2929 2354 2984 2405 δὲ
3009 2351 3101 2404 τοῦ
3134 2348 3519 2419 Πνεύματος,ἥ
3541 2361 3599 2397 τε
3632 2346 3694 2396 ἐκ
3723 2343 3817 2395 τοῦ
3847 2343 3958 2395 Πα-

2388 2450 2516 2519 τρὺς
2540 2450 2884 2517 ἐκπόρευσις,
2921 2447 3015 2497 καὶ
3040 2446 3144 2513 μὴν
3177 2443 3269 2496 καὶ
3311 2443 3432 2512 ήέκ
3469 2439 3563 2493 τοῦ
3614 2436 3767 2490 Υἱοῦ.
3808 2438 3871 2488 Εἰ
3901 2436 3959 2487 δὲ

2392 2543 2633 2595 πλείοσιν
2662 2541 2946 2608 διαφοραῖς
2968 2536 3331 2589 διαστέλλεται
3353 2533 3413 2586 τὸ
3438 2530 3683 2595 Πνεῦμα,
3727 2530 3874 2598 ἥπερ
3930 2530 3959 2578 6

2390 2632 2538 2695 Υἱὸς,
2573 2630 2853 2700 ἐγγυτέρω
2886 2629 2951 2681 ἂν
2982 2626 3069 2696 εἰη
3104 2627 3201 2695 τῆς
3228 2626 3500 2693 πατρικῆς
3534 2622 3721 2683 οὐσίας
3748 2620 3776 2671 ὁ
3805 2619 3958 2681 Υἱὸς,

2390 2726 2533 2795 ἥπερ
2577 2724 2638 2775 τὸ
2700 2722 2954 2791 Πνεῦμα⁶
3005 2719 3101 2772 καὶ
3152 2717 3378 2785 οὖτωςὴ
3407 2715 3740 2769 Μακεδονίου
3770 2712 3958 2770 πάλιν,

2392 2818 2531 2870 κατὰ
2551 2814 2642 2868 τοῦ
2675 2814 3011 2881 Πνεύματος,
3044 2809 3359 2880 παρακύψει
3391 2808 3593 2876 τόλμα,
3634 2806 3696 2857 τὺ
3731 2806 3961 2856 ἐκείνων

2392 2907 2733 2977 ὑποδυομένη
2756 2906 2962 2976 δρᾶμα,
2997 2906 3091 2956 καὶ
3119 2903 3217 2971 τὴν
3240 2901 3464 2969 σκηνήν.

2463 3080 2551 3152 ιβ’.
2582 3082 2789 3142 ’Ἄλλως
2841 3098 2898 3132 τε
2930 3079 3009 3144 δέ,
3038 3079 3087 3131 sl
3123 3078 3300 3131 πάντα
3324 3075 3393 3129 τὰ
3429 3073 3585 3127 κοινὰ
3614 3072 3829 3143 Πατρδς
3861 3075 3962 3127 καὶ

2393 3176 2544 3241 Υίοῦ,
2576 3174 2786 3228 καὶτοῦ
2811 3173 3123 3242 Πνεύματος
3155 3172 3371 3232 πάντως
3407 3169 3639 3237 ὑπάρχει
3670 3165 3846 3219 κοινά*
3880 3164 3961 3227 ὡς

2390 3269 2452 3321 τὸ
2472 3268 2625 3331 Θεὸς,
2655 3266 2714 3317 τὸ
2740 3265 3019 3327 Βασιλεὺς,
3046 3264 3108 3315 τὸ
3136 3260 3474 3333 Δημιουργὸς
3493 3298 3508 3323 ,
3541 3261 3604 3312 τὸ
3638 3257 3961 3326 Παντοκρὰ-

2388 3378 2523 3430 τωρ,
2550 3359 2611 3412 τὸ
2645 3355 3101 3426 ’Υπερούσιον,τὺ
3134 3352 3387 3416 ’Δπλοῦν,
3409 3352 3470 3403 τὺ
3498 3349 3959 3418 ’Δσχημὰτιστον,

2390 3452 2449 3505 τὸ
2494 3449 2825 3519 ⁹Δσὼματον,
2870 3448 2931 3500 τὸ
2970 3446 3242 3515 'Adpa'rov,
3274 3442 3461 3503 ἁπλῶς
3495 3442 3564 3493 τὰ
3591 3440 3725 3493 ἄλλα
3754 3440 3955 3491 πάντα·

2391 3544 2567 3597 κοινὸν
2599 3542 2657 3596 δέ
2686 3540 2897 3610 Πατρὸς
2928 3537 3023 3591 καὶ
3054 3536 3201 3599 Υίοῦ,
3228 3540 3260 3605 ὴ
3290 3536 3383 3589 τοῦ
3414 3534 3745 3603 Πνεύματος,
3778 3531 3840 3594 ἐξ
3860 3532 3963 3583 a6-

2389 3635 2517 3697 τῶν,
2541 3632 2791 3703 πρόοδοςο
2828 3630 2923 3683 καὶ
2948 3629 3007 3695 ἐξ
3031 3628 3223 3682 ἐαυτοῦ
3254 3630 3363 3697 ἄρα
3400 3624 3869 3693 ἐκπορευθήσεται
3898 3623 3962 3674 τὸ

2396 3729 2652 3797 Πνεῐμαο
2695 3725 2789 3776 καὶ
2820 3724 2961 3793 ἁρχὴ
3005 3722 3159 3774 ἔσται
3185 3722 3316 3772 αὐτὸ
3368 3719 3581 3781 ἐαυτοῦ,
3635 3718 3729 3769 καὶ
3782 3716 3959 3767 αἴτιον

2392 3820 2507 3887 ἅμα
2532 3818 2625 3870 καὶ
2652 3815 2908 3868 αἰτιατόν.
2937 3814 3116 3879 Ὅπερ
3149 3812 3257 3865 οὐδ’
3282 3812 3331 3863 οἱ
3356 3811 3465 3862 τῶν
3498 3809 3765 3879 Ἐλλήνων
3795 3806 3959 3877 poem

2392 3912 2783 3966 ἁνεπλάσαντο.

2464 4004 2554 4072 ιγ’.
2621 4003 2781 4057 Ἀλλὰ
2818 4002 2909 4054 καὶ
2935 4002 2983 4053 εί
3019 3999 3180 4069 μόνου
3210 3993 3524 4062 Πνεύματός
3577 3994 3715 4053 ἐστι,
3766 3994 3827 4043 τὸ
3876 3994 3959 4053 είς

2392 4093 2564 4161 ἀρχὰς
2590 4089 2957 4158 ἀναφέρεσθαι
3000 4086 3309 4155 διαφόρους,
3348 4083 3463 4144 πῶς
3492 4081 3589 4133 οὐκ
3635 4081 3749 4132 ἐστι
3791 4081 3958 4150 μόνου

2395 4183 2728 4254 Πνεύματος,
2756 4183 2817 4234 τὸ
2846 4181 3152 4249 πολύαρχον
3184 4178 3330 4244 ἐχειν
3355 4177 3563 4245 ἀρχήνς

2465 4364 2546 4416 ιδ’.
2577 4363 2697 4414 Ἔτι
2730 4360 2806 4421 δὲ,
2841 4359 2887 4410 εί
2934 4359 2991 4409 ἐν
3019 4350 3101 4416 οἷς
3152 4353 3329 4421 Πατρὶ
3361 4352 3455 4405 καὶ
3504 4350 3621 4419 Υίῷ
3666 4348 3957 4401 κοινωνίαν

2393 4452 2848 4523 ἐκαινούργησαν,
2879 4448 2940 4500 τδ
2972 4444 3193 4513 Πνεῦμα
3229 4444 3442 4504 τούτοις
3469 4439 3912 4508 ἀποτειχίζουσιν
3933 4454 3949 4468 ’

735 4542 1057 4606 excludunt;
1084 4552 1138 4595 et
1170 4543 1211 4595 si
1247 4544 1402 4597 Pater
1437 4542 1571 4596 Filio
1618 4560 1713 4612 per
1753 4545 2105 4598 substantiam
2155 4562 2285 4601 cnn-
2317 4557 2358 4609 ι)
2388 4554 2412 4604 Ι

2273 4577 2285 4587 -
2317 4557 2358 4609 ι)
2388 4548 2575 4616 Πατὴρ
2622 4543 2679 4596 δὲ
2706 4541 2826 4594 κατ’
2869 4538 3056 4591 ούσίαν
3107 4532 3239 4604 Υίῷ,
3297 4532 3411 4586 ἀλλ’
3442 4533 3503 4583 οὐ
3554 4531 3694 4583 κατά
3744 4546 3801 4580 τι
3835 4528 3950 4581 τῶν

731 4634 1000 4701 jungitur.
1037 4648 1145 4685 non
1174 4643 1352 4685 autem
1378 4635 1677 4686 secundum
1710 4634 1942 4701 aliquant
1972 4650 2003 4688 e
2038 4637 2283 4704 preprie-

736 4724 967 4786 tatibus;
1016 4724 1272 4792 Spiritum
1314 4740 1527 4792 quoque
1569 4726 2019 4778 circumscribaut
2065 4742 2288 4781 necesse

734 4822 835 4872 est,
867 4813 952 4866 illa
983 4830 1100 4881 qua:
1131 4830 1225 4882 per
1246 4816 1600 4868 substantiam
1642 4825 1723 4869 est
1750 4818 2083 4884 COgnatione.

807 4905 890 4957 15.
930 4904 1090 4958 Vides
1120 4908 1263 4959 enim
1297 4923 1456 4974 quam
1489 4908 1721 4960 inaniter
1750 4909 1858 4973 isti,
1897 4909 1991 4963 sed
2024 4918 2203 4962 tamen
2230 4920 2290 4962 ut

736 4994 944 5049 facilius
969 4998 1149 5064 plures
1180 4997 1303 5050 inde
1335 5008 1705 5066 aucupentur;
1749 5015 1945 5053 nomen
1990 5000 2093 5053 sibi
2125 5001 2287 5055 Chri-

734 5089 968 5141 stianum
999 5090 1390 5157 imposuerunt.
1446 5090 1732 5159 Egreditur
1762 5106 1791 5143 a
1844 5090 1981 5144 Filio
2016 5092 2284 5159 Spiritus;

734 5177 849 5231 Hoc
890 5180 1033 5233 unde
1078 5180 1239 5233 fando
1286 5179 1485 5233 factum
1534 5182 1831 5249 accepisti?
1870 5183 1909 5235 E
1963 5184 2287 5251 quibusnam

735 5269 1041 5337 Evangeliis
1086 5270 1226 5325 banc
1281 5288 1465 5326 vocem
1519 5272 1719 5326 babes?
1754 5272 2046 5341 Cujusuam
2101 5276 2285 5344 synodi

736 5361 1105 5430 blaspliemum
1136 5364 1275 5417 istud
1312 5366 1573 5418 verbum?

806 5454 891 5507 16.
938 5452 1190 5508 Domitius
1223 5472 1285 5509 ac
1316 5456 1454 5510 Deus
1482 5466 1666 5509 noster
1698 5457 1895 5525 inquit,
1932 5456 2156 5525 Spiritus
2198 5460 2287 5526 qui

735 5547 1013 5615 proceditis
1054 5546 1231 5600 Patre.
1255 5548 1415 5602 Istius
1434 5560 1612 5602 autem
1649 5550 1942 5602 novitianac
1999 5550 2288 5617 impietatis

736 5654 983 5711 parentes
1014 5648 1198 5697 aiunt:
1224 5643 1448 5711 Spiritus
1479 5646 1617 5714 quia
1651 5644 1785 5697 Filio
1824 5648 2074 5711 procedit.

803 5821 935 5885 Quis
961 5836 1069 5875 non
1092 5820 1158 5874 ad
1186 5835 1461 5875 enormem
1500 5820 1635 5873 banc
1668 5817 2051 5888 blasphemiam
2101 5817 2285 5872 occlu-

2389 4639 2710 4707 ἰδιωμάτων,
2780 4633 2859 4693 είς
2904 4627 3185 4681 κοινωνίαν
3240 4624 3603 4677 συνάπτεταιο
3657 4621 3757 4687 τῆς
3824 4624 3956 4672 κατ’

2389 4731 2573 4785 οὐσίαν
2601 4726 2704 4796 ἄρα
2738 4720 3077 4788 συγγενείας,
3123 4717 3185 4769 τὸ
3223 4715 3446 4784 Πνεῦμα
3470 4710 3900 4783 περιορίζουσιν.

2462 4910 2544 4959 ιε’.
2590 4903 2774 4971 Ὁρᾷς,
2800 4899 2875 4961 ὡς
2903 4898 3077 4967 μάτην
3110 4888 3277 4951 οὗτοι,
3310 4893 3508 4961 μᾶλλον
3538 4891 3582 4943 δ’
3618 4893 3697 4953 είς
3722 4890 3951 4959 πρόχει-

2393 5015 2483 5068 ρον
2516 4996 2689 5065 θήραν
2721 4992 2827 5043 τῶν
2878 4988 3105 5049 πολλῶν,
3136 4987 3198 5038 τὸ
3223 4984 3330 5037 τῶν
3361 4982 3703 5052 Χριστιανῶν
3735 4985 3953 5042 ἐαυτοῖς

2390 5088 2651 5140 ἐπέθεσαν
2674 5085 2865 5152 ὄνομα.
2906 5078 3288 5149 Ἐκπορεύεται
3314 5076 3374 5128 τὸ
3400 5074 3623 5142 Πνεῦμα
3648 5073 3741 5125 τοῦ
3776 5073 3907 5124 Υἱοῦ
3932 5088 3947 5102 ·

2390 5179 2554 5231 πόθεν
2587 5178 2823 5246 ἤκουσας
2856 5171 3053 5236 τοῦτο;
3084 5172 3149 5221 ἐκ
3191 5168 3359 5221 ποίων
3406 5164 3822 5233 Εὑαγγελιστῶν
3851 5163 3952 5233 τὴν

2390 5269 2572 5339 φωνὴν
2618 5267 2761 5335 ἔχεις
2792 5265 2993 5332 ταύτην
3022 5276 3037 5324 ;
3066 5260 3221 5322 ποίας
3254 5257 3474 5312 συνόδου
3524 5258 3585 5309 τὸ
3625 5255 3950 5326 βλάσφημον

2387 5358 2543 5409 τοῦτο
2572 5357 2756 5425 pina;

2460 5447 2554 5512 ις’.
2594 5448 2651 5499 ’0
2682 5445 2883 5513 Κύριος
2914 5443 3009 5495 καὶ
3037 5440 3167 5498 Θεὸς
3191 5440 3345 5509 ήμῶν
3373 5455 3557 5507 φησιν,
3590 5437 3658 5489 Τὸ
3683 5435 3948 5503 Πνεῦμα,

2389 5541 2419 5592 ὃ
2442 5539 2597 5604 παρὰ
2630 5536 2734 5589 τοῦ
2768 5533 2995 5599 Πατρός
3013 5531 3393 5595 ἐκπορεύεται
3416 5545 3428 5557 ·
3470 5530 3518 5579 οἱ
3543 5527 3597 5578 δὲ
3630 5526 3726 5593 τῆς
3752 5524 3949 5591 καινῆς

2388 5628 2586 5695 ταύτης
2627 5624 2941 5685 δυσσεϐείας
2976 5622 3229 5691 πατέρες,
3268 5620 3339 5673 τὸ
3380 5617 3640 5686 Πνεῦμα,
3678 5616 3863 5684 φησὶν,
3915 5614 3947 5667 ὅ

2389 5723 2547 5790 παρὰ
2584 5720 2689 5773 τοῦ
2717 5719 2849 5773 Υιοῦ
2872 5718 3266 5785 ἐκπορεύεται.

2458 5817 2553 5877 Τίς
2586 5816 2643 5866 οὐ
2700 5813 2903 5866 κλείσει
2931 5812 2997 5863 τὲ
3037 5806 3148 5863 ὦτα
3184 5808 3315 5877 πρὸς
3350 5806 3447 5877 τὴν
3485 5804 3791 5876 ὑπερδολίιν
3839 5803 3941 5872 τῆς
