4248 6444
294 414 401 477 729

1446 420 1978 486 EPISTOLARUM
2010 427 2242 490 LIBER
2279 431 2328 491 Ι.

3425 440 3537 510 730

300 532 656 602 βλασφημίας
693 531 934 602 ταύτης;
984 533 1134 604 Αὕτη
1175 535 1322 588 κατά
1353 535 1463 588 τῶν
1519 538 1868 607 Εὐαγγελίων
1896 548 1939 601 Α
1969 562 1977 594 t

1848 560 1868 594 ν
1896 548 1939 601 Α
1969 543 2061 597 det
2088 545 2287 599 aures?
2332 560 2452 615 qua:
2486 546 2639 618 quasi
2671 556 2776 602 stat
2817 562 2881 603 ex
2925 548 3151 605 adversa
3186 552 3302 607 acie
3346 552 3525 609 Evan-

298 627 537 687 ἵσταται,
584 627 721 697 πρὸς
772 628 871 688 τάς
914 628 1075 695 άγίας
1125 630 1531 699 παρατάσσεται
1582 634 1852 699 συνόδους,

294 720 422 782 τοὺς
452 719 757 789 μακαρίους
808 721 903 773 καὶ
933 720 1124 789 ἁγίους
1147 722 1568 792 παραγράφεται
1593 725 1865 797 Πατέρας,

296 811 393 861 τὸν
432 811 607 879 μέγαν
647 811 983 876 Ἀθανάσιον,
1027 811 1119 864 τὸν
1152 814 1211 865 ἐν
1256 813 1504 885 θεολογίᾳ
1545 816 1866 885 περιϐόητον

300 903 628 973 Γρηγόριον.
655 904 754 972 τὴν
785 904 1065 956 Βασίλειον
1090 905 1187 971 τῆς
1233 904 1559 974 Ἐκκλησίας
1591 906 1781 976 στολὴν
1814 919 1863 970 υ,

301 997 397 1048 τὸν
451 998 624 1064 μέγαν
665 996 977 1059 Βασίλειον,
1016 995 1077 1048 τὸ
1115 996 1350 1066 χρυσοῦν
1400 998 1499 1065 τῆς
1544 997 1865 1067 οἰκουμένης

300 1091 499 1159 στόμα,
547 1089 610 1142 τὸ
654 1090 752 1159 τῆς
808 1091 1002 1157 σοφίας
1072 1090 1327 1158 πέλαγος,
1378 1090 1472 1144 τὸν
1523 1090 1600 1155 ὡς
1655 1091 1869 1162 ἀληθῶς

294 1185 704 1253 Χρυσόστομον.
746 1185 849 1237 Καὶ
872 1186 924 1236 τί
968 1184 1114 1251 λέγω
1146 1184 1236 1237 τὸν
1284 1185 1451 1248 δεῖνα,
1500 1184 1652 1254 ἢτὺν
1684 1186 1864 1251 δεῖνα;

294 1278 440 1330 κατὰ
465 1278 681 1331 πάντων
708 1277 844 1347 ὁμοῦ
861 1278 969 1330 τῶν
994 1279 1167 1346 ἁγίων
1191 1279 1509 1349 προφητῶν,
1531 1280 1865 1342 ἀποστόλων,

296 1370 592 1441 ἰεραρχῶν,
636 1370 949 1441 μαρτύρων,
984 1372 1081 1424 καὶ
1133 1372 1313 1424 αὐτῶν
1369 1372 1478 1424 τῶν
1534 1370 1868 1425 δεσποτικῶν

295 1465 515 1531 φωνῶν,
547 1467 581 1535 ἡ
621 1464 940 1535 βλάσφημος
974 1464 1112 1536 αῦτη
1141 1465 1236 1518 καὶ
1266 1465 1535 1535 θεόμαχος
1574 1465 1726 1536 φωνὴ
1755 1465 1869 1531 ἐξο-

294 1554 571 1619 πλίζεται.

370 1646 456 1710 ιζ’.
483 1648 560 1700 Τὸ
593 1647 818 1718 Πνεῦμα
838 1649 903 1703 ἐκ
932 1648 1027 1702 τοῦ
1050 1649 1182 1704 Υἰοῦ
1206 1649 1566 1719 ἐκπορεύεται
1592 1666 1607 1715 ;
1642 1650 1869 1719 πότερον

290 1740 395 1807 τὴν
426 1741 596 1812 αὐτὴν
642 1743 993 1814 ἐκπόρευσιν,
1034 1745 1065 1814 ἢ
1116 1744 1219 1813 τῆς
1250 1742 1513 1814 πατρῴας
1546 1743 1863 1807 ἀντίθετονς

302 1834 367 1886 Εἰ
401 1834 501 1902 μὲν
526 1835 634 1905 γάρ
659 1835 758 1905 τὴν
800 1837 994 1903 αὐτὴν,
1029 1836 1146 1900 πῶς
1196 1837 1257 1890 ού
1293 1835 1601 1889 κοινοῦνται
1632 1837 1687 1888 αἰ
1746 1835 1867 1888 ἰδιό-

292 1901 491 1992 τητες;
535 1901 621 1987 αἷς
650 1901 746 1979 καὶ
805 1901 997 1996 μόναις
1046 1928 1302 1997 ήΤριάς,
1332 1928 1504 1999 Τριάς
1556 1927 1717 1991 εἶναι,
1774 1928 1867 1980 καὶ
1894 1901 1942 1960 Β

294 2019 744 2087 προσκυνεῖσθαι,
779 2020 1261 2089 χαρακτηρίζεται.
1294 2022 1357 2074 Εἰ
1386 2021 1443 2075 δὲ
1478 2023 1693 2088 ἐκείνης
1721 2022 1868 2075 άντί-

296 2107 477 2173 θετον,
523 2107 641 2172 πῶς
670 2110 802 2178 ἡμῖν
836 2110 897 2162 οὐ
934 2111 1232 2176 Μάνεντες,
1273 2110 1369 2163 κα)⁵
1410 2112 1757 2182 Μαρκίωνες,
1792 2110 1869 2182 τῷ

299 2198 512 2267 ῥήματι
563 2198 757 2267 τούτῳ,
812 2199 1208 2271 προκόπτουσι,
1253 2201 1354 2271 τὴν
1387 2202 1655 2274 θεόμαχον
1686 2204 1868 2267 πάλιν,

298 2290 443 2343 κατά
489 2290 584 2343 τοῦ
627 2291 858 2360 [ἰατρὸς.
908 2292 1004 2345 καὶ
1049 2292 1142 2346 τοῦ
1180 2293 1332 2360 nos,
1373 2293 1624 2362 γλῶσσαν
1650 2297 1870 2365 προτεί-

300 2402 483 2448 νοντες
507 2400 523 2449 ;

379 2477 470 2547 ιη’.
503 2477 647 2546 Πρὸς
672 2476 727 2531 δέ
754 2495 818 2545 γε
854 2480 965 2541 τοῖς
995 2478 1329 2548 εἰρημένοις,
1366 2481 1415 2532 εἰ
1447 2481 1510 2533 ἐκ
1539 2482 1635 2534 τοῦ
1662 2481 1871 2552 Πατρὸς

305 2571 406 2642 μὲν
429 2573 458 2624 ό
487 2571 612 2635 Υἱὸς
638 2573 981 2640 γεγέννηται,
1004 2573 1063 2625 τὸ
1090 2572 1147 2624 δὲ
1181 2572 1401 2642 Πνεῦμα
1432 2576 1494 2626 ἐκ
1523 2572 1616 2626 τοῦ
1640 2575 1867 2642 Πατρδς,

304 2667 403 2719 καὶ
428 2664 523 2718 τοῦ
554 2664 705 2727 Υίοῦ,
733 2665 1127 2733 ἐκπορεύεται·
1165 2665 1236 2728 ὡς
1268 2667 1346 2726 είς
1397 2664 1491 2717 δύο
1540 2664 1716 2727 αἰτίας
1741 2666 1873 2717 ἁνα-

306 2761 631 2831 φερόμενον,
663 2758 785 2812 οὐδὲ
818 2759 878 2810 τὸ
905 2758 1157 2811 σύνθετον
1184 2755 1324 2810 εἶναι
1354 2758 1713 2829 διαδράσειεν.

383 2852 469 2904 ιϐ’.
509 2849 631 2903 Ἔτι
662 2850 741 2914 δὲ,
770 2852 817 2902 εί
850 2851 912 2901 ἐκ
940 2849 1032 2900 τοῦ
1065 2849 1279 2917 [ἰατρὸς
1312 2851 1340 2900 ό
1372 2848 1497 2910 Υἰδς
1526 2847 1871 2917 γεγέννηται,

306 2940 369 2993 τὸ
400 2941 457 2993 δέ
513 2939 736 3007 Πνεῦμα
778 2939 844 2989 ἐκ
881 2936 973 2989 τοῦ
1020 2938 1230 3005 Πατρὸς
1280 2939 1376 2990 καὶ
1429 2937 1522 2990 τοῦ
1553 2937 1682 2990 Υἰοῦ
1710 2939 1874 2989 ἐκπο-

312 3026 554 3097 ρεύεται,
595 3028 678 3090 τίς
726 3030 760 3097 ἡ
786 3027 1108 3096 καινοτομία
1134 3028 1227 3079 τοῦ
1264 3027 1601 3096 Πνεύματος,
1669 3030 1741 3098 μὴ
1784 3028 1878 3081 καὶ

308 3121 499 3192 ἐτερόν
546 3138 600 3173 τι
655 3118 820 3172 αὑτοῦ
877 3118 1348 3189 ἐκπεπορεῦσθαις
1392 3119 1465 3182 ὡς
1526 3119 1875 3187 συνάγεσθαι,

310 3214 456 3269 κατά
480 3212 578 3284 τὴν
608 3212 830 3265 ἐκείνων
860 3210 1126 3279 θεόμαχον
1154 3210 1401 3279 γνώμην,
1438 3211 1512 3280 μὴ
1545 3213 1715 3280 τρεῖς,
1741 3212 1878 3264 ἀλλά
1904 3249 1946 3305 c

310 3307 582 3374 τέσσαρας
613 3304 713 3365 τάς
747 3303 1096 3365 ὑποστάσεις,
1149 3303 1349 3371 μᾶλλον
1376 3302 1420 3355 δ’
1460 3303 1751 3371 ἀπείρους·
1776 3306 1877 3372 τῆς⁵

310 3396 580 3465 τετάρτης
636 3396 823 3457 αὐτοῖς
888 3394 1056 3463 ἀλλην
1120 3392 1563 3462 προδαλλούσης,
1621 3394 1879 3463 κάκείνης

314 3490 480 3543 πάλιν
533 3488 745 3558 ἑτέραν,
784 3486 976 3557 μέχρις
1011 3486 1079 3539 ἂν
1110 3486 1190 3549 εἰς
1224 3485 1323 3556 τὴν
1378 3484 1665 3554 ἐλληνικὴν
1717 3485 1881 3539 πολυ-

314 3582 552 3651 πληθίαν
583 3580 877 3633 ἐκπέσωσι.

387 3680 458 3727 κ’.
494 3670 634 3742 Πρὸς
691 3668 749 3724 δέ
796 3686 860 3736 γε
918 3670 1030 3731 τοῖς
1076 3668 1405 3738 εἰρημένοις,
1431 3667 1655 3721 κάκεῖνο
1704 3668 1768 3721 ἀν
1798 3684 1883 3729 τις

318 3763 767 3830 ἐπισκοπήσειεν,
796 3759 871 3822 ὼς
916 3759 1078 3827 εἰπερ
1106 3760 1139 3826 ἡ
1167 3758 1261 3810 τοῦ
1300 3759 1637 3826 Ιινεύματος,
1700 3760 1764 3810 ἐκ
1790 3758 1883 3811 τοῦ

322 3854 555 3924 Πατρδς,
589 3852 835 3922 πρόοδος,
870 3853 947 3913 εἰς
983 3849 1216 3919 ὓπαρξιν
1252 3850 1495 3902 συντελεῖ
1519 3866 1533 3880 ο
1568 3849 1620 3901 τί
1651 3849 1885 3902 συνοίσει

322 3947 397 4017 τῷ
424 3946 702 4013 Πνεύματι
731 3946 765 4014 ἡ
796 3946 859 3995 ἐκ
896 3942 989 3996 τοῦ
1024 3944 1153 3996 Υἱοῦ
1182 3943 1529 4012 ἐκπόρευσις,
1557 3944 1655 4010 τῆς
1686 3960 1884 4013 πατρι-

328 4039 431 4106 κῆς
464 4036 739 4106 ἀρκούσης
780 4036 859 4095 εἰς
894 4035 1159 4104 ὓπαρξινς
1204 4036 1277 4087 Ού
1310 4035 1418 4103 γάρ
1452 4052 1555 4099 τις,
1592 4036 1671 4097 εἰς
1702 4034 1887 4103 ἕτερόν

332 4150 407 4193 τι.
441 4132 548 4183 τῶν
595 4129 724 4199 περὶ
762 4129 859 4199 τὴν
885 4129 1095 4191 οὐσίαν,
1138 4127 1426 4192 συντελεῖν,
1459 4128 1886 4196 κατατολμήσειε

329 4224 510 4291 λέγειν
534 4239 546 4251 ·
587 4223 769 4289 πάσης
800 4219 1048 4289 διπλόης,
1078 4220 1173 4271 καὶ
1224 4220 1543 4282 συνθέσεως,
1577 4220 1675 4287 τῆς
1709 4236 1887 4287 μακα-

328 4314 449 4385 ρίας
499 4312 595 4365 καὶ
644 4310 794 4374 θείας
822 4310 1035 4378 ἐκείνης
1065 4309 1300 4377 φύσεως,
1338 4308 1413 4372 ὡς
1460 4309 1734 4363 ἀπωτάτω
1776 4326 1889 4361 κει-

538 4494 721 4563 Χωρίς
754 4494 811 4547 δὲ
861 4493 968 4545 τῶν
1002 4493 1327 4563 εἰρημένων,
1373 4494 1423 4545 εἰ
1464 4496 1572 4546 πᾶν
1626 4494 1764 4564 ὅπερ
1818 4495 1888 4563 μή

1971 637 2130 706 gelio,
2159 647 2469 693 exarmatur
2514 648 2700 693 contra
2736 655 2917 696 sacras
2957 642 3214 713 synodos,
3250 645 3435 700 beatos
3476 656 3531 701 et

1969 741 2185 785 sanctos
2242 730 2430 787 Patres
2489 732 2755 797 falsiﬁcat,
2815 748 3010 805 nempe
3068 752 3322 806 magnum
3377 738 3529 794 illum

1969 824 2369 889 Athanasium,
2410 828 2693 898 theologia:
2742 827 2900 883 titulo
2944 829 3288 885 decantatum
3324 831 3526 903 Grego-

1966 919 2131 984 rittm,
2166 918 2420 973 Basilium
2447 920 2593 975 illum
2617 920 2874 976 Ecclesia:
2901 937 3028 975 vere
3063 923 3264 991 regiam
3311 924 3525 987 stolam.

1967 1028 2194 1066 aureum
2238 1013 2387 1067 orbis
2436 1028 2518 1077 os,
2556 1028 2683 1067 vere
2730 1013 3175 1084 Chrysostomum
3202 1055 3215 1078 ,
3251 1016 3528 1084 sapientiw

1968 1104 2095 1157 illud
2117 1104 2355 1175 pelagus.
2376 1102 2513 1169 Quid
2539 1112 2719 1158 autem
2738 1106 2885 1159 hunc
2904 1103 2988 1158 vel
3012 1105 3159 1159 illum
3186 1107 3530 1175 compellem?

1966 1194 2165 1248 Contra
2193 1209 2384 1248 omnes
2414 1194 2636 1247 omnino
2652 1203 2869 1248 sanctos
2892 1195 3205 1264 prophetas,
3236 1198 3526 1265 apostolos.

1968 1287 2298 1351 sacerdotes,
2329 1300 2615 1357 martyres,
2646 1297 2701 1341 et
2732 1288 2902 1356 ipsius
2926 1291 3089 1342 etiam
3117 1289 3325 1344 Domini
3346 1306 3526 1351 voces,

1966 1379 2281 1449 blasphema
2305 1378 2439 1436 hac.
2482 1386 2537 1433 et
2586 1378 2693 1433 Deo
2734 1378 2937 1434 bellum
2979 1379 3245 1445 indicens,
3287 1398 3390 1435 vox
3435 1396 3530 1435 ex-

1966 1482 2172 1527 armatu
2182 1488 2222 1527 Γ.

2040 1652 2130 1706 l7.
2171 1650 2406 1723 Spiritus
2452 1652 2706 1707 nimirum
2741 1653 3037 1723 procedite
3064 1651 3234 1706 Filio?
3269 1653 3531 1707 Utrumne

1966 1745 2153 1799 eadem
2199 1745 2567 1813 processione,
2622 1761 2688 1798 an
2739 1761 2804 1798 ex
2862 1745 3088 1799 adversa
3137 1746 3467 1815 processioui
3502 1763 3532 1798 a

1971 1834 2166 1890 Patre?
2206 1836 2249 1890 si
2308 1837 2524 1900 eadem,
2578 1836 2851 1907 quomodo
2903 1853 3011 1890 non
3063 1837 3535 1891 communicantur

1971 1927 2347 1996 proprietates,
2387 1942 2414 1979 a
2443 1926 2640 1994 quibus
2669 1934 2848 1980 tamen
2881 1925 3008 1979 solis
3040 1924 3274 1978 Trinitas
3305 1936 3358 1979 et
3390 1942 3531 1989 esse,

1969 2028 2024 2072 et
2050 2019 2259 2073 adorari
2292 2018 2659 2073 characterem
2696 2018 2960 2072 sortitur?
2990 2018 3072 2071 sin
3098 2018 3367 2070 contraria
3398 2034 3535 2085 qua-

1971 2111 2091 2165 dam
2122 2112 2217 2177 illi,
2245 2112 2517 2181 quomodo
2549 2127 2656 2165 non
2684 2112 2786 2165 hac
2846 2126 2940 2165 sua
2967 2111 3270 2164 assertione
3296 2110 3534 2166 Manetes

1970 2217 2025 2259 et
2048 2205 2349 2259 Marciones
2375 2205 2772 2275 procuduntur,
2803 2204 2893 2273 qui
2925 2205 3036 2257 Deo
3061 2205 3261 2258 bellum
3293 2206 3537 2259 indicen-

1973 2308 2079 2351 tem
2107 2298 2365 2366 linguam,
2405 2304 2593 2351 contra
2625 2294 2841 2350 Patrem
2865 2307 2920 2351 et
2964 2295 3157 2350 Filium
3203 2313 3396 2351 rursus
3443 2312 3539 2351 ex-

1971 2404 2190 2444 seruere
2208 2390 2231 2441 ’ί

2044 2482 2129 2536 18.
2174 2483 2394 2537 Accedit
2420 2482 2483 2536 ad
2511 2482 2806 2551 praemissa,
2828 2481 2872 2535 si
2893 2497 2923 2536 e
2951 2482 3106 2536 Patre
3131 2481 3347 2551 quidem
3375 2482 3541 2535 Filius

1975 2584 2284 2646 generatur,
2313 2575 2656 2645 Spiritusque
2685 2576 2933 2646 procedit
2962 2590 2991 2629 e
3014 2574 3173 2629 Patre
3202 2584 3257 2629 et
3286 2574 3438 2638 Filio.
3485 2576 3536 2629 ia

1975 2669 2243 2738 duplicem
2274 2671 2603 2724 exsistentize
2636 2685 2749 2724 suae
2777 2685 2997 2724 causam
3029 2669 3253 2734 relatus,
3281 2684 3387 2721 non
3413 2684 3541 2722 eva-

1976 2762 2087 2827 det,
2116 2763 2247 2831 quin
2283 2777 2337 2817 et
2366 2763 2697 2832 compositus
2735 2762 2978 2817 exsistat.

2049 2855 2136 2908 19.
2178 2855 2370 2909 Adhuc
2411 2856 2453 2908 si
2504 2871 2533 2909 e
2562 2855 2721 2909 Patre
2754 2863 3044 2925 generatur
3088 2855 3294 2914 Filius.
3335 2856 3376 2909 si
3419 2857 3509 2925 Spi

1978 2948 2114 3003 ritus
2164 2964 2195 3001 e
2248 2949 2409 3003 Patre
2444 2949 2691 3017 procedit
2738 2960 2789 3002 et
2861 2947 3018 3010 Filio,
3065 2964 3313 3017 quasnam
3362 2949 3545 3002 evenit

1981 3054 2115 3093 nova
2146 3038 2443 3101 innovatio,
2476 3039 2773 3107 quominus
2800 3037 2869 3091 ab
2898 3038 3016 3107 ipso
3073 3037 3218 3091 aliud
3248 3038 3545 3107 procedat?

1980 3131 2057 3185 lta
2091 3129 2508 3193 constituentur,
2546 3130 2697 3198 juxta
2729 3129 3101 3198 hlasphemam
3137 3129 3276 3184 hanc
3304 3130 3542 3199 ipsorum

1979 3224 2330 3282 sententiam,
2360 3238 2469 3276 non
2493 3230 2603 3275 tres
2633 3222 2950 3292 hypostases
2974 3221 3123 3285 solae,
3171 3221 3268 3275 sed
3291 3230 3544 3291 quatuor,

1979 3314 2024 3367 si
2084 3330 2192 3368 non
2234 3314 2413 3383 potius
2465 3314 2708 3377 inﬁnitae,
2756 3323 2816 3368 ut
2857 3321 3045 3384 quarta
3097 3313 3255 3367 aliam
3313 3313 3545 3374 emittat.

1979 3404 2069 3458 illa
2100 3404 2285 3458 itidem
2313 3404 2504 3465 aliam.
2538 3404 2839 3473 usquedum
2886 3405 2941 3459 in
2983 3404 3395 3474 multiplicatam
3442 3403 3544 3457 Pa-

1980 3512 2242 3567 ganorum
2271 3497 2613 3552 divinitatem
2637 3498 2975 3553 deveniatur.

2052 3675 2143 3731 20.
2186 3675 2388 3729 Practer
2434 3676 2711 3745 superiora
2738 3718 2753 3739 ,
2801 3684 2857 3729 et
2926 3675 3032 3728 hoc
3092 3671 3546 3727 considerandum

1984 3770 2149 3838 quod,
2175 3767 2218 3822 si
2270 3767 2545 3836 processio
2596 3765 2832 3836 Spiritus
2862 3781 2893 3819 e
2939 3766 3097 3819 Patre
3146 3764 3201 3817 in
3248 3763 3549 3816 substantia

1986 3858 2397 3920 determinetur,
2431 3858 2689 3925 quidnam
2724 3854 2974 3924 Spiritui,
2999 3869 3204 3923 quaso,
3230 3852 3450 3907 accedet
3482 3852 3551 3904 ab

1987 3950 2077 4003 illa
2114 3948 2181 4002 de
2208 3948 2341 4001 Filio
2376 3948 2745 4016 processione,
2776 3962 2897 3999 cum
2931 3946 3208 4015 processio
3233 3952 3453 4013 paterna
3484 3944 3551 3997 ad

1987 4043 2275 4097 essentiam
2309 4039 2576 4095 sufﬁciat?
2613 4038 2783 4092 Nemo
2818 4038 2962 4092 enim
3014 4053 3079 4091 eo
3122 4039 3358 4090 audacia:
3387 4038 3549 4090 deve-

1988 4134 2121 4196 niet,
2150 4132 2363 4201 opinor,
2390 4139 2448 4183 ut
2492 4127 3039 4182 aﬂirmetconducere
3067 4124 3131 4179 ad
3155 4125 3353 4194 aliquid
3384 4123 3549 4188 aliud,

1990 4240 2173 4279 eorum
2204 4238 2324 4293 qua:
2354 4229 2478 4277 sunt
2503 4222 2646 4275 circa
2677 4220 3059 4282 substantiam,
3102 4233 3227 4274 cum
3258 4217 3555 4287 duplicatio

1991 4317 2195 4389 quaevis
2226 4314 2544 4386 compositio
2576 4315 2643 4369 ab
2670 4314 2757 4367 illa
2792 4322 2985 4368 natura
3020 4312 3202 4367 divina
3236 4325 3397 4381 quam
3432 4310 3556 4362 lou-

1993 4409 2211 4481 gissime
2237 4416 2605 4461 removentur.

2064 4498 2153 4553 2L
2196 4496 2393 4550 Praeter
2442 4495 2770 4564 supradicta,
2798 4495 2843 4550 si
2899 4510 3061 4549 omne
3114 4496 3257 4563 quod
3311 4512 3420 4552 non
3474 4510 3556 4553 est

334 4594 450 4647 ἐστι
485 4593 662 4646 κοινὸν
688 4592 788 4660 τῆς
824 4594 1329 4663 παντοκρατορικῆς
1358 4592 1454 4645 καὶ
1481 4593 1766 4660 ὁμοουσίου
1797 4595 1890 4644 καὶ
1918 4590 1971 4649 D
1997 4607 2011 4644 ‹

1879 4600 1890 4644 ι
1918 4590 1971 4649 D
1997 4604 2286 4645 commune
2315 4586 2565 4642 Triuitati
2604 4587 2679 4641 illi
2712 4586 3227 4656 omnipotestativm,
3259 4588 3556 4643 homousiaa

332 4683 643 4754 ὑπερφυοῦς
671 4684 919 4753 Τριάδος,
951 4684 1068 4746 ἐνός
1091 4686 1205 4735 ἐστι
1240 4686 1397 4751 μόνου
1421 4683 1530 4735 τῶν
1556 4684 1723 4751 τριῶν
1749 4701 1762 4713 ·
1797 4684 1893 4736 οὐκ

330 4774 446 4826 εστι
474 4774 532 4826 δὲ
562 4772 703 4843 ήτοῦ
725 4772 863 4826 Πνεύ
878 4790 1044 4842 ματος
1072 4773 1331 4841 προϐολὴ,
1364 4774 1540 4825 κοινὸν
1560 4774 1667 4825 τῶν
1689 4774 1856 4843 τριῶν
1877 4790 1891 4804 ⁶

332 4865 450 4926 ἐνὸς
475 4865 582 4933 ἀρα
613 4865 759 4916 ἐστὶν
789 4864 948 4932 μόνου
976 4863 1084 4914 τῶν
1115 4863 1299 4933 τριῶν,
1327 4864 1461 4916 Πότε
1473 4881 1561 4934 ρον
1584 4861 1675 4917 οῦν
1710 4868 1773 4919 ὲκ
1801 4867 1893 4919 τοῦ

333 4956 549 5025 Πατρδς
607 4957 869 5023 φήσουσιν
932 4953 1328 5024 ἐκπορεύεσθαι
1382 4956 1441 5007 τὸ
1482 4955 1738 5025 Πνεῦμα;
1801 4958 1895 5009 καὶ

332 5048 452 5110 πῶς
500 5048 602 5100 οὐκ
636 5047 983 5117 ἐξομόσονται
1029 5046 1125 5116 τὴν
1172 5047 1331 5115 φίλην
1370 5049 1554 5109 αὐτοῖς
1596 5051 1685 5100 καὶ
1710 5050 1892 5119 κοινὴν

338 5138 764 5209 μυσταγωγίαν;
797 5139 859 5191 Εἰ
910 5138 965 5190 δὲ
1020 5140 1083 5192 ἐκ
1118 5139 1213 5191 τοῦ
1248 5139 1399 5203 Υίοῦ,
1425 5141 1477 5192 τί
1515 5140 1586 5208 μὴ
1616 5142 1893 5211 καταρχὰς

334 5232 648 5303 ἐθάρρησαν
693 5232 874 5285 αὐτῶν
908 5231 1038 5303 ὃλην
1069 5232 1374 5301 ἐκκαλύψαι
1421 5232 1517 5302 τὴν
1562 5233 1889 5301 θεομαχίαν;

334 5322 409 5381 ὡς
437 5323 498 5374 ού
537 5322 696 5389 μόνον
737 5322 829 5374 τὸν
873 5322 997 5374 Υἱὸν
1030 5324 1109 5383 εἰς
1143 5322 1243 5391 τὴν
1273 5322 1367 5373 τοῦ
1408 5321 1722 5391 Πνεύματος
1759 5339 1892 5390 προ-

336 5414 497 5483 ϐολὴν
544 5415 962 5483 ἐγκαθιστῶσιν,
994 5415 1130 5466 ἀλλά
1180 5416 1272 5467 καί
1305 5414 1397 5467 τοῦ
1448 5415 1660 5483 Πατρὸς
1688 5414 1892 5483 ταύτην

335 5508 696 5577 ἀφαιροῦνται
719 5523 733 5538 ·
762 5501 842 5569 οἷς
869 5506 1158 5559 ἀκόλουθον
1187 5508 1249 5578 δή
1296 5525 1419 5569 που,
1456 5510 1551 5559 καὶ
1576 5508 1672 5576 τὴν
1706 5507 1892 5573 γέννη-

338 5615 422 5651 σιν
450 5601 515 5668 τῇ
540 5597 776 5669 προϐολῇ
815 5598 1337 5668 συμμετατιθέντας,
1373 5600 1503 5671 μηδὲ
1549 5598 1638 5651 τὸν
1669 5598 1796 5650 Υἰὸν
1832 5599 1895 5649 ἐκ

1992 4690 2046 4736 et
2078 4680 2495 4750 supernaturali,
2530 4679 2690 4732 unius
2715 4678 2882 4731 solius
2904 4688 2986 4732 est
3007 4679 3284 4747 proprium
3305 4694 3334 4733 e
3359 4680 3555 4744 tribus;

1993 4772 2267 4844 processio
2326 4780 2507 4823 autem
2564 4768 2793 4836 Spiritus
2840 4784 2950 4821 non
2989 4778 3071 4823 est
3125 4770 3300 4824 tribus
3354 4770 3555 4838 aliquid

1993 4878 2312 4926 commune;
2344 4861 2565 4914 omuiuo
2600 4859 2704 4913 erit
2736 4860 2899 4913 unius
2930 4858 3098 4913 solius
3150 4875 3179 4914 e
3232 4860 3406 4913 tribus
3428 4875 3556 4929 pro-

1995 4956 2191 5026 prium.
2218 4952 2406 5007 Utrum
2431 4952 2590 5021 igitur
2612 4949 2957 5004 ailirmabunt
2979 4948 3237 5018 Spiritum
3262 4950 3557 5019 procedere

2000 5061 2029 5100 e
2060 5047 2235 5107 Patre,
2273 5060 2340 5097 an
2396 5041 2719 5105 non?Quod
2767 5041 2810 5094 si
2864 5048 3081 5103 autem,
3126 5040 3397 5108 quomodo
3445 5055 3556 5093 non

1999 5136 2307 5191 necessario
2345 5132 2630 5202 ejerahuut
2668 5132 2811 5185 illam
2858 5145 3009 5183 suam
3041 5130 3289 5184 dilectam
3316 5130 3471 5192 adeo,
3502 5138 3557 5183 et

1999 5241 2338 5282 communem
2371 5224 2792 5295 mySIagogiam?
2820 5222 2977 5288 Quod
3016 5224 3061 5277 si
3087 5224 3269 5276 dicant
3309 5237 3339 5276 e
3397 5222 3558 5285 Filio,

1999 5336 2096 5375 cur
2149 5335 2258 5373 non
2312 5318 2380 5371 ab
2428 5316 2584 5370 initio
2620 5332 2684 5371 eo
2729 5317 2968 5386 provecti
3020 5324 3147 5371 sunt
3203 5316 3462 5378 audaciae.
3496 5325 3560 5369 ut

1999 5421 2165 5466 totam
2196 5425 2345 5464 suam
2374 5408 2759 5477 blasphemiam
2789 5407 2947 5463 simul
3005 5407 3352 5460 revelarent?
3381 5414 3439 5459 ut
3462 5406 3554 5474 qui

2000 5520 2108 5558 non
2140 5513 2345 5557 tantum
2386 5500 2580 5555 Filium
2625 5502 2690 5556 ad
2737 5500 3149 5571 productionem
3198 5498 3430 5565 Spiritus
3463 5496 3559 5549 ad.

2001 5596 2239 5660 mittant,
2273 5595 2367 5651 sed
2393 5595 2602 5650 Patrem
2653 5594 2869 5665 privent
2921 5591 3137 5663 penitus
3165 5590 3383 5660 quidem
3427 5602 3561 5658 pro-

1589 5755 1819 5812 VARIA‘J
1851 5752 2261 5811 LECTIONES.

410 5893 438 5921 τι
469 5882 523 5934 Io
541 5924 554 5937 .
586 5880 803 5951 στύλην.
