  <div class='ocr_page' id='page_1' title='image "/cluster/home/n/w/nwhite01/storage/ocr_20150623/102/nnc1.0046979620/375.png"; bbox 0 0 4248 6444; ppageno 0'>
   <div class='ocr_carea' id='block_1_1' title="bbox 765 370 861 434">
    <p class='ocr_par' dir='ltr' id='par_1_1' title="bbox 765 370 861 434">
     <span class='ocr_line' id='line_1_1' title="bbox 765 370 861 434; baseline -0.021 0"><span class='ocrx_word' id='word_1_1' title='bbox 765 370 861 434; x_wconf 78' lang='lat'><strong>73!</strong></span> 
     </span>
    </p>
   </div>
   <div class='ocr_carea' id='block_1_2' title="bbox 1927 379 2868 444">
    <p class='ocr_par' dir='ltr' id='par_1_2' title="bbox 1927 379 2868 444">
     <span class='ocr_line' id='line_1_2' title="bbox 1927 379 2868 444; baseline 0.007 -7"><span class='ocrx_word' id='word_1_2' title='bbox 1927 379 2186 438; x_wconf 82' lang='lat' dir='ltr'><strong>PHOTII</strong></span> <span class='ocrx_word' id='word_1_3' title='bbox 2227 379 2726 442; x_wconf 54' lang='lat' dir='ltr'><strong>PATRlARCl&#39;I/E</strong></span> <span class='ocrx_word' id='word_1_4' title='bbox 2764 385 2868 444; x_wconf 70' lang='grc' dir='ltr'><strong>(ΞΡ.</strong></span> 
     </span>
    </p>
   </div>
   <div class='ocr_carea' id='block_1_3' title="bbox 3902 399 4013 464">
    <p class='ocr_par' dir='ltr' id='par_1_3' title="bbox 3902 399 4013 464">
     <span class='ocr_line' id='line_1_3' title="bbox 3902 399 4013 464; baseline -0.009 -1"><span class='ocrx_word' id='word_1_5' title='bbox 3902 399 4013 464; x_wconf 79' lang='lat'><strong>732</strong></span> 
     </span>
    </p>
   </div>
   <div class='ocr_carea' id='block_1_4' title="bbox 765 484 2442 577">
    <p class='ocr_par' dir='ltr' id='par_1_4' title="bbox 765 484 2442 554">
     <span class='ocr_line' id='line_1_4' title="bbox 765 484 2442 554; baseline 0.004 -15"><span class='ocrx_word' id='word_1_6' title='bbox 765 486 1043 540; x_wconf 93' lang='lat' dir='ltr'><strong>ductione.</strong></span> <span class='ocrx_word' id='word_1_7' title='bbox 1107 484 1280 552; x_wconf 86' lang='lat' dir='ltr'><strong>Quem</strong></span> <span class='ocrx_word' id='word_1_8' title='bbox 1343 487 1559 542; x_wconf 86' lang='lat' dir='ltr'><strong>demum</strong></span> <span class='ocrx_word' id='word_1_9' title='bbox 1620 491 1868 544; x_wconf 90' lang='lat' dir='ltr'><strong>ordinem</strong></span> <span class='ocrx_word' id='word_1_10' title='bbox 1929 500 2327 554; x_wconf 82' lang='lat' dir='ltr'><strong>consectantes,</strong></span> <span class='ocrx_word' id='word_1_11' title='bbox 2360 496 2442 551; x_wconf 82' lang='grc' dir='ltr'><strong>Α·</strong></span> 
     </span>
    </p>
   </div>
   <div class='ocr_carea' id='block_1_5' title="bbox 2329 484 4006 577">
    <p class='ocr_par' dir='ltr' id='par_1_5' title="bbox 2360 492 4006 577">
     <span class='ocr_line' id='line_1_5' title="bbox 2360 492 4006 577; baseline 0.013 -34"><span class='ocrx_word' id='word_1_12' title='bbox 2360 496 2404 551; x_wconf 82' lang='grc' dir='ltr'>Α</span> <span class='ocrx_word' id='word_1_13' title='bbox 2432 492 2527 544; x_wconf 75' lang='grc' dir='ltr'>τοῦ</span> <span class='ocrx_word' id='word_1_14' title='bbox 2558 495 2789 564; x_wconf 79' lang='grc' dir='ltr'>Πατρδς,</span> <span class='ocrx_word' id='word_1_15' title='bbox 2822 496 2958 550; x_wconf 79' lang='grc' dir='ltr'><strong>ἀλλά</strong></span> <span class='ocrx_word' id='word_1_16' title='bbox 2988 499 3081 551; x_wconf 78' lang='grc' dir='ltr'><strong>τὸν</strong></span> <span class='ocrx_word' id='word_1_17' title='bbox 3122 501 3344 573; x_wconf 85' lang='grc' dir='ltr'>Πατέρα</span> <span class='ocrx_word' id='word_1_18' title='bbox 3374 507 3755 577; x_wconf 74' lang='grc' dir='ltr'><strong>τερατολογεῖν</strong></span> <span class='ocrx_word' id='word_1_19' title='bbox 3798 511 3861 563; x_wconf 85' lang='grc' dir='ltr'><strong>ἐκ</strong></span> <span class='ocrx_word' id='word_1_20' title='bbox 3909 512 4006 565; x_wconf 79' lang='grc' dir='ltr'>τοῦ</span> 
     </span>
    </p>
   </div>
   <div class='ocr_carea' id='block_1_6' title="bbox 764 580 2332 653">
    <p class='ocr_par' dir='ltr' id='par_1_6' title="bbox 764 580 2332 653">
     <span class='ocr_line' id='line_1_6' title="bbox 764 580 2332 653; baseline 0.005 -23"><span class='ocrx_word' id='word_1_21' title='bbox 764 580 1172 648; x_wconf 66' lang='lat' dir='ltr'><strong>generationem</strong></span> <span class='ocrx_word' id='word_1_22' title='bbox 1204 596 1310 633; x_wconf 87' lang='lat' dir='ltr'><strong>non</strong></span> <span class='ocrx_word' id='word_1_23' title='bbox 1343 582 1522 637; x_wconf 89' lang='lat' dir='ltr'><strong>minus</strong></span> <span class='ocrx_word' id='word_1_24' title='bbox 1554 599 1714 651; x_wconf 89' lang='lat' dir='ltr'><strong>quam</strong></span> <span class='ocrx_word' id='word_1_25' title='bbox 1763 585 2161 653; x_wconf 86' lang='lat' dir='ltr'><strong>processionem</strong></span> <span class='ocrx_word' id='word_1_26' title='bbox 2193 584 2332 638; x_wconf 85' lang='lat' dir='ltr'><strong>alte-</strong></span> 
     </span>
    </p>
   </div>
   <div class='ocr_carea' id='block_1_7' title="bbox 765 672 2332 739">
    <p class='ocr_par' dir='ltr' id='par_1_7' title="bbox 765 672 2332 739">
     <span class='ocr_line' id='line_1_7' title="bbox 765 672 2332 739; baseline 0.005 -17"><span class='ocrx_word' id='word_1_27' title='bbox 765 672 982 735; x_wconf 85' lang='lat' dir='ltr'><strong>rabunt,</strong></span> <span class='ocrx_word' id='word_1_28' title='bbox 1009 688 1110 726; x_wconf 91' lang='lat' dir='ltr'><strong>nec</strong></span> <span class='ocrx_word' id='word_1_29' title='bbox 1149 673 1343 726; x_wconf 84' lang='lat' dir='ltr'><strong>Filium</strong></span> <span class='ocrx_word' id='word_1_30' title='bbox 1385 690 1416 727; x_wconf 91' lang='lat' dir='ltr'><strong>e</strong></span> <span class='ocrx_word' id='word_1_31' title='bbox 1449 674 1628 739; x_wconf 80' lang='lat' dir='ltr'><strong>Patre,</strong></span> <span class='ocrx_word' id='word_1_32' title='bbox 1675 679 1769 731; x_wconf 90' lang='lat' dir='ltr'><strong>sed</strong></span> <span class='ocrx_word' id='word_1_33' title='bbox 1825 679 2040 731; x_wconf 79' lang='lat' dir='ltr'><strong>Patrem</strong></span> <span class='ocrx_word' id='word_1_34' title='bbox 2109 692 2140 731; x_wconf 91' lang='lat' dir='ltr'><strong>e</strong></span> <span class='ocrx_word' id='word_1_35' title='bbox 2195 676 2332 730; x_wconf 85' lang='lat' dir='ltr'><strong>Filio</strong></span> 
     </span>
    </p>
   </div>
   <div class='ocr_carea' id='block_1_8' title="bbox 763 761 2328 834">
    <p class='ocr_par' dir='ltr' id='par_1_8' title="bbox 763 761 2328 834">
     <span class='ocr_line' id='line_1_8' title="bbox 763 761 2328 834; baseline 0.006 -23"><span class='ocrx_word' id='word_1_36' title='bbox 763 761 1028 827; x_wconf 85' lang='lat' dir='ltr'><strong>genitum,</strong></span> <span class='ocrx_word' id='word_1_37' title='bbox 1057 763 1199 831; x_wconf 87' lang='lat' dir='ltr'><strong>quod</strong></span> <span class='ocrx_word' id='word_1_38' title='bbox 1231 775 1315 818; x_wconf 87' lang='lat' dir='ltr'><strong>est</strong></span> <span class='ocrx_word' id='word_1_39' title='bbox 1350 777 1738 829; x_wconf 91' lang='lat' dir='ltr'><strong>monstrosum,</strong></span> <span class='ocrx_word' id='word_1_40' title='bbox 1779 768 2328 834; x_wconf 86' lang='lat' dir='ltr'><strong>commentabuntur;</strong></span> 
     </span>
    </p>
   </div>
   <div class='ocr_carea' id='block_1_9' title="bbox 764 851 2330 928">
    <p class='ocr_par' dir='ltr' id='par_1_9' title="bbox 764 851 2330 928">
     <span class='ocr_line' id='line_1_9' title="bbox 764 851 2330 928; baseline 0.008 -28"><span class='ocrx_word' id='word_1_41' title='bbox 764 851 908 902; x_wconf 89' lang='lat' dir='ltr'><strong>unde</strong></span> <span class='ocrx_word' id='word_1_42' title='bbox 937 866 993 902; x_wconf 92' lang='lat' dir='ltr'><strong>sc</strong></span> <span class='ocrx_word' id='word_1_43' title='bbox 1025 852 1300 922; x_wconf 85' lang='lat' dir='ltr'><strong>principes</strong></span> <span class='ocrx_word' id='word_1_44' title='bbox 1327 865 1378 906; x_wconf 90' lang='lat' dir='ltr'><strong>et</strong></span> <span class='ocrx_word' id='word_1_45' title='bbox 1407 856 1734 923; x_wconf 87' lang='lat' dir='ltr'><strong>anlipilanos</strong></span> <span class='ocrx_word' id='word_1_46' title='bbox 1763 872 1872 910; x_wconf 90' lang='lat' dir='ltr'><strong>non</strong></span> <span class='ocrx_word' id='word_1_47' title='bbox 1901 867 2108 911; x_wconf 89' lang='lat' dir='ltr'><strong>tantum</strong></span> <span class='ocrx_word' id='word_1_48' title='bbox 2138 859 2330 928; x_wconf 88' lang='lat' dir='ltr'><strong>impio-</strong></span> 
     </span>
    </p>
   </div>
   <div class='ocr_carea' id='block_1_10' title="bbox 762 943 1832 1002">
    <p class='ocr_par' dir='ltr' id='par_1_10' title="bbox 762 943 1832 1002">
     <span class='ocr_line' id='line_1_10' title="bbox 762 943 1832 1002; baseline 0.008 -9"><span class='ocrx_word' id='word_1_49' title='bbox 762 957 881 993; x_wconf 84' lang='lat' dir='ltr'><strong>rum</strong></span> <span class='ocrx_word' id='word_1_50' title='bbox 912 943 1004 995; x_wconf 91' lang='lat' dir='ltr'><strong>sed</strong></span> <span class='ocrx_word' id='word_1_51' title='bbox 1034 953 1088 997; x_wconf 91' lang='lat' dir='ltr'><strong>et</strong></span> <span class='ocrx_word' id='word_1_52' title='bbox 1121 944 1447 998; x_wconf 82' lang='lat' dir='ltr'><strong>furiosorum</strong></span> <span class='ocrx_word' id='word_1_53' title='bbox 1477 947 1832 1002; x_wconf 80' lang='lat' dir='ltr'><strong>exhibebunt.</strong></span> 
     </span>
    </p>
   </div>
   <div class='ocr_carea' id='block_1_11' title="bbox 832 1031 2330 1110">
    <p class='ocr_par' dir='ltr' id='par_1_11' title="bbox 832 1031 2330 1110">
     <span class='ocr_line' id='line_1_11' title="bbox 832 1031 2330 1110; baseline 0.01 -28"><span class='ocrx_word' id='word_1_54' title='bbox 832 1031 922 1083; x_wconf 71' lang='lat'><strong>22.</strong></span> <span class='ocrx_word' id='word_1_55' title='bbox 970 1032 1136 1097; x_wconf 81' lang='lat' dir='ltr'><strong>Quam</strong></span> <span class='ocrx_word' id='word_1_56' title='bbox 1165 1034 1425 1090; x_wconf 79' lang='lat' dir='ltr'><strong>furiosam</strong></span> <span class='ocrx_word' id='word_1_57' title='bbox 1461 1047 1516 1091; x_wconf 91' lang='lat' dir='ltr'><strong>et</strong></span> <span class='ocrx_word' id='word_1_58' title='bbox 1555 1039 1777 1108; x_wconf 83' lang='lat' dir='ltr'><strong>impiam</strong></span> <span class='ocrx_word' id='word_1_59' title='bbox 1829 1041 2069 1110; x_wconf 87' lang='lat' dir='ltr'><strong>ipsorum</strong></span> <span class='ocrx_word' id='word_1_60' title='bbox 2107 1051 2330 1097; x_wconf 86' lang='lat' dir='ltr'><strong>senten-</strong></span> 
     </span>
    </p>
   </div>
   <div class='ocr_carea' id='block_1_12' title="bbox 764 1121 2330 1197">
    <p class='ocr_par' dir='ltr' id='par_1_12' title="bbox 764 1121 2330 1197">
     <span class='ocr_line' id='line_1_12' title="bbox 764 1121 2330 1197; baseline 0.011 -26"><span class='ocrx_word' id='word_1_61' title='bbox 764 1121 892 1174; x_wconf 85' lang='lat' dir='ltr'><strong>tiam</strong></span> <span class='ocrx_word' id='word_1_62' title='bbox 921 1138 1043 1178; x_wconf 89' lang='lat' dir='ltr'><strong>esse</strong></span> <span class='ocrx_word' id='word_1_63' title='bbox 1073 1135 1128 1179; x_wconf 91' lang='lat' dir='ltr'><strong>et</strong></span> <span class='ocrx_word' id='word_1_64' title='bbox 1149 1127 1217 1178; x_wconf 86' lang='lat' dir='ltr'><strong>ab</strong></span> <span class='ocrx_word' id='word_1_65' title='bbox 1250 1128 1355 1180; x_wconf 73' lang='lat' dir='ltr'><strong>isto</strong></span> <span class='ocrx_word' id='word_1_66' title='bbox 1379 1129 1523 1197; x_wconf 92' lang='lat' dir='ltr'><strong>quod</strong></span> <span class='ocrx_word' id='word_1_67' title='bbox 1564 1131 1809 1186; x_wconf 91' lang='lat' dir='ltr'><strong>dicemus</strong></span> <span class='ocrx_word' id='word_1_68' title='bbox 1856 1133 2203 1188; x_wconf 89' lang='lat' dir='ltr'><strong>manifestum</strong></span> <span class='ocrx_word' id='word_1_69' title='bbox 2248 1135 2330 1189; x_wconf 89' lang='lat' dir='ltr'><strong>fa-</strong></span> 
     </span>
    </p>
   </div>
   <div class='ocr_carea' id='block_1_13' title="bbox 761 1213 2330 1289">
    <p class='ocr_par' dir='ltr' id='par_1_13' title="bbox 761 1213 2330 1289">
     <span class='ocr_line' id='line_1_13' title="bbox 761 1213 2330 1289; baseline 0.01 -24"><span class='ocrx_word' id='word_1_70' title='bbox 761 1213 990 1268; x_wconf 77' lang='lat' dir='ltr'><strong>ciemus.</strong></span> <span class='ocrx_word' id='word_1_71' title='bbox 1021 1215 1253 1281; x_wconf 81' lang='lat' dir='ltr'><strong>Quando</strong></span> <span class='ocrx_word' id='word_1_72' title='bbox 1284 1221 1546 1289; x_wconf 84' lang='lat' dir='ltr'><strong>quidquid</strong></span> <span class='ocrx_word' id='word_1_73' title='bbox 1593 1225 1971 1278; x_wconf 84' lang='lat' dir='ltr'><strong>consideratur</strong></span> <span class='ocrx_word' id='word_1_74' title='bbox 2008 1227 2090 1279; x_wconf 88' lang='lat' dir='ltr'><strong>vel</strong></span> <span class='ocrx_word' id='word_1_75' title='bbox 2119 1228 2330 1281; x_wconf 85' lang='lat' dir='ltr'><strong>dicetur</strong></span> 
     </span>
    </p>
   </div>
   <div class='ocr_carea' id='block_1_14' title="bbox 762 1301 2326 1384">
    <p class='ocr_par' dir='ltr' id='par_1_14' title="bbox 762 1301 2326 1384">
     <span class='ocr_line' id='line_1_14' title="bbox 762 1301 2326 1384; baseline 0.012 -30"><span class='ocrx_word' id='word_1_76' title='bbox 762 1301 816 1353; x_wconf 93' lang='lat' dir='ltr'><strong>in</strong></span> <span class='ocrx_word' id='word_1_77' title='bbox 843 1319 904 1356; x_wconf 91' lang='lat' dir='ltr'><strong>ea</strong></span> <span class='ocrx_word' id='word_1_78' title='bbox 937 1316 1281 1361; x_wconf 88' lang='lat' dir='ltr'><strong>sacrosancta</strong></span> <span class='ocrx_word' id='word_1_79' title='bbox 1321 1312 1662 1366; x_wconf 89' lang='lat' dir='ltr'><strong>connaturali</strong></span> <span class='ocrx_word' id='word_1_80' title='bbox 1717 1322 1774 1367; x_wconf 92' lang='lat' dir='ltr'><strong>et</strong></span> <span class='ocrx_word' id='word_1_81' title='bbox 1820 1318 2326 1384; x_wconf 88' lang='lat' dir='ltr'><strong>supersubstantiali</strong></span> 
     </span>
    </p>
   </div>
   <div class='ocr_carea' id='block_1_15' title="bbox 763 1391 2326 1472">
    <p class='ocr_par' dir='ltr' id='par_1_15' title="bbox 763 1391 2326 1472">
     <span class='ocr_line' id='line_1_15' title="bbox 763 1391 2326 1472; baseline 0.013 -29"><span class='ocrx_word' id='word_1_82' title='bbox 763 1391 1047 1458; x_wconf 82' lang='lat' dir='ltr'><strong>Trinitate,</strong></span> <span class='ocrx_word' id='word_1_83' title='bbox 1077 1398 1159 1450; x_wconf 82' lang='lat' dir='ltr'><strong>vel</strong></span> <span class='ocrx_word' id='word_1_84' title='bbox 1187 1413 1476 1453; x_wconf 87' lang='lat' dir='ltr'><strong>cmumune</strong></span> <span class='ocrx_word' id='word_1_85' title='bbox 1497 1402 1750 1469; x_wconf 79' lang='lat' dir='ltr'><strong>quiddam</strong></span> <span class='ocrx_word' id='word_1_86' title='bbox 1787 1415 1871 1457; x_wconf 91' lang='lat' dir='ltr'><strong>est</strong></span> <span class='ocrx_word' id='word_1_87' title='bbox 1903 1407 2189 1472; x_wconf 63' lang='lat' dir='ltr'><strong>universxe,</strong></span> <span class='ocrx_word' id='word_1_88' title='bbox 2244 1410 2326 1463; x_wconf 90' lang='lat' dir='ltr'><strong>vel</strong></span> 
     </span>
    </p>
   </div>
   <div class='ocr_carea' id='block_1_16' title="bbox 763 1486 2322 1566">
    <p class='ocr_par' dir='ltr' id='par_1_16' title="bbox 763 1486 2322 1566">
     <span class='ocr_line' id='line_1_16' title="bbox 763 1486 2322 1566; baseline 0.011 -30"><span class='ocrx_word' id='word_1_89' title='bbox 763 1486 923 1538; x_wconf 89' lang='lat' dir='ltr'><strong>unius</strong></span> <span class='ocrx_word' id='word_1_90' title='bbox 952 1488 1180 1556; x_wconf 81' lang='lat' dir='ltr'><strong>alicujus</strong></span> <span class='ocrx_word' id='word_1_91' title='bbox 1233 1491 1482 1560; x_wconf 89' lang='lat' dir='ltr'><strong>illiusque</strong></span> <span class='ocrx_word' id='word_1_92' title='bbox 1526 1494 1697 1546; x_wconf 85' lang='lat' dir='ltr'><strong>solius</strong></span> <span class='ocrx_word' id='word_1_93' title='bbox 1745 1509 1776 1548; x_wconf 92' lang='lat' dir='ltr'><strong>e</strong></span> <span class='ocrx_word' id='word_1_94' title='bbox 1819 1497 1991 1550; x_wconf 90' lang='lat' dir='ltr'><strong>tribus</strong></span> <span class='ocrx_word' id='word_1_95' title='bbox 2043 1500 2322 1566; x_wconf 83' lang='lat' dir='ltr'><strong>personis;</strong></span> 
     </span>
    </p>
   </div>
   <div class='ocr_carea' id='block_1_17' title="bbox 760 1578 2323 1656">
    <p class='ocr_par' dir='ltr' id='par_1_17' title="bbox 760 1578 2323 1656">
     <span class='ocr_line' id='line_1_17' title="bbox 760 1578 2323 1656; baseline 0.012 -29"><span class='ocrx_word' id='word_1_96' title='bbox 760 1590 992 1645; x_wconf 89' lang='lat' dir='ltr'><strong>cumque</strong></span> <span class='ocrx_word' id='word_1_97' title='bbox 1025 1578 1260 1648; x_wconf 85' lang='lat' dir='ltr'><strong>Spiritus</strong></span> <span class='ocrx_word' id='word_1_98' title='bbox 1308 1584 1584 1650; x_wconf 88' lang='lat' dir='ltr'><strong>processio</strong></span> <span class='ocrx_word' id='word_1_99' title='bbox 1614 1600 1724 1638; x_wconf 92' lang='lat' dir='ltr'><strong>non</strong></span> <span class='ocrx_word' id='word_1_100' title='bbox 1759 1587 1831 1639; x_wconf 90' lang='lat' dir='ltr'><strong>sit</strong></span> <span class='ocrx_word' id='word_1_101' title='bbox 1874 1587 2126 1656; x_wconf 90' lang='lat' dir='ltr'><strong>quiddam</strong></span> <span class='ocrx_word' id='word_1_102' title='bbox 2175 1605 2323 1644; x_wconf 87' lang='lat' dir='ltr'><strong>com-</strong></span> 
     </span>
    </p>
   </div>
   <div class='ocr_carea' id='block_1_18' title="bbox 760 1672 2325 1745">
    <p class='ocr_par' dir='ltr' id='par_1_18' title="bbox 760 1672 2325 1745">
     <span class='ocr_line' id='line_1_18' title="bbox 760 1672 2325 1745; baseline 0.012 -27"><span class='ocrx_word' id='word_1_103' title='bbox 760 1683 943 1732; x_wconf 88' lang='lat' dir='ltr'><strong>mune,</strong></span> <span class='ocrx_word' id='word_1_104' title='bbox 981 1685 1048 1723; x_wconf 92' lang='lat' dir='ltr'><strong>ne</strong></span> <span class='ocrx_word' id='word_1_105' title='bbox 1075 1672 1290 1739; x_wconf 88' lang='lat' dir='ltr'><strong>quidem</strong></span> <span class='ocrx_word' id='word_1_106' title='bbox 1325 1690 1392 1726; x_wconf 88' lang='lat' dir='ltr'><strong>ex</strong></span> <span class='ocrx_word' id='word_1_107' title='bbox 1435 1675 1673 1744; x_wconf 90' lang='lat' dir='ltr'><strong>ipsorum</strong></span> <span class='ocrx_word' id='word_1_108' title='bbox 1722 1681 2016 1745; x_wconf 84' lang='lat' dir='ltr'><strong>sententia,</strong></span> <span class='ocrx_word' id='word_1_109' title='bbox 2065 1683 2225 1736; x_wconf 90' lang='lat' dir='ltr'><strong>unius</strong></span> <span class='ocrx_word' id='word_1_110' title='bbox 2271 1693 2325 1737; x_wconf 92' lang='lat' dir='ltr'><strong>ct</strong></span> 
     </span>
    </p>
   </div>
   <div class='ocr_carea' id='block_1_19' title="bbox 755 1759 2324 1829">
    <p class='ocr_par' dir='ltr' id='par_1_19' title="bbox 755 1759 2324 1829">
     <span class='ocr_line' id='line_1_19' title="bbox 755 1759 2324 1829; baseline 0.013 -21"><span class='ocrx_word' id='word_1_111' title='bbox 755 1759 928 1811; x_wconf 92' lang='lat' dir='ltr'><strong>solius</strong></span> <span class='ocrx_word' id='word_1_112' title='bbox 997 1761 1284 1829; x_wconf 88' lang='lat' dir='ltr'><strong>(propitius</strong></span> <span class='ocrx_word' id='word_1_113' title='bbox 1351 1776 1531 1818; x_wconf 87' lang='lat' dir='ltr'><strong>autem</strong></span> <span class='ocrx_word' id='word_1_114' title='bbox 1572 1768 1730 1822; x_wconf 86' lang='lat' dir='ltr'><strong>nobis</strong></span> <span class='ocrx_word' id='word_1_115' title='bbox 1778 1769 1920 1825; x_wconf 89' lang='lat' dir='ltr'><strong>Deus</strong></span> <span class='ocrx_word' id='word_1_116' title='bbox 1958 1781 2076 1825; x_wconf 92' lang='lat' dir='ltr'><strong>esto</strong></span> <span class='ocrx_word' id='word_1_117' title='bbox 2114 1774 2186 1826; x_wconf 88' lang='lat' dir='ltr'><strong>ita</strong></span> <span class='ocrx_word' id='word_1_118' title='bbox 2241 1776 2324 1828; x_wconf 91' lang='lat' dir='ltr'><strong>lo-</strong></span> 
     </span>
    </p>
   </div>
   <div class='ocr_carea' id='block_1_20' title="bbox 2434 583 4004 671">
    <p class='ocr_par' dir='ltr' id='par_1_20' title="bbox 2434 583 4004 671">
     <span class='ocr_line' id='line_1_20' title="bbox 2434 583 4004 671; baseline 0.014 -35"><span class='ocrx_word' id='word_1_119' title='bbox 2434 583 2566 638; x_wconf 84' lang='grc' dir='ltr'><strong>Υἱοῦ</strong></span> <span class='ocrx_word' id='word_1_120' title='bbox 2597 589 2952 659; x_wconf 81' lang='grc' dir='ltr'>γεγεννῆσθαι</span> <span class='ocrx_word' id='word_1_121' title='bbox 2978 605 2992 620; x_wconf 89' lang='grc'><strong>·</strong></span> <span class='ocrx_word' id='word_1_122' title='bbox 3025 592 3111 644; x_wconf 87' lang='grc' dir='ltr'><strong>ῖνα</strong></span> <span class='ocrx_word' id='word_1_123' title='bbox 3147 595 3221 662; x_wconf 86' lang='grc' dir='ltr'><strong>μὴ</strong></span> <span class='ocrx_word' id='word_1_124' title='bbox 3249 596 3359 650; x_wconf 84' lang='grc' dir='ltr'><strong>τῶν</strong></span> <span class='ocrx_word' id='word_1_125' title='bbox 3386 599 3788 655; x_wconf 79' lang='grc' dir='ltr'>δυσσεὸούντων</span> <span class='ocrx_word' id='word_1_126' title='bbox 3818 605 4004 671; x_wconf 85' lang='grc' dir='ltr'>μόνον,</span> 
     </span>
    </p>
   </div>
   <div class='ocr_carea' id='block_1_21' title="bbox 2432 678 3785 762">
    <p class='ocr_par' dir='ltr' id='par_1_21' title="bbox 2432 678 3785 762">
     <span class='ocr_line' id='line_1_21' title="bbox 2432 678 3785 762; baseline 0.016 -32"><span class='ocrx_word' id='word_1_127' title='bbox 2432 678 2568 733; x_wconf 86' lang='grc' dir='ltr'><strong>ἀλλά</strong></span> <span class='ocrx_word' id='word_1_128' title='bbox 2601 681 2696 733; x_wconf 77' lang='grc' dir='ltr'>καὶ</span> <span class='ocrx_word' id='word_1_129' title='bbox 2724 682 2830 734; x_wconf 87' lang='grc' dir='ltr'><strong>τῶν</strong></span> <span class='ocrx_word' id='word_1_130' title='bbox 2853 688 3195 755; x_wconf 80' lang='grc' dir='ltr'><strong>μαινομένων</strong></span> <span class='ocrx_word' id='word_1_131' title='bbox 3221 683 3353 743; x_wconf 81' lang='grc' dir='ltr'>ὦσιν</span> <span class='ocrx_word' id='word_1_132' title='bbox 3384 697 3785 762; x_wconf 83' lang='grc' dir='ltr'>πρωτοστάται.</span> 
     </span>
    </p>
   </div>
   <div class='ocr_carea' id='block_1_22' title="bbox 2501 1048 4002 1130">
    <p class='ocr_par' dir='ltr' id='par_1_22' title="bbox 2501 1048 4002 1130">
     <span class='ocr_line' id='line_1_22' title="bbox 2501 1048 4002 1130; baseline 0.011 -29"><span class='ocrx_word' id='word_1_133' title='bbox 2501 1048 2605 1117; x_wconf 68' lang='grc' dir='ltr'>κβν.</span> <span class='ocrx_word' id='word_1_134' title='bbox 2643 1051 2785 1122; x_wconf 88' lang='grc' dir='ltr'>Ὅρα</span> <span class='ocrx_word' id='word_1_135' title='bbox 2808 1051 2865 1105; x_wconf 89' lang='grc' dir='ltr'><strong>δέ</strong></span> <span class='ocrx_word' id='word_1_136' title='bbox 2891 1055 3185 1108; x_wconf 75' lang='grc' dir='ltr'>κάντεῦθεν</span> <span class='ocrx_word' id='word_1_137' title='bbox 3215 1059 3544 1130; x_wconf 80' lang='grc' dir='ltr'>κατάφωρον</span> <span class='ocrx_word' id='word_1_138' title='bbox 3571 1062 3752 1116; x_wconf 84' lang='grc' dir='ltr'>αὐτῶν</span> <span class='ocrx_word' id='word_1_139' title='bbox 3778 1065 3837 1116; x_wconf 67' lang='grc' dir='ltr'>τὴ</span> <span class='ocrx_word' id='word_1_140' title='bbox 3871 1066 3933 1117; x_wconf 82' lang='grc' dir='ltr'><strong>δυ</strong></span> <span class='ocrx_word' id='word_1_141' title='bbox 3945 1084 4002 1117; x_wconf 77' lang='grc' dir='ltr'>σ-</span> 
     </span>
    </p>
   </div>
   <div class='ocr_carea' id='block_1_23' title="bbox 2431 1140 4000 1228">
    <p class='ocr_par' dir='ltr' id='par_1_23' title="bbox 2431 1140 4000 1228">
     <span class='ocr_line' id='line_1_23' title="bbox 2431 1140 4000 1228; baseline 0.013 -38"><span class='ocrx_word' id='word_1_142' title='bbox 2431 1140 2607 1204; x_wconf 77' lang='grc' dir='ltr'>σεϐἐς,</span> <span class='ocrx_word' id='word_1_143' title='bbox 2637 1145 2731 1196; x_wconf 71' lang='grc' dir='ltr'>καὶ</span> <span class='ocrx_word' id='word_1_144' title='bbox 2758 1145 3008 1215; x_wconf 88' lang='grc' dir='ltr'>ἀνόητον,</span> <span class='ocrx_word' id='word_1_145' title='bbox 3030 1148 3381 1219; x_wconf 82' lang='grc' dir='ltr'><strong>δεικνύμενον</strong></span> <span class='ocrx_word' id='word_1_146' title='bbox 3406 1153 3567 1222; x_wconf 87' lang='grc' dir='ltr'>βούλη</span> <span class='ocrx_word' id='word_1_147' title='bbox 3579 1173 3674 1225; x_wconf 91' lang='grc' dir='ltr'><strong>μα.</strong></span> <span class='ocrx_word' id='word_1_148' title='bbox 3707 1158 3859 1210; x_wconf 74' lang='grc' dir='ltr'>Ἐπεὶ</span> <span class='ocrx_word' id='word_1_149' title='bbox 3889 1161 4000 1228; x_wconf 79' lang='grc' dir='ltr'><strong>γὰρ</strong></span> 
     </span>
    </p>
   </div>
   <div class='ocr_carea' id='block_1_24' title="bbox 2431 1231 4001 1321">
    <p class='ocr_par' dir='ltr' id='par_1_24' title="bbox 2431 1231 4001 1321">
     <span class='ocr_line' id='line_1_24' title="bbox 2431 1231 4001 1321; baseline 0.013 -38"><span class='ocrx_word' id='word_1_150' title='bbox 2431 1231 2576 1284; x_wconf 76' lang='grc' dir='ltr'>ἅπαν</span> <span class='ocrx_word' id='word_1_151' title='bbox 2609 1233 2637 1286; x_wconf 82' lang='grc' dir='ltr'><strong>ὃ</strong></span> <span class='ocrx_word' id='word_1_152' title='bbox 2669 1233 2954 1306; x_wconf 75' lang='grc' dir='ltr'>θεωρεῖται</span> <span class='ocrx_word' id='word_1_153' title='bbox 3010 1241 3106 1293; x_wconf 79' lang='grc' dir='ltr'>καὶ</span> <span class='ocrx_word' id='word_1_154' title='bbox 3154 1242 3368 1308; x_wconf 90' lang='grc' dir='ltr'>λέγεται</span> <span class='ocrx_word' id='word_1_155' title='bbox 3404 1245 3461 1296; x_wconf 88' lang='grc' dir='ltr'><strong>ἐν</strong></span> <span class='ocrx_word' id='word_1_156' title='bbox 3510 1249 3576 1315; x_wconf 86' lang='grc' dir='ltr'><strong>τῇ</strong></span> <span class='ocrx_word' id='word_1_157' title='bbox 3615 1251 3859 1321; x_wconf 73' lang='grc' dir='ltr'>παναγίᾳ</span> <span class='ocrx_word' id='word_1_158' title='bbox 3905 1255 4001 1304; x_wconf 78' lang='grc' dir='ltr'>καὶ</span> 
     </span>
    </p>
   </div>
   <div class='ocr_carea' id='block_1_25' title="bbox 2428 1324 3996 1407">
    <p class='ocr_par' dir='ltr' id='par_1_25' title="bbox 2428 1324 3996 1407">
     <span class='ocr_line' id='line_1_25' title="bbox 2428 1324 3996 1407; baseline 0.015 -33"><span class='ocrx_word' id='word_1_159' title='bbox 2428 1324 2658 1392; x_wconf 79' lang='grc' dir='ltr'>ὁμοφυεῖ</span> <span class='ocrx_word' id='word_1_160' title='bbox 2693 1329 2787 1379; x_wconf 76' lang='grc' dir='ltr'>καὶ</span> <span class='ocrx_word' id='word_1_161' title='bbox 2812 1330 3121 1402; x_wconf 84' lang='grc' dir='ltr'>ύπερουσίῳ</span> <span class='ocrx_word' id='word_1_162' title='bbox 3153 1335 3364 1404; x_wconf 88' lang='grc' dir='ltr'>Τριάδι,</span> <span class='ocrx_word' id='word_1_163' title='bbox 3417 1337 3450 1407; x_wconf 82' lang='grc' dir='ltr'>ἢ</span> <span class='ocrx_word' id='word_1_164' title='bbox 3496 1342 3674 1394; x_wconf 87' lang='grc' dir='ltr'>κοινόν</span> <span class='ocrx_word' id='word_1_165' title='bbox 3699 1344 3817 1396; x_wconf 84' lang='grc' dir='ltr'>ἐστι</span> <span class='ocrx_word' id='word_1_166' title='bbox 3862 1348 3996 1399; x_wconf 84' lang='grc' dir='ltr'>πάν-</span> 
     </span>
    </p>
   </div>
   <div class='ocr_carea' id='block_1_26' title="bbox 2428 1418 4000 1503">
    <p class='ocr_par' dir='ltr' id='par_1_26' title="bbox 2428 1418 4000 1503">
     <span class='ocr_line' id='line_1_26' title="bbox 2428 1418 4000 1503; baseline 0.017 -37"><span class='ocrx_word' id='word_1_167' title='bbox 2428 1432 2557 1478; x_wconf 88' lang='grc' dir='ltr'>των,</span> <span class='ocrx_word' id='word_1_168' title='bbox 2589 1418 2620 1487; x_wconf 86' lang='grc' dir='ltr'>ἢ</span> <span class='ocrx_word' id='word_1_169' title='bbox 2654 1419 2773 1482; x_wconf 85' lang='grc' dir='ltr'>ἐνὸς</span> <span class='ocrx_word' id='word_1_170' title='bbox 2796 1422 2890 1474; x_wconf 80' lang='grc' dir='ltr'>καὶ</span> <span class='ocrx_word' id='word_1_171' title='bbox 2927 1423 3088 1491; x_wconf 88' lang='grc' dir='ltr'>μόνου</span> <span class='ocrx_word' id='word_1_172' title='bbox 3108 1425 3216 1478; x_wconf 87' lang='grc' dir='ltr'><strong>τῶν</strong></span> <span class='ocrx_word' id='word_1_173' title='bbox 3239 1429 3404 1497; x_wconf 88' lang='grc' dir='ltr'>τριῶν</span> <span class='ocrx_word' id='word_1_174' title='bbox 3424 1446 3440 1462; x_wconf 74' lang='grc'><strong><em>⁸</em></strong></span> <span class='ocrx_word' id='word_1_175' title='bbox 3475 1432 3507 1499; x_wconf 87' lang='grc' dir='ltr'>ὴ</span> <span class='ocrx_word' id='word_1_176' title='bbox 3535 1431 3592 1485; x_wconf 91' lang='grc' dir='ltr'><strong>δέ</strong></span> <span class='ocrx_word' id='word_1_177' title='bbox 3620 1433 3713 1486; x_wconf 83' lang='grc' dir='ltr'>τοῦ</span> <span class='ocrx_word' id='word_1_178' title='bbox 3745 1437 4000 1503; x_wconf 83' lang='grc' dir='ltr'>Πνεύμα-</span> 
     </span>
    </p>
   </div>
   <div class='ocr_carea' id='block_1_27' title="bbox 2428 1509 3999 1587">
    <p class='ocr_par' dir='ltr' id='par_1_27' title="bbox 2428 1509 3999 1587">
     <span class='ocr_line' id='line_1_27' title="bbox 2428 1509 3999 1587; baseline 0.015 -30"><span class='ocrx_word' id='word_1_179' title='bbox 2428 1523 2518 1570; x_wconf 90' lang='grc' dir='ltr'><strong>τος</strong></span> <span class='ocrx_word' id='word_1_180' title='bbox 2545 1509 2804 1578; x_wconf 79' lang='grc' dir='ltr'>προϐολὴ,</span> <span class='ocrx_word' id='word_1_181' title='bbox 2839 1510 2962 1566; x_wconf 75' lang='grc' dir='ltr'>οὔτε</span> <span class='ocrx_word' id='word_1_182' title='bbox 2997 1515 3174 1568; x_wconf 84' lang='grc' dir='ltr'>κοινόν</span> <span class='ocrx_word' id='word_1_183' title='bbox 3215 1519 3382 1585; x_wconf 89' lang='grc' dir='ltr'>ἐστιν,</span> <span class='ocrx_word' id='word_1_184' title='bbox 3421 1522 3535 1574; x_wconf 88' lang='grc' dir='ltr'>ἀλλ’</span> <span class='ocrx_word' id='word_1_185' title='bbox 3562 1524 3691 1586; x_wconf 83' lang='grc' dir='ltr'>οὐδ’,</span> <span class='ocrx_word' id='word_1_186' title='bbox 3727 1525 3804 1587; x_wconf 85' lang='grc' dir='ltr'>ὡς</span> <span class='ocrx_word' id='word_1_187' title='bbox 3843 1527 3999 1580; x_wconf 74' lang='grc' dir='ltr'>αὐτοί</span> 
     </span>
    </p>
   </div>
   <div class='ocr_carea' id='block_1_28' title="bbox 2429 1601 3998 1686">
    <p class='ocr_par' dir='ltr' id='par_1_28' title="bbox 2429 1601 3998 1686">
     <span class='ocr_line' id='line_1_28' title="bbox 2429 1601 3998 1686; baseline 0.015 -37"><span class='ocrx_word' id='word_1_188' title='bbox 2429 1615 2616 1666; x_wconf 83' lang='grc' dir='ltr'>φασιν,</span> <span class='ocrx_word' id='word_1_189' title='bbox 2651 1601 2769 1663; x_wconf 76' lang='grc' dir='ltr'>ἐνὸς</span> <span class='ocrx_word' id='word_1_190' title='bbox 2795 1604 2888 1654; x_wconf 80' lang='grc' dir='ltr'>καὶ</span> <span class='ocrx_word' id='word_1_191' title='bbox 2922 1605 3082 1672; x_wconf 86' lang='grc' dir='ltr'>μόνου</span> <span class='ocrx_word' id='word_1_192' title='bbox 3117 1607 3260 1670; x_wconf 77' lang='grc' dir='ltr'>τινὸς</span> <span class='ocrx_word' id='word_1_193' title='bbox 3288 1609 3471 1678; x_wconf 85' lang='grc' dir='ltr'>(ἵλεως</span> <span class='ocrx_word' id='word_1_194' title='bbox 3505 1613 3562 1665; x_wconf 81' lang='grc' dir='ltr'><strong>δέ</strong></span> <span class='ocrx_word' id='word_1_195' title='bbox 3591 1617 3724 1682; x_wconf 79' lang='grc' dir='ltr'>ἡμῖν</span> <span class='ocrx_word' id='word_1_196' title='bbox 3757 1618 3862 1686; x_wconf 73' lang='grc' dir='ltr'>εἴη,</span> <span class='ocrx_word' id='word_1_197' title='bbox 3901 1621 3998 1672; x_wconf 71' lang='grc' dir='ltr'>καὶ</span> 
     </span>
    </p>
   </div>
   <div class='ocr_carea' id='block_1_29' title="bbox 2427 1692 3995 1778">
    <p class='ocr_par' dir='ltr' id='par_1_29' title="bbox 2427 1692 3995 1778">
     <span class='ocr_line' id='line_1_29' title="bbox 2427 1692 3995 1778; baseline 0.022 -43"><span class='ocrx_word' id='word_1_198' title='bbox 2427 1693 2506 1753; x_wconf 73' lang='grc' dir='ltr'>εὶς</span> <span class='ocrx_word' id='word_1_199' title='bbox 2557 1692 2655 1755; x_wconf 73' lang='grc' dir='ltr'><strong>τὰς</strong></span> <span class='ocrx_word' id='word_1_200' title='bbox 2710 1694 2935 1748; x_wconf 78' lang='grc' dir='ltr'>ἐκείνων</span> <span class='ocrx_word' id='word_1_201' title='bbox 2972 1699 3229 1766; x_wconf 80' lang='grc' dir='ltr'>τρέποιτο</span> <span class='ocrx_word' id='word_1_202' title='bbox 3278 1701 3338 1753; x_wconf 85' lang='grc' dir='ltr'>τὸ</span> <span class='ocrx_word' id='word_1_203' title='bbox 3377 1702 3696 1776; x_wconf 84' lang='grc' dir='ltr'><strong>βλάσφημον</strong></span> <span class='ocrx_word' id='word_1_204' title='bbox 3729 1711 3995 1778; x_wconf 67' lang='grc' dir='ltr'>κεφαλὰς)</span> 
     </span>
    </p>
   </div>
   <div class='ocr_carea' id='block_1_30' title="bbox 2424 1782 3996 1872">
    <p class='ocr_par' dir='ltr' id='par_1_30' title="bbox 2424 1782 3996 1872">
     <span class='ocr_line' id='line_1_30' title="bbox 2424 1782 3996 1872; baseline 0.011 -37"><span class='ocrx_word' id='word_1_205' title='bbox 2424 1784 2526 1836; x_wconf 89' lang='grc' dir='ltr'><strong>ούκ</strong></span> <span class='ocrx_word' id='word_1_206' title='bbox 2553 1782 2661 1852; x_wconf 75' lang='grc' dir='ltr'>ἄρα</span> <span class='ocrx_word' id='word_1_207' title='bbox 2711 1787 2848 1850; x_wconf 86' lang='grc' dir='ltr'>ὅλως</span> <span class='ocrx_word' id='word_1_208' title='bbox 2879 1789 3027 1842; x_wconf 82' lang='grc' dir='ltr'>ἐστὶν</span> <span class='ocrx_word' id='word_1_209' title='bbox 3055 1791 3112 1841; x_wconf 90' lang='grc' dir='ltr'><strong>ἐν</strong></span> <span class='ocrx_word' id='word_1_210' title='bbox 3139 1795 3204 1862; x_wconf 85' lang='grc' dir='ltr'>τῇ</span> <span class='ocrx_word' id='word_1_211' title='bbox 3236 1792 3515 1867; x_wconf 76' lang='grc' dir='ltr'>ζωαρχικῇ</span> <span class='ocrx_word' id='word_1_212' title='bbox 3556 1801 3650 1852; x_wconf 78' lang='grc' dir='ltr'>καὶ</span> <span class='ocrx_word' id='word_1_213' title='bbox 3693 1802 3996 1872; x_wconf 79' lang='grc' dir='ltr'>παντελείῳ</span> 
     </span>
    </p>
   </div>
   <div class='ocr_carea' id='block_1_31' title="bbox 757 1848 2434 1958">
    <p class='ocr_par' dir='ltr' id='par_1_31' title="bbox 757 1848 2434 1932">
     <span class='ocr_line' id='line_1_31' title="bbox 757 1848 2434 1932; baseline 0.013 -36"><span class='ocrx_word' id='word_1_214' title='bbox 757 1848 1070 1914; x_wconf 87' lang='lat' dir='ltr'><strong>quentibus,</strong></span> <span class='ocrx_word' id='word_1_215' title='bbox 1105 1859 1160 1903; x_wconf 91' lang='lat' dir='ltr'><strong>et</strong></span> <span class='ocrx_word' id='word_1_216' title='bbox 1188 1853 1519 1921; x_wconf 86' lang='lat' dir='ltr'><strong>blasphemia</strong></span> <span class='ocrx_word' id='word_1_217' title='bbox 1551 1858 1776 1912; x_wconf 85' lang='lat' dir='ltr'><strong>resultet</strong></span> <span class='ocrx_word' id='word_1_218' title='bbox 1818 1860 1870 1911; x_wconf 90' lang='lat' dir='ltr'><strong>in</strong></span> <span class='ocrx_word' id='word_1_219' title='bbox 1907 1874 2093 1915; x_wconf 87' lang='lat' dir='ltr'><strong>eorum</strong></span> <span class='ocrx_word' id='word_1_220' title='bbox 2121 1863 2320 1932; x_wconf 89' lang='lat' dir='ltr'><strong>capita)</strong></span> <span class='ocrx_word' id='word_1_221' title='bbox 2357 1849 2395 1903; x_wconf 79' lang='grc' dir='ltr'>Β</span> <span class='ocrx_word' id='word_1_222' title='bbox 2424 1875 2434 1891; x_wconf 92' lang='grc'><strong>’</strong></span> 
     </span>
    </p>
   </div>
   <div class='ocr_carea' id='block_1_32' title="bbox 1780 1848 3457 1958">
    <p class='ocr_par' dir='ltr' id='par_1_32' title="bbox 1818 1848 3457 1958">
     <span class='ocr_line' id='line_1_32' title="bbox 1818 1848 3457 1958; baseline 0.015 -44"><span class='ocrx_word' id='word_1_223' title='bbox 1818 1860 1870 1911; x_wconf 89' lang='lat' dir='ltr'><strong>in</strong></span> <span class='ocrx_word' id='word_1_224' title='bbox 1907 1874 2093 1915; x_wconf 83' lang='lat' dir='ltr'><strong>eorum</strong></span> <span class='ocrx_word' id='word_1_225' title='bbox 2121 1863 2320 1932; x_wconf 62' lang='lat' dir='ltr'><strong>capita)</strong></span> <span class='ocrx_word' id='word_1_226' title='bbox 2357 1849 2395 1903; x_wconf 76' lang='grc' dir='ltr'>Β</span> <span class='ocrx_word' id='word_1_227' title='bbox 2424 1848 2638 1944; x_wconf 63' lang='grc' dir='ltr'>Τριάδί,</span> <span class='ocrx_word' id='word_1_228' title='bbox 2668 1879 2700 1947; x_wconf 74' lang='grc' dir='ltr'><strong>ἡ</strong></span> <span class='ocrx_word' id='word_1_229' title='bbox 2731 1848 3457 1958; x_wconf 16' lang='grc' dir='ltr'>τοῦήΠνεύματοςοπροϐόλΛή.</span> 
     </span>
    </p>
   </div>
   <div class='ocr_carea' id='block_1_33' title="bbox 755 1945 2322 2026">
    <p class='ocr_par' dir='ltr' id='par_1_33' title="bbox 755 1945 2322 2026">
     <span class='ocr_line' id='line_1_33' title="bbox 755 1945 2322 2026; baseline 0.013 -33"><span class='ocrx_word' id='word_1_230' title='bbox 755 1957 864 1994; x_wconf 89' lang='lat' dir='ltr'><strong>non</strong></span> <span class='ocrx_word' id='word_1_231' title='bbox 891 1953 973 1997; x_wconf 90' lang='lat' dir='ltr'><strong>est</strong></span> <span class='ocrx_word' id='word_1_232' title='bbox 1006 1945 1110 1997; x_wconf 91' lang='lat' dir='ltr'><strong>ulla</strong></span> <span class='ocrx_word' id='word_1_233' title='bbox 1142 1949 1365 2000; x_wconf 88' lang='lat' dir='ltr'><strong>omnino</strong></span> <span class='ocrx_word' id='word_1_234' title='bbox 1391 1948 1625 2018; x_wconf 87' lang='lat' dir='ltr'><strong>Spiritus</strong></span> <span class='ocrx_word' id='word_1_235' title='bbox 1646 1954 1921 2020; x_wconf 87' lang='lat' dir='ltr'><strong>processio</strong></span> <span class='ocrx_word' id='word_1_236' title='bbox 1957 1956 2008 2008; x_wconf 93' lang='lat' dir='ltr'><strong>in</strong></span> <span class='ocrx_word' id='word_1_237' title='bbox 2045 1958 2322 2026; x_wconf 89' lang='lat' dir='ltr'><strong>perfectis-</strong></span> 
     </span>
    </p>
   </div>
   <div class='ocr_carea' id='block_1_34' title="bbox 754 2034 1768 2109">
    <p class='ocr_par' dir='ltr' id='par_1_34' title="bbox 754 2034 1768 2109">
     <span class='ocr_line' id='line_1_34' title="bbox 754 2034 1768 2109; baseline 0.014 -24"><span class='ocrx_word' id='word_1_238' title='bbox 754 2034 891 2087; x_wconf 86' lang='lat' dir='ltr'><strong>sima</strong></span> <span class='ocrx_word' id='word_1_239' title='bbox 926 2044 980 2088; x_wconf 91' lang='lat' dir='ltr'><strong>et</strong></span> <span class='ocrx_word' id='word_1_240' title='bbox 1009 2037 1170 2089; x_wconf 89' lang='lat' dir='ltr'><strong>vitam</strong></span> <span class='ocrx_word' id='word_1_241' title='bbox 1206 2039 1449 2109; x_wconf 81' lang='lat' dir='ltr'><strong>largienti</strong></span> <span class='ocrx_word' id='word_1_242' title='bbox 1486 2041 1768 2100; x_wconf 87' lang='lat' dir='ltr'><strong>Trinitate.</strong></span> 
     </span>
    </p>
   </div>
   <div class='ocr_carea' id='block_1_35' title="bbox 825 2125 2322 2211">
    <p class='ocr_par' dir='ltr' id='par_1_35' title="bbox 825 2125 2322 2211">
     <span class='ocr_line' id='line_1_35' title="bbox 825 2125 2322 2211; baseline 0.014 -33"><span class='ocrx_word' id='word_1_243' title='bbox 825 2125 915 2180; x_wconf 76' lang='grc'><strong>25.</strong></span> <span class='ocrx_word' id='word_1_244' title='bbox 959 2128 1137 2194; x_wconf 87' lang='lat' dir='ltr'><strong>Certe,</strong></span> <span class='ocrx_word' id='word_1_245' title='bbox 1160 2142 1416 2187; x_wconf 79' lang='lat' dir='ltr'><strong>sexcenta</strong></span> <span class='ocrx_word' id='word_1_246' title='bbox 1444 2137 1690 2203; x_wconf 76' lang='lat' dir='ltr'><strong>quaedam</strong></span> <span class='ocrx_word' id='word_1_247' title='bbox 1720 2139 1822 2192; x_wconf 87' lang='lat' dir='ltr'><strong>alia</strong></span> <span class='ocrx_word' id='word_1_248' title='bbox 1845 2157 1965 2194; x_wconf 91' lang='lat' dir='ltr'><strong>cum</strong></span> <span class='ocrx_word' id='word_1_249' title='bbox 1989 2142 2146 2211; x_wconf 86' lang='lat' dir='ltr'><strong>plena</strong></span> <span class='ocrx_word' id='word_1_250' title='bbox 2172 2161 2322 2199; x_wconf 90' lang='lat' dir='ltr'><strong>men-</strong></span> 
     </span>
    </p>
   </div>
   <div class='ocr_carea' id='block_1_36' title="bbox 754 2221 2320 2293">
    <p class='ocr_par' dir='ltr' id='par_1_36' title="bbox 754 2221 2320 2293">
     <span class='ocr_line' id='line_1_36' title="bbox 754 2221 2320 2293; baseline 0.016 -25"><span class='ocrx_word' id='word_1_251' title='bbox 754 2233 879 2271; x_wconf 89' lang='lat' dir='ltr'><strong>sura</strong></span> <span class='ocrx_word' id='word_1_252' title='bbox 909 2221 1030 2288; x_wconf 89' lang='lat' dir='ltr'><strong>quis</strong></span> <span class='ocrx_word' id='word_1_253' title='bbox 1060 2223 1328 2278; x_wconf 88' lang='lat' dir='ltr'><strong>addiderit</strong></span> <span class='ocrx_word' id='word_1_254' title='bbox 1362 2226 1425 2280; x_wconf 92' lang='lat' dir='ltr'><strong>ad</strong></span> <span class='ocrx_word' id='word_1_255' title='bbox 1473 2227 1596 2293; x_wconf 90' lang='lat' dir='ltr'><strong>ista,</strong></span> <span class='ocrx_word' id='word_1_256' title='bbox 1647 2232 1775 2286; x_wconf 90' lang='lat' dir='ltr'><strong>dum</strong></span> <span class='ocrx_word' id='word_1_257' title='bbox 1824 2233 2069 2290; x_wconf 81' lang='lat' dir='ltr'><strong>refellere</strong></span> <span class='ocrx_word' id='word_1_258' title='bbox 2106 2238 2320 2292; x_wconf 89' lang='lat' dir='ltr'><strong>atheam</strong></span> 
     </span>
    </p>
   </div>
   <div class='ocr_carea' id='block_1_37' title="bbox 756 2310 2320 2397">
    <p class='ocr_par' dir='ltr' id='par_1_37' title="bbox 756 2310 2320 2397">
     <span class='ocr_line' id='line_1_37' title="bbox 756 2310 2320 2397; baseline 0.014 -35"><span class='ocrx_word' id='word_1_259' title='bbox 756 2310 970 2364; x_wconf 90' lang='lat' dir='ltr'><strong>illorum</strong></span> <span class='ocrx_word' id='word_1_260' title='bbox 997 2316 1321 2370; x_wconf 89' lang='lat' dir='ltr'><strong>sententiam</strong></span> <span class='ocrx_word' id='word_1_261' title='bbox 1368 2321 1711 2389; x_wconf 82' lang='lat' dir='ltr'><strong>aggreditur;</strong></span> <span class='ocrx_word' id='word_1_262' title='bbox 1759 2340 1876 2393; x_wconf 73' lang='lat' dir='ltr'><strong>qua:</strong></span> <span class='ocrx_word' id='word_1_263' title='bbox 1909 2342 1994 2380; x_wconf 90' lang='lat' dir='ltr'><strong>me</strong></span> <span class='ocrx_word' id='word_1_264' title='bbox 2041 2328 2320 2397; x_wconf 88' lang='lat' dir='ltr'><strong>epistolica</strong></span> 
     </span>
    </p>
   </div>
   <div class='ocr_carea' id='block_1_38' title="bbox 756 2402 2320 2480">
    <p class='ocr_par' dir='ltr' id='par_1_38' title="bbox 756 2402 2320 2480">
     <span class='ocr_line' id='line_1_38' title="bbox 756 2402 2320 2480; baseline 0.013 -27"><span class='ocrx_word' id='word_1_265' title='bbox 756 2402 840 2456; x_wconf 84' lang='lat' dir='ltr'><strong>lex</strong></span> <span class='ocrx_word' id='word_1_266' title='bbox 870 2419 978 2457; x_wconf 92' lang='lat' dir='ltr'><strong>non</strong></span> <span class='ocrx_word' id='word_1_267' title='bbox 1016 2407 1217 2474; x_wconf 88' lang='lat' dir='ltr'><strong>patitur</strong></span> <span class='ocrx_word' id='word_1_268' title='bbox 1243 2409 1295 2460; x_wconf 93' lang='lat' dir='ltr'><strong>in</strong></span> <span class='ocrx_word' id='word_1_269' title='bbox 1329 2414 1613 2476; x_wconf 68' lang='lat' dir='ltr'><strong>praesentia</strong></span> <span class='ocrx_word' id='word_1_270' title='bbox 1648 2415 1864 2480; x_wconf 79' lang='lat' dir='ltr'><strong>afferre,</strong></span> <span class='ocrx_word' id='word_1_271' title='bbox 1913 2429 1966 2471; x_wconf 90' lang='lat' dir='ltr'><strong>et</strong></span> <span class='ocrx_word' id='word_1_272' title='bbox 2014 2420 2099 2473; x_wconf 81' lang='lat' dir='ltr'><strong>liis</strong></span> <span class='ocrx_word' id='word_1_273' title='bbox 2133 2421 2320 2474; x_wconf 88' lang='lat' dir='ltr'><strong>litteris</strong></span> 
     </span>
    </p>
   </div>
   <div class='ocr_carea' id='block_1_39' title="bbox 754 2493 2322 2575">
    <p class='ocr_par' dir='ltr' id='par_1_39' title="bbox 754 2493 2322 2575">
     <span class='ocr_line' id='line_1_39' title="bbox 754 2493 2322 2575; baseline 0.013 -30"><span class='ocrx_word' id='word_1_274' title='bbox 754 2493 997 2549; x_wconf 85' lang='lat' dir='ltr'><strong>inserere</strong></span> <span class='ocrx_word' id='word_1_275' title='bbox 1027 2513 1044 2551; x_wconf 84' lang='lat'><strong>:</strong></span> <span class='ocrx_word' id='word_1_276' title='bbox 1075 2507 1236 2567; x_wconf 89' lang='lat' dir='ltr'><strong>atque</strong></span> <span class='ocrx_word' id='word_1_277' title='bbox 1267 2500 1388 2554; x_wconf 92' lang='lat' dir='ltr'><strong>ideo</strong></span> <span class='ocrx_word' id='word_1_278' title='bbox 1418 2505 1580 2558; x_wconf 89' lang='lat' dir='ltr'><strong>etiam</strong></span> <span class='ocrx_word' id='word_1_279' title='bbox 1611 2521 1672 2558; x_wconf 89' lang='lat' dir='ltr'><strong>ea</strong></span> <span class='ocrx_word' id='word_1_280' title='bbox 1712 2523 1833 2575; x_wconf 61' lang='lat' dir='ltr'><strong>quae</strong></span> <span class='ocrx_word' id='word_1_281' title='bbox 1865 2509 1976 2562; x_wconf 78' lang='lat' dir='ltr'><strong>dixi</strong></span> <span class='ocrx_word' id='word_1_282' title='bbox 2010 2510 2248 2566; x_wconf 88' lang='lat' dir='ltr'><strong>breviter</strong></span> <span class='ocrx_word' id='word_1_283' title='bbox 2267 2523 2322 2566; x_wconf 91' lang='lat' dir='ltr'><strong>et</strong></span> 
     </span>
    </p>
   </div>
   <div class='ocr_carea' id='block_1_40' title="bbox 754 2585 2322 2665">
    <p class='ocr_par' dir='ltr' id='par_1_40' title="bbox 754 2585 2322 2665">
     <span class='ocr_line' id='line_1_40' title="bbox 754 2585 2322 2665; baseline 0.013 -27"><span class='ocrx_word' id='word_1_284' title='bbox 754 2585 1070 2656; x_wconf 87' lang='lat' dir='ltr'><strong>imperfecte</strong></span> <span class='ocrx_word' id='word_1_285' title='bbox 1100 2603 1227 2645; x_wconf 91' lang='lat' dir='ltr'><strong>sunt</strong></span> <span class='ocrx_word' id='word_1_286' title='bbox 1268 2593 1431 2660; x_wconf 90' lang='lat' dir='ltr'><strong>illata,</strong></span> <span class='ocrx_word' id='word_1_287' title='bbox 1481 2598 1836 2665; x_wconf 86' lang='lat' dir='ltr'><strong>particulares</strong></span> <span class='ocrx_word' id='word_1_288' title='bbox 1881 2601 2236 2659; x_wconf 88' lang='lat' dir='ltr'><strong>refutationes</strong></span> <span class='ocrx_word' id='word_1_289' title='bbox 2268 2614 2322 2659; x_wconf 89' lang='lat' dir='ltr'><strong>et</strong></span> 
     </span>
    </p>
   </div>
   <div class='ocr_carea' id='block_1_41' title="bbox 754 2681 2320 2764">
    <p class='ocr_par' dir='ltr' id='par_1_41' title="bbox 754 2681 2320 2764">
     <span class='ocr_line' id='line_1_41' title="bbox 754 2681 2320 2764; baseline 0.015 -32"><span class='ocrx_word' id='word_1_290' title='bbox 754 2681 1073 2750; x_wconf 88' lang='lat' dir='ltr'><strong>ampliorem</strong></span> <span class='ocrx_word' id='word_1_291' title='bbox 1127 2688 1358 2742; x_wconf 90' lang='lat' dir='ltr'><strong>docendi</strong></span> <span class='ocrx_word' id='word_1_292' title='bbox 1407 2691 1655 2756; x_wconf 87' lang='lat' dir='ltr'><strong>modum,</strong></span> <span class='ocrx_word' id='word_1_293' title='bbox 1707 2694 1817 2748; x_wconf 92' lang='lat' dir='ltr'><strong>Deo</strong></span> <span class='ocrx_word' id='word_1_294' title='bbox 1856 2699 2210 2764; x_wconf 90' lang='lat' dir='ltr'><strong>concedente,</strong></span> <span class='ocrx_word' id='word_1_295' title='bbox 2267 2701 2320 2755; x_wconf 93' lang='lat' dir='ltr'><strong>in</strong></span> 
     </span>
    </p>
   </div>
   <div class='ocr_carea' id='block_1_42' title="bbox 756 2782 2144 2850">
    <p class='ocr_par' dir='ltr' id='par_1_42' title="bbox 756 2782 2144 2850">
     <span class='ocr_line' id='line_1_42' title="bbox 756 2782 2144 2850; baseline 0.016 -28"><span class='ocrx_word' id='word_1_296' title='bbox 756 2782 1084 2828; x_wconf 88' lang='lat' dir='ltr'><strong>conventum</strong></span> <span class='ocrx_word' id='word_1_297' title='bbox 1115 2791 1459 2834; x_wconf 91' lang='lat' dir='ltr'><strong>communem</strong></span> <span class='ocrx_word' id='word_1_298' title='bbox 1485 2783 1749 2850; x_wconf 89' lang='lat' dir='ltr'><strong>sepositas</strong></span> <span class='ocrx_word' id='word_1_299' title='bbox 1781 2801 2144 2843; x_wconf 86' lang='lat' dir='ltr'><strong>reservamus.</strong></span> 
     </span>
    </p>
   </div>
   <div class='ocr_carea' id='block_1_43' title="bbox 823 2884 2320 2971">
    <p class='ocr_par' dir='ltr' id='par_1_43' title="bbox 823 2884 2320 2971">
     <span class='ocr_line' id='line_1_43' title="bbox 823 2884 2320 2971; baseline 0.015 -36"><span class='ocrx_word' id='word_1_300' title='bbox 823 2884 914 2936; x_wconf 65' lang='grc'><strong>24.</strong></span> <span class='ocrx_word' id='word_1_301' title='bbox 954 2885 1101 2940; x_wconf 90' lang='lat' dir='ltr'><strong>llanc</strong></span> <span class='ocrx_word' id='word_1_302' title='bbox 1154 2889 1486 2957; x_wconf 89' lang='lat' dir='ltr'><strong>impietatem</strong></span> <span class='ocrx_word' id='word_1_303' title='bbox 1537 2897 1884 2952; x_wconf 83' lang='lat' dir='ltr'><strong>tenebrarum</strong></span> <span class='ocrx_word' id='word_1_304' title='bbox 1946 2901 2022 2953; x_wconf 64' lang='grc' dir='ltr'><strong>ἰκΙὶ</strong></span> <span class='ocrx_word' id='word_1_305' title='bbox 2081 2902 2320 2971; x_wconf 85' lang='lat' dir='ltr'><strong>episcopi</strong></span> 
     </span>
    </p>
   </div>
   <div class='ocr_carea' id='block_1_44' title="bbox 755 2974 2322 3058">
    <p class='ocr_par' dir='ltr' id='par_1_44' title="bbox 755 2974 2322 3058">
     <span class='ocr_line' id='line_1_44' title="bbox 755 2974 2322 3058; baseline 0.017 -35"><span class='ocrx_word' id='word_1_306' title='bbox 755 2974 904 3042; x_wconf 88' lang='lat' dir='ltr'><strong>(nam</strong></span> <span class='ocrx_word' id='word_1_307' title='bbox 941 2991 999 3030; x_wconf 92' lang='lat' dir='ltr'><strong>se</strong></span> <span class='ocrx_word' id='word_1_308' title='bbox 1041 2978 1328 3049; x_wconf 80' lang='lat' dir='ltr'><strong>episcopos</strong></span> <span class='ocrx_word' id='word_1_309' title='bbox 1365 2985 1744 3058; x_wconf 68' lang='lat' dir='ltr'><strong>praaferebant)</strong></span> <span class='ocrx_word' id='word_1_310' title='bbox 1797 3006 1902 3042; x_wconf 87' lang='lat' dir='ltr'><strong>una</strong></span> <span class='ocrx_word' id='word_1_311' title='bbox 1941 3007 2068 3045; x_wconf 91' lang='lat' dir='ltr'><strong>cum</strong></span> <span class='ocrx_word' id='word_1_312' title='bbox 2122 2994 2322 3050; x_wconf 89' lang='lat' dir='ltr'><strong>illicitis</strong></span> 
     </span>
    </p>
   </div>
   <div class='ocr_carea' id='block_1_45' title="bbox 755 3065 2320 3150">
    <p class='ocr_par' dir='ltr' id='par_1_45' title="bbox 755 3065 2320 3150">
     <span class='ocr_line' id='line_1_45' title="bbox 755 3065 2320 3150; baseline 0.016 -34"><span class='ocrx_word' id='word_1_313' title='bbox 755 3073 811 3117; x_wconf 87' lang='lat' dir='ltr'><strong>ct</strong></span> <span class='ocrx_word' id='word_1_314' title='bbox 842 3065 1130 3136; x_wconf 81' lang='lat' dir='ltr'><strong>illegitimis</strong></span> <span class='ocrx_word' id='word_1_315' title='bbox 1160 3071 1281 3126; x_wconf 90' lang='lat' dir='ltr'><strong>aliis</strong></span> <span class='ocrx_word' id='word_1_316' title='bbox 1315 3076 1457 3142; x_wconf 92' lang='lat' dir='ltr'><strong>apud</strong></span> <span class='ocrx_word' id='word_1_317' title='bbox 1505 3087 1721 3145; x_wconf 81' lang='lat' dir='ltr'><strong>gentem</strong></span> <span class='ocrx_word' id='word_1_318' title='bbox 1765 3081 2100 3150; x_wconf 71' lang='lat' dir='ltr'><strong>Bulgarieam</strong></span> <span class='ocrx_word' id='word_1_319' title='bbox 2145 3086 2320 3140; x_wconf 83' lang='lat' dir='ltr'><strong>disse-</strong></span> 
     </span>
    </p>
   </div>
   <div class='ocr_carea' id='block_1_46' title="bbox 2498 2147 3993 2229">
    <p class='ocr_par' dir='ltr' id='par_1_46' title="bbox 2498 2147 3993 2229">
     <span class='ocr_line' id='line_1_46' title="bbox 2498 2147 3993 2229; baseline 0.008 -31"><span class='ocrx_word' id='word_1_320' title='bbox 2498 2152 2604 2211; x_wconf 89' lang='grc' dir='ltr'>κγ’.</span> <span class='ocrx_word' id='word_1_321' title='bbox 2634 2147 2742 2200; x_wconf 74' lang='grc' dir='ltr'>Καὶ</span> <span class='ocrx_word' id='word_1_322' title='bbox 2777 2148 2945 2218; x_wconf 77' lang='grc' dir='ltr'>μυρία</span> <span class='ocrx_word' id='word_1_323' title='bbox 2978 2149 3044 2203; x_wconf 81' lang='grc' dir='ltr'>ἄν</span> <span class='ocrx_word' id='word_1_324' title='bbox 3092 2168 3196 2214; x_wconf 89' lang='grc' dir='ltr'>τις,</span> <span class='ocrx_word' id='word_1_325' title='bbox 3227 2153 3326 2223; x_wconf 83' lang='grc' dir='ltr'>τὴν</span> <span class='ocrx_word' id='word_1_326' title='bbox 3351 2152 3510 2207; x_wconf 82' lang='grc' dir='ltr'>ἄθεον</span> <span class='ocrx_word' id='word_1_327' title='bbox 3538 2157 3717 2210; x_wconf 86' lang='grc' dir='ltr'>αὐτῶν</span> <span class='ocrx_word' id='word_1_328' title='bbox 3763 2159 3993 2229; x_wconf 75' lang='grc' dir='ltr'>γνώμη-ι</span> 
     </span>
    </p>
   </div>
   <div class='ocr_carea' id='block_1_47' title="bbox 2420 2237 3992 2320">
    <p class='ocr_par' dir='ltr' id='par_1_47' title="bbox 2420 2237 3992 2320">
     <span class='ocr_line' id='line_1_47' title="bbox 2420 2237 3992 2320; baseline 0.009 -29"><span class='ocrx_word' id='word_1_329' title='bbox 2420 2237 2731 2310; x_wconf 85' lang='grc' dir='ltr'>διελέγχων,</span> <span class='ocrx_word' id='word_1_330' title='bbox 2777 2245 2892 2306; x_wconf 89' lang='grc' dir='ltr'>τοῖς</span> <span class='ocrx_word' id='word_1_331' title='bbox 2945 2243 3260 2314; x_wconf 76' lang='grc' dir='ltr'>εἰρημένοις</span> <span class='ocrx_word' id='word_1_332' title='bbox 3305 2247 3750 2319; x_wconf 83' lang='grc' dir='ltr'>ἐπιμετρήσειεν,</span> <span class='ocrx_word' id='word_1_333' title='bbox 3802 2251 3838 2304; x_wconf 79' lang='grc' dir='ltr'><strong>ἀ</strong></span> <span class='ocrx_word' id='word_1_334' title='bbox 3890 2254 3992 2320; x_wconf 83' lang='grc' dir='ltr'>τῆς</span> 
     </span>
    </p>
   </div>
   <div class='ocr_carea' id='block_1_48' title="bbox 2421 2335 3991 2414">
    <p class='ocr_par' dir='ltr' id='par_1_48' title="bbox 2421 2335 3991 2414">
     <span class='ocr_line' id='line_1_48' title="bbox 2421 2335 3991 2414; baseline 0.008 -29"><span class='ocrx_word' id='word_1_335' title='bbox 2421 2335 2708 2404; x_wconf 78' lang='grc' dir='ltr'>ἐπιστολῆς</span> <span class='ocrx_word' id='word_1_336' title='bbox 2740 2337 2768 2387; x_wconf 89' lang='grc' dir='ltr'><strong>ὁ</strong></span> <span class='ocrx_word' id='word_1_337' title='bbox 2793 2336 2957 2405; x_wconf 83' lang='grc' dir='ltr'>νόμος</span> <span class='ocrx_word' id='word_1_338' title='bbox 2987 2337 3088 2390; x_wconf 87' lang='grc' dir='ltr'>οὐκ</span> <span class='ocrx_word' id='word_1_339' title='bbox 3115 2339 3178 2407; x_wconf 82' lang='grc' dir='ltr'><strong>ἐᾷ</strong></span> <span class='ocrx_word' id='word_1_340' title='bbox 3202 2339 3295 2391; x_wconf 82' lang='grc' dir='ltr'>νῦν</span> <span class='ocrx_word' id='word_1_341' title='bbox 3329 2341 3627 2404; x_wconf 86' lang='grc' dir='ltr'>ἐντάττειν,</span> <span class='ocrx_word' id='word_1_342' title='bbox 3657 2344 3774 2396; x_wconf 78' lang='grc' dir='ltr'>οὐδὲ</span> <span class='ocrx_word' id='word_1_343' title='bbox 3805 2362 3991 2414; x_wconf 84' lang='grc' dir='ltr'>παρα-</span> 
     </span>
    </p>
   </div>
   <div class='ocr_carea' id='block_1_49' title="bbox 2420 2426 3991 2504">
    <p class='ocr_par' dir='ltr' id='par_1_49' title="bbox 2420 2426 3991 2504">
     <span class='ocr_line' id='line_1_49' title="bbox 2420 2426 3991 2504; baseline 0.008 -27"><span class='ocrx_word' id='word_1_344' title='bbox 2420 2426 2694 2479; x_wconf 80' lang='grc' dir='ltr'>τίθεσθαι³</span> <span class='ocrx_word' id='word_1_345' title='bbox 2727 2427 2795 2479; x_wconf 83' lang='grc' dir='ltr'><strong>δι’</strong></span> <span class='ocrx_word' id='word_1_346' title='bbox 2842 2427 2870 2480; x_wconf 82' lang='grc' dir='ltr'>ὃ</span> <span class='ocrx_word' id='word_1_347' title='bbox 2905 2430 2999 2481; x_wconf 75' lang='grc' dir='ltr'>καὶ</span> <span class='ocrx_word' id='word_1_348' title='bbox 3051 2430 3195 2501; x_wconf 82' lang='grc' dir='ltr'>άπερ</span> <span class='ocrx_word' id='word_1_349' title='bbox 3252 2434 3486 2501; x_wconf 80' lang='grc' dir='ltr'>εἴρηται,</span> <span class='ocrx_word' id='word_1_350' title='bbox 3525 2436 3883 2504; x_wconf 82' lang='grc' dir='ltr'>στοιχειωδῶς</span> <span class='ocrx_word' id='word_1_351' title='bbox 3931 2456 3991 2488; x_wconf 82' lang='grc' dir='ltr'><strong>τε</strong></span> 
     </span>
    </p>
   </div>
   <div class='ocr_carea' id='block_1_50' title="bbox 2422 2518 3992 2596">
    <p class='ocr_par' dir='ltr' id='par_1_50' title="bbox 2422 2518 3992 2596">
     <span class='ocr_line' id='line_1_50' title="bbox 2422 2518 3992 2596; baseline 0.008 -28"><span class='ocrx_word' id='word_1_352' title='bbox 2422 2518 2516 2569; x_wconf 81' lang='grc' dir='ltr'>καὶ</span> <span class='ocrx_word' id='word_1_353' title='bbox 2555 2520 2612 2570; x_wconf 82' lang='grc' dir='ltr'><strong>ἐν</strong></span> <span class='ocrx_word' id='word_1_354' title='bbox 2641 2518 2797 2587; x_wconf 86' lang='grc' dir='ltr'>τύπῳ</span> <span class='ocrx_word' id='word_1_355' title='bbox 2823 2520 3246 2592; x_wconf 81' lang='grc' dir='ltr'><strong>ἀπηγγέλθησαν</strong></span> <span class='ocrx_word' id='word_1_356' title='bbox 3293 2524 3402 2576; x_wconf 82' lang='grc' dir='ltr'><strong>τῶν</strong></span> <span class='ocrx_word' id='word_1_357' title='bbox 3456 2525 3596 2578; x_wconf 87' lang='grc' dir='ltr'><strong>κατά</strong></span> <span class='ocrx_word' id='word_1_358' title='bbox 3637 2527 3800 2596; x_wconf 80' lang='grc' dir='ltr'>μέρος</span> <span class='ocrx_word' id='word_1_359' title='bbox 3833 2529 3992 2596; x_wconf 80' lang='grc' dir='ltr'>ἐλέγ-</span> 
     </span>
    </p>
   </div>
   <div class='ocr_carea' id='block_1_51' title="bbox 2420 2610 3988 2686">
    <p class='ocr_par' dir='ltr' id='par_1_51' title="bbox 2420 2610 3988 2686">
     <span class='ocr_line' id='line_1_51' title="bbox 2420 2610 3988 2686; baseline 0.01 -26"><span class='ocrx_word' id='word_1_360' title='bbox 2420 2626 2553 2677; x_wconf 83' lang='grc' dir='ltr'>χων,</span> <span class='ocrx_word' id='word_1_361' title='bbox 2584 2610 2679 2662; x_wconf 74' lang='grc' dir='ltr'><strong>καὶ⁹</strong></span> <span class='ocrx_word' id='word_1_362' title='bbox 2705 2612 2805 2678; x_wconf 84' lang='grc' dir='ltr'>τῆς</span> <span class='ocrx_word' id='word_1_363' title='bbox 2833 2614 2891 2664; x_wconf 92' lang='grc' dir='ltr'><strong>ἐν</strong></span> <span class='ocrx_word' id='word_1_364' title='bbox 2923 2614 3112 2667; x_wconf 90' lang='grc' dir='ltr'>πλάτει</span> <span class='ocrx_word' id='word_1_365' title='bbox 3154 2616 3525 2680; x_wconf 81' lang='grc' dir='ltr'><strong>διδασκαλίας,</strong></span> <span class='ocrx_word' id='word_1_366' title='bbox 3571 2618 3706 2671; x_wconf 82' lang='grc' dir='ltr'>Θεοῦ</span> <span class='ocrx_word' id='word_1_367' title='bbox 3732 2621 3988 2686; x_wconf 85' lang='grc' dir='ltr'>διδόντος,</span> 
     </span>
    </p>
   </div>
   <div class='ocr_carea' id='block_1_52' title="bbox 2421 2701 3658 2776">
    <p class='ocr_par' dir='ltr' id='par_1_52' title="bbox 2421 2701 3658 2776">
     <span class='ocr_line' id='line_1_52' title="bbox 2421 2701 3658 2776; baseline 0.01 -23"><span class='ocrx_word' id='word_1_368' title='bbox 2421 2703 2502 2764; x_wconf 76' lang='grc' dir='ltr'><strong>εἰς</strong></span> <span class='ocrx_word' id='word_1_369' title='bbox 2534 2701 2632 2774; x_wconf 81' lang='grc' dir='ltr'><strong>τὴν</strong></span> <span class='ocrx_word' id='word_1_370' title='bbox 2663 2704 2848 2775; x_wconf 81' lang='grc' dir='ltr'>κοινὴν</span> <span class='ocrx_word' id='word_1_371' title='bbox 2877 2708 3286 2776; x_wconf 84' lang='grc' dir='ltr'>ταμιευομένων</span> <span class='ocrx_word' id='word_1_372' title='bbox 3327 2711 3658 2765; x_wconf 78' lang='grc' dir='ltr'>συνέλευσιν.</span> 
     </span>
    </p>
   </div>
   <div class='ocr_carea' id='block_1_53' title="bbox 2487 2901 3992 2973">
    <p class='ocr_par' dir='ltr' id='par_1_53' title="bbox 2487 2901 3992 2973">
     <span class='ocr_line' id='line_1_53' title="bbox 2487 2901 3992 2973; baseline 0.007 -20"><span class='ocrx_word' id='word_1_373' title='bbox 2487 2901 2587 2954; x_wconf 85' lang='grc' dir='ltr'>κδ’.</span> <span class='ocrx_word' id='word_1_374' title='bbox 2639 2902 2856 2970; x_wconf 86' lang='grc' dir='ltr'>Ταύτην</span> <span class='ocrx_word' id='word_1_375' title='bbox 2898 2903 2996 2973; x_wconf 81' lang='grc' dir='ltr'>τὴν</span> <span class='ocrx_word' id='word_1_376' title='bbox 3025 2904 3278 2956; x_wconf 78' lang='grc' dir='ltr'>ἀσέϐειαν</span> <span class='ocrx_word' id='word_1_377' title='bbox 3303 2907 3352 2957; x_wconf 85' lang='grc' dir='ltr'>οἱ</span> <span class='ocrx_word' id='word_1_378' title='bbox 3394 2905 3488 2958; x_wconf 77' lang='grc' dir='ltr'>τοῦ</span> <span class='ocrx_word' id='word_1_379' title='bbox 3539 2908 3764 2970; x_wconf 88' lang='grc' dir='ltr'>σκότους</span> <span class='ocrx_word' id='word_1_380' title='bbox 3792 2911 3992 2962; x_wconf 85' lang='grc' dir='ltr'>ἐκεῖνοι</span> 
     </span>
    </p>
   </div>
   <div class='ocr_carea' id='block_1_54' title="bbox 2422 2993 3990 3071">
    <p class='ocr_par' dir='ltr' id='par_1_54' title="bbox 2422 2993 3990 3071">
     <span class='ocr_line' id='line_1_54' title="bbox 2422 2993 3990 3071; baseline 0.006 -27"><span class='ocrx_word' id='word_1_381' title='bbox 2422 2993 2710 3046; x_wconf 87' lang='grc' dir='ltr'>ἐπίσκοποι</span> <span class='ocrx_word' id='word_1_382' title='bbox 2763 2997 3124 3059; x_wconf 85' lang='grc' dir='ltr'>(ἐπισκόπους</span> <span class='ocrx_word' id='word_1_383' title='bbox 3186 3000 3297 3067; x_wconf 78' lang='grc' dir='ltr'><strong>γάρ</strong></span> <span class='ocrx_word' id='word_1_384' title='bbox 3340 3001 3569 3062; x_wconf 81' lang='grc' dir='ltr'>ἑαυτοὺς</span> <span class='ocrx_word' id='word_1_385' title='bbox 3625 3002 3990 3071; x_wconf 78' lang='grc' dir='ltr'>ἐπεφήμιζον)</span> 
     </span>
    </p>
   </div>
   <div class='ocr_carea' id='block_1_55' title="bbox 2428 3087 3992 3162">
    <p class='ocr_par' dir='ltr' id='par_1_55' title="bbox 2428 3087 3992 3162">
     <span class='ocr_line' id='line_1_55' title="bbox 2428 3087 3992 3162; baseline 0.007 -26"><span class='ocrx_word' id='word_1_386' title='bbox 2428 3087 2566 3152; x_wconf 86' lang='grc' dir='ltr'><strong>μετά</strong></span> <span class='ocrx_word' id='word_1_387' title='bbox 2607 3087 2716 3138; x_wconf 88' lang='grc' dir='ltr'><strong>τῶν</strong></span> <span class='ocrx_word' id='word_1_388' title='bbox 2754 3088 2927 3140; x_wconf 84' lang='grc' dir='ltr'>ἄλλων</span> <span class='ocrx_word' id='word_1_389' title='bbox 2970 3090 3264 3157; x_wconf 81' lang='grc' dir='ltr'>ἀθεμίτων,</span> <span class='ocrx_word' id='word_1_390' title='bbox 3315 3092 3639 3162; x_wconf 77' lang='grc' dir='ltr'>Βουλγάρων</span> <span class='ocrx_word' id='word_1_391' title='bbox 3697 3095 3848 3157; x_wconf 79' lang='grc' dir='ltr'>ἔθνος</span> <span class='ocrx_word' id='word_1_392' title='bbox 3903 3097 3992 3146; x_wconf 87' lang='grc' dir='ltr'>ἐν-</span> 
     </span>
    </p>
   </div>
   <div class='ocr_carea' id='block_1_56' title="bbox 755 3157 2432 3257">
    <p class='ocr_par' dir='ltr' id='par_1_56' title="bbox 755 3157 2432 3246">
     <span class='ocr_line' id='line_1_56' title="bbox 755 3157 2432 3246; baseline 0.016 -38"><span class='ocrx_word' id='word_1_393' title='bbox 755 3157 1055 3213; x_wconf 90' lang='lat' dir='ltr'><strong>minabant.</strong></span> <span class='ocrx_word' id='word_1_394' title='bbox 1099 3163 1302 3219; x_wconf 83' lang='lat' dir='ltr'><strong>Harum</strong></span> <span class='ocrx_word' id='word_1_395' title='bbox 1355 3183 1538 3221; x_wconf 90' lang='lat' dir='ltr'><strong>rerum</strong></span> <span class='ocrx_word' id='word_1_396' title='bbox 1574 3171 1713 3225; x_wconf 85' lang='lat' dir='ltr'><strong>fama</strong></span> <span class='ocrx_word' id='word_1_397' title='bbox 1771 3177 2021 3241; x_wconf 86' lang='lat' dir='ltr'><strong>pervenit</strong></span> <span class='ocrx_word' id='word_1_398' title='bbox 2063 3177 2129 3230; x_wconf 91' lang='lat' dir='ltr'><strong>ad</strong></span> <span class='ocrx_word' id='word_1_399' title='bbox 2160 3194 2321 3233; x_wconf 89' lang='lat' dir='ltr'><strong>aures</strong></span> <span class='ocrx_word' id='word_1_400' title='bbox 2347 3191 2387 3246; x_wconf 71' lang='grc' dir='ltr'><strong>(ζ</strong></span> <span class='ocrx_word' id='word_1_401' title='bbox 2422 3196 2432 3229; x_wconf 75' lang='grc' dir='ltr'><strong>ι</strong></span> 
     </span>
    </p>
   </div>
   <div class='ocr_carea' id='block_1_57' title="bbox 2310 3157 3987 3257">
    <p class='ocr_par' dir='ltr' id='par_1_57' title="bbox 2310 3157 3987 3257">
     <span class='ocr_line' id='line_1_57' title="bbox 2310 3157 3987 3257; baseline 0.007 -29"><span class='ocrx_word' id='word_1_402' title='bbox 2310 3191 2387 3246; x_wconf 72' lang='grc' dir='ltr'>ις</span> <span class='ocrx_word' id='word_1_403' title='bbox 2422 3177 2682 3247; x_wconf 68' lang='grc' dir='ltr'>έσπειραν</span> <span class='ocrx_word' id='word_1_404' title='bbox 2707 3193 2722 3207; x_wconf 89' lang='grc'>·</span> <span class='ocrx_word' id='word_1_405' title='bbox 2755 3174 2916 3248; x_wconf 84' lang='grc' dir='ltr'>ἦλθεν</span> <span class='ocrx_word' id='word_1_406' title='bbox 2945 3182 2977 3248; x_wconf 82' lang='grc' dir='ltr'>ὴ</span> <span class='ocrx_word' id='word_1_407' title='bbox 3035 3181 3236 3234; x_wconf 88' lang='grc' dir='ltr'>τούτων</span> <span class='ocrx_word' id='word_1_408' title='bbox 3276 3185 3432 3253; x_wconf 77' lang='grc' dir='ltr'>φήμη</span> <span class='ocrx_word' id='word_1_409' title='bbox 3467 3157 3676 3249; x_wconf 74' lang='grc' dir='ltr'>εἰςτὰς</span> <span class='ocrx_word' id='word_1_410' title='bbox 3710 3187 3987 3257; x_wconf 73' lang='grc' dir='ltr'>ἡμετέρας</span> 
     </span>
    </p>
   </div>
   <div class='ocr_carea' id='block_1_58' title="bbox 754 3256 2316 3336">
    <p class='ocr_par' dir='ltr' id='par_1_58' title="bbox 754 3256 2316 3336">
     <span class='ocr_line' id='line_1_58' title="bbox 754 3256 2316 3336; baseline 0.016 -36"><span class='ocrx_word' id='word_1_411' title='bbox 754 3261 999 3318; x_wconf 88' lang='lat' dir='ltr'><strong>nostras;</strong></span> <span class='ocrx_word' id='word_1_412' title='bbox 1035 3256 1302 3311; x_wconf 89' lang='lat' dir='ltr'><strong>vulnerati</strong></span> <span class='ocrx_word' id='word_1_413' title='bbox 1333 3275 1520 3316; x_wconf 87' lang='lat' dir='ltr'><strong>sumus</strong></span> <span class='ocrx_word' id='word_1_414' title='bbox 1549 3263 1733 3317; x_wconf 80' lang='lat' dir='ltr'><strong>letliali</strong></span> <span class='ocrx_word' id='word_1_415' title='bbox 1766 3266 1991 3321; x_wconf 88' lang='lat' dir='ltr'><strong>vulnere</strong></span> <span class='ocrx_word' id='word_1_416' title='bbox 2023 3284 2118 3336; x_wconf 90' lang='lat' dir='ltr'><strong>per</strong></span> <span class='ocrx_word' id='word_1_417' title='bbox 2140 3273 2316 3325; x_wconf 86' lang='lat' dir='ltr'><strong>media</strong></span> 
     </span>
    </p>
   </div>
   <div class='ocr_carea' id='block_1_59' title="bbox 757 3342 2316 3424">
    <p class='ocr_par' dir='ltr' id='par_1_59' title="bbox 757 3342 2316 3424">
     <span class='ocr_line' id='line_1_59' title="bbox 757 3342 2316 3424; baseline 0.015 -31"><span class='ocrx_word' id='word_1_418' title='bbox 757 3342 964 3397; x_wconf 80' lang='lat' dir='ltr'><strong>viscera</strong></span> <span class='ocrx_word' id='word_1_419' title='bbox 1019 3356 1223 3412; x_wconf 90' lang='lat' dir='ltr'><strong>nostra,</strong></span> <span class='ocrx_word' id='word_1_420' title='bbox 1260 3365 1368 3403; x_wconf 90' lang='lat' dir='ltr'><strong>non</strong></span> <span class='ocrx_word' id='word_1_421' title='bbox 1409 3368 1566 3407; x_wconf 91' lang='lat' dir='ltr'><strong>secus</strong></span> <span class='ocrx_word' id='word_1_422' title='bbox 1607 3371 1768 3424; x_wconf 90' lang='lat' dir='ltr'><strong>quam</strong></span> <span class='ocrx_word' id='word_1_423' title='bbox 1815 3358 1860 3412; x_wconf 91' lang='lat' dir='ltr'><strong>si</strong></span> <span class='ocrx_word' id='word_1_424' title='bbox 1905 3375 2085 3413; x_wconf 90' lang='lat' dir='ltr'><strong>coram</strong></span> <span class='ocrx_word' id='word_1_425' title='bbox 2134 3371 2188 3414; x_wconf 91' lang='lat' dir='ltr'><strong>et</strong></span> <span class='ocrx_word' id='word_1_426' title='bbox 2216 3364 2316 3417; x_wconf 88' lang='lat' dir='ltr'><strong>sub</strong></span> 
     </span>
    </p>
   </div>
   <div class='ocr_carea' id='block_1_60' title="bbox 751 3441 2317 3512">
    <p class='ocr_par' dir='ltr' id='par_1_60' title="bbox 751 3441 2317 3512">
     <span class='ocr_line' id='line_1_60' title="bbox 751 3441 2317 3512; baseline 0.015 -26"><span class='ocrx_word' id='word_1_427' title='bbox 751 3445 972 3502; x_wconf 85' lang='lat' dir='ltr'><strong>aspectu</strong></span> <span class='ocrx_word' id='word_1_428' title='bbox 1000 3453 1098 3493; x_wconf 92' lang='lat' dir='ltr'><strong>suo</strong></span> <span class='ocrx_word' id='word_1_429' title='bbox 1125 3441 1319 3495; x_wconf 82' lang='lat' dir='ltr'><strong>viderit</strong></span> <span class='ocrx_word' id='word_1_430' title='bbox 1340 3445 1606 3512; x_wconf 91' lang='lat' dir='ltr'><strong>quispiam</strong></span> <span class='ocrx_word' id='word_1_431' title='bbox 1631 3449 1832 3502; x_wconf 86' lang='lat' dir='ltr'><strong>ventris</strong></span> <span class='ocrx_word' id='word_1_432' title='bbox 1849 3451 1931 3503; x_wconf 90' lang='lat' dir='ltr'><strong>sui</strong></span> <span class='ocrx_word' id='word_1_433' title='bbox 1965 3451 2124 3506; x_wconf 72' lang='lat' dir='ltr'><strong>fretus</strong></span> <span class='ocrx_word' id='word_1_434' title='bbox 2153 3470 2180 3507; x_wconf 92' lang='lat' dir='ltr'><strong>a</strong></span> <span class='ocrx_word' id='word_1_435' title='bbox 2203 3470 2317 3508; x_wconf 88' lang='lat' dir='ltr'><strong>ser-</strong></span> 
     </span>
    </p>
   </div>
   <div class='ocr_carea' id='block_1_61' title="bbox 753 3528 2316 3615">
    <p class='ocr_par' dir='ltr' id='par_1_61' title="bbox 753 3528 2316 3615">
     <span class='ocr_line' id='line_1_61' title="bbox 753 3528 2316 3615; baseline 0.016 -38"><span class='ocrx_word' id='word_1_436' title='bbox 753 3528 1007 3593; x_wconf 86' lang='lat' dir='ltr'><strong>pentibus</strong></span> <span class='ocrx_word' id='word_1_437' title='bbox 1028 3540 1081 3583; x_wconf 89' lang='lat' dir='ltr'><strong>et</strong></span> <span class='ocrx_word' id='word_1_438' title='bbox 1109 3531 1300 3586; x_wconf 89' lang='lat' dir='ltr'><strong>belluis</strong></span> <span class='ocrx_word' id='word_1_439' title='bbox 1328 3535 1431 3588; x_wconf 88' lang='lat' dir='ltr'><strong>huc</strong></span> <span class='ocrx_word' id='word_1_440' title='bbox 1465 3537 1593 3591; x_wconf 90' lang='lat' dir='ltr'><strong>illuc</strong></span> <span class='ocrx_word' id='word_1_441' title='bbox 1630 3539 1931 3609; x_wconf 87' lang='lat' dir='ltr'><strong>discerptos</strong></span> <span class='ocrx_word' id='word_1_442' title='bbox 1977 3554 2031 3597; x_wconf 92' lang='lat' dir='ltr'><strong>et</strong></span> <span class='ocrx_word' id='word_1_443' title='bbox 2075 3546 2316 3615; x_wconf 85' lang='lat' dir='ltr'><strong>direptos</strong></span> 
     </span>
    </p>
   </div>
   <div class='ocr_carea' id='block_1_62' title="bbox 750 3620 2315 3700">
    <p class='ocr_par' dir='ltr' id='par_1_62' title="bbox 750 3620 2315 3700">
     <span class='ocr_line' id='line_1_62' title="bbox 750 3620 2315 3700; baseline 0.013 -28"><span class='ocrx_word' id='word_1_444' title='bbox 750 3620 1181 3689; x_wconf 90' lang='lat' dir='ltr'><strong>circumraptari.</strong></span> <span class='ocrx_word' id='word_1_445' title='bbox 1213 3626 1315 3690; x_wconf 78' lang='lat' dir='ltr'><strong>Qui</strong></span> <span class='ocrx_word' id='word_1_446' title='bbox 1344 3628 1489 3682; x_wconf 89' lang='lat' dir='ltr'><strong>enim</strong></span> <span class='ocrx_word' id='word_1_447' title='bbox 1519 3631 1782 3697; x_wconf 89' lang='lat' dir='ltr'><strong>studium,</strong></span> <span class='ocrx_word' id='word_1_448' title='bbox 1812 3633 2044 3700; x_wconf 87' lang='lat' dir='ltr'><strong>labores,</strong></span> <span class='ocrx_word' id='word_1_449' title='bbox 2089 3640 2315 3693; x_wconf 88' lang='lat' dir='ltr'><strong>sudores</strong></span> 
     </span>
    </p>
   </div>
   <div class='ocr_carea' id='block_1_63' title="bbox 753 3711 2312 3791">
    <p class='ocr_par' dir='ltr' id='par_1_63' title="bbox 753 3711 2312 3791">
     <span class='ocr_line' id='line_1_63' title="bbox 753 3711 2312 3791; baseline 0.015 -29"><span class='ocrx_word' id='word_1_450' title='bbox 753 3711 807 3762; x_wconf 91' lang='lat' dir='ltr'><strong>in</strong></span> <span class='ocrx_word' id='word_1_451' title='bbox 841 3713 1052 3767; x_wconf 88' lang='lat' dir='ltr'><strong>illorum</strong></span> <span class='ocrx_word' id='word_1_452' title='bbox 1079 3721 1540 3786; x_wconf 83' lang='lat' dir='ltr'><strong>regenerationem</strong></span> <span class='ocrx_word' id='word_1_453' title='bbox 1567 3731 1623 3775; x_wconf 88' lang='lat' dir='ltr'><strong>et</strong></span> <span class='ocrx_word' id='word_1_454' title='bbox 1644 3723 1975 3791; x_wconf 88' lang='lat' dir='ltr'><strong>baptismum</strong></span> <span class='ocrx_word' id='word_1_455' title='bbox 2006 3732 2312 3785; x_wconf 89' lang='lat' dir='ltr'><strong>contulera-</strong></span> 
     </span>
    </p>
   </div>
   <div class='ocr_carea' id='block_1_64' title="bbox 752 3809 2314 3876">
    <p class='ocr_par' dir='ltr' id='par_1_64' title="bbox 752 3809 2314 3876">
     <span class='ocr_line' id='line_1_64' title="bbox 752 3809 2314 3876; baseline 0.015 -23"><span class='ocrx_word' id='word_1_456' title='bbox 752 3819 894 3864; x_wconf 88' lang='lat' dir='ltr'><strong>mns,</strong></span> <span class='ocrx_word' id='word_1_457' title='bbox 926 3821 1033 3859; x_wconf 87' lang='lat' dir='ltr'><strong>non</strong></span> <span class='ocrx_word' id='word_1_458' title='bbox 1077 3809 1194 3863; x_wconf 90' lang='lat' dir='ltr'><strong>sine</strong></span> <span class='ocrx_word' id='word_1_459' title='bbox 1238 3812 1450 3866; x_wconf 82' lang='lat' dir='ltr'><strong>ratione</strong></span> <span class='ocrx_word' id='word_1_460' title='bbox 1489 3813 1731 3869; x_wconf 90' lang='lat' dir='ltr'><strong>dolorem</strong></span> <span class='ocrx_word' id='word_1_461' title='bbox 1779 3816 2207 3874; x_wconf 82' lang='lat' dir='ltr'><strong>insuﬂ&#39;erendum</strong></span> <span class='ocrx_word' id='word_1_462' title='bbox 2260 3833 2314 3876; x_wconf 89' lang='lat' dir='ltr'><strong>et</strong></span> 
     </span>
    </p>
   </div>
   <div class='ocr_carea' id='block_1_65' title="bbox 750 3897 2311 3982">
    <p class='ocr_par' dir='ltr' id='par_1_65' title="bbox 750 3897 2311 3982">
     <span class='ocr_line' id='line_1_65' title="bbox 750 3897 2311 3982; baseline 0.014 -35"><span class='ocrx_word' id='word_1_463' title='bbox 750 3897 1113 3954; x_wconf 88' lang='lat' dir='ltr'><strong>calamitatem</strong></span> <span class='ocrx_word' id='word_1_464' title='bbox 1168 3903 1471 3968; x_wconf 88' lang='lat' dir='ltr'><strong>tulerimus,</strong></span> <span class='ocrx_word' id='word_1_465' title='bbox 1517 3918 1704 3974; x_wconf 90' lang='lat' dir='ltr'><strong>partus</strong></span> <span class='ocrx_word' id='word_1_466' title='bbox 1732 3919 1951 3964; x_wconf 88' lang='lat' dir='ltr'><strong>nostros</strong></span> <span class='ocrx_word' id='word_1_467' title='bbox 2001 3912 2311 3982; x_wconf 89' lang='lat' dir='ltr'><strong>deperditos</strong></span> 
     </span>
    </p>
   </div>
   <div class='ocr_carea' id='block_1_66' title="bbox 750 3999 1054 4044">
    <p class='ocr_par' dir='ltr' id='par_1_66' title="bbox 750 3999 1054 4044">
     <span class='ocr_line' id='line_1_66' title="bbox 750 3999 1054 4044; baseline 0.01 -3"><span class='ocrx_word' id='word_1_468' title='bbox 750 3999 1054 4044; x_wconf 84' lang='lat' dir='ltr'><strong>cernentes.</strong></span> 
     </span>
    </p>
   </div>
   <div class='ocr_carea' id='block_1_67' title="bbox 819 4101 2312 4174">
    <p class='ocr_par' dir='ltr' id='par_1_67' title="bbox 819 4101 2312 4174">
     <span class='ocr_line' id='line_1_67' title="bbox 819 4101 2312 4174; baseline 0.014 -21"><span class='ocrx_word' id='word_1_469' title='bbox 819 4101 910 4157; x_wconf 74' lang='lat'><strong>23.</strong></span> <span class='ocrx_word' id='word_1_470' title='bbox 951 4105 1126 4173; x_wconf 80' lang='lat' dir='ltr'><strong>Atque</strong></span> <span class='ocrx_word' id='word_1_471' title='bbox 1164 4109 1354 4162; x_wconf 89' lang='lat' dir='ltr'><strong>eodem</strong></span> <span class='ocrx_word' id='word_1_472' title='bbox 1387 4113 1548 4165; x_wconf 91' lang='lat' dir='ltr'><strong>modo</strong></span> <span class='ocrx_word' id='word_1_473' title='bbox 1587 4114 1654 4167; x_wconf 88' lang='lat' dir='ltr'><strong>de</strong></span> <span class='ocrx_word' id='word_1_474' title='bbox 1690 4115 1793 4168; x_wconf 91' lang='lat' dir='ltr'><strong>hoc</strong></span> <span class='ocrx_word' id='word_1_475' title='bbox 1828 4117 1965 4170; x_wconf 88' lang='lat' dir='ltr'><strong>tristi</strong></span> <span class='ocrx_word' id='word_1_476' title='bbox 2008 4134 2132 4172; x_wconf 82' lang='lat' dir='ltr'><strong>casu</strong></span> <span class='ocrx_word' id='word_1_477' title='bbox 2181 4135 2312 4174; x_wconf 81' lang='lat' dir='ltr'><strong>con—</strong></span> 
     </span>
    </p>
   </div>
   <div class='ocr_carea' id='block_1_68' title="bbox 750 4191 2308 4272">
    <p class='ocr_par' dir='ltr' id='par_1_68' title="bbox 750 4191 2308 4272">
     <span class='ocr_line' id='line_1_68' title="bbox 750 4191 2308 4272; baseline 0.013 -28"><span class='ocrx_word' id='word_1_478' title='bbox 750 4191 1040 4258; x_wconf 87' lang='lat' dir='ltr'><strong>doluimus,</strong></span> <span class='ocrx_word' id='word_1_479' title='bbox 1073 4214 1180 4265; x_wconf 91' lang='lat' dir='ltr'><strong>quo</strong></span> <span class='ocrx_word' id='word_1_480' title='bbox 1237 4201 1430 4269; x_wconf 82' lang='lat' dir='ltr'><strong>gaudio</strong></span> <span class='ocrx_word' id='word_1_481' title='bbox 1457 4205 1647 4270; x_wconf 87' lang='lat' dir='ltr'><strong>majori</strong></span> <span class='ocrx_word' id='word_1_482' title='bbox 1681 4206 2157 4272; x_wconf 90' lang='lat' dir='ltr'><strong>perfundebamur,</strong></span> <span class='ocrx_word' id='word_1_483' title='bbox 2187 4227 2308 4264; x_wconf 91' lang='lat' dir='ltr'><strong>cum</strong></span> 
     </span>
    </p>
   </div>
   <div class='ocr_carea' id='block_1_69' title="bbox 750 4283 2311 4367">
    <p class='ocr_par' dir='ltr' id='par_1_69' title="bbox 750 4283 2311 4367">
     <span class='ocr_line' id='line_1_69' title="bbox 750 4283 2311 4367; baseline 0.011 -33"><span class='ocrx_word' id='word_1_484' title='bbox 750 4283 1007 4338; x_wconf 89' lang='lat' dir='ltr'><strong>liberatos</strong></span> <span class='ocrx_word' id='word_1_485' title='bbox 1045 4289 1262 4341; x_wconf 89' lang='lat' dir='ltr'><strong>eosdem</strong></span> <span class='ocrx_word' id='word_1_486' title='bbox 1291 4291 1524 4359; x_wconf 91' lang='lat' dir='ltr'><strong>primum</strong></span> <span class='ocrx_word' id='word_1_487' title='bbox 1565 4309 1594 4345; x_wconf 92' lang='lat' dir='ltr'><strong>a</strong></span> <span class='ocrx_word' id='word_1_488' title='bbox 1645 4303 1859 4348; x_wconf 87' lang='lat' dir='ltr'><strong>vetusto</strong></span> <span class='ocrx_word' id='word_1_489' title='bbox 1893 4299 2187 4367; x_wconf 84' lang='lat' dir='ltr'><strong>paganismi</strong></span> <span class='ocrx_word' id='word_1_490' title='bbox 2225 4316 2311 4353; x_wconf 86' lang='lat' dir='ltr'><strong>er—</strong></span> 
     </span>
    </p>
   </div>
   <div class='ocr_carea' id='block_1_70' title="bbox 749 4377 1246 4434">
    <p class='ocr_par' dir='ltr' id='par_1_70' title="bbox 749 4377 1246 4434">
     <span class='ocr_line' id='line_1_70' title="bbox 749 4377 1246 4434; baseline 0.014 -7"><span class='ocrx_word' id='word_1_491' title='bbox 749 4392 874 4430; x_wconf 87' lang='lat' dir='ltr'><strong>rore</strong></span> <span class='ocrx_word' id='word_1_492' title='bbox 919 4377 1246 4434; x_wconf 84' lang='lat' dir='ltr'><strong>videremus.</strong></span> 
     </span>
    </p>
   </div>
   <div class='ocr_carea' id='block_1_71' title="bbox 2423 3271 3989 3348">
    <p class='ocr_par' dir='ltr' id='par_1_71' title="bbox 2423 3271 3989 3348">
     <span class='ocr_line' id='line_1_71' title="bbox 2423 3271 3989 3348; baseline 0.006 -26"><span class='ocrx_word' id='word_1_493' title='bbox 2423 3271 2592 3332; x_wconf 82' lang='grc' dir='ltr'>ἁκοάς</span> <span class='ocrx_word' id='word_1_494' title='bbox 2617 3285 2631 3298; x_wconf 80' lang='grc'><strong><em>⁸</em></strong></span> <span class='ocrx_word' id='word_1_495' title='bbox 2670 3271 2988 3340; x_wconf 87' lang='grc' dir='ltr'>ἐπλήγημεν</span> <span class='ocrx_word' id='word_1_496' title='bbox 3013 3273 3101 3326; x_wconf 91' lang='grc' dir='ltr'><strong>διά</strong></span> <span class='ocrx_word' id='word_1_497' title='bbox 3138 3275 3318 3344; x_wconf 81' lang='grc' dir='ltr'>μέσων</span> <span class='ocrx_word' id='word_1_498' title='bbox 3365 3276 3471 3328; x_wconf 87' lang='grc' dir='ltr'><strong>τῶν</strong></span> <span class='ocrx_word' id='word_1_499' title='bbox 3503 3277 3829 3348; x_wconf 76' lang='grc' dir='ltr'>σπλάγχνων</span> <span class='ocrx_word' id='word_1_500' title='bbox 3865 3298 3989 3332; x_wconf 83' lang='grc' dir='ltr'>και-</span> 
     </span>
    </p>
   </div>
   <div class='ocr_carea' id='block_1_72' title="bbox 2425 3363 3987 3439">
    <p class='ocr_par' dir='ltr' id='par_1_72' title="bbox 2425 3363 3987 3439">
     <span class='ocr_line' id='line_1_72' title="bbox 2425 3363 3987 3439; baseline 0.008 -26"><span class='ocrx_word' id='word_1_501' title='bbox 2425 3363 2545 3432; x_wconf 86' lang='grc' dir='ltr'>ρίαν</span> <span class='ocrx_word' id='word_1_502' title='bbox 2564 3363 2798 3433; x_wconf 85' lang='grc' dir='ltr'>πληγὴν,</span> <span class='ocrx_word' id='word_1_503' title='bbox 2828 3365 2903 3426; x_wconf 85' lang='grc' dir='ltr'><strong>ὡς</strong></span> <span class='ocrx_word' id='word_1_504' title='bbox 2929 3367 2982 3418; x_wconf 88' lang='grc' dir='ltr'>εῐ</span> <span class='ocrx_word' id='word_1_505' title='bbox 3012 3383 3098 3429; x_wconf 89' lang='grc' dir='ltr'><strong>τις</strong></span> <span class='ocrx_word' id='word_1_506' title='bbox 3119 3368 3184 3419; x_wconf 86' lang='grc' dir='ltr'>τὰ</span> <span class='ocrx_word' id='word_1_507' title='bbox 3212 3367 3407 3436; x_wconf 75' lang='grc' dir='ltr'>ἔκγονα</span> <span class='ocrx_word' id='word_1_508' title='bbox 3433 3373 3531 3439; x_wconf 85' lang='grc' dir='ltr'>τῆς</span> <span class='ocrx_word' id='word_1_509' title='bbox 3559 3371 3770 3434; x_wconf 75' lang='grc' dir='ltr'>κοιλίας</span> <span class='ocrx_word' id='word_1_510' title='bbox 3795 3373 3987 3438; x_wconf 79' lang='grc' dir='ltr'>αὑτοῦ,</span> 
     </span>
    </p>
   </div>
   <div class='ocr_carea' id='block_1_73' title="bbox 2422 3454 3993 3534">
    <p class='ocr_par' dir='ltr' id='par_1_73' title="bbox 2422 3454 3993 3534">
     <span class='ocr_line' id='line_1_73' title="bbox 2422 3454 3993 3534; baseline 0.008 -29"><span class='ocrx_word' id='word_1_511' title='bbox 2422 3454 2544 3506; x_wconf 88' lang='grc' dir='ltr'>καθ’</span> <span class='ocrx_word' id='word_1_512' title='bbox 2574 3455 2886 3524; x_wconf 74' lang='grc' dir='ltr'>ὀφθαλμοὺς</span> <span class='ocrx_word' id='word_1_513' title='bbox 2915 3457 3013 3510; x_wconf 86' lang='grc' dir='ltr'>ῐδοι</span> <span class='ocrx_word' id='word_1_514' title='bbox 3049 3457 3153 3511; x_wconf 76' lang='grc' dir='ltr'><strong>ὑπὸ</strong></span> <span class='ocrx_word' id='word_1_515' title='bbox 3178 3460 3426 3528; x_wconf 81' lang='grc' dir='ltr'>ἑρπετῶν</span> <span class='ocrx_word' id='word_1_516' title='bbox 3453 3463 3548 3514; x_wconf 75' lang='grc' dir='ltr'>καὶ</span> <span class='ocrx_word' id='word_1_517' title='bbox 3574 3462 3778 3530; x_wconf 80' lang='grc' dir='ltr'>θηρίων</span> <span class='ocrx_word' id='word_1_518' title='bbox 3818 3482 3993 3534; x_wconf 86' lang='grc' dir='ltr'>παρα-</span> 
     </span>
    </p>
   </div>
   <div class='ocr_carea' id='block_1_74' title="bbox 2425 3543 3987 3621">
    <p class='ocr_par' dir='ltr' id='par_1_74' title="bbox 2425 3543 3987 3621">
     <span class='ocr_line' id='line_1_74' title="bbox 2425 3543 3987 3621; baseline 0.008 -28"><span class='ocrx_word' id='word_1_519' title='bbox 2425 3543 2734 3612; x_wconf 81' lang='grc' dir='ltr'>ρασσόμενά</span> <span class='ocrx_word' id='word_1_520' title='bbox 2781 3563 2841 3597; x_wconf 90' lang='grc' dir='ltr'><strong>τε</strong></span> <span class='ocrx_word' id='word_1_521' title='bbox 2877 3546 2971 3598; x_wconf 77' lang='grc' dir='ltr'>καὶ</span> <span class='ocrx_word' id='word_1_522' title='bbox 3007 3547 3378 3617; x_wconf 84' lang='grc' dir='ltr'>διασπώμενα.</span> <span class='ocrx_word' id='word_1_523' title='bbox 3417 3551 3524 3603; x_wconf 78' lang='grc' dir='ltr'><strong>Καὶ</strong></span> <span class='ocrx_word' id='word_1_524' title='bbox 3557 3551 3665 3621; x_wconf 83' lang='grc' dir='ltr'>γὰρ</span> <span class='ocrx_word' id='word_1_525' title='bbox 3689 3547 3772 3614; x_wconf 72' lang='grc' dir='ltr'><strong>οἷς</strong></span> <span class='ocrx_word' id='word_1_526' title='bbox 3807 3553 3987 3616; x_wconf 82' lang='grc' dir='ltr'>κόποι,</span> 
     </span>
    </p>
   </div>
   <div class='ocr_carea' id='block_1_75' title="bbox 2422 3636 3991 3712">
    <p class='ocr_par' dir='ltr' id='par_1_75' title="bbox 2422 3636 3991 3712">
     <span class='ocr_line' id='line_1_75' title="bbox 2422 3636 3991 3712; baseline 0.007 -27"><span class='ocrx_word' id='word_1_527' title='bbox 2422 3636 2515 3686; x_wconf 80' lang='grc' dir='ltr'>καὶ</span> <span class='ocrx_word' id='word_1_528' title='bbox 2544 3636 2719 3697; x_wconf 85' lang='grc' dir='ltr'>πόνοι,</span> <span class='ocrx_word' id='word_1_529' title='bbox 2754 3637 2849 3688; x_wconf 76' lang='grc' dir='ltr'>καὶ</span> <span class='ocrx_word' id='word_1_530' title='bbox 2878 3637 3126 3707; x_wconf 80' lang='grc' dir='ltr'>ἱδρῶτες,</span> <span class='ocrx_word' id='word_1_531' title='bbox 3148 3639 3229 3702; x_wconf 85' lang='grc' dir='ltr'><strong>είς</strong></span> <span class='ocrx_word' id='word_1_532' title='bbox 3250 3641 3352 3710; x_wconf 83' lang='grc' dir='ltr'>τὴν</span> <span class='ocrx_word' id='word_1_533' title='bbox 3382 3641 3604 3693; x_wconf 84' lang='grc' dir='ltr'>ἐκείνων</span> <span class='ocrx_word' id='word_1_534' title='bbox 3629 3645 3991 3712; x_wconf 77' lang='grc' dir='ltr'>ἁναγὲννησίν</span> 
     </span>
    </p>
   </div>
   <div class='ocr_carea' id='block_1_76' title="bbox 2418 3727 3988 3800">
    <p class='ocr_par' dir='ltr' id='par_1_76' title="bbox 2418 3727 3988 3800">
     <span class='ocr_line' id='line_1_76' title="bbox 2418 3727 3988 3800; baseline 0.005 -22"><span class='ocrx_word' id='word_1_535' title='bbox 2418 3742 2477 3778; x_wconf 91' lang='grc' dir='ltr'><strong>τε</strong></span> <span class='ocrx_word' id='word_1_536' title='bbox 2511 3727 2606 3779; x_wconf 74' lang='grc' dir='ltr'><strong>καὶ</strong></span> <span class='ocrx_word' id='word_1_537' title='bbox 2642 3728 2921 3780; x_wconf 86' lang='grc' dir='ltr'>τελείωσιν</span> <span class='ocrx_word' id='word_1_538' title='bbox 2960 3729 3372 3800; x_wconf 75' lang='grc' dir='ltr'>κατεϐλήθησαν</span> <span class='ocrx_word' id='word_1_539' title='bbox 3396 3749 3409 3762; x_wconf 81' lang='grc'><em>’</em></span> <span class='ocrx_word' id='word_1_540' title='bbox 3467 3732 3745 3799; x_wconf 79' lang='grc' dir='ltr'>ἀναλόγως</span> <span class='ocrx_word' id='word_1_541' title='bbox 3778 3735 3988 3799; x_wconf 79' lang='grc' dir='ltr'>αὐτοῖς,</span> 
     </span>
    </p>
   </div>
   <div class='ocr_carea' id='block_1_77' title="bbox 2421 3821 3984 3895">
    <p class='ocr_par' dir='ltr' id='par_1_77' title="bbox 2421 3821 3984 3895">
     <span class='ocr_line' id='line_1_77' title="bbox 2421 3821 3984 3895; baseline 0.007 -26"><span class='ocrx_word' id='word_1_542' title='bbox 2421 3822 2718 3887; x_wconf 81' lang='grc' dir='ltr'>συμπεσεῖν</span> <span class='ocrx_word' id='word_1_543' title='bbox 2752 3821 3024 3890; x_wconf 73' lang='grc' dir='ltr'>ἀφόρητον</span> <span class='ocrx_word' id='word_1_544' title='bbox 3073 3823 3173 3890; x_wconf 79' lang='grc' dir='ltr'>τὴν</span> <span class='ocrx_word' id='word_1_545' title='bbox 3203 3822 3380 3891; x_wconf 83' lang='grc' dir='ltr'>λύπην</span> <span class='ocrx_word' id='word_1_546' title='bbox 3413 3826 3506 3876; x_wconf 74' lang='grc' dir='ltr'>καὶ</span> <span class='ocrx_word' id='word_1_547' title='bbox 3539 3825 3640 3893; x_wconf 84' lang='grc' dir='ltr'>τὴν</span> <span class='ocrx_word' id='word_1_548' title='bbox 3669 3829 3984 3895; x_wconf 71' lang='grc' dir='ltr'>συμφοράν,</span> 
     </span>
    </p>
   </div>
   <div class='ocr_carea' id='block_1_78' title="bbox 2417 3911 3805 3984">
    <p class='ocr_par' dir='ltr' id='par_1_78' title="bbox 2417 3911 3805 3984">
     <span class='ocr_line' id='line_1_78' title="bbox 2417 3911 3805 3984; baseline 0.006 -22"><span class='ocrx_word' id='word_1_549' title='bbox 2417 3911 2528 3963; x_wconf 87' lang='grc' dir='ltr'><strong>τῶν</strong></span> <span class='ocrx_word' id='word_1_550' title='bbox 2560 3914 2916 3981; x_wconf 78' lang='grc' dir='ltr'>γεννημάτων</span> <span class='ocrx_word' id='word_1_551' title='bbox 2948 3914 3468 3984; x_wconf 86' lang='grc' dir='ltr'>παραπολλυμένων,</span> <span class='ocrx_word' id='word_1_552' title='bbox 3504 3915 3805 3983; x_wconf 80' lang='grc' dir='ltr'>ἐξεγένετο.</span> 
     </span>
    </p>
   </div>
   <div class='ocr_carea' id='block_1_79' title="bbox 2487 4114 3985 4186">
    <p class='ocr_par' dir='ltr' id='par_1_79' title="bbox 2487 4114 3985 4186">
     <span class='ocr_line' id='line_1_79' title="bbox 2487 4114 3985 4186; baseline 0.003 -21"><span class='ocrx_word' id='word_1_553' title='bbox 2487 4120 2587 4166; x_wconf 84' lang='grc' dir='ltr'>κε’.</span> <span class='ocrx_word' id='word_1_554' title='bbox 2620 4114 2775 4166; x_wconf 79' lang='grc' dir='ltr'>Οὕτω</span> <span class='ocrx_word' id='word_1_555' title='bbox 2805 4114 2913 4185; x_wconf 82' lang='grc' dir='ltr'><strong>γάρ</strong></span> <span class='ocrx_word' id='word_1_556' title='bbox 2952 4114 3333 4184; x_wconf 87' lang='grc' dir='ltr'>ἐθρηνήσαμεν</span> <span class='ocrx_word' id='word_1_557' title='bbox 3368 4116 3457 4166; x_wconf 79' lang='grc' dir='ltr'>ἐπὶ</span> <span class='ocrx_word' id='word_1_558' title='bbox 3493 4116 3570 4184; x_wconf 82' lang='grc' dir='ltr'>τῷ</span> <span class='ocrx_word' id='word_1_559' title='bbox 3607 4117 3985 4186; x_wconf 79' lang='grc' dir='ltr'>συνενεχθέντι</span> 
     </span>
    </p>
   </div>
   <div class='ocr_carea' id='block_1_80' title="bbox 2419 4205 3986 4277">
    <p class='ocr_par' dir='ltr' id='par_1_80' title="bbox 2419 4205 3986 4277">
     <span class='ocr_line' id='line_1_80' title="bbox 2419 4205 3986 4277; baseline 0 -20"><span class='ocrx_word' id='word_1_560' title='bbox 2419 4206 2720 4277; x_wconf 79' lang='grc' dir='ltr'>παθήματι,</span> <span class='ocrx_word' id='word_1_561' title='bbox 2756 4207 2878 4259; x_wconf 83' lang='grc' dir='ltr'>ὅσον</span> <span class='ocrx_word' id='word_1_562' title='bbox 2903 4208 3075 4275; x_wconf 77' lang='grc' dir='ltr'>χαρᾶς</span> <span class='ocrx_word' id='word_1_563' title='bbox 3128 4205 3547 4275; x_wconf 83' lang='grc' dir='ltr'>ἐπληρώθημεν,</span> <span class='ocrx_word' id='word_1_564' title='bbox 3595 4206 3695 4274; x_wconf 75' lang='grc' dir='ltr'>τῆς</span> <span class='ocrx_word' id='word_1_565' title='bbox 3747 4208 3986 4270; x_wconf 69' lang='grc' dir='ltr'>παλαιᾶς</span> 
     </span>
    </p>
   </div>
   <div class='ocr_carea' id='block_1_81' title="bbox 2418 4296 3651 4367">
    <p class='ocr_par' dir='ltr' id='par_1_81' title="bbox 2418 4296 3651 4367">
     <span class='ocr_line' id='line_1_81' title="bbox 2418 4296 3651 4367; baseline 0.002 -17"><span class='ocrx_word' id='word_1_566' title='bbox 2418 4299 2623 4366; x_wconf 83' lang='grc' dir='ltr'>πλάνης</span> <span class='ocrx_word' id='word_1_567' title='bbox 2655 4298 3064 4367; x_wconf 84' lang='grc' dir='ltr'>ἀπαλλαγέντας</span> <span class='ocrx_word' id='word_1_568' title='bbox 3087 4299 3269 4360; x_wconf 80' lang='grc' dir='ltr'>αὐτοῖς</span> <span class='ocrx_word' id='word_1_569' title='bbox 3301 4296 3651 4367; x_wconf 89' lang='grc' dir='ltr'>θεασάμενοι.</span> 
     </span>
    </p>
   </div>
   <div class='ocr_carea' id='block_1_82' title="bbox 818 4490 2495 4606">
    <p class='ocr_par' dir='ltr' id='par_1_82' title="bbox 818 4490 2495 4606">
     <span class='ocr_line' id='line_1_82' title="bbox 818 4490 2495 4600; baseline 0.012 -56"><span class='ocrx_word' id='word_1_570' title='bbox 818 4491 907 4544; x_wconf 76' lang='lat'><strong>9.6.</strong></span> <span class='ocrx_word' id='word_1_571' title='bbox 950 4490 1150 4546; x_wconf 81' lang='lat' dir='ltr'><strong>Verum</strong></span> <span class='ocrx_word' id='word_1_572' title='bbox 1208 4496 1325 4549; x_wconf 91' lang='lat' dir='ltr'><strong>illos</strong></span> <span class='ocrx_word' id='word_1_573' title='bbox 1381 4498 1598 4566; x_wconf 88' lang='lat' dir='ltr'><strong>quidem</strong></span> <span class='ocrx_word' id='word_1_574' title='bbox 1657 4499 1916 4569; x_wconf 79' lang='lat' dir='ltr'><strong>luximus,</strong></span> <span class='ocrx_word' id='word_1_575' title='bbox 1965 4513 2020 4556; x_wconf 90' lang='lat' dir='ltr'><strong>et</strong></span> <span class='ocrx_word' id='word_1_576' title='bbox 2067 4504 2388 4600; x_wconf 81' lang='lat' dir='ltr'><strong>lugemusD</strong></span> <span class='ocrx_word' id='word_1_577' title='bbox 2489 4517 2495 4551; x_wconf 73' lang='grc' dir='ltr'><strong>ε</strong></span> 
     </span>
     <span class='ocr_line' id='line_1_83' title="bbox 821 4583 2440 4606; baseline 0 0"><span class='ocrx_word' id='word_1_578' title='bbox 821 4583 923 4606; x_wconf 66' lang='grc' dir='ltr'>ιι---</span> <span class='ocrx_word' id='word_1_579' title='bbox 1019 4601 1189 4606; x_wconf 65' lang='lat'><strong>_____-</strong></span> <span class='ocrx_word' id='word_1_580' title='bbox 1274 4604 1387 4606; x_wconf 54' lang='lat'><strong>,-,,,</strong></span> <span class='ocrx_word' id='word_1_581' title='bbox 1470 4605 1475 4606; x_wconf 63' lang='lat'><strong><em>,</em></strong></span> <span class='ocrx_word' id='word_1_582' title='bbox 1562 4592 1571 4600; x_wconf 89' lang='lat'><strong>-</strong></span> <span class='ocrx_word' id='word_1_583' title='bbox 1993 4594 2022 4606; x_wconf 74' lang='grc' dir='ltr'><strong>ιο</strong></span> <span class='ocrx_word' id='word_1_584' title='bbox 2266 4599 2276 4606; x_wconf 96' lang='grc'><em>.</em></span> <span class='ocrx_word' id='word_1_585' title='bbox 2417 4591 2440 4606; x_wconf 83' lang='grc' dir='ltr'><strong>Α</strong></span> 
     </span>
    </p>
   </div>
   <div class='ocr_carea' id='block_1_83' title="bbox 2300 4490 3977 4606">
    <p class='ocr_par' dir='ltr' id='par_1_83' title="bbox 2300 4498 3977 4600">
     <span class='ocr_line' id='line_1_84' title="bbox 2300 4498 3977 4600; baseline -0.001 -48"><span class='ocrx_word' id='word_1_586' title='bbox 2300 4526 2388 4600; x_wconf 72' lang='lat' dir='ltr'><strong>,D</strong></span> <span class='ocrx_word' id='word_1_587' title='bbox 2489 4505 2598 4562; x_wconf 83' lang='grc' dir='ltr'>κς’.</span> <span class='ocrx_word' id='word_1_588' title='bbox 2670 4498 2809 4550; x_wconf 81' lang='grc' dir='ltr'>Ἀλλ’</span> <span class='ocrx_word' id='word_1_589' title='bbox 2860 4499 3100 4560; x_wconf 86' lang='grc' dir='ltr'>ἐκείνους</span> <span class='ocrx_word' id='word_1_590' title='bbox 3166 4498 3263 4567; x_wconf 81' lang='grc' dir='ltr'>μὲν</span> <span class='ocrx_word' id='word_1_591' title='bbox 3322 4498 3703 4568; x_wconf 85' lang='grc' dir='ltr'>ἐθρηνήσαμέν</span> <span class='ocrx_word' id='word_1_592' title='bbox 3762 4516 3821 4550; x_wconf 91' lang='grc' dir='ltr'><strong>τε</strong></span> <span class='ocrx_word' id='word_1_593' title='bbox 3884 4502 3977 4551; x_wconf 68' lang='grc' dir='ltr'>καὶ</span> 
     </span>
    </p>
   </div>
   <div class='ocr_carea' id='block_1_84' title="bbox 748 4583 2308 4654">
    <p class='ocr_par' dir='ltr' id='par_1_84' title="bbox 748 4583 2308 4654">
     <span class='ocr_line' id='line_1_85' title="bbox 748 4583 2308 4654; baseline 0.012 -20"><span class='ocrx_word' id='word_1_594' title='bbox 748 4583 957 4646; x_wconf 88' lang='lat' dir='ltr'><strong>adhuc,</strong></span> <span class='ocrx_word' id='word_1_595' title='bbox 1018 4601 1193 4654; x_wconf 91' lang='lat' dir='ltr'><strong>neque</strong></span> <span class='ocrx_word' id='word_1_596' title='bbox 1264 4592 1573 4643; x_wconf 86' lang='lat' dir='ltr'><strong>conccssuri</strong></span> <span class='ocrx_word' id='word_1_597' title='bbox 1636 4607 1825 4646; x_wconf 89' lang='lat' dir='ltr'><strong>sumus</strong></span> <span class='ocrx_word' id='word_1_598' title='bbox 1886 4594 2057 4648; x_wconf 91' lang='lat' dir='ltr'><strong>oculis</strong></span> <span class='ocrx_word' id='word_1_599' title='bbox 2109 4599 2308 4652; x_wconf 89' lang='lat' dir='ltr'><strong>nostris</strong></span> 
     </span>
    </p>
   </div>
   <div class='ocr_carea' id='block_1_85' title="bbox 750 4678 2309 4760">
    <p class='ocr_par' dir='ltr' id='par_1_85' title="bbox 750 4678 2309 4760">
     <span class='ocr_line' id='line_1_86' title="bbox 750 4678 2309 4760; baseline 0.01 -30"><span class='ocrx_word' id='word_1_600' title='bbox 750 4678 989 4746; x_wconf 90' lang='lat' dir='ltr'><strong>requiem</strong></span> <span class='ocrx_word' id='word_1_601' title='bbox 1041 4692 1100 4734; x_wconf 95' lang='lat' dir='ltr'><strong>ut</strong></span> <span class='ocrx_word' id='word_1_602' title='bbox 1138 4697 1166 4734; x_wconf 92' lang='lat' dir='ltr'><strong>a</strong></span> <span class='ocrx_word' id='word_1_603' title='bbox 1201 4682 1354 4751; x_wconf 87' lang='lat' dir='ltr'><strong>lapsu</strong></span> <span class='ocrx_word' id='word_1_604' title='bbox 1395 4685 1498 4737; x_wconf 81' lang='lat' dir='ltr'><strong>lioc</strong></span> <span class='ocrx_word' id='word_1_605' title='bbox 1528 4685 1649 4739; x_wconf 88' lang='lat' dir='ltr'><strong>illos</strong></span> <span class='ocrx_word' id='word_1_606' title='bbox 1680 4688 2085 4753; x_wconf 88' lang='lat' dir='ltr'><strong>resuscitemus,</strong></span> <span class='ocrx_word' id='word_1_607' title='bbox 2131 4707 2309 4760; x_wconf 86' lang='lat' dir='ltr'><strong>neque</strong></span> 
     </span>
    </p>
   </div>
   <div class='ocr_carea' id='block_1_86' title="bbox 748 4772 2306 4851">
    <p class='ocr_par' dir='ltr' id='par_1_86' title="bbox 748 4772 2306 4851">
     <span class='ocr_line' id='line_1_87' title="bbox 748 4772 2306 4851; baseline 0.01 -29"><span class='ocrx_word' id='word_1_608' title='bbox 748 4772 1021 4840; x_wconf 86' lang='lat' dir='ltr'><strong>palpebris</strong></span> <span class='ocrx_word' id='word_1_609' title='bbox 1043 4777 1445 4830; x_wconf 88' lang='lat' dir='ltr'><strong>connictionem</strong></span> <span class='ocrx_word' id='word_1_610' title='bbox 1479 4778 1745 4846; x_wconf 86' lang='lat' dir='ltr'><strong>dabimus,</strong></span> <span class='ocrx_word' id='word_1_611' title='bbox 1772 4781 1966 4844; x_wconf 88' lang='lat' dir='ltr'><strong>donec,</strong></span> <span class='ocrx_word' id='word_1_612' title='bbox 1993 4784 2168 4851; x_wconf 87' lang='lat' dir='ltr'><strong>quoad</strong></span> <span class='ocrx_word' id='word_1_613' title='bbox 2194 4785 2306 4838; x_wconf 86' lang='lat' dir='ltr'><strong>ﬁeri</strong></span> 
     </span>
    </p>
   </div>
   <div class='ocr_carea' id='block_1_87' title="bbox 749 4867 2307 4932">
    <p class='ocr_par' dir='ltr' id='par_1_87' title="bbox 749 4867 2307 4932">
     <span class='ocr_line' id='line_1_88' title="bbox 749 4867 2307 4932; baseline 0.01 -18"><span class='ocrx_word' id='word_1_614' title='bbox 749 4878 844 4930; x_wconf 90' lang='lat' dir='ltr'><strong>per</strong></span> <span class='ocrx_word' id='word_1_615' title='bbox 873 4880 972 4916; x_wconf 92' lang='lat' dir='ltr'><strong>nos</strong></span> <span class='ocrx_word' id='word_1_616' title='bbox 999 4867 1218 4932; x_wconf 87' lang='lat' dir='ltr'><strong>poterit,</strong></span> <span class='ocrx_word' id='word_1_617' title='bbox 1239 4867 1356 4921; x_wconf 90' lang='lat' dir='ltr'><strong>illos</strong></span> <span class='ocrx_word' id='word_1_618' title='bbox 1377 4869 1431 4922; x_wconf 89' lang='lat' dir='ltr'><strong>in</strong></span> <span class='ocrx_word' id='word_1_619' title='bbox 1451 4869 1660 4924; x_wconf 86' lang='lat' dir='ltr'><strong>Domini</strong></span> <span class='ocrx_word' id='word_1_620' title='bbox 1681 4873 2084 4928; x_wconf 88' lang='lat' dir='ltr'><strong>tabernaculum</strong></span> <span class='ocrx_word' id='word_1_621' title='bbox 2112 4879 2307 4930; x_wconf 91' lang='lat' dir='ltr'><strong>iterum</strong></span> 
     </span>
    </p>
   </div>
   <div class='ocr_carea' id='block_1_88' title="bbox 749 4956 1191 5024">
    <p class='ocr_par' dir='ltr' id='par_1_88' title="bbox 749 4956 1191 5024">
     <span class='ocr_line' id='line_1_89' title="bbox 749 4956 1191 5024; baseline 0.011 -17"><span class='ocrx_word' id='word_1_622' title='bbox 749 4956 1191 5024; x_wconf 89' lang='lat' dir='ltr'><strong>compulerimus.</strong></span> 
     </span>
    </p>
   </div>
   <div class='ocr_carea' id='block_1_89' title="bbox 815 5067 2308 5145">
    <p class='ocr_par' dir='ltr' id='par_1_89' title="bbox 815 5067 2308 5145">
     <span class='ocr_line' id='line_1_90' title="bbox 815 5067 2308 5145; baseline 0.009 -25"><span class='ocrx_word' id='word_1_623' title='bbox 815 5067 904 5121; x_wconf 76' lang='lat'><strong>27.</strong></span> <span class='ocrx_word' id='word_1_624' title='bbox 946 5069 1194 5124; x_wconf 83' lang='lat' dir='ltr'><strong>Novitios</strong></span> <span class='ocrx_word' id='word_1_625' title='bbox 1222 5080 1399 5125; x_wconf 91' lang='lat' dir='ltr'><strong>autem</strong></span> <span class='ocrx_word' id='word_1_626' title='bbox 1436 5073 1554 5127; x_wconf 89' lang='lat' dir='ltr'><strong>illos</strong></span> <span class='ocrx_word' id='word_1_627' title='bbox 1599 5075 1883 5143; x_wconf 64' lang='lat' dir='ltr'><strong>apostasia</strong></span> <span class='ocrx_word' id='word_1_628' title='bbox 1926 5091 2308 5145; x_wconf 62' lang='lat' dir='ltr'><strong>praecursores,</strong></span> 
     </span>
    </p>
   </div>
   <div class='ocr_carea' id='block_1_90' title="bbox 749 5161 2314 5241">
    <p class='ocr_par' dir='ltr' id='par_1_90' title="bbox 749 5161 2314 5241">
     <span class='ocr_line' id='line_1_91' title="bbox 749 5161 2314 5241; baseline 0.007 -28"><span class='ocrx_word' id='word_1_629' title='bbox 749 5161 1066 5216; x_wconf 79' lang='lat' dir='ltr'><strong>Antichristi</strong></span> <span class='ocrx_word' id='word_1_630' title='bbox 1121 5163 1491 5225; x_wconf 90' lang='lat' dir='ltr'><strong>administros,</strong></span> <span class='ocrx_word' id='word_1_631' title='bbox 1542 5168 1806 5222; x_wconf 90' lang='lat' dir='ltr'><strong>mortibus</strong></span> <span class='ocrx_word' id='word_1_632' title='bbox 1865 5170 2051 5223; x_wconf 89' lang='lat' dir='ltr'><strong>multis</strong></span> <span class='ocrx_word' id='word_1_633' title='bbox 2108 5170 2314 5241; x_wconf 80' lang='lat' dir='ltr'><strong>dignis-</strong></span> 
     </span>
    </p>
   </div>
   <div class='ocr_carea' id='block_1_91' title="bbox 751 5253 2313 5328">
    <p class='ocr_par' dir='ltr' id='par_1_91' title="bbox 751 5253 2313 5328">
     <span class='ocr_line' id='line_1_92' title="bbox 751 5253 2313 5328; baseline 0.008 -23"><span class='ocrx_word' id='word_1_634' title='bbox 751 5253 938 5314; x_wconf 82' lang='lat' dir='ltr'><strong>simos,</strong></span> <span class='ocrx_word' id='word_1_635' title='bbox 969 5270 1314 5309; x_wconf 79' lang='lat' dir='ltr'><strong>communem</strong></span> <span class='ocrx_word' id='word_1_636' title='bbox 1346 5267 1573 5324; x_wconf 88' lang='lat' dir='ltr'><strong>pestem,</strong></span> <span class='ocrx_word' id='word_1_637' title='bbox 1609 5261 1700 5328; x_wconf 89' lang='lat' dir='ltr'><strong>qui</strong></span> <span class='ocrx_word' id='word_1_638' title='bbox 1733 5261 1982 5314; x_wconf 90' lang='lat' dir='ltr'><strong>tenellam</strong></span> <span class='ocrx_word' id='word_1_639' title='bbox 2025 5262 2168 5314; x_wconf 89' lang='lat' dir='ltr'><strong>illam</strong></span> <span class='ocrx_word' id='word_1_640' title='bbox 2210 5279 2313 5317; x_wconf 92' lang='lat' dir='ltr'><strong>nu-</strong></span> 
     </span>
    </p>
   </div>
   <div class='ocr_carea' id='block_1_92' title="bbox 748 5345 2313 5420">
    <p class='ocr_par' dir='ltr' id='par_1_92' title="bbox 748 5345 2313 5420">
     <span class='ocr_line' id='line_1_93' title="bbox 748 5345 2313 5420; baseline 0.006 -24"><span class='ocrx_word' id='word_1_641' title='bbox 748 5359 846 5410; x_wconf 89' lang='lat' dir='ltr'><strong>per</strong></span> <span class='ocrx_word' id='word_1_642' title='bbox 868 5345 1298 5414; x_wconf 76' lang='lat' dir='ltr'><strong>compaginatam</strong></span> <span class='ocrx_word' id='word_1_643' title='bbox 1337 5358 1549 5418; x_wconf 77' lang='lat' dir='ltr'><strong>gentem</strong></span> <span class='ocrx_word' id='word_1_644' title='bbox 1593 5351 1658 5403; x_wconf 88' lang='lat' dir='ltr'><strong>ad</strong></span> <span class='ocrx_word' id='word_1_645' title='bbox 1702 5352 1978 5420; x_wconf 89' lang='lat' dir='ltr'><strong>pietatem,</strong></span> <span class='ocrx_word' id='word_1_646' title='bbox 2031 5361 2110 5406; x_wconf 88' lang='lat' dir='ltr'><strong>tot</strong></span> <span class='ocrx_word' id='word_1_647' title='bbox 2148 5353 2313 5406; x_wconf 88' lang='lat' dir='ltr'><strong>tantis</strong></span> 
     </span>
    </p>
   </div>
   <div class='ocr_carea' id='block_1_93' title="bbox 748 5438 2316 5515">
    <p class='ocr_par' dir='ltr' id='par_1_93' title="bbox 748 5438 2316 5515">
     <span class='ocr_line' id='line_1_94' title="bbox 748 5438 2316 5515; baseline 0.007 -26"><span class='ocrx_word' id='word_1_648' title='bbox 748 5438 1220 5494; x_wconf 87' lang='lat' dir='ltr'><strong>dilacerationibus</strong></span> <span class='ocrx_word' id='word_1_649' title='bbox 1253 5441 1685 5512; x_wconf 80' lang='lat' dir='ltr'><strong>discerpserunt;</strong></span> <span class='ocrx_word' id='word_1_650' title='bbox 1717 5445 1868 5508; x_wconf 89' lang='lat' dir='ltr'><strong>istos,</strong></span> <span class='ocrx_word' id='word_1_651' title='bbox 1911 5447 2151 5514; x_wconf 91' lang='lat' dir='ltr'><strong>inquam,</strong></span> <span class='ocrx_word' id='word_1_652' title='bbox 2191 5463 2316 5515; x_wconf 88' lang='lat' dir='ltr'><strong>per-</strong></span> 
     </span>
    </p>
   </div>
   <div class='ocr_carea' id='block_1_94' title="bbox 750 5528 2314 5607">
    <p class='ocr_par' dir='ltr' id='par_1_94' title="bbox 750 5528 2314 5607">
     <span class='ocr_line' id='line_1_95' title="bbox 750 5528 2314 5607; baseline 0.007 -27"><span class='ocrx_word' id='word_1_653' title='bbox 750 5528 885 5583; x_wconf 85' lang='lat' dir='ltr'><strong>ﬁdos</strong></span> <span class='ocrx_word' id='word_1_654' title='bbox 912 5531 1253 5599; x_wconf 89' lang='lat' dir='ltr'><strong>deceptores,</strong></span> <span class='ocrx_word' id='word_1_655' title='bbox 1285 5535 1341 5586; x_wconf 84' lang='lat' dir='ltr'><strong>et</strong></span> <span class='ocrx_word' id='word_1_656' title='bbox 1378 5533 1489 5587; x_wconf 82' lang='lat' dir='ltr'><strong>Deo</strong></span> <span class='ocrx_word' id='word_1_657' title='bbox 1535 5535 1911 5604; x_wconf 79' lang='lat' dir='ltr'><strong>belligerantes</strong></span> <span class='ocrx_word' id='word_1_658' title='bbox 1936 5537 2124 5591; x_wconf 85' lang='lat' dir='ltr'><strong>divino</strong></span> <span class='ocrx_word' id='word_1_659' title='bbox 2152 5553 2314 5607; x_wconf 90' lang='lat' dir='ltr'><strong>syno-</strong></span> 
     </span>
    </p>
   </div>
   <div class='ocr_carea' id='block_1_95' title="bbox 749 5623 2314 5706">
    <p class='ocr_par' dir='ltr' id='par_1_95' title="bbox 749 5623 2314 5706">
     <span class='ocr_line' id='line_1_96' title="bbox 749 5623 2314 5706; baseline 0.007 -31"><span class='ocrx_word' id='word_1_660' title='bbox 749 5623 872 5677; x_wconf 90' lang='lat' dir='ltr'><strong>dico</strong></span> <span class='ocrx_word' id='word_1_661' title='bbox 920 5625 1128 5679; x_wconf 89' lang='lat' dir='ltr'><strong>calculo</strong></span> <span class='ocrx_word' id='word_1_662' title='bbox 1188 5631 1402 5680; x_wconf 84' lang='lat' dir='ltr'><strong>notatos</strong></span> <span class='ocrx_word' id='word_1_663' title='bbox 1471 5629 1955 5706; x_wconf 81' lang='lat' dir='ltr'><strong>condemnavimus</strong></span> <span class='ocrx_word' id='word_1_664' title='bbox 2010 5649 2022 5682; x_wconf 90' lang='lat'><strong>:</strong></span> <span class='ocrx_word' id='word_1_665' title='bbox 2078 5647 2182 5684; x_wconf 89' lang='lat' dir='ltr'><strong>non</strong></span> <span class='ocrx_word' id='word_1_666' title='bbox 2247 5632 2314 5686; x_wconf 89' lang='lat' dir='ltr'><strong>de</strong></span> 
     </span>
    </p>
   </div>
   <div class='ocr_carea' id='block_1_96' title="bbox 752 5717 2318 5787">
    <p class='ocr_par' dir='ltr' id='par_1_96' title="bbox 752 5717 2318 5787">
     <span class='ocr_line' id='line_1_97' title="bbox 752 5717 2318 5787; baseline 0.004 -17"><span class='ocrx_word' id='word_1_667' title='bbox 752 5718 1002 5787; x_wconf 66' lang='lat' dir='ltr'><strong>praesenti</strong></span> <span class='ocrx_word' id='word_1_668' title='bbox 1060 5717 1275 5771; x_wconf 90' lang='lat' dir='ltr'><strong>illorum</strong></span> <span class='ocrx_word' id='word_1_669' title='bbox 1319 5720 1714 5774; x_wconf 88' lang='lat' dir='ltr'><strong>abstentionem</strong></span> <span class='ocrx_word' id='word_1_670' title='bbox 1775 5723 2174 5784; x_wconf 79' lang='lat' dir='ltr'><strong>decernentes,</strong></span> <span class='ocrx_word' id='word_1_671' title='bbox 2222 5724 2318 5777; x_wconf 78' lang='lat' dir='ltr'><strong>sed</strong></span> 
     </span>
    </p>
   </div>
   <div class='ocr_carea' id='block_1_97' title="bbox 754 5811 2315 5886">
    <p class='ocr_par' dir='ltr' id='par_1_97' title="bbox 754 5811 2315 5886">
     <span class='ocr_line' id='line_1_98' title="bbox 754 5811 2315 5886; baseline 0.002 -19"><span class='ocrx_word' id='word_1_672' title='bbox 754 5829 846 5879; x_wconf 79' lang='lat' dir='ltr'><strong>per</strong></span> <span class='ocrx_word' id='word_1_673' title='bbox 880 5811 1222 5867; x_wconf 87' lang='lat' dir='ltr'><strong>antehabitas</strong></span> <span class='ocrx_word' id='word_1_674' title='bbox 1243 5815 1497 5885; x_wconf 74' lang='lat' dir='ltr'><strong>synodos,</strong></span> <span class='ocrx_word' id='word_1_675' title='bbox 1539 5831 1630 5884; x_wconf 92' lang='lat' dir='ltr'><strong>per</strong></span> <span class='ocrx_word' id='word_1_676' title='bbox 1659 5817 1789 5871; x_wconf 83' lang='lat' dir='ltr'><strong>scita</strong></span> <span class='ocrx_word' id='word_1_677' title='bbox 1841 5826 1894 5870; x_wconf 83' lang='lat' dir='ltr'><strong>et</strong></span> <span class='ocrx_word' id='word_1_678' title='bbox 1921 5816 2066 5886; x_wconf 79' lang='lat' dir='ltr'><strong>leges</strong></span> <span class='ocrx_word' id='word_1_679' title='bbox 2097 5826 2315 5885; x_wconf 78' lang='lat' dir='ltr'><strong>aposto-</strong></span> 
     </span>
    </p>
   </div>
   <div class='ocr_carea' id='block_1_98' title="bbox 2415 4590 3982 4662">
    <p class='ocr_par' dir='ltr' id='par_1_98' title="bbox 2415 4590 3982 4662">
     <span class='ocr_line' id='line_1_99' title="bbox 2415 4590 3982 4662; baseline -0.001 -19"><span class='ocrx_word' id='word_1_680' title='bbox 2415 4591 2752 4661; x_wconf 82' lang='grc' dir='ltr'>θρηνοῦμεν,</span> <span class='ocrx_word' id='word_1_681' title='bbox 2810 4592 2902 4643; x_wconf 78' lang='grc' dir='ltr'>καὶ</span> <span class='ocrx_word' id='word_1_682' title='bbox 2957 4591 3326 4662; x_wconf 84' lang='grc' dir='ltr'>ἀνορθωθῆναι</span> <span class='ocrx_word' id='word_1_683' title='bbox 3383 4591 3478 4643; x_wconf 76' lang='grc' dir='ltr'>τοῦ</span> <span class='ocrx_word' id='word_1_684' title='bbox 3541 4590 3858 4659; x_wconf 81' lang='grc' dir='ltr'>πτώματος,</span> <span class='ocrx_word' id='word_1_685' title='bbox 3921 4595 3982 4643; x_wconf 75' lang='grc' dir='ltr'>οὐ</span> 
     </span>
    </p>
   </div>
   <div class='ocr_carea' id='block_1_99' title="bbox 2409 4683 3980 4753">
    <p class='ocr_par' dir='ltr' id='par_1_99' title="bbox 2409 4683 3980 4753">
     <span class='ocr_line' id='line_1_100' title="bbox 2409 4683 3980 4753; baseline -0.001 -16"><span class='ocrx_word' id='word_1_686' title='bbox 2409 4683 2651 4752; x_wconf 86' lang='grc' dir='ltr'>δώσομεν</span> <span class='ocrx_word' id='word_1_687' title='bbox 2703 4687 2815 4746; x_wconf 89' lang='grc' dir='ltr'>τοῖς</span> <span class='ocrx_word' id='word_1_688' title='bbox 2868 4683 3163 4753; x_wconf 73' lang='grc' dir='ltr'>ὀφθαλμοῖς</span> <span class='ocrx_word' id='word_1_689' title='bbox 3207 4684 3363 4753; x_wconf 81' lang='grc' dir='ltr'>ἡμῶν</span> <span class='ocrx_word' id='word_1_690' title='bbox 3430 4683 3632 4749; x_wconf 83' lang='grc' dir='ltr'>ὕπνον,</span> <span class='ocrx_word' id='word_1_691' title='bbox 3684 4684 3804 4736; x_wconf 76' lang='grc' dir='ltr'>οὐδὲ</span> <span class='ocrx_word' id='word_1_692' title='bbox 3867 4688 3980 4745; x_wconf 78' lang='grc' dir='ltr'>τοῖς</span> 
     </span>
    </p>
   </div>
   <div class='ocr_carea' id='block_1_100' title="bbox 2413 4775 3980 4846">
    <p class='ocr_par' dir='ltr' id='par_1_100' title="bbox 2413 4775 3980 4846">
     <span class='ocr_line' id='line_1_101' title="bbox 2413 4775 3980 4846; baseline -0.001 -19"><span class='ocrx_word' id='word_1_693' title='bbox 2413 4777 2701 4846; x_wconf 75' lang='grc' dir='ltr'>βλεφάροις</span> <span class='ocrx_word' id='word_1_694' title='bbox 2739 4775 3069 4844; x_wconf 79' lang='grc' dir='ltr'>νυσταγμδν,</span> <span class='ocrx_word' id='word_1_695' title='bbox 3121 4776 3226 4839; x_wconf 84' lang='grc' dir='ltr'>ἓως</span> <span class='ocrx_word' id='word_1_696' title='bbox 3281 4777 3346 4828; x_wconf 83' lang='grc' dir='ltr'>ἂν</span> <span class='ocrx_word' id='word_1_697' title='bbox 3401 4777 3600 4839; x_wconf 79' lang='grc' dir='ltr'>αὐτοὺς</span> <span class='ocrx_word' id='word_1_698' title='bbox 3649 4779 3728 4838; x_wconf 85' lang='grc' dir='ltr'><strong>εἰς</strong></span> <span class='ocrx_word' id='word_1_699' title='bbox 3766 4776 3828 4828; x_wconf 78' lang='grc' dir='ltr'><strong>τὸ</strong></span> <span class='ocrx_word' id='word_1_700' title='bbox 3885 4777 3980 4828; x_wconf 70' lang='grc' dir='ltr'>τοῦ</span> 
     </span>
    </p>
   </div>
   <div class='ocr_carea' id='block_1_101' title="bbox 2412 4869 3982 4940">
    <p class='ocr_par' dir='ltr' id='par_1_101' title="bbox 2412 4869 3982 4940">
     <span class='ocr_line' id='line_1_102' title="bbox 2412 4869 3982 4940; baseline -0.001 -17"><span class='ocrx_word' id='word_1_701' title='bbox 2412 4871 2638 4940; x_wconf 82' lang='grc' dir='ltr'>Κυρίου,</span> <span class='ocrx_word' id='word_1_702' title='bbox 2655 4871 2795 4922; x_wconf 83' lang='grc' dir='ltr'><strong>κατά</strong></span> <span class='ocrx_word' id='word_1_703' title='bbox 2811 4869 3108 4938; x_wconf 75' lang='grc' dir='ltr'>τὸιδυνατδν</span> <span class='ocrx_word' id='word_1_704' title='bbox 3126 4871 3274 4940; x_wconf 78' lang='grc' dir='ltr'>ἡμῖν,</span> <span class='ocrx_word' id='word_1_705' title='bbox 3301 4869 3668 4938; x_wconf 84' lang='grc' dir='ltr'>εἰσελάσωμεν</span> <span class='ocrx_word' id='word_1_706' title='bbox 3693 4871 3982 4939; x_wconf 74' lang='grc' dir='ltr'>σκήνωμα.</span> 
     </span>
    </p>
   </div>
   <div class='ocr_carea' id='block_1_102' title="bbox 2483 5070 3978 5140">
    <p class='ocr_par' dir='ltr' id='par_1_102' title="bbox 2483 5070 3978 5140">
     <span class='ocr_line' id='line_1_103' title="bbox 2483 5070 3978 5140; baseline 0 -18"><span class='ocrx_word' id='word_1_707' title='bbox 2483 5070 2584 5134; x_wconf 77' lang='grc' dir='ltr'>κζ’.</span> <span class='ocrx_word' id='word_1_708' title='bbox 2627 5071 2762 5132; x_wconf 83' lang='grc' dir='ltr'>Τοὺς</span> <span class='ocrx_word' id='word_1_709' title='bbox 2794 5070 2849 5121; x_wconf 84' lang='grc' dir='ltr'>δὲ</span> <span class='ocrx_word' id='word_1_710' title='bbox 2898 5070 3052 5131; x_wconf 84' lang='grc' dir='ltr'>νέους</span> <span class='ocrx_word' id='word_1_711' title='bbox 3106 5071 3205 5139; x_wconf 86' lang='grc' dir='ltr'>τῆς</span> <span class='ocrx_word' id='word_1_712' title='bbox 3234 5071 3571 5132; x_wconf 85' lang='grc' dir='ltr'>ἀποστασίας</span> <span class='ocrx_word' id='word_1_713' title='bbox 3611 5071 3978 5140; x_wconf 78' lang='grc' dir='ltr'>προδρόμους,</span> 
     </span>
    </p>
   </div>
   <div class='ocr_carea' id='block_1_103' title="bbox 2412 5163 3982 5234">
    <p class='ocr_par' dir='ltr' id='par_1_103' title="bbox 2412 5163 3982 5234">
     <span class='ocr_line' id='line_1_104' title="bbox 2412 5163 3982 5234; baseline -0.001 -19"><span class='ocrx_word' id='word_1_714' title='bbox 2412 5167 2537 5226; x_wconf 72' lang='grc' dir='ltr'>τοὺς</span> <span class='ocrx_word' id='word_1_715' title='bbox 2585 5163 2924 5233; x_wconf 81' lang='grc' dir='ltr'>θεραπευτὰς</span> <span class='ocrx_word' id='word_1_716' title='bbox 2973 5163 3065 5216; x_wconf 78' lang='grc' dir='ltr'>τοῦ</span> <span class='ocrx_word' id='word_1_717' title='bbox 3119 5163 3534 5231; x_wconf 84' lang='grc' dir='ltr'>ἀντικειμένου,</span> <span class='ocrx_word' id='word_1_718' title='bbox 3596 5163 3721 5226; x_wconf 80' lang='grc' dir='ltr'>τοὺς</span> <span class='ocrx_word' id='word_1_719' title='bbox 3770 5165 3982 5234; x_wconf 80' lang='grc' dir='ltr'>μυρίων</span> 
     </span>
    </p>
   </div>
   <div class='ocr_carea' id='block_1_104' title="bbox 2415 5254 3985 5325">
    <p class='ocr_par' dir='ltr' id='par_1_104' title="bbox 2415 5254 3985 5325">
     <span class='ocr_line' id='line_1_105' title="bbox 2415 5254 3985 5325; baseline -0.001 -17"><span class='ocrx_word' id='word_1_720' title='bbox 2415 5257 2631 5325; x_wconf 82' lang='grc' dir='ltr'>ἐνόχους</span> <span class='ocrx_word' id='word_1_721' title='bbox 2666 5257 2930 5319; x_wconf 81' lang='grc' dir='ltr'>θανάτων,</span> <span class='ocrx_word' id='word_1_722' title='bbox 2966 5258 3091 5318; x_wconf 82' lang='grc' dir='ltr'>τοὺς</span> <span class='ocrx_word' id='word_1_723' title='bbox 3143 5257 3356 5317; x_wconf 86' lang='grc' dir='ltr'>κοινοὺς</span> <span class='ocrx_word' id='word_1_724' title='bbox 3389 5254 3693 5323; x_wconf 85' lang='grc' dir='ltr'>λυμεῶνας,</span> <span class='ocrx_word' id='word_1_725' title='bbox 3747 5254 3874 5315; x_wconf 71' lang='grc' dir='ltr'>τοὺς</span> <span class='ocrx_word' id='word_1_726' title='bbox 3921 5256 3985 5306; x_wconf 89' lang='grc' dir='ltr'>τὸ</span> 
     </span>
    </p>
   </div>
   <div class='ocr_carea' id='block_1_105' title="bbox 2416 5346 3983 5416">
    <p class='ocr_par' dir='ltr' id='par_1_105' title="bbox 2416 5346 3983 5416">
     <span class='ocr_line' id='line_1_106' title="bbox 2416 5346 3983 5416; baseline -0.003 -14"><span class='ocrx_word' id='word_1_727' title='bbox 2416 5349 2620 5402; x_wconf 86' lang='grc' dir='ltr'>ἁπαλὸν</span> <span class='ocrx_word' id='word_1_728' title='bbox 2676 5351 2849 5400; x_wconf 81' lang='grc' dir='ltr'>ἐκεῖνο</span> <span class='ocrx_word' id='word_1_729' title='bbox 2900 5349 2995 5402; x_wconf 77' lang='grc' dir='ltr'><strong>καὶ</strong></span> <span class='ocrx_word' id='word_1_730' title='bbox 3036 5347 3392 5402; x_wconf 83' lang='grc' dir='ltr'>νεοσύστατον</span> <span class='ocrx_word' id='word_1_731' title='bbox 3423 5349 3501 5410; x_wconf 76' lang='grc' dir='ltr'>εἰς</span> <span class='ocrx_word' id='word_1_732' title='bbox 3537 5347 3636 5416; x_wconf 82' lang='grc' dir='ltr'>τὴν</span> <span class='ocrx_word' id='word_1_733' title='bbox 3697 5346 3983 5398; x_wconf 75' lang='grc' dir='ltr'>εὐσέϐειαν</span> 
     </span>
    </p>
   </div>
   <div class='ocr_carea' id='block_1_106' title="bbox 2417 5439 3983 5509">
    <p class='ocr_par' dir='ltr' id='par_1_106' title="bbox 2417 5439 3983 5509">
     <span class='ocr_line' id='line_1_107' title="bbox 2417 5439 3983 5509; baseline -0.001 -16"><span class='ocrx_word' id='word_1_734' title='bbox 2417 5441 2587 5505; x_wconf 79' lang='grc' dir='ltr'>ἔθνος,</span> <span class='ocrx_word' id='word_1_735' title='bbox 2628 5440 2900 5502; x_wconf 88' lang='grc' dir='ltr'>τοσούτοις</span> <span class='ocrx_word' id='word_1_736' title='bbox 2948 5442 3044 5493; x_wconf 74' lang='grc' dir='ltr'>καὶ</span> <span class='ocrx_word' id='word_1_737' title='bbox 3098 5439 3434 5509; x_wconf 83' lang='grc' dir='ltr'>τηλικούτοις</span> <span class='ocrx_word' id='word_1_738' title='bbox 3485 5443 3830 5509; x_wconf 87' lang='grc' dir='ltr'>σπαραγμοῖς</span> <span class='ocrx_word' id='word_1_739' title='bbox 3866 5441 3983 5491; x_wconf 84' lang='grc' dir='ltr'>δια-</span> 
     </span>
    </p>
   </div>
   <div class='ocr_carea' id='block_1_107' title="bbox 2419 5529 3984 5602">
    <p class='ocr_par' dir='ltr' id='par_1_107' title="bbox 2419 5529 3984 5602">
     <span class='ocr_line' id='line_1_108' title="bbox 2419 5529 3984 5602; baseline -0.003 -17"><span class='ocrx_word' id='word_1_740' title='bbox 2419 5532 2837 5602; x_wconf 80' lang='grc' dir='ltr'>σπαράξαντας·</span> <span class='ocrx_word' id='word_1_741' title='bbox 2869 5531 3093 5593; x_wconf 86' lang='grc' dir='ltr'>τούτους</span> <span class='ocrx_word' id='word_1_742' title='bbox 3142 5531 3268 5593; x_wconf 79' lang='grc' dir='ltr'>τοὺς</span> <span class='ocrx_word' id='word_1_743' title='bbox 3299 5529 3624 5592; x_wconf 83' lang='grc' dir='ltr'>ἀπατεῶνας</span> <span class='ocrx_word' id='word_1_744' title='bbox 3656 5530 3747 5581; x_wconf 77' lang='grc' dir='ltr'>καὶ</span> <span class='ocrx_word' id='word_1_745' title='bbox 3779 5530 3984 5597; x_wconf 82' lang='grc' dir='ltr'>θεομά-</span> 
     </span>
    </p>
   </div>
   <div class='ocr_carea' id='block_1_108' title="bbox 2419 5618 3984 5692">
    <p class='ocr_par' dir='ltr' id='par_1_108' title="bbox 2419 5618 3984 5692">
     <span class='ocr_line' id='line_1_109' title="bbox 2419 5618 3984 5692; baseline -0.003 -18"><span class='ocrx_word' id='word_1_746' title='bbox 2419 5639 2543 5692; x_wconf 76' lang='grc' dir='ltr'>χους</span> <span class='ocrx_word' id='word_1_747' title='bbox 2569 5622 2821 5692; x_wconf 77' lang='grc' dir='ltr'>συνοδικῇ</span> <span class='ocrx_word' id='word_1_748' title='bbox 2858 5623 2955 5674; x_wconf 75' lang='grc' dir='ltr'>καὶ</span> <span class='ocrx_word' id='word_1_749' title='bbox 2985 5621 3110 5691; x_wconf 77' lang='grc' dir='ltr'>θείᾳ.</span> <span class='ocrx_word' id='word_1_750' title='bbox 3140 5621 3544 5689; x_wconf 86' lang='grc' dir='ltr'>κατεκρίναμεν</span> <span class='ocrx_word' id='word_1_751' title='bbox 3578 5618 3745 5688; x_wconf 74' lang='grc' dir='ltr'><strong>ψήφῳ</strong></span> <span class='ocrx_word' id='word_1_752' title='bbox 3763 5637 3776 5648; x_wconf 88' lang='grc'>·</span> <span class='ocrx_word' id='word_1_753' title='bbox 3803 5619 3863 5670; x_wconf 81' lang='grc' dir='ltr'>οὐ</span> <span class='ocrx_word' id='word_1_754' title='bbox 3886 5618 3984 5670; x_wconf 81' lang='grc' dir='ltr'>νῦν</span> 
     </span>
    </p>
   </div>
   <div class='ocr_carea' id='block_1_109' title="bbox 2414 5716 3982 5793">
    <p class='ocr_par' dir='ltr' id='par_1_109' title="bbox 2414 5716 3982 5793">
     <span class='ocr_line' id='line_1_110' title="bbox 2414 5716 3982 5793; baseline -0.004 -19"><span class='ocrx_word' id='word_1_755' title='bbox 2414 5722 2598 5774; x_wconf 83' lang='grc' dir='ltr'>ἀὐτῶν</span> <span class='ocrx_word' id='word_1_756' title='bbox 2627 5722 2724 5793; x_wconf 80' lang='grc' dir='ltr'>τὴν</span> <span class='ocrx_word' id='word_1_757' title='bbox 2765 5721 3040 5790; x_wconf 80' lang='grc' dir='ltr'>ἀπόφασιν</span> <span class='ocrx_word' id='word_1_758' title='bbox 3068 5718 3465 5787; x_wconf 73' lang='grc' dir='ltr'>καθορίζοντες,</span> <span class='ocrx_word' id='word_1_759' title='bbox 3495 5716 3608 5769; x_wconf 86' lang='grc' dir='ltr'>ἀλλ’</span> <span class='ocrx_word' id='word_1_760' title='bbox 3645 5718 3710 5768; x_wconf 84' lang='grc' dir='ltr'><strong>ἐκ</strong></span> <span class='ocrx_word' id='word_1_761' title='bbox 3735 5716 3846 5768; x_wconf 84' lang='grc' dir='ltr'><strong>τῶν</strong></span> <span class='ocrx_word' id='word_1_762' title='bbox 3880 5717 3982 5786; x_wconf 74' lang='grc' dir='ltr'>ἢδη</span> 
     </span>
    </p>
   </div>
   <div class='ocr_carea' id='block_1_110' title="bbox 2427 5810 3983 5882">
    <p class='ocr_par' dir='ltr' id='par_1_110' title="bbox 2427 5810 3983 5882">
     <span class='ocr_line' id='line_1_111' title="bbox 2427 5810 3983 5882; baseline -0.006 -13"><span class='ocrx_word' id='word_1_763' title='bbox 2427 5817 2678 5880; x_wconf 80' lang='grc' dir='ltr'>συνόδων,</span> <span class='ocrx_word' id='word_1_764' title='bbox 2715 5817 2807 5868; x_wconf 77' lang='grc' dir='ltr'>καὶ</span> <span class='ocrx_word' id='word_1_765' title='bbox 2831 5814 3206 5868; x_wconf 79' lang='grc' dir='ltr'>ἀποστολικῶν</span> <span class='ocrx_word' id='word_1_766' title='bbox 3237 5813 3474 5882; x_wconf 85' lang='grc' dir='ltr'>θεσμῶν,</span> <span class='ocrx_word' id='word_1_767' title='bbox 3501 5810 3600 5878; x_wconf 84' lang='grc' dir='ltr'>τὴν</span> <span class='ocrx_word' id='word_1_768' title='bbox 3631 5813 3983 5880; x_wconf 66' lang='grc' dir='ltr'>προωμσμὲ-</span> 
     </span>
    </p>
   </div>
  </div>
