4248 6444
322 572 424 622 νην
476 552 660 614 αὐτοῖς
714 552 1011 621 καταδίκην
1072 552 1539 619 ὑπεκθςαίνοντες,

322 647 610 707 ποιοῦντες
643 646 911 713 ἐπίδηλον.

399 745 507 807 κη’.
564 738 777 805 Πὲφυκε
806 737 929 807 ,γὰρ
962 738 1022 789 τὸ
1056 738 1413 806 ἀνθρώπινον,
1442 738 1537 806 ούχ
1593 738 1735 790 οὕτω
1777 741 1896 798 ταῖς

325 829 727 897 παρελθούσαις
796 830 1087 897 τιμωρίαις
1150 830 1580 896 ἁσφαλίζεσθαι,
1636 829 1709 891 ὡς
1778 832 1897 890 ταῖς

324 922 633 991 ὁρωμέναις
710 920 1175 990 σωφρονίζεσθαιο
1234 923 1326 972 καὶ
1383 922 1490 974 τῶν
1574 922 1897 991 φθασάντων

326 1016 567 1082 ὑπάρχει
596 1013 901 1079 βεὸαἰωσις,
922 1016 954 1080 ἡ
982 1013 1089 1064 τῶν
1120 1013 1489 1080 ἐνεστηκότων
1521 1013 1898 1081 συμφώνησις.

327 1107 489 1159 Οὕτω
518 1104 583 1157 δι’
605 1106 632 1157 ὃ
656 1106 879 1165 τούτους
899 1106 1256 1173 ἐπιμένοντας
1287 1106 1465 1158 αὐτῶν
1484 1108 1549 1173 τῇ
1575 1104 1898 1173 πολυτρόπῳ

327 1197 528 1267 πλάνῃ,
546 1198 723 1264 πάσης
746 1198 942 1265 ἀγέλης
962 1198 1306 1267 Χριστιανῶν
1324 1198 1689 1266 ἐκκηρύττους
1711 1200 1897 1264 ἐποιη-

329 1291 547 1357 σάμεθα
572 1306 586 1319 ·
647 1290 741 1341 καὶ
792 1289 901 1357 γὰρ
939 1290 1029 1341 καὶ
1072 1291 1101 1342 ὁ
1137 1290 1244 1341 τῶν
1270 1288 1444 1356 ἁγίων
1474 1291 1783 1342 ἀποστόλων
1808 1290 1897 1342 τὲ-

325 1401 528 1453 ταρτος
559 1384 651 1435 καὶ
683 1383 972 1452 ὲξηκοστὸς
1002 1382 1199 1443 κανὼν,
1232 1384 1360 1445 τοὺς
1396 1384 1452 1433 ὲν
1481 1386 1596 1445 τοῖς
1625 1383 1899 1436 Σάϐϐασιν

327 1477 584 1546 νηστείαν
633 1475 1091 1540 ἐπιτηδεύοντας.
1161 1466 1263 1527 ὧδέ
1326 1492 1442 1537 πως
1496 1475 1896 1546 ἀπορραπίζων

328 1567 515 1636 φησίν.

402 1746 503 1799 κΘ’.
535 1746 605 1797 ΕΣ
654 1762 746 1811 τις
785 1745 1072 1811 κληρικὸς
1120 1747 1385 1812 εὑρεθείη
1442 1746 1556 1812 τὴν
1600 1748 1899 1814 Κυριακὴν

1473 440 2007 503 EPISTOLARUM
2048 443 2277 504 LIBER
2319 445 2366 505 Ι.

3457 450 3559 515 ἹΜ

1610 555 1704 605 καὶ
1758 554 1890 606 πᾶσι
1922 562 1969 616 Α
1999 554 2147 615 Iicas,
2180 556 2702 624 przedeterminatam
2726 556 2779 610 in
2814 557 2931 613 illos
2968 558 3472 614 condemnationem
3506 563 3557 613 in

1997 647 2207 715 vulgus,
2243 657 2300 700 ut
2334 649 2585 701 omnibus
2620 650 2689 702 ita
2724 650 3043 713 innotescat,
3093 651 3451 719 profcrcntes.

2066 736 2155 788 9.8.
2200 737 2269 789 Ita
2294 741 2436 791 enim
2460 748 2650 791 natura
2673 751 3056 806 comparantur
3074 740 3341 804 homines,
3371 751 3426 793 ιιι
3451 756 3557 793 non

1999 838 2206 881 tantum
2236 832 2520 897 praeteritis
2570 832 2845 899 suppliciis
2888 833 3014 883 sarti
3068 833 3193 884 tecti
3222 844 3556 892 remaneant,

1998 932 2257 990 quantum
2296 923 2655 990 prresentibus
2686 934 2741 976 et
2767 923 2819 975 in
2852 924 3038 975 oculos
3072 923 3476 975 incurrentibus
3505 925 3559 975 in

2000 1016 2190 1067 ordine
2216 1015 2624 1078 contineantur;
2649 1014 2774 1066 dum
2809 1031 2928 1066 cum
2960 1015 3243 1082 prmteritis
3271 1016 3559 1081 przeseutia

2000 1107 2335 1172 conspirant.
2372 1104 2456 1157 illa
2491 1120 2586 1172 per
2626 1104 2809 1156 istbagc
2833 1104 3046 1156 roboris
3090 1103 3361 1170 accipiunt
3398 1102 3564 1155 ﬁrmi—

2000 1205 2187 1249 tatem.
2220 1197 2298 1248 ΑιΙ
2330 1197 2472 1249 hunc
2499 1196 2715 1249 modum
2754 1212 2848 1262 per
2872 1195 2919 1246 id
2944 1195 3083 1262 quod
3122 1194 3287 1247 hosce
3316 1195 3563 1247 homines

2000 1289 2283 1356 multiplici
2335 1303 2434 1341 suo
2480 1288 2649 1342 errori
2714 1288 3115 1349 immauentes,
3185 1287 3253 1339 ab
3312 1286 3563 1339 universo

1998 1396 2157 1451 grege
2189 1381 2615 1433 Christianorum
2649 1381 2868 1448 publico
2896 1380 3165 1447 praeconio
3188 1379 3437 1433 exclusos
3467 1378 3565 1430 de-

1999 1470 2426 1526 nuntiavimus:
2486 1472 2853 1539 sexagesimus
2903 1471 3045 1524 enim
3099 1481 3321 1538 quartus
3385 1484 3557 1523 canon

1998 1565 2345 1634 apostolicus,
2377 1579 2471 1618 eos
2498 1564 2589 1631 qui
2631 1563 2920 1615 intendunt
2959 1563 3169 1632 jejunio
3213 1562 3454 1625 Subbuti,
3498 1560 3561 1611 ad

2000 1655 2147 1711 hunc
2175 1657 2391 1709 modum
2425 1657 2751 1724 percutiens,
2782 1654 2989 1722 inquit:

2068 1750 2159 1802 29.
2200 1747 2257 1801 Si
2289 1750 2403 1817 quis
2448 1748 2661 1799 clericus
2705 1747 3003 1797 inveniatur
3040 1746 3177 1796 diem
3235 1744 3562 1796 Dominicam

328 1838 560 1906 ἡμέραν
612 1840 963 1903 νηστεύων,
1002 1838 1041 1905 ἡ
1098 1837 1164 1889 τὸ
1198 1836 1520 1903 Σάϐϐατόν,
1573 1841 1739 1905 πλὴν
1793 1840 1899 1893 τοῦ
1938 1910 1949 1911 7
1996 1900 2005 1911 ι

1884 1841 1899 1891 5
1938 1910 1949 1911 7
1996 1843 2263 1911 jejunare,
2294 1843 2372 1894 vel
2406 1842 2563 1893 etiam
2591 1837 2906 1901 Sabbatum,
2944 1847 3151 1902 excepto
3194 1854 3293 1888 uno
3337 1836 3561 1887 Sabbato

329 1933 468 1994 ἐνὸς
483 1932 697 1996 μόνου,
728 1932 1155 1999 καθαιρείσθω·
1186 1934 1236 1983 el
1276 1930 1343 1981 δὲ
1367 1929 1580 1995 λαὶκὸς
1606 1931 1717 1997 εἴη,
1752 1932 1895 2000 ἀφοι
1932 1910 1970 1963 n
2000 1956 2006 1986 ι

1883 1952 1895 1970 '-
1932 1910 1970 1963 η
2000 1910 2130 1998 solo,
2168 1935 2489 2001 deponatur;
2532 1932 2613 1982 sin
2646 1930 2810 1981 laicus
2851 1931 3028 1996 fuerit,
3062 1940 3334 1995 separetur
3363 1946 3393 1979 a
3423 1944 3560 1978 com-

332 2023 603 2091 ριζέσθω.
648 2024 753 2075 Ναὶ
782 2022 845 2090 δὴ
882 2022 976 2075 καὶ
1003 2025 1031 2074 ὁ
1061 2022 1158 2091 τῆς
1182 2021 1341 2088 ἁγίας
1374 2022 1467 2074 καὶ
1516 2023 1895 2090 οἱκουμενικῆς

332 2117 498 2183 ’ἑκτης
532 2115 753 2166 συνόδου
779 2114 1027 2183 πέμπτος
1050 2115 1145 2165 καὶ
1171 2114 1533 2183 πεντηκοστὸς
1560 2114 1740 2167 κανὼν
1758 2115 1899 2167 οὕτω

331 2222 447 2266 πως
470 2206 899 2274 ἀποφαινόμενος
924 2221 939 2233 ⁶

400 2294 465 2348 λ’.
511 2294 745 2359 Ἐπειδὴ
780 2293 1211 2363 μεμαθήκαμεν
1230 2293 1372 2358 τοὺς
1400 2294 1470 2346 ὲν
1499 2292 1574 2361 τῇ
1604 2293 1896 2361 Ῥωμαίων

330 2386 526 2446 πόλει,
564 2382 633 2435 ἐν
669 2382 797 2447 ταῖς
846 2384 1041 2450 ἁγίαις
1095 2382 1202 2448 τῆς
1252 2382 1750 2449 τεσσαρακοστῆς
1795 2401 1899 2448 νη⁹

330 2478 581 2541 στείαις,
622 2476 747 2541 τοῖς
784 2476 1001 2541 ταύτης
1040 2476 1302 2529 Σάϐϐασι
1362 2477 1700 2540 νηστεύειν,
1741 2476 1898 2540 παρὰ

332 2570 449 2634 τὴν
486 2568 929 2635 παραδοθεῖσαν
958 2566 1476 2633 ἐκκλησιαστικὴν
1512 2565 1897 2624 ἀκολουθίαν,

331 2661 505 2725 ἔδοξε
550 2659 623 2727 τῇ
672 2660 811 2727 ἁγίᾳ,
855 2659 1120 2721 συνόδῳ,
1170 2659 1325 2712 ὥστε
1363 2658 1597 2727 κρατεῖν
1647 2658 1743 2710 καὶ
1802 2656 1899 2708 ἐπὶ

330 2754 448 2820 τὴν
485 2754 783 2821 Ῥωμαίων
823 2753 1210 2817 Ἐκκλησίαν,
1241 2752 1769 2819 ἀπαρασαλεύτως,
1796 2748 1901 2800 τὸν

332 2847 559 2899 κανόνα
591 2844 697 2897 τὸν
734 2844 998 2913 λέγοντο,
1047 2862 1062 2893 ι
1106 2843 1172 2895 El
1206 2861 1293 2907 τις
1350 2843 1632 2909 κληρικὸς
1677 2838 1898 2909 εὑρεθῇ

341 2936 417 3005 τῇ
476 2938 615 3006 ἁγίᾳ
673 2935 935 3003 κυριακῇ
979 2938 1310 3000 νηστεύων,
1367 2936 1406 3003 ἢ
1458 2934 1525 2987 τὸ
1577 2934 1898 2996 Σάδδατον,

332 3028 500 3095 πλὴν
547 3028 652 3080 τοῦ
706 3028 844 3093 ἐνὸς
895 3030 992 3079 καὶ
1028 3027 1238 3095 μόνου,
1272 3026 1669 3094 καθαιρέσθω·
1724 3028 1775 3079 sl
1836 3024 1903 3077 δὲ

330 3121 541 3186 λατκὸς
562 3122 676 3185 ειη,
716 3119 1097 3187 ἀφοριζέσθω.
1148 3137 1167 3170 ›

404 3209 506 3263 λα’.
563 3210 724 3262 ’Δὶλὰ
756 3226 818 3276 γε
865 3209 929 3279 δὴ
987 3210 1081 3260 καὶ
1115 3208 1143 3259 ὁ
1170 3211 1269 3277 τῆς
1298 3208 1355 3259 ὲν
1404 3207 1629 3275 Γάγγρα
1660 3206 1898 3266 συνόδου,
1930 3244 1971 3302 C

334 3302 587 3371 περὶτῶν
615 3304 707 3355 τὸν
728 3304 905 3371 γάμον
932 3301 1398 3369 βδελυσσομένων,
1445 3300 1623 3351 κανὼν
1650 3299 1902 3367 τέταρτος

335 3392 509 3446 ταῦτά
541 3410 726 3461 φησιν·
771 3394 840 3445 El
868 3410 957 3457 τις
993 3392 1354 3458 διακρίνοιτο
1394 3393 1551 3457 παρὰ
1582 3388 1899 3456 πρεσϐυτέα

329 3505 447 3555 ρου
520 3488 945 3554 γεγαμηκότος,
1006 3486 1087 3551 ὡς
1127 3484 1212 3554 μὴ
1269 3482 1507 3553 χρῆναι,
1562 3482 1903 3551 λειτουργή-

335 3594 563 3643 σαντος
594 3578 802 3642 αὐτοῦ,
837 3579 1187 3646 προσφορὰς
1225 3576 1717 3645 μεταλαμϐάνειν,
1756 3576 1901 3630 ἀνά-

336 3675 482 3739 θεμα
520 3670 735 3731 ἕστω.ι
792 3669 1061 3731 Ὡσαύτως
1100 3670 1154 3721 δὲ
1204 3669 1383 3737 ψῆφον
1426 3670 1704 3736 ὁμόφωνον
1749 3668 1905 3737 φέρει

337 3765 459 3816 κατ’
494 3762 693 3822 αὐτῶν,
746 3762 838 3813 καὶ
885 3764 919 3829 ἡ
974 3762 1105 3831 ἕκτη
1144 3761 1378 3823 σύνοδος,
1419 3760 1605 3811 τοῦτον
1664 3761 1905 3829 ἀναγρά-

339 3870 515 3921 φουσα
545 3852 636 3903 τὸν
666 3853 866 3922 τρόπον
892 3869 904 3882 ·
950 3851 1186 3918 Ἐπειδὴ
1216 3852 1285 3903 ἐν
1327 3849 1400 3916 τῇ
1452 3850 1738 3918 Ῥωμαίων
1779 3851 1902 3903 Ἐκ-

338 3945 587 4010 κλησίᾳ,
619 3945 689 3996 ὲν
718 3944 879 4007 τάξει
912 3945 1167 4008 κανόνος
1194 3942 1637 4010 παραδεδόσθαι
1667 3943 1905 4010 διέγνω-

331 4056 469 4107 μεν,
517 4038 657 4104 τοὺς
697 4040 1038 4107 μέλλοντας
1074 4040 1377 4099 διακόνου,
1410 4039 1447 4105 ἢ
1497 4039 1903 4105 πρεσϐυτέρου

338 4131 657 4194 ἀξιοῦσθαι
682 4130 1068 4199 χειροτονίας.
1112 4130 1562 4199 καθομολογεῖν,
1596 4131 1674 4191 ὠς
1704 4131 1901 4183 οὐκέτι

336 4223 467 4289 ταῖς
500 4224 697 4277 αὐτῶν
749 4224 1155 4276 συνάπτονται
1218 4223 1531 4291 γαμεταῗςο
1598 4224 1768 4292 ἡμεῖς
1823 4224 1904 4289 τῷ

338 4316 565 4384 ἀρχαίῳ
614 4315 1162 4381 ἑξακολουθοῦντες
1208 4316 1417 4368 κανόνι
1444 4359 1457 4379 ,
1498 4315 1609 4383 τῆς
1648 4316 1905 4369 ἀποστο-

338 4405 517 4470 λικῆς
536 4405 838 4471 ἀκριϐείας·
861 4406 958 4456 καὶ
980 4405 1221 4470 τάξεως,
1252 4409 1323 4458 τὰ
1345 4404 1465 4458 τῶν
1486 4405 1657 4471 ιερῶν
1669 4404 1903 4473 ἀνδρῶν

340 4499 489 4549 κατά
508 4498 733 4563 νόμους
762 4497 1137 4560 συνοικέσια,
1164 4498 1259 4550 καὶ
1292 4498 1411 4550 ἀπὸ
1438 4498 1543 4551 τοῦ
1572 4498 1687 4551 νῦν
1725 4496 1897 4564 ἐρρῶο

340 4590 479 4641 σθαι
541 4587 920 4655 βουλόμεθα·
984 4589 1264 4657 μηδαμῶς
1344 4588 1541 4641 αὐτῶν
1585 4588 1699 4655 τὴν
1755 4589 1901 4655 πρὸς
1936 4581 1977 4634 Π

342 4679 599 4748 γαμετὰς
620 4678 957 4747 συνάφειαν
973 4680 1341 4745 διαλύοντες,
1369 4681 1407 4747 ἢ
1428 4680 1903 4745 ἀποστεροῦντες

342 4772 561 4835 αὐτοὺς
617 4770 725 4836 τῆς
764 4771 912 4838 πρὸς
949 4771 1284 4836 ἀλλήλους,
1332 4772 1483 4823 κατὰ
1535 4775 1743 4837 καιρὸν
1800 4772 1904 4822 τὸν

342 4864 746 4929 προσήκοντα,
783 4866 1037 4930 όμιλίας.
1066 4866 1241 4916 Ὥστε
1266 4865 1321 4916 ετ
1350 4882 1437 4929 τις
1490 4864 1657 4928 ἄξιος
1693 4860 1900 4929 εὐρεθῇ

344 4957 493 5022 πρὸς
577 4958 949 5025 χειροτονίαν
1017 4957 1303 5010 διακόνου
1360 4956 1397 5023 ἢ
1462 4956 1899 5014 ὐποδιακόνου,

343 5044 525 5112 οὗτος
546 5046 830 5115 μηδαμῶς
863 5048 1180 5100 κωλυέσθω
1217 5047 1312 5097 ἐπὶ
1340 5048 1447 5099 τὸν
1475 5047 1746 5099 τοιοῦτον
1764 5048 1904 5109 ,ϐαθ-

334 5142 456 5210 μὸν
514 5137 953 5207 ἐμϐιϐάζεσθαι,
1006 5137 1228 5206 γαμετῇ
1292 5136 1593 5190 συνοικῶν
1644 5138 1900 5205 you/pqr

337 5234 491 5302 μήτε
508 5233 635 5302 μὴν
662 5234 729 5283 ἐν
756 5230 836 5295 τῷ
868 5231 977 5296 τῆς
1006 5231 1377 5298 χειροτονίας
1409 5228 1592 5295 καιρῷ
1637 5230 1901 5283 ἀπαιτεί-

339 5327 463 5376 σθω
507 5321 838 5389 ὁμολογεῖν,
892 5320 970 5385 ὡς
1012 5320 1419 5385 ἀποστήσεται
1468 5318 1575 5386 τῆς
1627 5321 1898 5386 νομίμου,

342 5415 487 5481 πρὸς
538 5414 653 5479 τὴν
698 5415 923 5466 οίκείαν
980 5411 1274 5480 γαμετὴν,
1336 5412 1590 5479 όμιλίας.
1646 5412 1769 5464 Ἵνα
1815 5411 1899 5477 μὴ

340 5506 640 5569 ἐντεῦθεν,
665 5506 771 5557 τὸν
806 5507 871 5557 ἐκ
914 5505 1059 5557 Θεοῦ
1096 5504 1554 5571 νομοθετεθέντα
1593 5504 1687 5555 καί
1725 5505 1899 5555 εὐλο-

342 5598 594 5667 γηθέντα
623 5595 695 5663 τῇ
726 5597 911 5649 αὑτοῦ
955 5598 1253 5663 παρουσίᾳ
1283 5596 1492 5664 γάμον,
1534 5593 1901 5661 καθυϐρίζειν

341 5689 765 5757 ἑκὸιασθὼμεν,
802 5688 910 5753 τῆς
952 5688 1057 5741 τοῦ
1089 5689 1455 5755 Εὑαγγελίου
1502 5685 1703 5754 φωνῆς
1738 5686 1899 5737 ἐκϐο-

342 5782 528 5846 ὠσης,
574 5801 591 5832 ι
631 5782 745 5844 Οὓς
777 5785 807 5834 ό
840 5780 981 5843 Θεὸς
1029 5778 1284 5842 ἔζευξεν,
1336 5780 1644 5847 ἅνθρωπος
1671 5778 1754 5845 μὶι
1788 5797 1897 5845 χωο

341 5875 577 5942 ριζὲτω·
630 5894 646 5925 ι
723 5874 820 5927 χιιι
877 5872 982 5926 τοῦ
1052 5873 1414 5927 Ἀποστόλου
1482 5872 1892 5935 διδάσκοντος,

2001 2026 2263 2079 munione.
2298 2024 2399 2076 Sed
2457 2032 2511 2075 et
2556 2030 2755 2073 sancta:
2797 2020 3117 2071 universalis
3163 2028 3327 2070 sexta:
3376 2017 3560 2086 synodi

2000 2133 2175 2171 canon
2206 2116 2429 2185 quintus
2464 2122 2518 2165 et
2544 2113 3023 2181 quinquagesimus
3057 2112 3121 2163 ad
3166 2113 3309 2162 hunc
3342 2110 3561 2161 modum

1999 2213 2183 2266 sciscit
2216 2230 2228 2264 :

2070 2305 2158 2359 50.
2202 2304 2279 2357 Eo
2304 2305 2440 2373 quod
2465 2301 2691 2371 pervenit
2716 2300 2783 2351 ad
2808 2298 3047 2349 notitiam
3076 2305 3324 2354 nostram,
3351 2309 3435 2345 eos
3475 2293 3563 2361 qui

2000 2399 2219 2452 Romam
2271 2396 2499 2450 incolunt
2550 2396 2602 2447 in
2650 2393 2845 2445 sanctis
2883 2390 3311 2457 Quadragesimw
3344 2386 3564 2455 jejuniis

1999 2490 2299 2543 earumdem
2334 2486 2577 2541 Sabbatis
2612 2484 2879 2553 jejunare,
2921 2492 3103 2533 contra
3136 2480 3562 2533 consuetudinem

2001 2592 2049 2636 et
2097 2583 2431 2633 traditionem
2469 2578 2898 2637 ecclesiasticam,
2950 2576 3117 2628 visum
3162 2582 3239 2625 est
3280 2586 3447 2624 sacra:
3480 2587 3566 2639 sy-

2002 2674 2155 2737 nodo,
2202 2673 2443 2725 utetiam
2490 2681 2537 2723 et
2575 2686 2666 2737 per
2713 2668 3003 2719 Romanam
3048 2665 3337 2719 Ecclesium
3384 2664 3561 2714 incon-

2003 2782 2179 2818 cussus
2222 2766 2451 2815 obtineat
2492 2762 2582 2813 ille
2632 2776 2801 2813 canon
2850 2760 2937 2828 qui
2985 2759 3108 2810 ait:
3151 2777 3167 2807 ι
3207 2756 3261 2809 Si
3315 2757 3428 2825 quis
3464 2754 3565 2807 cle-

2002 2857 2137 2907 ricus
2178 2854 2475 2907 inveniatur
2501 2854 2554 2903 in
2576 2861 2755 2903 sancto
2785 2850 3053 2903 Dominico
3086 2850 3167 2900 die
3191 2848 3459 2915 jejunarc.
3490 2845 3567 2899 vel

2002 2948 2056 2998 in
2107 2944 2353 3007 Sabbato,
2385 2953 2596 3010 excepto
2638 2958 2760 2999 uno.
2809 2952 2856 2992 et
2914 2941 3053 3001 solo,
3109 2941 3431 3005 deponatur,
3485 2937 3567 2989 sin

2003 3046 2178 3089 autem
2203 3037 2385 3098 laicus,
2416 3044 2688 3099 separetur
2723 3051 2753 3085 a
2786 3033 3164 3084 communione.
3196 3052 3213 3080 ι

2074 3215 2161 3267 Si.
2204 3213 2309 3267 Sed
2362 3223 2416 3267 et
2462 3225 2683 3281 quartus
2728 3213 2941 3265 concilii
2971 3211 3295 3281 Gangrensis
3354 3224 3564 3270 canon,

2006 3318 2191 3362 contra
2228 3308 2446 3375 nuptias
2474 3307 2850 3360 abominantes
2882 3307 2996 3358 ait:
3035 3304 3093 3358 Si
3133 3305 3245 3370 quis
3284 3305 3565 3372 presbyter,

2004 3398 2090 3466 qui
2123 3412 2333 3449 uxorem
2369 3398 2535 3455 duxit,
2570 3398 2829 3447 discernat
2874 3396 3023 3463 quasi
3074 3411 3173 3446 non
3218 3404 3472 3461 oporteat,
3510 3410 3566 3444 eo

2004 3506 2154 3542 sacra
2200 3490 2486 3541 celebrante
2536 3489 2785 3540 oblationi
2836 3486 3254 3545 communicare,
3311 3484 3377 3536 sit
3432 3500 3569 3536 ana-

2007 3584 2198 3636 thema.
2228 3582 2502 3635 Adversus
2541 3596 2676 3650 quos
2716 3580 3039 3634 sententiam
3083 3578 3312 3630 similem
3354 3576 3571 3645 praefert

2004 3685 2059 3728 et
2116 3683 2264 3726 sexta
2320 3672 2591 3741 synodus,
2646 3673 2711 3725 ad
2784 3674 2930 3725 lnmc
2997 3672 3213 3725 modum
3280 3671 3569 3722 scribens:

2006 3764 2434 3831 Quandoquidem
2484 3764 2538 3815 in
2575 3762 2813 3815 Romana
2856 3763 3089 3815 Ecclesia
3149 3763 3363 3813 canonis
3410 3762 3571 3811 vicem

2006 3857 2233 3909 obtinere
2261 3857 2514 3917 novimus,
2552 3865 2606 3906 ut
2654 3856 2742 3924 qui
2770 3857 2838 3907 ad
2874 3856 3213 3907 diaconatum
3257 3852 3333 3905 vel
3363 3856 3571 3922 presby-

2006 3958 2230 4001 teratum
2258 3948 2589 4011 promovendi
2632 3957 2772 4010 sunt,
2827 3949 3195 4015 professionem
3249 3945 3467 4012 faciant,
3517 3960 3571 3995 sc

2006 4057 2105 4093 non
2154 4040 2379 4105 amplius
2412 4040 2832 4091 consuetudinem
2884 4054 3105 4091 uxorum
3150 4054 3367 4090 suarum
3421 4037 3571 4087 habi-

2005 4143 2173 4192 turos;
2205 4146 2294 4183 nos
2316 4132 2590 4198 antiquum
2619 4146 2871 4181 canonem
2916 4130 3215 4195 apostolicae
3244 4127 3572 4197 perfectionis

2004 4224 2297 4291 ordinisque
2328 4222 2671 4283 observantes,
2702 4236 2882 4272 eorum
2916 4222 3003 4284 qui
3036 4230 3154 4272 sunt
3196 4222 3249 4271 in
3292 4220 3456 4271 sacris
3485 4234 3572 4270 or-

2004 4315 2208 4367 dinibus
2232 4314 2516 4376 constituti,
2550 4312 2795 4381 conjugia
2820 4313 3077 4375 deinceps,
3104 4313 3166 4364 ab
3195 4314 3289 4365 hoc
3324 4312 3571 4377 temporis

2002 4418 2279 4467 momento,
2322 4407 2475 4473 ﬁrma
2514 4416 2561 4458 et
2605 4407 2811 4459 stabilia
2872 4422 2980 4458 esse
3046 4405 3302 4465 volumus,
3375 4418 3575 4470 nequa-

2004 4518 2161 4569 quam
2194 4517 2370 4553 eorum
2410 4516 2522 4551 cum
2557 4501 2801 4552 uxoribus
2839 4500 2945 4551 suis
2975 4500 3214 4565 copulam
3263 4498 3569 4556 dissuentes,

2008 4594 2086 4646 vel
2138 4610 2219 4645 eos
2268 4600 2449 4643 mutua
2494 4592 2859 4643 consuetudine
2914 4591 3216 4659 opportunis
3256 4587 3572 4655 temporibus

2010 4686 2299 4751 privantcs.
2336 4681 2679 4745 Quamobrem
2714 4683 2756 4732 si
2779 4683 2893 4751 quis
2921 4684 3107 4749 dignus
3132 4683 3367 4732 inventus
3392 4680 3568 4747 fuerit,

2009 4777 2097 4843 qui
2128 4774 2530 4841 Itypodiaconus,
2560 4774 2833 4832 diaconus,
2868 4774 3137 4840 presbyter
3170 4772 3459 4825 ordinetur.
3491 4771 3572 4822 hic

2009 4864 2077 4915 ad
2107 4863 2262 4915 talem
2295 4863 2517 4929 gradum
2550 4862 2745 4913 assumi
2782 4876 3109 4929 nequaquam
3145 4860 3495 4926 prohibeatur,
3530 4860 3574 4911 si

2008 4972 2124 5007 cum
2149 4970 2243 5006 sua
2288 4954 2521 5021 legitima
2570 4967 2730 5003 uxore
2777 4950 3051 5002 cohabitet.
3085 4948 3185 5001 Sed
3234 4964 3323 5000 nec
3359 4949 3575 5000 ordina-

2009 5048 2162 5099 tionis
2201 5056 2449 5111 tempore,
2481 5044 2543 5095 ab
2590 5042 2681 5095 illo
2714 5044 2953 5111 exigatur
2983 5042 3251 5111 professio,
3294 5057 3348 5093 se
3384 5058 3415 5091 a
3446 5040 3572 5109 legi-

2006 5135 2133 5184 tima
2166 5148 2281 5183 cum
2318 5147 2477 5183 uxore
2518 5146 2614 5181 sua
2658 5132 3027 5183 consuetudine
3065 5132 3268 5196 penitus
3310 5130 3577 5181 abstentu—

2007 5242 2121 5277 rum
2148 5240 2165 5277 :
2194 5224 2272 5277 Ne
2301 5240 2390 5289 per
2430 5221 2563 5273 illud
2612 5223 2843 5289 nuptias,
2878 5238 2909 5273 a
2946 5221 3052 5273 Deo
3082 5222 3372 5280 institutas,
3403 5230 3452 5273 et
3479 5238 3575 5273 sua

2005 5323 2283 5392 prtesmtia
2332 5322 2631 5371 honestatos
2680 5317 2993 5369 contumelia
3040 5315 3240 5382 aﬂicere
3284 5314 3573 5365 rideamur.

2004 5414 2315 5482 Evangelica
2339 5428 2453 5464 voce
2479 5413 2677 5463 dicente
2702 5424 2718 5461 :
2747 5428 2766 5459 ι
2791 5409 2917 5472 Qua:
2943 5408 3075 5461 Deus
3103 5407 3388 5471 conjunxit,
3421 5408 3570 5458 homo

2004 5520 2065 5553 ne
2095 5510 2356 5568 separetp
2391 5510 2437 5551 et
2474 5500 2717 5567 Apostolo
2737 5501 2985 5550 docente:
3017 5515 3034 5545 ι
3066 5497 3409 5551 Ilonorabiles
3464 5514 3572 5549 esse

2004 5595 2231 5659 nuptias,
2269 5603 2315 5644 et
2362 5602 2529 5644 torum
2573 5592 3005 5649 immaculatum;
3036 5608 3052 5638 ι
3085 5602 3153 5654 et,
3188 5609 3205 5639 ι
3232 5590 3491 5657 Alligatus
3518 5608 3573 5644 es

2003 5686 2187 5738 uxori?
2219 5685 2322 5737 noli
2377 5700 2604 5753 qutrrere
2653 5683 3063 5735 dissolutionem.
3095 5703 3111 5733 ι
3162 5684 3218 5735 Si
3259 5685 3372 5752 quis
3408 5684 3569 5751 igitur

2002 5788 2181 5831 contra
2214 5793 2433 5829 canones
2455 5776 2761 5842 apostolicos
2795 5776 3087 5826 incitaverit
3132 5774 3357 5843 aliquem
3386 5790 3565 5826 eorum

2002 5871 2090 5939 qui
2119 5878 2235 5922 sunt
2276 5869 2328 5920 in
2354 5866 2539 5930 sacris,
2571 5866 2989 5935 presbyterorum
3020 5866 3287 5929 nimirum,
3329 5865 3407 5917 vel
3446 5867 3529 5916 dia
3550 5894 3561 5902 -
