  <div class='ocr_page' id='page_1' title='image "/cluster/home/n/w/nwhite01/storage/ocr_20150623/102/nnc1.0046979620/378.png"; bbox 0 0 4248 6444; ppageno 0'>
   <div class='ocr_carea' id='block_1_1' title="bbox 276 429 385 492">
    <p class='ocr_par' dir='ltr' id='par_1_1' title="bbox 276 429 385 492">
     <span class='ocr_line' id='line_1_1' title="bbox 276 429 385 492; baseline 0.037 -4"><span class='ocrx_word' id='word_1_1' title='bbox 276 429 385 492; x_wconf 78' lang='grc' dir='ltr'><strong>73Ἳ</strong></span> 
     </span>
    </p>
   </div>
   <div class='ocr_carea' id='block_1_2' title="bbox 1436 419 2328 483">
    <p class='ocr_par' dir='ltr' id='par_1_2' title="bbox 1436 419 2328 483">
     <span class='ocr_line' id='line_1_2' title="bbox 1436 419 2328 483; baseline -0.003 0"><span class='ocrx_word' id='word_1_2' title='bbox 1436 419 1971 483; x_wconf 77' lang='lat' dir='ltr'><strong>EPISTULARUM</strong></span> <span class='ocrx_word' id='word_1_3' title='bbox 2013 421 2239 480; x_wconf 82' lang='lat' dir='ltr'><strong>LIBER</strong></span> <span class='ocrx_word' id='word_1_4' title='bbox 2281 421 2328 481; x_wconf 92' lang='grc' dir='ltr'><strong>Ι.</strong></span> 
     </span>
    </p>
   </div>
   <div class='ocr_carea' id='block_1_3' title="bbox 3406 430 3511 492">
    <p class='ocr_par' dir='ltr' id='par_1_3' title="bbox 3406 430 3511 492">
     <span class='ocr_line' id='line_1_3' title="bbox 3406 430 3511 492; baseline 0.019 -2"><span class='ocrx_word' id='word_1_5' title='bbox 3406 430 3511 492; x_wconf 86' lang='lat'><strong>738</strong></span> 
     </span>
    </p>
   </div>
   <div class='ocr_carea' id='block_1_4' title="bbox 274 527 1951 602">
    <p class='ocr_par' dir='ltr' id='par_1_4' title="bbox 274 528 1930 602">
     <span class='ocr_line' id='line_1_4' title="bbox 274 528 1930 602; baseline -0.007 -13"><span class='ocrx_word' id='word_1_6' title='bbox 274 538 512 600; x_wconf 76' lang='grc' dir='ltr'>λάξαντο</span> <span class='ocrx_word' id='word_1_7' title='bbox 535 575 549 598; x_wconf 93' lang='grc'><strong>,</strong></span> <span class='ocrx_word' id='word_1_8' title='bbox 594 536 651 586; x_wconf 83' lang='grc' dir='ltr'><strong>ἐν</strong></span> <span class='ocrx_word' id='word_1_9' title='bbox 687 535 941 602; x_wconf 81' lang='grc' dir='ltr'><strong>ὑπηκόων</strong></span> <span class='ocrx_word' id='word_1_10' title='bbox 991 532 1217 593; x_wconf 77' lang='grc' dir='ltr'>ἑαυτοὺς</span> <span class='ocrx_word' id='word_1_11' title='bbox 1254 531 1348 583; x_wconf 87' lang='lat' dir='ltr'><strong>xui</strong></span> <span class='ocrx_word' id='word_1_12' title='bbox 1379 529 1653 599; x_wconf 81' lang='grc' dir='ltr'>προξένων</span> <span class='ocrx_word' id='word_1_13' title='bbox 1681 528 1850 593; x_wconf 82' lang='grc' dir='ltr'><strong>τάξει,</strong></span> <span class='ocrx_word' id='word_1_14' title='bbox 1880 529 1930 585; x_wconf 84' lang='grc' dir='ltr'><strong>Α</strong></span> 
     </span>
    </p>
   </div>
   <div class='ocr_carea' id='block_1_5' title="bbox 1846 527 3523 602">
    <p class='ocr_par' dir='ltr' id='par_1_5' title="bbox 1846 527 3523 601">
     <span class='ocr_line' id='line_1_5' title="bbox 1846 527 3523 601; baseline 0.005 -24"><span class='ocrx_word' id='word_1_15' title='bbox 1846 568 1850 585; x_wconf 84' lang='grc'><strong>,</strong></span> <span class='ocrx_word' id='word_1_16' title='bbox 1880 529 1930 585; x_wconf 84' lang='grc' dir='ltr'><strong>Α</strong></span> <span class='ocrx_word' id='word_1_17' title='bbox 1954 527 2139 595; x_wconf 80' lang='lat' dir='ltr'><strong>ganica</strong></span> <span class='ocrx_word' id='word_1_18' title='bbox 2173 528 2447 598; x_wconf 86' lang='lat' dir='ltr'><strong>impietate</strong></span> <span class='ocrx_word' id='word_1_19' title='bbox 2481 528 2590 590; x_wconf 86' lang='lat' dir='ltr'><strong>illa,</strong></span> <span class='ocrx_word' id='word_1_20' title='bbox 2622 543 2727 597; x_wconf 85' lang='lat' dir='ltr'><strong>qua</strong></span> <span class='ocrx_word' id='word_1_21' title='bbox 2757 530 2905 598; x_wconf 89' lang='lat' dir='ltr'><strong>prius</strong></span> <span class='ocrx_word' id='word_1_22' title='bbox 2934 532 3167 601; x_wconf 84' lang='lat' dir='ltr'><strong>possessi</strong></span> <span class='ocrx_word' id='word_1_23' title='bbox 3200 532 3523 589; x_wconf 80' lang='lat' dir='ltr'><strong>detineban-</strong></span> 
     </span>
    </p>
   </div>
   <div class='ocr_carea' id='block_1_6' title="bbox 276 621 1847 697">
    <p class='ocr_par' dir='ltr' id='par_1_6' title="bbox 276 621 1847 697">
     <span class='ocr_line' id='line_1_6' title="bbox 276 621 1847 697; baseline -0.004 -17"><span class='ocrx_word' id='word_1_24' title='bbox 276 631 403 680; x_wconf 74' lang='grc' dir='ltr'>ἀντὶ</span> <span class='ocrx_word' id='word_1_25' title='bbox 437 629 535 695; x_wconf 82' lang='grc' dir='ltr'>τῆς</span> <span class='ocrx_word' id='word_1_26' title='bbox 566 628 873 697; x_wconf 83' lang='grc' dir='ltr'>προμικροῦ</span> <span class='ocrx_word' id='word_1_27' title='bbox 911 626 1030 679; x_wconf 77' lang='grc' dir='ltr'>καθ’</span> <span class='ocrx_word' id='word_1_28' title='bbox 1075 626 1237 694; x_wconf 81' lang='grc' dir='ltr'>ἡμῶν</span> <span class='ocrx_word' id='word_1_29' title='bbox 1280 624 1602 693; x_wconf 80' lang='grc' dir='ltr'><strong>λεηλασίας,</strong></span> <span class='ocrx_word' id='word_1_30' title='bbox 1631 622 1724 675; x_wconf 88' lang='lat' dir='ltr'><strong>xui</strong></span> <span class='ocrx_word' id='word_1_31' title='bbox 1753 621 1847 673; x_wconf 88' lang='grc' dir='ltr'><strong>τοῦ</strong></span> 
     </span>
    </p>
   </div>
   <div class='ocr_carea' id='block_1_7' title="bbox 280 712 1845 787">
    <p class='ocr_par' dir='ltr' id='par_1_7' title="bbox 280 712 1845 787">
     <span class='ocr_line' id='line_1_7' title="bbox 280 712 1845 787; baseline -0.004 -17"><span class='ocrx_word' id='word_1_32' title='bbox 280 717 521 787; x_wconf 82' lang='grc' dir='ltr'><strong>μεγάλου</strong></span> <span class='ocrx_word' id='word_1_33' title='bbox 561 718 928 785; x_wconf 77' lang='grc' dir='ltr'><strong>τολμήματος,</strong></span> <span class='ocrx_word' id='word_1_34' title='bbox 976 713 1276 784; x_wconf 82' lang='grc' dir='ltr'><strong>ἀγαπητῶς</strong></span> <span class='ocrx_word' id='word_1_35' title='bbox 1320 712 1845 781; x_wconf 85' lang='grc' dir='ltr'>ἐγκαταστήσαντες.</span> 
     </span>
    </p>
   </div>
   <div class='ocr_carea' id='block_1_8' title="bbox 276 802 1847 876">
    <p class='ocr_par' dir='ltr' id='par_1_8' title="bbox 276 802 1847 876">
     <span class='ocr_line' id='line_1_8' title="bbox 276 802 1847 876; baseline -0.004 -16"><span class='ocrx_word' id='word_1_36' title='bbox 276 811 389 861; x_wconf 73' lang='grc' dir='ltr'><strong>Καὶ</strong></span> <span class='ocrx_word' id='word_1_37' title='bbox 438 810 531 861; x_wconf 81' lang='grc' dir='ltr'>ἐπὶ</span> <span class='ocrx_word' id='word_1_38' title='bbox 564 808 812 860; x_wconf 88' lang='grc' dir='ltr'>τοσοῦτον</span> <span class='ocrx_word' id='word_1_39' title='bbox 842 808 1036 870; x_wconf 73' lang='grc' dir='ltr'>αὐτοὺς</span> <span class='ocrx_word' id='word_1_40' title='bbox 1081 808 1111 859; x_wconf 86' lang='grc' dir='ltr'><strong>ό</strong></span> <span class='ocrx_word' id='word_1_41' title='bbox 1152 808 1251 876; x_wconf 86' lang='grc' dir='ltr'>τῆς</span> <span class='ocrx_word' id='word_1_42' title='bbox 1288 807 1520 866; x_wconf 83' lang='grc' dir='ltr'>πίστεως</span> <span class='ocrx_word' id='word_1_43' title='bbox 1556 804 1718 865; x_wconf 82' lang='grc' dir='ltr'>πόθος</span> <span class='ocrx_word' id='word_1_44' title='bbox 1752 802 1847 854; x_wconf 87' lang='lat' dir='ltr'><strong>xui</strong></span> 
     </span>
    </p>
   </div>
   <div class='ocr_carea' id='block_1_9' title="bbox 277 895 1849 969">
    <p class='ocr_par' dir='ltr' id='par_1_9' title="bbox 277 895 1849 969">
     <span class='ocr_line' id='line_1_9' title="bbox 277 895 1849 969; baseline -0.003 -19"><span class='ocrx_word' id='word_1_45' title='bbox 277 900 443 967; x_wconf 73' lang='grc' dir='ltr'>ζῆλος</span> <span class='ocrx_word' id='word_1_46' title='bbox 478 900 788 967; x_wconf 75' lang='grc' dir='ltr'>ἀνέφλεξεν,</span> <span class='ocrx_word' id='word_1_47' title='bbox 841 900 1073 969; x_wconf 81' lang='grc' dir='ltr'><strong>(Παῦλος</strong></span> <span class='ocrx_word' id='word_1_48' title='bbox 1110 899 1274 953; x_wconf 71' lang='grc' dir='ltr'>πάλιν</span> <span class='ocrx_word' id='word_1_49' title='bbox 1444 937 1458 960; x_wconf 96' lang='grc'><strong>,</strong></span> <span class='ocrx_word' id='word_1_50' title='bbox 1507 895 1849 963; x_wconf 73' lang='grc' dir='ltr'><strong>Εὐλογητὸς</strong></span> 
     </span>
    </p>
   </div>
   <div class='ocr_carea' id='block_1_10' title="bbox 277 987 1848 1061">
    <p class='ocr_par' dir='ltr' id='par_1_10' title="bbox 277 987 1848 1061">
     <span class='ocr_line' id='line_1_10' title="bbox 277 987 1848 1061; baseline -0.004 -17"><span class='ocrx_word' id='word_1_51' title='bbox 277 997 310 1044; x_wconf 89' lang='lat' dir='ltr'><strong>o&#39;</strong></span> <span class='ocrx_word' id='word_1_52' title='bbox 342 992 487 1057; x_wconf 78' lang='grc' dir='ltr'><strong>Θεὸς</strong></span> <span class='ocrx_word' id='word_1_53' title='bbox 517 994 601 1057; x_wconf 82' lang='grc' dir='ltr'><strong>είς</strong></span> <span class='ocrx_word' id='word_1_54' title='bbox 644 991 784 1057; x_wconf 82' lang='grc' dir='ltr'>τοὺς</span> <span class='ocrx_word' id='word_1_55' title='bbox 808 990 1065 1061; x_wconf 73' lang='grc' dir='ltr'>αἰῶνας)</span> <span class='ocrx_word' id='word_1_56' title='bbox 1109 989 1249 1042; x_wconf 82' lang='grc' dir='ltr'>ὥστε</span> <span class='ocrx_word' id='word_1_57' title='bbox 1284 990 1378 1042; x_wconf 91' lang='lat' dir='ltr'><strong>xui</strong></span> <span class='ocrx_word' id='word_1_58' title='bbox 1411 988 1705 1040; x_wconf 85' lang='grc' dir='ltr'>ἐπίσκοπον</span> <span class='ocrx_word' id='word_1_59' title='bbox 1754 987 1848 1038; x_wconf 80' lang='lat' dir='ltr'><strong>xui</strong></span> 
     </span>
    </p>
   </div>
   <div class='ocr_carea' id='block_1_11' title="bbox 276 1081 1849 1152">
    <p class='ocr_par' dir='ltr' id='par_1_11' title="bbox 276 1081 1849 1152">
     <span class='ocr_line' id='line_1_11' title="bbox 276 1081 1849 1152; baseline -0.003 -16"><span class='ocrx_word' id='word_1_60' title='bbox 276 1086 513 1152; x_wconf 75' lang='grc' dir='ltr'>ποιμένα</span> <span class='ocrx_word' id='word_1_61' title='bbox 562 1083 837 1146; x_wconf 76' lang='grc' dir='ltr'>δέξασθαι,</span> <span class='ocrx_word' id='word_1_62' title='bbox 894 1086 987 1135; x_wconf 80' lang='grc' dir='ltr'>καὶ</span> <span class='ocrx_word' id='word_1_63' title='bbox 1044 1082 1111 1135; x_wconf 84' lang='grc' dir='ltr'><strong>τὰ</strong></span> <span class='ocrx_word' id='word_1_64' title='bbox 1160 1082 1268 1134; x_wconf 86' lang='grc' dir='ltr'>τῶν</span> <span class='ocrx_word' id='word_1_65' title='bbox 1330 1082 1670 1150; x_wconf 79' lang='grc' dir='ltr'><strong>Χριστιανῶν</strong></span> <span class='ocrx_word' id='word_1_66' title='bbox 1716 1081 1849 1149; x_wconf 89' lang='grc' dir='ltr'>θρη-</span> 
     </span>
    </p>
   </div>
   <div class='ocr_carea' id='block_1_12' title="bbox 276 1173 1847 1245">
    <p class='ocr_par' dir='ltr' id='par_1_12' title="bbox 276 1173 1847 1245">
     <span class='ocr_line' id='line_1_12' title="bbox 276 1173 1847 1245; baseline -0.003 -18"><span class='ocrx_word' id='word_1_67' title='bbox 276 1177 585 1243; x_wconf 80' lang='grc' dir='ltr'>σκεύματα,</span> <span class='ocrx_word' id='word_1_68' title='bbox 608 1176 694 1227; x_wconf 89' lang='grc' dir='ltr'><strong>διά</strong></span> <span class='ocrx_word' id='word_1_69' title='bbox 723 1176 925 1245; x_wconf 82' lang='grc' dir='ltr'>πολλῆς</span> <span class='ocrx_word' id='word_1_70' title='bbox 956 1175 1188 1244; x_wconf 83' lang='grc' dir='ltr'><strong>σπουδῆς</strong></span> <span class='ocrx_word' id='word_1_71' title='bbox 1209 1174 1302 1227; x_wconf 86' lang='lat' dir='ltr'><strong>xui.</strong></span> <span class='ocrx_word' id='word_1_72' title='bbox 1334 1173 1648 1243; x_wconf 80' lang='grc' dir='ltr'><strong>ἐπιμελείας</strong></span> <span class='ocrx_word' id='word_1_73' title='bbox 1676 1173 1847 1224; x_wconf 70' lang='grc' dir='ltr'>ἀσπά-</span> 
     </span>
    </p>
   </div>
   <div class='ocr_carea' id='block_1_13' title="bbox 273 1270 486 1333">
    <p class='ocr_par' dir='ltr' id='par_1_13' title="bbox 273 1270 486 1333">
     <span class='ocr_line' id='line_1_13' title="bbox 273 1270 486 1333; baseline 0.009 -12"><span class='ocrx_word' id='word_1_74' title='bbox 273 1270 486 1333; x_wconf 73' lang='grc' dir='ltr'>ζεσθαι.</span> 
     </span>
    </p>
   </div>
   <div class='ocr_carea' id='block_1_14' title="bbox 348 1358 1846 1432">
    <p class='ocr_par' dir='ltr' id='par_1_14' title="bbox 348 1358 1846 1432">
     <span class='ocr_line' id='line_1_14' title="bbox 348 1358 1846 1432; baseline -0.001 -19"><span class='ocrx_word' id='word_1_75' title='bbox 348 1363 457 1426; x_wconf 78' lang='grc' dir='ltr'>λς’.</span> <span class='ocrx_word' id='word_1_76' title='bbox 496 1362 713 1415; x_wconf 84' lang='grc' dir='ltr'><strong>Τούτων</strong></span> <span class='ocrx_word' id='word_1_77' title='bbox 741 1362 833 1415; x_wconf 84' lang='grc' dir='ltr'><strong>οῦν</strong></span> <span class='ocrx_word' id='word_1_78' title='bbox 856 1361 997 1415; x_wconf 78' lang='grc' dir='ltr'>οὕτω</span> <span class='ocrx_word' id='word_1_79' title='bbox 1023 1402 1037 1426; x_wconf 93' lang='grc'><strong>,</strong></span> <span class='ocrx_word' id='word_1_80' title='bbox 1072 1364 1137 1432; x_wconf 76' lang='grc' dir='ltr'>τῇ</span> <span class='ocrx_word' id='word_1_81' title='bbox 1168 1361 1262 1415; x_wconf 88' lang='grc' dir='ltr'><strong>τοῦ</strong></span> <span class='ocrx_word' id='word_1_82' title='bbox 1296 1361 1677 1430; x_wconf 79' lang='grc' dir='ltr'>φιλανθρώπου</span> <span class='ocrx_word' id='word_1_83' title='bbox 1711 1358 1846 1413; x_wconf 82' lang='grc' dir='ltr'><strong>Θεοῦ</strong></span> 
     </span>
    </p>
   </div>
   <div class='ocr_carea' id='block_1_15' title="bbox 273 1454 1842 1526">
    <p class='ocr_par' dir='ltr' id='par_1_15' title="bbox 273 1454 1842 1526">
     <span class='ocr_line' id='line_1_15' title="bbox 273 1454 1842 1526; baseline -0.002 -18"><span class='ocrx_word' id='word_1_84' title='bbox 273 1457 491 1526; x_wconf 78' lang='grc' dir='ltr'>χάριτι,</span> <span class='ocrx_word' id='word_1_85' title='bbox 524 1454 618 1508; x_wconf 88' lang='grc' dir='ltr'><strong>τοῦ</strong></span> <span class='ocrx_word' id='word_1_86' title='bbox 661 1458 867 1517; x_wconf 84' lang='grc' dir='ltr'>πάντας</span> <span class='ocrx_word' id='word_1_87' title='bbox 912 1454 1231 1524; x_wconf 81' lang='grc' dir='ltr'><strong>ἀνθρώπους</strong></span> <span class='ocrx_word' id='word_1_88' title='bbox 1275 1455 1516 1516; x_wconf 80' lang='grc' dir='ltr'>θέλοντος</span> <span class='ocrx_word' id='word_1_89' title='bbox 1566 1454 1842 1522; x_wconf 87' lang='grc' dir='ltr'>σωθῆναι,</span> 
     </span>
    </p>
   </div>
   <div class='ocr_carea' id='block_1_16' title="bbox 274 1544 1841 1615">
    <p class='ocr_par' dir='ltr' id='par_1_16' title="bbox 274 1544 1841 1615">
     <span class='ocr_line' id='line_1_16' title="bbox 274 1544 1841 1615; baseline -0.003 -16"><span class='ocrx_word' id='word_1_90' title='bbox 274 1550 373 1599; x_wconf 86' lang='lat' dir='ltr'><strong>xui</strong></span> <span class='ocrx_word' id='word_1_91' title='bbox 425 1550 503 1609; x_wconf 89' lang='grc' dir='ltr'><strong>είς</strong></span> <span class='ocrx_word' id='word_1_92' title='bbox 556 1548 850 1613; x_wconf 72' lang='grc' dir='ltr'>ἐπίγνωσιν</span> <span class='ocrx_word' id='word_1_93' title='bbox 900 1546 1156 1615; x_wconf 84' lang='grc' dir='ltr'><strong>ἀληθείας</strong></span> <span class='ocrx_word' id='word_1_94' title='bbox 1207 1545 1400 1607; x_wconf 88' lang='grc' dir='ltr'>ἐλθεῖν,</span> <span class='ocrx_word' id='word_1_95' title='bbox 1445 1544 1555 1596; x_wconf 82' lang='grc' dir='ltr'>τῶν</span> <span class='ocrx_word' id='word_1_96' title='bbox 1597 1544 1841 1597; x_wconf 78' lang='grc' dir='ltr'>παλαιῶν</span> 
     </span>
    </p>
   </div>
   <div class='ocr_carea' id='block_1_17' title="bbox 274 1637 1845 1708">
    <p class='ocr_par' dir='ltr' id='par_1_17' title="bbox 274 1637 1845 1708">
     <span class='ocr_line' id='line_1_17' title="bbox 274 1637 1845 1708; baseline -0.003 -15"><span class='ocrx_word' id='word_1_97' title='bbox 274 1640 459 1701; x_wconf 81' lang='grc' dir='ltr'>αὐτοῖς</span> <span class='ocrx_word' id='word_1_98' title='bbox 503 1639 852 1708; x_wconf 76' lang='grc' dir='ltr'><strong>δοξασμάτων</strong></span> <span class='ocrx_word' id='word_1_99' title='bbox 907 1639 1366 1708; x_wconf 80' lang='grc' dir='ltr'>μετατιθεμένων,</span> <span class='ocrx_word' id='word_1_100' title='bbox 1410 1638 1504 1690; x_wconf 88' lang='lat' dir='ltr'><strong>xui</strong></span> <span class='ocrx_word' id='word_1_101' title='bbox 1550 1637 1649 1707; x_wconf 82' lang='grc' dir='ltr'>τὴν</span> <span class='ocrx_word' id='word_1_102' title='bbox 1712 1638 1845 1689; x_wconf 77' lang='grc' dir='ltr'>εἰλι-</span> 
     </span>
    </p>
   </div>
   <div class='ocr_carea' id='block_1_18' title="bbox 276 1728 1841 1800">
    <p class='ocr_par' dir='ltr' id='par_1_18' title="bbox 276 1728 1841 1800">
     <span class='ocr_line' id='line_1_18' title="bbox 276 1728 1841 1800; baseline -0.003 -18"><span class='ocrx_word' id='word_1_103' title='bbox 276 1731 437 1800; x_wconf 84' lang='grc' dir='ltr'>κρινῆ</span> <span class='ocrx_word' id='word_1_104' title='bbox 459 1731 565 1781; x_wconf 83' lang='grc' dir='ltr'>τῶν</span> <span class='ocrx_word' id='word_1_105' title='bbox 586 1729 909 1799; x_wconf 82' lang='grc' dir='ltr'>χριστιανῶν</span> <span class='ocrx_word' id='word_1_106' title='bbox 934 1730 1114 1781; x_wconf 88' lang='grc' dir='ltr'>πίστιν</span> <span class='ocrx_word' id='word_1_107' title='bbox 1138 1728 1385 1789; x_wconf 90' lang='grc' dir='ltr'>ἐκείνων,</span> <span class='ocrx_word' id='word_1_108' title='bbox 1410 1729 1841 1796; x_wconf 88' lang='grc' dir='ltr'>ἀλλασσομενων·</span> 
     </span>
    </p>
   </div>
   <div class='ocr_carea' id='block_1_19' title="bbox 276 1818 1840 1890">
    <p class='ocr_par' dir='ltr' id='par_1_19' title="bbox 276 1818 1840 1890">
     <span class='ocr_line' id='line_1_19' title="bbox 276 1818 1840 1890; baseline -0.004 -15"><span class='ocrx_word' id='word_1_109' title='bbox 276 1826 326 1875; x_wconf 88' lang='grc' dir='ltr'><strong>εί</strong></span> <span class='ocrx_word' id='word_1_110' title='bbox 356 1822 671 1890; x_wconf 79' lang='grc' dir='ltr'>διανασταίη</span> <span class='ocrx_word' id='word_1_111' title='bbox 714 1822 809 1873; x_wconf 89' lang='lat' dir='ltr'><strong>xui</strong></span> <span class='ocrx_word' id='word_1_112' title='bbox 842 1823 874 1890; x_wconf 81' lang='grc' dir='ltr'><strong>ἡ</strong></span> <span class='ocrx_word' id='word_1_113' title='bbox 918 1820 1159 1890; x_wconf 81' lang='grc' dir='ltr'>ὑμετέρα</span> <span class='ocrx_word' id='word_1_114' title='bbox 1188 1819 1486 1889; x_wconf 82' lang='grc' dir='ltr'><strong>ἀδελφότης</strong></span> <span class='ocrx_word' id='word_1_115' title='bbox 1525 1818 1840 1888; x_wconf 82' lang='grc' dir='ltr'>συμπροθυ-</span> 
     </span>
    </p>
   </div>
   <div class='ocr_carea' id='block_1_20' title="bbox 280 1907 1839 1981">
    <p class='ocr_par' dir='ltr' id='par_1_20' title="bbox 280 1907 1839 1981">
     <span class='ocr_line' id='line_1_20' title="bbox 280 1907 1839 1981; baseline -0.002 -18"><span class='ocrx_word' id='word_1_116' title='bbox 280 1913 516 1981; x_wconf 85' lang='grc' dir='ltr'>μηθῆναι</span> <span class='ocrx_word' id='word_1_117' title='bbox 545 1953 558 1975; x_wconf 93' lang='grc'><strong>,</strong></span> <span class='ocrx_word' id='word_1_118' title='bbox 589 1913 683 1963; x_wconf 89' lang='lat' dir='ltr'><strong>xui</strong></span> <span class='ocrx_word' id='word_1_119' title='bbox 729 1908 1305 1978; x_wconf 80' lang='grc' dir='ltr'>συγκατεργάσασθαι,</span> <span class='ocrx_word' id='word_1_120' title='bbox 1339 1910 1419 1971; x_wconf 86' lang='grc' dir='ltr'><strong>είς</strong></span> <span class='ocrx_word' id='word_1_121' title='bbox 1455 1910 1554 1979; x_wconf 82' lang='grc' dir='ltr'>τὴν</span> <span class='ocrx_word' id='word_1_122' title='bbox 1596 1907 1839 1977; x_wconf 79' lang='grc' dir='ltr'>ἐκκοπὴν</span> 
     </span>
    </p>
   </div>
   <div class='ocr_carea' id='block_1_21' title="bbox 274 2000 1835 2073">
    <p class='ocr_par' dir='ltr' id='par_1_21' title="bbox 274 2000 1835 2073">
     <span class='ocr_line' id='line_1_21' title="bbox 274 2000 1835 2073; baseline -0.002 -17"><span class='ocrx_word' id='word_1_123' title='bbox 274 2006 369 2056; x_wconf 90' lang='lat' dir='ltr'><strong>xui</strong></span> <span class='ocrx_word' id='word_1_124' title='bbox 398 2004 590 2056; x_wconf 82' lang='grc' dir='ltr'>καῦσιν</span> <span class='ocrx_word' id='word_1_125' title='bbox 617 2002 725 2055; x_wconf 85' lang='grc' dir='ltr'><strong>τῶν</strong></span> <span class='ocrx_word' id='word_1_126' title='bbox 760 2002 1150 2073; x_wconf 85' lang='grc' dir='ltr'>παραφυάδων,</span> <span class='ocrx_word' id='word_1_127' title='bbox 1186 2002 1243 2053; x_wconf 91' lang='grc' dir='ltr'><strong>ἐν</strong></span> <span class='ocrx_word' id='word_1_128' title='bbox 1277 2001 1465 2070; x_wconf 78' lang='grc' dir='ltr'>Κυρίῳ</span> <span class='ocrx_word' id='word_1_129' title='bbox 1502 2000 1676 2071; x_wconf 82' lang='grc' dir='ltr'>Ἰησοῦ</span> <span class='ocrx_word' id='word_1_130' title='bbox 1705 2002 1835 2070; x_wconf 87' lang='grc' dir='ltr'>Χρι-</span> 
     </span>
    </p>
   </div>
   <div class='ocr_carea' id='block_1_22' title="bbox 273 2091 1838 2164">
    <p class='ocr_par' dir='ltr' id='par_1_22' title="bbox 273 2091 1838 2164">
     <span class='ocr_line' id='line_1_22' title="bbox 273 2091 1838 2164; baseline -0.003 -17"><span class='ocrx_word' id='word_1_131' title='bbox 273 2096 408 2163; x_wconf 86' lang='grc' dir='ltr'>στῷ,</span> <span class='ocrx_word' id='word_1_132' title='bbox 452 2094 530 2164; x_wconf 84' lang='grc' dir='ltr'>τῷ</span> <span class='ocrx_word' id='word_1_133' title='bbox 559 2092 795 2164; x_wconf 79' lang='grc' dir='ltr'>ἀληθινῷ</span> <span class='ocrx_word' id='word_1_134' title='bbox 822 2092 939 2162; x_wconf 82' lang='grc' dir='ltr'><strong>Θεῷ</strong></span> <span class='ocrx_word' id='word_1_135' title='bbox 966 2092 1124 2163; x_wconf 79' lang='grc' dir='ltr'>ἡμῶν</span> <span class='ocrx_word' id='word_1_136' title='bbox 1166 2091 1484 2149; x_wconf 82' lang='grc' dir='ltr'>πεποιθότες</span> <span class='ocrx_word' id='word_1_137' title='bbox 1524 2092 1712 2160; x_wconf 81' lang='grc' dir='ltr'>ἐσμὲν,</span> <span class='ocrx_word' id='word_1_138' title='bbox 1756 2095 1838 2144; x_wconf 85' lang='grc' dir='ltr'>ὄτι</span> 
     </span>
    </p>
   </div>
   <div class='ocr_carea' id='block_1_23' title="bbox 271 2177 1840 2251">
    <p class='ocr_par' dir='ltr' id='par_1_23' title="bbox 271 2177 1840 2251">
     <span class='ocr_line' id='line_1_23' title="bbox 271 2177 1840 2251; baseline -0.005 -16"><span class='ocrx_word' id='word_1_139' title='bbox 271 2185 335 2236; x_wconf 75' lang='grc' dir='ltr'>τὸ</span> <span class='ocrx_word' id='word_1_140' title='bbox 364 2185 611 2251; x_wconf 86' lang='grc' dir='ltr'>ποίμνιον</span> <span class='ocrx_word' id='word_1_141' title='bbox 650 2182 835 2244; x_wconf 84' lang='grc' dir='ltr'>αὑτοῦ,</span> <span class='ocrx_word' id='word_1_142' title='bbox 874 2181 967 2231; x_wconf 76' lang='grc' dir='ltr'>ἐπὶ</span> <span class='ocrx_word' id='word_1_143' title='bbox 998 2179 1158 2231; x_wconf 82' lang='grc' dir='ltr'>πλέον</span> <span class='ocrx_word' id='word_1_144' title='bbox 1195 2179 1275 2230; x_wconf 77' lang='grc' dir='ltr'>ἔτι</span> <span class='ocrx_word' id='word_1_145' title='bbox 1321 2178 1519 2247; x_wconf 82' lang='grc' dir='ltr'>μᾶλλον</span> <span class='ocrx_word' id='word_1_146' title='bbox 1547 2177 1840 2247; x_wconf 81' lang='grc' dir='ltr'>αὐξηθήσε-</span> 
     </span>
    </p>
   </div>
   <div class='ocr_carea' id='block_1_24' title="bbox 271 2271 1832 2345">
    <p class='ocr_par' dir='ltr' id='par_1_24' title="bbox 271 2271 1832 2345">
     <span class='ocr_line' id='line_1_24' title="bbox 271 2271 1832 2345; baseline -0.003 -17"><span class='ocrx_word' id='word_1_147' title='bbox 271 2294 386 2336; x_wconf 84' lang='grc' dir='ltr'>ται,</span> <span class='ocrx_word' id='word_1_148' title='bbox 422 2279 515 2328; x_wconf 77' lang='grc' dir='ltr'>καὶ</span> <span class='ocrx_word' id='word_1_149' title='bbox 550 2273 967 2345; x_wconf 82' lang='grc' dir='ltr'>πληρωθήσεται</span> <span class='ocrx_word' id='word_1_150' title='bbox 997 2272 1056 2324; x_wconf 80' lang='grc' dir='ltr'>τὸ</span> <span class='ocrx_word' id='word_1_151' title='bbox 1081 2271 1393 2340; x_wconf 81' lang='grc' dir='ltr'>εἰρημένον,</span> <span class='ocrx_word' id='word_1_152' title='bbox 1422 2274 1503 2325; x_wconf 83' lang='grc' dir='ltr'>ὅτι</span> <span class='ocrx_word' id='word_1_153' title='bbox 1540 2271 1832 2337; x_wconf 78' lang='grc' dir='ltr'>Ειδήσου-</span> 
     </span>
    </p>
   </div>
   <div class='ocr_carea' id='block_1_25' title="bbox 272 2360 1837 2435">
    <p class='ocr_par' dir='ltr' id='par_1_25' title="bbox 272 2360 1837 2435">
     <span class='ocr_line' id='line_1_25' title="bbox 272 2360 1837 2435; baseline -0.005 -14"><span class='ocrx_word' id='word_1_154' title='bbox 272 2369 385 2421; x_wconf 80' lang='grc' dir='ltr'><strong>σίν</strong></span> <span class='ocrx_word' id='word_1_155' title='bbox 411 2385 485 2435; x_wconf 83' lang='grc' dir='ltr'><strong>με</strong></span> <span class='ocrx_word' id='word_1_156' title='bbox 520 2368 741 2432; x_wconf 82' lang='grc' dir='ltr'>πάντες</span> <span class='ocrx_word' id='word_1_157' title='bbox 771 2367 891 2421; x_wconf 77' lang='grc' dir='ltr'>ἀπὸ</span> <span class='ocrx_word' id='word_1_158' title='bbox 928 2365 1143 2435; x_wconf 84' lang='grc' dir='ltr'>μικροῦ</span> <span class='ocrx_word' id='word_1_159' title='bbox 1176 2367 1285 2431; x_wconf 83' lang='grc' dir='ltr'>ἓως</span> <span class='ocrx_word' id='word_1_160' title='bbox 1311 2363 1576 2435; x_wconf 72' lang='grc' dir='ltr'>μεγάλου</span> <span class='ocrx_word' id='word_1_161' title='bbox 1620 2360 1837 2423; x_wconf 73' lang='grc' dir='ltr'>αὐτῶν,</span> 
     </span>
    </p>
   </div>
   <div class='ocr_carea' id='block_1_26' title="bbox 272 2454 1841 2530">
    <p class='ocr_par' dir='ltr' id='par_1_26' title="bbox 272 2454 1841 2530">
     <span class='ocr_line' id='line_1_26' title="bbox 272 2454 1841 2530; baseline -0.005 -17"><span class='ocrx_word' id='word_1_162' title='bbox 272 2460 393 2525; x_wconf 79' lang='lat' dir='ltr'><strong>xui,</strong></span> <span class='ocrx_word' id='word_1_163' title='bbox 427 2459 529 2525; x_wconf 75' lang='grc' dir='ltr'><strong>Εἰς</strong></span> <span class='ocrx_word' id='word_1_164' title='bbox 554 2459 759 2514; x_wconf 78' lang='grc' dir='ltr'>πᾶσαν</span> <span class='ocrx_word' id='word_1_165' title='bbox 786 2460 901 2527; x_wconf 75' lang='grc' dir='ltr'><strong>τὴν</strong></span> <span class='ocrx_word' id='word_1_166' title='bbox 931 2459 1048 2530; x_wconf 77' lang='grc' dir='ltr'><strong>γῆν</strong></span> <span class='ocrx_word' id='word_1_167' title='bbox 1075 2459 1333 2527; x_wconf 73' lang='grc' dir='ltr'>ἐξῆλθεν</span> <span class='ocrx_word' id='word_1_168' title='bbox 1358 2462 1389 2512; x_wconf 86' lang='grc' dir='ltr'><em>ὀ</em></span> <span class='ocrx_word' id='word_1_169' title='bbox 1419 2458 1678 2526; x_wconf 74' lang='grc' dir='ltr'>φθόγγος</span> <span class='ocrx_word' id='word_1_170' title='bbox 1733 2454 1841 2506; x_wconf 84' lang='grc' dir='ltr'>τῶν</span> 
     </span>
    </p>
   </div>
   <div class='ocr_carea' id='block_1_27' title="bbox 274 2546 1841 2622">
    <p class='ocr_par' dir='ltr' id='par_1_27' title="bbox 274 2546 1841 2622">
     <span class='ocr_line' id='line_1_27' title="bbox 274 2546 1841 2622; baseline -0.004 -17"><span class='ocrx_word' id='word_1_171' title='bbox 274 2553 649 2605; x_wconf 83' lang='grc' dir='ltr'>άποστολικῶν</span> <span class='ocrx_word' id='word_1_172' title='bbox 691 2553 1057 2622; x_wconf 86' lang='grc' dir='ltr'>διδαγμάτων,</span> <span class='ocrx_word' id='word_1_173' title='bbox 1101 2551 1200 2603; x_wconf 76' lang='grc' dir='ltr'>καὶ</span> <span class='ocrx_word' id='word_1_174' title='bbox 1238 2554 1324 2616; x_wconf 82' lang='grc' dir='ltr'><strong>είς</strong></span> <span class='ocrx_word' id='word_1_175' title='bbox 1363 2553 1435 2603; x_wconf 81' lang='grc' dir='ltr'>τὰ</span> <span class='ocrx_word' id='word_1_176' title='bbox 1466 2549 1690 2618; x_wconf 79' lang='grc' dir='ltr'>πέρατα</span> <span class='ocrx_word' id='word_1_177' title='bbox 1733 2546 1841 2615; x_wconf 85' lang='grc' dir='ltr'>τῆς</span> 
     </span>
    </p>
   </div>
   <div class='ocr_carea' id='block_1_28' title="bbox 274 2644 1245 2715">
    <p class='ocr_par' dir='ltr' id='par_1_28' title="bbox 274 2644 1245 2715">
     <span class='ocr_line' id='line_1_28' title="bbox 274 2644 1245 2715; baseline -0.002 -16"><span class='ocrx_word' id='word_1_178' title='bbox 274 2647 632 2715; x_wconf 67' lang='grc' dir='ltr'>οἰκουμένης</span> <span class='ocrx_word' id='word_1_179' title='bbox 656 2646 727 2699; x_wconf 87' lang='grc' dir='ltr'>τὰ</span> <span class='ocrx_word' id='word_1_180' title='bbox 751 2646 990 2714; x_wconf 78' lang='grc' dir='ltr'>ῥήματα</span> <span class='ocrx_word' id='word_1_181' title='bbox 1028 2644 1245 2699; x_wconf 83' lang='grc' dir='ltr'><strong>αὐτῶν.</strong></span> 
     </span>
    </p>
   </div>
   <div class='ocr_carea' id='block_1_29' title="bbox 348 2735 1844 2811">
    <p class='ocr_par' dir='ltr' id='par_1_29' title="bbox 348 2735 1844 2811">
     <span class='ocr_line' id='line_1_29' title="bbox 348 2735 1844 2811; baseline -0.003 -20"><span class='ocrx_word' id='word_1_182' title='bbox 348 2738 447 2802; x_wconf 81' lang='grc' dir='ltr'><strong>λζ’.</strong></span> <span class='ocrx_word' id='word_1_183' title='bbox 488 2742 580 2791; x_wconf 87' lang='grc' dir='ltr'><strong>Δεῖ</strong></span> <span class='ocrx_word' id='word_1_184' title='bbox 606 2735 697 2792; x_wconf 87' lang='grc' dir='ltr'><strong>οῦν</strong></span> <span class='ocrx_word' id='word_1_185' title='bbox 724 2742 848 2802; x_wconf 81' lang='grc' dir='ltr'>τοὺς</span> <span class='ocrx_word' id='word_1_186' title='bbox 887 2741 1017 2811; x_wconf 83' lang='grc' dir='ltr'>παρ’</span> <span class='ocrx_word' id='word_1_187' title='bbox 1044 2741 1072 2791; x_wconf 82' lang='grc' dir='ltr'>ὑ</span> <span class='ocrx_word' id='word_1_188' title='bbox 1083 2737 1196 2809; x_wconf 84' lang='grc' dir='ltr'>μῶν</span> <span class='ocrx_word' id='word_1_189' title='bbox 1223 2738 1338 2791; x_wconf 86' lang='grc' dir='ltr'>ἀνθ’</span> <span class='ocrx_word' id='word_1_190' title='bbox 1368 2737 1521 2808; x_wconf 83' lang='grc' dir='ltr'>ὑμῶν</span> <span class='ocrx_word' id='word_1_191' title='bbox 1562 2735 1844 2805; x_wconf 85' lang='grc' dir='ltr'>στελλομέ-</span> 
     </span>
    </p>
   </div>
   <div class='ocr_carea' id='block_1_30' title="bbox 275 2831 1844 2902">
    <p class='ocr_par' dir='ltr' id='par_1_30' title="bbox 275 2831 1844 2902">
     <span class='ocr_line' id='line_1_30' title="bbox 275 2831 1844 2902; baseline -0.001 -19"><span class='ocrx_word' id='word_1_192' title='bbox 275 2848 435 2896; x_wconf 88' lang='grc' dir='ltr'>νους,</span> <span class='ocrx_word' id='word_1_193' title='bbox 461 2832 556 2884; x_wconf 87' lang='lat' dir='ltr'><strong>xui</strong></span> <span class='ocrx_word' id='word_1_194' title='bbox 589 2833 648 2883; x_wconf 84' lang='grc' dir='ltr'>τὸ</span> <span class='ocrx_word' id='word_1_195' title='bbox 678 2832 944 2902; x_wconf 85' lang='grc' dir='ltr'>ὑμέτερον</span> <span class='ocrx_word' id='word_1_196' title='bbox 979 2832 1371 2899; x_wconf 79' lang='grc' dir='ltr'>ὑποδυομένους</span> <span class='ocrx_word' id='word_1_197' title='bbox 1408 2831 1549 2900; x_wconf 76' lang='grc' dir='ltr'>ἱερὸν</span> <span class='ocrx_word' id='word_1_198' title='bbox 1578 2832 1671 2883; x_wconf 89' lang='lat' dir='ltr'><strong>xui.</strong></span> <span class='ocrx_word' id='word_1_199' title='bbox 1700 2832 1844 2882; x_wconf 84' lang='grc' dir='ltr'>ὅσιον</span> 
     </span>
    </p>
   </div>
   <div class='ocr_carea' id='block_1_31' title="bbox 278 2922 1845 2993">
    <p class='ocr_par' dir='ltr' id='par_1_31' title="bbox 278 2922 1845 2993">
     <span class='ocr_line' id='line_1_31' title="bbox 278 2922 1845 2993; baseline -0.001 -20"><span class='ocrx_word' id='word_1_200' title='bbox 278 2922 593 2992; x_wconf 85' lang='grc' dir='ltr'>πρόσωπον,</span> <span class='ocrx_word' id='word_1_201' title='bbox 652 2925 752 2992; x_wconf 79' lang='grc' dir='ltr'>τὴν</span> <span class='ocrx_word' id='word_1_202' title='bbox 805 2924 1076 2993; x_wconf 80' lang='grc' dir='ltr'>ὑμετέραν</span> <span class='ocrx_word' id='word_1_203' title='bbox 1123 2922 1429 2985; x_wconf 84' lang='grc' dir='ltr'>αῦθεντίαν,</span> <span class='ocrx_word' id='word_1_204' title='bbox 1474 2924 1540 2991; x_wconf 81' lang='grc' dir='ltr'>ἣν</span> <span class='ocrx_word' id='word_1_205' title='bbox 1588 2922 1745 2991; x_wconf 81' lang='grc' dir='ltr'>ὑμεῖς</span> <span class='ocrx_word' id='word_1_206' title='bbox 1788 2922 1845 2972; x_wconf 89' lang='grc' dir='ltr'><strong>ἐν</strong></span> 
     </span>
    </p>
   </div>
   <div class='ocr_carea' id='block_1_32' title="bbox 280 3014 1846 3085">
    <p class='ocr_par' dir='ltr' id='par_1_32' title="bbox 280 3014 1846 3085">
     <span class='ocr_line' id='line_1_32' title="bbox 280 3014 1846 3085; baseline -0.001 -19"><span class='ocrx_word' id='word_1_207' title='bbox 280 3014 557 3085; x_wconf 79' lang='grc' dir='ltr'>Πνεῦματι</span> <span class='ocrx_word' id='word_1_208' title='bbox 593 3016 732 3085; x_wconf 84' lang='grc' dir='ltr'>ἁγίῳ</span> <span class='ocrx_word' id='word_1_209' title='bbox 764 3014 1184 3084; x_wconf 85' lang='grc' dir='ltr'>ἐκληρώσασθε¹,</span> <span class='ocrx_word' id='word_1_210' title='bbox 1216 3014 1640 3085; x_wconf 75' lang='grc' dir='ltr'>ἐγχειρισθῆναι·</span> <span class='ocrx_word' id='word_1_211' title='bbox 1676 3014 1751 3076; x_wconf 85' lang='grc' dir='ltr'>ὡς</span> <span class='ocrx_word' id='word_1_212' title='bbox 1781 3015 1846 3067; x_wconf 88' lang='grc' dir='ltr'>ἂν</span> 
     </span>
    </p>
   </div>
   <div class='ocr_carea' id='block_1_33' title="bbox 279 3107 1847 3178">
    <p class='ocr_par' dir='ltr' id='par_1_33' title="bbox 279 3107 1847 3178">
     <span class='ocr_line' id='line_1_33' title="bbox 279 3107 1847 3178; baseline 0 -19"><span class='ocrx_word' id='word_1_213' title='bbox 279 3110 407 3178; x_wconf 79' lang='grc' dir='ltr'>περί</span> <span class='ocrx_word' id='word_1_214' title='bbox 454 3125 513 3160; x_wconf 89' lang='grc' dir='ltr'>τε</span> <span class='ocrx_word' id='word_1_215' title='bbox 558 3109 760 3162; x_wconf 74' lang='grc' dir='ltr'>τούτων</span> <span class='ocrx_word' id='word_1_216' title='bbox 799 3109 905 3161; x_wconf 80' lang='grc' dir='ltr'>τῶν</span> <span class='ocrx_word' id='word_1_217' title='bbox 956 3109 1286 3176; x_wconf 82' lang='grc' dir='ltr'>κεφαλαίων,</span> <span class='ocrx_word' id='word_1_218' title='bbox 1335 3108 1432 3159; x_wconf 87' lang='lat' dir='ltr'><strong>xui</strong></span> <span class='ocrx_word' id='word_1_219' title='bbox 1474 3110 1601 3178; x_wconf 71' lang='grc' dir='ltr'>περὶ</span> <span class='ocrx_word' id='word_1_220' title='bbox 1647 3107 1847 3175; x_wconf 88' lang='grc' dir='ltr'>ἐτέρων</span> 
     </span>
    </p>
   </div>
   <div class='ocr_carea' id='block_1_34' title="bbox 1953 620 3525 690">
    <p class='ocr_par' dir='ltr' id='par_1_34' title="bbox 1953 620 3525 690">
     <span class='ocr_line' id='line_1_34' title="bbox 1953 620 3525 690; baseline 0.005 -19"><span class='ocrx_word' id='word_1_221' title='bbox 1953 628 2059 680; x_wconf 90' lang='lat' dir='ltr'><strong>tur,</strong></span> <span class='ocrx_word' id='word_1_222' title='bbox 2095 620 2147 672; x_wconf 91' lang='lat' dir='ltr'><strong>in</strong></span> <span class='ocrx_word' id='word_1_223' title='bbox 2178 635 2410 674; x_wconf 91' lang='lat' dir='ltr'><strong>numero</strong></span> <span class='ocrx_word' id='word_1_224' title='bbox 2445 630 2617 674; x_wconf 92' lang='lat' dir='ltr'><strong>semet</strong></span> <span class='ocrx_word' id='word_1_225' title='bbox 2646 629 2701 674; x_wconf 89' lang='lat' dir='ltr'><strong>et</strong></span> <span class='ocrx_word' id='word_1_226' title='bbox 2726 623 2914 676; x_wconf 81' lang='lat' dir='ltr'><strong>ordine</strong></span> <span class='ocrx_word' id='word_1_227' title='bbox 2951 633 3303 690; x_wconf 74' lang='lat' dir='ltr'><strong>reposuerant</strong></span> <span class='ocrx_word' id='word_1_228' title='bbox 3332 628 3525 681; x_wconf 87' lang='lat' dir='ltr'><strong>subdi-</strong></span> 
     </span>
    </p>
   </div>
   <div class='ocr_carea' id='block_1_35' title="bbox 1951 712 3529 786">
    <p class='ocr_par' dir='ltr' id='par_1_35' title="bbox 1951 712 3529 786">
     <span class='ocr_line' id='line_1_35' title="bbox 1951 712 3529 786; baseline 0.006 -22"><span class='ocrx_word' id='word_1_229' title='bbox 1951 722 2148 774; x_wconf 89' lang='lat' dir='ltr'><strong>torum,</strong></span> <span class='ocrx_word' id='word_1_230' title='bbox 2191 712 2326 765; x_wconf 86' lang='lat' dir='ltr'><strong>adeo</strong></span> <span class='ocrx_word' id='word_1_231' title='bbox 2357 722 2435 774; x_wconf 92' lang='lat' dir='ltr'><strong>ut,</strong></span> <span class='ocrx_word' id='word_1_232' title='bbox 2472 728 2594 766; x_wconf 89' lang='lat' dir='ltr'><strong>cum</strong></span> <span class='ocrx_word' id='word_1_233' title='bbox 2643 728 2750 766; x_wconf 91' lang='lat' dir='ltr'><strong>non</strong></span> <span class='ocrx_word' id='word_1_234' title='bbox 2798 714 2870 767; x_wconf 88' lang='lat' dir='ltr'><strong>ita</strong></span> <span class='ocrx_word' id='word_1_235' title='bbox 2903 717 3108 782; x_wconf 88' lang='lat' dir='ltr'><strong>pridem</strong></span> <span class='ocrx_word' id='word_1_236' title='bbox 3155 719 3529 786; x_wconf 68' lang='lat' dir='ltr'><strong>praedarentur</strong></span> 
     </span>
    </p>
   </div>
   <div class='ocr_carea' id='block_1_36' title="bbox 1948 804 3522 866">
    <p class='ocr_par' dir='ltr' id='par_1_36' title="bbox 1948 804 3522 866">
     <span class='ocr_line' id='line_1_36' title="bbox 1948 804 3522 866; baseline 0.005 -9"><span class='ocrx_word' id='word_1_237' title='bbox 1948 814 2134 857; x_wconf 88' lang='lat' dir='ltr'><strong>nostra</strong></span> <span class='ocrx_word' id='word_1_238' title='bbox 2186 820 2308 857; x_wconf 92' lang='lat' dir='ltr'><strong>cum</strong></span> <span class='ocrx_word' id='word_1_239' title='bbox 2338 804 2561 857; x_wconf 80' lang='lat' dir='ltr'><strong>audacia</strong></span> <span class='ocrx_word' id='word_1_240' title='bbox 2595 821 2825 866; x_wconf 88' lang='lat' dir='ltr'><strong>summa,</strong></span> <span class='ocrx_word' id='word_1_241' title='bbox 2858 823 3002 860; x_wconf 81' lang='grc' dir='ltr'>ιιηηο</span> <span class='ocrx_word' id='word_1_242' title='bbox 3040 811 3172 862; x_wconf 84' lang='lat' dir='ltr'><strong>satis</strong></span> <span class='ocrx_word' id='word_1_243' title='bbox 3197 810 3433 865; x_wconf 75' lang='lat' dir='ltr'><strong>habeant</strong></span> <span class='ocrx_word' id='word_1_244' title='bbox 3477 813 3522 865; x_wconf 88' lang='lat' dir='ltr'><strong>si</strong></span> 
     </span>
    </p>
   </div>
   <div class='ocr_carea' id='block_1_37' title="bbox 1949 893 3524 965">
    <p class='ocr_par' dir='ltr' id='par_1_37' title="bbox 1949 893 3524 965">
     <span class='ocr_line' id='line_1_37' title="bbox 1949 893 3524 965; baseline 0.007 -20"><span class='ocrx_word' id='word_1_245' title='bbox 1949 893 2315 960; x_wconf 76' lang='lat' dir='ltr'><strong>acquiescant.</strong></span> <span class='ocrx_word' id='word_1_246' title='bbox 2347 896 2414 948; x_wconf 82' lang='lat' dir='ltr'><strong>Et</strong></span> <span class='ocrx_word' id='word_1_247' title='bbox 2438 910 2503 948; x_wconf 93' lang='lat' dir='ltr'><strong>eo</strong></span> <span class='ocrx_word' id='word_1_248' title='bbox 2535 898 2750 964; x_wconf 82' lang='lat' dir='ltr'><strong>quidem</strong></span> <span class='ocrx_word' id='word_1_249' title='bbox 2774 914 2944 965; x_wconf 85' lang='lat' dir='ltr'><strong>usque</strong></span> <span class='ocrx_word' id='word_1_250' title='bbox 2976 897 3095 951; x_wconf 84' lang='lat' dir='ltr'><strong>fidei</strong></span> <span class='ocrx_word' id='word_1_251' title='bbox 3124 917 3275 954; x_wconf 85' lang='lat' dir='ltr'><strong>amor</strong></span> <span class='ocrx_word' id='word_1_252' title='bbox 3304 902 3524 956; x_wconf 70' lang='lat' dir='ltr'><strong>etzelus</strong></span> 
     </span>
    </p>
   </div>
   <div class='ocr_carea' id='block_1_38' title="bbox 1951 985 3526 1055">
    <p class='ocr_par' dir='ltr' id='par_1_38' title="bbox 1951 985 3526 1055">
     <span class='ocr_line' id='line_1_38' title="bbox 1951 985 3526 1055; baseline 0.006 -18"><span class='ocrx_word' id='word_1_253' title='bbox 1951 985 2185 1038; x_wconf 73' lang='lat' dir='ltr'><strong>intendit</strong></span> <span class='ocrx_word' id='word_1_254' title='bbox 2218 986 2305 1054; x_wconf 91' lang='lat' dir='ltr'><strong>(de</strong></span> <span class='ocrx_word' id='word_1_255' title='bbox 2338 1002 2441 1055; x_wconf 89' lang='lat' dir='ltr'><strong>qua</strong></span> <span class='ocrx_word' id='word_1_256' title='bbox 2485 1004 2543 1041; x_wconf 89' lang='lat' dir='ltr'><strong>re</strong></span> <span class='ocrx_word' id='word_1_257' title='bbox 2572 1004 2694 1042; x_wconf 90' lang='lat' dir='ltr'><strong>cum</strong></span> <span class='ocrx_word' id='word_1_258' title='bbox 2726 988 2891 1042; x_wconf 84' lang='lat' dir='ltr'><strong>Paulo</strong></span> <span class='ocrx_word' id='word_1_259' title='bbox 2936 992 3185 1055; x_wconf 83' lang='lat' dir='ltr'><strong>dixerim,</strong></span> <span class='ocrx_word' id='word_1_260' title='bbox 3216 993 3526 1047; x_wconf 75' lang='lat' dir='ltr'><strong>Benedictus</strong></span> 
     </span>
    </p>
   </div>
   <div class='ocr_carea' id='block_1_39' title="bbox 1948 1080 3525 1155">
    <p class='ocr_par' dir='ltr' id='par_1_39' title="bbox 1948 1080 3525 1155">
     <span class='ocr_line' id='line_1_39' title="bbox 1948 1080 3525 1155; baseline 0.007 -25"><span class='ocrx_word' id='word_1_261' title='bbox 1948 1080 2015 1131; x_wconf 81' lang='lat' dir='ltr'><strong>sit</strong></span> <span class='ocrx_word' id='word_1_262' title='bbox 2044 1080 2100 1131; x_wconf 81' lang='lat' dir='ltr'><strong>in</strong></span> <span class='ocrx_word' id='word_1_263' title='bbox 2140 1081 2332 1133; x_wconf 66' lang='lat' dir='ltr'><strong>sarcula</strong></span> <span class='ocrx_word' id='word_1_264' title='bbox 2366 1081 2523 1149; x_wconf 82' lang='lat' dir='ltr'><strong>Deus)</strong></span> <span class='ocrx_word' id='word_1_265' title='bbox 2560 1092 2618 1133; x_wconf 91' lang='lat' dir='ltr'><strong>ut</strong></span> <span class='ocrx_word' id='word_1_266' title='bbox 2660 1091 2932 1150; x_wconf 88' lang='lat' dir='ltr'><strong>pastorem</strong></span> <span class='ocrx_word' id='word_1_267' title='bbox 2970 1093 3022 1136; x_wconf 92' lang='lat' dir='ltr'><strong>et</strong></span> <span class='ocrx_word' id='word_1_268' title='bbox 3056 1085 3367 1155; x_wconf 83' lang='lat' dir='ltr'><strong>episcopum</strong></span> <span class='ocrx_word' id='word_1_269' title='bbox 3424 1088 3525 1141; x_wconf 90' lang='lat' dir='ltr'><strong>sibi</strong></span> 
     </span>
    </p>
   </div>
   <div class='ocr_carea' id='block_1_40' title="bbox 1948 1174 3523 1250">
    <p class='ocr_par' dir='ltr' id='par_1_40' title="bbox 1948 1174 3523 1250">
     <span class='ocr_line' id='line_1_40' title="bbox 1948 1174 3523 1250; baseline 0.005 -23"><span class='ocrx_word' id='word_1_270' title='bbox 1948 1174 2286 1244; x_wconf 90' lang='lat' dir='ltr'><strong>propositum</strong></span> <span class='ocrx_word' id='word_1_271' title='bbox 2319 1176 2628 1237; x_wconf 79' lang='lat' dir='ltr'><strong>admittant,</strong></span> <span class='ocrx_word' id='word_1_272' title='bbox 2661 1186 2715 1229; x_wconf 90' lang='lat' dir='ltr'><strong>ct</strong></span> <span class='ocrx_word' id='word_1_273' title='bbox 2746 1176 3087 1230; x_wconf 85' lang='lat' dir='ltr'><strong>Christianos</strong></span> <span class='ocrx_word' id='word_1_274' title='bbox 3136 1182 3271 1232; x_wconf 91' lang='lat' dir='ltr'><strong>ritus</strong></span> <span class='ocrx_word' id='word_1_275' title='bbox 3307 1182 3523 1250; x_wconf 84' lang='lat' dir='ltr'><strong>religio-</strong></span> 
     </span>
    </p>
   </div>
   <div class='ocr_carea' id='block_1_41' title="bbox 1950 1267 3521 1336">
    <p class='ocr_par' dir='ltr' id='par_1_41' title="bbox 1950 1267 3521 1336">
     <span class='ocr_line' id='line_1_41' title="bbox 1950 1267 3521 1336; baseline 0.004 -18"><span class='ocrx_word' id='word_1_276' title='bbox 1950 1267 2036 1319; x_wconf 89' lang='lat' dir='ltr'><strong>nis</strong></span> <span class='ocrx_word' id='word_1_277' title='bbox 2072 1267 2258 1320; x_wconf 91' lang='lat' dir='ltr'><strong>sedulo</strong></span> <span class='ocrx_word' id='word_1_278' title='bbox 2296 1267 2615 1335; x_wconf 86' lang='lat' dir='ltr'><strong>suscipiant,</strong></span> <span class='ocrx_word' id='word_1_279' title='bbox 2651 1278 2705 1322; x_wconf 88' lang='lat' dir='ltr'><strong>et</strong></span> <span class='ocrx_word' id='word_1_280' title='bbox 2734 1270 3113 1336; x_wconf 84' lang='lat' dir='ltr'><strong>amplcxentur</strong></span> <span class='ocrx_word' id='word_1_281' title='bbox 3148 1270 3521 1325; x_wconf 77' lang='lat' dir='ltr'><strong>libentissime.</strong></span> 
     </span>
    </p>
   </div>
   <div class='ocr_carea' id='block_1_42' title="bbox 2016 1358 3523 1429">
    <p class='ocr_par' dir='ltr' id='par_1_42' title="bbox 2016 1358 3523 1429">
     <span class='ocr_line' id='line_1_42' title="bbox 2016 1358 3523 1429; baseline 0.004 -19"><span class='ocrx_word' id='word_1_282' title='bbox 2016 1358 2103 1411; x_wconf 77' lang='lat'><strong>36.</strong></span> <span class='ocrx_word' id='word_1_283' title='bbox 2145 1359 2223 1410; x_wconf 83' lang='lat' dir='ltr'><strong>Ad</strong></span> <span class='ocrx_word' id='word_1_284' title='bbox 2259 1359 2404 1411; x_wconf 83' lang='lat' dir='ltr'><strong>hunc</strong></span> <span class='ocrx_word' id='word_1_285' title='bbox 2430 1374 2557 1428; x_wconf 81' lang='lat' dir='ltr'><strong>ergo</strong></span> <span class='ocrx_word' id='word_1_286' title='bbox 2601 1359 2841 1421; x_wconf 89' lang='lat' dir='ltr'><strong>modum,</strong></span> <span class='ocrx_word' id='word_1_287' title='bbox 2867 1375 2989 1412; x_wconf 91' lang='lat' dir='ltr'><strong>cum</strong></span> <span class='ocrx_word' id='word_1_288' title='bbox 3020 1376 3115 1428; x_wconf 90' lang='lat' dir='ltr'><strong>per</strong></span> <span class='ocrx_word' id='word_1_289' title='bbox 3146 1362 3367 1429; x_wconf 80' lang='lat' dir='ltr'><strong>gratiam</strong></span> <span class='ocrx_word' id='word_1_290' title='bbox 3420 1363 3523 1415; x_wconf 89' lang='lat' dir='ltr'><strong>mi-</strong></span> 
     </span>
    </p>
   </div>
   <div class='ocr_carea' id='block_1_43' title="bbox 1949 1451 3524 1521">
    <p class='ocr_par' dir='ltr' id='par_1_43' title="bbox 1949 1451 3524 1521">
     <span class='ocr_line' id='line_1_43' title="bbox 1949 1451 3524 1521; baseline 0.003 -18"><span class='ocrx_word' id='word_1_291' title='bbox 1949 1451 2237 1503; x_wconf 87' lang='lat' dir='ltr'><strong>sericordis</strong></span> <span class='ocrx_word' id='word_1_292' title='bbox 2265 1451 2357 1504; x_wconf 90' lang='lat' dir='ltr'><strong>Dei</strong></span> <span class='ocrx_word' id='word_1_293' title='bbox 2385 1452 2476 1521; x_wconf 90' lang='lat' dir='ltr'><strong>qui</strong></span> <span class='ocrx_word' id='word_1_294' title='bbox 2511 1451 2675 1505; x_wconf 85' lang='lat' dir='ltr'><strong>vellet</strong></span> <span class='ocrx_word' id='word_1_295' title='bbox 2703 1467 2893 1505; x_wconf 83' lang='lat' dir='ltr'><strong>omnes</strong></span> <span class='ocrx_word' id='word_1_296' title='bbox 2937 1455 3187 1507; x_wconf 90' lang='lat' dir='ltr'><strong>homines</strong></span> <span class='ocrx_word' id='word_1_297' title='bbox 3218 1456 3432 1518; x_wconf 85' lang='lat' dir='ltr'><strong>salvari,</strong></span> <span class='ocrx_word' id='word_1_298' title='bbox 3469 1463 3524 1509; x_wconf 92' lang='lat' dir='ltr'><strong>et</strong></span> 
     </span>
    </p>
   </div>
   <div class='ocr_carea' id='block_1_44' title="bbox 1947 1540 3523 1613">
    <p class='ocr_par' dir='ltr' id='par_1_44' title="bbox 1947 1540 3523 1613">
     <span class='ocr_line' id='line_1_44' title="bbox 1947 1540 3523 1613; baseline 0.003 -21"><span class='ocrx_word' id='word_1_299' title='bbox 1947 1540 2013 1592; x_wconf 87' lang='lat' dir='ltr'><strong>ad</strong></span> <span class='ocrx_word' id='word_1_300' title='bbox 2048 1540 2288 1593; x_wconf 80' lang='lat' dir='ltr'><strong>veritatis</strong></span> <span class='ocrx_word' id='word_1_301' title='bbox 2338 1542 2522 1594; x_wconf 81' lang='lat' dir='ltr'><strong>venire</strong></span> <span class='ocrx_word' id='word_1_302' title='bbox 2560 1541 2949 1609; x_wconf 81' lang='lat' dir='ltr'><strong>cognitionem,</strong></span> <span class='ocrx_word' id='word_1_303' title='bbox 2974 1558 3002 1595; x_wconf 90' lang='lat' dir='ltr'><strong>a</strong></span> <span class='ocrx_word' id='word_1_304' title='bbox 3045 1545 3270 1597; x_wconf 82' lang='lat' dir='ltr'><strong>vetustis</strong></span> <span class='ocrx_word' id='word_1_305' title='bbox 3314 1545 3523 1613; x_wconf 90' lang='lat' dir='ltr'><strong>opinio-</strong></span> 
     </span>
    </p>
   </div>
   <div class='ocr_carea' id='block_1_45' title="bbox 1949 1631 3520 1702">
    <p class='ocr_par' dir='ltr' id='par_1_45' title="bbox 1949 1631 3520 1702">
     <span class='ocr_line' id='line_1_45' title="bbox 1949 1631 3520 1702; baseline 0.004 -20"><span class='ocrx_word' id='word_1_306' title='bbox 1949 1631 2111 1684; x_wconf 85' lang='lat' dir='ltr'><strong>nibus</strong></span> <span class='ocrx_word' id='word_1_307' title='bbox 2155 1631 2267 1685; x_wconf 92' lang='lat' dir='ltr'><strong>suis</strong></span> <span class='ocrx_word' id='word_1_308' title='bbox 2307 1632 2360 1684; x_wconf 83' lang='grc' dir='ltr'><strong>Ιιί</strong></span> <span class='ocrx_word' id='word_1_309' title='bbox 2408 1634 2752 1695; x_wconf 82' lang='lat' dir='ltr'><strong>recesserint,</strong></span> <span class='ocrx_word' id='word_1_310' title='bbox 2800 1642 2855 1685; x_wconf 91' lang='lat' dir='ltr'><strong>et</strong></span> <span class='ocrx_word' id='word_1_311' title='bbox 2910 1634 3126 1686; x_wconf 88' lang='lat' dir='ltr'><strong>easdem</strong></span> <span class='ocrx_word' id='word_1_312' title='bbox 3163 1651 3258 1702; x_wconf 91' lang='lat' dir='ltr'><strong>pro</strong></span> <span class='ocrx_word' id='word_1_313' title='bbox 3306 1637 3520 1689; x_wconf 87' lang='lat' dir='ltr'><strong>sincera</strong></span> 
     </span>
    </p>
   </div>
   <div class='ocr_carea' id='block_1_46' title="bbox 1950 1722 3521 1792">
    <p class='ocr_par' dir='ltr' id='par_1_46' title="bbox 1950 1722 3521 1792">
     <span class='ocr_line' id='line_1_46' title="bbox 1950 1722 3521 1792; baseline 0.002 -17"><span class='ocrx_word' id='word_1_314' title='bbox 1950 1722 2385 1775; x_wconf 77' lang='lat' dir='ltr'><strong>Christianorum</strong></span> <span class='ocrx_word' id='word_1_315' title='bbox 2418 1723 2520 1776; x_wconf 81' lang='lat' dir='ltr'><strong>fide</strong></span> <span class='ocrx_word' id='word_1_316' title='bbox 2553 1724 2903 1788; x_wconf 87' lang='lat' dir='ltr'><strong>mutaverint,</strong></span> <span class='ocrx_word' id='word_1_317' title='bbox 2954 1724 3197 1792; x_wconf 84' lang='lat' dir='ltr'><strong>profecto</strong></span> <span class='ocrx_word' id='word_1_318' title='bbox 3221 1726 3262 1779; x_wconf 91' lang='lat' dir='ltr'><strong>si</strong></span> <span class='ocrx_word' id='word_1_319' title='bbox 3292 1741 3521 1783; x_wconf 85' lang='lat' dir='ltr'><strong>consur-</strong></span> 
     </span>
    </p>
   </div>
   <div class='ocr_carea' id='block_1_47' title="bbox 1950 1796 3521 1885">
    <p class='ocr_par' dir='ltr' id='par_1_47' title="bbox 1950 1796 3521 1885">
     <span class='ocr_line' id='line_1_47' title="bbox 1950 1796 3521 1885; baseline 0.003 -19"><span class='ocrx_word' id='word_1_320' title='bbox 1950 1830 2075 1885; x_wconf 89' lang='lat' dir='ltr'><strong>gere</strong></span> <span class='ocrx_word' id='word_1_321' title='bbox 2102 1814 2357 1884; x_wconf 78' lang='lat' dir='ltr'><strong>dignetur</strong></span> <span class='ocrx_word' id='word_1_322' title='bbox 2383 1796 2561 1868; x_wconf 85' lang='lat' dir='ltr'><strong>vestra</strong></span> <span class='ocrx_word' id='word_1_323' title='bbox 2592 1815 2928 1877; x_wconf 81' lang='lat' dir='ltr'><strong>fraternitas,</strong></span> <span class='ocrx_word' id='word_1_324' title='bbox 2966 1825 3022 1868; x_wconf 90' lang='lat' dir='ltr'><strong>et</strong></span> <span class='ocrx_word' id='word_1_325' title='bbox 3046 1832 3151 1868; x_wconf 90' lang='lat' dir='ltr'><strong>una</strong></span> <span class='ocrx_word' id='word_1_326' title='bbox 3181 1832 3303 1868; x_wconf 93' lang='lat' dir='ltr'><strong>cum</strong></span> <span class='ocrx_word' id='word_1_327' title='bbox 3327 1818 3521 1871; x_wconf 74' lang='lat' dir='ltr'><strong>aﬂectu</strong></span> 
     </span>
    </p>
   </div>
   <div class='ocr_carea' id='block_1_48' title="bbox 1948 1905 3522 1974">
    <p class='ocr_par' dir='ltr' id='par_1_48' title="bbox 1948 1905 3522 1974">
     <span class='ocr_line' id='line_1_48' title="bbox 1948 1905 3522 1974; baseline 0.002 -15"><span class='ocrx_word' id='word_1_328' title='bbox 1948 1907 2231 1974; x_wconf 86' lang='lat' dir='ltr'><strong>cooperari</strong></span> <span class='ocrx_word' id='word_1_329' title='bbox 2276 1905 2561 1960; x_wconf 89' lang='lat' dir='ltr'><strong>nobiscum</strong></span> <span class='ocrx_word' id='word_1_330' title='bbox 2596 1915 2655 1959; x_wconf 92' lang='lat' dir='ltr'><strong>ut</strong></span> <span class='ocrx_word' id='word_1_331' title='bbox 2697 1906 3108 1970; x_wconf 82' lang='lat' dir='ltr'><strong>exscindantur,</strong></span> <span class='ocrx_word' id='word_1_332' title='bbox 3138 1918 3193 1961; x_wconf 90' lang='lat' dir='ltr'><strong>et</strong></span> <span class='ocrx_word' id='word_1_333' title='bbox 3226 1908 3279 1960; x_wconf 92' lang='lat' dir='ltr'><strong>in</strong></span> <span class='ocrx_word' id='word_1_334' title='bbox 3331 1909 3522 1962; x_wconf 88' lang='lat' dir='ltr'><strong>incen-</strong></span> 
     </span>
    </p>
   </div>
   <div class='ocr_carea' id='block_1_49' title="bbox 1945 1998 3520 2066">
    <p class='ocr_par' dir='ltr' id='par_1_49' title="bbox 1945 1998 3520 2066">
     <span class='ocr_line' id='line_1_49' title="bbox 1945 1998 3520 2066; baseline 0.001 -13"><span class='ocrx_word' id='word_1_335' title='bbox 1945 1999 2093 2053; x_wconf 88' lang='lat' dir='ltr'><strong>dium</strong></span> <span class='ocrx_word' id='word_1_336' title='bbox 2125 1999 2430 2062; x_wconf 87' lang='lat' dir='ltr'><strong>mittantur,</strong></span> <span class='ocrx_word' id='word_1_337' title='bbox 2453 1998 2543 2066; x_wconf 92' lang='lat' dir='ltr'><strong>qui</strong></span> <span class='ocrx_word' id='word_1_338' title='bbox 2571 2012 2890 2052; x_wconf 85' lang='lat' dir='ltr'><strong>succrevere</strong></span> <span class='ocrx_word' id='word_1_339' title='bbox 2919 1999 3177 2060; x_wconf 88' lang='lat' dir='ltr'><strong>stolones,</strong></span> <span class='ocrx_word' id='word_1_340' title='bbox 3204 2000 3355 2053; x_wconf 84' lang='lat' dir='ltr'><strong>valde</strong></span> <span class='ocrx_word' id='word_1_341' title='bbox 3386 2016 3520 2054; x_wconf 91' lang='lat' dir='ltr'><strong>con-</strong></span> 
     </span>
    </p>
   </div>
   <div class='ocr_carea' id='block_1_50' title="bbox 1939 2090 3514 2159">
    <p class='ocr_par' dir='ltr' id='par_1_50' title="bbox 1939 2090 3514 2159">
     <span class='ocr_line' id='line_1_50' title="bbox 1939 2090 3514 2159; baseline 0.001 -16"><span class='ocrx_word' id='word_1_342' title='bbox 1939 2091 2154 2144; x_wconf 80' lang='lat' dir='ltr'><strong>fidimus</strong></span> <span class='ocrx_word' id='word_1_343' title='bbox 2198 2106 2293 2159; x_wconf 91' lang='lat' dir='ltr'><strong>per</strong></span> <span class='ocrx_word' id='word_1_344' title='bbox 2356 2090 2639 2143; x_wconf 87' lang='lat' dir='ltr'><strong>Dominum</strong></span> <span class='ocrx_word' id='word_1_345' title='bbox 2691 2100 2936 2143; x_wconf 89' lang='lat' dir='ltr'><strong>nostrum</strong></span> <span class='ocrx_word' id='word_1_346' title='bbox 2986 2091 3174 2143; x_wconf 85' lang='lat' dir='ltr'><strong>Jesum</strong></span> <span class='ocrx_word' id='word_1_347' title='bbox 3219 2092 3514 2155; x_wconf 82' lang='lat' dir='ltr'><strong>Christum,</strong></span> 
     </span>
    </p>
   </div>
   <div class='ocr_carea' id='block_1_51' title="bbox 1940 2183 3517 2253">
    <p class='ocr_par' dir='ltr' id='par_1_51' title="bbox 1940 2183 3517 2253">
     <span class='ocr_line' id='line_1_51' title="bbox 1940 2183 3517 2253; baseline -0.001 -16"><span class='ocrx_word' id='word_1_348' title='bbox 1940 2185 2109 2237; x_wconf 88' lang='lat' dir='ltr'><strong>Deum</strong></span> <span class='ocrx_word' id='word_1_349' title='bbox 2128 2200 2339 2245; x_wconf 90' lang='lat' dir='ltr'><strong>verum,</strong></span> <span class='ocrx_word' id='word_1_350' title='bbox 2370 2183 2609 2235; x_wconf 89' lang='lat' dir='ltr'><strong>futurum</strong></span> <span class='ocrx_word' id='word_1_351' title='bbox 2648 2192 2707 2235; x_wconf 90' lang='lat' dir='ltr'><strong>ut</strong></span> <span class='ocrx_word' id='word_1_352' title='bbox 2736 2183 2906 2250; x_wconf 89' lang='lat' dir='ltr'><strong>ipsius</strong></span> <span class='ocrx_word' id='word_1_353' title='bbox 2935 2184 3111 2236; x_wconf 86' lang='lat' dir='ltr'><strong>adhuc</strong></span> <span class='ocrx_word' id='word_1_354' title='bbox 3150 2187 3317 2253; x_wconf 85' lang='lat' dir='ltr'><strong>magis</strong></span> <span class='ocrx_word' id='word_1_355' title='bbox 3347 2202 3517 2239; x_wconf 74' lang='lat' dir='ltr'><strong>exau.</strong></span> 
     </span>
    </p>
   </div>
   <div class='ocr_carea' id='block_1_52' title="bbox 1943 2275 3512 2346">
    <p class='ocr_par' dir='ltr' id='par_1_52' title="bbox 1943 2275 3512 2346">
     <span class='ocr_line' id='line_1_52' title="bbox 1943 2275 3512 2346; baseline 0.003 -17"><span class='ocrx_word' id='word_1_356' title='bbox 1943 2288 2132 2346; x_wconf 85' lang='lat' dir='ltr'><strong>geatur</strong></span> <span class='ocrx_word' id='word_1_357' title='bbox 2174 2277 2338 2339; x_wconf 86' lang='lat' dir='ltr'><strong>ovile,</strong></span> <span class='ocrx_word' id='word_1_358' title='bbox 2376 2284 2430 2329; x_wconf 90' lang='lat' dir='ltr'><strong>et</strong></span> <span class='ocrx_word' id='word_1_359' title='bbox 2482 2275 2607 2329; x_wconf 92' lang='lat' dir='ltr'><strong>illud</strong></span> <span class='ocrx_word' id='word_1_360' title='bbox 2642 2276 2928 2344; x_wconf 87' lang='lat' dir='ltr'><strong>impleatur</strong></span> <span class='ocrx_word' id='word_1_361' title='bbox 2953 2276 3094 2344; x_wconf 91' lang='lat' dir='ltr'><strong>quod</strong></span> <span class='ocrx_word' id='word_1_362' title='bbox 3142 2278 3345 2331; x_wconf 86' lang='lat' dir='ltr'><strong>dictum</strong></span> <span class='ocrx_word' id='word_1_363' title='bbox 3388 2290 3466 2333; x_wconf 91' lang='lat' dir='ltr'><strong>est</strong></span> <span class='ocrx_word' id='word_1_364' title='bbox 3499 2298 3512 2332; x_wconf 92' lang='lat'><strong>:</strong></span> 
     </span>
    </p>
   </div>
   <div class='ocr_carea' id='block_1_53' title="bbox 1942 2369 3509 2439">
    <p class='ocr_par' dir='ltr' id='par_1_53' title="bbox 1942 2369 3509 2439">
     <span class='ocr_line' id='line_1_53' title="bbox 1942 2369 3509 2439; baseline -0.001 -16"><span class='ocrx_word' id='word_1_365' title='bbox 1942 2369 2254 2439; x_wconf 83' lang='lat' dir='ltr'><strong>Cognoscent</strong></span> <span class='ocrx_word' id='word_1_366' title='bbox 2285 2385 2365 2422; x_wconf 84' lang='lat' dir='ltr'><strong>me</strong></span> <span class='ocrx_word' id='word_1_367' title='bbox 2394 2385 2589 2430; x_wconf 77' lang='lat' dir='ltr'><strong>omnes,</strong></span> <span class='ocrx_word' id='word_1_368' title='bbox 2622 2386 2653 2420; x_wconf 82' lang='grc' dir='ltr'><strong>α</strong></span> <span class='ocrx_word' id='word_1_369' title='bbox 2685 2370 2899 2421; x_wconf 75' lang='lat' dir='ltr'><strong>minimo</strong></span> <span class='ocrx_word' id='word_1_370' title='bbox 2929 2372 2997 2419; x_wconf 78' lang='lat' dir='ltr'><strong>ad</strong></span> <span class='ocrx_word' id='word_1_371' title='bbox 3040 2370 3329 2421; x_wconf 77' lang='lat' dir='ltr'><strong>maximum</strong></span> <span class='ocrx_word' id='word_1_372' title='bbox 3357 2372 3399 2433; x_wconf 80' lang='lat'><strong>’,</strong></span> <span class='ocrx_word' id='word_1_373' title='bbox 3437 2381 3509 2434; x_wconf 86' lang='lat' dir='ltr'><strong>et,</strong></span> 
     </span>
    </p>
   </div>
   <div class='ocr_carea' id='block_1_54' title="bbox 1945 2461 3508 2531">
    <p class='ocr_par' dir='ltr' id='par_1_54' title="bbox 1945 2461 3508 2531">
     <span class='ocr_line' id='line_1_54' title="bbox 1945 2461 3508 2531; baseline 0 -15"><span class='ocrx_word' id='word_1_374' title='bbox 1945 2462 2011 2516; x_wconf 85' lang='lat' dir='ltr'><strong>In</strong></span> <span class='ocrx_word' id='word_1_375' title='bbox 2040 2463 2333 2515; x_wconf 76' lang='lat' dir='ltr'><strong>universam</strong></span> <span class='ocrx_word' id='word_1_376' title='bbox 2364 2472 2559 2514; x_wconf 87' lang='lat' dir='ltr'><strong>terram</strong></span> <span class='ocrx_word' id='word_1_377' title='bbox 2590 2461 2746 2513; x_wconf 72' lang='lat' dir='ltr'><strong>exivit</strong></span> <span class='ocrx_word' id='word_1_378' title='bbox 2780 2478 2958 2523; x_wconf 74' lang='lat' dir='ltr'><strong>sonus,</strong></span> <span class='ocrx_word' id='word_1_379' title='bbox 2990 2461 3249 2513; x_wconf 70' lang='lat' dir='ltr'><strong>doctrina:</strong></span> <span class='ocrx_word' id='word_1_380' title='bbox 3288 2472 3508 2531; x_wconf 89' lang='lat' dir='ltr'><strong>aposto-</strong></span> 
     </span>
    </p>
   </div>
   <div class='ocr_carea' id='block_1_55' title="bbox 1942 2554 3217 2619">
    <p class='ocr_par' dir='ltr' id='par_1_55' title="bbox 1942 2554 3217 2619">
     <span class='ocr_line' id='line_1_55' title="bbox 1942 2554 3217 2619; baseline 0 -10"><span class='ocrx_word' id='word_1_381' title='bbox 1942 2556 2081 2619; x_wconf 67' lang='lat' dir='ltr'><strong>licae,</strong></span> <span class='ocrx_word' id='word_1_382' title='bbox 2116 2566 2163 2609; x_wconf 86' lang='lat' dir='ltr'><strong>et</strong></span> <span class='ocrx_word' id='word_1_383' title='bbox 2191 2557 2259 2607; x_wconf 88' lang='lat' dir='ltr'><strong>ad</strong></span> <span class='ocrx_word' id='word_1_384' title='bbox 2293 2557 2539 2607; x_wconf 77' lang='lat' dir='ltr'><strong>terminos</strong></span> <span class='ocrx_word' id='word_1_385' title='bbox 2578 2564 2728 2607; x_wconf 62' lang='lat' dir='ltr'><strong>terra</strong></span> <span class='ocrx_word' id='word_1_386' title='bbox 2755 2554 2911 2607; x_wconf 86' lang='lat' dir='ltr'><strong>verba</strong></span> <span class='ocrx_word' id='word_1_387' title='bbox 2941 2571 3119 2607; x_wconf 86' lang='lat' dir='ltr'><strong>eorum</strong></span> <span class='ocrx_word' id='word_1_388' title='bbox 3153 2556 3217 2609; x_wconf 70' lang='grc' dir='ltr'><strong>η.</strong></span> 
     </span>
    </p>
   </div>
   <div class='ocr_carea' id='block_1_56' title="bbox 2013 2752 3514 2824">
    <p class='ocr_par' dir='ltr' id='par_1_56' title="bbox 2013 2752 3514 2824">
     <span class='ocr_line' id='line_1_56' title="bbox 2013 2752 3514 2824; baseline 0 -15"><span class='ocrx_word' id='word_1_389' title='bbox 2013 2756 2099 2809; x_wconf 82' lang='grc'><strong>57.</strong></span> <span class='ocrx_word' id='word_1_390' title='bbox 2141 2752 2369 2822; x_wconf 88' lang='lat' dir='ltr'><strong>Oportet</strong></span> <span class='ocrx_word' id='word_1_391' title='bbox 2423 2753 2585 2823; x_wconf 83' lang='lat' dir='ltr'><strong>igitur</strong></span> <span class='ocrx_word' id='word_1_392' title='bbox 2630 2752 2747 2807; x_wconf 91' lang='lat' dir='ltr'><strong>illos</strong></span> <span class='ocrx_word' id='word_1_393' title='bbox 2784 2753 2876 2823; x_wconf 93' lang='lat' dir='ltr'><strong>qui</strong></span> <span class='ocrx_word' id='word_1_394' title='bbox 2928 2769 2957 2807; x_wconf 86' lang='lat' dir='ltr'><strong>a</strong></span> <span class='ocrx_word' id='word_1_395' title='bbox 3005 2754 3159 2807; x_wconf 89' lang='lat' dir='ltr'><strong>vobis</strong></span> <span class='ocrx_word' id='word_1_396' title='bbox 3214 2770 3311 2824; x_wconf 90' lang='lat' dir='ltr'><strong>pro</strong></span> <span class='ocrx_word' id='word_1_397' title='bbox 3359 2756 3514 2809; x_wconf 83' lang='lat' dir='ltr'><strong>vobis</strong></span> 
     </span>
    </p>
   </div>
   <div class='ocr_carea' id='block_1_57' title="bbox 1944 2846 3513 2915">
    <p class='ocr_par' dir='ltr' id='par_1_57' title="bbox 1944 2846 3513 2915">
     <span class='ocr_line' id='line_1_57' title="bbox 1944 2846 3513 2915; baseline 0.002 -17"><span class='ocrx_word' id='word_1_398' title='bbox 1944 2846 2188 2898; x_wconf 87' lang='lat' dir='ltr'><strong>mittendi</strong></span> <span class='ocrx_word' id='word_1_399' title='bbox 2245 2857 2389 2905; x_wconf 87' lang='lat' dir='ltr'><strong>sunt,</strong></span> <span class='ocrx_word' id='word_1_400' title='bbox 2422 2846 2620 2914; x_wconf 88' lang='lat' dir='ltr'><strong>quique</strong></span> <span class='ocrx_word' id='word_1_401' title='bbox 2654 2861 2860 2899; x_wconf 87' lang='lat' dir='ltr'><strong>sacram</strong></span> <span class='ocrx_word' id='word_1_402' title='bbox 2888 2858 3238 2915; x_wconf 82' lang='lat' dir='ltr'><strong>sanctamque</strong></span> <span class='ocrx_word' id='word_1_403' title='bbox 3278 2858 3513 2901; x_wconf 79' lang='lat' dir='ltr'><strong>vestram</strong></span> 
     </span>
    </p>
   </div>
   <div class='ocr_carea' id='block_1_58' title="bbox 1944 2937 3513 3007">
    <p class='ocr_par' dir='ltr' id='par_1_58' title="bbox 1944 2937 3513 3007">
     <span class='ocr_line' id='line_1_58' title="bbox 1944 2937 3513 3007; baseline 0.002 -19"><span class='ocrx_word' id='word_1_404' title='bbox 1944 2951 2230 3005; x_wconf 80' lang='lat' dir='ltr'><strong>personam</strong></span> <span class='ocrx_word' id='word_1_405' title='bbox 2260 2937 2631 2999; x_wconf 89' lang='lat' dir='ltr'><strong>sustinebunt,</strong></span> <span class='ocrx_word' id='word_1_406' title='bbox 2691 2952 2813 2989; x_wconf 90' lang='lat' dir='ltr'><strong>cum</strong></span> <span class='ocrx_word' id='word_1_407' title='bbox 2843 2947 3019 2989; x_wconf 85' lang='lat' dir='ltr'><strong>vestra</strong></span> <span class='ocrx_word' id='word_1_408' title='bbox 3055 2938 3325 2991; x_wconf 86' lang='lat' dir='ltr'><strong>liberrima</strong></span> <span class='ocrx_word' id='word_1_409' title='bbox 3360 2949 3513 3007; x_wconf 91' lang='lat' dir='ltr'><strong>pote-</strong></span> 
     </span>
    </p>
   </div>
   <div class='ocr_carea' id='block_1_59' title="bbox 1945 3027 3512 3097">
    <p class='ocr_par' dir='ltr' id='par_1_59' title="bbox 1945 3027 3512 3097">
     <span class='ocr_line' id='line_1_59' title="bbox 1945 3027 3512 3097; baseline 0.003 -17"><span class='ocrx_word' id='word_1_410' title='bbox 1945 3036 2081 3080; x_wconf 85' lang='lat' dir='ltr'><strong>state</strong></span> <span class='ocrx_word' id='word_1_411' title='bbox 2112 3027 2294 3097; x_wconf 84' lang='lat' dir='ltr'><strong>legari,</strong></span> <span class='ocrx_word' id='word_1_412' title='bbox 2328 3042 2389 3080; x_wconf 87' lang='lat' dir='ltr'><strong>ea</strong></span> <span class='ocrx_word' id='word_1_413' title='bbox 2422 3028 2631 3081; x_wconf 88' lang='lat' dir='ltr'><strong>scilicet</strong></span> <span class='ocrx_word' id='word_1_414' title='bbox 2649 3044 2807 3096; x_wconf 89' lang='lat' dir='ltr'><strong>quam</strong></span> <span class='ocrx_word' id='word_1_415' title='bbox 2832 3044 2929 3097; x_wconf 90' lang='lat' dir='ltr'><strong>per</strong></span> <span class='ocrx_word' id='word_1_416' title='bbox 2964 3028 3223 3097; x_wconf 86' lang='lat' dir='ltr'><strong>Spiritum</strong></span> <span class='ocrx_word' id='word_1_417' title='bbox 3265 3040 3512 3086; x_wconf 82' lang='lat' dir='ltr'><strong>sanctum</strong></span> 
     </span>
    </p>
   </div>
   <div class='ocr_carea' id='block_1_60' title="bbox 1946 3121 3514 3189">
    <p class='ocr_par' dir='ltr' id='par_1_60' title="bbox 1946 3121 3514 3189">
     <span class='ocr_line' id='line_1_60' title="bbox 1946 3121 3514 3189; baseline 0.003 -16"><span class='ocrx_word' id='word_1_418' title='bbox 1946 3122 2117 3173; x_wconf 89' lang='lat' dir='ltr'><strong>sortiti</strong></span> <span class='ocrx_word' id='word_1_419' title='bbox 2150 3121 2297 3183; x_wconf 77' lang='lat' dir='ltr'><strong>estis;</strong></span> <span class='ocrx_word' id='word_1_420' title='bbox 2326 3130 2380 3173; x_wconf 91' lang='lat' dir='ltr'><strong>et</strong></span> <span class='ocrx_word' id='word_1_421' title='bbox 2410 3131 2469 3172; x_wconf 91' lang='lat' dir='ltr'><strong>ut</strong></span> <span class='ocrx_word' id='word_1_422' title='bbox 2493 3121 2817 3173; x_wconf 87' lang='lat' dir='ltr'><strong>sententiam</strong></span> <span class='ocrx_word' id='word_1_423' title='bbox 2849 3123 3026 3174; x_wconf 89' lang='lat' dir='ltr'><strong>dicere</strong></span> <span class='ocrx_word' id='word_1_424' title='bbox 3054 3123 3283 3189; x_wconf 87' lang='lat' dir='ltr'><strong>possint,</strong></span> <span class='ocrx_word' id='word_1_425' title='bbox 3311 3132 3365 3177; x_wconf 88' lang='lat' dir='ltr'><strong>et</strong></span> <span class='ocrx_word' id='word_1_426' title='bbox 3395 3125 3514 3177; x_wconf 85' lang='lat' dir='ltr'><strong>suf-</strong></span> 
     </span>
    </p>
   </div>
   <div class='ocr_carea' id='block_1_61' title="bbox 278 3194 1955 3278">
    <p class='ocr_par' dir='ltr' id='par_1_61' title="bbox 278 3194 1955 3275">
     <span class='ocr_line' id='line_1_61' title="bbox 278 3194 1955 3275; baseline -0.001 -23"><span class='ocrx_word' id='word_1_427' title='bbox 278 3202 489 3263; x_wconf 79' lang='grc' dir='ltr'>τούτοις</span> <span class='ocrx_word' id='word_1_428' title='bbox 527 3202 941 3271; x_wconf 84' lang='grc' dir='ltr'>παραπλησίων,</span> <span class='ocrx_word' id='word_1_429' title='bbox 994 3200 1052 3264; x_wconf 79' lang='grc' dir='ltr'>ἐξ</span> <span class='ocrx_word' id='word_1_430' title='bbox 1086 3200 1369 3263; x_wconf 83' lang='grc' dir='ltr'>αὑθεντίας</span> <span class='ocrx_word' id='word_1_431' title='bbox 1398 3194 1529 3253; x_wconf 80' lang='grc' dir='ltr'>ὦσιν</span> <span class='ocrx_word' id='word_1_432' title='bbox 1558 3201 1839 3253; x_wconf 86' lang='grc' dir='ltr'>ἀποστολι-</span> <span class='ocrx_word' id='word_1_433' title='bbox 1869 3219 1911 3275; x_wconf 76' lang='lat' dir='ltr'><strong>C</strong></span> <span class='ocrx_word' id='word_1_434' title='bbox 1947 3211 1955 3261; x_wconf 74' lang='lat'><strong>1</strong></span> 
     </span>
    </p>
   </div>
   <div class='ocr_carea' id='block_1_62' title="bbox 1834 3194 3511 3278">
    <p class='ocr_par' dir='ltr' id='par_1_62' title="bbox 1834 3207 3511 3278">
     <span class='ocr_line' id='line_1_62' title="bbox 1834 3207 3511 3278; baseline 0.001 -17"><span class='ocrx_word' id='word_1_435' title='bbox 1834 3232 1839 3242; x_wconf 68' lang='grc' dir='ltr'><strong>ι</strong></span> <span class='ocrx_word' id='word_1_436' title='bbox 1869 3219 1911 3275; x_wconf 83' lang='lat' dir='ltr'><strong>c</strong></span> <span class='ocrx_word' id='word_1_437' title='bbox 1947 3209 2173 3278; x_wconf 75' lang='lat' dir='ltr'><strong>fragium</strong></span> <span class='ocrx_word' id='word_1_438' title='bbox 2206 3210 2345 3261; x_wconf 85' lang='lat' dir='ltr'><strong>ferre</strong></span> <span class='ocrx_word' id='word_1_439' title='bbox 2380 3208 2591 3261; x_wconf 81' lang='lat' dir='ltr'><strong>valeant</strong></span> <span class='ocrx_word' id='word_1_440' title='bbox 2618 3207 2687 3261; x_wconf 90' lang='lat' dir='ltr'><strong>de</strong></span> <span class='ocrx_word' id='word_1_441' title='bbox 2720 3208 2986 3276; x_wconf 90' lang='lat' dir='ltr'><strong>capitibus</strong></span> <span class='ocrx_word' id='word_1_442' title='bbox 3020 3209 3340 3276; x_wconf 89' lang='lat' dir='ltr'><strong>propositis,</strong></span> <span class='ocrx_word' id='word_1_443' title='bbox 3369 3218 3425 3263; x_wconf 89' lang='lat' dir='ltr'><strong>et</strong></span> <span class='ocrx_word' id='word_1_444' title='bbox 3465 3209 3511 3263; x_wconf 86' lang='lat' dir='ltr'><strong>si</strong></span> 
     </span>
    </p>
   </div>
   <div class='ocr_carea' id='block_1_63' title="bbox 281 3292 1840 3362">
    <p class='ocr_par' dir='ltr' id='par_1_63' title="bbox 281 3292 1840 3362">
     <span class='ocr_line' id='line_1_63' title="bbox 281 3292 1840 3362; baseline -0.001 -17"><span class='ocrx_word' id='word_1_445' title='bbox 281 3292 379 3345; x_wconf 89' lang='grc' dir='ltr'><strong>κοῦ</strong></span> <span class='ocrx_word' id='word_1_446' title='bbox 410 3294 621 3362; x_wconf 85' lang='grc' dir='ltr'>θρόνου,</span> <span class='ocrx_word' id='word_1_447' title='bbox 657 3296 749 3345; x_wconf 75' lang='grc' dir='ltr'>καὶ</span> <span class='ocrx_word' id='word_1_448' title='bbox 777 3294 955 3361; x_wconf 86' lang='grc' dir='ltr'>λέγειν</span> <span class='ocrx_word' id='word_1_449' title='bbox 986 3296 1158 3346; x_wconf 73' lang='grc' dir='ltr'>ἱκανοὶ</span> <span class='ocrx_word' id='word_1_450' title='bbox 1178 3335 1191 3357; x_wconf 92' lang='grc'><strong>,</strong></span> <span class='ocrx_word' id='word_1_451' title='bbox 1218 3293 1311 3346; x_wconf 89' lang='lat' dir='ltr'><strong>xui</strong></span> <span class='ocrx_word' id='word_1_452' title='bbox 1340 3294 1600 3362; x_wconf 87' lang='grc' dir='ltr'>πράττειν</span> <span class='ocrx_word' id='word_1_453' title='bbox 1628 3292 1840 3346; x_wconf 85' lang='grc' dir='ltr'>ἀκώλυ-</span> 
     </span>
    </p>
   </div>
   <div class='ocr_carea' id='block_1_64' title="bbox 281 3383 1840 3456">
    <p class='ocr_par' dir='ltr' id='par_1_64' title="bbox 281 3383 1840 3456">
     <span class='ocr_line' id='line_1_64' title="bbox 281 3383 1840 3456; baseline -0.001 -21"><span class='ocrx_word' id='word_1_454' title='bbox 281 3402 385 3438; x_wconf 91' lang='grc' dir='ltr'>τοι.</span> <span class='ocrx_word' id='word_1_455' title='bbox 422 3384 532 3436; x_wconf 86' lang='lat' dir='ltr'><strong>Kui</strong></span> <span class='ocrx_word' id='word_1_456' title='bbox 560 3386 665 3453; x_wconf 84' lang='grc' dir='ltr'><strong>γὰρ</strong></span> <span class='ocrx_word' id='word_1_457' title='bbox 691 3386 755 3456; x_wconf 83' lang='grc' dir='ltr'>δὴ</span> <span class='ocrx_word' id='word_1_458' title='bbox 778 3423 792 3447; x_wconf 93' lang='grc'><strong>,</strong></span> <span class='ocrx_word' id='word_1_459' title='bbox 829 3387 921 3437; x_wconf 85' lang='lat' dir='ltr'><strong>xui</strong></span> <span class='ocrx_word' id='word_1_460' title='bbox 954 3385 1061 3437; x_wconf 83' lang='grc' dir='ltr'>ἀπὸ</span> <span class='ocrx_word' id='word_1_461' title='bbox 1086 3384 1194 3436; x_wconf 81' lang='grc' dir='ltr'>τῶν</span> <span class='ocrx_word' id='word_1_462' title='bbox 1232 3385 1328 3452; x_wconf 82' lang='grc' dir='ltr'>τῆς</span> <span class='ocrx_word' id='word_1_463' title='bbox 1370 3383 1595 3445; x_wconf 87' lang='grc' dir='ltr'>Ἰταλίας</span> <span class='ocrx_word' id='word_1_464' title='bbox 1637 3384 1840 3453; x_wconf 83' lang='grc' dir='ltr'>μερῶν,</span> 
     </span>
    </p>
   </div>
   <div class='ocr_carea' id='block_1_65' title="bbox 284 3474 1840 3545">
    <p class='ocr_par' dir='ltr' id='par_1_65' title="bbox 284 3474 1840 3545">
     <span class='ocr_line' id='line_1_65' title="bbox 284 3474 1840 3545; baseline -0.002 -20"><span class='ocrx_word' id='word_1_465' title='bbox 284 3475 536 3544; x_wconf 86' lang='grc' dir='ltr'>συνοδική</span> <span class='ocrx_word' id='word_1_466' title='bbox 565 3493 646 3539; x_wconf 90' lang='grc' dir='ltr'><strong>τις</strong></span> <span class='ocrx_word' id='word_1_467' title='bbox 676 3474 935 3545; x_wconf 83' lang='grc' dir='ltr'>ἐπιστολὴ</span> <span class='ocrx_word' id='word_1_468' title='bbox 970 3476 1105 3544; x_wconf 82' lang='grc' dir='ltr'>πρὸς</span> <span class='ocrx_word' id='word_1_469' title='bbox 1151 3476 1297 3545; x_wconf 79' lang='grc' dir='ltr'>ἡμᾶς</span> <span class='ocrx_word' id='word_1_470' title='bbox 1326 3475 1760 3542; x_wconf 79' lang='grc' dir='ltr'>ἁναπεφοίτηκεν</span> <span class='ocrx_word' id='word_1_471' title='bbox 1790 3482 1840 3537; x_wconf 72' lang='grc'>7,</span> 
     </span>
    </p>
   </div>
   <div class='ocr_carea' id='block_1_66' title="bbox 283 3562 1840 3637">
    <p class='ocr_par' dir='ltr' id='par_1_66' title="bbox 283 3562 1840 3637">
     <span class='ocr_line' id='line_1_66' title="bbox 283 3562 1840 3637; baseline -0.003 -18"><span class='ocrx_word' id='word_1_472' title='bbox 283 3570 539 3637; x_wconf 75' lang='grc' dir='ltr'>ἀρρήτων</span> <span class='ocrx_word' id='word_1_473' title='bbox 593 3568 953 3636; x_wconf 79' lang='grc' dir='ltr'>ἐγκλημάτων</span> <span class='ocrx_word' id='word_1_474' title='bbox 1013 3567 1299 3636; x_wconf 72' lang='grc' dir='ltr'>γέμουσαο</span> <span class='ocrx_word' id='word_1_475' title='bbox 1336 3567 1492 3617; x_wconf 75' lang='lat' dir='ltr'><strong>ama</strong></span> <span class='ocrx_word' id='word_1_476' title='bbox 1548 3565 1684 3617; x_wconf 83' lang='grc' dir='ltr'><strong>κατά</strong></span> <span class='ocrx_word' id='word_1_477' title='bbox 1749 3562 1840 3615; x_wconf 86' lang='grc' dir='ltr'><strong>τοῦ</strong></span> 
     </span>
    </p>
   </div>
   <div class='ocr_carea' id='block_1_67' title="bbox 282 3656 1844 3726">
    <p class='ocr_par' dir='ltr' id='par_1_67' title="bbox 282 3656 1844 3726">
     <span class='ocr_line' id='line_1_67' title="bbox 282 3656 1844 3726; baseline -0.001 -16"><span class='ocrx_word' id='word_1_478' title='bbox 282 3660 485 3711; x_wconf 81' lang='grc' dir='ltr'>οἰκείου</span> <span class='ocrx_word' id='word_1_479' title='bbox 535 3658 713 3711; x_wconf 81' lang='grc' dir='ltr'>αὐτῶν</span> <span class='ocrx_word' id='word_1_480' title='bbox 757 3660 1078 3721; x_wconf 89' lang='grc' dir='ltr'>ἐπισκόπου,</span> <span class='ocrx_word' id='word_1_481' title='bbox 1127 3658 1177 3709; x_wconf 90' lang='grc' dir='ltr'><strong>οί</strong></span> <span class='ocrx_word' id='word_1_482' title='bbox 1222 3658 1321 3726; x_wconf 84' lang='grc' dir='ltr'>τὴν</span> <span class='ocrx_word' id='word_1_483' title='bbox 1368 3656 1596 3710; x_wconf 84' lang='grc' dir='ltr'>Ἰταλίαν</span> <span class='ocrx_word' id='word_1_484' title='bbox 1637 3656 1844 3709; x_wconf 79' lang='grc' dir='ltr'>οἰκοῦν-</span> 
     </span>
    </p>
   </div>
   <div class='ocr_carea' id='block_1_68' title="bbox 288 3748 1844 3819">
    <p class='ocr_par' dir='ltr' id='par_1_68' title="bbox 288 3748 1844 3819">
     <span class='ocr_line' id='line_1_68' title="bbox 288 3748 1844 3819; baseline -0.001 -18"><span class='ocrx_word' id='word_1_485' title='bbox 288 3766 379 3812; x_wconf 90' lang='grc' dir='ltr'><strong>τες</strong></span> <span class='ocrx_word' id='word_1_486' title='bbox 416 3790 431 3814; x_wconf 95' lang='grc'><strong>,</strong></span> <span class='ocrx_word' id='word_1_487' title='bbox 469 3748 606 3819; x_wconf 86' lang='grc' dir='ltr'><strong>μετά</strong></span> <span class='ocrx_word' id='word_1_488' title='bbox 662 3748 866 3817; x_wconf 83' lang='grc' dir='ltr'>πολλῆς</span> <span class='ocrx_word' id='word_1_489' title='bbox 911 3749 1327 3818; x_wconf 86' lang='grc' dir='ltr'>κατακρίσεως,</span> <span class='ocrx_word' id='word_1_490' title='bbox 1386 3750 1479 3800; x_wconf 86' lang='lat' dir='ltr'><strong>xui</strong></span> <span class='ocrx_word' id='word_1_491' title='bbox 1530 3749 1706 3817; x_wconf 85' lang='grc' dir='ltr'>ὅρκων</span> <span class='ocrx_word' id='word_1_492' title='bbox 1745 3766 1844 3817; x_wconf 87' lang='grc' dir='ltr'>μυ-</span> 
     </span>
    </p>
   </div>
   <div class='ocr_carea' id='block_1_69' title="bbox 285 3840 1845 3912">
    <p class='ocr_par' dir='ltr' id='par_1_69' title="bbox 285 3840 1845 3912">
     <span class='ocr_line' id='line_1_69' title="bbox 285 3840 1845 3912; baseline 0 -19"><span class='ocrx_word' id='word_1_493' title='bbox 285 3841 439 3911; x_wconf 90' lang='grc' dir='ltr'>ρίων,</span> <span class='ocrx_word' id='word_1_494' title='bbox 476 3840 869 3910; x_wconf 74' lang='grc' dir='ltr'>διεπέμψαντοο</span> <span class='ocrx_word' id='word_1_495' title='bbox 907 3842 982 3912; x_wconf 82' lang='grc' dir='ltr'>μὴ</span> <span class='ocrx_word' id='word_1_496' title='bbox 1009 3842 1256 3911; x_wconf 85' lang='grc' dir='ltr'>παριδεῖν</span> <span class='ocrx_word' id='word_1_497' title='bbox 1286 3842 1496 3904; x_wconf 82' lang='grc' dir='ltr'>αὐτοὺς</span> <span class='ocrx_word' id='word_1_498' title='bbox 1528 3840 1699 3904; x_wconf 81' lang='grc' dir='ltr'>οὕτως</span> <span class='ocrx_word' id='word_1_499' title='bbox 1732 3844 1845 3893; x_wconf 91' lang='grc' dir='ltr'>οἰκ-</span> 
     </span>
    </p>
   </div>
   <div class='ocr_carea' id='block_1_70' title="bbox 284 3931 1847 4004">
    <p class='ocr_par' dir='ltr' id='par_1_70' title="bbox 284 3931 1847 4004">
     <span class='ocr_line' id='line_1_70' title="bbox 284 3931 1847 4004; baseline -0.002 -18"><span class='ocrx_word' id='word_1_500' title='bbox 284 3934 428 4004; x_wconf 85' lang='grc' dir='ltr'>τρῶς</span> <span class='ocrx_word' id='word_1_501' title='bbox 471 3933 826 4002; x_wconf 79' lang='grc' dir='ltr'>ὀλλυμένους,</span> <span class='ocrx_word' id='word_1_502' title='bbox 858 3936 951 3985; x_wconf 84' lang='lat' dir='ltr'><strong>xui.</strong></span> <span class='ocrx_word' id='word_1_503' title='bbox 986 3932 1089 3983; x_wconf 86' lang='grc' dir='ltr'><strong>ὑπὸ</strong></span> <span class='ocrx_word' id='word_1_504' title='bbox 1110 3932 1442 4001; x_wconf 86' lang='grc' dir='ltr'>τηλικαύτης</span> <span class='ocrx_word' id='word_1_505' title='bbox 1473 3931 1694 4001; x_wconf 86' lang='grc' dir='ltr'>βαρείας</span> <span class='ocrx_word' id='word_1_506' title='bbox 1735 3950 1847 3983; x_wconf 90' lang='grc' dir='ltr'>πιε-</span> 
     </span>
    </p>
   </div>
   <div class='ocr_carea' id='block_1_71' title="bbox 287 4023 1845 4094">
    <p class='ocr_par' dir='ltr' id='par_1_71' title="bbox 287 4023 1845 4094">
     <span class='ocr_line' id='line_1_71' title="bbox 287 4023 1845 4094; baseline 0 -20"><span class='ocrx_word' id='word_1_507' title='bbox 287 4024 545 4093; x_wconf 81' lang='grc' dir='ltr'>ζομένους</span> <span class='ocrx_word' id='word_1_508' title='bbox 591 4024 941 4094; x_wconf 84' lang='grc' dir='ltr'>τυραννίδος,</span> <span class='ocrx_word' id='word_1_509' title='bbox 982 4023 1075 4075; x_wconf 86' lang='lat' dir='ltr'><strong>xui.</strong></span> <span class='ocrx_word' id='word_1_510' title='bbox 1121 4023 1247 4085; x_wconf 80' lang='grc' dir='ltr'>τοὺς</span> <span class='ocrx_word' id='word_1_511' title='bbox 1297 4024 1602 4093; x_wconf 81' lang='grc' dir='ltr'>ἱερατικοὺς</span> <span class='ocrx_word' id='word_1_512' title='bbox 1650 4023 1845 4091; x_wconf 89' lang='grc' dir='ltr'>νόμους</span> 
     </span>
    </p>
   </div>
   <div class='ocr_carea' id='block_1_72' title="bbox 287 4112 1845 4183">
    <p class='ocr_par' dir='ltr' id='par_1_72' title="bbox 287 4112 1845 4183">
     <span class='ocr_line' id='line_1_72' title="bbox 287 4112 1845 4183; baseline 0.001 -18"><span class='ocrx_word' id='word_1_513' title='bbox 287 4112 694 4183; x_wconf 77' lang='grc' dir='ltr'>ὑδριζομένους,</span> <span class='ocrx_word' id='word_1_514' title='bbox 728 4114 822 4165; x_wconf 84' lang='lat' dir='ltr'><strong>xui</strong></span> <span class='ocrx_word' id='word_1_515' title='bbox 852 4114 1058 4176; x_wconf 85' lang='grc' dir='ltr'>πάντας</span> <span class='ocrx_word' id='word_1_516' title='bbox 1084 4113 1317 4181; x_wconf 79' lang='grc' dir='ltr'>θεσμοὺς</span> <span class='ocrx_word' id='word_1_517' title='bbox 1364 4112 1683 4183; x_wconf 85' lang='grc' dir='ltr'>Ἐκκλησίας</span> <span class='ocrx_word' id='word_1_518' title='bbox 1713 4115 1845 4167; x_wconf 84' lang='grc' dir='ltr'>ἀνα-</span> 
     </span>
    </p>
   </div>
   <div class='ocr_carea' id='block_1_73' title="bbox 283 4204 1846 4275">
    <p class='ocr_par' dir='ltr' id='par_1_73' title="bbox 283 4204 1846 4275">
     <span class='ocr_line' id='line_1_73' title="bbox 283 4204 1846 4275; baseline 0 -19"><span class='ocrx_word' id='word_1_519' title='bbox 283 4205 671 4275; x_wconf 84' lang='grc' dir='ltr'>τρεπομένους.</span> <span class='ocrx_word' id='word_1_520' title='bbox 726 4207 791 4256; x_wconf 85' lang='lat' dir='ltr'><strong>&quot;A</strong></span> <span class='ocrx_word' id='word_1_521' title='bbox 829 4205 925 4259; x_wconf 87' lang='lat' dir='ltr'><strong>xui</strong></span> <span class='ocrx_word' id='word_1_522' title='bbox 969 4204 1134 4258; x_wconf 87' lang='grc' dir='ltr'>πάλαι</span> <span class='ocrx_word' id='word_1_523' title='bbox 1188 4207 1281 4271; x_wconf 84' lang='grc' dir='ltr'>μὲν</span> <span class='ocrx_word' id='word_1_524' title='bbox 1327 4206 1413 4259; x_wconf 77' lang='grc' dir='ltr'>διὰ</span> <span class='ocrx_word' id='word_1_525' title='bbox 1465 4204 1711 4274; x_wconf 83' lang='grc' dir='ltr'>μοναχῶν</span> <span class='ocrx_word' id='word_1_526' title='bbox 1754 4204 1846 4258; x_wconf 79' lang='grc' dir='ltr'>καὶ</span> 
     </span>
    </p>
   </div>
   <div class='ocr_carea' id='block_1_74' title="bbox 288 4295 1846 4366">
    <p class='ocr_par' dir='ltr' id='par_1_74' title="bbox 288 4295 1846 4366">
     <span class='ocr_line' id='line_1_74' title="bbox 288 4295 1846 4366; baseline 0.002 -21"><span class='ocrx_word' id='word_1_527' title='bbox 288 4296 673 4364; x_wconf 76' lang='grc' dir='ltr'>πρεσϐυτέρων</span> <span class='ocrx_word' id='word_1_528' title='bbox 734 4295 943 4347; x_wconf 88' lang='grc' dir='ltr'>ἐκεῖθεν</span> <span class='ocrx_word' id='word_1_529' title='bbox 996 4296 1431 4366; x_wconf 85' lang='grc' dir='ltr'>ἁναδραμόντων,</span> <span class='ocrx_word' id='word_1_530' title='bbox 1492 4298 1569 4358; x_wconf 88' lang='grc' dir='ltr'><strong>είς</strong></span> <span class='ocrx_word' id='word_1_531' title='bbox 1632 4296 1846 4349; x_wconf 86' lang='grc' dir='ltr'>πάντων</span> 
     </span>
    </p>
   </div>
   <div class='ocr_carea' id='block_1_75' title="bbox 286 4384 1843 4458">
    <p class='ocr_par' dir='ltr' id='par_1_75' title="bbox 286 4384 1843 4458">
     <span class='ocr_line' id='line_1_75' title="bbox 286 4384 1843 4458; baseline 0.001 -19"><span class='ocrx_word' id='word_1_532' title='bbox 286 4387 453 4447; x_wconf 82' lang='grc' dir='ltr'>ἀκοὰς</span> <span class='ocrx_word' id='word_1_533' title='bbox 479 4385 804 4454; x_wconf 77' lang='grc' dir='ltr'>διεφέροντο.</span> <span class='ocrx_word' id='word_1_534' title='bbox 837 4387 1110 4450; x_wconf 84' lang='grc' dir='ltr'>Βασίλειος</span> <span class='ocrx_word' id='word_1_535' title='bbox 1135 4388 1178 4439; x_wconf 89' lang='grc' dir='ltr'>δ’</span> <span class='ocrx_word' id='word_1_536' title='bbox 1205 4390 1312 4457; x_wconf 84' lang='grc' dir='ltr'>ἄρα</span> <span class='ocrx_word' id='word_1_537' title='bbox 1333 4384 1421 4458; x_wconf 85' lang='grc' dir='ltr'>ἦν,</span> <span class='ocrx_word' id='word_1_538' title='bbox 1451 4390 1544 4441; x_wconf 82' lang='grc' dir='ltr'>καὶ</span> <span class='ocrx_word' id='word_1_539' title='bbox 1570 4390 1843 4457; x_wconf 84' lang='grc' dir='ltr'>Ζωσιμᾶς,</span> 
     </span>
    </p>
   </div>
   <div class='ocr_carea' id='block_1_76' title="bbox 287 4477 1845 4549">
    <p class='ocr_par' dir='ltr' id='par_1_76' title="bbox 287 4477 1845 4549">
     <span class='ocr_line' id='line_1_76' title="bbox 287 4477 1845 4549; baseline 0 -20"><span class='ocrx_word' id='word_1_540' title='bbox 287 4477 653 4547; x_wconf 73' lang='grc' dir='ltr'>Μητροφάνης</span> <span class='ocrx_word' id='word_1_541' title='bbox 673 4494 753 4541; x_wconf 88' lang='grc' dir='ltr'><strong>τε,</strong></span> <span class='ocrx_word' id='word_1_542' title='bbox 785 4478 881 4529; x_wconf 82' lang='grc' dir='ltr'>καὶ</span> <span class='ocrx_word' id='word_1_543' title='bbox 907 4479 1003 4530; x_wconf 83' lang='grc' dir='ltr'>σὺν</span> <span class='ocrx_word' id='word_1_544' title='bbox 1028 4478 1211 4540; x_wconf 84' lang='grc' dir='ltr'>αὐτοῖς</span> <span class='ocrx_word' id='word_1_545' title='bbox 1238 4480 1433 4549; x_wconf 74' lang='grc' dir='ltr'>ἕτεροι,</span> <span class='ocrx_word' id='word_1_546' title='bbox 1464 4480 1513 4530; x_wconf 85' lang='grc' dir='ltr'>οἱ</span> <span class='ocrx_word' id='word_1_547' title='bbox 1541 4480 1639 4548; x_wconf 81' lang='grc' dir='ltr'>τὴν</span> <span class='ocrx_word' id='word_1_548' title='bbox 1666 4478 1845 4531; x_wconf 83' lang='grc' dir='ltr'>τοιαύ-</span> 
     </span>
    </p>
   </div>
   <div class='ocr_carea' id='block_1_77' title="bbox 286 4568 1843 4641">
    <p class='ocr_par' dir='ltr' id='par_1_77' title="bbox 286 4568 1843 4641">
     <span class='ocr_line' id='line_1_77' title="bbox 286 4568 1843 4641; baseline 0.003 -23"><span class='ocrx_word' id='word_1_549' title='bbox 286 4585 386 4637; x_wconf 83' lang='grc' dir='ltr'><strong>την</strong></span> <span class='ocrx_word' id='word_1_550' title='bbox 416 4568 709 4637; x_wconf 88' lang='grc' dir='ltr'>τυραννίδα</span> <span class='ocrx_word' id='word_1_551' title='bbox 742 4569 1119 4639; x_wconf 80' lang='grc' dir='ltr'>ἀπωδύροντο,</span> <span class='ocrx_word' id='word_1_552' title='bbox 1151 4570 1242 4621; x_wconf 87' lang='lat' dir='ltr'><strong>xui</strong></span> <span class='ocrx_word' id='word_1_553' title='bbox 1272 4570 1407 4639; x_wconf 82' lang='grc' dir='ltr'>πρὸς</span> <span class='ocrx_word' id='word_1_554' title='bbox 1436 4570 1711 4641; x_wconf 86' lang='grc' dir='ltr'>ἐκδίκησιν</span> <span class='ocrx_word' id='word_1_555' title='bbox 1738 4570 1843 4622; x_wconf 80' lang='grc' dir='ltr'><strong>τῶν</strong></span> 
     </span>
    </p>
   </div>
   <div class='ocr_carea' id='block_1_78' title="bbox 298 4660 1844 4731">
    <p class='ocr_par' dir='ltr' id='par_1_78' title="bbox 298 4660 1844 4731">
     <span class='ocr_line' id='line_1_78' title="bbox 298 4660 1844 4731; baseline 0.003 -20"><span class='ocrx_word' id='word_1_556' title='bbox 298 4661 632 4726; x_wconf 84' lang='grc' dir='ltr'>Ἐκκλησιῶν</span> <span class='ocrx_word' id='word_1_557' title='bbox 694 4660 1040 4725; x_wconf 80' lang='grc' dir='ltr'>ἐξεκαλοῦντο</span> <span class='ocrx_word' id='word_1_558' title='bbox 1088 4663 1433 4730; x_wconf 82' lang='grc' dir='ltr'>δακρύοντες.</span> <span class='ocrx_word' id='word_1_559' title='bbox 1484 4662 1595 4715; x_wconf 80' lang='grc' dir='ltr'>Νῦν</span> <span class='ocrx_word' id='word_1_560' title='bbox 1645 4663 1701 4715; x_wconf 83' lang='grc' dir='ltr'><strong>δέ</strong></span> <span class='ocrx_word' id='word_1_561' title='bbox 1751 4664 1844 4731; x_wconf 84' lang='grc' dir='ltr'><strong>(ὠς</strong></span> 
     </span>
    </p>
   </div>
   <div class='ocr_carea' id='block_1_79' title="bbox 288 4745 1845 4822">
    <p class='ocr_par' dir='ltr' id='par_1_79' title="bbox 288 4745 1845 4822">
     <span class='ocr_line' id='line_1_79' title="bbox 288 4745 1845 4822; baseline 0.005 -25"><span class='ocrx_word' id='word_1_562' title='bbox 288 4745 458 4816; x_wconf 81' lang='grc' dir='ltr'>ἔφθην</span> <span class='ocrx_word' id='word_1_563' title='bbox 496 4746 685 4813; x_wconf 77' lang='grc' dir='ltr'>εἰπὼν)</span> <span class='ocrx_word' id='word_1_564' title='bbox 727 4750 821 4801; x_wconf 80' lang='grc' dir='ltr'><strong>καὶ</strong></span> <span class='ocrx_word' id='word_1_565' title='bbox 854 4751 1156 4819; x_wconf 84' lang='grc' dir='ltr'>γράμματα</span> <span class='ocrx_word' id='word_1_566' title='bbox 1196 4751 1457 4822; x_wconf 73' lang='grc' dir='ltr'>διάφορα,</span> <span class='ocrx_word' id='word_1_567' title='bbox 1508 4753 1600 4803; x_wconf 82' lang='grc' dir='ltr'>καὶ</span> <span class='ocrx_word' id='word_1_568' title='bbox 1642 4755 1704 4804; x_wconf 82' lang='grc' dir='ltr'><strong>ἐκ</strong></span> <span class='ocrx_word' id='word_1_569' title='bbox 1730 4754 1845 4805; x_wconf 88' lang='grc' dir='ltr'>δια-</span> 
     </span>
    </p>
   </div>
   <div class='ocr_carea' id='block_1_80' title="bbox 288 4839 1845 4914">
    <p class='ocr_par' dir='ltr' id='par_1_80' title="bbox 288 4839 1845 4914">
     <span class='ocr_line' id='line_1_80' title="bbox 288 4839 1845 4914; baseline 0.005 -24"><span class='ocrx_word' id='word_1_570' title='bbox 288 4839 467 4909; x_wconf 84' lang='grc' dir='ltr'>φόρων</span> <span class='ocrx_word' id='word_1_571' title='bbox 512 4842 719 4893; x_wconf 83' lang='grc' dir='ltr'>ἐκεῖθεν</span> <span class='ocrx_word' id='word_1_572' title='bbox 768 4844 1225 4913; x_wconf 86' lang='grc' dir='ltr'>ἀναπεφοίτηκεν,</span> <span class='ocrx_word' id='word_1_573' title='bbox 1281 4844 1583 4914; x_wconf 85' lang='grc' dir='ltr'>τραγῳδίας</span> <span class='ocrx_word' id='word_1_574' title='bbox 1630 4846 1845 4914; x_wconf 84' lang='grc' dir='ltr'>ἀπάσης</span> 
     </span>
    </p>
   </div>
   <div class='ocr_carea' id='block_1_81' title="bbox 288 4930 1844 5007">
    <p class='ocr_par' dir='ltr' id='par_1_81' title="bbox 288 4930 1844 5007">
     <span class='ocr_line' id='line_1_81' title="bbox 288 4930 1844 5007; baseline 0.005 -25"><span class='ocrx_word' id='word_1_575' title='bbox 288 4932 381 4984; x_wconf 84' lang='lat' dir='ltr'><strong>xui</strong></span> <span class='ocrx_word' id='word_1_576' title='bbox 410 4933 618 5002; x_wconf 88' lang='grc' dir='ltr'>μυρίων</span> <span class='ocrx_word' id='word_1_577' title='bbox 659 4933 869 5003; x_wconf 83' lang='grc' dir='ltr'>θρήνων</span> <span class='ocrx_word' id='word_1_578' title='bbox 901 4937 1155 5005; x_wconf 87' lang='grc' dir='ltr'>γέμοντα·</span> <span class='ocrx_word' id='word_1_579' title='bbox 1190 4930 1263 4988; x_wconf 82' lang='grc' dir='ltr'>ὧν</span> <span class='ocrx_word' id='word_1_580' title='bbox 1301 4937 1370 4989; x_wconf 75' lang='grc' dir='ltr'>τὰ</span> <span class='ocrx_word' id='word_1_581' title='bbox 1402 4937 1488 4989; x_wconf 83' lang='grc' dir='ltr'><strong>ῖσα</strong></span> <span class='ocrx_word' id='word_1_582' title='bbox 1516 4978 1530 5003; x_wconf 88' lang='grc'><strong>,</strong></span> <span class='ocrx_word' id='word_1_583' title='bbox 1578 4939 1721 4990; x_wconf 86' lang='grc' dir='ltr'>κατὰ</span> <span class='ocrx_word' id='word_1_584' title='bbox 1747 4939 1844 5007; x_wconf 81' lang='grc' dir='ltr'>τὴν</span> 
     </span>
    </p>
   </div>
   <div class='ocr_carea' id='block_1_82' title="bbox 291 5025 1842 5101">
    <p class='ocr_par' dir='ltr' id='par_1_82' title="bbox 291 5025 1842 5101">
     <span class='ocr_line' id='line_1_82' title="bbox 291 5025 1842 5101; baseline 0.007 -27"><span class='ocrx_word' id='word_1_585' title='bbox 291 5026 514 5075; x_wconf 87' lang='grc' dir='ltr'>εκείνων</span> <span class='ocrx_word' id='word_1_586' title='bbox 539 5025 760 5090; x_wconf 79' lang='grc' dir='ltr'>ἀξίωσίν</span> <span class='ocrx_word' id='word_1_587' title='bbox 785 5044 841 5079; x_wconf 91' lang='grc' dir='ltr'><strong>τε</strong></span> <span class='ocrx_word' id='word_1_588' title='bbox 874 5030 967 5079; x_wconf 87' lang='lat' dir='ltr'><strong>xui</strong></span> <span class='ocrx_word' id='word_1_589' title='bbox 1001 5028 1273 5097; x_wconf 79' lang='grc' dir='ltr'>ἐξαίτησιν</span> <span class='ocrx_word' id='word_1_590' title='bbox 1303 5032 1437 5100; x_wconf 88' lang='lat' dir='ltr'><strong>(xui</strong></span> <span class='ocrx_word' id='word_1_591' title='bbox 1462 5034 1569 5101; x_wconf 72' lang='grc' dir='ltr'><strong>γὰρ</strong></span> <span class='ocrx_word' id='word_1_592' title='bbox 1600 5035 1677 5093; x_wconf 85' lang='grc' dir='ltr'><strong>είς</strong></span> <span class='ocrx_word' id='word_1_593' title='bbox 1707 5035 1842 5085; x_wconf 89' lang='grc' dir='ltr'>πάν-</span> 
     </span>
    </p>
   </div>
   <div class='ocr_carea' id='block_1_83' title="bbox 290 5116 1843 5192">
    <p class='ocr_par' dir='ltr' id='par_1_83' title="bbox 290 5116 1843 5192">
     <span class='ocr_line' id='line_1_83' title="bbox 290 5116 1843 5192; baseline 0.005 -26"><span class='ocrx_word' id='word_1_594' title='bbox 290 5132 388 5176; x_wconf 83' lang='grc' dir='ltr'><strong>τας</strong></span> <span class='ocrx_word' id='word_1_595' title='bbox 434 5116 558 5178; x_wconf 79' lang='grc' dir='ltr'>τοῦς</span> <span class='ocrx_word' id='word_1_596' title='bbox 602 5118 1016 5186; x_wconf 70' lang='grc' dir='ltr'>ἁρχιερατικόὺς</span> <span class='ocrx_word' id='word_1_597' title='bbox 1060 5121 1152 5171; x_wconf 82' lang='lat' dir='ltr'><strong>xui</strong></span> <span class='ocrx_word' id='word_1_598' title='bbox 1198 5122 1580 5184; x_wconf 81' lang='grc' dir='ltr'>ἁποστολικοὺς</span> <span class='ocrx_word' id='word_1_599' title='bbox 1625 5122 1843 5192; x_wconf 89' lang='grc' dir='ltr'>θρόνους</span> 
     </span>
    </p>
   </div>
   <div class='ocr_carea' id='block_1_84' title="bbox 290 5204 1843 5281">
    <p class='ocr_par' dir='ltr' id='par_1_84' title="bbox 290 5204 1843 5281">
     <span class='ocr_line' id='line_1_84' title="bbox 290 5204 1843 5281; baseline 0.005 -25"><span class='ocrx_word' id='word_1_600' title='bbox 290 5204 594 5273; x_wconf 76' lang='grc' dir='ltr'>διαδοθῆναι</span> <span class='ocrx_word' id='word_1_601' title='bbox 618 5206 788 5259; x_wconf 87' lang='grc' dir='ltr'>ταῦτα</span> <span class='ocrx_word' id='word_1_602' title='bbox 813 5210 949 5276; x_wconf 77' lang='grc' dir='ltr'>μετὰ</span> <span class='ocrx_word' id='word_1_603' title='bbox 980 5210 1221 5278; x_wconf 83' lang='grc' dir='ltr'>φρικτῶν</span> <span class='ocrx_word' id='word_1_604' title='bbox 1246 5213 1420 5279; x_wconf 74' lang='grc' dir='ltr'>ὅρκων</span> <span class='ocrx_word' id='word_1_605' title='bbox 1446 5212 1537 5263; x_wconf 81' lang='grc' dir='ltr'>καὶ</span> <span class='ocrx_word' id='word_1_606' title='bbox 1563 5213 1843 5281; x_wconf 80' lang='grc' dir='ltr'>παρακλή-</span> 
     </span>
    </p>
   </div>
   <div class='ocr_carea' id='block_1_85' title="bbox 292 5297 1840 5372">
    <p class='ocr_par' dir='ltr' id='par_1_85' title="bbox 292 5297 1840 5372">
     <span class='ocr_line' id='line_1_85' title="bbox 292 5297 1840 5372; baseline 0.006 -25"><span class='ocrx_word' id='word_1_607' title='bbox 292 5313 429 5348; x_wconf 91' lang='grc' dir='ltr'>σεων</span> <span class='ocrx_word' id='word_1_608' title='bbox 459 5297 858 5368; x_wconf 84' lang='grc' dir='ltr'>ἐδυσώπησαν),</span> <span class='ocrx_word' id='word_1_609' title='bbox 879 5300 953 5362; x_wconf 82' lang='grc' dir='ltr'><strong>ὡς</strong></span> <span class='ocrx_word' id='word_1_610' title='bbox 979 5301 1114 5353; x_wconf 79' lang='grc' dir='ltr'>αὐτὰ</span> <span class='ocrx_word' id='word_1_611' title='bbox 1144 5303 1326 5353; x_wconf 85' lang='grc' dir='ltr'>ἐκεῖνα</span> <span class='ocrx_word' id='word_1_612' title='bbox 1344 5305 1679 5372; x_wconf 80' lang='grc' dir='ltr'>παραστήσει</span> <span class='ocrx_word' id='word_1_613' title='bbox 1708 5306 1840 5357; x_wconf 88' lang='grc' dir='ltr'>ἀνα-</span> 
     </span>
    </p>
   </div>
   <div class='ocr_carea' id='block_1_86' title="bbox 289 5389 1840 5465">
    <p class='ocr_par' dir='ltr' id='par_1_86' title="bbox 289 5389 1840 5465">
     <span class='ocr_line' id='line_1_86' title="bbox 289 5389 1840 5465; baseline 0.007 -26"><span class='ocrx_word' id='word_1_614' title='bbox 289 5389 685 5457; x_wconf 86' lang='grc' dir='ltr'>γινωσκόμενα.</span> <span class='ocrx_word' id='word_1_615' title='bbox 733 5391 821 5459; x_wconf 83' lang='grc' dir='ltr'><strong>Τῷ</strong></span> <span class='ocrx_word' id='word_1_616' title='bbox 848 5392 903 5443; x_wconf 78' lang='grc' dir='ltr'><strong>δέ</strong></span> <span class='ocrx_word' id='word_1_617' title='bbox 944 5394 1097 5462; x_wconf 81' lang='grc' dir='ltr'>ἡμῶν</span> <span class='ocrx_word' id='word_1_618' title='bbox 1125 5393 1203 5462; x_wconf 83' lang='grc' dir='ltr'>τῷ</span> <span class='ocrx_word' id='word_1_619' title='bbox 1233 5394 1564 5465; x_wconf 82' lang='grc' dir='ltr'>γραμματίῳ</span> <span class='ocrx_word' id='word_1_620' title='bbox 1589 5396 1840 5459; x_wconf 76' lang='grc' dir='ltr'>ἐνετάξαο</span> 
     </span>
    </p>
   </div>
   <div class='ocr_carea' id='block_1_87' title="bbox 292 5480 1843 5560">
    <p class='ocr_par' dir='ltr' id='par_1_87' title="bbox 292 5480 1843 5560">
     <span class='ocr_line' id='line_1_87' title="bbox 292 5480 1843 5560; baseline 0.008 -30"><span class='ocrx_word' id='word_1_621' title='bbox 292 5496 413 5548; x_wconf 88' lang='grc' dir='ltr'>μεν,</span> <span class='ocrx_word' id='word_1_622' title='bbox 444 5480 529 5533; x_wconf 83' lang='grc' dir='ltr'>ἵνα</span> <span class='ocrx_word' id='word_1_623' title='bbox 567 5483 660 5534; x_wconf 89' lang='lat' dir='ltr'><strong>xui</strong></span> <span class='ocrx_word' id='word_1_624' title='bbox 689 5485 813 5551; x_wconf 78' lang='grc' dir='ltr'>περὶ</span> <span class='ocrx_word' id='word_1_625' title='bbox 846 5484 1069 5550; x_wconf 82' lang='grc' dir='ltr'>τούτων,</span> <span class='ocrx_word' id='word_1_626' title='bbox 1108 5487 1205 5555; x_wconf 75' lang='grc' dir='ltr'>τῆς</span> <span class='ocrx_word' id='word_1_627' title='bbox 1231 5488 1387 5555; x_wconf 82' lang='grc' dir='ltr'>ἁγίας</span> <span class='ocrx_word' id='word_1_628' title='bbox 1414 5490 1504 5540; x_wconf 81' lang='lat' dir='ltr'><strong>xui</strong></span> <span class='ocrx_word' id='word_1_629' title='bbox 1542 5490 1843 5560; x_wconf 81' lang='grc' dir='ltr'>οἰκουμενι-</span> 
     </span>
    </p>
   </div>
   <div class='ocr_carea' id='block_1_88' title="bbox 367 5616 1803 5692">
    <p class='ocr_par' dir='ltr' id='par_1_88' title="bbox 367 5616 1803 5692">
     <span class='ocr_line' id='line_1_88' title="bbox 367 5616 1803 5692; baseline 0.008 -25"><span class='ocrx_word' id='word_1_630' title='bbox 367 5617 387 5646; x_wconf 84' lang='grc'><strong>⁸</strong></span> <span class='ocrx_word' id='word_1_631' title='bbox 421 5616 537 5669; x_wconf 88' lang='lat' dir='ltr'><strong>Act.</strong></span> <span class='ocrx_word' id='word_1_632' title='bbox 580 5633 695 5683; x_wconf 88' lang='lat' dir='ltr'><strong>vm,</strong></span> <span class='ocrx_word' id='word_1_633' title='bbox 730 5620 813 5672; x_wconf 88' lang='lat' dir='ltr'><strong>l0.</strong></span> <span class='ocrx_word' id='word_1_634' title='bbox 895 5621 935 5652; x_wconf 84' lang='lat'><strong>‘°</strong></span> <span class='ocrx_word' id='word_1_635' title='bbox 970 5620 1109 5676; x_wconf 85' lang='lat' dir='ltr'><strong>Psal.</strong></span> <span class='ocrx_word' id='word_1_636' title='bbox 1144 5642 1293 5692; x_wconf 76' lang='lat' dir='ltr'><strong>xvm,</strong></span> <span class='ocrx_word' id='word_1_637' title='bbox 1326 5626 1389 5691; x_wconf 83' lang='lat'><strong>5;</strong></span> <span class='ocrx_word' id='word_1_638' title='bbox 1434 5627 1587 5681; x_wconf 79' lang='lat' dir='ltr'><strong>ltom.</strong></span> <span class='ocrx_word' id='word_1_639' title='bbox 1624 5645 1675 5683; x_wconf 72' lang='grc' dir='ltr'>κ.</span> <span class='ocrx_word' id='word_1_640' title='bbox 1722 5632 1803 5682; x_wconf 74' lang='grc'><strong>18.</strong></span> 
     </span>
    </p>
   </div>
   <div class='ocr_carea' id='block_1_89' title="bbox 1947 3297 3510 3367">
    <p class='ocr_par' dir='ltr' id='par_1_89' title="bbox 1947 3297 3510 3367">
     <span class='ocr_line' id='line_1_89' title="bbox 1947 3297 3510 3367; baseline 0.001 -18"><span class='ocrx_word' id='word_1_641' title='bbox 1947 3314 2065 3366; x_wconf 67' lang='lat' dir='ltr'><strong>quae</strong></span> <span class='ocrx_word' id='word_1_642' title='bbox 2091 3298 2190 3350; x_wconf 89' lang='lat' dir='ltr'><strong>alia</strong></span> <span class='ocrx_word' id='word_1_643' title='bbox 2217 3298 2413 3351; x_wconf 89' lang='lat' dir='ltr'><strong>similia</strong></span> <span class='ocrx_word' id='word_1_644' title='bbox 2441 3297 2809 3367; x_wconf 88' lang='lat' dir='ltr'><strong>agitabuntur,</strong></span> <span class='ocrx_word' id='word_1_645' title='bbox 2846 3311 2909 3349; x_wconf 87' lang='lat' dir='ltr'><strong>ea</strong></span> <span class='ocrx_word' id='word_1_646' title='bbox 2939 3312 3061 3350; x_wconf 91' lang='lat' dir='ltr'><strong>cum</strong></span> <span class='ocrx_word' id='word_1_647' title='bbox 3102 3298 3371 3358; x_wconf 86' lang='lat' dir='ltr'><strong>libertate,</strong></span> <span class='ocrx_word' id='word_1_648' title='bbox 3391 3314 3510 3366; x_wconf 65' lang='lat' dir='ltr'><strong>quae</strong></span> 
     </span>
    </p>
   </div>
   <div class='ocr_carea' id='block_1_90' title="bbox 1945 3388 3511 3459">
    <p class='ocr_par' dir='ltr' id='par_1_90' title="bbox 1945 3388 3511 3459">
     <span class='ocr_line' id='line_1_90' title="bbox 1945 3388 3511 3459; baseline -0.001 -15"><span class='ocrx_word' id='word_1_649' title='bbox 1945 3394 2197 3445; x_wconf 90' lang='lat' dir='ltr'><strong>thronum</strong></span> <span class='ocrx_word' id='word_1_650' title='bbox 2222 3394 2376 3446; x_wconf 85' lang='lat' dir='ltr'><strong>decet</strong></span> <span class='ocrx_word' id='word_1_651' title='bbox 2415 3391 2790 3459; x_wconf 87' lang='lat' dir='ltr'><strong>apostolicum.</strong></span> <span class='ocrx_word' id='word_1_652' title='bbox 2826 3388 2961 3442; x_wconf 90' lang='lat' dir='ltr'><strong>Cum</strong></span> <span class='ocrx_word' id='word_1_653' title='bbox 2996 3390 3267 3458; x_wconf 65' lang='lat' dir='ltr'><strong>praecipue</strong></span> <span class='ocrx_word' id='word_1_654' title='bbox 3295 3390 3364 3459; x_wconf 82' lang='lat' dir='ltr'><strong>ab</strong></span> <span class='ocrx_word' id='word_1_655' title='bbox 3404 3390 3511 3443; x_wconf 86' lang='lat' dir='ltr'><strong>Ita-</strong></span> 
     </span>
    </p>
   </div>
   <div class='ocr_carea' id='block_1_91' title="bbox 1945 3481 3513 3554">
    <p class='ocr_par' dir='ltr' id='par_1_91' title="bbox 1945 3481 3513 3554">
     <span class='ocr_line' id='line_1_91' title="bbox 1945 3481 3513 3554; baseline 0.002 -19"><span class='ocrx_word' id='word_1_656' title='bbox 1945 3484 2027 3539; x_wconf 65' lang='lat' dir='ltr'><strong>liae</strong></span> <span class='ocrx_word' id='word_1_657' title='bbox 2069 3486 2308 3554; x_wconf 86' lang='lat' dir='ltr'><strong>partibus</strong></span> <span class='ocrx_word' id='word_1_658' title='bbox 2349 3482 2620 3553; x_wconf 81' lang='lat' dir='ltr'><strong>synodalis</strong></span> <span class='ocrx_word' id='word_1_659' title='bbox 2659 3482 2723 3535; x_wconf 92' lang='lat' dir='ltr'><strong>ad</strong></span> <span class='ocrx_word' id='word_1_660' title='bbox 2771 3496 2871 3535; x_wconf 90' lang='lat' dir='ltr'><strong>uos</strong></span> <span class='ocrx_word' id='word_1_661' title='bbox 2926 3481 3155 3551; x_wconf 89' lang='lat' dir='ltr'><strong>epistola</strong></span> <span class='ocrx_word' id='word_1_662' title='bbox 3211 3483 3513 3552; x_wconf 80' lang='lat' dir='ltr'><strong>perscripta</strong></span> 
     </span>
    </p>
   </div>
   <div class='ocr_carea' id='block_1_92' title="bbox 1943 3574 3513 3643">
    <p class='ocr_par' dir='ltr' id='par_1_92' title="bbox 1943 3574 3513 3643">
     <span class='ocr_line' id='line_1_92' title="bbox 1943 3574 3513 3643; baseline -0.002 -11"><span class='ocrx_word' id='word_1_663' title='bbox 1943 3577 2171 3639; x_wconf 82' lang='lat' dir='ltr'><strong>venerit,</strong></span> <span class='ocrx_word' id='word_1_664' title='bbox 2204 3575 2633 3630; x_wconf 88' lang='lat' dir='ltr'><strong>accusationibus</strong></span> <span class='ocrx_word' id='word_1_665' title='bbox 2664 3574 2896 3628; x_wconf 82' lang='lat' dir='ltr'><strong>infandis</strong></span> <span class='ocrx_word' id='word_1_666' title='bbox 2936 3575 3140 3643; x_wconf 86' lang='lat' dir='ltr'><strong>repleta</strong></span> <span class='ocrx_word' id='word_1_667' title='bbox 3175 3592 3189 3640; x_wconf 91' lang='lat'><strong>;</strong></span> <span class='ocrx_word' id='word_1_668' title='bbox 3219 3591 3352 3643; x_wconf 89' lang='lat' dir='ltr'><strong>quas</strong></span> <span class='ocrx_word' id='word_1_669' title='bbox 3372 3591 3513 3630; x_wconf 87' lang='lat' dir='ltr'><strong>con-</strong></span> 
     </span>
    </p>
   </div>
   <div class='ocr_carea' id='block_1_93' title="bbox 1945 3668 3511 3741">
    <p class='ocr_par' dir='ltr' id='par_1_93' title="bbox 1945 3668 3511 3741">
     <span class='ocr_line' id='line_1_93' title="bbox 1945 3668 3511 3741; baseline -0.002 -15"><span class='ocrx_word' id='word_1_670' title='bbox 1945 3683 2025 3726; x_wconf 88' lang='lat' dir='ltr'><strong>tra</strong></span> <span class='ocrx_word' id='word_1_671' title='bbox 2063 3672 2338 3741; x_wconf 90' lang='lat' dir='ltr'><strong>proprium</strong></span> <span class='ocrx_word' id='word_1_672' title='bbox 2364 3670 2604 3739; x_wconf 87' lang='lat' dir='ltr'><strong>ipsorum</strong></span> <span class='ocrx_word' id='word_1_673' title='bbox 2640 3670 2976 3738; x_wconf 84' lang='lat' dir='ltr'><strong>episcopum,</strong></span> <span class='ocrx_word' id='word_1_674' title='bbox 3016 3668 3133 3721; x_wconf 86' lang='lat' dir='ltr'><strong>ltali</strong></span> <span class='ocrx_word' id='word_1_675' title='bbox 3154 3670 3220 3721; x_wconf 91' lang='lat' dir='ltr'><strong>ad</strong></span> <span class='ocrx_word' id='word_1_676' title='bbox 3252 3684 3352 3723; x_wconf 91' lang='lat' dir='ltr'><strong>nos</strong></span> <span class='ocrx_word' id='word_1_677' title='bbox 3385 3684 3511 3723; x_wconf 86' lang='lat' dir='ltr'><strong>cum</strong></span> 
     </span>
    </p>
   </div>
   <div class='ocr_carea' id='block_1_94' title="bbox 1945 3758 3512 3831">
    <p class='ocr_par' dir='ltr' id='par_1_94' title="bbox 1945 3758 3512 3831">
     <span class='ocr_line' id='line_1_94' title="bbox 1945 3758 3512 3831; baseline -0.002 -16"><span class='ocrx_word' id='word_1_678' title='bbox 1945 3761 2225 3831; x_wconf 90' lang='lat' dir='ltr'><strong>multiplici</strong></span> <span class='ocrx_word' id='word_1_679' title='bbox 2253 3758 2728 3821; x_wconf 87' lang='lat' dir='ltr'><strong>condemnatione,</strong></span> <span class='ocrx_word' id='word_1_680' title='bbox 2768 3758 3165 3826; x_wconf 88' lang='lat' dir='ltr'><strong>etjuramentis</strong></span> <span class='ocrx_word' id='word_1_681' title='bbox 3194 3775 3299 3813; x_wconf 86' lang='lat' dir='ltr'><strong>non</strong></span> <span class='ocrx_word' id='word_1_682' title='bbox 3332 3761 3512 3828; x_wconf 84' lang='lat' dir='ltr'><strong>parvis</strong></span> 
     </span>
    </p>
   </div>
   <div class='ocr_carea' id='block_1_95' title="bbox 1947 3851 3515 3919">
    <p class='ocr_par' dir='ltr' id='par_1_95' title="bbox 1947 3851 3515 3919">
     <span class='ocr_line' id='line_1_95' title="bbox 1947 3851 3515 3919; baseline -0.003 -13"><span class='ocrx_word' id='word_1_683' title='bbox 1947 3853 2384 3914; x_wconf 91' lang='lat' dir='ltr'><strong>transmiserant,</strong></span> <span class='ocrx_word' id='word_1_684' title='bbox 2419 3861 2694 3919; x_wconf 78' lang='lat' dir='ltr'><strong>rogantes,</strong></span> <span class='ocrx_word' id='word_1_685' title='bbox 2732 3865 2799 3903; x_wconf 94' lang='lat' dir='ltr'><strong>ne</strong></span> <span class='ocrx_word' id='word_1_686' title='bbox 2833 3851 3062 3903; x_wconf 86' lang='lat' dir='ltr'><strong>velimus</strong></span> <span class='ocrx_word' id='word_1_687' title='bbox 3096 3852 3201 3919; x_wconf 87' lang='lat' dir='ltr'><strong>pati</strong></span> <span class='ocrx_word' id='word_1_688' title='bbox 3232 3852 3365 3904; x_wconf 87' lang='lat' dir='ltr'><strong>adeo</strong></span> <span class='ocrx_word' id='word_1_689' title='bbox 3407 3852 3515 3903; x_wconf 91' lang='lat' dir='ltr'><strong>mi-</strong></span> 
     </span>
    </p>
   </div>
   <div class='ocr_carea' id='block_1_96' title="bbox 1944 3942 3512 4010">
    <p class='ocr_par' dir='ltr' id='par_1_96' title="bbox 1944 3942 3512 4010">
     <span class='ocr_line' id='line_1_96' title="bbox 1944 3942 3512 4010; baseline -0.001 -14"><span class='ocrx_word' id='word_1_690' title='bbox 1944 3959 2125 3996; x_wconf 89' lang='lat' dir='ltr'><strong>serum</strong></span> <span class='ocrx_word' id='word_1_691' title='bbox 2178 3943 2231 3995; x_wconf 92' lang='lat' dir='ltr'><strong>iu</strong></span> <span class='ocrx_word' id='word_1_692' title='bbox 2258 3943 2475 3995; x_wconf 86' lang='lat' dir='ltr'><strong>modum</strong></span> <span class='ocrx_word' id='word_1_693' title='bbox 2502 3942 2647 4009; x_wconf 90' lang='lat' dir='ltr'><strong>ipsos</strong></span> <span class='ocrx_word' id='word_1_694' title='bbox 2687 3942 2879 4010; x_wconf 89' lang='lat' dir='ltr'><strong>perire.</strong></span> <span class='ocrx_word' id='word_1_695' title='bbox 2909 3942 3001 4009; x_wconf 93' lang='lat' dir='ltr'><strong>qui</strong></span> <span class='ocrx_word' id='word_1_696' title='bbox 3040 3950 3146 3994; x_wconf 88' lang='lat' dir='ltr'><strong>tam</strong></span> <span class='ocrx_word' id='word_1_697' title='bbox 3177 3952 3402 4010; x_wconf 83' lang='lat' dir='ltr'><strong>urgente</strong></span> <span class='ocrx_word' id='word_1_698' title='bbox 3455 3953 3512 3995; x_wconf 88' lang='lat' dir='ltr'><strong>et</strong></span> 
     </span>
    </p>
   </div>
   <div class='ocr_carea' id='block_1_97' title="bbox 1946 4033 3511 4104">
    <p class='ocr_par' dir='ltr' id='par_1_97' title="bbox 1946 4033 3511 4104">
     <span class='ocr_line' id='line_1_97' title="bbox 1946 4033 3511 4104; baseline -0.001 -17"><span class='ocrx_word' id='word_1_699' title='bbox 1946 4033 2271 4088; x_wconf 87' lang='lat' dir='ltr'><strong>intolerabili</strong></span> <span class='ocrx_word' id='word_1_700' title='bbox 2327 4033 2613 4104; x_wconf 89' lang='lat' dir='ltr'><strong>tyrannide</strong></span> <span class='ocrx_word' id='word_1_701' title='bbox 2639 4034 3037 4101; x_wconf 89' lang='lat' dir='ltr'><strong>opprimantur,</strong></span> <span class='ocrx_word' id='word_1_702' title='bbox 3087 4049 3183 4102; x_wconf 90' lang='lat' dir='ltr'><strong>per</strong></span> <span class='ocrx_word' id='word_1_703' title='bbox 3214 4048 3374 4101; x_wconf 88' lang='lat' dir='ltr'><strong>quam</strong></span> <span class='ocrx_word' id='word_1_704' title='bbox 3420 4049 3511 4086; x_wconf 89' lang='lat' dir='ltr'><strong>sa-</strong></span> 
     </span>
    </p>
   </div>
   <div class='ocr_carea' id='block_1_98' title="bbox 1944 4124 3509 4196">
    <p class='ocr_par' dir='ltr' id='par_1_98' title="bbox 1944 4124 3509 4196">
     <span class='ocr_line' id='line_1_98' title="bbox 1944 4124 3509 4196; baseline -0.003 -15"><span class='ocrx_word' id='word_1_705' title='bbox 1944 4126 2169 4181; x_wconf 90' lang='lat' dir='ltr'><strong>cerdotii</strong></span> <span class='ocrx_word' id='word_1_706' title='bbox 2210 4127 2353 4196; x_wconf 86' lang='lat' dir='ltr'><strong>leges</strong></span> <span class='ocrx_word' id='word_1_707' title='bbox 2398 4126 2788 4180; x_wconf 87' lang='lat' dir='ltr'><strong>contumeliose</strong></span> <span class='ocrx_word' id='word_1_708' title='bbox 2817 4124 3132 4193; x_wconf 81' lang='lat' dir='ltr'><strong>refiguutur.</strong></span> <span class='ocrx_word' id='word_1_709' title='bbox 3169 4134 3223 4178; x_wconf 91' lang='lat' dir='ltr'><strong>et</strong></span> <span class='ocrx_word' id='word_1_710' title='bbox 3251 4140 3509 4193; x_wconf 77' lang='lat' dir='ltr'><strong>quaecun-</strong></span> 
     </span>
    </p>
   </div>
   <div class='ocr_carea' id='block_1_99' title="bbox 1944 4213 3512 4284">
    <p class='ocr_par' dir='ltr' id='par_1_99' title="bbox 1944 4213 3512 4284">
     <span class='ocr_line' id='line_1_99' title="bbox 1944 4213 3512 4284; baseline -0.002 -15"><span class='ocrx_word' id='word_1_711' title='bbox 1944 4230 2049 4284; x_wconf 85' lang='lat' dir='ltr'><strong>que</strong></span> <span class='ocrx_word' id='word_1_712' title='bbox 2090 4214 2513 4269; x_wconf 82' lang='lat' dir='ltr'><strong>consuetudines</strong></span> <span class='ocrx_word' id='word_1_713' title='bbox 2544 4213 2927 4268; x_wconf 75' lang='lat' dir='ltr'><strong>ecclesiasticte</strong></span> <span class='ocrx_word' id='word_1_714' title='bbox 2976 4214 3365 4266; x_wconf 85' lang='lat' dir='ltr'><strong>subvertuntur</strong></span> <span class='ocrx_word' id='word_1_715' title='bbox 3400 4232 3411 4264; x_wconf 94' lang='lat'>:</span> <span class='ocrx_word' id='word_1_716' title='bbox 3455 4223 3512 4266; x_wconf 90' lang='lat' dir='ltr'><strong>et</strong></span> 
     </span>
    </p>
   </div>
   <div class='ocr_carea' id='block_1_100' title="bbox 1946 4304 3511 4373">
    <p class='ocr_par' dir='ltr' id='par_1_100' title="bbox 1946 4304 3511 4373">
     <span class='ocr_line' id='line_1_100' title="bbox 1946 4304 3511 4373; baseline 0 -16"><span class='ocrx_word' id='word_1_717' title='bbox 1946 4315 2094 4359; x_wconf 82' lang='lat' dir='ltr'><strong>certe</strong></span> <span class='ocrx_word' id='word_1_718' title='bbox 2128 4320 2237 4358; x_wconf 92' lang='lat' dir='ltr'><strong>non</strong></span> <span class='ocrx_word' id='word_1_719' title='bbox 2272 4319 2417 4358; x_wconf 90' lang='lat' dir='ltr'><strong>nunc</strong></span> <span class='ocrx_word' id='word_1_720' title='bbox 2444 4305 2699 4373; x_wconf 89' lang='lat' dir='ltr'><strong>primum,</strong></span> <span class='ocrx_word' id='word_1_721' title='bbox 2733 4304 2829 4358; x_wconf 87' lang='lat' dir='ltr'><strong>sed</strong></span> <span class='ocrx_word' id='word_1_722' title='bbox 2856 4312 2907 4357; x_wconf 88' lang='lat' dir='ltr'><strong>et</strong></span> <span class='ocrx_word' id='word_1_723' title='bbox 2929 4304 3056 4357; x_wconf 87' lang='lat' dir='ltr'><strong>olim</strong></span> <span class='ocrx_word' id='word_1_724' title='bbox 3088 4320 3184 4373; x_wconf 87' lang='lat' dir='ltr'><strong>per</strong></span> <span class='ocrx_word' id='word_1_725' title='bbox 3217 4305 3511 4357; x_wconf 85' lang='lat' dir='ltr'><strong>monachos</strong></span> 
     </span>
    </p>
   </div>
   <div class='ocr_carea' id='block_1_101' title="bbox 1945 4394 3513 4465">
    <p class='ocr_par' dir='ltr' id='par_1_101' title="bbox 1945 4394 3513 4465">
     <span class='ocr_line' id='line_1_101' title="bbox 1945 4394 3513 4465; baseline 0.001 -16"><span class='ocrx_word' id='word_1_726' title='bbox 1945 4404 1998 4449; x_wconf 91' lang='lat' dir='ltr'><strong>et</strong></span> <span class='ocrx_word' id='word_1_727' title='bbox 2027 4398 2367 4465; x_wconf 80' lang='lat' dir='ltr'><strong>presbyteros</strong></span> <span class='ocrx_word' id='word_1_728' title='bbox 2397 4396 2521 4449; x_wconf 90' lang='lat' dir='ltr'><strong>inde</strong></span> <span class='ocrx_word' id='word_1_729' title='bbox 2557 4394 2830 4465; x_wconf 83' lang='lat' dir='ltr'><strong>profugos,</strong></span> <span class='ocrx_word' id='word_1_730' title='bbox 2850 4396 2962 4449; x_wconf 69' lang='lat' dir='ltr'><strong>haec</strong></span> <span class='ocrx_word' id='word_1_731' title='bbox 2990 4397 3056 4449; x_wconf 86' lang='lat' dir='ltr'><strong>ad</strong></span> <span class='ocrx_word' id='word_1_732' title='bbox 3078 4396 3317 4449; x_wconf 85' lang='lat' dir='ltr'><strong>omnium</strong></span> <span class='ocrx_word' id='word_1_733' title='bbox 3350 4411 3513 4450; x_wconf 86' lang='lat' dir='ltr'><strong>aures</strong></span> 
     </span>
    </p>
   </div>
   <div class='ocr_carea' id='block_1_102' title="bbox 1946 4486 3509 4557">
    <p class='ocr_par' dir='ltr' id='par_1_102' title="bbox 1946 4486 3509 4557">
     <span class='ocr_line' id='line_1_102' title="bbox 1946 4486 3509 4557; baseline 0.001 -18"><span class='ocrx_word' id='word_1_734' title='bbox 1946 4488 2312 4540; x_wconf 89' lang='lat' dir='ltr'><strong>dimanaruut.</strong></span> <span class='ocrx_word' id='word_1_735' title='bbox 2367 4486 2595 4540; x_wconf 87' lang='lat' dir='ltr'><strong>Basilius</strong></span> <span class='ocrx_word' id='word_1_736' title='bbox 2627 4495 2761 4548; x_wconf 89' lang='lat' dir='ltr'><strong>erat,</strong></span> <span class='ocrx_word' id='word_1_737' title='bbox 2794 4486 3056 4557; x_wconf 71' lang='lat' dir='ltr'><strong>Zosimas,</strong></span> <span class='ocrx_word' id='word_1_738' title='bbox 3100 4497 3155 4541; x_wconf 89' lang='lat' dir='ltr'><strong>et</strong></span> <span class='ocrx_word' id='word_1_739' title='bbox 3197 4487 3509 4557; x_wconf 71' lang='lat' dir='ltr'><strong>Metropha-</strong></span> 
     </span>
    </p>
   </div>
   <div class='ocr_carea' id='block_1_103' title="bbox 1949 4553 3507 4647">
    <p class='ocr_par' dir='ltr' id='par_1_103' title="bbox 1949 4553 3507 4647">
     <span class='ocr_line' id='line_1_103' title="bbox 1949 4553 3507 4647; baseline 0.001 -18"><span class='ocrx_word' id='word_1_740' title='bbox 1949 4593 2067 4638; x_wconf 87' lang='lat' dir='ltr'><strong>ues.</strong></span> <span class='ocrx_word' id='word_1_741' title='bbox 2102 4592 2310 4630; x_wconf 89' lang='lat' dir='ltr'><strong>necnon</strong></span> <span class='ocrx_word' id='word_1_742' title='bbox 2345 4578 2456 4641; x_wconf 93' lang='lat' dir='ltr'><strong>alii,</strong></span> <span class='ocrx_word' id='word_1_743' title='bbox 2495 4577 2584 4645; x_wconf 92' lang='lat' dir='ltr'><strong>qui</strong></span> <span class='ocrx_word' id='word_1_744' title='bbox 2616 4553 2954 4647; x_wconf 78' lang='lat' dir='ltr'><strong>tyrannidem</strong></span> <span class='ocrx_word' id='word_1_745' title='bbox 2990 4578 3213 4632; x_wconf 86' lang='lat' dir='ltr'><strong>istamce</strong></span> <span class='ocrx_word' id='word_1_746' title='bbox 3256 4578 3507 4647; x_wconf 90' lang='lat' dir='ltr'><strong>deplora-</strong></span> 
     </span>
    </p>
   </div>
   <div class='ocr_carea' id='block_1_104' title="bbox 1950 4670 3504 4739">
    <p class='ocr_par' dir='ltr' id='par_1_104' title="bbox 1950 4670 3504 4739">
     <span class='ocr_line' id='line_1_104' title="bbox 1950 4670 3504 4739; baseline 0 -15"><span class='ocrx_word' id='word_1_747' title='bbox 1950 4672 2098 4736; x_wconf 88' lang='lat' dir='ltr'><strong>bant,</strong></span> <span class='ocrx_word' id='word_1_748' title='bbox 2132 4671 2435 4739; x_wconf 91' lang='lat' dir='ltr'><strong>etquicum</strong></span> <span class='ocrx_word' id='word_1_749' title='bbox 2484 4670 2728 4739; x_wconf 89' lang='lat' dir='ltr'><strong>lacrymis</strong></span> <span class='ocrx_word' id='word_1_750' title='bbox 2776 4670 2843 4723; x_wconf 89' lang='lat' dir='ltr'><strong>ad</strong></span> <span class='ocrx_word' id='word_1_751' title='bbox 2878 4671 3171 4725; x_wconf 88' lang='lat' dir='ltr'><strong>Ecclesiam</strong></span> <span class='ocrx_word' id='word_1_752' title='bbox 3222 4674 3504 4726; x_wconf 87' lang='lat' dir='ltr'><strong>vindican-</strong></span> 
     </span>
    </p>
   </div>
   <div class='ocr_carea' id='block_1_105' title="bbox 1949 4762 3506 4829">
    <p class='ocr_par' dir='ltr' id='par_1_105' title="bbox 1949 4762 3506 4829">
     <span class='ocr_line' id='line_1_105' title="bbox 1949 4762 3506 4829; baseline -0.001 -13"><span class='ocrx_word' id='word_1_753' title='bbox 1949 4764 2069 4816; x_wconf 88' lang='lat' dir='ltr'><strong>dam</strong></span> <span class='ocrx_word' id='word_1_754' title='bbox 2096 4778 2194 4815; x_wconf 91' lang='lat' dir='ltr'><strong>nos</strong></span> <span class='ocrx_word' id='word_1_755' title='bbox 2219 4762 2543 4815; x_wconf 80' lang='lat' dir='ltr'><strong>excitabant.</strong></span> <span class='ocrx_word' id='word_1_756' title='bbox 2583 4763 2638 4813; x_wconf 92' lang='lat' dir='ltr'><strong>In</strong></span> <span class='ocrx_word' id='word_1_757' title='bbox 2672 4762 2924 4829; x_wconf 82' lang='lat' dir='ltr'><strong>praesenti</strong></span> <span class='ocrx_word' id='word_1_758' title='bbox 2950 4772 3149 4825; x_wconf 89' lang='lat' dir='ltr'><strong>autem,</strong></span> <span class='ocrx_word' id='word_1_759' title='bbox 3182 4763 3322 4829; x_wconf 88' lang='lat' dir='ltr'><strong>quod</strong></span> <span class='ocrx_word' id='word_1_760' title='bbox 3352 4763 3506 4815; x_wconf 90' lang='lat' dir='ltr'><strong>dice-</strong></span> 
     </span>
    </p>
   </div>
   <div class='ocr_carea' id='block_1_106' title="bbox 1948 4852 3499 4915">
    <p class='ocr_par' dir='ltr' id='par_1_106' title="bbox 1948 4852 3499 4915">
     <span class='ocr_line' id='line_1_106' title="bbox 1948 4852 3499 4915; baseline -0.001 -7"><span class='ocrx_word' id='word_1_761' title='bbox 1948 4855 2156 4915; x_wconf 88' lang='lat' dir='ltr'><strong>bamus,</strong></span> <span class='ocrx_word' id='word_1_762' title='bbox 2201 4854 2426 4907; x_wconf 76' lang='lat' dir='ltr'><strong>diversa:</strong></span> <span class='ocrx_word' id='word_1_763' title='bbox 2450 4854 2516 4905; x_wconf 89' lang='lat' dir='ltr'><strong>de</strong></span> <span class='ocrx_word' id='word_1_764' title='bbox 2544 4852 2771 4905; x_wconf 91' lang='lat' dir='ltr'><strong>diversis</strong></span> <span class='ocrx_word' id='word_1_765' title='bbox 2802 4852 2932 4905; x_wconf 88' lang='lat' dir='ltr'><strong>locis</strong></span> <span class='ocrx_word' id='word_1_766' title='bbox 2963 4852 3152 4905; x_wconf 66' lang='lat' dir='ltr'><strong>litteras</strong></span> <span class='ocrx_word' id='word_1_767' title='bbox 3190 4853 3403 4906; x_wconf 91' lang='lat' dir='ltr'><strong>abunde</strong></span> <span class='ocrx_word' id='word_1_768' title='bbox 3435 4854 3499 4906; x_wconf 89' lang='lat' dir='ltr'><strong>ad</strong></span> 
     </span>
    </p>
   </div>
   <div class='ocr_carea' id='block_1_107' title="bbox 1948 4941 3496 5013">
    <p class='ocr_par' dir='ltr' id='par_1_107' title="bbox 1948 4941 3496 5013">
     <span class='ocr_line' id='line_1_107' title="bbox 1948 4941 3496 5013; baseline -0.003 -14"><span class='ocrx_word' id='word_1_769' title='bbox 1948 4962 2047 4999; x_wconf 91' lang='lat' dir='ltr'><strong>nos</strong></span> <span class='ocrx_word' id='word_1_770' title='bbox 2079 4954 2361 5004; x_wconf 87' lang='lat' dir='ltr'><strong>venerunt,</strong></span> <span class='ocrx_word' id='word_1_771' title='bbox 2390 4944 2602 5013; x_wconf 85' lang='lat' dir='ltr'><strong>tragicis</strong></span> <span class='ocrx_word' id='word_1_772' title='bbox 2628 4943 2894 4996; x_wconf 80' lang='lat' dir='ltr'><strong>sexcentis</strong></span> <span class='ocrx_word' id='word_1_773' title='bbox 2918 4941 3072 4995; x_wconf 90' lang='lat' dir='ltr'><strong>lessis</strong></span> <span class='ocrx_word' id='word_1_774' title='bbox 3103 4943 3319 5010; x_wconf 72' lang='lat' dir='ltr'><strong>repleta:</strong></span> <span class='ocrx_word' id='word_1_775' title='bbox 3345 4954 3399 4997; x_wconf 90' lang='lat' dir='ltr'><strong>et</strong></span> <span class='ocrx_word' id='word_1_776' title='bbox 3421 4942 3496 4995; x_wconf 63' lang='lat' dir='ltr'><strong>lac</strong></span> 
     </span>
    </p>
   </div>
   <div class='ocr_carea' id='block_1_108' title="bbox 1952 5033 3497 5102">
    <p class='ocr_par' dir='ltr' id='par_1_108' title="bbox 1952 5033 3497 5102">
     <span class='ocr_line' id='line_1_108' title="bbox 1952 5033 3497 5102; baseline -0.001 -13"><span class='ocrx_word' id='word_1_777' title='bbox 1952 5036 2164 5089; x_wconf 91' lang='lat' dir='ltr'><strong>mentis.</strong></span> <span class='ocrx_word' id='word_1_778' title='bbox 2223 5034 2448 5087; x_wconf 83' lang='lat' dir='ltr'><strong>lstarum</strong></span> <span class='ocrx_word' id='word_1_779' title='bbox 2480 5047 2639 5102; x_wconf 91' lang='lat' dir='ltr'><strong>porro</strong></span> <span class='ocrx_word' id='word_1_780' title='bbox 2677 5034 2973 5087; x_wconf 88' lang='lat' dir='ltr'><strong>litterarum</strong></span> <span class='ocrx_word' id='word_1_781' title='bbox 3018 5033 3363 5100; x_wconf 84' lang='lat' dir='ltr'><strong>exemplaria,</strong></span> <span class='ocrx_word' id='word_1_782' title='bbox 3412 5048 3497 5087; x_wconf 87' lang='lat' dir='ltr'><strong>se-</strong></span> 
     </span>
    </p>
   </div>
   <div class='ocr_carea' id='block_1_109' title="bbox 1940 5124 3506 5195">
    <p class='ocr_par' dir='ltr' id='par_1_109' title="bbox 1940 5124 3506 5195">
     <span class='ocr_line' id='line_1_109' title="bbox 1940 5124 3506 5195; baseline -0.003 -13"><span class='ocrx_word' id='word_1_783' title='bbox 1940 5129 2173 5185; x_wconf 90' lang='lat' dir='ltr'><strong>cundum</strong></span> <span class='ocrx_word' id='word_1_784' title='bbox 2206 5128 2347 5195; x_wconf 93' lang='lat' dir='ltr'><strong>quod</strong></span> <span class='ocrx_word' id='word_1_785' title='bbox 2376 5126 2627 5179; x_wconf 86' lang='lat' dir='ltr'><strong>volebant</strong></span> <span class='ocrx_word' id='word_1_786' title='bbox 2656 5136 2712 5179; x_wconf 89' lang='lat' dir='ltr'><strong>et</strong></span> <span class='ocrx_word' id='word_1_787' title='bbox 2735 5126 2992 5195; x_wconf 86' lang='lat' dir='ltr'><strong>rogabant</strong></span> <span class='ocrx_word' id='word_1_788' title='bbox 3019 5124 3116 5192; x_wconf 89' lang='lat' dir='ltr'><strong>ipsi</strong></span> <span class='ocrx_word' id='word_1_789' title='bbox 3143 5125 3232 5192; x_wconf 93' lang='lat' dir='ltr'><strong>qui</strong></span> <span class='ocrx_word' id='word_1_790' title='bbox 3263 5139 3506 5179; x_wconf 81' lang='lat' dir='ltr'><strong>summo-</strong></span> 
     </span>
    </p>
   </div>
   <div class='ocr_carea' id='block_1_110' title="bbox 1940 5214 3502 5287">
    <p class='ocr_par' dir='ltr' id='par_1_110' title="bbox 1940 5214 3502 5287">
     <span class='ocr_line' id='line_1_110' title="bbox 1940 5214 3502 5287; baseline -0.004 -16"><span class='ocrx_word' id='word_1_791' title='bbox 1940 5234 2067 5287; x_wconf 84' lang='lat' dir='ltr'><strong>pere</strong></span> <span class='ocrx_word' id='word_1_792' title='bbox 2119 5216 2507 5270; x_wconf 88' lang='lat' dir='ltr'><strong>contenderant</strong></span> <span class='ocrx_word' id='word_1_793' title='bbox 2548 5224 2602 5268; x_wconf 90' lang='lat' dir='ltr'><strong>et</strong></span> <span class='ocrx_word' id='word_1_794' title='bbox 2636 5231 2735 5269; x_wconf 90' lang='lat' dir='ltr'><strong>nos</strong></span> <span class='ocrx_word' id='word_1_795' title='bbox 2763 5214 3075 5283; x_wconf 87' lang='lat' dir='ltr'><strong>adjurarant</strong></span> <span class='ocrx_word' id='word_1_796' title='bbox 3125 5214 3502 5277; x_wconf 85' lang='lat' dir='ltr'><strong>vehementer,</strong></span> 
     </span>
    </p>
   </div>
   <div class='ocr_carea' id='block_1_111' title="bbox 1942 5304 3501 5376">
    <p class='ocr_par' dir='ltr' id='par_1_111' title="bbox 1942 5304 3501 5376">
     <span class='ocr_line' id='line_1_111' title="bbox 1942 5304 3501 5376; baseline -0.004 -13"><span class='ocrx_word' id='word_1_797' title='bbox 1942 5321 1999 5363; x_wconf 89' lang='lat' dir='ltr'><strong>ut</strong></span> <span class='ocrx_word' id='word_1_798' title='bbox 2030 5310 2093 5362; x_wconf 84' lang='lat' dir='ltr'><strong>ad</strong></span> <span class='ocrx_word' id='word_1_799' title='bbox 2128 5323 2314 5362; x_wconf 80' lang='lat' dir='ltr'><strong>omnes</strong></span> <span class='ocrx_word' id='word_1_800' title='bbox 2347 5307 2544 5376; x_wconf 90' lang='lat' dir='ltr'><strong>ubique</strong></span> <span class='ocrx_word' id='word_1_801' title='bbox 2598 5307 2916 5376; x_wconf 85' lang='lat' dir='ltr'><strong>apostolicas</strong></span> <span class='ocrx_word' id='word_1_802' title='bbox 2963 5304 3117 5359; x_wconf 87' lang='lat' dir='ltr'><strong>sedes</strong></span> <span class='ocrx_word' id='word_1_803' title='bbox 3163 5304 3501 5357; x_wconf 87' lang='lat' dir='ltr'><strong>transmitte-</strong></span> 
     </span>
    </p>
   </div>
   <div class='ocr_carea' id='block_1_112' title="bbox 1942 5393 3506 5467">
    <p class='ocr_par' dir='ltr' id='par_1_112' title="bbox 1942 5393 3506 5467">
     <span class='ocr_line' id='line_1_112' title="bbox 1942 5393 3506 5467; baseline -0.004 -15"><span class='ocrx_word' id='word_1_804' title='bbox 1942 5410 2150 5461; x_wconf 86' lang='lat' dir='ltr'><strong>rentur,</strong></span> <span class='ocrx_word' id='word_1_805' title='bbox 2176 5399 2325 5451; x_wconf 90' lang='lat' dir='ltr'><strong>vobis</strong></span> <span class='ocrx_word' id='word_1_806' title='bbox 2383 5397 2603 5467; x_wconf 83' lang='lat' dir='ltr'><strong>legenda</strong></span> <span class='ocrx_word' id='word_1_807' title='bbox 2633 5395 2935 5457; x_wconf 69' lang='lat' dir='ltr'><strong>offerimus,</strong></span> <span class='ocrx_word' id='word_1_808' title='bbox 2957 5404 3011 5449; x_wconf 89' lang='lat' dir='ltr'><strong>et</strong></span> <span class='ocrx_word' id='word_1_809' title='bbox 3046 5394 3262 5463; x_wconf 90' lang='lat' dir='ltr'><strong>quidem</strong></span> <span class='ocrx_word' id='word_1_810' title='bbox 3306 5393 3506 5446; x_wconf 78' lang='lat' dir='ltr'><strong>litteris</strong></span> 
     </span>
    </p>
   </div>
   <div class='ocr_carea' id='block_1_113' title="bbox 1942 5485 3498 5559">
    <p class='ocr_par' dir='ltr' id='par_1_113' title="bbox 1942 5485 3498 5559">
     <span class='ocr_line' id='line_1_113' title="bbox 1942 5485 3498 5559; baseline -0.007 -13"><span class='ocrx_word' id='word_1_811' title='bbox 1942 5509 2040 5546; x_wconf 90' lang='lat' dir='ltr'><strong>nos</strong></span> <span class='ocrx_word' id='word_1_812' title='bbox 2079 5493 2161 5546; x_wconf 87' lang='lat' dir='ltr'><strong>his</strong></span> <span class='ocrx_word' id='word_1_813' title='bbox 2199 5490 2535 5556; x_wconf 88' lang='lat' dir='ltr'><strong>inclusimus,</strong></span> <span class='ocrx_word' id='word_1_814' title='bbox 2570 5490 2709 5559; x_wconf 87' lang='lat' dir='ltr'><strong>quod</strong></span> <span class='ocrx_word' id='word_1_815' title='bbox 2744 5498 2926 5544; x_wconf 84' lang='lat' dir='ltr'><strong>sancta</strong></span> <span class='ocrx_word' id='word_1_816' title='bbox 2950 5497 3002 5542; x_wconf 88' lang='lat' dir='ltr'><strong>et</strong></span> <span class='ocrx_word' id='word_1_817' title='bbox 3025 5485 3357 5541; x_wconf 70' lang='lat' dir='ltr'><strong>mcumeuica</strong></span> <span class='ocrx_word' id='word_1_818' title='bbox 3377 5499 3498 5553; x_wconf 67' lang='lat' dir='ltr'><strong>qua:</strong></span> 
     </span>
    </p>
   </div>
   <div class='ocr_carea' id='block_1_114' title="bbox 1549 5742 2228 5799">
    <p class='ocr_par' dir='ltr' id='par_1_114' title="bbox 1549 5742 2228 5799">
     <span class='ocr_line' id='line_1_114' title="bbox 1549 5742 2228 5799; baseline -0.003 -2"><span class='ocrx_word' id='word_1_819' title='bbox 1549 5744 1776 5799; x_wconf 70' lang='grc' dir='ltr'><strong>νΑῆΙῶ</strong></span> <span class='ocrx_word' id='word_1_820' title='bbox 1832 5742 2228 5799; x_wconf 78' lang='lat' dir='ltr'><strong>LECTIONES.</strong></span> 
     </span>
    </p>
   </div>
   <div class='ocr_carea' id='block_1_115' title="bbox 363 5852 972 5921">
    <p class='ocr_par' dir='ltr' id='par_1_115' title="bbox 363 5852 972 5921">
     <span class='ocr_line' id='line_1_115' title="bbox 363 5852 972 5921; baseline 0.008 -18"><span class='ocrx_word' id='word_1_821' title='bbox 363 5858 391 5896; x_wconf 62' lang='grc' dir='ltr'><strong>θ’</strong></span> <span class='ocrx_word' id='word_1_822' title='bbox 425 5867 511 5916; x_wconf 66' lang='grc' dir='ltr'><strong>πρ.</strong></span> <span class='ocrx_word' id='word_1_823' title='bbox 549 5852 754 5921; x_wconf 60' lang='grc' dir='ltr'>ἁναπες</span> <span class='ocrx_word' id='word_1_824' title='bbox 768 5853 972 5909; x_wconf 81' lang='grc' dir='ltr'>ύτεκεν.</span> 
     </span>
    </p>
   </div>
  </div>
