  <div class='ocr_page' id='page_1' title='image "/cluster/home/n/w/nwhite01/storage/ocr_20150623/102/nnc1.0046979620/379.png"; bbox 0 0 4248 6444; ppageno 0'>
   <div class='ocr_carea' id='block_1_1' title="bbox 689 443 796 510">
    <p class='ocr_par' dir='ltr' id='par_1_1' title="bbox 689 443 796 510">
     <span class='ocr_line' id='line_1_1' title="bbox 689 443 796 510; baseline -0.047 0"><span class='ocrx_word' id='word_1_1' title='bbox 689 443 796 510; x_wconf 81' lang='lat'><strong>739</strong></span> 
     </span>
    </p>
   </div>
   <div class='ocr_carea' id='block_1_2' title="bbox 683 536 2329 612">
    <p class='ocr_par' dir='ltr' id='par_1_2' title="bbox 683 536 2329 612">
     <span class='ocr_line' id='line_1_2' title="bbox 683 536 2329 612; baseline -0.018 -1"><span class='ocrx_word' id='word_1_2' title='bbox 683 562 1020 612; x_wconf 72' lang='lat' dir='ltr'><strong>conventura</strong></span> <span class='ocrx_word' id='word_1_3' title='bbox 1041 557 1126 605; x_wconf 89' lang='lat' dir='ltr'><strong>est</strong></span> <span class='ocrx_word' id='word_1_4' title='bbox 1171 547 1228 601; x_wconf 92' lang='lat' dir='ltr'><strong>in</strong></span> <span class='ocrx_word' id='word_1_5' title='bbox 1261 542 1492 599; x_wconf 88' lang='lat' dir='ltr'><strong>Domino</strong></span> <span class='ocrx_word' id='word_1_6' title='bbox 1533 536 1792 610; x_wconf 85' lang='lat' dir='ltr'><strong>synodus,</strong></span> <span class='ocrx_word' id='word_1_7' title='bbox 1823 543 1983 604; x_wconf 90' lang='lat' dir='ltr'><strong>prout</strong></span> <span class='ocrx_word' id='word_1_8' title='bbox 2015 547 2140 586; x_wconf 88' lang='lat' dir='ltr'><strong>cum</strong></span> <span class='ocrx_word' id='word_1_9' title='bbox 2171 546 2262 584; x_wconf 88' lang='lat' dir='ltr'><strong>ca-</strong></span> <span class='ocrx_word' id='word_1_10' title='bbox 2291 541 2329 592; x_wconf 77' lang='grc' dir='ltr'><strong>Α</strong></span> 
     </span>
    </p>
   </div>
   <div class='ocr_carea' id='block_1_3' title="bbox 690 621 2260 711">
    <p class='ocr_par' dir='ltr' id='par_1_3' title="bbox 690 621 2260 711">
     <span class='ocr_line' id='line_1_3' title="bbox 690 621 2260 711; baseline -0.02 -7"><span class='ocrx_word' id='word_1_11' title='bbox 690 650 928 704; x_wconf 88' lang='lat' dir='ltr'><strong>nonibus</strong></span> <span class='ocrx_word' id='word_1_12' title='bbox 977 655 1279 711; x_wconf 81' lang='lat' dir='ltr'><strong>congruere</strong></span> <span class='ocrx_word' id='word_1_13' title='bbox 1316 637 1664 691; x_wconf 84' lang='lat' dir='ltr'><strong>videbuntur,</strong></span> <span class='ocrx_word' id='word_1_14' title='bbox 1699 645 1797 684; x_wconf 92' lang='lat' dir='ltr'><strong>suo</strong></span> <span class='ocrx_word' id='word_1_15' title='bbox 1827 624 2097 680; x_wconf 83' lang='lat' dir='ltr'><strong>comnnmi</strong></span> <span class='ocrx_word' id='word_1_16' title='bbox 2147 621 2260 674; x_wconf 78' lang='lat' dir='ltr'><strong>suf-</strong></span> 
     </span>
    </p>
   </div>
   <div class='ocr_carea' id='block_1_4' title="bbox 689 714 2262 812">
    <p class='ocr_par' dir='ltr' id='par_1_4' title="bbox 689 714 2262 812">
     <span class='ocr_line' id='line_1_4' title="bbox 689 714 2262 812; baseline -0.021 -14"><span class='ocrx_word' id='word_1_17' title='bbox 689 743 857 812; x_wconf 75' lang='lat' dir='ltr'><strong>fragio</strong></span> <span class='ocrx_word' id='word_1_18' title='bbox 887 740 1193 796; x_wconf 83' lang='lat' dir='ltr'><strong>continuet,</strong></span> <span class='ocrx_word' id='word_1_19' title='bbox 1213 742 1272 786; x_wconf 91' lang='lat' dir='ltr'><strong>ut</strong></span> <span class='ocrx_word' id='word_1_20' title='bbox 1303 732 1380 785; x_wconf 90' lang='lat' dir='ltr'><strong>sic</strong></span> <span class='ocrx_word' id='word_1_21' title='bbox 1407 743 1537 799; x_wconf 89' lang='lat' dir='ltr'><strong>pace</strong></span> <span class='ocrx_word' id='word_1_22' title='bbox 1559 725 1741 794; x_wconf 80' lang='lat' dir='ltr'><strong>jugiet</strong></span> <span class='ocrx_word' id='word_1_23' title='bbox 1770 719 2033 791; x_wconf 86' lang='lat' dir='ltr'><strong>profunda</strong></span> <span class='ocrx_word' id='word_1_24' title='bbox 2061 714 2262 769; x_wconf 89' lang='lat' dir='ltr'><strong>Christi</strong></span> 
     </span>
    </p>
   </div>
   <div class='ocr_carea' id='block_1_5' title="bbox 691 816 1766 898">
    <p class='ocr_par' dir='ltr' id='par_1_5' title="bbox 691 816 1766 898">
     <span class='ocr_line' id='line_1_5' title="bbox 691 816 1766 898; baseline -0.024 -8"><span class='ocrx_word' id='word_1_25' title='bbox 691 833 932 890; x_wconf 80' lang='lat' dir='ltr'><strong>ECclesia</strong></span> <span class='ocrx_word' id='word_1_26' title='bbox 966 838 1396 898; x_wconf 78' lang='lat' dir='ltr'><strong>quaquaversum</strong></span> <span class='ocrx_word' id='word_1_27' title='bbox 1443 816 1766 888; x_wconf 87' lang='lat' dir='ltr'><strong>perfruatur.</strong></span> 
     </span>
    </p>
   </div>
   <div class='ocr_carea' id='block_1_6' title="bbox 761 898 2266 992">
    <p class='ocr_par' dir='ltr' id='par_1_6' title="bbox 761 898 2266 992">
     <span class='ocr_line' id='line_1_6' title="bbox 761 898 2266 992; baseline -0.023 -9"><span class='ocrx_word' id='word_1_28' title='bbox 761 931 852 983; x_wconf 79' lang='grc'><strong>58.</strong></span> <span class='ocrx_word' id='word_1_29' title='bbox 896 927 1078 992; x_wconf 66' lang='lat' dir='ltr'><strong>hcque</strong></span> <span class='ocrx_word' id='word_1_30' title='bbox 1139 935 1272 975; x_wconf 84' lang='lat' dir='ltr'><strong>sane</strong></span> <span class='ocrx_word' id='word_1_31' title='bbox 1316 924 1548 969; x_wconf 88' lang='lat' dir='ltr'><strong>vestram</strong></span> <span class='ocrx_word' id='word_1_32' title='bbox 1591 904 1929 963; x_wconf 90' lang='lat' dir='ltr'><strong>solummodo</strong></span> <span class='ocrx_word' id='word_1_33' title='bbox 1975 898 2266 956; x_wconf 86' lang='lat' dir='ltr'><strong>beatitudi-</strong></span> 
     </span>
    </p>
   </div>
   <div class='ocr_carea' id='block_1_7' title="bbox 695 997 2271 1075">
    <p class='ocr_par' dir='ltr' id='par_1_7' title="bbox 695 997 2271 1075">
     <span class='ocr_line' id='line_1_7' title="bbox 695 997 2271 1075; baseline -0.021 0"><span class='ocrx_word' id='word_1_34' title='bbox 695 1038 821 1075; x_wconf 96' lang='lat' dir='ltr'><strong>nem</strong></span> <span class='ocrx_word' id='word_1_35' title='bbox 877 1019 981 1071; x_wconf 87' lang='lat' dir='ltr'><strong>huc</strong></span> <span class='ocrx_word' id='word_1_36' title='bbox 1024 1023 1408 1068; x_wconf 84' lang='lat' dir='ltr'><strong>convocamus,</strong></span> <span class='ocrx_word' id='word_1_37' title='bbox 1456 1004 1552 1058; x_wconf 84' lang='lat' dir='ltr'><strong>sed</strong></span> <span class='ocrx_word' id='word_1_38' title='bbox 1595 1001 1920 1067; x_wconf 89' lang='lat' dir='ltr'><strong>reliquarum</strong></span> <span class='ocrx_word' id='word_1_39' title='bbox 1966 1009 2086 1064; x_wconf 70' lang='lat' dir='ltr'><strong>qua:</strong></span> <span class='ocrx_word' id='word_1_40' title='bbox 2144 997 2271 1044; x_wconf 90' lang='lat' dir='ltr'><strong>sunt</strong></span> 
     </span>
    </p>
   </div>
   <div class='ocr_carea' id='block_1_8' title="bbox 698 1083 2272 1178">
    <p class='ocr_par' dir='ltr' id='par_1_8' title="bbox 698 1083 2272 1178">
     <span class='ocr_line' id='line_1_8' title="bbox 698 1083 2272 1178; baseline -0.021 -11"><span class='ocrx_word' id='word_1_41' title='bbox 698 1107 1242 1178; x_wconf 85' lang='lat' dir='ltr'><strong>archiepiscopalium</strong></span> <span class='ocrx_word' id='word_1_42' title='bbox 1290 1111 1347 1153; x_wconf 90' lang='lat' dir='ltr'><strong>et</strong></span> <span class='ocrx_word' id='word_1_43' title='bbox 1409 1096 1827 1166; x_wconf 87' lang='lat' dir='ltr'><strong>apostolicarum</strong></span> <span class='ocrx_word' id='word_1_44' title='bbox 1874 1090 2083 1144; x_wconf 91' lang='lat' dir='ltr'><strong>sedium</strong></span> <span class='ocrx_word' id='word_1_45' title='bbox 2131 1083 2272 1137; x_wconf 85' lang='lat' dir='ltr'><strong>anti-</strong></span> 
     </span>
    </p>
   </div>
   <div class='ocr_carea' id='block_1_9' title="bbox 700 1175 2272 1267">
    <p class='ocr_par' dir='ltr' id='par_1_9' title="bbox 700 1175 2272 1267">
     <span class='ocr_line' id='line_1_9' title="bbox 700 1175 2272 1267; baseline -0.02 -7"><span class='ocrx_word' id='word_1_46' title='bbox 700 1207 874 1266; x_wconf 84' lang='lat' dir='ltr'><strong>stites,</strong></span> <span class='ocrx_word' id='word_1_47' title='bbox 913 1202 996 1253; x_wconf 74' lang='lat' dir='ltr'><strong>vel</strong></span> <span class='ocrx_word' id='word_1_48' title='bbox 1025 1201 1131 1267; x_wconf 75' lang='lat' dir='ltr'><strong>jam</strong></span> <span class='ocrx_word' id='word_1_49' title='bbox 1157 1195 1518 1253; x_wconf 86' lang='lat' dir='ltr'><strong>advenerunt,</strong></span> <span class='ocrx_word' id='word_1_50' title='bbox 1548 1187 1630 1240; x_wconf 82' lang='lat' dir='ltr'><strong>vel</strong></span> <span class='ocrx_word' id='word_1_51' title='bbox 1654 1183 1965 1255; x_wconf 84' lang='lat' dir='ltr'><strong>prOpediem</strong></span> <span class='ocrx_word' id='word_1_52' title='bbox 1993 1175 2272 1234; x_wconf 78' lang='lat' dir='ltr'><strong>adventuri</strong></span> 
     </span>
    </p>
   </div>
   <div class='ocr_carea' id='block_1_10' title="bbox 701 1305 1112 1366">
    <p class='ocr_par' dir='ltr' id='par_1_10' title="bbox 701 1305 1112 1366">
     <span class='ocr_line' id='line_1_10' title="bbox 701 1305 1112 1366; baseline -0.029 -12"><span class='ocrx_word' id='word_1_53' title='bbox 701 1305 1112 1366; x_wconf 72' lang='lat' dir='ltr'><strong>exspectantur.</strong></span> 
     </span>
    </p>
   </div>
   <div class='ocr_carea' id='block_1_11' title="bbox 775 1361 2274 1447">
    <p class='ocr_par' dir='ltr' id='par_1_11' title="bbox 775 1361 2274 1447">
     <span class='ocr_line' id='line_1_11' title="bbox 775 1361 2274 1447; baseline -0.021 -3"><span class='ocrx_word' id='word_1_54' title='bbox 775 1361 862 1444; x_wconf 62' lang='grc' dir='ltr'>ὅθ.</span> <span class='ocrx_word' id='word_1_55' title='bbox 905 1388 982 1440; x_wconf 74' lang='lat' dir='ltr'><strong>Ne</strong></span> <span class='ocrx_word' id='word_1_56' title='bbox 1005 1383 1310 1439; x_wconf 85' lang='lat' dir='ltr'><strong>committat</strong></span> <span class='ocrx_word' id='word_1_57' title='bbox 1342 1378 1506 1447; x_wconf 83' lang='lat' dir='ltr'><strong>igitur</strong></span> <span class='ocrx_word' id='word_1_58' title='bbox 1536 1371 1848 1427; x_wconf 75' lang='lat' dir='ltr'><strong>fraternitas</strong></span> <span class='ocrx_word' id='word_1_59' title='bbox 1876 1377 2052 1420; x_wconf 85' lang='lat' dir='ltr'><strong>vestra</strong></span> <span class='ocrx_word' id='word_1_60' title='bbox 2087 1365 2138 1416; x_wconf 90' lang='lat' dir='ltr'><strong>in</strong></span> <span class='ocrx_word' id='word_1_61' title='bbox 2170 1361 2274 1414; x_wconf 78' lang='lat' dir='ltr'><strong>Do-</strong></span> 
     </span>
    </p>
   </div>
   <div class='ocr_carea' id='block_1_12' title="bbox 709 1463 2277 1548">
    <p class='ocr_par' dir='ltr' id='par_1_12' title="bbox 709 1463 2277 1548">
     <span class='ocr_line' id='line_1_12' title="bbox 709 1463 2277 1548; baseline -0.02 -12"><span class='ocrx_word' id='word_1_62' title='bbox 709 1484 856 1536; x_wconf 89' lang='lat' dir='ltr'><strong>mino</strong></span> <span class='ocrx_word' id='word_1_63' title='bbox 893 1495 1019 1548; x_wconf 75' lang='lat' dir='ltr'><strong>quae</strong></span> <span class='ocrx_word' id='word_1_64' title='bbox 1060 1486 1160 1536; x_wconf 87' lang='lat' dir='ltr'><strong>est,</strong></span> <span class='ocrx_word' id='word_1_65' title='bbox 1224 1487 1319 1542; x_wconf 91' lang='lat' dir='ltr'><strong>per</strong></span> <span class='ocrx_word' id='word_1_66' title='bbox 1375 1470 1607 1537; x_wconf 81' lang='lat' dir='ltr'><strong>aliquam</strong></span> <span class='ocrx_word' id='word_1_67' title='bbox 1637 1463 1975 1523; x_wconf 85' lang='lat' dir='ltr'><strong>dilationem,</strong></span> <span class='ocrx_word' id='word_1_68' title='bbox 2006 1465 2099 1510; x_wconf 86' lang='lat' dir='ltr'><strong>aut</strong></span> <span class='ocrx_word' id='word_1_69' title='bbox 2153 1469 2277 1524; x_wconf 87' lang='lat' dir='ltr'><strong>pro-</strong></span> 
     </span>
    </p>
   </div>
   <div class='ocr_carea' id='block_1_13' title="bbox 708 1553 2282 1632">
    <p class='ocr_par' dir='ltr' id='par_1_13' title="bbox 708 1553 2282 1632">
     <span class='ocr_line' id='line_1_13' title="bbox 708 1553 2282 1632; baseline -0.02 -4"><span class='ocrx_word' id='word_1_70' title='bbox 708 1571 1155 1628; x_wconf 84' lang='lat' dir='ltr'><strong>crastinationem</strong></span> <span class='ocrx_word' id='word_1_71' title='bbox 1196 1563 1476 1632; x_wconf 89' lang='lat' dir='ltr'><strong>temporis,</strong></span> <span class='ocrx_word' id='word_1_72' title='bbox 1535 1565 1592 1609; x_wconf 93' lang='lat' dir='ltr'><strong>ut</strong></span> <span class='ocrx_word' id='word_1_73' title='bbox 1620 1555 1826 1608; x_wconf 86' lang='lat' dir='ltr'><strong>diutius</strong></span> <span class='ocrx_word' id='word_1_74' title='bbox 1860 1565 2022 1620; x_wconf 86' lang='lat' dir='ltr'><strong>quam</strong></span> <span class='ocrx_word' id='word_1_75' title='bbox 2054 1563 2147 1617; x_wconf 91' lang='lat' dir='ltr'><strong>par</strong></span> <span class='ocrx_word' id='word_1_76' title='bbox 2199 1553 2282 1598; x_wconf 89' lang='lat' dir='ltr'><strong>est</strong></span> 
     </span>
    </p>
   </div>
   <div class='ocr_carea' id='block_1_14' title="bbox 713 1643 2283 1725">
    <p class='ocr_par' dir='ltr' id='par_1_14' title="bbox 713 1643 2283 1725">
     <span class='ocr_line' id='line_1_14' title="bbox 713 1643 2283 1725; baseline -0.02 -3"><span class='ocrx_word' id='word_1_77' title='bbox 713 1671 908 1722; x_wconf 78' lang='lat' dir='ltr'><strong>fratres</strong></span> <span class='ocrx_word' id='word_1_78' title='bbox 967 1680 1062 1717; x_wconf 86' lang='lat' dir='ltr'><strong>vos</strong></span> <span class='ocrx_word' id='word_1_79' title='bbox 1099 1661 1185 1712; x_wconf 92' lang='lat' dir='ltr'><strong>hic</strong></span> <span class='ocrx_word' id='word_1_80' title='bbox 1229 1662 1588 1725; x_wconf 80' lang='lat' dir='ltr'><strong>exspectent:</strong></span> <span class='ocrx_word' id='word_1_81' title='bbox 1629 1647 1842 1703; x_wconf 91' lang='lat' dir='ltr'><strong>noverit</strong></span> <span class='ocrx_word' id='word_1_82' title='bbox 1869 1645 2037 1714; x_wconf 82' lang='lat' dir='ltr'><strong>quod,</strong></span> <span class='ocrx_word' id='word_1_83' title='bbox 2090 1643 2136 1696; x_wconf 90' lang='lat' dir='ltr'><strong>si</strong></span> <span class='ocrx_word' id='word_1_84' title='bbox 2187 1656 2283 1708; x_wconf 89' lang='lat' dir='ltr'><strong>per</strong></span> 
     </span>
    </p>
   </div>
   <div class='ocr_carea' id='block_1_15' title="bbox 715 1733 2282 1819">
    <p class='ocr_par' dir='ltr' id='par_1_15' title="bbox 715 1733 2282 1819">
     <span class='ocr_line' id='line_1_15' title="bbox 715 1733 2282 1819; baseline -0.018 -8"><span class='ocrx_word' id='word_1_85' title='bbox 715 1768 953 1811; x_wconf 76' lang='lat' dir='ltr'><strong>vestrum</strong></span> <span class='ocrx_word' id='word_1_86' title='bbox 983 1751 1266 1819; x_wconf 86' lang='lat' dir='ltr'><strong>aliqualem</strong></span> <span class='ocrx_word' id='word_1_87' title='bbox 1292 1747 1564 1800; x_wconf 88' lang='lat' dir='ltr'><strong>defectum</strong></span> <span class='ocrx_word' id='word_1_88' title='bbox 1593 1757 1680 1794; x_wconf 89' lang='lat' dir='ltr'><strong>res</strong></span> <span class='ocrx_word' id='word_1_89' title='bbox 1713 1755 1811 1792; x_wconf 90' lang='lat' dir='ltr'><strong>suo</strong></span> <span class='ocrx_word' id='word_1_90' title='bbox 1833 1737 2024 1790; x_wconf 84' lang='lat' dir='ltr'><strong>ordine</strong></span> <span class='ocrx_word' id='word_1_91' title='bbox 2052 1733 2153 1786; x_wconf 88' lang='lat' dir='ltr'><strong>rite</strong></span> <span class='ocrx_word' id='word_1_92' title='bbox 2176 1747 2282 1784; x_wconf 92' lang='lat' dir='ltr'><strong>non</strong></span> 
     </span>
    </p>
   </div>
   <div class='ocr_carea' id='block_1_16' title="bbox 719 1827 2286 1918">
    <p class='ocr_par' dir='ltr' id='par_1_16' title="bbox 719 1827 2286 1918">
     <span class='ocr_line' id='line_1_16' title="bbox 719 1827 2286 1918; baseline -0.017 -17"><span class='ocrx_word' id='word_1_93' title='bbox 719 1855 1060 1918; x_wconf 61' lang='lat' dir='ltr'><strong>peraguntur,</strong></span> <span class='ocrx_word' id='word_1_94' title='bbox 1092 1857 1198 1894; x_wconf 90' lang='lat' dir='ltr'><strong>non</strong></span> <span class='ocrx_word' id='word_1_95' title='bbox 1232 1842 1283 1891; x_wconf 91' lang='lat' dir='ltr'><strong>in</strong></span> <span class='ocrx_word' id='word_1_96' title='bbox 1305 1839 1488 1896; x_wconf 90' lang='lat' dir='ltr'><strong>alium,</strong></span> <span class='ocrx_word' id='word_1_97' title='bbox 1531 1833 1626 1887; x_wconf 84' lang='lat' dir='ltr'><strong>sed</strong></span> <span class='ocrx_word' id='word_1_98' title='bbox 1669 1833 1724 1885; x_wconf 89' lang='lat' dir='ltr'><strong>in</strong></span> <span class='ocrx_word' id='word_1_99' title='bbox 1755 1831 1930 1900; x_wconf 89' lang='lat' dir='ltr'><strong>ipsum</strong></span> <span class='ocrx_word' id='word_1_100' title='bbox 1965 1827 2286 1894; x_wconf 87' lang='lat' dir='ltr'><strong>delinquen-</strong></span> 
     </span>
    </p>
   </div>
   <div class='ocr_carea' id='block_1_17' title="bbox 721 1929 1564 1996">
    <p class='ocr_par' dir='ltr' id='par_1_17' title="bbox 721 1929 1564 1996">
     <span class='ocr_line' id='line_1_17' title="bbox 721 1929 1564 1996; baseline -0.019 -2"><span class='ocrx_word' id='word_1_101' title='bbox 721 1954 827 1995; x_wconf 90' lang='lat' dir='ltr'><strong>tem</strong></span> <span class='ocrx_word' id='word_1_102' title='bbox 863 1941 1062 1992; x_wconf 81' lang='lat' dir='ltr'><strong>recidet</strong></span> <span class='ocrx_word' id='word_1_103' title='bbox 1086 1942 1363 1987; x_wconf 86' lang='lat' dir='ltr'><strong>contracta</strong></span> <span class='ocrx_word' id='word_1_104' title='bbox 1387 1929 1564 1996; x_wconf 88' lang='lat' dir='ltr'><strong>culpa.</strong></span> 
     </span>
    </p>
   </div>
   <div class='ocr_carea' id='block_1_18' title="bbox 793 2012 2294 2089">
    <p class='ocr_par' dir='ltr' id='par_1_18' title="bbox 793 2012 2294 2089">
     <span class='ocr_line' id='line_1_18' title="bbox 793 2012 2294 2089; baseline -0.015 -4"><span class='ocrx_word' id='word_1_105' title='bbox 793 2032 880 2085; x_wconf 68' lang='lat'><strong>40.</strong></span> <span class='ocrx_word' id='word_1_106' title='bbox 923 2029 1025 2082; x_wconf 85' lang='lat' dir='ltr'><strong>Sed</strong></span> <span class='ocrx_word' id='word_1_107' title='bbox 1050 2037 1105 2078; x_wconf 89' lang='lat' dir='ltr'><strong>et</strong></span> <span class='ocrx_word' id='word_1_108' title='bbox 1140 2023 1268 2076; x_wconf 89' lang='lat' dir='ltr'><strong>illud</strong></span> <span class='ocrx_word' id='word_1_109' title='bbox 1294 2022 1516 2089; x_wconf 89' lang='lat' dir='ltr'><strong>insuper</strong></span> <span class='ocrx_word' id='word_1_110' title='bbox 1541 2017 1691 2070; x_wconf 91' lang='lat' dir='ltr'><strong>libris</strong></span> <span class='ocrx_word' id='word_1_111' title='bbox 1711 2013 1911 2068; x_wconf 90' lang='lat' dir='ltr'><strong>nostris</strong></span> <span class='ocrx_word' id='word_1_112' title='bbox 1933 2012 2185 2066; x_wconf 80' lang='lat' dir='ltr'><strong>duximus</strong></span> <span class='ocrx_word' id='word_1_113' title='bbox 2210 2012 2294 2064; x_wconf 92' lang='lat' dir='ltr'><strong>in-</strong></span> 
     </span>
    </p>
   </div>
   <div class='ocr_carea' id='block_1_19' title="bbox 723 2103 2294 2182">
    <p class='ocr_par' dir='ltr' id='par_1_19' title="bbox 723 2103 2294 2182">
     <span class='ocr_line' id='line_1_19' title="bbox 723 2103 2294 2182; baseline -0.015 -5"><span class='ocrx_word' id='word_1_114' title='bbox 723 2123 1025 2182; x_wconf 67' lang='lat' dir='ltr'><strong>ferendum,</strong></span> <span class='ocrx_word' id='word_1_115' title='bbox 1060 2129 1118 2171; x_wconf 94' lang='lat' dir='ltr'><strong>ut</strong></span> <span class='ocrx_word' id='word_1_116' title='bbox 1140 2116 1396 2169; x_wconf 86' lang='lat' dir='ltr'><strong>nimirum</strong></span> <span class='ocrx_word' id='word_1_117' title='bbox 1427 2120 1669 2165; x_wconf 78' lang='lat' dir='ltr'><strong>sanctam</strong></span> <span class='ocrx_word' id='word_1_118' title='bbox 1705 2116 1760 2161; x_wconf 94' lang='lat' dir='ltr'><strong>et</strong></span> <span class='ocrx_word' id='word_1_119' title='bbox 1797 2103 2154 2158; x_wconf 81' lang='lat' dir='ltr'><strong>universalem</strong></span> <span class='ocrx_word' id='word_1_120' title='bbox 2204 2119 2294 2156; x_wconf 74' lang='lat' dir='ltr'><strong>se-</strong></span> 
     </span>
    </p>
   </div>
   <div class='ocr_carea' id='block_1_20' title="bbox 736 2195 2297 2284">
    <p class='ocr_par' dir='ltr' id='par_1_20' title="bbox 736 2195 2297 2284">
     <span class='ocr_line' id='line_1_20' title="bbox 736 2195 2297 2284; baseline -0.012 -17"><span class='ocrx_word' id='word_1_121' title='bbox 736 2216 961 2284; x_wconf 86' lang='lat' dir='ltr'><strong>ptimam</strong></span> <span class='ocrx_word' id='word_1_122' title='bbox 1006 2209 1268 2279; x_wconf 72' lang='lat' dir='ltr'><strong>synodum</strong></span> <span class='ocrx_word' id='word_1_123' title='bbox 1304 2205 1357 2257; x_wconf 90' lang='lat' dir='ltr'><strong>in</strong></span> <span class='ocrx_word' id='word_1_124' title='bbox 1397 2202 1648 2256; x_wconf 87' lang='lat' dir='ltr'><strong>eumdem</strong></span> <span class='ocrx_word' id='word_1_125' title='bbox 1679 2213 1965 2252; x_wconf 86' lang='lat' dir='ltr'><strong>numerum</strong></span> <span class='ocrx_word' id='word_1_126' title='bbox 2005 2195 2182 2249; x_wconf 83' lang='lat' dir='ltr'><strong>velitis</strong></span> <span class='ocrx_word' id='word_1_127' title='bbox 2241 2203 2297 2248; x_wconf 89' lang='lat' dir='ltr'><strong>et</strong></span> 
     </span>
    </p>
   </div>
   <div class='ocr_carea' id='block_1_21' title="bbox 729 2289 2300 2360">
    <p class='ocr_par' dir='ltr' id='par_1_21' title="bbox 729 2289 2300 2360">
     <span class='ocr_line' id='line_1_21' title="bbox 729 2289 2300 2360; baseline -0.01 -2"><span class='ocrx_word' id='word_1_128' title='bbox 729 2307 974 2360; x_wconf 85' lang='lat' dir='ltr'><strong>ordinem</strong></span> <span class='ocrx_word' id='word_1_129' title='bbox 1039 2301 1247 2354; x_wconf 88' lang='lat' dir='ltr'><strong>referre</strong></span> <span class='ocrx_word' id='word_1_130' title='bbox 1296 2313 1419 2350; x_wconf 88' lang='lat' dir='ltr'><strong>cum</strong></span> <span class='ocrx_word' id='word_1_131' title='bbox 1470 2310 1565 2348; x_wconf 81' lang='lat' dir='ltr'><strong>sex</strong></span> <span class='ocrx_word' id='word_1_132' title='bbox 1593 2291 1798 2346; x_wconf 89' lang='lat' dir='ltr'><strong>sanctis</strong></span> <span class='ocrx_word' id='word_1_133' title='bbox 1839 2300 1896 2344; x_wconf 91' lang='lat' dir='ltr'><strong>et</strong></span> <span class='ocrx_word' id='word_1_134' title='bbox 1945 2289 2300 2343; x_wconf 72' lang='lat' dir='ltr'><strong>(ncumenicis</strong></span> 
     </span>
    </p>
   </div>
   <div class='ocr_carea' id='block_1_22' title="bbox 731 2382 2299 2462">
    <p class='ocr_par' dir='ltr' id='par_1_22' title="bbox 731 2382 2299 2462">
     <span class='ocr_line' id='line_1_22' title="bbox 731 2382 2299 2462; baseline -0.013 -9"><span class='ocrx_word' id='word_1_135' title='bbox 731 2397 994 2454; x_wconf 84' lang='lat' dir='ltr'><strong>concil:is.</strong></span> <span class='ocrx_word' id='word_1_136' title='bbox 1053 2409 1147 2462; x_wconf 86' lang='lat' dir='ltr'><strong>per</strong></span> <span class='ocrx_word' id='word_1_137' title='bbox 1182 2391 1463 2444; x_wconf 80' lang='lat' dir='ltr'><strong>universas</strong></span> <span class='ocrx_word' id='word_1_138' title='bbox 1497 2396 1686 2438; x_wconf 78' lang='lat' dir='ltr'><strong>vestra:</strong></span> <span class='ocrx_word' id='word_1_139' title='bbox 1722 2383 1944 2437; x_wconf 88' lang='lat' dir='ltr'><strong>ditionis</strong></span> <span class='ocrx_word' id='word_1_140' title='bbox 1993 2382 2299 2445; x_wconf 79' lang='lat' dir='ltr'><strong>Ecclesias;</strong></span> 
     </span>
    </p>
   </div>
   <div class='ocr_carea' id='block_1_23' title="bbox 733 2479 2305 2550">
    <p class='ocr_par' dir='ltr' id='par_1_23' title="bbox 733 2479 2305 2550">
     <span class='ocr_line' id='line_1_23' title="bbox 733 2479 2305 2550; baseline -0.012 -3"><span class='ocrx_word' id='word_1_141' title='bbox 733 2509 856 2546; x_wconf 86' lang='lat' dir='ltr'><strong>cum</strong></span> <span class='ocrx_word' id='word_1_142' title='bbox 888 2493 953 2544; x_wconf 86' lang='lat' dir='ltr'><strong>ad</strong></span> <span class='ocrx_word' id='word_1_143' title='bbox 985 2507 1084 2542; x_wconf 82' lang='lat' dir='ltr'><strong>nos</strong></span> <span class='ocrx_word' id='word_1_144' title='bbox 1108 2502 1292 2539; x_wconf 91' lang='lat' dir='ltr'><strong>rumor</strong></span> <span class='ocrx_word' id='word_1_145' title='bbox 1347 2483 1680 2537; x_wconf 90' lang='lat' dir='ltr'><strong>increbuerit</strong></span> <span class='ocrx_word' id='word_1_146' title='bbox 1710 2483 1852 2550; x_wconf 88' lang='lat' dir='ltr'><strong>quod</strong></span> <span class='ocrx_word' id='word_1_147' title='bbox 1881 2479 2126 2548; x_wconf 57' lang='lat' dir='ltr'><strong>quaedam</strong></span> <span class='ocrx_word' id='word_1_148' title='bbox 2172 2493 2305 2546; x_wconf 86' lang='lat' dir='ltr'><strong>apo-</strong></span> 
     </span>
    </p>
   </div>
   <div class='ocr_carea' id='block_1_24' title="bbox 737 2566 2306 2637">
    <p class='ocr_par' dir='ltr' id='par_1_24' title="bbox 737 2566 2306 2637">
     <span class='ocr_line' id='line_1_24' title="bbox 737 2566 2306 2637; baseline -0.01 -1"><span class='ocrx_word' id='word_1_149' title='bbox 737 2584 926 2636; x_wconf 84' lang='lat' dir='ltr'><strong>stolico</strong></span> <span class='ocrx_word' id='word_1_150' title='bbox 973 2589 1152 2632; x_wconf 85' lang='lat' dir='ltr'><strong>vestro</strong></span> <span class='ocrx_word' id='word_1_151' title='bbox 1205 2577 1403 2628; x_wconf 91' lang='lat' dir='ltr'><strong>throno</strong></span> <span class='ocrx_word' id='word_1_152' title='bbox 1445 2573 1676 2626; x_wconf 73' lang='lat' dir='ltr'><strong>subdita:</strong></span> <span class='ocrx_word' id='word_1_153' title='bbox 1720 2570 1974 2625; x_wconf 69' lang='lat' dir='ltr'><strong>Ecclesia:</strong></span> <span class='ocrx_word' id='word_1_154' title='bbox 2013 2585 2184 2637; x_wconf 89' lang='lat' dir='ltr'><strong>usque</strong></span> <span class='ocrx_word' id='word_1_155' title='bbox 2238 2566 2306 2620; x_wconf 90' lang='lat' dir='ltr'><strong>ad</strong></span> 
     </span>
    </p>
   </div>
   <div class='ocr_carea' id='block_1_25' title="bbox 739 2661 2310 2738">
    <p class='ocr_par' dir='ltr' id='par_1_25' title="bbox 739 2661 2310 2738">
     <span class='ocr_line' id='line_1_25' title="bbox 739 2661 2310 2738; baseline -0.01 -11"><span class='ocrx_word' id='word_1_156' title='bbox 739 2682 944 2727; x_wconf 74' lang='lat' dir='ltr'><strong>sextam</strong></span> <span class='ocrx_word' id='word_1_157' title='bbox 981 2677 1298 2738; x_wconf 84' lang='lat' dir='ltr'><strong>computare</strong></span> <span class='ocrx_word' id='word_1_158' title='bbox 1343 2665 1520 2718; x_wconf 84' lang='lat' dir='ltr'><strong>solent</strong></span> <span class='ocrx_word' id='word_1_159' title='bbox 1546 2663 1886 2716; x_wconf 83' lang='lat' dir='ltr'><strong>universales</strong></span> <span class='ocrx_word' id='word_1_160' title='bbox 1921 2661 2174 2731; x_wconf 83' lang='lat' dir='ltr'><strong>synodos,</strong></span> <span class='ocrx_word' id='word_1_161' title='bbox 2225 2675 2310 2712; x_wconf 85' lang='lat' dir='ltr'><strong>se-</strong></span> 
     </span>
    </p>
   </div>
   <div class='ocr_carea' id='block_1_26' title="bbox 750 2750 2313 2833">
    <p class='ocr_par' dir='ltr' id='par_1_26' title="bbox 750 2750 2313 2833">
     <span class='ocr_line' id='line_1_26' title="bbox 750 2750 2313 2833; baseline -0.009 -17"><span class='ocrx_word' id='word_1_162' title='bbox 750 2766 970 2833; x_wconf 84' lang='lat' dir='ltr'><strong>ptimani</strong></span> <span class='ocrx_word' id='word_1_163' title='bbox 995 2773 1335 2828; x_wconf 77' lang='lat' dir='ltr'><strong>nequaquam</strong></span> <span class='ocrx_word' id='word_1_164' title='bbox 1358 2764 1714 2826; x_wconf 76' lang='lat' dir='ltr'><strong>agnoscentes</strong></span> <span class='ocrx_word' id='word_1_165' title='bbox 1740 2771 1754 2801; x_wconf 76' lang='grc' dir='ltr'>τ</span> <span class='ocrx_word' id='word_1_166' title='bbox 1777 2771 1896 2822; x_wconf 73' lang='lat' dir='ltr'><strong>qua:</strong></span> <span class='ocrx_word' id='word_1_167' title='bbox 1921 2754 1975 2806; x_wconf 93' lang='lat' dir='ltr'><strong>in</strong></span> <span class='ocrx_word' id='word_1_168' title='bbox 1993 2751 2081 2805; x_wconf 89' lang='lat' dir='ltr'><strong>illa</strong></span> <span class='ocrx_word' id='word_1_169' title='bbox 2104 2750 2313 2804; x_wconf 84' lang='lat' dir='ltr'><strong>sancie-</strong></span> 
     </span>
    </p>
   </div>
   <div class='ocr_carea' id='block_1_27' title="bbox 743 2845 2312 2916">
    <p class='ocr_par' dir='ltr' id='par_1_27' title="bbox 743 2845 2312 2916">
     <span class='ocr_line' id='line_1_27' title="bbox 743 2845 2312 2916; baseline -0.009 -9"><span class='ocrx_word' id='word_1_170' title='bbox 743 2857 962 2913; x_wconf 81' lang='lat' dir='ltr'><strong>hantur,</strong></span> <span class='ocrx_word' id='word_1_171' title='bbox 1000 2868 1122 2904; x_wconf 92' lang='lat' dir='ltr'><strong>cum</strong></span> <span class='ocrx_word' id='word_1_172' title='bbox 1154 2849 1504 2903; x_wconf 72' lang='lat' dir='ltr'><strong>veneratione</strong></span> <span class='ocrx_word' id='word_1_173' title='bbox 1533 2857 1783 2916; x_wconf 88' lang='lat' dir='ltr'><strong>suscepta</strong></span> <span class='ocrx_word' id='word_1_174' title='bbox 1816 2847 1998 2900; x_wconf 86' lang='lat' dir='ltr'><strong>fovere</strong></span> <span class='ocrx_word' id='word_1_175' title='bbox 2023 2845 2312 2907; x_wconf 89' lang='lat' dir='ltr'><strong>dicuntur;</strong></span> 
     </span>
    </p>
   </div>
   <div class='ocr_carea' id='block_1_28' title="bbox 748 2932 2314 3013">
    <p class='ocr_par' dir='ltr' id='par_1_28' title="bbox 748 2932 2314 3013">
     <span class='ocr_line' id='line_1_28' title="bbox 748 2932 2314 3013; baseline -0.01 -15"><span class='ocrx_word' id='word_1_176' title='bbox 748 2947 917 3013; x_wconf 60' lang='lat' dir='ltr'><strong>ipsam</strong></span> <span class='ocrx_word' id='word_1_177' title='bbox 955 2956 1129 2994; x_wconf 86' lang='lat' dir='ltr'><strong>tamen</strong></span> <span class='ocrx_word' id='word_1_178' title='bbox 1187 2939 1428 2993; x_wconf 90' lang='lat' dir='ltr'><strong>nondum</strong></span> <span class='ocrx_word' id='word_1_179' title='bbox 1458 2954 1523 2992; x_wconf 93' lang='lat' dir='ltr'><strong>eo</strong></span> <span class='ocrx_word' id='word_1_180' title='bbox 1553 2937 1884 3006; x_wconf 87' lang='lat' dir='ltr'><strong>processisse</strong></span> <span class='ocrx_word' id='word_1_181' title='bbox 1930 2932 2314 3002; x_wconf 86' lang='lat' dir='ltr'><strong>susceptionis,</strong></span> 
     </span>
    </p>
   </div>
   <div class='ocr_carea' id='block_1_29' title="bbox 751 3026 2318 3106">
    <p class='ocr_par' dir='ltr' id='par_1_29' title="bbox 751 3026 2318 3106">
     <span class='ocr_line' id='line_1_29' title="bbox 751 3026 2318 3106; baseline -0.008 -16"><span class='ocrx_word' id='word_1_182' title='bbox 751 3048 809 3090; x_wconf 88' lang='lat' dir='ltr'><strong>ut</strong></span> <span class='ocrx_word' id='word_1_183' title='bbox 841 3037 1053 3106; x_wconf 81' lang='lat' dir='ltr'><strong>publice</strong></span> <span class='ocrx_word' id='word_1_184' title='bbox 1103 3049 1198 3102; x_wconf 90' lang='lat' dir='ltr'><strong>per</strong></span> <span class='ocrx_word' id='word_1_185' title='bbox 1233 3031 1502 3085; x_wconf 77' lang='lat' dir='ltr'><strong>Ecclesias</strong></span> <span class='ocrx_word' id='word_1_186' title='bbox 1536 3071 1552 3095; x_wconf 93' lang='lat'><strong>,</strong></span> <span class='ocrx_word' id='word_1_187' title='bbox 1587 3029 1729 3082; x_wconf 89' lang='lat' dir='ltr'><strong>sicut</strong></span> <span class='ocrx_word' id='word_1_188' title='bbox 1777 3029 2003 3097; x_wconf 87' lang='lat' dir='ltr'><strong>priores,</strong></span> <span class='ocrx_word' id='word_1_189' title='bbox 2052 3026 2318 3096; x_wconf 65' lang='lat' dir='ltr'><strong>depraedi-</strong></span> 
     </span>
    </p>
   </div>
   <div class='ocr_carea' id='block_1_30' title="bbox 751 3121 2318 3193">
    <p class='ocr_par' dir='ltr' id='par_1_30' title="bbox 751 3121 2318 3193">
     <span class='ocr_line' id='line_1_30' title="bbox 751 3121 2318 3193; baseline -0.009 -10"><span class='ocrx_word' id='word_1_190' title='bbox 751 3133 963 3183; x_wconf 80' lang='lat' dir='ltr'><strong>catione</strong></span> <span class='ocrx_word' id='word_1_191' title='bbox 994 3126 1343 3193; x_wconf 89' lang='lat' dir='ltr'><strong>suscipiatur,</strong></span> <span class='ocrx_word' id='word_1_192' title='bbox 1366 3124 1528 3176; x_wconf 88' lang='lat' dir='ltr'><strong>etiam</strong></span> <span class='ocrx_word' id='word_1_193' title='bbox 1552 3133 1664 3174; x_wconf 91' lang='lat' dir='ltr'><strong>tum</strong></span> <span class='ocrx_word' id='word_1_194' title='bbox 1688 3137 1812 3175; x_wconf 91' lang='lat' dir='ltr'><strong>cum</strong></span> <span class='ocrx_word' id='word_1_195' title='bbox 1836 3121 2035 3189; x_wconf 87' lang='lat' dir='ltr'><strong>ubique</strong></span> <span class='ocrx_word' id='word_1_196' title='bbox 2060 3121 2172 3189; x_wconf 89' lang='lat' dir='ltr'><strong>pari</strong></span> <span class='ocrx_word' id='word_1_197' title='bbox 2196 3133 2318 3171; x_wconf 89' lang='lat' dir='ltr'><strong>cum</strong></span> 
     </span>
    </p>
   </div>
   <div class='ocr_carea' id='block_1_31' title="bbox 753 3215 1631 3287">
    <p class='ocr_par' dir='ltr' id='par_1_31' title="bbox 753 3215 1631 3287">
     <span class='ocr_line' id='line_1_31' title="bbox 753 3215 1631 3287; baseline -0.009 -12"><span class='ocrx_word' id='word_1_198' title='bbox 753 3221 963 3275; x_wconf 61' lang='lat' dir='ltr'><strong>exteris</strong></span> <span class='ocrx_word' id='word_1_199' title='bbox 995 3218 1255 3287; x_wconf 73' lang='lat' dir='ltr'><strong>dignitate</strong></span> <span class='ocrx_word' id='word_1_200' title='bbox 1282 3215 1631 3284; x_wconf 79' lang='lat' dir='ltr'><strong>suscipiatur.</strong></span> 
     </span>
    </p>
   </div>
   <div class='ocr_carea' id='block_1_32' title="bbox 826 3280 2390 3377">
    <p class='ocr_par' dir='ltr' id='par_1_32' title="bbox 826 3280 2390 3377">
     <span class='ocr_line' id='line_1_32' title="bbox 826 3280 2390 3377; baseline -0.006 -14"><span class='ocrx_word' id='word_1_201' title='bbox 826 3314 915 3365; x_wconf 68' lang='grc'><strong>41.</strong></span> <span class='ocrx_word' id='word_1_202' title='bbox 957 3280 1116 3364; x_wconf 61' lang='lat' dir='ltr'><strong>Cerie</strong></span> <span class='ocrx_word' id='word_1_203' title='bbox 1145 3309 1359 3377; x_wconf 92' lang='lat' dir='ltr'><strong>quidem</strong></span> <span class='ocrx_word' id='word_1_204' title='bbox 1396 3280 1484 3359; x_wconf 85' lang='lat' dir='ltr'><strong>illa</strong></span> <span class='ocrx_word' id='word_1_205' title='bbox 1508 3305 1743 3376; x_wconf 81' lang='lat' dir='ltr'><strong>synodus</strong></span> <span class='ocrx_word' id='word_1_206' title='bbox 1775 3319 2041 3358; x_wconf 83' lang='lat' dir='ltr'><strong>summam</strong></span> <span class='ocrx_word' id='word_1_207' title='bbox 2070 3301 2314 3372; x_wconf 84' lang='lat' dir='ltr'><strong>profliga-</strong></span> <span class='ocrx_word' id='word_1_208' title='bbox 2349 3280 2390 3302; x_wconf 52' lang='grc' dir='ltr'><strong>μ</strong></span> 
     </span>
    </p>
   </div>
   <div class='ocr_carea' id='block_1_33' title="bbox 758 3393 2327 3468">
    <p class='ocr_par' dir='ltr' id='par_1_33' title="bbox 758 3393 2327 3468">
     <span class='ocr_line' id='line_1_33' title="bbox 758 3393 2327 3468; baseline -0.006 -15"><span class='ocrx_word' id='word_1_209' title='bbox 758 3404 836 3456; x_wconf 78' lang='lat' dir='ltr'><strong>vit</strong></span> <span class='ocrx_word' id='word_1_210' title='bbox 863 3400 1194 3468; x_wconf 83' lang='lat' dir='ltr'><strong>impietatem</strong></span> <span class='ocrx_word' id='word_1_211' title='bbox 1223 3413 1237 3462; x_wconf 88' lang='lat'><strong>;</strong></span> <span class='ocrx_word' id='word_1_212' title='bbox 1275 3396 1465 3450; x_wconf 85' lang='lat' dir='ltr'><strong>habuit</strong></span> <span class='ocrx_word' id='word_1_213' title='bbox 1493 3410 1838 3449; x_wconf 83' lang='lat' dir='ltr'><strong>eonsessores</strong></span> <span class='ocrx_word' id='word_1_214' title='bbox 1869 3403 1922 3446; x_wconf 89' lang='lat' dir='ltr'><strong>et</strong></span> <span class='ocrx_word' id='word_1_215' title='bbox 1949 3393 2327 3462; x_wconf 78' lang='lat' dir='ltr'><strong>suifragatores</strong></span> 
     </span>
    </p>
   </div>
   <div class='ocr_carea' id='block_1_34' title="bbox 759 3484 2328 3564">
    <p class='ocr_par' dir='ltr' id='par_1_34' title="bbox 759 3484 2328 3564">
     <span class='ocr_line' id='line_1_34' title="bbox 759 3484 2328 3564; baseline -0.009 -17"><span class='ocrx_word' id='word_1_216' title='bbox 759 3496 847 3564; x_wconf 84' lang='lat' dir='ltr'><strong>qui</strong></span> <span class='ocrx_word' id='word_1_217' title='bbox 881 3495 946 3547; x_wconf 84' lang='lat' dir='ltr'><strong>de</strong></span> <span class='ocrx_word' id='word_1_218' title='bbox 976 3501 1208 3560; x_wconf 85' lang='lat' dir='ltr'><strong>quatuor</strong></span> <span class='ocrx_word' id='word_1_219' title='bbox 1257 3487 1805 3557; x_wconf 82' lang='lat' dir='ltr'><strong>archiepiscopalibus</strong></span> <span class='ocrx_word' id='word_1_220' title='bbox 1847 3485 2059 3538; x_wconf 88' lang='lat' dir='ltr'><strong>tbronis</strong></span> <span class='ocrx_word' id='word_1_221' title='bbox 2084 3484 2328 3536; x_wconf 88' lang='lat' dir='ltr'><strong>aderant.</strong></span> 
     </span>
    </p>
   </div>
   <div class='ocr_carea' id='block_1_35' title="bbox 763 3575 2331 3648">
    <p class='ocr_par' dir='ltr' id='par_1_35' title="bbox 763 3575 2331 3648">
     <span class='ocr_line' id='line_1_35' title="bbox 763 3575 2331 3648; baseline -0.01 -9"><span class='ocrx_word' id='word_1_222' title='bbox 763 3588 915 3639; x_wconf 81' lang='lat' dir='ltr'><strong>Patet</strong></span> <span class='ocrx_word' id='word_1_223' title='bbox 930 3583 1074 3636; x_wconf 87' lang='lat' dir='ltr'><strong>enim</strong></span> <span class='ocrx_word' id='word_1_224' title='bbox 1098 3597 1128 3634; x_wconf 90' lang='lat' dir='ltr'><strong>a</strong></span> <span class='ocrx_word' id='word_1_225' title='bbox 1148 3592 1327 3634; x_wconf 89' lang='lat' dir='ltr'><strong>vestra</strong></span> <span class='ocrx_word' id='word_1_226' title='bbox 1345 3579 1638 3648; x_wconf 89' lang='lat' dir='ltr'><strong>apostolica</strong></span> <span class='ocrx_word' id='word_1_227' title='bbox 1655 3578 1781 3631; x_wconf 90' lang='lat' dir='ltr'><strong>sede</strong></span> <span class='ocrx_word' id='word_1_228' title='bbox 1799 3576 2084 3630; x_wconf 87' lang='lat' dir='ltr'><strong>advenisse</strong></span> <span class='ocrx_word' id='word_1_229' title='bbox 2100 3575 2331 3627; x_wconf 75' lang='lat' dir='ltr'><strong>Alexan-</strong></span> 
     </span>
    </p>
   </div>
   <div class='ocr_carea' id='block_1_36' title="bbox 765 3668 2330 3737">
    <p class='ocr_par' dir='ltr' id='par_1_36' title="bbox 765 3668 2330 3737">
     <span class='ocr_line' id='line_1_36' title="bbox 765 3668 2330 3737; baseline -0.006 -9"><span class='ocrx_word' id='word_1_230' title='bbox 765 3676 980 3728; x_wconf 89' lang='lat' dir='ltr'><strong>drinum</strong></span> <span class='ocrx_word' id='word_1_231' title='bbox 1000 3673 1263 3724; x_wconf 80' lang='lat' dir='ltr'><strong>Thomam</strong></span> <span class='ocrx_word' id='word_1_232' title='bbox 1290 3668 1635 3732; x_wconf 89' lang='lat' dir='ltr'><strong>monachum,</strong></span> <span class='ocrx_word' id='word_1_233' title='bbox 1661 3679 1852 3722; x_wconf 88' lang='lat' dir='ltr'><strong>etcum</strong></span> <span class='ocrx_word' id='word_1_234' title='bbox 1868 3683 1934 3721; x_wconf 89' lang='lat' dir='ltr'><strong>eo</strong></span> <span class='ocrx_word' id='word_1_235' title='bbox 1955 3668 2292 3737; x_wconf 84' lang='lat' dir='ltr'><strong>presbyteros</strong></span> <span class='ocrx_word' id='word_1_236' title='bbox 2315 3683 2330 3731; x_wconf 89' lang='lat'><strong>;</strong></span> 
     </span>
    </p>
   </div>
   <div class='ocr_carea' id='block_1_37' title="bbox 766 3760 2332 3833">
    <p class='ocr_par' dir='ltr' id='par_1_37' title="bbox 766 3760 2332 3833">
     <span class='ocr_line' id='line_1_37' title="bbox 766 3760 2332 3833; baseline -0.006 -14"><span class='ocrx_word' id='word_1_237' title='bbox 766 3771 832 3819; x_wconf 76' lang='lat' dir='ltr'><strong>ali</strong></span> <span class='ocrx_word' id='word_1_238' title='bbox 865 3763 1249 3833; x_wconf 82' lang='lat' dir='ltr'><strong>Hierosolymis</strong></span> <span class='ocrx_word' id='word_1_239' title='bbox 1280 3771 1335 3815; x_wconf 89' lang='lat' dir='ltr'><strong>et</strong></span> <span class='ocrx_word' id='word_1_240' title='bbox 1370 3762 1677 3824; x_wconf 81' lang='lat' dir='ltr'><strong>Antiochia,</strong></span> <span class='ocrx_word' id='word_1_241' title='bbox 1713 3760 1966 3824; x_wconf 82' lang='lat' dir='ltr'><strong>Joannes,</strong></span> <span class='ocrx_word' id='word_1_242' title='bbox 2009 3769 2063 3812; x_wconf 88' lang='lat' dir='ltr'><strong>et</strong></span> <span class='ocrx_word' id='word_1_243' title='bbox 2088 3760 2176 3827; x_wconf 92' lang='lat' dir='ltr'><strong>qui</strong></span> <span class='ocrx_word' id='word_1_244' title='bbox 2211 3775 2332 3812; x_wconf 91' lang='lat' dir='ltr'><strong>cum</strong></span> 
     </span>
    </p>
   </div>
   <div class='ocr_carea' id='block_1_38' title="bbox 770 3850 2336 3922">
    <p class='ocr_par' dir='ltr' id='par_1_38' title="bbox 770 3850 2336 3922">
     <span class='ocr_line' id='line_1_38' title="bbox 770 3850 2336 3922; baseline -0.004 -12"><span class='ocrx_word' id='word_1_245' title='bbox 770 3859 861 3910; x_wconf 90' lang='lat' dir='ltr'><strong>illo</strong></span> <span class='ocrx_word' id='word_1_246' title='bbox 902 3867 1200 3915; x_wconf 81' lang='lat' dir='ltr'><strong>venerunt;</strong></span> <span class='ocrx_word' id='word_1_247' title='bbox 1243 3855 1310 3907; x_wconf 89' lang='lat' dir='ltr'><strong>ab</strong></span> <span class='ocrx_word' id='word_1_248' title='bbox 1348 3854 1567 3922; x_wconf 88' lang='lat' dir='ltr'><strong>antiqua</strong></span> <span class='ocrx_word' id='word_1_249' title='bbox 1603 3853 1791 3917; x_wconf 76' lang='lat' dir='ltr'><strong>Roma,</strong></span> <span class='ocrx_word' id='word_1_250' title='bbox 1813 3853 1998 3906; x_wconf 89' lang='lat' dir='ltr'><strong>aderat</strong></span> <span class='ocrx_word' id='word_1_251' title='bbox 2034 3850 2229 3905; x_wconf 90' lang='lat' dir='ltr'><strong>Petrus</strong></span> <span class='ocrx_word' id='word_1_252' title='bbox 2249 3868 2336 3905; x_wconf 87' lang='lat' dir='ltr'><strong>ar-</strong></span> 
     </span>
    </p>
   </div>
   <div class='ocr_carea' id='block_1_39' title="bbox 769 3944 2336 4018">
    <p class='ocr_par' dir='ltr' id='par_1_39' title="bbox 769 3944 2336 4018">
     <span class='ocr_line' id='line_1_39' title="bbox 769 3944 2336 4018; baseline -0.003 -15"><span class='ocrx_word' id='word_1_253' title='bbox 769 3951 1139 4018; x_wconf 79' lang='lat' dir='ltr'><strong>ehipresbyler</strong></span> <span class='ocrx_word' id='word_1_254' title='bbox 1194 3948 1652 4016; x_wconf 81' lang='lat' dir='ltr'><strong>religiosissimus,</strong></span> <span class='ocrx_word' id='word_1_255' title='bbox 1703 3957 1758 3999; x_wconf 95' lang='lat' dir='ltr'><strong>et</strong></span> <span class='ocrx_word' id='word_1_256' title='bbox 1801 3948 1937 3999; x_wconf 88' lang='lat' dir='ltr'><strong>alius</strong></span> <span class='ocrx_word' id='word_1_257' title='bbox 1972 3947 2099 3999; x_wconf 91' lang='lat' dir='ltr'><strong>item</strong></span> <span class='ocrx_word' id='word_1_258' title='bbox 2146 3944 2336 3998; x_wconf 87' lang='lat' dir='ltr'><strong>Petrus</strong></span> 
     </span>
    </p>
   </div>
   <div class='ocr_carea' id='block_1_40' title="bbox 774 4035 2338 4109">
    <p class='ocr_par' dir='ltr' id='par_1_40' title="bbox 774 4035 2338 4109">
     <span class='ocr_line' id='line_1_40' title="bbox 774 4035 2338 4109; baseline -0.001 -19"><span class='ocrx_word' id='word_1_259' title='bbox 774 4040 1073 4109; x_wconf 70' lang='lat' dir='ltr'><strong>presbyter,</strong></span> <span class='ocrx_word' id='word_1_260' title='bbox 1108 4038 1410 4090; x_wconf 89' lang='lat' dir='ltr'><strong>monachus</strong></span> <span class='ocrx_word' id='word_1_261' title='bbox 1436 4045 1490 4090; x_wconf 87' lang='lat' dir='ltr'><strong>et</strong></span> <span class='ocrx_word' id='word_1_262' title='bbox 1523 4036 1842 4105; x_wconf 72' lang='lat' dir='ltr'><strong>praepositus</strong></span> <span class='ocrx_word' id='word_1_263' title='bbox 1867 4036 2125 4105; x_wconf 57' lang='lat' dir='ltr'><strong>religiosae</strong></span> <span class='ocrx_word' id='word_1_264' title='bbox 2147 4035 2338 4089; x_wconf 88' lang='lat' dir='ltr'><strong>domus</strong></span> 
     </span>
    </p>
   </div>
   <div class='ocr_carea' id='block_1_41' title="bbox 774 4130 1724 4198">
    <p class='ocr_par' dir='ltr' id='par_1_41' title="bbox 774 4130 1724 4198">
     <span class='ocr_line' id='line_1_41' title="bbox 774 4130 1724 4198; baseline -0.006 -11"><span class='ocrx_word' id='word_1_265' title='bbox 774 4133 944 4187; x_wconf 88' lang='lat' dir='ltr'><strong>sancti</strong></span> <span class='ocrx_word' id='word_1_266' title='bbox 981 4132 1192 4193; x_wconf 71' lang='lat' dir='ltr'><strong>Sahbae,</strong></span> <span class='ocrx_word' id='word_1_267' title='bbox 1226 4144 1345 4198; x_wconf 70' lang='lat' dir='ltr'><strong>quae</strong></span> <span class='ocrx_word' id='word_1_268' title='bbox 1377 4130 1560 4182; x_wconf 73' lang='lat' dir='ltr'><strong>Roma:</strong></span> <span class='ocrx_word' id='word_1_269' title='bbox 1593 4138 1724 4181; x_wconf 89' lang='lat' dir='ltr'><strong>erat.</strong></span> 
     </span>
    </p>
   </div>
   <div class='ocr_carea' id='block_1_42' title="bbox 849 4305 2344 4364">
    <p class='ocr_par' dir='ltr' id='par_1_42' title="bbox 849 4305 2344 4364">
     <span class='ocr_line' id='line_1_42' title="bbox 849 4305 2344 4364; baseline -0.005 0"><span class='ocrx_word' id='word_1_270' title='bbox 849 4312 935 4364; x_wconf 70' lang='grc'>42.</span> <span class='ocrx_word' id='word_1_271' title='bbox 980 4309 1067 4363; x_wconf 89' lang='lat' dir='ltr'><strong>Isti</strong></span> <span class='ocrx_word' id='word_1_272' title='bbox 1101 4323 1291 4361; x_wconf 87' lang='lat' dir='ltr'><strong>omnes</strong></span> <span class='ocrx_word' id='word_1_273' title='bbox 1325 4321 1630 4360; x_wconf 90' lang='lat' dir='ltr'><strong>convenere</strong></span> <span class='ocrx_word' id='word_1_274' title='bbox 1657 4321 1760 4358; x_wconf 90' lang='lat' dir='ltr'><strong>una</strong></span> <span class='ocrx_word' id='word_1_275' title='bbox 1787 4321 1910 4359; x_wconf 90' lang='lat' dir='ltr'><strong>cum</strong></span> <span class='ocrx_word' id='word_1_276' title='bbox 1943 4305 2126 4358; x_wconf 91' lang='lat' dir='ltr'><strong>divino</strong></span> <span class='ocrx_word' id='word_1_277' title='bbox 2159 4317 2344 4358; x_wconf 84' lang='lat' dir='ltr'><strong>nostro</strong></span> 
     </span>
    </p>
   </div>
   <div class='ocr_carea' id='block_1_43' title="bbox 781 4397 2344 4463">
    <p class='ocr_par' dir='ltr' id='par_1_43' title="bbox 781 4397 2344 4463">
     <span class='ocr_line' id='line_1_43' title="bbox 781 4397 2344 4463; baseline -0.003 -10"><span class='ocrx_word' id='word_1_278' title='bbox 781 4401 958 4463; x_wconf 78' lang='lat' dir='ltr'><strong>Patre,</strong></span> <span class='ocrx_word' id='word_1_279' title='bbox 984 4399 1349 4453; x_wconf 84' lang='lat' dir='ltr'><strong>sacratissimo</strong></span> <span class='ocrx_word' id='word_1_280' title='bbox 1381 4405 1437 4450; x_wconf 92' lang='lat' dir='ltr'><strong>et</strong></span> <span class='ocrx_word' id='word_1_281' title='bbox 1465 4398 1777 4450; x_wconf 75' lang='lat' dir='ltr'><strong>beatissimo</strong></span> <span class='ocrx_word' id='word_1_282' title='bbox 1798 4397 1930 4461; x_wconf 89' lang='lat' dir='ltr'><strong>viro,</strong></span> <span class='ocrx_word' id='word_1_283' title='bbox 1958 4397 2201 4460; x_wconf 89' lang='lat' dir='ltr'><strong>Tarasio,</strong></span> <span class='ocrx_word' id='word_1_284' title='bbox 2247 4397 2344 4449; x_wconf 89' lang='lat' dir='ltr'><strong>ad-</strong></span> 
     </span>
    </p>
   </div>
   <div class='ocr_carea' id='block_1_44' title="bbox 783 4488 2346 4558">
    <p class='ocr_par' dir='ltr' id='par_1_44' title="bbox 783 4488 2346 4558">
     <span class='ocr_line' id='line_1_44' title="bbox 783 4488 2346 4558; baseline -0.002 -13"><span class='ocrx_word' id='word_1_285' title='bbox 783 4501 956 4553; x_wconf 85' lang='lat' dir='ltr'><strong>erant,</strong></span> <span class='ocrx_word' id='word_1_286' title='bbox 980 4490 1475 4557; x_wconf 80' lang='lat' dir='ltr'><strong>Constantinopolis</strong></span> <span class='ocrx_word' id='word_1_287' title='bbox 1498 4490 1906 4558; x_wconf 87' lang='lat' dir='ltr'><strong>archiepiscopo</strong></span> <span class='ocrx_word' id='word_1_288' title='bbox 1932 4507 1944 4541; x_wconf 89' lang='lat'><strong>:</strong></span> <span class='ocrx_word' id='word_1_289' title='bbox 1966 4504 2216 4558; x_wconf 89' lang='lat' dir='ltr'><strong>magnum</strong></span> <span class='ocrx_word' id='word_1_290' title='bbox 2247 4488 2346 4542; x_wconf 88' lang='lat' dir='ltr'><strong>hoc</strong></span> 
     </span>
    </p>
   </div>
   <div class='ocr_carea' id='block_1_45' title="bbox 1839 413 2793 484">
    <p class='ocr_par' dir='ltr' id='par_1_45' title="bbox 1839 413 2793 484">
     <span class='ocr_line' id='line_1_45' title="bbox 1839 413 2793 484; baseline -0.01 0"><span class='ocrx_word' id='word_1_291' title='bbox 1839 422 2102 484; x_wconf 80' lang='grc' dir='ltr'><strong>ΡΗΟΤΙΙ</strong></span> <span class='ocrx_word' id='word_1_292' title='bbox 2139 415 2646 480; x_wconf 74' lang='lat' dir='ltr'><strong>PATRIARCILE</strong></span> <span class='ocrx_word' id='word_1_293' title='bbox 2683 413 2793 474; x_wconf 74' lang='grc' dir='ltr'><strong>ΟΡ.</strong></span> 
     </span>
    </p>
   </div>
   <div class='ocr_carea' id='block_1_46' title="bbox 2316 1891 2363 1949">
    <p class='ocr_par' dir='ltr' id='par_1_46' title="bbox 2316 1891 2363 1949">
     <span class='ocr_line' id='line_1_46' title="bbox 2316 1891 2363 1949; baseline 0 0"><span class='ocrx_word' id='word_1_294' title='bbox 2316 1891 2363 1949; x_wconf 82' lang='grc' dir='ltr'><strong>Β</strong></span> 
     </span>
    </p>
   </div>
   <div class='ocr_carea' id='block_1_47' title="bbox 2361 510 3937 597">
    <p class='ocr_par' dir='ltr' id='par_1_47' title="bbox 2361 510 3937 597">
     <span class='ocr_line' id='line_1_47' title="bbox 2361 510 3937 597; baseline -0.015 -15"><span class='ocrx_word' id='word_1_295' title='bbox 2361 530 2462 597; x_wconf 75' lang='grc' dir='ltr'>κῆς</span> <span class='ocrx_word' id='word_1_296' title='bbox 2495 529 2553 579; x_wconf 79' lang='grc' dir='ltr'>ἐν</span> <span class='ocrx_word' id='word_1_297' title='bbox 2599 525 2792 593; x_wconf 79' lang='grc' dir='ltr'>Κυρίῳ</span> <span class='ocrx_word' id='word_1_298' title='bbox 2838 518 3054 574; x_wconf 75' lang='grc' dir='ltr'><strong>συνόδου</strong></span> <span class='ocrx_word' id='word_1_299' title='bbox 3095 514 3488 586; x_wconf 77' lang='grc' dir='ltr'>ἁθροιζομένης</span> <span class='ocrx_word' id='word_1_300' title='bbox 3517 556 3531 576; x_wconf 93' lang='grc'><strong>,</strong></span> <span class='ocrx_word' id='word_1_301' title='bbox 3561 510 3628 564; x_wconf 86' lang='grc' dir='ltr'><strong>τὰ</strong></span> <span class='ocrx_word' id='word_1_302' title='bbox 3654 510 3732 580; x_wconf 85' lang='grc' dir='ltr'>τῷ</span> <span class='ocrx_word' id='word_1_303' title='bbox 3773 510 3893 579; x_wconf 81' lang='grc' dir='ltr'>Θεῷ</span> <span class='ocrx_word' id='word_1_304' title='bbox 3915 532 3937 556; x_wconf 77' lang='grc' dir='ltr'><strong>ο</strong></span> 
     </span>
    </p>
   </div>
   <div class='ocr_carea' id='block_1_48' title="bbox 2361 602 3940 680">
    <p class='ocr_par' dir='ltr' id='par_1_48' title="bbox 2361 602 3940 680">
     <span class='ocr_line' id='line_1_48' title="bbox 2361 602 3940 680; baseline -0.013 -7"><span class='ocrx_word' id='word_1_305' title='bbox 2361 621 2456 673; x_wconf 72' lang='grc' dir='ltr'><strong>καὶ</strong></span> <span class='ocrx_word' id='word_1_306' title='bbox 2480 620 2595 680; x_wconf 86' lang='grc' dir='ltr'>τοῖς</span> <span class='ocrx_word' id='word_1_307' title='bbox 2629 615 2925 675; x_wconf 79' lang='grc' dir='ltr'>συνοδικοίς</span> <span class='ocrx_word' id='word_1_308' title='bbox 2958 611 3147 663; x_wconf 69' lang='grc' dir='ltr'>κανόσι</span> <span class='ocrx_word' id='word_1_309' title='bbox 3175 607 3431 660; x_wconf 74' lang='grc' dir='ltr'>δοκοῦντα</span> <span class='ocrx_word' id='word_1_310' title='bbox 3451 647 3466 658; x_wconf 92' lang='grc'><strong>.</strong></span> <span class='ocrx_word' id='word_1_311' title='bbox 3496 605 3661 672; x_wconf 68' lang='grc' dir='ltr'>ψήφῳ</span> <span class='ocrx_word' id='word_1_312' title='bbox 3701 602 3940 671; x_wconf 77' lang='grc' dir='ltr'>βεῦαιω-</span> 
     </span>
    </p>
   </div>
   <div class='ocr_carea' id='block_1_49' title="bbox 2364 692 3941 778">
    <p class='ocr_par' dir='ltr' id='par_1_49' title="bbox 2364 692 3941 778">
     <span class='ocr_line' id='line_1_49' title="bbox 2364 692 3941 778; baseline -0.01 -18"><span class='ocrx_word' id='word_1_313' title='bbox 2364 710 2479 778; x_wconf 90' lang='grc' dir='ltr'>θείη</span> <span class='ocrx_word' id='word_1_314' title='bbox 2529 709 2686 774; x_wconf 73' lang='grc' dir='ltr'>κοινῇ</span> <span class='ocrx_word' id='word_1_315' title='bbox 2733 748 2747 769; x_wconf 92' lang='grc'><strong>,</strong></span> <span class='ocrx_word' id='word_1_316' title='bbox 2780 706 2873 756; x_wconf 74' lang='grc' dir='ltr'><strong>καὶ</strong></span> <span class='ocrx_word' id='word_1_317' title='bbox 2920 703 3113 770; x_wconf 84' lang='grc' dir='ltr'><strong>εἰρήνη</strong></span> <span class='ocrx_word' id='word_1_318' title='bbox 3167 699 3358 769; x_wconf 81' lang='grc' dir='ltr'>βαθεῖα</span> <span class='ocrx_word' id='word_1_319' title='bbox 3401 697 3498 759; x_wconf 79' lang='grc' dir='ltr'>τὰς</span> <span class='ocrx_word' id='word_1_320' title='bbox 3543 694 3635 748; x_wconf 84' lang='grc' dir='ltr'>τοῦ</span> <span class='ocrx_word' id='word_1_321' title='bbox 3687 692 3941 764; x_wconf 76' lang='grc' dir='ltr'><strong>Χριστοῦ</strong></span> 
     </span>
    </p>
   </div>
   <div class='ocr_carea' id='block_1_50' title="bbox 2378 797 3122 870">
    <p class='ocr_par' dir='ltr' id='par_1_50' title="bbox 2378 797 3122 870">
     <span class='ocr_line' id='line_1_50' title="bbox 2378 797 3122 870; baseline -0.009 -16"><span class='ocrx_word' id='word_1_322' title='bbox 2378 801 2703 870; x_wconf 76' lang='grc' dir='ltr'>Ἐκκλησίας</span> <span class='ocrx_word' id='word_1_323' title='bbox 2733 797 3122 864; x_wconf 70' lang='grc' dir='ltr'><strong>καταλήψοιτο.</strong></span> 
     </span>
    </p>
   </div>
   <div class='ocr_carea' id='block_1_51' title="bbox 2437 899 3946 982">
    <p class='ocr_par' dir='ltr' id='par_1_51' title="bbox 2437 899 3946 982">
     <span class='ocr_line' id='line_1_51' title="bbox 2437 899 3946 982; baseline -0.01 -15"><span class='ocrx_word' id='word_1_324' title='bbox 2437 915 2538 982; x_wconf 87' lang='grc' dir='ltr'>λη’.</span> <span class='ocrx_word' id='word_1_325' title='bbox 2573 915 2680 965; x_wconf 74' lang='grc' dir='ltr'>Καὶ</span> <span class='ocrx_word' id='word_1_326' title='bbox 2710 913 2818 979; x_wconf 76' lang='grc' dir='ltr'><strong>γάρ</strong></span> <span class='ocrx_word' id='word_1_327' title='bbox 2844 911 2937 963; x_wconf 58' lang='grc' dir='ltr'><strong>καὶ⁹</strong></span> <span class='ocrx_word' id='word_1_328' title='bbox 2963 911 3024 961; x_wconf 79' lang='grc' dir='ltr'><strong>οὑ</strong></span> <span class='ocrx_word' id='word_1_329' title='bbox 3058 908 3214 977; x_wconf 79' lang='grc' dir='ltr'>μόνον</span> <span class='ocrx_word' id='word_1_330' title='bbox 3242 907 3339 977; x_wconf 77' lang='grc' dir='ltr'>τὴν</span> <span class='ocrx_word' id='word_1_331' title='bbox 3368 903 3640 974; x_wconf 86' lang='grc' dir='ltr'>ὑμετέραν</span> <span class='ocrx_word' id='word_1_332' title='bbox 3669 899 3946 972; x_wconf 79' lang='grc' dir='ltr'>μακαριό-</span> 
     </span>
    </p>
   </div>
   <div class='ocr_carea' id='block_1_52' title="bbox 2368 992 3944 1078">
    <p class='ocr_par' dir='ltr' id='par_1_52' title="bbox 2368 992 3944 1078">
     <span class='ocr_line' id='line_1_52' title="bbox 2368 992 3944 1078; baseline -0.012 -18"><span class='ocrx_word' id='word_1_333' title='bbox 2368 1027 2503 1078; x_wconf 90' lang='grc' dir='ltr'>τητα</span> <span class='ocrx_word' id='word_1_334' title='bbox 2530 1008 2622 1058; x_wconf 68' lang='grc' dir='ltr'><strong>ἐπὶ</strong></span> <span class='ocrx_word' id='word_1_335' title='bbox 2647 1006 2804 1058; x_wconf 73' lang='grc' dir='ltr'>τοῦτο</span> <span class='ocrx_word' id='word_1_336' title='bbox 2838 1001 3275 1074; x_wconf 67' lang='grc' dir='ltr'><strong>προκαλούμεθα·</strong></span> <span class='ocrx_word' id='word_1_337' title='bbox 3319 999 3457 1052; x_wconf 85' lang='grc' dir='ltr'><strong>ἁλλά</strong></span> <span class='ocrx_word' id='word_1_338' title='bbox 3488 1015 3548 1063; x_wconf 90' lang='grc' dir='ltr'><strong>γε</strong></span> <span class='ocrx_word' id='word_1_339' title='bbox 3576 996 3639 1066; x_wconf 79' lang='grc' dir='ltr'>δὴ</span> <span class='ocrx_word' id='word_1_340' title='bbox 3660 1035 3672 1057; x_wconf 93' lang='grc'><strong>,</strong></span> <span class='ocrx_word' id='word_1_341' title='bbox 3705 997 3798 1047; x_wconf 77' lang='grc' dir='ltr'><strong>καὶ</strong></span> <span class='ocrx_word' id='word_1_342' title='bbox 3829 992 3944 1044; x_wconf 80' lang='grc' dir='ltr'><strong>τῶν</strong></span> 
     </span>
    </p>
   </div>
   <div class='ocr_carea' id='block_1_53' title="bbox 2371 1086 3944 1169">
    <p class='ocr_par' dir='ltr' id='par_1_53' title="bbox 2371 1086 3944 1169">
     <span class='ocr_line' id='line_1_53' title="bbox 2371 1086 3944 1169; baseline -0.014 -12"><span class='ocrx_word' id='word_1_343' title='bbox 2371 1103 2542 1157; x_wconf 81' lang='grc' dir='ltr'>ἄλλων</span> <span class='ocrx_word' id='word_1_344' title='bbox 2591 1097 2993 1169; x_wconf 78' lang='grc' dir='ltr'><strong>ἀρχιερατικῶν</strong></span> <span class='ocrx_word' id='word_1_345' title='bbox 3046 1097 3139 1148; x_wconf 81' lang='grc' dir='ltr'><strong>καὶ</strong></span> <span class='ocrx_word' id='word_1_346' title='bbox 3191 1092 3564 1146; x_wconf 79' lang='grc' dir='ltr'>ἁποστολικῶν</span> <span class='ocrx_word' id='word_1_347' title='bbox 3615 1088 3842 1158; x_wconf 86' lang='grc' dir='ltr'>θρόνων,</span> <span class='ocrx_word' id='word_1_348' title='bbox 3892 1086 3944 1136; x_wconf 77' lang='grc' dir='ltr'>οἱ</span> 
     </span>
    </p>
   </div>
   <div class='ocr_carea' id='block_1_54' title="bbox 2378 1179 3948 1267">
    <p class='ocr_par' dir='ltr' id='par_1_54' title="bbox 2378 1179 3948 1267">
     <span class='ocr_line' id='line_1_54' title="bbox 2378 1179 3948 1267; baseline -0.014 -17"><span class='ocrx_word' id='word_1_349' title='bbox 2378 1199 2472 1267; x_wconf 81' lang='grc' dir='ltr'><strong>μὲν</strong></span> <span class='ocrx_word' id='word_1_350' title='bbox 2504 1196 2600 1265; x_wconf 74' lang='grc' dir='ltr'>ἤδη</span> <span class='ocrx_word' id='word_1_351' title='bbox 2636 1194 2730 1246; x_wconf 67' lang='grc' dir='ltr'><strong>καὶ</strong></span> <span class='ocrx_word' id='word_1_352' title='bbox 2777 1192 3051 1260; x_wconf 81' lang='grc' dir='ltr'>πάρεισιν,</span> <span class='ocrx_word' id='word_1_353' title='bbox 3095 1189 3142 1240; x_wconf 90' lang='grc' dir='ltr'>οἱ</span> <span class='ocrx_word' id='word_1_354' title='bbox 3188 1187 3244 1239; x_wconf 76' lang='grc' dir='ltr'><strong>δὲ</strong></span> <span class='ocrx_word' id='word_1_355' title='bbox 3277 1187 3336 1238; x_wconf 82' lang='grc' dir='ltr'><strong>ού</strong></span> <span class='ocrx_word' id='word_1_356' title='bbox 3373 1184 3508 1255; x_wconf 79' lang='grc' dir='ltr'>μετά</span> <span class='ocrx_word' id='word_1_357' title='bbox 3552 1184 3716 1234; x_wconf 71' lang='grc' dir='ltr'>πολὺν</span> <span class='ocrx_word' id='word_1_358' title='bbox 3751 1179 3948 1249; x_wconf 81' lang='grc' dir='ltr'>χρόνον</span> 
     </span>
    </p>
   </div>
   <div class='ocr_carea' id='block_1_55' title="bbox 2376 1285 3168 1360">
    <p class='ocr_par' dir='ltr' id='par_1_55' title="bbox 2376 1285 3168 1360">
     <span class='ocr_line' id='line_1_55' title="bbox 2376 1285 3168 1360; baseline -0.014 -15"><span class='ocrx_word' id='word_1_359' title='bbox 2376 1289 2628 1360; x_wconf 73' lang='grc' dir='ltr'>παρεῖναί</span> <span class='ocrx_word' id='word_1_360' title='bbox 2656 1289 2759 1338; x_wconf 85' lang='grc' dir='ltr'>εἰσι</span> <span class='ocrx_word' id='word_1_361' title='bbox 2792 1285 3168 1355; x_wconf 63' lang='grc' dir='ltr'>προσδόκιμοι.</span> 
     </span>
    </p>
   </div>
   <div class='ocr_carea' id='block_1_56' title="bbox 2448 1369 3958 1451">
    <p class='ocr_par' dir='ltr' id='par_1_56' title="bbox 2448 1369 3958 1451">
     <span class='ocr_line' id='line_1_56' title="bbox 2448 1369 3958 1451; baseline -0.013 -16"><span class='ocrx_word' id='word_1_362' title='bbox 2448 1382 2546 1435; x_wconf 85' lang='grc' dir='ltr'>λθ’.</span> <span class='ocrx_word' id='word_1_363' title='bbox 2591 1382 2680 1451; x_wconf 83' lang='grc' dir='ltr'><strong>Μὴ</strong></span> <span class='ocrx_word' id='word_1_364' title='bbox 2710 1375 2800 1431; x_wconf 72' lang='grc' dir='ltr'><strong>οὖν</strong></span> <span class='ocrx_word' id='word_1_365' title='bbox 2902 1377 3142 1446; x_wconf 81' lang='grc' dir='ltr'>ὑμετέρα</span> <span class='ocrx_word' id='word_1_366' title='bbox 3177 1377 3235 1426; x_wconf 81' lang='grc' dir='ltr'>ὲν</span> <span class='ocrx_word' id='word_1_367' title='bbox 3260 1372 3449 1443; x_wconf 80' lang='grc' dir='ltr'>Κυρίῳ</span> <span class='ocrx_word' id='word_1_368' title='bbox 3470 1370 3784 1438; x_wconf 72' lang='grc' dir='ltr'>ἀδελφότης,</span> <span class='ocrx_word' id='word_1_369' title='bbox 3820 1369 3958 1420; x_wconf 87' lang='grc' dir='ltr'>ἁνα-</span> 
     </span>
    </p>
   </div>
   <div class='ocr_carea' id='block_1_57' title="bbox 2380 1460 3956 1544">
    <p class='ocr_par' dir='ltr' id='par_1_57' title="bbox 2380 1460 3956 1544">
     <span class='ocr_line' id='line_1_57' title="bbox 2380 1460 3956 1544; baseline -0.011 -17"><span class='ocrx_word' id='word_1_370' title='bbox 2380 1477 2508 1544; x_wconf 82' lang='grc' dir='ltr'><strong>6ολῇ</strong></span> <span class='ocrx_word' id='word_1_371' title='bbox 2541 1493 2646 1526; x_wconf 79' lang='grc' dir='ltr'>τινι</span> <span class='ocrx_word' id='word_1_372' title='bbox 2678 1473 2772 1525; x_wconf 76' lang='grc' dir='ltr'><strong>καὶ</strong></span> <span class='ocrx_word' id='word_1_373' title='bbox 2812 1472 3117 1540; x_wconf 82' lang='grc' dir='ltr'>παρατὰοει</span> <span class='ocrx_word' id='word_1_374' title='bbox 3146 1467 3338 1537; x_wconf 84' lang='grc' dir='ltr'>χρόνου</span> <span class='ocrx_word' id='word_1_375' title='bbox 3361 1507 3374 1529; x_wconf 92' lang='grc'><strong>,</strong></span> <span class='ocrx_word' id='word_1_376' title='bbox 3409 1467 3532 1525; x_wconf 69' lang='grc' dir='ltr'>τοὺς</span> <span class='ocrx_word' id='word_1_377' title='bbox 3564 1463 3821 1527; x_wconf 77' lang='grc' dir='ltr'>ἀδελφοὺς</span> <span class='ocrx_word' id='word_1_378' title='bbox 3853 1460 3956 1512; x_wconf 84' lang='grc' dir='ltr'>αύ-</span> 
     </span>
    </p>
   </div>
   <div class='ocr_carea' id='block_1_58' title="bbox 2379 1553 3960 1639">
    <p class='ocr_par' dir='ltr' id='par_1_58' title="bbox 2379 1553 3960 1639">
     <span class='ocr_line' id='line_1_58' title="bbox 2379 1553 3960 1639; baseline -0.012 -17"><span class='ocrx_word' id='word_1_379' title='bbox 2379 1571 2478 1639; x_wconf 83' lang='grc' dir='ltr'>τῆς</span> <span class='ocrx_word' id='word_1_380' title='bbox 2501 1567 2795 1637; x_wconf 80' lang='grc' dir='ltr'>διατρίϐειν</span> <span class='ocrx_word' id='word_1_381' title='bbox 2830 1566 2968 1634; x_wconf 78' lang='grc' dir='ltr'>ὑπὲρ</span> <span class='ocrx_word' id='word_1_382' title='bbox 2991 1563 3052 1615; x_wconf 73' lang='grc' dir='ltr'>τὸ</span> <span class='ocrx_word' id='word_1_383' title='bbox 3078 1563 3216 1622; x_wconf 83' lang='grc' dir='ltr'>δέον,</span> <span class='ocrx_word' id='word_1_384' title='bbox 3244 1560 3477 1628; x_wconf 78' lang='grc' dir='ltr'>ποιήσει·</span> <span class='ocrx_word' id='word_1_385' title='bbox 3514 1556 3855 1623; x_wconf 69' lang='grc' dir='ltr'>γινώσκοντα</span> <span class='ocrx_word' id='word_1_386' title='bbox 3879 1553 3960 1613; x_wconf 81' lang='grc' dir='ltr'>ὡς</span> 
     </span>
    </p>
   </div>
   <div class='ocr_carea' id='block_1_59' title="bbox 2384 1645 3960 1730">
    <p class='ocr_par' dir='ltr' id='par_1_59' title="bbox 2384 1645 3960 1730">
     <span class='ocr_line' id='line_1_59' title="bbox 2384 1645 3960 1730; baseline -0.013 -17"><span class='ocrx_word' id='word_1_387' title='bbox 2384 1663 2432 1713; x_wconf 76' lang='grc' dir='ltr'>ει</span> <span class='ocrx_word' id='word_1_388' title='bbox 2463 1664 2516 1712; x_wconf 73' lang='grc' dir='ltr'>τι</span> <span class='ocrx_word' id='word_1_389' title='bbox 2563 1663 2713 1730; x_wconf 70' lang='grc' dir='ltr'>παρά</span> <span class='ocrx_word' id='word_1_390' title='bbox 2741 1660 2839 1727; x_wconf 78' lang='grc' dir='ltr'>τὴν</span> <span class='ocrx_word' id='word_1_391' title='bbox 2869 1655 3038 1724; x_wconf 80' lang='grc' dir='ltr'>αὑτῆς</span> <span class='ocrx_word' id='word_1_392' title='bbox 3084 1652 3398 1722; x_wconf 73' lang='grc' dir='ltr'><strong>ὑστέρησιν,</strong></span> <span class='ocrx_word' id='word_1_393' title='bbox 3429 1649 3491 1701; x_wconf 90' lang='grc' dir='ltr'><strong>ού</strong></span> <span class='ocrx_word' id='word_1_394' title='bbox 3541 1648 3681 1700; x_wconf 83' lang='grc' dir='ltr'><strong>κατὰ</strong></span> <span class='ocrx_word' id='word_1_395' title='bbox 3721 1647 3782 1696; x_wconf 85' lang='grc' dir='ltr'><strong>τὸ</strong></span> <span class='ocrx_word' id='word_1_396' title='bbox 3810 1645 3960 1701; x_wconf 81' lang='grc' dir='ltr'>δέον,</span> 
     </span>
    </p>
   </div>
   <div class='ocr_carea' id='block_1_60' title="bbox 2386 1737 3964 1818">
    <p class='ocr_par' dir='ltr' id='par_1_60' title="bbox 2386 1737 3964 1818">
     <span class='ocr_line' id='line_1_60' title="bbox 2386 1737 3964 1818; baseline -0.011 -14"><span class='ocrx_word' id='word_1_397' title='bbox 2386 1754 2600 1813; x_wconf 74' lang='grc' dir='ltr'>ἐλλιπές</span> <span class='ocrx_word' id='word_1_398' title='bbox 2636 1770 2686 1802; x_wconf 87' lang='grc' dir='ltr'><strong>τι</strong></span> <span class='ocrx_word' id='word_1_399' title='bbox 2727 1747 3126 1818; x_wconf 81' lang='grc' dir='ltr'>διαπραχθείη,</span> <span class='ocrx_word' id='word_1_400' title='bbox 3181 1745 3279 1813; x_wconf 85' lang='grc' dir='ltr'><strong>οὐχ</strong></span> <span class='ocrx_word' id='word_1_401' title='bbox 3321 1741 3507 1810; x_wconf 78' lang='grc' dir='ltr'>ἕτερός</span> <span class='ocrx_word' id='word_1_402' title='bbox 3557 1757 3666 1804; x_wconf 88' lang='grc' dir='ltr'>τις,</span> <span class='ocrx_word' id='word_1_403' title='bbox 3711 1739 3823 1792; x_wconf 86' lang='grc' dir='ltr'>ἁλλ’</span> <span class='ocrx_word' id='word_1_404' title='bbox 3881 1737 3964 1798; x_wconf 76' lang='grc' dir='ltr'><strong>εἰς</strong></span> 
     </span>
    </p>
   </div>
   <div class='ocr_carea' id='block_1_61' title="bbox 2391 1836 3606 1915">
    <p class='ocr_par' dir='ltr' id='par_1_61' title="bbox 2391 1836 3606 1915">
     <span class='ocr_line' id='line_1_61' title="bbox 2391 1836 3606 1915; baseline -0.012 -17"><span class='ocrx_word' id='word_1_405' title='bbox 2391 1846 2586 1915; x_wconf 78' lang='grc' dir='ltr'>ἑαυτὴν</span> <span class='ocrx_word' id='word_1_406' title='bbox 2615 1843 2752 1913; x_wconf 67' lang='grc' dir='ltr'>αὑτὴ</span> <span class='ocrx_word' id='word_1_407' title='bbox 2783 1843 2842 1894; x_wconf 86' lang='grc' dir='ltr'><strong>τὸ</strong></span> <span class='ocrx_word' id='word_1_408' title='bbox 2873 1842 3194 1908; x_wconf 84' lang='grc' dir='ltr'>κατάκριμα</span> <span class='ocrx_word' id='word_1_409' title='bbox 3223 1836 3606 1888; x_wconf 76' lang='grc' dir='ltr'>ἐπισπάσαιτο.</span> 
     </span>
    </p>
   </div>
   <div class='ocr_carea' id='block_1_62' title="bbox 2466 2006 3972 2094">
    <p class='ocr_par' dir='ltr' id='par_1_62' title="bbox 2466 2006 3972 2094">
     <span class='ocr_line' id='line_1_62' title="bbox 2466 2006 3972 2094; baseline -0.014 -16"><span class='ocrx_word' id='word_1_410' title='bbox 2466 2032 2538 2094; x_wconf 86' lang='grc' dir='ltr'>μ’.</span> <span class='ocrx_word' id='word_1_411' title='bbox 2582 2023 2689 2076; x_wconf 75' lang='grc' dir='ltr'>Καὶ</span> <span class='ocrx_word' id='word_1_412' title='bbox 2725 2021 2881 2073; x_wconf 78' lang='grc' dir='ltr'>τούτο</span> <span class='ocrx_word' id='word_1_413' title='bbox 2911 2019 2967 2072; x_wconf 76' lang='grc' dir='ltr'>δὲ</span> <span class='ocrx_word' id='word_1_414' title='bbox 3012 2015 3381 2086; x_wconf 75' lang='grc' dir='ltr'>προστεθῆναι</span> <span class='ocrx_word' id='word_1_415' title='bbox 3415 2010 3589 2082; x_wconf 74' lang='grc' dir='ltr'>χρεὼν</span> <span class='ocrx_word' id='word_1_416' title='bbox 3633 2011 3747 2071; x_wconf 86' lang='grc' dir='ltr'>τοῖς</span> <span class='ocrx_word' id='word_1_417' title='bbox 3783 2006 3972 2076; x_wconf 86' lang='grc' dir='ltr'>γράμ-</span> 
     </span>
    </p>
   </div>
   <div class='ocr_carea' id='block_1_63' title="bbox 2398 2101 3976 2186">
    <p class='ocr_par' dir='ltr' id='par_1_63' title="bbox 2398 2101 3976 2186">
     <span class='ocr_line' id='line_1_63' title="bbox 2398 2101 3976 2186; baseline -0.013 -17"><span class='ocrx_word' id='word_1_418' title='bbox 2398 2134 2564 2186; x_wconf 90' lang='grc' dir='ltr'>μασιν</span> <span class='ocrx_word' id='word_1_419' title='bbox 2610 2112 2932 2185; x_wconf 72' lang='grc' dir='ltr'>ἡγησάμεθα</span> <span class='ocrx_word' id='word_1_420' title='bbox 2955 2153 2970 2177; x_wconf 90' lang='grc'><strong>,</strong></span> <span class='ocrx_word' id='word_1_421' title='bbox 3008 2111 3092 2162; x_wconf 81' lang='grc' dir='ltr'>ἵνα</span> <span class='ocrx_word' id='word_1_422' title='bbox 3125 2109 3224 2178; x_wconf 79' lang='grc' dir='ltr'>τὴν</span> <span class='ocrx_word' id='word_1_423' title='bbox 3259 2107 3420 2174; x_wconf 88' lang='grc' dir='ltr'>ἁγίαν</span> <span class='ocrx_word' id='word_1_424' title='bbox 3454 2106 3546 2158; x_wconf 70' lang='grc' dir='ltr'>καὶ</span> <span class='ocrx_word' id='word_1_425' title='bbox 3585 2101 3976 2170; x_wconf 76' lang='grc' dir='ltr'>οἱκουμενικὴν</span> 
     </span>
    </p>
   </div>
   <div class='ocr_carea' id='block_1_64' title="bbox 2398 2192 3980 2277">
    <p class='ocr_par' dir='ltr' id='par_1_64' title="bbox 2398 2192 3980 2277">
     <span class='ocr_line' id='line_1_64' title="bbox 2398 2192 3980 2277; baseline -0.011 -16"><span class='ocrx_word' id='word_1_426' title='bbox 2398 2209 2632 2277; x_wconf 77' lang='grc' dir='ltr'>ἑϐδόμην</span> <span class='ocrx_word' id='word_1_427' title='bbox 2677 2207 2909 2267; x_wconf 76' lang='grc' dir='ltr'>σύνοδον,</span> <span class='ocrx_word' id='word_1_428' title='bbox 2955 2207 3073 2266; x_wconf 77' lang='grc' dir='ltr'>ταῖς</span> <span class='ocrx_word' id='word_1_429' title='bbox 3122 2202 3306 2270; x_wconf 81' lang='grc' dir='ltr'>ἁγίαις</span> <span class='ocrx_word' id='word_1_430' title='bbox 3354 2201 3447 2252; x_wconf 74' lang='grc' dir='ltr'><strong>καὶ</strong></span> <span class='ocrx_word' id='word_1_431' title='bbox 3475 2196 3881 2266; x_wconf 71' lang='grc' dir='ltr'>οίκουμενικαζς</span> <span class='ocrx_word' id='word_1_432' title='bbox 3915 2192 3980 2256; x_wconf 76' lang='grc' dir='ltr'><strong>ἒξ</strong></span> 
     </span>
    </p>
   </div>
   <div class='ocr_carea' id='block_1_65' title="bbox 2402 2286 3979 2364">
    <p class='ocr_par' dir='ltr' id='par_1_65' title="bbox 2402 2286 3979 2364">
     <span class='ocr_line' id='line_1_65' title="bbox 2402 2286 3979 2364; baseline -0.011 -9"><span class='ocrx_word' id='word_1_433' title='bbox 2402 2303 2636 2364; x_wconf 80' lang='grc' dir='ltr'>συνόδοις</span> <span class='ocrx_word' id='word_1_434' title='bbox 2669 2301 2982 2352; x_wconf 71' lang='grc' dir='ltr'>συντάττειν</span> <span class='ocrx_word' id='word_1_435' title='bbox 3029 2297 3124 2349; x_wconf 63' lang='grc' dir='ltr'><strong>καὶ</strong></span> <span class='ocrx_word' id='word_1_436' title='bbox 3167 2293 3536 2362; x_wconf 82' lang='grc' dir='ltr'>συναριθμεῖν,</span> <span class='ocrx_word' id='word_1_437' title='bbox 3571 2289 3733 2342; x_wconf 77' lang='grc' dir='ltr'>παντὶ</span> <span class='ocrx_word' id='word_1_438' title='bbox 3767 2287 3844 2358; x_wconf 72' lang='grc' dir='ltr'>τῷ</span> <span class='ocrx_word' id='word_1_439' title='bbox 3883 2286 3979 2354; x_wconf 79' lang='grc' dir='ltr'><strong>ὑφ’</strong></span> 
     </span>
    </p>
   </div>
   <div class='ocr_carea' id='block_1_66' title="bbox 2403 2380 3980 2463">
    <p class='ocr_par' dir='ltr' id='par_1_66' title="bbox 2403 2380 3980 2463">
     <span class='ocr_line' id='line_1_66' title="bbox 2403 2380 3980 2463; baseline -0.01 -15"><span class='ocrx_word' id='word_1_440' title='bbox 2403 2396 2554 2463; x_wconf 84' lang='grc' dir='ltr'>ὑμῶν</span> <span class='ocrx_word' id='word_1_441' title='bbox 2577 2395 2675 2462; x_wconf 74' lang='grc' dir='ltr'>τῆς</span> <span class='ocrx_word' id='word_1_442' title='bbox 2707 2392 3032 2461; x_wconf 81' lang='grc' dir='ltr'>Ἐκκλησίας</span> <span class='ocrx_word' id='word_1_443' title='bbox 3067 2385 3400 2456; x_wconf 80' lang='grc' dir='ltr'>παραδοθείη</span> <span class='ocrx_word' id='word_1_444' title='bbox 3433 2383 3780 2452; x_wconf 77' lang='grc' dir='ltr'>πληρώματι·</span> <span class='ocrx_word' id='word_1_445' title='bbox 3815 2380 3980 2446; x_wconf 73' lang='grc' dir='ltr'>φήμη</span> 
     </span>
    </p>
   </div>
   <div class='ocr_carea' id='block_1_67' title="bbox 2404 2471 3985 2556">
    <p class='ocr_par' dir='ltr' id='par_1_67' title="bbox 2404 2471 3985 2556">
     <span class='ocr_line' id='line_1_67' title="bbox 2404 2471 3985 2556; baseline -0.023 -3"><span class='ocrx_word' id='word_1_446' title='bbox 2404 2488 2513 2555; x_wconf 77' lang='grc' dir='ltr'><strong>γὰρ</strong></span> <span class='ocrx_word' id='word_1_447' title='bbox 2546 2481 2677 2556; x_wconf 82' lang='grc' dir='ltr'>ἦκεν</span> <span class='ocrx_word' id='word_1_448' title='bbox 2709 2486 2785 2544; x_wconf 80' lang='grc' dir='ltr'><strong>εἰς</strong></span> <span class='ocrx_word' id='word_1_449' title='bbox 2818 2483 2992 2551; x_wconf 80' lang='grc' dir='ltr'>ἡμᾶς,</span> <span class='ocrx_word' id='word_1_450' title='bbox 3043 2479 3118 2541; x_wconf 85' lang='grc' dir='ltr'>ὦς</span> <span class='ocrx_word' id='word_1_451' title='bbox 3158 2494 3300 2538; x_wconf 84' lang='grc' dir='ltr'>τινες</span> <span class='ocrx_word' id='word_1_452' title='bbox 3343 2475 3450 2527; x_wconf 80' lang='grc' dir='ltr'>τῶν</span> <span class='ocrx_word' id='word_1_453' title='bbox 3487 2474 3590 2525; x_wconf 76' lang='grc' dir='ltr'>ὑπὸ</span> <span class='ocrx_word' id='word_1_454' title='bbox 3629 2471 3718 2524; x_wconf 68' lang='grc' dir='ltr'><strong>τὸν</strong></span> <span class='ocrx_word' id='word_1_455' title='bbox 3751 2471 3985 2522; x_wconf 67' lang='grc' dir='ltr'>ἁποστοε</span> 
     </span>
    </p>
   </div>
   <div class='ocr_carea' id='block_1_68' title="bbox 2407 2564 3981 2645">
    <p class='ocr_par' dir='ltr' id='par_1_68' title="bbox 2407 2564 3981 2645">
     <span class='ocr_line' id='line_1_68' title="bbox 2407 2564 3981 2645; baseline -0.01 -14"><span class='ocrx_word' id='word_1_456' title='bbox 2407 2578 2555 2631; x_wconf 83' lang='grc' dir='ltr'>λικὸν</span> <span class='ocrx_word' id='word_1_457' title='bbox 2601 2576 2753 2645; x_wconf 79' lang='grc' dir='ltr'>ὑμῶν</span> <span class='ocrx_word' id='word_1_458' title='bbox 2799 2574 2986 2644; x_wconf 81' lang='grc' dir='ltr'>θρόνον</span> <span class='ocrx_word' id='word_1_459' title='bbox 3048 2570 3400 2638; x_wconf 84' lang='grc' dir='ltr'>Ἐκκλησίαι,</span> <span class='ocrx_word' id='word_1_460' title='bbox 3437 2568 3596 2637; x_wconf 79' lang='grc' dir='ltr'>μέχρι</span> <span class='ocrx_word' id='word_1_461' title='bbox 3639 2565 3739 2634; x_wconf 75' lang='grc' dir='ltr'>τῆς</span> <span class='ocrx_word' id='word_1_462' title='bbox 3775 2564 3981 2632; x_wconf 68' lang='grc' dir='ltr'>ἕκτης,</span> 
     </span>
    </p>
   </div>
   <div class='ocr_carea' id='block_1_69' title="bbox 2410 2655 3979 2736">
    <p class='ocr_par' dir='ltr' id='par_1_69' title="bbox 2410 2655 3979 2736">
     <span class='ocr_line' id='line_1_69' title="bbox 2410 2655 3979 2736; baseline -0.012 -13"><span class='ocrx_word' id='word_1_463' title='bbox 2410 2672 2506 2730; x_wconf 73' lang='grc' dir='ltr'>τὰς</span> <span class='ocrx_word' id='word_1_464' title='bbox 2533 2666 2918 2736; x_wconf 79' lang='grc' dir='ltr'>οἰκουμενικὰς</span> <span class='ocrx_word' id='word_1_465' title='bbox 2953 2663 3258 2733; x_wconf 82' lang='grc' dir='ltr'>ἀριθμῆσαι</span> <span class='ocrx_word' id='word_1_466' title='bbox 3302 2660 3572 2722; x_wconf 89' lang='grc' dir='ltr'>συνόδους,</span> <span class='ocrx_word' id='word_1_467' title='bbox 3607 2657 3704 2727; x_wconf 79' lang='grc' dir='ltr'>τὴν</span> <span class='ocrx_word' id='word_1_468' title='bbox 3739 2655 3979 2724; x_wconf 75' lang='grc' dir='ltr'>ἑϐδόμην</span> 
     </span>
    </p>
   </div>
   <div class='ocr_carea' id='block_1_70' title="bbox 2412 2745 3988 2823">
    <p class='ocr_par' dir='ltr' id='par_1_70' title="bbox 2412 2745 3988 2823">
     <span class='ocr_line' id='line_1_70' title="bbox 2412 2745 3988 2823; baseline -0.011 -9"><span class='ocrx_word' id='word_1_469' title='bbox 2412 2764 2513 2815; x_wconf 89' lang='grc' dir='ltr'><strong>οὑκ</strong></span> <span class='ocrx_word' id='word_1_470' title='bbox 2553 2760 2752 2812; x_wconf 74' lang='grc' dir='ltr'>ἴσασιν·</span> <span class='ocrx_word' id='word_1_471' title='bbox 2783 2757 2919 2811; x_wconf 73' lang='grc' dir='ltr'>ἀλλὰ</span> <span class='ocrx_word' id='word_1_472' title='bbox 2949 2757 3017 2808; x_wconf 86' lang='grc' dir='ltr'><strong>τὰ</strong></span> <span class='ocrx_word' id='word_1_473' title='bbox 3053 2755 3150 2823; x_wconf 85' lang='grc' dir='ltr'>μὲν</span> <span class='ocrx_word' id='word_1_474' title='bbox 3186 2757 3241 2806; x_wconf 78' lang='grc' dir='ltr'>ὲν</span> <span class='ocrx_word' id='word_1_475' title='bbox 3269 2754 3405 2820; x_wconf 83' lang='grc' dir='ltr'>αὐτῇ</span> <span class='ocrx_word' id='word_1_476' title='bbox 3448 2748 3789 2819; x_wconf 84' lang='grc' dir='ltr'>κυριωθὲντα</span> <span class='ocrx_word' id='word_1_477' title='bbox 3823 2755 3870 2808; x_wconf 80' lang='grc' dir='ltr'>ι,</span> <span class='ocrx_word' id='word_1_478' title='bbox 3904 2745 3988 2797; x_wconf 82' lang='grc' dir='ltr'><strong>εἴ-</strong></span> 
     </span>
    </p>
   </div>
   <div class='ocr_carea' id='block_1_71' title="bbox 2416 2841 3973 2924">
    <p class='ocr_par' dir='ltr' id='par_1_71' title="bbox 2416 2841 3973 2924">
     <span class='ocr_line' id='line_1_71' title="bbox 2416 2841 3973 2924; baseline -0.012 -17"><span class='ocrx_word' id='word_1_479' title='bbox 2416 2872 2521 2924; x_wconf 85' lang='grc' dir='ltr'><strong>περ</strong></span> <span class='ocrx_word' id='word_1_480' title='bbox 2553 2870 2607 2906; x_wconf 88' lang='grc' dir='ltr'><strong>τι</strong></span> <span class='ocrx_word' id='word_1_481' title='bbox 2637 2852 2785 2913; x_wconf 75' lang='grc' dir='ltr'>ἄλλο,</span> <span class='ocrx_word' id='word_1_482' title='bbox 2830 2852 2919 2903; x_wconf 72' lang='grc' dir='ltr'><strong>διὰ</strong></span> <span class='ocrx_word' id='word_1_483' title='bbox 2955 2848 3190 2916; x_wconf 83' lang='grc' dir='ltr'>σπουδῆς</span> <span class='ocrx_word' id='word_1_484' title='bbox 3229 2845 3324 2898; x_wconf 70' lang='grc' dir='ltr'>καὶ</span> <span class='ocrx_word' id='word_1_485' title='bbox 3355 2843 3781 2912; x_wconf 75' lang='grc' dir='ltr'>σεόασμιότητος</span> <span class='ocrx_word' id='word_1_486' title='bbox 3809 2841 3973 2905; x_wconf 79' lang='grc' dir='ltr'>ἄγου·</span> 
     </span>
    </p>
   </div>
   <div class='ocr_carea' id='block_1_72' title="bbox 2419 2935 3988 3017">
    <p class='ocr_par' dir='ltr' id='par_1_72' title="bbox 2419 2935 3988 3017">
     <span class='ocr_line' id='line_1_72' title="bbox 2419 2935 3988 3017; baseline -0.011 -15"><span class='ocrx_word' id='word_1_487' title='bbox 2419 2969 2524 3012; x_wconf 90' lang='grc' dir='ltr'>σιν,</span> <span class='ocrx_word' id='word_1_488' title='bbox 2574 2950 2739 3017; x_wconf 81' lang='grc' dir='ltr'>αὑτὴν</span> <span class='ocrx_word' id='word_1_489' title='bbox 2789 2947 2833 3000; x_wconf 75' lang='grc' dir='ltr'>δ’</span> <span class='ocrx_word' id='word_1_490' title='bbox 2877 2944 3273 3014; x_wconf 82' lang='grc' dir='ltr'>ἀνακηρύττειν</span> <span class='ocrx_word' id='word_1_491' title='bbox 3321 2944 3416 2994; x_wconf 75' lang='grc' dir='ltr'>ἐπὶ</span> <span class='ocrx_word' id='word_1_492' title='bbox 3461 2941 3555 3008; x_wconf 83' lang='grc' dir='ltr'>τῆς</span> <span class='ocrx_word' id='word_1_493' title='bbox 3617 2935 3988 3003; x_wconf 82' lang='grc' dir='ltr'>Ἐκκλησίας,</span> 
     </span>
    </p>
   </div>
   <div class='ocr_carea' id='block_1_73' title="bbox 2420 3027 3992 3111">
    <p class='ocr_par' dir='ltr' id='par_1_73' title="bbox 2420 3027 3992 3111">
     <span class='ocr_line' id='line_1_73' title="bbox 2420 3027 3992 3111; baseline -0.011 -16"><span class='ocrx_word' id='word_1_494' title='bbox 2420 3043 2606 3111; x_wconf 80' lang='grc' dir='ltr'>ὥσπερ</span> <span class='ocrx_word' id='word_1_495' title='bbox 2631 3040 2724 3092; x_wconf 85' lang='grc' dir='ltr'><strong>καὶ</strong></span> <span class='ocrx_word' id='word_1_496' title='bbox 2755 3040 2852 3101; x_wconf 69' lang='grc' dir='ltr'><strong>τὰς</strong></span> <span class='ocrx_word' id='word_1_497' title='bbox 2886 3036 3072 3100; x_wconf 80' lang='grc' dir='ltr'>ἄλλας,</span> <span class='ocrx_word' id='word_1_498' title='bbox 3103 3034 3253 3087; x_wconf 85' lang='grc' dir='ltr'>οὑπω</span> <span class='ocrx_word' id='word_1_499' title='bbox 3284 3036 3462 3103; x_wconf 78' lang='grc' dir='ltr'>τυχεῖν</span> <span class='ocrx_word' id='word_1_500' title='bbox 3493 3029 3862 3096; x_wconf 80' lang='grc' dir='ltr'>ἐπιγνώσεως,</span> <span class='ocrx_word' id='word_1_501' title='bbox 3897 3027 3992 3080; x_wconf 82' lang='grc' dir='ltr'><strong>καί</strong></span> 
     </span>
    </p>
   </div>
   <div class='ocr_carea' id='block_1_74' title="bbox 2422 3119 3988 3194">
    <p class='ocr_par' dir='ltr' id='par_1_74' title="bbox 2422 3119 3988 3194">
     <span class='ocr_line' id='line_1_74' title="bbox 2422 3119 3988 3194; baseline -0.01 -10"><span class='ocrx_word' id='word_1_502' title='bbox 2422 3150 2506 3186; x_wconf 87' lang='grc' dir='ltr'><strong>τοι</strong></span> <span class='ocrx_word' id='word_1_503' title='bbox 2531 3135 2592 3184; x_wconf 83' lang='grc' dir='ltr'><strong>τὸ</strong></span> <span class='ocrx_word' id='word_1_504' title='bbox 2617 3129 2734 3184; x_wconf 82' lang='grc' dir='ltr'>ἴσον</span> <span class='ocrx_word' id='word_1_505' title='bbox 2757 3129 2991 3191; x_wconf 80' lang='grc' dir='ltr'>ἐκείναις</span> <span class='ocrx_word' id='word_1_506' title='bbox 3021 3124 3328 3194; x_wconf 80' lang='grc' dir='ltr'>ἁπανταχοῦ</span> <span class='ocrx_word' id='word_1_507' title='bbox 3361 3123 3729 3191; x_wconf 74' lang='grc' dir='ltr'>διασωζούσης</span> <span class='ocrx_word' id='word_1_508' title='bbox 3751 3119 3988 3188; x_wconf 67' lang='grc' dir='ltr'>ἀξίωμα.</span> 
     </span>
    </p>
   </div>
   <div class='ocr_carea' id='block_1_75' title="bbox 2501 3297 4000 3371">
    <p class='ocr_par' dir='ltr' id='par_1_75' title="bbox 2501 3297 4000 3371">
     <span class='ocr_line' id='line_1_75' title="bbox 2501 3297 4000 3371; baseline -0.005 -15"><span class='ocrx_word' id='word_1_509' title='bbox 2501 3303 2612 3371; x_wconf 84' lang='grc' dir='ltr'>μα’.</span> <span class='ocrx_word' id='word_1_510' title='bbox 2657 3304 2764 3356; x_wconf 73' lang='grc' dir='ltr'>Καὶ</span> <span class='ocrx_word' id='word_1_511' title='bbox 2805 3301 2913 3371; x_wconf 85' lang='grc' dir='ltr'>γὰρ</span> <span class='ocrx_word' id='word_1_512' title='bbox 2956 3301 3048 3353; x_wconf 66' lang='grc' dir='ltr'><strong>καὶ</strong></span> <span class='ocrx_word' id='word_1_513' title='bbox 3083 3299 3220 3370; x_wconf 72' lang='grc' dir='ltr'>αὕτη</span> <span class='ocrx_word' id='word_1_514' title='bbox 3263 3300 3521 3369; x_wconf 79' lang='grc' dir='ltr'>μεγίστην</span> <span class='ocrx_word' id='word_1_515' title='bbox 3552 3297 3766 3351; x_wconf 81' lang='grc' dir='ltr'>καθεῖλε</span> <span class='ocrx_word' id='word_1_516' title='bbox 3801 3298 4000 3350; x_wconf 77' lang='grc' dir='ltr'>δυσσέ-</span> 
     </span>
    </p>
   </div>
   <div class='ocr_carea' id='block_1_76' title="bbox 2428 3391 4002 3464">
    <p class='ocr_par' dir='ltr' id='par_1_76' title="bbox 2428 3391 4002 3464">
     <span class='ocr_line' id='line_1_76' title="bbox 2428 3391 4002 3464; baseline -0.005 -15"><span class='ocrx_word' id='word_1_517' title='bbox 2428 3395 2599 3459; x_wconf 78' lang='grc' dir='ltr'>ϐειαν,</span> <span class='ocrx_word' id='word_1_518' title='bbox 2640 3394 3053 3464; x_wconf 84' lang='grc' dir='ltr'>συμπαρέδρους</span> <span class='ocrx_word' id='word_1_519' title='bbox 3088 3393 3224 3460; x_wconf 85' lang='grc' dir='ltr'>αύτῇ</span> <span class='ocrx_word' id='word_1_520' title='bbox 3277 3394 3370 3444; x_wconf 74' lang='grc' dir='ltr'>καὶ</span> <span class='ocrx_word' id='word_1_521' title='bbox 3403 3391 3730 3460; x_wconf 63' lang='grc' dir='ltr'>συμψήφους</span> <span class='ocrx_word' id='word_1_522' title='bbox 3771 3393 3897 3451; x_wconf 68' lang='grc' dir='ltr'>τοὺς</span> <span class='ocrx_word' id='word_1_523' title='bbox 3933 3392 4002 3441; x_wconf 75' lang='grc' dir='ltr'>ἐκ</span> 
     </span>
    </p>
   </div>
   <div class='ocr_carea' id='block_1_77' title="bbox 2427 3483 3998 3556">
    <p class='ocr_par' dir='ltr' id='par_1_77' title="bbox 2427 3483 3998 3556">
     <span class='ocr_line' id='line_1_77' title="bbox 2427 3483 3998 3556; baseline -0.003 -16"><span class='ocrx_word' id='word_1_524' title='bbox 2427 3489 2535 3540; x_wconf 84' lang='grc' dir='ltr'>τῶν</span> <span class='ocrx_word' id='word_1_525' title='bbox 2563 3488 2841 3555; x_wconf 81' lang='grc' dir='ltr'>τεσσάρων</span> <span class='ocrx_word' id='word_1_526' title='bbox 2864 3487 3096 3556; x_wconf 75' lang='grc' dir='ltr'>ἥκοντας</span> <span class='ocrx_word' id='word_1_527' title='bbox 3121 3483 3519 3554; x_wconf 74' lang='grc' dir='ltr'>ἀρχιερατικῶν</span> <span class='ocrx_word' id='word_1_528' title='bbox 3541 3484 3744 3552; x_wconf 85' lang='grc' dir='ltr'>θρόνων</span> <span class='ocrx_word' id='word_1_529' title='bbox 3771 3483 3998 3551; x_wconf 77' lang='grc' dir='ltr'>ἔχουσα’</span> 
     </span>
    </p>
   </div>
   <div class='ocr_carea' id='block_1_78' title="bbox 2432 3575 4004 3649">
    <p class='ocr_par' dir='ltr' id='par_1_78' title="bbox 2432 3575 4004 3649">
     <span class='ocr_line' id='line_1_78' title="bbox 2432 3575 4004 3649; baseline -0.002 -18"><span class='ocrx_word' id='word_1_530' title='bbox 2432 3580 2613 3649; x_wconf 78' lang='grc' dir='ltr'>παρῆν</span> <span class='ocrx_word' id='word_1_531' title='bbox 2643 3579 2778 3647; x_wconf 81' lang='grc' dir='ltr'>γὰρ,</span> <span class='ocrx_word' id='word_1_532' title='bbox 2816 3578 2888 3638; x_wconf 79' lang='grc' dir='ltr'>ὡς</span> <span class='ocrx_word' id='word_1_533' title='bbox 2940 3577 3095 3645; x_wconf 77' lang='grc' dir='ltr'>δῆλον</span> <span class='ocrx_word' id='word_1_534' title='bbox 3117 3618 3130 3640; x_wconf 89' lang='grc'><strong>,</strong></span> <span class='ocrx_word' id='word_1_535' title='bbox 3165 3577 3270 3628; x_wconf 73' lang='grc' dir='ltr'>ἀπὸ</span> <span class='ocrx_word' id='word_1_536' title='bbox 3307 3579 3404 3644; x_wconf 77' lang='grc' dir='ltr'><strong>μὲν</strong></span> <span class='ocrx_word' id='word_1_537' title='bbox 3434 3577 3527 3628; x_wconf 80' lang='grc' dir='ltr'><strong>τοῦ</strong></span> <span class='ocrx_word' id='word_1_538' title='bbox 3568 3575 3833 3646; x_wconf 79' lang='grc' dir='ltr'>ὑμετέρου</span> <span class='ocrx_word' id='word_1_539' title='bbox 3866 3578 4004 3628; x_wconf 82' lang='grc' dir='ltr'>ἁπο-</span> 
     </span>
    </p>
   </div>
   <div class='ocr_carea' id='block_1_79' title="bbox 2437 3667 4004 3738">
    <p class='ocr_par' dir='ltr' id='par_1_79' title="bbox 2437 3667 4004 3738">
     <span class='ocr_line' id='line_1_79' title="bbox 2437 3667 4004 3738; baseline -0.001 -17"><span class='ocrx_word' id='word_1_540' title='bbox 2437 3669 2679 3722; x_wconf 81' lang='grc' dir='ltr'>στολικοὺ</span> <span class='ocrx_word' id='word_1_541' title='bbox 2715 3670 2904 3738; x_wconf 82' lang='grc' dir='ltr'>θρόνου</span> <span class='ocrx_word' id='word_1_542' title='bbox 2937 3670 3029 3737; x_wconf 78' lang='grc' dir='ltr'><strong>τῆς</strong></span> <span class='ocrx_word' id='word_1_543' title='bbox 3081 3667 3501 3738; x_wconf 75' lang='grc' dir='ltr'>Ἀλεξανδρείας,</span> <span class='ocrx_word' id='word_1_544' title='bbox 3532 3668 3732 3735; x_wconf 80' lang='grc' dir='ltr'>Θωμᾶς</span> <span class='ocrx_word' id='word_1_545' title='bbox 3767 3670 4004 3735; x_wconf 60' lang='grc' dir='ltr'>μοναχὸς</span> 
     </span>
    </p>
   </div>
   <div class='ocr_carea' id='block_1_80' title="bbox 2435 3760 4005 3832">
    <p class='ocr_par' dir='ltr' id='par_1_80' title="bbox 2435 3760 4005 3832">
     <span class='ocr_line' id='line_1_80' title="bbox 2435 3760 4005 3832; baseline 0 -19"><span class='ocrx_word' id='word_1_546' title='bbox 2435 3763 2837 3832; x_wconf 74' lang='grc' dir='ltr'>πρεσϐύτερος,</span> <span class='ocrx_word' id='word_1_547' title='bbox 2875 3764 2966 3814; x_wconf 80' lang='grc' dir='ltr'><strong>καὶ</strong></span> <span class='ocrx_word' id='word_1_548' title='bbox 3019 3762 3066 3813; x_wconf 84' lang='grc' dir='ltr'>οἱ</span> <span class='ocrx_word' id='word_1_549' title='bbox 3104 3763 3198 3814; x_wconf 75' lang='grc' dir='ltr'><strong>σὺν</strong></span> <span class='ocrx_word' id='word_1_550' title='bbox 3247 3761 3412 3830; x_wconf 75' lang='grc' dir='ltr'>αὑτῷ,</span> <span class='ocrx_word' id='word_1_551' title='bbox 3451 3763 3557 3814; x_wconf 71' lang='grc' dir='ltr'><strong>ἀπὸ</strong></span> <span class='ocrx_word' id='word_1_552' title='bbox 3601 3760 4005 3830; x_wconf 47' lang='grc' dir='ltr'>δὲῘΙεροσολύ-</span> 
     </span>
    </p>
   </div>
   <div class='ocr_carea' id='block_1_81' title="bbox 2441 3855 4008 3926">
    <p class='ocr_par' dir='ltr' id='par_1_81' title="bbox 2441 3855 4008 3926">
     <span class='ocr_line' id='line_1_81' title="bbox 2441 3855 4008 3926; baseline -0.002 -18"><span class='ocrx_word' id='word_1_553' title='bbox 2441 3875 2553 3926; x_wconf 88' lang='grc' dir='ltr'><strong>μων</strong></span> <span class='ocrx_word' id='word_1_554' title='bbox 2588 3856 2681 3907; x_wconf 77' lang='grc' dir='ltr'>καὶ</span> <span class='ocrx_word' id='word_1_555' title='bbox 2722 3855 3048 3924; x_wconf 82' lang='grc' dir='ltr'>Ἀντιοχείας</span> <span class='ocrx_word' id='word_1_556' title='bbox 3091 3856 3359 3926; x_wconf 84' lang='grc' dir='ltr'>Ἰωάννης,</span> <span class='ocrx_word' id='word_1_557' title='bbox 3388 3857 3480 3907; x_wconf 70' lang='grc' dir='ltr'><strong>καὶ</strong></span> <span class='ocrx_word' id='word_1_558' title='bbox 3504 3856 3554 3906; x_wconf 76' lang='grc' dir='ltr'>οἱ</span> <span class='ocrx_word' id='word_1_559' title='bbox 3589 3857 3682 3907; x_wconf 85' lang='grc' dir='ltr'><strong>σὺν</strong></span> <span class='ocrx_word' id='word_1_560' title='bbox 3710 3855 3882 3922; x_wconf 80' lang='grc' dir='ltr'>αύτῷ,</span> <span class='ocrx_word' id='word_1_561' title='bbox 3911 3856 4008 3908; x_wconf 67' lang='grc' dir='ltr'>καὶ</span> 
     </span>
    </p>
   </div>
   <div class='ocr_carea' id='block_1_82' title="bbox 2439 3944 4005 4015">
    <p class='ocr_par' dir='ltr' id='par_1_82' title="bbox 2439 3944 4005 4015">
     <span class='ocr_line' id='line_1_82' title="bbox 2439 3944 4005 4015; baseline -0.001 -18"><span class='ocrx_word' id='word_1_562' title='bbox 2439 3946 2546 3999; x_wconf 88' lang='grc' dir='ltr'><strong>ἁπό</strong></span> <span class='ocrx_word' id='word_1_563' title='bbox 2579 3962 2642 4012; x_wconf 92' lang='grc' dir='ltr'><strong>γε</strong></span> <span class='ocrx_word' id='word_1_564' title='bbox 2689 3946 2786 4015; x_wconf 83' lang='grc' dir='ltr'>τῆς</span> <span class='ocrx_word' id='word_1_565' title='bbox 2819 3945 3196 4015; x_wconf 77' lang='grc' dir='ltr'>πρεσὸυτέρας</span> <span class='ocrx_word' id='word_1_566' title='bbox 3235 3944 3454 4014; x_wconf 83' lang='grc' dir='ltr'>Ῥώμης</span> <span class='ocrx_word' id='word_1_567' title='bbox 3480 3986 3494 4009; x_wconf 96' lang='grc'><strong>,</strong></span> <span class='ocrx_word' id='word_1_568' title='bbox 3529 3946 3734 4014; x_wconf 79' lang='grc' dir='ltr'>Πέτρος</span> <span class='ocrx_word' id='word_1_569' title='bbox 3783 3949 3810 3997; x_wconf 78' lang='grc' dir='ltr'>ὁ</span> <span class='ocrx_word' id='word_1_570' title='bbox 3845 3946 4005 3996; x_wconf 81' lang='grc' dir='ltr'>εύλα-</span> 
     </span>
    </p>
   </div>
   <div class='ocr_carea' id='block_1_83' title="bbox 2442 4037 4012 4108">
    <p class='ocr_par' dir='ltr' id='par_1_83' title="bbox 2442 4037 4012 4108">
     <span class='ocr_line' id='line_1_83' title="bbox 2442 4037 4012 4108; baseline -0.002 -18"><span class='ocrx_word' id='word_1_571' title='bbox 2442 4039 2696 4100; x_wconf 75' lang='grc' dir='ltr'>ὅέστατος</span> <span class='ocrx_word' id='word_1_572' title='bbox 2749 4039 3336 4108; x_wconf 79' lang='grc' dir='ltr'>πρωτοπρεσθύτερος,</span> <span class='ocrx_word' id='word_1_573' title='bbox 3399 4039 3491 4089; x_wconf 71' lang='grc' dir='ltr'><strong>καὶ</strong></span> <span class='ocrx_word' id='word_1_574' title='bbox 3553 4037 3738 4107; x_wconf 72' lang='grc' dir='ltr'>ἕτερος</span> <span class='ocrx_word' id='word_1_575' title='bbox 3803 4038 4012 4105; x_wconf 80' lang='grc' dir='ltr'>Πέτρος</span> 
     </span>
    </p>
   </div>
   <div class='ocr_carea' id='block_1_84' title="bbox 2443 4127 4014 4199">
    <p class='ocr_par' dir='ltr' id='par_1_84' title="bbox 2443 4127 4014 4199">
     <span class='ocr_line' id='line_1_84' title="bbox 2443 4127 4014 4199; baseline 0 -17"><span class='ocrx_word' id='word_1_576' title='bbox 2443 4129 2833 4199; x_wconf 76' lang='grc' dir='ltr'>πρεσϐύτερος,</span> <span class='ocrx_word' id='word_1_577' title='bbox 2866 4128 3096 4197; x_wconf 63' lang='grc' dir='ltr'>μοιαχὸς</span> <span class='ocrx_word' id='word_1_578' title='bbox 3129 4129 3223 4180; x_wconf 75' lang='grc' dir='ltr'><strong>καὶ</strong></span> <span class='ocrx_word' id='word_1_579' title='bbox 3251 4127 3549 4197; x_wconf 73' lang='grc' dir='ltr'>ἡγούμενος</span> <span class='ocrx_word' id='word_1_580' title='bbox 3578 4130 3674 4198; x_wconf 79' lang='grc' dir='ltr'>τῆς</span> <span class='ocrx_word' id='word_1_581' title='bbox 3705 4130 3848 4182; x_wconf 80' lang='grc' dir='ltr'>κατά</span> <span class='ocrx_word' id='word_1_582' title='bbox 3885 4129 4014 4182; x_wconf 82' lang='grc' dir='ltr'><strong>Ῥώ-</strong></span> 
     </span>
    </p>
   </div>
   <div class='ocr_carea' id='block_1_85' title="bbox 2447 4220 3544 4290">
    <p class='ocr_par' dir='ltr' id='par_1_85' title="bbox 2447 4220 3544 4290">
     <span class='ocr_line' id='line_1_85' title="bbox 2447 4220 3544 4290; baseline 0.005 -21"><span class='ocrx_word' id='word_1_583' title='bbox 2447 4240 2553 4290; x_wconf 79' lang='grc' dir='ltr'><strong>μην</strong></span> <span class='ocrx_word' id='word_1_584' title='bbox 2585 4221 2813 4288; x_wconf 82' lang='grc' dir='ltr'>εὑαγοῦς</span> <span class='ocrx_word' id='word_1_585' title='bbox 2851 4220 3016 4288; x_wconf 83' lang='grc' dir='ltr'>μονῆς</span> <span class='ocrx_word' id='word_1_586' title='bbox 3041 4220 3131 4272; x_wconf 73' lang='grc' dir='ltr'>τοῦ</span> <span class='ocrx_word' id='word_1_587' title='bbox 3160 4221 3316 4287; x_wconf 83' lang='grc' dir='ltr'>ἁγίου</span> <span class='ocrx_word' id='word_1_588' title='bbox 3345 4221 3544 4274; x_wconf 75' lang='grc' dir='ltr'>Σάϐϐα.</span> 
     </span>
    </p>
   </div>
   <div class='ocr_carea' id='block_1_86' title="bbox 2519 4312 4014 4384">
    <p class='ocr_par' dir='ltr' id='par_1_86' title="bbox 2519 4312 4014 4384">
     <span class='ocr_line' id='line_1_86' title="bbox 2519 4312 4014 4384; baseline 0.001 -19"><span class='ocrx_word' id='word_1_589' title='bbox 2519 4312 2627 4382; x_wconf 67' lang='grc' dir='ltr'>μβν.</span> <span class='ocrx_word' id='word_1_590' title='bbox 2673 4314 2778 4364; x_wconf 77' lang='grc' dir='ltr'>Καὶ</span> <span class='ocrx_word' id='word_1_591' title='bbox 2801 4312 3003 4364; x_wconf 85' lang='grc' dir='ltr'>τούτων</span> <span class='ocrx_word' id='word_1_592' title='bbox 3034 4313 3283 4365; x_wconf 82' lang='grc' dir='ltr'>ἁπάντων</span> <span class='ocrx_word' id='word_1_593' title='bbox 3313 4312 3768 4382; x_wconf 79' lang='grc' dir='ltr'>συνεληλυθότων,</span> <span class='ocrx_word' id='word_1_594' title='bbox 3800 4314 3917 4382; x_wconf 76' lang='grc' dir='ltr'><strong>ἅμα</strong></span> <span class='ocrx_word' id='word_1_595' title='bbox 3936 4313 4014 4384; x_wconf 83' lang='grc' dir='ltr'>τῷ</span> 
     </span>
    </p>
   </div>
   <div class='ocr_carea' id='block_1_87' title="bbox 2448 4404 4017 4476">
    <p class='ocr_par' dir='ltr' id='par_1_87' title="bbox 2448 4404 4017 4476">
     <span class='ocr_line' id='line_1_87' title="bbox 2448 4404 4017 4476; baseline -0.003 -19"><span class='ocrx_word' id='word_1_596' title='bbox 2448 4407 2695 4476; x_wconf 82' lang='grc' dir='ltr'>ἡμετέρῳ</span> <span class='ocrx_word' id='word_1_597' title='bbox 2731 4404 3058 4473; x_wconf 80' lang='grc' dir='ltr'>πατροθείῳ,</span> <span class='ocrx_word' id='word_1_598' title='bbox 3088 4406 3181 4457; x_wconf 75' lang='grc' dir='ltr'>καὶ</span> <span class='ocrx_word' id='word_1_599' title='bbox 3210 4406 3497 4473; x_wconf 82' lang='grc' dir='ltr'>ἁγιωτάτῳ</span> <span class='ocrx_word' id='word_1_600' title='bbox 3524 4406 3618 4458; x_wconf 76' lang='grc' dir='ltr'><strong>καὶ</strong></span> <span class='ocrx_word' id='word_1_601' title='bbox 3646 4408 4017 4476; x_wconf 76' lang='grc' dir='ltr'>τρισμακαρί-</span> 
     </span>
    </p>
   </div>
   <div class='ocr_carea' id='block_1_88' title="bbox 2452 4494 4017 4565">
    <p class='ocr_par' dir='ltr' id='par_1_88' title="bbox 2452 4494 4017 4565">
     <span class='ocr_line' id='line_1_88' title="bbox 2452 4494 4017 4565; baseline 0.003 -20"><span class='ocrx_word' id='word_1_602' title='bbox 2452 4512 2560 4564; x_wconf 88' lang='grc' dir='ltr'><strong>στῳ</strong></span> <span class='ocrx_word' id='word_1_603' title='bbox 2591 4495 2744 4564; x_wconf 79' lang='grc' dir='ltr'>ἀνδρὶ</span> <span class='ocrx_word' id='word_1_604' title='bbox 2773 4495 3025 4565; x_wconf 74' lang='grc' dir='ltr'>Ταρασξῳ</span> <span class='ocrx_word' id='word_1_605' title='bbox 3047 4534 3061 4556; x_wconf 91' lang='grc'><strong>,</strong></span> <span class='ocrx_word' id='word_1_606' title='bbox 3125 4494 3541 4564; x_wconf 82' lang='grc' dir='ltr'>ἁρχιεπισκόπῳ</span> <span class='ocrx_word' id='word_1_607' title='bbox 3573 4496 4017 4552; x_wconf 80' lang='grc' dir='ltr'>Κωνσταντινου-</span> 
     </span>
    </p>
   </div>
   <div class='ocr_carea' id='block_1_89' title="bbox 782 4579 2459 4657">
    <p class='ocr_par' dir='ltr' id='par_1_89' title="bbox 782 4579 2459 4649">
     <span class='ocr_line' id='line_1_89' title="bbox 782 4579 2459 4649; baseline -0.001 -16"><span class='ocrx_word' id='word_1_608' title='bbox 782 4591 838 4633; x_wconf 88' lang='lat' dir='ltr'><strong>et</strong></span> <span class='ocrx_word' id='word_1_609' title='bbox 871 4581 1176 4632; x_wconf 85' lang='lat' dir='ltr'><strong>universale</strong></span> <span class='ocrx_word' id='word_1_610' title='bbox 1236 4579 1524 4646; x_wconf 90' lang='lat' dir='ltr'><strong>septimum</strong></span> <span class='ocrx_word' id='word_1_611' title='bbox 1559 4580 1846 4632; x_wconf 86' lang='lat' dir='ltr'><strong>concilium</strong></span> <span class='ocrx_word' id='word_1_612' title='bbox 1896 4579 2344 4649; x_wconf 83' lang='lat' dir='ltr'><strong>congregabatur,</strong></span> <span class='ocrx_word' id='word_1_613' title='bbox 2378 4586 2422 4638; x_wconf 86' lang='lat' dir='ltr'><strong>D</strong></span> <span class='ocrx_word' id='word_1_614' title='bbox 2452 4607 2459 4622; x_wconf 73' lang='grc' dir='ltr'><strong>ι</strong></span> 
     </span>
    </p>
   </div>
   <div class='ocr_carea' id='block_1_90' title="bbox 2342 4579 4019 4657">
    <p class='ocr_par' dir='ltr' id='par_1_90' title="bbox 2342 4586 4019 4657">
     <span class='ocr_line' id='line_1_90' title="bbox 2342 4586 4019 4657; baseline 0.004 -22"><span class='ocrx_word' id='word_1_615' title='bbox 2342 4622 2344 4635; x_wconf 91' lang='grc'><strong>.</strong></span> <span class='ocrx_word' id='word_1_616' title='bbox 2378 4586 2422 4638; x_wconf 82' lang='grc'><strong>1)</strong></span> <span class='ocrx_word' id='word_1_617' title='bbox 2452 4589 2656 4650; x_wconf 85' lang='grc' dir='ltr'>πόλεως</span> <span class='ocrx_word' id='word_1_618' title='bbox 2679 4629 2692 4650; x_wconf 94' lang='grc'><strong>,</strong></span> <span class='ocrx_word' id='word_1_619' title='bbox 2725 4588 2757 4656; x_wconf 79' lang='grc' dir='ltr'>ἡ</span> <span class='ocrx_word' id='word_1_620' title='bbox 2801 4587 3007 4656; x_wconf 82' lang='grc' dir='ltr'>μεγάλη</span> <span class='ocrx_word' id='word_1_621' title='bbox 3041 4589 3130 4639; x_wconf 63' lang='grc' dir='ltr'><strong>καὶ</strong></span> <span class='ocrx_word' id='word_1_622' title='bbox 3166 4589 3517 4657; x_wconf 80' lang='grc' dir='ltr'>οὶκουμενικὴ</span> <span class='ocrx_word' id='word_1_623' title='bbox 3559 4588 3760 4657; x_wconf 77' lang='grc' dir='ltr'>ἑϐδόμη</span> <span class='ocrx_word' id='word_1_624' title='bbox 3799 4589 4019 4654; x_wconf 85' lang='grc' dir='ltr'>σύνοδος</span> 
     </span>
    </p>
   </div>
   <div class='ocr_carea' id='block_1_91' title="bbox 787 4672 2356 4742">
    <p class='ocr_par' dir='ltr' id='par_1_91' title="bbox 787 4672 2356 4742">
     <span class='ocr_line' id='line_1_91' title="bbox 787 4672 2356 4742; baseline -0.001 -16"><span class='ocrx_word' id='word_1_625' title='bbox 787 4684 846 4726; x_wconf 92' lang='lat' dir='ltr'><strong>ut</strong></span> <span class='ocrx_word' id='word_1_626' title='bbox 892 4672 1398 4735; x_wconf 90' lang='lat' dir='ltr'><strong>lconomachorum,</strong></span> <span class='ocrx_word' id='word_1_627' title='bbox 1443 4673 1525 4725; x_wconf 90' lang='lat' dir='ltr'><strong>vel</strong></span> <span class='ocrx_word' id='word_1_628' title='bbox 1567 4673 1745 4742; x_wconf 92' lang='lat' dir='ltr'><strong>potius</strong></span> <span class='ocrx_word' id='word_1_629' title='bbox 1794 4672 2356 4735; x_wconf 86' lang='lat' dir='ltr'><strong>Christomachorum,</strong></span> 
     </span>
    </p>
   </div>
   <div class='ocr_carea' id='block_1_92' title="bbox 791 4765 2357 4834">
    <p class='ocr_par' dir='ltr' id='par_1_92' title="bbox 791 4765 2357 4834">
     <span class='ocr_line' id='line_1_92' title="bbox 791 4765 2357 4834; baseline 0.002 -17"><span class='ocrx_word' id='word_1_630' title='bbox 791 4765 1120 4832; x_wconf 81' lang='lat' dir='ltr'><strong>impietatem</strong></span> <span class='ocrx_word' id='word_1_631' title='bbox 1156 4765 1510 4825; x_wconf 86' lang='lat' dir='ltr'><strong>convelleret,</strong></span> <span class='ocrx_word' id='word_1_632' title='bbox 1555 4775 1608 4818; x_wconf 83' lang='lat' dir='ltr'><strong>et</strong></span> <span class='ocrx_word' id='word_1_633' title='bbox 1635 4769 1702 4819; x_wconf 84' lang='lat' dir='ltr'><strong>de</strong></span> <span class='ocrx_word' id='word_1_634' title='bbox 1743 4766 1828 4818; x_wconf 91' lang='lat' dir='ltr'><strong>illa</strong></span> <span class='ocrx_word' id='word_1_635' title='bbox 1878 4766 2255 4834; x_wconf 87' lang='lat' dir='ltr'><strong>triumpharet.</strong></span> <span class='ocrx_word' id='word_1_636' title='bbox 2294 4765 2357 4820; x_wconf 86' lang='lat' dir='ltr'><strong>Et</strong></span> 
     </span>
    </p>
   </div>
   <div class='ocr_carea' id='block_1_93' title="bbox 797 4855 2355 4926">
    <p class='ocr_par' dir='ltr' id='par_1_93' title="bbox 797 4855 2355 4926">
     <span class='ocr_line' id='line_1_93' title="bbox 797 4855 2355 4926; baseline 0 -16"><span class='ocrx_word' id='word_1_637' title='bbox 797 4857 957 4925; x_wconf 86' lang='lat' dir='ltr'><strong>hujus</strong></span> <span class='ocrx_word' id='word_1_638' title='bbox 989 4855 1124 4909; x_wconf 87' lang='lat' dir='ltr'><strong>forte</strong></span> <span class='ocrx_word' id='word_1_639' title='bbox 1154 4858 1338 4925; x_wconf 79' lang='lat' dir='ltr'><strong>synodi</strong></span> <span class='ocrx_word' id='word_1_640' title='bbox 1367 4858 1622 4926; x_wconf 87' lang='lat' dir='ltr'><strong>praetica,</strong></span> <span class='ocrx_word' id='word_1_641' title='bbox 1659 4866 1878 4926; x_wconf 90' lang='lat' dir='ltr'><strong>propter</strong></span> <span class='ocrx_word' id='word_1_642' title='bbox 1902 4858 2183 4911; x_wconf 89' lang='lat' dir='ltr'><strong>barbaram</strong></span> <span class='ocrx_word' id='word_1_643' title='bbox 2212 4858 2355 4910; x_wconf 91' lang='lat' dir='ltr'><strong>illam</strong></span> 
     </span>
    </p>
   </div>
   <div class='ocr_carea' id='block_1_94' title="bbox 796 4949 2358 5020">
    <p class='ocr_par' dir='ltr' id='par_1_94' title="bbox 796 4949 2358 5020">
     <span class='ocr_line' id='line_1_94' title="bbox 796 4949 2358 5020; baseline 0.001 -17"><span class='ocrx_word' id='word_1_644' title='bbox 796 4962 852 5003; x_wconf 92' lang='lat' dir='ltr'><strong>et</strong></span> <span class='ocrx_word' id='word_1_645' title='bbox 881 4949 1220 5018; x_wconf 84' lang='lat' dir='ltr'><strong>peregrinam</strong></span> <span class='ocrx_word' id='word_1_646' title='bbox 1249 4961 1460 5018; x_wconf 82' lang='lat' dir='ltr'><strong>gentem</strong></span> <span class='ocrx_word' id='word_1_647' title='bbox 1509 4952 1777 5013; x_wconf 87' lang='lat' dir='ltr'><strong>Arabum,</strong></span> <span class='ocrx_word' id='word_1_648' title='bbox 1826 4967 1946 5019; x_wconf 63' lang='lat' dir='ltr'><strong>qua;</strong></span> <span class='ocrx_word' id='word_1_649' title='bbox 1994 4952 2190 5020; x_wconf 90' lang='lat' dir='ltr'><strong>passim</strong></span> <span class='ocrx_word' id='word_1_650' title='bbox 2243 4952 2358 5004; x_wconf 89' lang='lat' dir='ltr'><strong>loca</strong></span> 
     </span>
    </p>
   </div>
   <div class='ocr_carea' id='block_1_95' title="bbox 793 5039 2359 5112">
    <p class='ocr_par' dir='ltr' id='par_1_95' title="bbox 793 5039 2359 5112">
     <span class='ocr_line' id='line_1_95' title="bbox 793 5039 2359 5112; baseline 0.004 -21"><span class='ocrx_word' id='word_1_651' title='bbox 793 5041 974 5092; x_wconf 89' lang='lat' dir='ltr'><strong>omnia</strong></span> <span class='ocrx_word' id='word_1_652' title='bbox 1005 5039 1314 5101; x_wconf 86' lang='lat' dir='ltr'><strong>infestabat.</strong></span> <span class='ocrx_word' id='word_1_653' title='bbox 1347 5041 1411 5092; x_wconf 89' lang='lat' dir='ltr'><strong>ad</strong></span> <span class='ocrx_word' id='word_1_654' title='bbox 1436 5057 1530 5094; x_wconf 89' lang='lat' dir='ltr'><strong>vos</strong></span> <span class='ocrx_word' id='word_1_655' title='bbox 1555 5041 1749 5094; x_wconf 79' lang='lat' dir='ltr'><strong>deferri</strong></span> <span class='ocrx_word' id='word_1_656' title='bbox 1771 5058 1879 5095; x_wconf 92' lang='lat' dir='ltr'><strong>non</strong></span> <span class='ocrx_word' id='word_1_657' title='bbox 1916 5052 2158 5112; x_wconf 90' lang='lat' dir='ltr'><strong>potuere.</strong></span> <span class='ocrx_word' id='word_1_658' title='bbox 2183 5045 2359 5112; x_wconf 84' lang='lat' dir='ltr'><strong>Atque</strong></span> 
     </span>
    </p>
   </div>
   <div class='ocr_carea' id='block_1_96' title="bbox 797 5130 2359 5202">
    <p class='ocr_par' dir='ltr' id='par_1_96' title="bbox 797 5130 2359 5202">
     <span class='ocr_line' id='line_1_96' title="bbox 797 5130 2359 5202; baseline 0.004 -21"><span class='ocrx_word' id='word_1_659' title='bbox 797 5131 899 5182; x_wconf 88' lang='lat' dir='ltr'><strong>hoc</strong></span> <span class='ocrx_word' id='word_1_660' title='bbox 928 5130 977 5181; x_wconf 93' lang='lat' dir='ltr'><strong>in</strong></span> <span class='ocrx_word' id='word_1_661' title='bbox 1001 5145 1160 5182; x_wconf 84' lang='lat' dir='ltr'><strong>causa</strong></span> <span class='ocrx_word' id='word_1_662' title='bbox 1202 5131 1369 5183; x_wconf 84' lang='lat' dir='ltr'><strong>fuisse</strong></span> <span class='ocrx_word' id='word_1_663' title='bbox 1400 5131 1632 5194; x_wconf 89' lang='lat' dir='ltr'><strong>videtur,</strong></span> <span class='ocrx_word' id='word_1_664' title='bbox 1670 5149 1766 5183; x_wconf 80' lang='lat' dir='ltr'><strong>cur</strong></span> <span class='ocrx_word' id='word_1_665' title='bbox 1809 5147 1837 5184; x_wconf 91' lang='lat' dir='ltr'><strong>a</strong></span> <span class='ocrx_word' id='word_1_666' title='bbox 1869 5133 2052 5186; x_wconf 92' lang='lat' dir='ltr'><strong>multis</strong></span> <span class='ocrx_word' id='word_1_667' title='bbox 2083 5133 2224 5202; x_wconf 84' lang='lat' dir='ltr'><strong>apud</strong></span> <span class='ocrx_word' id='word_1_668' title='bbox 2263 5150 2359 5187; x_wconf 90' lang='lat' dir='ltr'><strong>vos</strong></span> 
     </span>
    </p>
   </div>
   <div class='ocr_carea' id='block_1_97' title="bbox 799 5222 2359 5292">
    <p class='ocr_par' dir='ltr' id='par_1_97' title="bbox 799 5222 2359 5292">
     <span class='ocr_line' id='line_1_97' title="bbox 799 5222 2359 5292; baseline 0.002 -17"><span class='ocrx_word' id='word_1_669' title='bbox 799 5224 957 5291; x_wconf 79' lang='lat' dir='ltr'><strong>hujus</strong></span> <span class='ocrx_word' id='word_1_670' title='bbox 989 5222 1176 5292; x_wconf 87' lang='lat' dir='ltr'><strong>synodi</strong></span> <span class='ocrx_word' id='word_1_671' title='bbox 1210 5223 1650 5284; x_wconf 87' lang='lat' dir='ltr'><strong>constitutiones,</strong></span> <span class='ocrx_word' id='word_1_672' title='bbox 1689 5223 1814 5276; x_wconf 90' lang='lat' dir='ltr'><strong>licet</strong></span> <span class='ocrx_word' id='word_1_673' title='bbox 1841 5239 1964 5276; x_wconf 91' lang='lat' dir='ltr'><strong>cum</strong></span> <span class='ocrx_word' id='word_1_674' title='bbox 2006 5223 2211 5278; x_wconf 87' lang='lat' dir='ltr'><strong>honore</strong></span> <span class='ocrx_word' id='word_1_675' title='bbox 2239 5241 2359 5278; x_wconf 86' lang='lat' dir='ltr'><strong>sus-</strong></span> 
     </span>
    </p>
   </div>
   <div class='ocr_carea' id='block_1_98' title="bbox 799 5315 2362 5386">
    <p class='ocr_par' dir='ltr' id='par_1_98' title="bbox 799 5315 2362 5386">
     <span class='ocr_line' id='line_1_98' title="bbox 799 5315 2362 5386; baseline 0.001 -20"><span class='ocrx_word' id='word_1_676' title='bbox 799 5315 1070 5381; x_wconf 87' lang='lat' dir='ltr'><strong>cipiantur</strong></span> <span class='ocrx_word' id='word_1_677' title='bbox 1101 5323 1154 5367; x_wconf 91' lang='lat' dir='ltr'><strong>et</strong></span> <span class='ocrx_word' id='word_1_678' title='bbox 1186 5317 1564 5378; x_wconf 88' lang='lat' dir='ltr'><strong>admittantur,</strong></span> <span class='ocrx_word' id='word_1_679' title='bbox 1590 5324 1768 5368; x_wconf 88' lang='lat' dir='ltr'><strong>tamen</strong></span> <span class='ocrx_word' id='word_1_680' title='bbox 1799 5315 1852 5368; x_wconf 91' lang='lat' dir='ltr'><strong>in</strong></span> <span class='ocrx_word' id='word_1_681' title='bbox 1885 5316 2153 5384; x_wconf 89' lang='lat' dir='ltr'><strong>publicam</strong></span> <span class='ocrx_word' id='word_1_682' title='bbox 2175 5317 2362 5386; x_wconf 87' lang='lat' dir='ltr'><strong>c0gni-</strong></span> 
     </span>
    </p>
   </div>
   <div class='ocr_carea' id='block_1_99' title="bbox 802 5415 1452 5459">
    <p class='ocr_par' dir='ltr' id='par_1_99' title="bbox 802 5415 1452 5459">
     <span class='ocr_line' id='line_1_99' title="bbox 802 5415 1452 5459; baseline 0 -1"><span class='ocrx_word' id='word_1_683' title='bbox 802 5416 1001 5458; x_wconf 82' lang='lat' dir='ltr'><strong>tionem</strong></span> <span class='ocrx_word' id='word_1_684' title='bbox 1033 5421 1138 5457; x_wconf 90' lang='lat' dir='ltr'><strong>non</strong></span> <span class='ocrx_word' id='word_1_685' title='bbox 1168 5415 1452 5459; x_wconf 87' lang='lat' dir='ltr'><strong>venerunt.</strong></span> 
     </span>
    </p>
   </div>
   <div class='ocr_carea' id='block_1_100' title="bbox 870 5494 2362 5568">
    <p class='ocr_par' dir='ltr' id='par_1_100' title="bbox 870 5494 2362 5568">
     <span class='ocr_line' id='line_1_100' title="bbox 870 5494 2362 5568; baseline 0.001 -20"><span class='ocrx_word' id='word_1_686' title='bbox 870 5497 954 5548; x_wconf 74' lang='grc'><strong>45.</strong></span> <span class='ocrx_word' id='word_1_687' title='bbox 1001 5494 1102 5548; x_wconf 82' lang='lat' dir='ltr'><strong>Par</strong></span> <span class='ocrx_word' id='word_1_688' title='bbox 1135 5507 1216 5550; x_wconf 87' lang='lat' dir='ltr'><strong>est</strong></span> <span class='ocrx_word' id='word_1_689' title='bbox 1256 5498 1438 5567; x_wconf 84' lang='lat' dir='ltr'><strong>igitur,</strong></span> <span class='ocrx_word' id='word_1_690' title='bbox 1488 5497 1628 5565; x_wconf 87' lang='lat' dir='ltr'><strong>quod</strong></span> <span class='ocrx_word' id='word_1_691' title='bbox 1679 5497 2013 5562; x_wconf 84' lang='lat' dir='ltr'><strong>dicebamus,</strong></span> <span class='ocrx_word' id='word_1_692' title='bbox 2068 5508 2124 5551; x_wconf 90' lang='lat' dir='ltr'><strong>ut</strong></span> <span class='ocrx_word' id='word_1_693' title='bbox 2171 5513 2362 5568; x_wconf 89' lang='lat' dir='ltr'><strong>magna</strong></span> 
     </span>
    </p>
   </div>
   <div class='ocr_carea' id='block_1_101' title="bbox 802 5591 2366 5661">
    <p class='ocr_par' dir='ltr' id='par_1_101' title="bbox 802 5591 2366 5661">
     <span class='ocr_line' id='line_1_101' title="bbox 802 5591 2366 5661; baseline 0.004 -21"><span class='ocrx_word' id='word_1_694' title='bbox 802 5599 988 5641; x_wconf 85' lang='lat' dir='ltr'><strong>sancta</strong></span> <span class='ocrx_word' id='word_1_695' title='bbox 1011 5591 1344 5643; x_wconf 73' lang='lat' dir='ltr'><strong>meumenica</strong></span> <span class='ocrx_word' id='word_1_696' title='bbox 1392 5592 1505 5644; x_wconf 70' lang='lat' dir='ltr'><strong>hare</strong></span> <span class='ocrx_word' id='word_1_697' title='bbox 1530 5595 1767 5660; x_wconf 73' lang='lat' dir='ltr'><strong>synodus</strong></span> <span class='ocrx_word' id='word_1_698' title='bbox 1789 5607 1893 5644; x_wconf 91' lang='lat' dir='ltr'><strong>una</strong></span> <span class='ocrx_word' id='word_1_699' title='bbox 1937 5608 2060 5646; x_wconf 90' lang='lat' dir='ltr'><strong>cum</strong></span> <span class='ocrx_word' id='word_1_700' title='bbox 2092 5608 2182 5646; x_wconf 73' lang='lat' dir='ltr'><strong>sex</strong></span> <span class='ocrx_word' id='word_1_701' title='bbox 2219 5593 2366 5661; x_wconf 88' lang='lat' dir='ltr'><strong>prio-</strong></span> 
     </span>
    </p>
   </div>
   <div class='ocr_carea' id='block_1_102' title="bbox 2456 4678 4018 4751">
    <p class='ocr_par' dir='ltr' id='par_1_102' title="bbox 2456 4678 4018 4751">
     <span class='ocr_line' id='line_1_102' title="bbox 2456 4678 4018 4751; baseline 0.001 -20"><span class='ocrx_word' id='word_1_702' title='bbox 2456 4678 2841 4749; x_wconf 81' lang='grc' dir='ltr'>συνεκροτηθη,</span> <span class='ocrx_word' id='word_1_703' title='bbox 2871 4680 2966 4748; x_wconf 86' lang='grc' dir='ltr'>τὴν</span> <span class='ocrx_word' id='word_1_704' title='bbox 2989 4679 3096 4730; x_wconf 80' lang='grc' dir='ltr'>τῶν</span> <span class='ocrx_word' id='word_1_705' title='bbox 3127 4679 3517 4747; x_wconf 77' lang='grc' dir='ltr'>εἰκονομάχων,</span> <span class='ocrx_word' id='word_1_706' title='bbox 3544 4679 3577 4748; x_wconf 79' lang='grc' dir='ltr'>ἢ</span> <span class='ocrx_word' id='word_1_707' title='bbox 3606 4683 4018 4751; x_wconf 84' lang='grc' dir='ltr'>χριστομὰχων,</span> 
     </span>
    </p>
   </div>
   <div class='ocr_carea' id='block_1_103' title="bbox 2452 4769 4019 4844">
    <p class='ocr_par' dir='ltr' id='par_1_103' title="bbox 2452 4769 4019 4844">
     <span class='ocr_line' id='line_1_103' title="bbox 2452 4769 4019 4844; baseline 0.003 -21"><span class='ocrx_word' id='word_1_708' title='bbox 2452 4770 2862 4840; x_wconf 75' lang='grc' dir='ltr'>θριαμϐεύσασα</span> <span class='ocrx_word' id='word_1_709' title='bbox 2906 4772 3000 4823; x_wconf 73' lang='grc' dir='ltr'><strong>καὶ</strong></span> <span class='ocrx_word' id='word_1_710' title='bbox 3030 4770 3332 4823; x_wconf 82' lang='grc' dir='ltr'>καθελοῦσα</span> <span class='ocrx_word' id='word_1_711' title='bbox 3369 4773 3708 4825; x_wconf 77' lang='grc' dir='ltr'>δυσσέδειαν·</span> <span class='ocrx_word' id='word_1_712' title='bbox 3751 4769 3815 4844; x_wconf 81' lang='grc' dir='ltr'>ἧς</span> <span class='ocrx_word' id='word_1_713' title='bbox 3853 4775 4019 4837; x_wconf 82' lang='grc' dir='ltr'>ἴσως,</span> 
     </span>
    </p>
   </div>
   <div class='ocr_carea' id='block_1_104' title="bbox 2450 4863 4020 4935">
    <p class='ocr_par' dir='ltr' id='par_1_104' title="bbox 2450 4863 4020 4935">
     <span class='ocr_line' id='line_1_104' title="bbox 2450 4863 4020 4935; baseline 0.003 -22"><span class='ocrx_word' id='word_1_714' title='bbox 2450 4863 2543 4915; x_wconf 77' lang='grc' dir='ltr'>τοῦ</span> <span class='ocrx_word' id='word_1_715' title='bbox 2576 4863 2907 4933; x_wconf 74' lang='grc' dir='ltr'>βαρὸαρικοῦ</span> <span class='ocrx_word' id='word_1_716' title='bbox 2933 4866 3026 4915; x_wconf 83' lang='grc' dir='ltr'><strong>καὶ</strong></span> <span class='ocrx_word' id='word_1_717' title='bbox 3053 4863 3351 4930; x_wconf 82' lang='grc' dir='ltr'>ἀλλοφύλου</span> <span class='ocrx_word' id='word_1_718' title='bbox 3379 4864 3487 4916; x_wconf 83' lang='grc' dir='ltr'>τῶν</span> <span class='ocrx_word' id='word_1_719' title='bbox 3531 4863 3812 4935; x_wconf 76' lang='grc' dir='ltr'>’Δρράϐων</span> <span class='ocrx_word' id='word_1_720' title='bbox 3847 4883 4020 4917; x_wconf 58' lang='grc' dir='ltr'>κατα-</span> 
     </span>
    </p>
   </div>
   <div class='ocr_carea' id='block_1_105' title="bbox 2454 4955 4025 5027">
    <p class='ocr_par' dir='ltr' id='par_1_105' title="bbox 2454 4955 4025 5027">
     <span class='ocr_line' id='line_1_105' title="bbox 2454 4955 4025 5027; baseline 0.004 -24"><span class='ocrx_word' id='word_1_721' title='bbox 2454 4955 2671 5022; x_wconf 88' lang='grc' dir='ltr'>σχόντος</span> <span class='ocrx_word' id='word_1_722' title='bbox 2712 4955 2808 5017; x_wconf 76' lang='grc' dir='ltr'><strong>τὰς</strong></span> <span class='ocrx_word' id='word_1_723' title='bbox 2859 4955 3039 5024; x_wconf 86' lang='grc' dir='ltr'>χώρας</span> <span class='ocrx_word' id='word_1_724' title='bbox 3083 4955 3290 5021; x_wconf 73' lang='grc' dir='ltr'>ἔθνους,</span> <span class='ocrx_word' id='word_1_725' title='bbox 3321 4958 3422 5008; x_wconf 84' lang='grc' dir='ltr'><strong>οὑκ</strong></span> <span class='ocrx_word' id='word_1_726' title='bbox 3447 4958 3663 5024; x_wconf 73' lang='grc' dir='ltr'>ἐγένετο</span> <span class='ocrx_word' id='word_1_727' title='bbox 3707 4959 3906 5027; x_wconf 80' lang='grc' dir='ltr'>ῥᾷστον</span> <span class='ocrx_word' id='word_1_728' title='bbox 3958 4959 4025 5010; x_wconf 72' lang='grc' dir='ltr'><strong>τά</strong></span> 
     </span>
    </p>
   </div>
   <div class='ocr_carea' id='block_1_106' title="bbox 2455 5047 4024 5120">
    <p class='ocr_par' dir='ltr' id='par_1_106' title="bbox 2455 5047 4024 5120">
     <span class='ocr_line' id='line_1_106' title="bbox 2455 5047 4024 5120; baseline 0.001 -21"><span class='ocrx_word' id='word_1_729' title='bbox 2455 5048 2730 5116; x_wconf 74' lang='grc' dir='ltr'>πρακτικὰ</span> <span class='ocrx_word' id='word_1_730' title='bbox 2762 5047 2896 5115; x_wconf 81' lang='grc' dir='ltr'>πρὸς</span> <span class='ocrx_word' id='word_1_731' title='bbox 2935 5049 3076 5116; x_wconf 80' lang='grc' dir='ltr'>ὑμᾶς</span> <span class='ocrx_word' id='word_1_732' title='bbox 3117 5048 3558 5118; x_wconf 78' lang='grc' dir='ltr'>διακομισθῆναι.</span> <span class='ocrx_word' id='word_1_733' title='bbox 3597 5051 3674 5101; x_wconf 85' lang='grc' dir='ltr'><strong>Δι’</strong></span> <span class='ocrx_word' id='word_1_734' title='bbox 3712 5050 3778 5120; x_wconf 81' lang='grc' dir='ltr'>ἠν</span> <span class='ocrx_word' id='word_1_735' title='bbox 3821 5051 4024 5113; x_wconf 88' lang='grc' dir='ltr'>αἰτίαν,</span> 
     </span>
    </p>
   </div>
   <div class='ocr_carea' id='block_1_107' title="bbox 2455 5138 4030 5208">
    <p class='ocr_par' dir='ltr' id='par_1_107' title="bbox 2455 5138 4030 5208">
     <span class='ocr_line' id='line_1_107' title="bbox 2455 5138 4030 5208; baseline 0.003 -19"><span class='ocrx_word' id='word_1_736' title='bbox 2455 5139 2605 5206; x_wconf 77' lang='grc' dir='ltr'>παρά</span> <span class='ocrx_word' id='word_1_737' title='bbox 2636 5138 2843 5200; x_wconf 86' lang='grc' dir='ltr'>πολλοῖς</span> <span class='ocrx_word' id='word_1_738' title='bbox 2867 5140 2971 5190; x_wconf 89' lang='grc' dir='ltr'><strong>τών</strong></span> <span class='ocrx_word' id='word_1_739' title='bbox 2998 5139 3186 5191; x_wconf 78' lang='grc' dir='ltr'>αὐτόθι</span> <span class='ocrx_word' id='word_1_740' title='bbox 3208 5183 3223 5200; x_wconf 86' lang='grc'><strong>,</strong></span> <span class='ocrx_word' id='word_1_741' title='bbox 3255 5140 3458 5208; x_wconf 80' lang='grc' dir='ltr'>ταύτης</span> <span class='ocrx_word' id='word_1_742' title='bbox 3483 5142 3538 5193; x_wconf 89' lang='grc' dir='ltr'>αἱ</span> <span class='ocrx_word' id='word_1_743' title='bbox 3562 5140 3743 5204; x_wconf 79' lang='grc' dir='ltr'>τάξεις</span> <span class='ocrx_word' id='word_1_744' title='bbox 3769 5155 3816 5197; x_wconf 75' lang='grc' dir='ltr'>ο.</span> <span class='ocrx_word' id='word_1_745' title='bbox 3850 5143 3898 5193; x_wconf 86' lang='grc' dir='ltr'>εἰ</span> <span class='ocrx_word' id='word_1_746' title='bbox 3933 5144 4030 5194; x_wconf 76' lang='grc' dir='ltr'>καὶ</span> 
     </span>
    </p>
   </div>
   <div class='ocr_carea' id='block_1_108' title="bbox 2456 5228 4028 5305">
    <p class='ocr_par' dir='ltr' id='par_1_108' title="bbox 2456 5228 4028 5305">
     <span class='ocr_line' id='line_1_108' title="bbox 2456 5228 4028 5305; baseline 0.003 -23"><span class='ocrx_word' id='word_1_747' title='bbox 2456 5232 2721 5299; x_wconf 81' lang='grc' dir='ltr'>τιμῶνται</span> <span class='ocrx_word' id='word_1_748' title='bbox 2773 5234 2864 5282; x_wconf 79' lang='grc' dir='ltr'>καὶ</span> <span class='ocrx_word' id='word_1_749' title='bbox 2915 5232 3285 5301; x_wconf 84' lang='grc' dir='ltr'>περιέπονται·</span> <span class='ocrx_word' id='word_1_750' title='bbox 3343 5232 3457 5284; x_wconf 81' lang='grc' dir='ltr'>ἀλλ’</span> <span class='ocrx_word' id='word_1_751' title='bbox 3515 5228 3629 5296; x_wconf 74' lang='grc' dir='ltr'>οὖν,</span> <span class='ocrx_word' id='word_1_752' title='bbox 3685 5235 3766 5286; x_wconf 88' lang='grc' dir='ltr'><strong>ὃτι</strong></span> <span class='ocrx_word' id='word_1_753' title='bbox 3821 5235 4028 5305; x_wconf 77' lang='grc' dir='ltr'>ταύτης</span> 
     </span>
    </p>
   </div>
   <div class='ocr_carea' id='block_1_109' title="bbox 2459 5324 3558 5394">
    <p class='ocr_par' dir='ltr' id='par_1_109' title="bbox 2459 5324 3558 5394">
     <span class='ocr_line' id='line_1_109' title="bbox 2459 5324 3558 5394; baseline 0.005 -20"><span class='ocrx_word' id='word_1_754' title='bbox 2459 5325 2614 5386; x_wconf 77' lang='grc' dir='ltr'>εἰσὶν,</span> <span class='ocrx_word' id='word_1_755' title='bbox 2649 5324 2723 5387; x_wconf 82' lang='grc' dir='ltr'>ὣς</span> <span class='ocrx_word' id='word_1_756' title='bbox 2753 5342 2935 5394; x_wconf 78' lang='grc' dir='ltr'>φασιν,</span> <span class='ocrx_word' id='word_1_757' title='bbox 2961 5327 3057 5377; x_wconf 78' lang='grc' dir='ltr'><strong>οὑκ</strong></span> <span class='ocrx_word' id='word_1_758' title='bbox 3087 5326 3223 5378; x_wconf 70' lang='grc' dir='ltr'>εἰσὶν</span> <span class='ocrx_word' id='word_1_759' title='bbox 3254 5328 3312 5378; x_wconf 81' lang='grc' dir='ltr'>ὲν</span> <span class='ocrx_word' id='word_1_760' title='bbox 3338 5324 3558 5394; x_wconf 85' lang='grc' dir='ltr'>γνώσει.</span> 
     </span>
    </p>
   </div>
   <div class='ocr_carea' id='block_1_110' title="bbox 2537 5496 4032 5572">
    <p class='ocr_par' dir='ltr' id='par_1_110' title="bbox 2537 5496 4032 5572">
     <span class='ocr_line' id='line_1_110' title="bbox 2537 5496 4032 5572; baseline 0 -18"><span class='ocrx_word' id='word_1_761' title='bbox 2537 5501 2644 5568; x_wconf 85' lang='grc' dir='ltr'>μγ’.</span> <span class='ocrx_word' id='word_1_762' title='bbox 2675 5501 2794 5571; x_wconf 75' lang='grc' dir='ltr'>Χρὴ</span> <span class='ocrx_word' id='word_1_763' title='bbox 2816 5501 2858 5553; x_wconf 87' lang='grc' dir='ltr'>δ’</span> <span class='ocrx_word' id='word_1_764' title='bbox 2885 5496 2976 5553; x_wconf 77' lang='grc' dir='ltr'><strong>οὖν</strong></span> <span class='ocrx_word' id='word_1_765' title='bbox 3001 5502 3092 5554; x_wconf 62' lang='grc' dir='ltr'><strong>καὶ</strong></span> <span class='ocrx_word' id='word_1_766' title='bbox 3112 5500 3316 5569; x_wconf 83' lang='grc' dir='ltr'>ταύτην</span> <span class='ocrx_word' id='word_1_767' title='bbox 3343 5500 3616 5571; x_wconf 79' lang='grc' dir='ltr'>(καθάπερ</span> <span class='ocrx_word' id='word_1_768' title='bbox 3646 5501 3911 5571; x_wconf 73' lang='grc' dir='ltr'>ἑφθημεν)</span> <span class='ocrx_word' id='word_1_769' title='bbox 3937 5519 4032 5572; x_wconf 74' lang='grc' dir='ltr'>με·</span> 
     </span>
    </p>
   </div>
   <div class='ocr_carea' id='block_1_111' title="bbox 2464 5594 4033 5666">
    <p class='ocr_par' dir='ltr' id='par_1_111' title="bbox 2464 5594 4033 5666">
     <span class='ocr_line' id='line_1_111' title="bbox 2464 5594 4033 5666; baseline 0.003 -22"><span class='ocrx_word' id='word_1_770' title='bbox 2464 5594 2600 5662; x_wconf 76' lang='grc' dir='ltr'>γάλη</span> <span class='ocrx_word' id='word_1_771' title='bbox 2609 5612 2634 5642; x_wconf 87' lang='grc' dir='ltr'><strong>ν</strong></span> <span class='ocrx_word' id='word_1_772' title='bbox 2665 5609 2718 5645; x_wconf 88' lang='grc' dir='ltr'><strong>τε</strong></span> <span class='ocrx_word' id='word_1_773' title='bbox 2751 5597 2844 5646; x_wconf 74' lang='grc' dir='ltr'><strong>καὶ</strong></span> <span class='ocrx_word' id='word_1_774' title='bbox 2879 5594 3036 5662; x_wconf 77' lang='grc' dir='ltr'>ἁγίαν</span> <span class='ocrx_word' id='word_1_775' title='bbox 3064 5594 3156 5648; x_wconf 73' lang='grc' dir='ltr'>καὶ</span> <span class='ocrx_word' id='word_1_776' title='bbox 3187 5595 3594 5666; x_wconf 73' lang='grc' dir='ltr'>οἰκουμενικὴν,</span> <span class='ocrx_word' id='word_1_777' title='bbox 3644 5597 3737 5647; x_wconf 70' lang='grc' dir='ltr'>καὶ</span> <span class='ocrx_word' id='word_1_778' title='bbox 3765 5597 3883 5659; x_wconf 79' lang='grc' dir='ltr'>ταῖς</span> <span class='ocrx_word' id='word_1_779' title='bbox 3928 5595 4033 5666; x_wconf 75' lang='grc' dir='ltr'><strong>πρὸ</strong></span> 
     </span>
    </p>
   </div>
   <div class='ocr_carea' id='block_1_112' title="bbox 2069 5749 2742 5810">
    <p class='ocr_par' dir='ltr' id='par_1_112' title="bbox 2069 5749 2742 5810">
     <span class='ocr_line' id='line_1_112' title="bbox 2069 5749 2742 5810; baseline 0.004 -4"><span class='ocrx_word' id='word_1_780' title='bbox 2069 5750 2302 5806; x_wconf 66' lang='lat' dir='ltr'><strong>VAlll/E</strong></span> <span class='ocrx_word' id='word_1_781' title='bbox 2348 5749 2742 5810; x_wconf 68' lang='lat' dir='ltr'><strong>LEC&#39;I&#39;lONES.</strong></span> 
     </span>
    </p>
   </div>
   <div class='ocr_carea' id='block_1_113' title="bbox 889 5882 1969 5952">
    <p class='ocr_par' dir='ltr' id='par_1_113' title="bbox 889 5882 1969 5952">
     <span class='ocr_line' id='line_1_113' title="bbox 889 5882 1969 5952; baseline 0.006 -19"><span class='ocrx_word' id='word_1_782' title='bbox 889 5888 913 5917; x_wconf 81' lang='grc'>⁸</span> <span class='ocrx_word' id='word_1_783' title='bbox 947 5882 1046 5952; x_wconf 76' lang='lat' dir='ltr'><strong>leg.</strong></span> <span class='ocrx_word' id='word_1_784' title='bbox 1079 5883 1408 5952; x_wconf 66' lang='lat' dir='ltr'><strong>xupwflz&#39;vza.</strong></span> <span class='ocrx_word' id='word_1_785' title='bbox 1491 5896 1514 5924; x_wconf 78' lang='grc' dir='ltr'>ι</span> <span class='ocrx_word' id='word_1_786' title='bbox 1548 5886 1631 5939; x_wconf 85' lang='grc' dir='ltr'>ῖσ.</span> <span class='ocrx_word' id='word_1_787' title='bbox 1682 5885 1969 5952; x_wconf 77' lang='grc' dir='ltr'>διατάξεις.</span> 
     </span>
    </p>
   </div>
  </div>
