4248 6444
297 400 393 461 741

1441 401 1975 463 EPISTULARUM
2015 402 2243 462 LIBER
2283 402 2332 463 Ι.

3419 403 3526 465 762

300 512 468 582 αὐτῆς
502 510 559 576 ἒξ
590 512 827 575 συνόδοις
844 514 1356 586 συνανακηρύττειν.
1385 516 1458 567 Τὸ
1478 516 1586 585 γὰρ
1621 516 1695 586 μὴ
1722 515 1864 569 οὕτω
1893 528 1936 576 Α
1969 531 1977 567 ι

1846 534 1864 568 ι
1893 528 1936 576 Α
1969 515 2117 569 ribus
2161 514 2486 585 publicetur.
2520 512 2653 569 Nam
2684 515 2729 569 si
2770 512 2870 567 hoc
2904 513 3018 569 ﬁeri
3050 516 3370 587 negligatur,
3420 517 3523 571 im-

289 602 717 670 διαπράττεσθαι
763 606 857 656 καὶ
894 608 1088 671 ποιεῖν,
1140 605 1355 675 πρῶτον
1384 607 1481 675 μέν
1512 609 1715 659 ἀδικεῖν
1745 610 1860 660 ἐστι

288 695 390 762 τὴν
436 693 530 746 τοῦ
581 694 819 763 Χριστοῦ
890 697 1235 766 Ἐκκλησίαν,
1311 699 1646 770 τηλικαύτην
1692 701 1859 769 ὑπερ-

300 787 542 855 ορῶντας
573 788 810 854 σύνοδον,
842 790 936 843 καὶ
968 790 1206 862 τοσούτῳ
1243 790 1397 861 μέρει
1428 792 1520 844 τὸν
1566 792 1857 858 σύνδεσμον

288 880 458 948 αὐτῆς
508 882 599 932 καὶ
642 882 742 951 τὴν
787 883 1084 950 συνάφειαν
1122 883 1461 946 διασπῶντας
1493 885 1589 937 καὶ
1612 883 1853 936 διαλύον-

283 988 407 1034 τας.
448 973 708 1043 Δεύτερον
728 974 782 1024 δὲ
809 1014 823 1035 ,
854 975 945 1026 καὶ
973 975 1081 1027 τῶν
1118 976 1638 1045 είκονομαχούντων,
1670 969 1745 1029 ῶν
1768 977 1857 1028 ού-

286 1062 376 1114 δὲν
421 1064 641 1117 ἔλαττον
681 1065 787 1116 τῶν
828 1067 1001 1120 ἄλλων
1042 1068 1353 1136 αἱρετικῶν,
1392 1064 1450 1121 εὖ
1495 1066 1591 1120 οἷδ’
1644 1068 1724 1120 ὅτι
1755 1086 1854 1137 μυ-

289 1158 578 1208 σάττεσθαι
610 1158 636 1197 b
667 1159 727 1211 τὸ
772 1159 1109 1230 δυσσέϐημα,
1160 1161 1448 1214 πλατύνειν
1476 1163 1592 1215 ἐστὶ
1624 1163 1691 1215 τὰ
1738 1162 1855 1214 στό-

288 1264 457 1315 ματα·
497 1250 618 1317 οὐχὶ
648 1251 997 1321 οίκουμενικῇ
1032 1253 1232 1323 συνόδῳ
1258 1252 1355 1324 τὴν
1381 1253 1557 1306 αὐτῶν
1592 1252 1848 1323 καθαιρε-

286 1338 447 1406 θῆναι
468 1339 804 1404 δυσσέϐειαν,
839 1343 952 1394 ἀλλ’
985 1344 1099 1407 ἐνὸς
1134 1344 1324 1414 θρόνου
1352 1346 1548 1416 κρίσει,
1573 1345 1672 1412 τὴν
1694 1344 1850 1414 δίκην

286 1433 531 1501 ὑπέχειν,
566 1437 837 1504 πρόφασιν
865 1437 1097 1505 ἐχόντων
1136 1440 1214 1499 είς
1242 1440 1301 1489 τὸ
1328 1438 1734 1508 τερατεύεσθαι.

362 1523 467 1590 μδ’.
508 1526 584 1575 Δι’
613 1525 757 1596 ἅπερ
783 1527 1018 1590 ᾶπαντα,
1044 1528 1099 1579 ἐν
1124 1545 1181 1580 τε
1207 1532 1318 1591 τοῖς
1346 1530 1641 1591 συνοδικοῖς
1664 1529 1845 1598 γράμ-

288 1631 456 1681 μασι,
514 1618 606 1668 καὶ
685 1619 745 1671 ἐν
824 1619 1011 1679 ἄλλαις
1076 1621 1314 1678 ἁπάσαις
1370 1622 1847 1689 ἐκκλησιαστικαῖς

286 1706 551 1773 ἱστορίαις
606 1710 699 1761 καὶ
765 1712 1145 1780 συζητήσεσιν,
1204 1712 1454 1781 ἀριθμεῖν
1511 1713 1715 1782 ταύτην
1754 1730 1847 1765 και

285 1800 712 1867 συγκαταλέγειν
773 1805 890 1864 ταῖς
962 1803 1147 1870 ἁγίαις
1191 1806 1287 1857 καὶ
1346 1808 1745 1873 οίκουμενικαῖς
1784 1806 1843 1871 ἐξ

285 1890 525 1950 συνόδοις
545 1930 559 1954 ,
586 1890 818 1960 ἐϐδόμην
849 1894 1171 1959 μετακείνας
1209 1904 1231 1931 ο
1259 1893 1566 1956 τάττοντας,
1591 1893 1848 1965 ἀξιοῦμέν

283 1997 365 2040 τε,
399 1982 493 2032 καὶ
543 1981 619 2043 ὼς
654 1983 899 2050 ἀδελφοῖς
941 1984 1178 2051 ἀδελφοὶ,
1212 1985 1582 2055 παραινοῦμεν
1617 1986 1687 2038 τὰ
1717 1988 1848 2058 πρέ-

286 2090 458 2126 ποντα
486 2074 705 2144 είσηγού
714 2093 884 2145 μενοι.

362 2171 464 2233 με’.
505 2166 735 2236 Χριστὸς
765 2169 842 2231 δὲ,
873 2170 902 2221 ὁ
936 2168 1186 2239 ἀληθινὸς
1218 2170 1348 2233 Θεὸς
1374 2171 1551 2242 ὴμῶν,
1578 2174 1606 2225 ό
1636 2171 1849 2244 πρῶτος

285 2257 382 2309 καὶ
418 2258 588 2327 μέγας
632 2260 939 2330 ἀρχιερεὺς,
980 2264 1009 2313 ὀ
1039 2261 1282 2315 ἑκούσιον
1313 2263 1451 2334 ὑπὲρ
1475 2264 1629 2333 ἡμῶν
1658 2267 1849 2319 ἑαυτὸν

287 2348 787 2421 καλλιερησάμενος
833 2352 1081 2420 σφάγιον,
1113 2355 1211 2406 καὶ
1255 2356 1311 2407 τὸ
1353 2357 1551 2408 οἰκεῖον
1584 2351 1722 2426 αἷμα
1751 2356 1847 2409 λύ-

283 2459 415 2512 τρον
438 2445 576 2513 ὑπὲρ
603 2444 759 2513 ἡμῶν
781 2445 1163 2514 καταθέμενος,
1185 2447 1301 2517 δοίη
1328 2448 1427 2517 μέν
1452 2450 1551 2519 τὴν
1581 2450 1847 2521 ὑμετέραν

286 2536 673 2606 ἀρχιερατικὴν
698 2537 792 2590 καὶ
810 2539 995 2607 τιμίαν
1020 2540 1259 2611 κεφαλὴν
1286 2541 1516 2610 κρείττω
1536 2543 1643 2594 τῶν
1666 2542 1848 2615 κύκλῳ

290 2629 697 2699 καθισταμένων
736 2629 1087 2702 βαρϐαρικῶν
1136 2632 1305 2685 ἐθνῶν
1334 2632 1586 2702 ὀφθῆναι·
1630 2635 1745 2705 δοίη
1790 2636 1847 2687 δὲ

286 2720 519 2790 γαληνὸν
560 2721 653 2774 καὶ
701 2724 906 2792 ἡρεμον
940 2723 1181 2788 ἐξανύειν
1224 2726 1313 2777 τὸν
1340 2724 1431 2776 τοῦ
1469 2724 1583 2793 βίου
1626 2727 1844 2797 δρόμον⁶

285 2810 405 2879 δοίη
433 2811 489 2863 δὲ
520 2816 701 2882 τυχεῖν
735 2816 828 2865 καὶ
857 2815 954 2883 τῆς
985 2815 1095 2867 ἄνω
1124 2816 1475 2885 κληρουχίας,
1503 2818 1847 2888 ἀνεκλαλήτῳ

287 2905 435 2973 χαρᾷ
471 2907 565 2957 καὶ
598 2906 925 2975 εὐφροσύνῃ,
958 2906 1086 2959 ἔνθα
1118 2909 1335 2961 πάντων
1372 2910 1518 2961 ἐστὶν
1561 2911 1848 2980 εὐφραινο-

291 2996 468 3063 μένων
497 2998 529 3065 ἡ
560 2997 808 3049 κατοικία
832 3038 847 3061 ,
882 3000 976 3051 καὶ
1020 2995 1086 3070 ἦς
1118 3000 1327 3070 ἀπέδρα
1372 3002 1531 3070 ὀδύνη
1573 3004 1723 3055 πᾶσα
1755 3006 1849 3056 καὶ

290 3089 595 3159 στεναγμὸς
624 3092 718 3143 καὶ
765 3092 1054 3161 κατήφεια·
1085 3096 1143 3146 ἐν
1180 3094 1329 3163 αὐτῷ
1360 3095 1578 3167 Χριστῷ
1608 3096 1686 3167 τῷ
1711 3096 1846 3165 ἀλη-

1962 606 2151 673 primis
2180 606 2382 662 Christi
2415 605 2655 661 Ecclesia
2698 606 2894 675 injuria
2925 607 3173 670 alﬁcitur,
3215 608 3301 661 ubi
3326 607 3447 661 talis
3469 618 3525 661 et

1960 708 2107 753 tanta
2136 700 2372 769 synodus
2397 701 2673 769 despectui
2706 700 2954 765 habetur,
2984 710 3040 753 et
3061 699 3231 769 ipsius
3253 701 3440 765 capula
3468 709 3523 754 et

1959 792 2271 856 conjunctio
2292 808 2386 861 per
2413 793 2536 846 talis
2563 793 2703 846 modi
2730 794 2895 862 partis
2918 793 3324 846 temerationem
3347 793 3521 847 disso-

1958 884 2066 936 luta
2119 884 2466 953 discerpitur.
2515 884 2783 950 Secundo,
2818 885 3026 939 accedit
3052 885 3193 953 quod
3242 885 3519 938 iconoma-

1956 977 2183 1029 chorum
2218 977 2484 1045 impietas,
2514 980 2812 1045 quam'scio
2844 994 2942 1032 vos
2973 994 3083 1031 non
3125 980 3303 1031 minus
3364 979 3517 1031 dete-

1954 1068 2083 1122 stari
2115 1084 2273 1135 quam
2293 1069 2517 1123 aliorum
2542 1069 2941 1135 haereticorum,
2974 1086 3065 1123 ora
3094 1070 3471 1124 distendentur
3499 1087 3514 1135 ;

1954 1176 2081 1214 cum
2117 1176 2223 1212 non
2261 1177 2356 1229 per
2380 1162 2641 1231 synodum
2675 1163 3053 1222 universalem,
3078 1162 3172 1215 sed
3204 1161 3364 1214 unius
3399 1171 3518 1213 tan-

1956 1261 2069 1304 tum
2123 1253 2263 1306 sedis
2290 1255 2617 1307 sententiam
2664 1255 2905 1323 ipsorum
2938 1255 3155 1323 impiam
3205 1254 3516 1322 opinionem

1952 1344 2208 1398 dililatam
2239 1354 2291 1398 et
2314 1346 2518 1413 judicio
2550 1346 2880 1408 damnatam,
2911 1362 3031 1399 cum
3058 1346 3287 1415 quadam
3319 1345 3515 1413 proba-

1951 1436 2161 1490 bilitate
2186 1438 2644 1506 ampullabuntur.

2024 1529 2110 1580 44.
2152 1526 2231 1581 0b
2258 1529 2359 1581 ista
2399 1530 2579 1581 omnia
2611 1545 2882 1599 rogamus,
2909 1540 2966 1583 et
2998 1538 3056 1582 ut
3086 1531 3279 1583 fratres
3309 1543 3516 1597 germa—

1948 1633 2047 1670 nos
2064 1628 2274 1673 nostros
2291 1619 2656 1683 exhortamur,
2688 1632 2743 1673 ut
2760 1622 2899 1689 quod
2919 1638 3011 1689 par
3031 1629 3085 1674 et
3105 1637 3316 1689 aequum
3349 1630 3430 1673 est
3457 1620 3514 1674 in

1950 1726 2104 1761 usum
2146 1710 2451 1784 inducatur,
2501 1712 2758 1764 nimirum
2806 1723 2863 1764 ut
2890 1715 2941 1763 in
2988 1712 3257 1782 synodicis
3297 1710 3509 1772 litteris,

1948 1800 2437 1868 etqu‘ibuscunque
2467 1800 2587 1853 aliis
2637 1801 3021 1854 ecclesiasticis
3054 1801 3215 1853 rebus
3254 1799 3437 1867 gestis,
3459 1806 3514 1850 et

1949 1893 2309 1960 quaestionum
2356 1892 2743 1961 agitationibus
2779 1933 2794 1958 ,
2847 1894 2961 1946 haec
3008 1894 3235 1961 septima
3276 1890 3513 1959 synodus

1947 1984 2136 2037 eodem
2164 1994 2354 2037 tenore
2384 1984 2663 2051 collocata,
2708 2000 2830 2040 cum
2865 1986 3074 2039 caeteris
3101 1999 3195 2038 sex
3225 1984 3427 2037 sanctis
3457 1990 3513 2036 et

1946 2078 2299 2131 oecumenicis
2326 2079 2600 2130 recitetur.

2016 2168 2104 2224 45.
2147 2169 2396 2223 Christus
2443 2177 2622 2223 autem
2652 2184 2810 2223 verus
2852 2168 2940 2224 ille
2972 2169 3114 2224 Deus
3156 2179 3364 2230 noster,
3423 2168 3511 2222 ille

1946 2263 2200 2330 princeps
2230 2271 2282 2315 et
2322 2263 2587 2317 maximus
2622 2263 2981 2329 sacerdotum,
3014 2264 3104 2331 qui
3154 2272 3509 2332 spontaneam

1947 2366 2004 2406 se
2030 2368 2127 2421 pro
2156 2353 2311 2407 nobis
2332 2354 2598 2407 oﬂerebat
2624 2354 2877 2419 hostiam,
2909 2367 2958 2407 et
2990 2353 3266 2423 proprium
3295 2353 3511 2422 sangui-

1947 2460 2072 2498 nem
2122 2455 2320 2499 nostrae
2355 2446 2740 2515 redemptionis
2772 2447 3007 2514 pretium
3046 2462 3142 2515 pro
3172 2446 3329 2499 nobis
3376 2461 3509 2499 con-

1946 2536 2091 2599 tulit,
2115 2538 2377 2591 concedat
2410 2549 2468 2592 ut
2513 2537 3003 2593 archisacerdotale
3050 2549 3291 2592 vestrum
3317 2547 3372 2591 et
3411 2553 3509 2591 ve-

1947 2629 2242 2683 nerandum
2275 2641 2456 2699 caput,
2488 2644 2650 2698 supra
2688 2630 2965 2688 barbaras.
2990 2645 3109 2697 qua:
3136 2630 3190 2682 in
3225 2630 3509 2698 procinctu

1948 2721 2374 2786 circumsistunt,
2432 2722 2679 2776 nationes
2705 2722 2977 2776 attollatur
3006 2739 3021 2786 ;
3053 2722 3315 2776 concedat
3356 2729 3509 2775 tran-

1948 2813 2172 2881 quillum
2208 2816 2359 2869 vobis
2406 2824 2463 2869 et
2486 2816 2730 2885 quietum
2778 2815 2880 2868 vita
2920 2828 3155 2868 cursum
3198 2813 3506 2877 conficere;

1949 2906 2037 2960 det
2061 2916 2119 2960 ut
2138 2908 2486 2976 consequaris
2514 2918 2712 2962 sortem
2747 2907 2888 2960 illam
2915 2922 3199 2975 supernam
3227 2921 3348 2959 cum
3383 2922 3511 2973 gau-

1948 2996 2038 3050 dio
2089 2997 2453 3065 inexplicabili
2487 3007 2544 3051 et
2583 2999 2997 3057 delectamento,
3025 2996 3115 3050 ubi
3149 2997 3248 3049 sita
3297 2996 3508 3049 exhila-

1949 3096 2185 3141 ratorum
2219 3088 2497 3151 habitatio,
2527 3103 2557 3141 a
2582 3103 2685 3157 qua
2710 3088 2917 3141 exsulat
2936 3086 3113 3140 omnis
3144 3087 3315 3152 dolor,
3342 3088 3511 3156 gemi-

287 3178 421 3249 θινῷ
459 3179 577 3249 Θεῷ
617 3180 794 3251 ἡμῶν,
823 3176 867 3249 ᾧ
896 3184 930 3252 ή
958 3182 1083 3246 δόξα
1128 3184 1222 3235 καὶ
1265 3183 1325 3236 τὸ
1370 3184 1568 3254 κράτος
1596 3186 1676 3247 εἰς
1723 3186 1847 3247 τοὺς
1872 3206 1916 3264 c
1953 3187 1964 3232 l

1829 3203 1916 3264 ;c
1953 3187 2038 3232 tus
2070 3187 2123 3232 et
2162 3179 2391 3247 dejectio
2422 3180 2621 3243 vultus,
2650 3195 2746 3248 per
2780 3179 2952 3248 ipsum
2991 3177 3287 3241 Christum,
3338 3180 3506 3233 Deum

288 3272 492 3334 αἰῶνας
537 3273 647 3326 τῶν
681 3272 911 3327 αἰώνων.
955 3275 1148 3345 Ἀμήν.

372 3450 815 3523 ’Υπερευχόμεθα
847 3452 1000 3523 ὑμῶν
1050 3453 1193 3506 κατά
1232 3452 1388 3523 χρέος
1431 3453 1529 3523 τῆς
1578 3454 1848 3524 πατρικῆς

286 3552 584 3616 ὁσιότητος,
616 3546 925 3615 μέμνησθαι
950 3546 1043 3598 καὶ
1065 3546 1213 3598 αὐτοὶ
1240 3546 1337 3615 τῆς
1359 3548 1390 3614 ἡ
1400 3545 1515 3615 μῶν
1543 3546 1620 3616 μὴ
1647 3545 1848 3599 διαλεί-

291 3658 444 3693 πίιιτε
474 3638 843 3707 μετριότητος.

890 3726 1112 3779 ΕΠΙΣΤ.
1154 3725 1252 3779 ΙΔ’.

372 3822 503 3876 Ἀπὸ
536 3820 645 3887 τῆς
674 3820 1011 3888 ὑπερορίας,
1041 3819 1191 3887 πρὸς
1220 3818 1361 3883 τοὺς
1384 3818 1768 3882 ἐπισκόπους.

1949 3279 2193 3323 nostrum
2248 3287 2456 3336 verum,
2493 3271 2576 3326 cui
2616 3271 2784 3341 gloria
2830 3279 2884 3325 et
2934 3280 3171 3340 potestas
3200 3271 3255 3325 in
3311 3272 3507 3326 secula

1944 3363 2285 3416 seculorum.
2318 3362 2512 3415 Amen.

2013 3452 2373 3521 Maximopere
2402 3468 2498 3507 vos
2522 3470 2771 3525 rogamus
2795 3461 2853 3507 ut
2880 3454 3030 3523 juxta
3054 3452 3294 3507 debitum
3323 3462 3506 3522 pater-

1944 3560 2027 3597 nae
2056 3544 2375 3605 sanctitatis,
2404 3560 2471 3599 ne
2495 3546 2671 3600 velitis
2690 3545 3046 3600 intermittere
3066 3556 3265 3600 nostra:
3300 3548 3507 3601 medio-

1943 3632 2145 3686 critatis
2169 3633 2499 3687 meminisse.

2537 3725 2754 3782 EPIST.
2786 3727 2919 3782 XIV.

2319 3823 2399 3875 Ad
2422 3824 2703 3891 episcopos,
2732 3824 2796 3875 ab
2812 3823 2993 3876 exsilio
3013 3839 3125 3875 suo.

1388 3938 1526 3988 Edita
1550 3952 1577 3986 a
1610 3938 1902 3987 Montacutio
1935 3940 2038 4001 (ep.
2063 3939 2166 3998 174,
2189 3954 2238 4001 p.
2261 3942 2393 4000 ειδ).

373 4052 512 4119 Ἐγὼ
534 4049 798 4119 θαυμάζω
824 4044 939 4108 πῶς
958 4045 1099 4098 οὕτω
1132 4045 1357 4115 ταχέως,
1391 4046 1537 4108 ὅστις
1567 4044 1695 4097 ποτὲ
1724 4045 1839 4097 ἐστὶ

288 4145 517 4204 ἐκεῖνος,
548 4140 644 4207 τῆς
669 4137 821 4208 ἡμῶν
854 4136 1142 4188 ἐπελάθετο
1172 4135 1418 4202 φύσεως⁶
1453 4135 1572 4186 οὐδὲ
1593 4135 1699 4204 γὰρ
1732 4134 1838 4186 οὐδ’

2017 4043 2206 4097 Mirum
2242 4046 2385 4099 unde
2418 4044 2530 4109 ﬁat,
2552 4054 2612 4098 ut
2643 4047 2686 4099 is
2707 4047 3017 4114 quicunque
3043 4043 3259 4097 tandem
3288 4044 3375 4097 ille
3410 4044 3499 4109 sit,

1946 4153 2103 4205 quem
2129 4138 2386 4207 intelligo,
2410 4146 2518 4190 tam
2542 4138 2647 4191 cito
2674 4147 2881 4191 natura:
2909 4152 3040 4190 mea:
3062 4137 3503 4205 etdispositionis

286 4236 511 4302 ὀνόματι
566 4231 655 4282 τὸν
708 4228 926 4297 ἔλεγχον
983 4227 1269 4298 βουλοίμην
1317 4226 1382 4279 ἂν
1438 4228 1838 4296 προσενεγκεῖν,
1878 4244 1963 4320 Βε

1824 4266 1838 4287 ,
1878 4267 1919 4320 D
1949 4229 2017 4281 sit
2061 4228 2295 4281 oblitus:
2348 4243 2524 4297 neque
2591 4230 2733 4282 enim
2780 4229 2911 4281 libet
2967 4229 3113 4283 illum
3168 4229 3235 4282 de
3283 4230 3501 4283 nomine

285 4326 396 4380 οὐδ’
436 4325 501 4377 ἂν
537 4320 657 4375 ετιά
694 4321 1030 4392 προσραγείη
1084 4320 1489 4390 αὐθαδέστερον.
1552 4319 1702 4371 Ἐπεὶ
1750 4320 1845 4370 καὶ

290 4420 421 4489 ῥᾷον
461 4417 571 4486 ὁρῶ
600 4416 723 4477 τοὺς
756 4413 979 4475 πολλοὺς
1007 4411 1083 4481 τῷ
1120 4412 1227 4464 τῶν
1265 4412 1504 4481 ἐλέγχων
1534 4410 1845 4480 ἀπροσώπῳ

286 4509 769 4578 νουθετουμένους,
818 4509 850 4576 ἢ
899 4508 997 4577 τὴν
1048 4510 1105 4559 ἐν
1138 4505 1475 4575 προσηγορίᾳ
1530 4504 1844 4573 παραίνεσιν

286 4601 572 4669 φέροντας.
610 4598 768 4650 Ἀλλά
802 4597 915 4659 πῶς
948 4596 1089 4648 οὕτω
1121 4596 1309 4647 θᾶττον
1334 4595 1482 4663 ἡμᾶς
1506 4594 1680 4645 ὀπίσω
1712 4593 1845 4662 μνή-

291 4710 399 4762 μης
430 4692 659 4761 ἀφῆκεν,
701 4690 839 4743 ῶστε
880 4690 974 4740 καὶ
1019 4688 1283 4756 τοσαύτην
1317 4686 1472 4755 ἡμῶν
1511 4685 1710 4747 ἄνοιαν,
1754 4686 1844 4737 καὶ

289 4783 449 4835 θείων
492 4783 669 4851 νόμων
718 4782 1007 4852 ὀλιγωρίαν
1056 4780 1328 4832 ἐπιϐαλεῖν
1351 4790 1402 4843 e;
1448 4778 1607 4830 πόθεν
1646 4778 1700 4829 δέ
1752 4778 1843 4829 ἐπὶ

289 4874 540 4926 τοσοῦτον
596 4876 689 4943 τῆς
747 4874 904 4943 ἡμῶν
959 4872 1409 4938 κατεξανίσταται
1470 4871 1841 4941 μετριότητος;

292 4966 493 5036 μᾶλλον
523 4965 580 5019 δέ
601 4965 683 5027 τίς
708 4964 869 5017 αὑτὸν
896 4968 974 5028 εἰς
1005 4964 1337 5034 τηλικαύτην
1363 4962 1556 5033 ἀθρόον
1584 4963 1845 5016 ἀνάϐασιν

291 5056 524 5125 ὕψωσεν,
564 5055 701 5108 ὥστε
734 5058 825 5108 καδ⁸
862 5056 1026 5125 μηδὲν
1054 5055 1209 5126 ⁴ἡμῶν
1238 5054 1641 5123 φθεγγομένων,
1682 5055 1843 5106 αὑτὸν

289 5150 439 5217 ὅμως
497 5146 736 5209 ἀκούειν,
783 5148 874 5199 καὶ
925 5146 1045 5215 μηδ’
1095 5147 1187 5197 ἐπὶ
1247 5144 1503 5214 λογισμὸν
1562 5143 1839 5196 τοιοῦτονῐ

290 5242 552 5311 ἡκόντων,
603 5241 831 5305 ἐκεῖνον,
875 5238 1064 5308 ῶσπερ
1112 5237 1218 5290 ἀπό
1247 5254 1391 5298 τινος
1441 5238 1698 5301 σκοπιᾶς,
1745 5237 1843 5305 τῆς

290 5331 498 5383 οἴκοθεν
530 5329 827 5399 φαντασίας
868 5328 1148 5397 ἐφορῶντα
1193 5327 1291 5390 τὰς
1326 5326 1582 5395 καρδίας,
1624 5326 1716 5378 καὶ
1746 5328 1843 5395 ἐμ-

291 5420 586 5473 ϐατεύοντα
620 5421 815 5483 αὐτοὺς
845 5421 1026 5472 ἐκεῖνα
1065 5418 1301 5471 συνιέναι
1333 5420 1425 5471 καὶ
1456 5419 1757 5481 κατανοεῖν,
1808 5415 1844 5469 ἃ

294 5514 416 5584 μηδ’
445 5515 654 5577 ἑαυτοῖς
701 5531 842 5577 τινες
873 5512 1323 5581 συνεγνώκεισαν.
1366 5509 1474 5562 Καὶ
1502 5510 1661 5560 πλέον
1700 5507 1840 5571 ἔδοξε

1949 4317 2296 4385 compellare,
2328 4333 2397 4371 ne
2431 4328 2543 4370 tum
2571 4318 2790 4387 quidem
2822 4319 2865 4372 si
2894 4319 3197 4388 protervius
3218 4319 3271 4372 in
3304 4336 3388 4373 me
3418 4320 3500 4373 fe-

1945 4418 2114 4462 ratur.
2158 4409 2395 4478 lntelligo
2433 4411 2579 4463 enim
2610 4412 2890 4479 plurimos,
2933 4426 3054 4464 eum
3102 4412 3201 4464 sub
3255 4411 3399 4464 larva
3448 4422 3503 4465 et

1945 4501 1999 4552 in
2035 4510 2345 4571 tegumenta
2409 4511 2680 4564 taxentur,
2730 4502 2941 4556 facilius
2986 4502 3160 4555 redire
3198 4503 3263 4556 ad
3292 4518 3385 4556 cor
3416 4504 3502 4556 in-

1945 4603 2178 4647 structos
2201 4609 2359 4662 quam
2388 4594 2479 4663 qui
2504 4595 2570 4647 de
2594 4594 2811 4647 nomine
2842 4595 2986 4649 citati
3005 4593 3501 4664 nequaquamferre

1944 4685 2110 4738 velint
2169 4686 2610 4754 increpationem.
2643 4686 2747 4739 Sed
2793 4686 2882 4739 ille
2915 4697 3089 4739 tamen
3124 4686 3364 4755 quisquis
3395 4696 3498 4750 est,

1944 4776 2070 4831 inde
2099 4776 2318 4840 factum,
2354 4788 2410 4830 ut
2443 4785 2549 4831 tam
2570 4777 2675 4830 cito
2704 4788 2902 4832 nostra:
2937 4788 3143 4832 naturae
3177 4778 3339 4831 fuerit
3360 4778 3498 4831 obli-

1945 4878 2053 4932 tus,
2096 4881 2149 4923 ut
2194 4870 2441 4925 amentiae
2471 4886 2556 4924 me
2595 4871 2827 4933 incuset,
2870 4879 2925 4923 et
2980 4870 3279 4923 divinarum
3323 4871 3498 4941 legum

1944 4972 2323 5031 contemptus:
2373 4962 2515 5016 unde
2551 4971 2731 5015 motus
2774 4970 2867 5014 aut
2916 4962 3167 5015 incitatus
3217 4971 3498 5031 tantopere

1944 5054 2187 5107 invectus
2207 5063 2289 5106 est
2311 5054 2363 5106 in
2388 5069 2560 5107 meam
2583 5053 3014 5107 mediocritatem
3042 5053 3201 5114 :imo.
3222 5055 3343 5121 quis
3372 5070 3496 5107 eum

1946 5146 2148 5210 potius,
2176 5145 2310 5198 adeo
2337 5144 2620 5197 sublimem
2639 5144 2853 5209 extulit,
2883 5154 3078 5198 utcum
3106 5144 3330 5199 omnino
3354 5154 3499 5199 tace-

1944 5252 2124 5290 remus
2145 5279 2159 5302 ,
2189 5236 2277 5291 ille
2303 5246 2481 5290 tamen
2509 5251 2608 5290 nos
2633 5236 2933 5291 exaudiret.
2966 5236 3079 5290 lmo
3111 5253 3231 5291 cum
3260 5252 3329 5291 ne
3349 5238 3498 5307 cogi-

1944 5329 2143 5382 tatione
2189 5327 2403 5397 quidem
2462 5328 2661 5397 aliquid
2714 5328 2979 5397 ejusmodi
3013 5331 3499 5399 comprehendere-

1943 5435 2082 5482 mus,
2116 5419 2203 5473 ille
2244 5429 2419 5473 tamen
2454 5436 2483 5473 e
2523 5421 2737 5490 propria
2786 5437 2880 5475 sua
2928 5421 3332 5491 imaginatione,
3379 5432 3496 5475 tan-

1943 5525 2101 5578 quam
2134 5510 2200 5562 ab
2231 5512 2334 5563 alta
2364 5511 2591 5579 quadam
2627 5514 2841 5580 specula
2877 5526 2971 5566 cor
3014 5512 3252 5567 hominis
3297 5512 3495 5566 intuitu

1561 5686 1786 5743 VARIA‘I
1818 5683 2217 5739 LECTIONES.

360 5835 390 5874 δ
421 5834 505 5887 ia.
535 5831 884 5904 μυσάττεσθε.
965 5841 986 5868 ε
1019 5831 1101 5885 ἵσ.
1138 5828 1254 5899 μετ’
1282 5829 1515 5890 ἐκείνας.
1590 5824 1618 5863 α
1648 5826 1801 5888 εἴτις.

1880 5836 1903 5864 ο
1935 5824 2228 5878 ἐπικαλεῖν.
2310 5822 2329 5861 ί
2355 5821 2613 5877 τοιοῦτον.
