4248 6444
750 349 853 412 743

1897 341 2157 403 ΡΙΙΟΤΙΙ
2193 341 2695 402 ΡΛΤΗΙΑΒΟΗιῈ
2730 342 2839 404 CP.

3882 347 3996 413 744

751 479 850 520 suo
884 474 1188 532 permeans,
1222 473 1282 513 ca
1309 454 1669 526 deprehendit
1693 461 1749 509 et
1774 455 2062 518 intellexit,
2089 470 2318 524 quorum
2349 462 2394 517 Α
2422 472 2428 487 ι

2349 462 2394 517 Α
2422 455 2490 508 τα
2517 454 2625 508 τῶν
2656 454 2961 526 ἀνθρώπων
2993 456 3215 523 ειδέναι,
3252 456 3284 526 ἢ
3315 457 3377 511 τὸ
3401 458 3616 530 πνεῦμα
3645 459 3706 513 τὸ
3745 460 3998 513 ἐνοικοῦν

753 570 912 608 nemo
946 553 1048 606 sibi
1087 552 1188 621 ipsi
1225 551 1476 605 conscius
1508 548 1629 601 fuit.
1670 547 1737 602 Et
1767 549 1834 602 de
1873 549 2037 603 rebus
2088 549 2318 602 aliorum

753 645 1012 711 majorem
1082 644 1278 696 habere
1335 641 1506 694 voluit
1556 640 1923 709 cognitionem
1991 652 2317 710 arrogatam,

749 753 910 804 quam
939 737 1163 805 spiritus
1191 736 1436 788 homines
1463 732 1768 786 inhabitans
1800 733 1962 786 habet
2000 751 2013 786 :
2062 743 2116 785 et
2138 742 2317 786 tamen

751 830 967 891 Paulus,
1011 831 1102 896 qui
1143 839 1463 898 proventum
1500 829 1726 881 istorum
1770 827 2050 879 hominum
2082 843 2187 878 non
2222 842 2318 878 ex-

752 925 1050 991 spectabat,
1085 939 1268 992 parem
1300 937 1422 973 cum
1456 921 1645 988 spiritu
1687 920 1922 973 hominis
1955 920 2318 988 cognitionem

748 1018 970 1072 omnino
1005 1017 1286 1084 abnegavit
1321 1016 1476 1069 alicui
1513 1018 1744 1068 futuram
1773 1015 2083 1082 aliquando.
2122 1013 2317 1066 Verum

749 1111 1038 1164 enimvero
1094 1110 1218 1176 quid
1279 1111 1492 1162 tandem
1543 1109 1597 1161 in
1642 1124 1802 1162 causa
1855 1107 2153 1175 reperietur
2199 1123 2319 1160 esse

751 1203 904 1264 tanti,
934 1212 991 1254 ut
1019 1202 1084 1253 de
1106 1200 1385 1268 multiplici
1413 1200 1648 1253 amentia
1679 1201 2016 1260 incusemur,
2049 1199 2115 1252 de
2145 1200 2320 1252 Eccle-

750 1296 827 1347 sia
861 1293 1121 1345 catholica
1147 1292 1378 1360 prodita,
1407 1291 1474 1344 de
1501 1292 1675 1360 legum
1714 1299 2029 1359 contemptu
2056 1291 2320 1343 latarum?

750 1389 877 1457 quid
909 1388 1131 1440 omnino
1170 1387 1471 1456 gessimus?
1499 1386 1624 1453 quid
1665 1386 2029 1454 agitavimus?
2079 1385 2164 1438 cui
2197 1393 2319 1436 tan-

750 1481 872 1530 dem
928 1477 1130 1544 aliquid
1189 1476 1626 1529 enuntiavimus?
1688 1475 1822 1528 Nam
1874 1485 2150 1543 utcunque
2210 1492 2318 1529 non

751 1570 944 1621 iisdem
975 1584 1070 1636 per
1109 1569 1290 1618 omnia
1323 1567 1502 1619 verbis
1539 1567 1847 1620 convicium
1881 1567 2037 1619 nobis
2067 1566 2214 1630 fecit,
2250 1582 2319 1621 ne

751 1668 928 1710 tamen
945 1659 1091 1726 apud
1116 1658 1355 1710 animum
1381 1673 1539 1710 suum
1567 1658 1766 1710 recolat
1796 1665 1850 1709 et
1878 1657 2172 1717 ominetur,
2202 1672 2319 1709 me-

751 1751 871 1802 liori
925 1766 981 1802 se
1027 1765 1146 1803 esse
1194 1750 1503 1802 conditione
1537 1765 1696 1818 quam
1743 1749 1847 1802 erit
1877 1750 1967 1802 ille
2005 1750 2098 1818 qui
2141 1750 2319 1802 taliter

750 1843 911 1893 fuerit
964 1841 1318 1893 conviciatus.
1387 1840 1520 1892 Nam
1571 1855 1678 1892 non
1730 1850 1952 1908 gravant
1991 1855 2211 1893 sensum
2261 1849 2313 1894 et

751 1933 1076 1986 sententiam
1126 1947 1306 1992 voces,
1352 1932 1445 1985 sed
1489 1933 1652 1984 animi
1699 1948 1819 2000 qua:
1868 1941 1953 1985 est
2010 1934 2315 1985 amaritudo

751 2025 1014 2077 dictiones
1062 2023 1286 2076 acerbas
1329 2024 1495 2093 magis
1540 2034 1593 2076 et
1643 2024 2015 2077 intolerabiles
2060 2026 2312 2078 reddunt.

750 2118 884 2170 Cum
925 2131 1052 2168 vero
1095 2116 1259 2168 verba
1302 2117 1647 2169 consentiant
1693 2117 1908 2179 animis,
1949 2125 2004 2168 et
2034 2117 2314 2170 sententia:

751 2207 1017 2258 acerbitas
1062 2220 1185 2257 cum
1232 2209 1499 2257 sermonis
1546 2205 1830 2258 virulentia
1871 2207 2314 2274 correspondeat,

754 2299 888 2350 nihil
922 2300 1148 2350 interest
1190 2313 1257 2349 an
1288 2299 1476 2350 eadem
1513 2298 1700 2350 iisdem
1737 2298 1917 2350 verbis
1948 2299 2312 2366 proferantur,

751 2404 818 2440 an
851 2389 992 2441 idem
1020 2403 1210 2441 sensus
1243 2402 1339 2456 per
1357 2388 1761 2456 aequipollentia
1791 2391 1955 2442 verba
1985 2389 2312 2458 proferatur.

753 2474 908 2539 Quod
951 2476 994 2529 si
1038 2485 1219 2529 autem
1255 2486 1628 2544 tempestatem
1657 2486 1712 2530 et
1742 2479 2008 2532 malorum
2049 2480 2220 2532 salum
2258 2481 2314 2533 in

753 2583 863 2634 quo
914 2568 1147 2621 demersi
1185 2569 1492 2622 collidimur
1542 2571 1902 2638 respiciebat;
1955 2572 1998 2624 si
2055 2573 2314 2626 insultum

756 2660 966 2711 illarum
1005 2660 1372 2713 calamitatum
1395 2661 1592 2730 quibus
1624 2663 1966 2731 Circuntsepli
1994 2665 2316 2733 constringi-

757 2768 898 2813 inur,
931 2752 997 2803 ad
1021 2754 1312 2805 amentiam
1343 2754 1768 2822 referrejuslum
1799 2756 2179 2819 arbitrabatur,
2214 2756 2317 2808 hu-

757 2860 944 2896 manas
969 2846 1053 2896 ille
1077 2847 1292 2898 fovebat
1317 2847 1693 2916 cogitationes,
1729 2856 1782 2902 et
1810 2849 1895 2917 pie
1915 2850 2274 2902 meditabatur
2296 2866 2312 2902 :

757 2939 897 3004 quod
942 2939 1115 2990 solum
1157 2939 1210 2990 in
1257 2940 1374 3003 cius
1408 2940 1633 3008 gratiam
1677 2941 1780 2994 dici
1823 2951 2015 3008 potest.
2056 2941 2314 2994 Malorum

757 3028 902 3080 enim
930 3029 1097 3080 moles
1125 3039 1179 3080 et
1214 3043 1469 3083 excessus
1511 3032 1707 3083 mentis
1730 3032 2056 3084 emotionem
2099 3041 2155 3085 et
2184 3032 2316 3085 alie-

763 3123 1032 3173 nationem
1071 3122 1122 3174 in
1165 3122 1400 3190 graviter
1430 3122 1705 3191 oppressis
1742 3133 2056 3191 operantur.
2084 3125 2237 3188 Quod
2269 3125 2313 3178 si

758 3212 826 3264 de
858 3213 1125 3265 sententia
1160 3227 1254 3265 sua
1288 3213 1488 3280 aliquid
1519 3214 1567 3266 ei
1605 3214 1854 3277 decessit,
1907 3215 2026 3284 plus
2059 3215 2114 3267 in
2162 3216 2320 3270 nobis

759 3304 973 3355 diabolo
1005 3303 1285 3370 potestatis
1312 3305 1573 3357 tributum
1602 3303 1780 3367 dabit,
1813 3321 1972 3372 quam
2005 3307 2132 3359 olim
2158 3308 2206 3359 ei
2235 3306 2323 3358 tri-

761 3395 1028 3447 buebatur
1062 3395 1114 3446 in
1150 3395 1390 3447 divinum
1426 3396 1600 3447 virum
1639 3395 1760 3449 Job.
1800 3395 1931 3449 Nam
1961 3397 2013 3449 in
2041 3397 2182 3450 illius
2210 3399 2322 3450 ani-

766 3501 902 3538 mam
937 3494 1028 3538 aut
1067 3486 1229 3538 vitam
1271 3501 1380 3538 non
1422 3487 1631 3555 accepit
1669 3497 2016 3556 potestatem:
2052 3498 2107 3542 at
2133 3499 2319 3543 contra

761 3593 862 3630 nos
916 3579 1080 3630 etiam
1141 3579 1193 3630 in
1248 3579 1481 3630 animam
1531 3579 1701 3647 ipsam
1756 3581 2074 3649 permissam
2128 3583 2321 3636 habeat

763 3669 1090 3721 facultatem.
1118 3669 1171 3723 ln
1202 3685 1267 3722 eo
1293 3670 1435 3723 enim
1456 3672 1596 3738 quod
1628 3683 1909 3741 postquam
1935 3674 2065 3727 alias
2091 3674 2143 3727 in
2174 3675 2319 3745 leges

760 3778 790 3813 a
837 3762 992 3813 nobis
1037 3762 1387 3815 commissum
1441 3764 1602 3816 etiam
1647 3779 1849 3818 meram
1882 3779 1982 3818 nec
2032 3766 2316 3820 admistam

762 3853 890 3905 mihi
933 3853 1194 3905 insaniam
1232 3853 1462 3919 alIricat,
1494 3855 1777 3909 manifeste
1810 3872 1868 3910 se
1914 3857 2167 3925 patefacit
2217 3859 2318 3912 hoc

762 3942 899 4009 apud
934 3942 1173 3994 animum
1206 3945 1435 4012 agitasse
1463 3952 1518 3998 et
1543 3945 1847 3998 certissimo
1866 3945 1918 3998 id
1948 3947 2316 4002 constituisse.

759 4034 914 4098 Quod
952 4034 997 4087 si
1039 4035 1214 4087 subito
1261 4035 1518 4103 abreptus
1554 4037 1620 4090 ad
1653 4038 1794 4090 hanc
1827 4037 1895 4091 de
1923 4039 2080 4092 nobis
2113 4040 2318 4110 cogita-

761 4129 963 4180 tionem
1010 4125 1129 4192 fuit,
1178 4131 1316 4181 hanc
1356 4127 1443 4181 ille
1493 4127 1632 4182 viam
1669 4129 1881 4184 facilem
1932 4131 2209 4185 adinvenit
2251 4134 2317 4186 ad

757 4220 861 4272 alia
900 4220 1144 4274 convicia
1186 4221 1536 4288 pertexenda.
1571 4220 1640 4275 Ut
1685 4222 1932 4274 omittam
1972 4222 2025 4274 in
2065 4223 2319 4290 przesenti

753 4312 1020 4382 apologia:
1058 4313 1342 4364 artificium
1389 4321 1445 4365 et
1492 4312 1726 4366 fucatam
1772 4314 2030 4382 speciem,
2061 4330 2170 4367 non
2222 4315 2319 4368 dc-

761 4406 878 4457 huit
925 4412 1072 4456 certe
1125 4413 1379 4470 tanquam
1424 4402 1492 4455 de
1533 4404 1650 4456 loco
1690 4405 1955 4472 superiori
2002 4419 2068 4457 ex
2109 4406 2319 4459 insidiis

2423 547 2482 597 ὲν
2524 547 2725 608 αὑτοῖς.
2756 548 2878 598 Κᾶν
2921 547 3165 613 Παῦλος,
3196 549 3304 601 οὐδ’
3335 550 3560 614 ἐλπίσας
3595 551 3808 622 ἀνδρῶν
3837 552 3998 621 τηλι-

2423 636 2628 688 κούτων
2661 637 2876 690 ἔσεσθαι
2909 637 3102 708 φορὰν,
3134 639 3254 692 οὑδέ
3279 638 3377 707 τὴν
3407 640 3529 708 ῖσην
3558 641 3757 709 γνῶσιν
3781 642 3999 710 ἑτέροις

2422 730 2732 782 κατέλιπεν.
2801 730 2960 784 Ἀλλὰ
3004 731 3113 801 γὰρ
3146 733 3307 784 πόθεν
3349 731 3567 804 ήμῶνή
3617 732 3786 802 πολλὴ
3815 751 3996 786 κατα-

2423 823 2740 881 σκεὸάζεται
2771 823 2953 885 ἄνοια,
2993 825 3086 876 καὶ
3116 825 3215 892 τῆς
3257 825 3585 894 Ἐκκλησίας
3613 826 3740 895 ὅλης
3781 829 3814 892 ή
3849 843 3997 894 προ-

2419 914 2597 977 δοσία;
2636 917 2728 967 καὶ
2769 916 2878 967 τῶν
2939 917 3208 984 κειμένων
3262 917 3442 985 νόμων
3496 919 3528 986 ἡ
3584 917 3882 986 ὑπεροψία;
3939 917 3996 967 τί

2421 1006 2774 1075 πραξάντων;
2831 1007 2882 1060 τί
2935 1007 2992 1061 δέ
3043 1009 3466 1076 διανοηθέντων;
3516 1013 3649 1080 πρὸς
3678 1010 3799 1062 τίνα
3833 1011 3889 1062 δέ
3939 1027 3996 1060 τι

2420 1101 2902 1167 ἀπαγγειλάντωνς
2939 1102 3072 1171 μηδὲ
3105 1106 3233 1172 γὰρ,
3265 1104 3346 1154 ὅτι
3373 1105 3484 1165 τοῖς
3515 1105 3694 1166 αὑτοῖς
3721 1106 3744 1143 ⁸
3777 1106 3996 1170 ῥήμασι

2419 1191 2518 1256 τὴν
2548 1189 2701 1258 ὓϐριν
2745 1191 2844 1243 οὑκ
2876 1191 3063 1258 ἔθετο,
3106 1191 3330 1260 ἄμεινόν
3358 1211 3410 1244 τι
3449 1194 3569 1246 καθ’
3603 1193 3757 1263 ήμῶν
3788 1198 3992 1256 εἰπεῖν,

2420 1281 2550 1344 τῶν,
2600 1281 2651 1332 εί
2682 1298 2765 1342 τις
2794 1284 2926 1349 ήμῖν
2957 1283 3026 1335 τά
3069 1283 3295 1334 τοιαῦτα
3346 1284 3685 1353 λοιδορεῖται,
3719 1288 3998 1354 νομιζέτω

2421 1373 2515 1423 καὶ
2547 1371 2844 1440 λογίζοιτο,
2891 1374 2951 1424 οὑ
2996 1376 3106 1443 γὰρ
3131 1375 3190 1427 αἱ
3219 1373 3393 1439 λέξεις
3446 1376 3735 1448 βαρύνουσι
3759 1379 3858 1440 τὰς
3901 1379 3999 1428 ἐνο

2420 1463 2599 1525 νοίαςο
2643 1464 2740 1525 τὰς
2773 1464 2830 1516 δέ
2875 1464 3048 1529 λέξεις
3093 1469 3313 1536 τραχεῖς
3347 1470 3439 1520 καὶ
3471 1469 3772 1538 δυσφόρους
3798 1471 3860 1521 τὸ
3893 1487 3996 1520 πι-

2419 1552 2551 1622 κρὸν
2589 1554 2688 1622 τῆς
2727 1554 2964 1616 διανοίας
3010 1555 3211 1622 μᾶλλον
3267 1557 3580 1625 ἐργάζεται.
3631 1559 3758 1610 Ὅτε
3798 1558 3856 1610 δὲ
3893 1561 4000 1611 καὶ

2419 1643 2590 1706 λέξεις
2622 1647 2738 1706 ταῖς
2771 1645 3032 1709 διανοίαις
3065 1648 3334 1716 ὁμολογεῖ,
3372 1651 3464 1700 καὶ
3503 1651 3561 1700 τὸ
3591 1649 3730 1719 βαρὺ
3765 1651 3866 1719 τῆς
3902 1655 3998 1702 ἰν-

2419 1737 2586 1798 νοίας,
2617 1735 2694 1804 τῷ
2733 1740 2924 1806 τραχεῖ
2955 1740 3238 1808 συντρέχει
3269 1742 3366 1808 τῆς
3401 1741 3623 1804 λέξεως,
3654 1744 3706 1793 τί
3739 1743 3998 1812 διαφέρει

2420 1827 2489 1880 τὰ
2535 1829 2674 1880 αὑτὰ
2709 1830 2817 1880 τῶν
2846 1832 3107 1898 ῥημάτων
3155 1835 3351 1896 είπεῖν,
3382 1834 3414 1901 ῆ
3461 1835 3548 1886 διὰ
3581 1834 3688 1886 τῶν
3729 1838 3859 1886 ῖσων
3886 1837 4000 1899 τὴν

2421 1921 2588 1990 αὑτήν
2629 1923 2978 1991 παραστῆσαι
3021 1923 3294 1987 διάνοιαν;
3352 1924 3490 1977 Ἀλλ’
3523 1927 3572 1977 εί
3604 1925 3701 1994 μέν
3736 1925 3870 1994 πρὸς
3896 1925 4001 1976 τὸν

2420 2018 2745 2085 ἐπιχυθέντα
2787 2019 2916 2086 ήμῖν
2961 2019 3068 2070 τῶν
3101 2018 3289 2070 κακῶν
3340 2018 3557 2088 ἀφορῶν
3591 2019 3856 2088 χειμῶνα,
3891 2022 4001 2070 καὶ

2419 2110 2518 2178 τὴν
2547 2111 2882 2180 πανταχόθεν
2908 2113 3054 2182 ἡμᾶς
3086 2113 3495 2182 περίσχουσανδ
3525 2115 3618 2166 καὶ
3656 2112 4003 2182 συμπιέζουη

2422 2219 2520 2253 σαν
2545 2203 2653 2254 τῶν
2670 2203 2945 2273 δυσχερῶν
2970 2205 3163 2272 φοράν,
3205 2207 3286 2267 είς
3314 2206 3638 2274 παραφορὰν
3664 2207 3848 2256 πεσεῖν
3877 2205 4003 2256 ἐδι-

2422 2296 2676 2356 καίωσεν,
2703 2296 3042 2366 ἀνθρώπινον
3075 2298 3173 2365 μέν
3192 2314 3246 2348 τι
3275 2297 3520 2367 διενοήθη
3549 2299 3642 2350 καὶ
3666 2298 3998 2366 ἐμελέτησε.

2423 2386 2488 2438 Τί
2523 2387 2630 2456 γάρ
2664 2386 2728 2439 ἄν
2775 2404 2857 2449 τις
2891 2387 3038 2450 ἄλλο,
3069 2389 3206 2458 ὑπὲρ
3236 2387 3426 2452 αὑτοῦ,
3475 2389 3568 2441 καὶ
3605 2391 3780 2442 εἰπεῖν
3822 2389 4000 2458 δυνη-

2422 2477 2540 2548 θείη
2565 2496 2581 2544 ;
2609 2481 2672 2530 Δί
2703 2479 2811 2548 γὰρ
2835 2480 3134 2550 ὑπερϐολαὶ
3161 2481 3268 2532 τῶν
3300 2482 3595 2534 κακώσεων
3627 2483 4002 2552 παρατροπὴν

2422 2569 2516 2621 καὶ
2547 2569 2830 2622 ἀλλοίωσιν
2883 2570 2958 2632 ῶς
2990 2573 3058 2623 τὰ
3087 2571 3255 2623 πολλὰ
3284 2575 3393 2633 τοῖς
3430 2573 3788 2642 κακουμένοις
3829 2575 4001 2642 ἐνερ-

2420 2661 2699 2728 γάζονται.
2736 2661 2798 2713 Ei
2843 2664 2935 2714 xui.
2972 2663 3195 2731 μείζονα
3219 2664 3310 2715 τὸν
3345 2667 3578 2734 πονηρὸν
3611 2665 3707 2734 τὴν
3740 2666 4001 2729 ἐξουσίαν

2423 2751 2605 2805 λαϐεῖν
2637 2753 2757 2805 καθ’
2784 2754 2962 2822 ἡμῶν,
2998 2755 3030 2826 ἢ
3064 2756 3240 2807 κατὰί
3279 2756 3371 2808 τοῦ
3404 2758 3692 2812 Θεσπεσίου
3741 2760 3877 2823 Ὶὼὸ,
3904 2755 4003 2823 οἷς

2423 2843 2632 2912 νομίζει
2681 2844 3017 2912 ἐψηφίσατο·
3078 2846 3194 2914 εῐγε
3251 2847 3344 2899 τοῦ
3409 2849 3506 2916 μὲν
3539 2850 3637 2918 τῆς
3672 2850 3846 2919 ψυχῆς
3884 2852 4002 2920 τὴν

2423 2937 2670 2998 ἐξουσίαν
2716 2939 2816 2989 οὑκ
2859 2938 3101 3007 εἴληφεν,
3140 2940 3169 2991 ὁ
3212 2940 3267 2992 δὲ
3299 2940 3418 2992 καθ’
3454 2943 3632 3010 ήμῶν,
3667 2945 3758 2995 καὶ
3780 2946 4002 3012 ταύτης

2423 3028 2570 3097 αὑτῷ
2606 3029 2704 3098 τὴν
2746 3031 3040 3100 κυριότητα
3077 3032 3451 3102 ἐνεχείρησεν·
3493 3033 3554 3096 ἐξ
3585 3027 3661 3087 ὧν
3688 3035 3794 3104 γάρ
3827 3037 4004 3103 ήμῶν

2423 3118 2660 3188 ἄκρατον
2691 3123 2830 3189 μετὰ
2857 3121 2951 3173 τοῦ
2985 3125 3322 3192 παρανομεῖν
3353 3127 3609 3193 καταχέει
3652 3125 3744 3194 τὴν
3778 3128 4000 3193 ἄνοιαν,

2424 3210 2608 3278 σαφῶς
2653 3211 2844 3263 ἐαυτὸν
2892 3211 3130 3264 δεικνύει
3174 3213 3331 3266 τοῦτο
3363 3215 3455 3267 καὶ
3501 3215 3855 3284 λογισάμενον
3887 3221 4001 3270 καὶ

2421 3298 2785 3367 κυριώσαντα.
2838 3302 2982 3370 Πλὴν
3030 3303 3077 3354 εί
3131 3304 3224 3356 καὶ
3255 3305 3388 3373 πρὸς
3429 3306 3632 3376 ταύτην
3666 3309 3793 3377 περὶ
3827 3309 4000 3376 ήμῶν

2422 3392 2670 3464 ὑπεσύρῃ
2701 3395 2800 3464 τὴν
2832 3394 3112 3461 ὑπόνοιαν,
3140 3397 3236 3448 καὶ
3264 3398 3421 3450 τοῦτο
3452 3400 3588 3467 πρὸς
3614 3399 3860 3465 εὐλογιαν
3884 3403 3998 3470 τῆς

2421 3484 2584 3554 ἄλλης
2613 3486 2856 3553 εὑρίσκει
2881 3485 3166 3555 λοιδορίας.
3193 3487 3308 3540 ’Ὶνα
3330 3489 3424 3540 νῦν
3447 3491 3592 3542 ἐάσω
3613 3492 3674 3541 τὸ
3697 3493 3859 3559 σοφὸν
3883 3493 3998 3561 τῆς

2419 3579 2714 3643 ἀπολογίας
2765 3578 2858 3630 καὶ
2911 3577 3218 3650 εὔσχημον,
3255 3583 3419 3651 ἐχρῆν
3467 3583 3565 3635 οὑκ
3611 3585 3992 3650 ἐπιτίθεσθαι,

2418 3669 2535 3720 οὑδὲ
2593 3670 2889 3739 βαρύτερον
2944 3673 3116 3722 ποιεῖν
3169 3672 3230 3724 τὸ
3281 3674 3452 3736 πάθος
3501 3675 3716 3726 οἰκείων
3772 3676 3995 3745 ὕϐρεων

2420 3758 2706 3829 προσθήκῃ
2728 3776 2742 3791 ·
2771 3760 2908 3812 ἀλλὰ
2939 3761 3282 3830 παρακλήσει
3311 3769 3416 3815 τινὶ
3455 3766 3653 3833 μᾶλλον
3681 3768 3774 3818 καὶ
3801 3767 3991 3834 λόγοις

2418 3850 2802 3920 ψυχαγωγίαςὶ
2855 3853 3209 3922 διαπραΰνειν
3241 3858 3301 3908 τὸ
3345 3857 3526 3922 ἄλγος,
3559 3858 3654 3909 καὶ
3687 3862 3991 3928 πειρᾶσθαι

2418 3943 2507 3995 τὸν
2535 3943 2758 3995 δυνατὸν
2788 3945 2988 4013 τρόπον
3029 3948 3261 3998 ἐπινοεῖν
3305 3949 3672 4018 παραμύθιον.
3703 3951 3776 4002 Τὸ
3803 3951 3862 4003 δέ
3891 3953 3992 4003 ἐδι-

2417 4036 2704 4104 τραχὺνειν
2751 4038 2846 4089 καὶ
2893 4037 3264 4105 ἐπεμϐαίνειν,
3313 4043 3405 4092 καὶ
3448 4043 3831 4106 κατονειδίζειν
3881 4045 3990 4108 τὰς

2421 4126 2739 4195 συμφορὰς,
2767 4127 3138 4194 ἐντρυφῶντός
3172 4130 3286 4180 ἐστι
3330 4131 3443 4190 τοῖς
3483 4128 3578 4181 τοῦ
3608 4131 3835 4198 πλησίου
3877 4149 3986 4185 κα-

2420 4219 2564 4281 κοῖς,
2598 4217 2711 4268 αλλ⁹
2742 4218 2800 4268 οὑ
2830 4217 3237 4284 συναλγοῦντος,
3269 4219 3390 4272 οὑδέ
3417 4223 3857 4290 συμπάσχοντος,
3885 4225 3987 4276 καὶ

2419 4309 2479 4358 οὑ
2509 4310 2576 4360 τὰ
2603 4309 2710 4360 τῶν
2756 4309 2922 4378 φίλων
2967 4310 3463 4379 διαπραττομένου,
3503 4314 3618 4365 ἀλλ’
3653 4315 3793 4384 ἇπερ
3836 4316 3900 4368 ἂν
3932 4319 3985 4368 of.

2420 4399 2601 4467 ἐχθροὶ
2626 4399 3071 4468 κακουργέσειαν.
3119 4401 3257 4468 Ἐγὼ
3284 4401 3360 4464 δὲ,
3396 4403 3476 4454 ὅτι
3509 4403 3605 4470 μὲν
3634 4404 3722 4455 τὸν
3751 4405 3987 4472 τρυγίαν

762 4510 846 4548 me
886 4494 1126 4563 aggredi.
1174 4509 1275 4546 nec
1312 4509 1407 4562 per
1439 4504 1681 4563 aggestus
1713 4510 1742 4546 e
1789 4509 1886 4548 suo
1935 4510 2074 4562 penu
2126 4505 2317 4549 contu-
2350 4517 2392 4570 ι)
2424 4508 2439 4539 1

2310 4525 2317 4536 .
2350 4517 2392 4570 ι)
2424 4490 2599 4560 πάσης
2621 4490 2797 4542 αὐτῶν
2822 4493 2919 4562 τῆς
2945 4491 3139 4553 κακίας
3161 4492 3280 4544 καθ’
3304 4495 3335 4561 ή
3346 4493 3461 4560 μῶν
3483 4495 3776 4558 ἐκένωσαν,
3810 4496 3987 4563 φίλων

761 4588 948 4640 melias
981 4586 1295 4639 flebiliorem
1330 4586 1461 4639 mibi
1495 4594 1694 4639 statum
1719 4601 2037 4654 procurare:
2072 4588 2166 4641 sed
2193 4603 2322 4641 con-

760 4680 1026 4731 solatione
1058 4677 1236 4745 potius
1264 4677 1540 4740 nonnulla,
1570 4685 1623 4728 et
1647 4676 1932 4728 verborum
1958 4676 2322 4731 delinimentis

756 4771 1000 4822 dolorem
1041 4770 1443 4822 incumbentem
1483 4767 1758 4826 alleviare.
1799 4775 1854 4820 et
1877 4768 2095 4820 modum
2126 4768 2169 4820 si
2200 4783 2319 4836 qua:

758 4859 987 4912 facultas
1032 4859 1192 4911 fuerit
1234 4858 1405 4910 solatii
1448 4858 1790 4926 excogitare:
1833 4857 1927 4908 sed
1975 4872 2315 4925 exasperare,

760 4952 1041 5015 insultare,
1075 4949 1399 5017 exprobrare
1421 4949 1774 5010 calamitates,
1800 4947 2132 5000 lascivientis
2150 4957 2233 5000 est
2264 4949 2317 5000 in

763 5043 923 5094 rebus
948 5041 1176 5109 proximi
1208 5040 1285 5091 sui
1320 5039 1547 5102 afflictis,
1584 5053 1690 5090 non
1726 5037 1867 5106 quod
1898 5038 2156 5106 oportuit,
2188 5053 2318 5090 con-

757 5133 1016 5196 dolentis,
1086 5132 1166 5185 vel
1225 5131 1627 5200 compaticntis,
1684 5147 1793 5184 non
1850 5131 1967 5200 ejus
2017 5132 2105 5199 qui
2161 5131 2317 5185 amici

763 5235 943 5291 partes
967 5233 1104 5293 agat,
1138 5225 1228 5276 sed
1254 5224 1344 5292 qui
1371 5224 1620 5277 hostilem
1645 5224 1697 5275 in
1721 5223 1935 5276 modum
1962 5225 2115 5277 malis
2132 5225 2313 5278 allicit.

763 5316 872 5387 ligo
903 5327 1049 5369 eertc
1098 5319 1348 5384 profiteor
1379 5332 1490 5378 eos,
1522 5316 1778 5385 quidquid
1809 5324 1925 5369 erat
1963 5315 2318 5384 improbitatis

762 5409 816 5458 in
850 5407 1125 5468 torculari,
1159 5408 1208 5458 id
1246 5407 1296 5458 in
1335 5423 1418 5459 ine
1450 5417 1618 5460 totum
1651 5406 1926 5469 equdisse,
1958 5407 2086 5460 dum
2117 5407 2319 5461 amicos

760 5496 1051 5549 alieniores
1070 5489 1320 5560 reddunt,
1357 5497 1542 5549 afﬁnes
1589 5498 1902 5566 seiungunt,
1957 5513 1986 5550 a
2035 5499 2188 5552 vobis
2235 5515 2320 5552 me

2424 4581 2778 4646 ξενώσαντες,
2836 4582 3110 4650 συγγενῶν
3138 4583 3544 4652 -διακόψαντες,
3594 4587 3746 4652 ὑμῶν
3801 4589 3986 4640 αὑτῶν

2418 4677 2558 4744 (τῶν
2593 4676 2742 4744 ἐμῶν
2769 4677 2956 4729 παθῶν
2997 4678 3057 4729 τὸ
3103 4680 3460 4748 πικρότατον)
3496 4682 3986 4751 προδιατέμνοντες

2418 4769 2509 4819 καὶ
2573 4768 3081 4838 ἁπομερίσαντεςιίς
3138 4769 3480 4840 θεραπόντων
3536 4773 3630 4825 καὶ
3692 4774 3985 4843 ὑπηρετῶν

2415 4859 2893 4929 ἐξερημώσαντες,
2964 4863 3498 4931 αἰχμαλωτίσαντες,
3558 4867 3826 4935 φρουροὺς
3886 4871 3986 4921 καὶ

2415 4952 2792 5020 φρουράρχους
2846 4956 3301 5023 περιστήσαντες·
3364 4955 3450 5008 ἵνα
3506 4956 3640 5026 μηδέ
3687 4958 3755 5010 τά
3803 4962 3984 5013 οἰκεῖα

2417 5040 2756 5110 βουλομένοις
2779 5044 2921 5095 κακὰ
2951 5044 3157 5095 κλαίειν
3184 5045 3276 5115 ἐξῇ
3302 5047 3394 5098 καὶ
3423 5047 3814 5117 ἀποδύρεσθαι⁸
3841 5051 3985 5118 μηδέ

2413 5151 2494 5194 τις
2525 5133 2670 5193 ἕλεος
2711 5135 2872 5186 πόθεν
2921 5137 3051 5204 ἡμῖν
3101 5138 3403 5208 παρεισδὺῃ
3437 5139 3511 5208 μὴ
3545 5140 3684 5209 λόγῳ
3731 5142 3804 5210 μή
3839 5147 3987 5210 πρά-

2415 5242 2614 5294 γματι’
2659 5227 2883 5295 μυρίους
2933 5227 3192 5291 θανάτους
3243 5230 3733 5299 ἐπικρεμάσαντες,
3779 5232 3983 5299 λογίων

2415 5316 2550 5367 θεοῦ
2581 5319 2671 5367 καὶ
2707 5318 2904 5379 παντὸς
2931 5318 3110 5382 ἄλλου,
3139 5318 3304 5385 οἴμοι,
3333 5320 3450 5373 καθ’
3481 5323 3512 5391 ἡ
3524 5322 3638 5389 μῶν
3669 5323 3825 5392 λιμὸν
3857 5327 3986 5378 ἐπι-

2419 5409 2735 5477 στήσαντες.
2782 5410 2890 5461 Καὶ
2919 5410 2999 5461 ὃτι
3035 5410 3154 5462 ὅλον
3186 5412 3282 5482 μὲν
3307 5411 3421 5481 ἄμα
3449 5413 3662 5476 πολλοῖς
3689 5417 3884 5476 κακοῖς
3916 5418 3984 5468 οὑ

2417 5499 2771 5568 διαλιμπάνου
2780 5517 2829 5553 σι
2844 5502 3278 5572 περιῦάλλοντες,
3302 5505 3394 5556 καὶ
3406 5503 3584 5567 πάσας
3601 5506 3654 5558 δὲ
3667 5510 3697 5572 ή
3709 5507 3824 5576 μῶν
3846 5509 3994 5562 ἁπο-

2027 5655 2257 5708 ΥΑΠΙΑΞ
2295 5654 2696 5713 LECTIONES.

832 5769 859 5804 ε
887 5768 1073 5821 αὑτοῦ.
1187 5769 1211 5803 ⁸·
1245 5771 1736 5840 συμπεριεχουστν.
1822 5783 1832 5807 ι
1874 5770 1984 5822 καί.

2064 5780 2077 5816 ι
2126 5770 2492 5837 ψυχαγωγοῖς.

2571 5783 2594 5810 ι
2622 5773 3129 5844 άτοιμετρήσαντες.
