4248 6444
257 387 385 452 745·

1421 383 1951 446 EPISTOLARUM
1986 381 2210 444 LIBER
2249 381 2298 441 Ι.

3377 374 3479 442 746

255 499 615 570 μερισάμενοι
641 499 738 562 τάς
766 499 1066 570 αἰσθήσεις,
1097 497 1190 551 καὶ
1214 496 1345 567 πρὸς
1371 497 1547 560 πάσας
1576 515 1819 569 παρατα-
1851 504 1894 560 Α
1926 519 1932 548 ‹

1801 527 1819 538 -
1851 504 1894 560 Α
1926 497 2158 553 divisum
2222 494 2569 559 abscindunt,
2608 493 2751 565 quod
2794 492 2859 550 ad
2909 492 3185 551 cumulum
3216 495 3476 553 malorum

251 590 477 658 ξάμενοι.
498 589 689 652 καινὰς
712 590 956 659 μηχανάς
980 589 1112 659 πρὸς
1136 589 1370 656 ἑκάστην
1386 587 1683 657 ἐπενόησαν
1708 588 1820 653 (ὀξὺ

246 682 365 751 γάρ
391 683 468 744 εἰς
482 680 698 743 κακίαν,
714 678 847 732 Θεοῦ
869 680 961 731 καὶ
977 678 1383 748 φιλανθρωπίας
1402 677 1754 747 άλλοτρίωσις
1781 677 1816 743 )·

245 773 350 821 καὶ
392 770 702 840 ὀφθαλμοὺς
744 771 843 835 μὲν
882 770 1213 840 ἐνέφραξαν·
1264 769 1315 821 τί
1342 769 1450 838 γὰρ
1500 768 1565 821 ἄν
1592 786 1674 832 τις
1730 770 1823 822 καὶ

246 863 429 927 εἴποις
460 862 624 915 ἐπειδ⁸
646 861 711 914 ἂν
725 862 859 924 ὅλως
876 862 1011 931 μήτε
1028 862 1179 924 τινὰς
1200 860 1499 928 ἀνθρώπων
1515 861 1666 931 όρᾷν,
1690 860 1821 931 μηδὲ

250 952 479 1022 βιϐλίοις
503 954 769 1023 ἐνομιλεῖν
810 954 957 1023 ἔχοιο
1008 955 1103 1008 καὶ
1158 954 1390 1023 μάλιστα
1434 948 1514 1017 οἷς
1546 954 1685 1023 μέγα
1728 954 1822 1006 καὶ

249 1044 470 1113 πρῶτον
490 1044 831 1115 παραμύθιον
852 1047 881 1113 ἡ
906 1044 1228 1109 ἀνάγνωσις.
1255 1045 1363 1097 Καὶ
1383 1046 1489 1112 γὰρ
1512 1044 1605 1097 καὶ
1621 1043 1821 1111 ταύτην

248 1136 378 1189 καθ’
399 1137 554 1205 ἡμῶν
579 1136 816 1198 άπάσαις
844 1135 1045 1204 ψήφοις
1068 1134 1364 1204 ἐξήνεγκαν
1394 1134 1488 1205 τὴν
1512 1135 1782 1201 ἀπόφασιν
1805 1150 1816 1161 ·

250 1225 425 1295 ἀκοὴν
447 1226 500 1277 δέ
532 1226 978 1279 συναπέκλεισαν’
1006 1224 1128 1278 οὑτε
1158 1228 1265 1294 γάρ
1294 1226 1473 1296 φωνῆς
1507 1226 1818 1294 φιλούντων,

252 1317 373 1369 ἀλλ’
420 1318 540 1370 οὑδὲ
585 1318 795 1388 ἐχθρῶν
829 1319 927 1388 (Τί
978 1319 1085 1388 γὰρ
1131 1319 1209 1371 δεῖ
1268 1318 1445 1387 λέγειν
1471 1335 1484 1381 ;
1510 1318 1527 1387 )
1558 1319 1823 1385 ἀναγινω-

256 1407 495 1461 σκόντων
542 1410 912 1479 συγχωροῦσιν
971 1409 1341 1473 ἐνωτίζεσθαι.
1408 1408 1545 1463 Ἀλλ’
1591 1409 1713 1461 ὅσον
1761 1410 1823 1475 γέ

258 1504 343 1563 εἰς
391 1502 567 1555 αὑτῶν
615 1498 715 1572 ἧκε
764 1503 997 1572 σπουδὴν
1050 1502 1170 1555 οὑδέ
1230 1502 1463 1571 ᾀδόντων
1515 1502 1653 1573 Θεῷ,
1716 1501 1822 1554 οὐδ’

258 1594 449 1663 ὓμνοις
497 1593 958 1663 εὑχαριστούντων
1011 1594 1299 1664 ἀκούομεν.
1352 1593 1485 1646 Οὑδέ
1541 1594 1651 1661 γὰρ
1700 1594 1822 1646 οὑδέ

258 1702 379 1737 τινα
426 1685 533 1736 οὐδ’
570 1687 659 1737 ἐπὶ
695 1684 887 1755 βραχὺ,
942 1685 1061 1738 οὑδὲ
1096 1686 1201 1738 τῶν
1238 1686 1472 1756 μετρίως
1502 1686 1636 1755 πρὸς
1684 1684 1823 1755 ᾠδάς

259 1779 513 1846 ἐχόντων.
557 1778 654 1845 (Ὢ
704 1780 796 1831 καὶ
831 1777 1121 1846 βαρϐάρων
1158 1778 1379 1848 γνώμας
1416 1778 1649 1847 νικώσης
1676 1778 1821 1847 ὠμό-

1924 589 2291 644 tristissimum
2330 586 2554 653 accedit,
2588 586 2716 642 dum
2755 585 2970 642 famulis
3008 596 3064 642 et
3099 585 3364 642 ministris
3392 604 3481 643 me

1925 682 2157 753 privant,
2217 689 2500 752 postquam
2568 680 2623 734 in
2676 680 3007 751 ergastulum
3072 680 3478 744 concluserunt,

1923 774 2181 843 appositis
2201 773 2532 835 custodibus.
2558 772 2648 843 qui
2678 772 3027 828 circumstent
3054 771 3325 843 undique:
3360 772 3481 827 ideo

1922 867 2127 921 scilicet
2155 882 2224 922 ne
2253 865 2383 921 mihi
2412 865 2585 931 liceat,
2615 865 2660 919 si
2692 863 2924 918 maxime
2952 863 3187 934 cupiam.
3226 862 3477 917 miserant

1922 975 2095 1013 meam
2144 968 2340 1014 sortem
2387 958 2698 1028 deplorare:
2739 973 2808 1014 ne
2836 972 2933 1023 per
2963 958 3211 1011 rimulam
3245 957 3478 1026 aliquam

1922 1052 2003 1105 vel
2032 1051 2298 1105 tantillum
2334 1067 2419 1107 me
2442 1051 2727 1120 adreperet
2755 1049 3137 1105 misericordiae
3165 1049 3230 1104 ab
3251 1049 3481 1119 alicujus

1923 1159 2171 1197 sermone
2206 1144 2288 1199 vel
2317 1143 2552 1199 actione.
2590 1142 2728 1207 Quin
2768 1142 2893 1197 dum
2926 1141 3252 1212 multiplices
3292 1142 3481 1197 mortis

1925 1235 2129 1304 species
2163 1234 2490 1305 excogitant,
2527 1234 2667 1289 fame
2702 1251 2787 1289 me
2810 1236 2917 1303 (me
2951 1235 3248 1303 miserum)
3280 1234 3485 1288 divino-

1926 1343 2045 1381 rum
2094 1328 2457 1390 oraculorum,
2498 1337 2553 1381 et
2598 1327 2967 1396 cujuscunque
3012 1326 3232 1380 alterius
3287 1324 3483 1379 affatus

1925 1429 2294 1490 peremerunt.
2329 1419 2440 1473 Nec
2480 1428 2693 1474 cessant
2730 1419 2908 1473 adhuc
2950 1418 3317 1487 multiplicatis
3347 1418 3485 1471 mala

1924 1510 2333 1577 circumsepire:
2360 1524 2576 1563 sensum
2608 1510 2737 1564 mihi
2760 1524 2977 1563 omnem
3028 1509 3296 1563 divulsum
3322 1523 3487 1577 expe-

1924 1609 2231 1663 ctorarunt,
2266 1610 2321 1653 et
2352 1601 2608 1655 adversus
2624 1616 2810 1653 eorum
2843 1599 3082 1669 singulos
3114 1615 3249 1652 nova
3282 1600 3484 1653 machi-

1925 1701 2304 1745 namentorum
2344 1706 2562 1761 genera,
2588 1706 2651 1745 ex
2684 1691 2909 1745 adverso
2938 1692 3238 1751 constituti.
3266 1692 3485 1745 adiuve-

1927 1790 2125 1835 nerunt
2172 1783 2319 1848 (nam
2356 1782 2421 1836 ad
2454 1780 2903 1835 malefaciendum
2934 1781 3141 1836 celeres
3196 1790 3344 1841 sunt.
3394 1781 3485 1849 qui

256 1886 418 1937 τητος
448 1868 499 1937 ε)
551 1871 784 1921 συνεῖναι
822 1870 1106 1921 κατέλιπον
1134 1884 1147 1899 ·
1202 1869 1313 1922 ἀλλ’
1362 1871 1483 1923 ἀντὶ
1528 1870 1826 1939 κληρικῶν,
1860 1858 1900 1912 Β

1811 1910 1826 1934 ,
1860 1858 1900 1912 Β
1933 1877 2059 1921 sunt
2097 1884 2125 1922 a
2154 1870 2263 1923 Deo
2286 1878 2341 1923 et
2378 1870 2713 1925 humanitate
2747 1870 2958 1935 alieni),
3016 1878 3071 1924 et
3100 1871 3163 1923 ad
3198 1881 3486 1939 utrumque

259 1962 385 2013 ἀντὶ
433 1961 786 2030 μοναζόντων,
839 1962 964 2014 ἀντὶ
1013 1962 1341 2029 ψαλλόντων,
1380 1963 1500 2015 ἀντὶ
1553 1963 1821 2030 ἀναγινω-

265 2052 500 2103 σκόντων
542 2051 635 2103 κα)⁵
687 2052 1133 2121 ὑπογραφόντων,
1169 2052 1289 2104 ἀντὶ
1324 2052 1493 2119 φίλων
1539 2051 1631 2104 καὶ
1666 2052 1828 2121 συνή-

264 2142 374 2193 θων
419 2135 531 2210 (οἷς
579 2140 651 2199 ὡς
701 2142 766 2193 τά
819 2141 989 2193 πολλὰ
1038 2141 1182 2208 φιλεῖ
1225 2143 1257 2210 ἡ
1296 2142 1401 2193 τῶν
1436 2140 1697 2211 θλιδερῶν
1732 2141 1827 2209 βα-

266 2234 434 2303 ρύτης
464 2232 978 2305 ἐπικουφίζεσθαι),
1011 2235 1130 2287 ἀντὶ
1173 2234 1387 2287 πάντων
1419 2232 1600 2295 ἁπλῶς
1623 2273 1636 2298 ,
1670 2250 1830 2303 στρα-

262 2325 474 2377 τιωτῶν
553 2325 941 2391 κουστωδίαις,
1024 2326 1117 2378 καὶ
1186 2327 1593 2395 στρατιωτικοῖς
1658 2324 1830 2394 λόχοις

266 2416 610 2485 ἐκδεδόμεθα.
666 2416 778 2470 Καὶ
821 2415 873 2469 τί
930 2417 1010 2470 δεῖ
1064 2418 1184 2471 καθ’
1223 2418 1452 2471 ἕκαστον
1499 2418 1699 2486 λέγειν,
1738 2419 1832 2472 καὶ

266 2506 562 2569 ἐπιξαίνειν
596 2508 659 2575 τῇ
702 2506 887 2575 μνήμῃ
921 2507 1045 2568 τοὺς
1095 2505 1395 2575 μώλωπαςς
1442 2506 1554 2559 ἀλλ’
1600 2508 1680 2560 ὅτι
1736 2506 1832 2575 μὲν

267 2597 448 2654 πασας
493 2594 646 2663 ἡμῶν
676 2595 775 2656 τὰς
806 2593 1085 2664 αἰσθήσεις
1124 2595 1332 2664 μυρίων
1364 2596 1546 2650 κακῶν
1572 2597 1833 2658 ἐπινοίαις

267 2685 640 2753 ἐπετείχισαν
692 2683 814 2753 μηδ’
878 2684 1045 2753 αὑτὴν
1083 2685 1235 2755 ἡμῶν
1266 2686 1361 2755 τὴν
1399 2685 1574 2757 ψυχὴν
1603 2688 1733 2757 (ὃσα
1771 2688 1834 2751 γὲ

270 2783 351 2844 εἰς
395 2780 571 2834 αὑτῶν
626 2780 758 2849 ἔργα
810 2780 1154 2851 κεχώρηκεν)
1208 2782 1491 2836 άκάκωτον
1554 2784 1837 2853 συγχωρὴ-

272 2890 486 2935 σαντες.
549 2874 787 2944 (Ἐργον
852 2874 1105 2926 ἁπάντων
1159 2874 1258 2926 ὃσα
1319 2874 1449 2936 Θεὸς
1520 2874 1838 2938 ἐϐδελύξατο

274 2966 615 3037 μιαρώτερόν
661 2983 717 3019 τε
766 2966 860 3019 καὶ
910 2965 1223 3036 ὠμότερον)
1278 2966 1457 3029 οἴκους
1500 2964 1633 3019 Θεοῦ
1673 2981 1839 3019 κατα-

272 3056 523 3120 λύοντες,
581 3055 830 3124 πτωχοὺς
878 3054 1192 3125 ἀναπήρους
1249 3056 1342 3108 καὶ
1400 3054 1837 3125 λελωὸημένους,

1930 1957 2031 2010 sibi
2063 1957 2250 2010 oculos
2294 1958 2655 2013 occluserunt.
2693 1957 2831 2024 Quid
2861 1960 3003 2012 enim
3032 1958 3174 2013 aliud
3201 1959 3487 2012 dicendum

1931 2049 2131 2104 restat?
2159 2064 2281 2104 cum
2313 2065 2414 2104 nec
2441 2050 2719 2105 hominum
2753 2052 2981 2120 aliquem
3024 2051 3192 2106 libere
3221 2050 3379 2105 liceat
3407 2052 3489 2105 in-

1930 2144 2090 2207 tueri,
2124 2158 2224 2198 nec
2256 2158 2379 2198 cum
2408 2143 2558 2198 libris
2589 2145 2973 2199 commercium
3008 2145 3225 2209 habere,
3260 2161 3487 2215 praeser-

1933 2238 2025 2291 tim
2058 2237 2121 2291 iis
2160 2236 2253 2304 qui
2289 2236 2577 2290 maximum
2615 2236 2850 2291 solamen
2880 2245 2933 2289 et
2970 2235 3265 2305 principale
3309 2236 3489 2307 legen-

1932 2331 2075 2384 tibus
2119 2338 2344 2398 possunt
2382 2328 2742 2398 suppeditare.
2774 2328 2921 2383 lianc
2956 2329 3028 2382 illi
3070 2328 3122 2382 in
3149 2344 3232 2383 me
3273 2337 3492 2384 senten-

1936 2422 2066 2476 tiam
2130 2420 2197 2475 de
2251 2419 2487 2491 generali
2549 2419 2790 2489 ipsorum
2848 2432 3071 2474 assensu
3129 2426 3182 2473 et
3223 2433 3490 2472 consensu

1936 2514 2199 2568 tulerunt.
2232 2512 2405 2566 Aures
2438 2520 2615 2565 autem
2645 2510 2969 2565 obturarunt
2991 2524 3166 2564 meas:
3198 2524 3306 2563 non
3345 2510 3489 2563 enim

1937 2605 2231 2659 admittunt
2270 2612 2327 2658 ut
2365 2617 2644 2658 sermones
2677 2602 2994 2666 amicorum,
3048 2616 3118 2655 ne
3152 2600 3495 2655 inimicorum

1939 2696 2157 2766 quidem
2210 2710 2369 2749 voces
2426 2694 2646 2747 auribus
2711 2692 2909 2747 nostris
2956 2692 3207 2747 insonare
3265 2689 3494 2760 possint.

1938 2787 2077 2853 Quid
2115 2785 2258 2841 aliud
2300 2784 2562 2839 afferam?
2594 2798 2754 2853 quam
2784 2783 2948 2852 quod.
2981 2792 3238 2851 quantum
3280 2781 3333 2834 in
3368 2780 3498 2850 ipsis

1940 2889 2040 2945 cst,
2090 2894 2192 2933 nec
2251 2878 2357 2933 Deo
2405 2878 2632 2947 hymnos
2675 2876 3024 2931 concinentes
3064 2888 3167 2928 nec
3217 2874 3498 2928 laudantes

1942 2981 2037 3025 aut
2062 2970 2257 3042 gratias
2281 2977 2500 3039 agentes
2526 2966 2790 3021 audimus.
2819 2964 2935 3020 Non
2960 2965 3103 3019 enim
3124 2964 3254 3019 mihi
3285 2966 3499 3035 permit-

1941 3072 2063 3116 tunt
2109 3077 2232 3117 cum
2267 3061 2447 3130 aliquo
2479 3057 2806 3122 conversari,
2841 3071 2909 3111 ne
2943 3056 3158 3127 quidem
3194 3057 3261 3112 ad
3290 3058 3503 3112 brevis-

272 3147 366 3211 οὒς
409 3149 567 3217 ἡμεῖς
618 3147 927 3217 ἱλαστήριον
959 3147 1063 3199 τῶν
1095 3148 1378 3217 ἡμετέρων
1426 3148 1837 3218 ἁμαρτημάτων
1864 3191 1905 3249 C
1944 3172 1949 3209 ε

1821 3164 1837 3199 ν
1864 3191 1905 3249 C
1944 3156 2141 3209 simum
2177 3163 2389 3223 tempus
2429 3152 2521 3223 qui
2568 3151 2653 3206 vel
2684 3151 2951 3205 modicam
2986 3149 3212 3205 canendi
3254 3151 3498 3219 peritiam

274 3239 730 3309 προστησάμεθα,
765 3241 862 3307 τῆς
898 3237 1099 3299 οίκείας
1132 3238 1317 3300 ἑστίας
1357 3239 1451 3291 καὶ
1474 3237 1831 3302 ἀναπαύσεως

276 3330 597 3399 ἐξορίζοντεε
626 3370 640 3394 ,
671 3329 763 3381 καὶ
791 3330 891 3392 τὰς
926 3330 1104 3381 αὑτῶν
1132 3328 1414 3399 ὑπάρξεις,
1436 3328 1508 3393 ὡς
1541 3330 1832 3399 πολεμίων,

274 3421 715 3491 διαμεριζόμενοι
771 3420 1015 3491 λάφυρα·
1072 3421 1164 3474 καὶ
1222 3423 1567 3490 θεραπόντων
1630 3423 1835 3493 σάρκας

277 3514 487 3581 νεύροις
530 3514 865 3582 κατέκοψαν
914 3515 987 3576 ὼς
1028 3513 1093 3566 δι’
1144 3514 1265 3567 ὅλου
1320 3513 1414 3566 τοῦ
1468 3514 1736 3583 σώματος,
1770 3517 1835 3585 τῇ

279 3606 447 3676 πολλῇ
488 3606 595 3659 τῶν
645 3607 922 3675 μαστίγων
955 3605 1102 3676 ῥύμῃ
1148 3606 1425 3677 χαράδρας
1469 3609 1841 3677 ἐναπεργάσα-

281 3698 434 3749 σθαι·
490 3696 575 3748 ῖνα
617 3697 815 3765 χρυσὸν
862 3697 954 3748 καὶ
1012 3696 1245 3766 ἄργυρον
1289 3696 1348 3749 δν
1380 3696 1838 3766 ἐθησαυρίσαμεν,

279 3790 338 3840 ὃν
376 3788 480 3840 οὐδ’
528 3787 660 3857 ὄναρ
716 3787 821 3839 ῖδον
875 3788 925 3839 οἱ
974 3786 1166 3851 ἄθλιοι,
1209 3788 1575 3857 ἐκμηνύσωσι.
1627 3787 1840 3840 Καίτοι

284 3880 615 3950 σαφέστερον
641 3880 793 3933 αὐτο)⁸
826 3881 931 3932 τῶν
976 3879 1151 3932 ἄλλων
1182 3881 1229 3931 oi
1259 3878 1574 3943 κολάζοντες
1613 3880 1840 3943 ειδότες,

282 3972 358 4035 ὡς
388 3972 550 4042 ἡμεῖς
581 3970 671 4022 ἀεὶ
704 3968 839 4040 πρὸς
868 3968 1125 4040 χρήματα
1157 3967 1571 4038 διεδεόλὴμεθα.
1616 3970 1723 4021 Καὶ
1749 3973 1844 4038 οὑχ

282 4062 454 4125 οὕτως
476 4065 673 4115 ἐκεῖνοι
704 4063 1046 4133 φιλάργυροι,
1090 4062 1165 4123 ὡς
1191 4062 1360 4130 ἡμᾶς,
1387 4062 1418 4129 ἡ
1454 4061 1655 4113 τούτων
1681 4060 1846 4131 ὑπερ⁶

282 4159 435 4225 οψία,
466 4156 617 4209 οὐδὲν
642 4155 833 4221 ἄλογον
859 4154 1034 4207 αὑτῶν
1069 4153 1230 4207 ἕνεκα
1282 4154 1534 4207 οὐδέποτε
1582 4154 1846 4205 ποιεῖσθαι

285 4250 399 4318 (μή
452 4248 500 4300 τί
541 4264 602 4315 γε
631 4245 1012 4316 θησαυρίζειν)
1069 4245 1512 4316 ’παρεσκεύαζεν⁹
1558 4244 1671 4298 ἀλλ’
1711 4245 1845 4313 ὅπερ

284 4343 434 4411 ἣλιος
479 4341 715 4409 ἀνίσχων
762 4338 905 4411 ἐώρα
935 4343 1003 4409 (ἡ
1033 4341 1138 4393 τῶν
1187 4338 1599 4411 ἐπηρεαζόντων
1632 4338 1686 4392 δέ
1716 4338 1845 4391 πολ-

284 4434 442 4494 λάκις
472 4434 683 4501 ἀνάγκη
711 4432 806 4484 κα)¹
835 4433 924 4484 τὸν
951 4432 1050 4499 τῆς
1074 4433 1274 4501 ἀρετὴς
1302 4430 1616 4484 διδάσκαλον
1641 4428 1848 4483 Παῦλον

1943 3247 2162 3309 habent,
2204 3246 2338 3299 adeo
2371 3246 2427 3298 in
2462 3259 2558 3299 sua
2589 3242 2905 3299 crudelitate
2937 3257 3153 3296 omnem
3200 3242 3500 3296 barbariem

1940 3337 2294 3405 exsuperant!
2363 3334 2458 3389 sed
2507 3333 2827 3387 clericorum
2901 3332 3039 3397 loco,
3090 3331 3501 3391 monachorum,

1943 3429 2283 3501 psallentium
2326 3436 2379 3481 et
2418 3424 2726 3496 legentium,
2776 3423 3232 3479 subscribentium
3271 3422 3503 3481 dictata;

1943 3536 2039 3591 pro
2062 3518 2248 3573 amicis
2271 3527 2325 3571 et
2350 3516 2648 3580 consuetis,
2678 3530 2775 3586 per
2793 3529 2929 3584 quos
2948 3513 3266 3584 plerumque
3291 3514 3507 3567 calami-

1948 3623 2186 3668 tosorum
2222 3608 2499 3665 tribulatio
2535 3609 2671 3662 solet
2712 3606 2971 3668 alleviari,
3009 3620 3107 3675 pro
3140 3605 3409 3669 omnibus,
3448 3616 3509 3659 ut

1944 3719 2053 3759 uno
2080 3703 2246 3757 verbo
2275 3702 2468 3765 dicam,
2497 3700 2724 3754 militum
2748 3698 3009 3753 custodiis
3041 3706 3095 3751 et
3121 3695 3310 3751 turmis
3341 3696 3507 3750 vincti

1945 3797 2226 3851 tradimur.
2270 3793 2411 3858 Quid
2442 3808 2579 3862 Opus
2611 3790 2881 3863 sigillatim
2922 3802 3263 3860 percensere,
3295 3796 3389 3842 aut
3424 3788 3505 3841 vi-

1946 3890 2093 3943 bices
2126 3886 2478 3943 memorando
2541 3884 2831 3940 refricare?
2869 3882 3135 3947 Profecto,
3178 3896 3367 3935 omnes
3406 3896 3508 3934 no-

1947 3992 2087 4035 stros
2131 3994 2323 4033 sensus
2354 3978 2764 4031 innumerorum
2807 3974 3073 4028 malorum
3123 3971 3358 4025 inventis
3403 3969 3510 4023 cir-

1948 4070 2343 4125 cumvallarunt
2364 4085 2374 4120 :
2398 4082 2499 4121 nec
2523 4066 2755 4120 animam
2780 4062 2996 4133 quidem
3027 4063 3219 4131 ipsam,
3249 4068 3510 4127 quantum

1950 4178 2045 4233 per
2092 4163 2331 4231 ipsorum
2373 4174 2537 4229 opera
2577 4157 2745 4225 stetit,
2776 4156 3072 4210 immunem
3107 4152 3174 4207 ab
3209 4152 3322 4205 istis
3356 4149 3511 4205 malis

1951 4270 2069 4309 esse
2102 4253 2401 4324 patiuntur.
2437 4250 2640 4319 Ecquid
2671 4258 2753 4303 est
2787 4248 2926 4302 inter
2953 4244 3133 4301 omnia
3160 4258 3280 4314 qua:
3307 4242 3514 4296 abomi-

1953 4357 2108 4401 natur
2164 4346 2326 4410 Deus,
2378 4343 2755 4399 detestandum
2805 4340 2994 4408 magis,
3034 4346 3087 4392 ct
3116 4335 3507 4391 truculentius:

1955 4436 2163 4490 divinas
2228 4434 2371 4489 aedes
2441 4433 2836 4487 demoliuntur:
2906 4427 3203 4491 mendicos,
3272 4425 3510 4486 mutilos,

286 4526 364 4587 είς
388 4524 611 4576 τοιαῦτα
633 4522 973 4588 ἑξεϐιόάζετο
1002 4522 1277 4593 ῥήματα).
1299 4522 1467 4575 Τοῦτο
1492 4522 1588 4591 τῆς
1618 4522 1845 4592 ἡμέρας,
1881 4533 1922 4587 D
1954 4544 1963 4581 ι

1836 4533 1922 4587 .D
1954 4526 2209 4581 membris
2256 4526 2584 4587 decurtatos,
2642 4536 2778 4591 quos
2826 4520 2892 4574 ad
2944 4516 3285 4588 propitianda
3330 4524 3513 4570 nostra

288 4619 384 4669 xui.
415 4618 647 4686 μάλιστα
696 4617 790 4685 τῆς
823 4617 1014 4679 νυκτὸς
1057 4618 1083 4668 ό
1129 4615 1317 4686 καιρὸς
1364 4616 1610 4685 ἐξεφόρει
1639 4633 1729 4677 τε,
1761 4617 1853 4668 καὶ

288 4708 703 4779 ἁπεφορτίζετο.
745 4708 883 4760 Ἀλλ’
906 4708 1053 4777 ὅμως
1074 4708 1246 4760 ταῦτα
1276 4707 1381 4759 τῶν
1405 4710 1619 4759 πάντων
1647 4706 1853 4769 οὑδενὸς

289 4801 509 4852 ἔλαττον
556 4800 775 4862 εἰδότες,
816 4800 1198 4870 ἐκρεούργουν,
1252 4797 1571 4869 ἐμάστιζον·
1623 4798 1719 4867 οὑχ
1769 4799 1854 4851 ἵνα

289 4910 343 4945 τι
389 4887 463 4944 ὧν
502 4892 826 4944 ὲπλάττοντο
877 4892 1060 4960 ζητεῖν
1110 4890 1363 4961 εὑρῶσιν.
1398 4895 1445 4944 εἰ
1480 4892 1553 4959 μὴ
1581 4889 1854 4943 καὶτοῦτο

291 4986 813 5055 προσεκμεμήνασι,
876 4985 1059 5051 ζητεῖν
1115 4983 1290 5051 εὑρεῖν
1342 4980 1482 5051 άπερ
1538 4980 1711 5033 ἴσασιν
1759 4980 1855 5047 οὑχ

296 5078 608 5145 ὑπάρχοντα
632 5116 646 5138 ,
698 5076 810 5127 ἀλλ’
844 5077 928 5127 ῐνα
972 5076 1222 5129 κάκεῖθεν
1267 5076 1410 5143 ἡμᾶς
1444 5073 1725 5135 άνιάσωσι,
1761 5071 1856 5123 καὶ

298 5168 499 5237 μηδένα
540 5170 734 5237 τρόπον
774 5168 1126 5236 κακουργίας,
1175 5168 1232 5220 ὃν
1273 5169 1403 5235 ἡμῖν
1430 5166 1488 5217 οὑ
1521 5165 1853 5234 προσάξωσι,

296 5260 720 5329 παραλείψωσιν.
770 5260 905 5311 Ἀλλ’
940 5260 1019 5311 ὅτι
1055 5259 1151 5327 μὲν
1179 5258 1346 5310 ταῦτα
1377 5256 1468 5308 καὶ
1495 5255 1601 5307 τῶν
1633 5253 1856 5324 εἰρημέ-

297 5372 399 5404 νων
429 5353 558 5404 πολὺ
592 5351 828 5416 πλείονα,
867 5352 987 5403 καθ’
1014 5350 1170 5419 ἡμῶν
1198 5350 1224 5400 ὁ
1253 5348 1495 5409 Σατανᾶς
1518 5388 1531 5412 ,
1559 5346 1589 5415 ἢ
1615 5346 1710 5397 οὑκ
1745 5338 1859 5395 οἶδα

294 5448 321 5498 ὅ
345 5463 396 5497 τι
430 5450 520 5496 καὶ
567 5446 722 5509 εἴπω,
754 5443 1070 5513 ὲξητὴσατο,
1095 5442 1190 5495 καὶ
1214 5442 1422 5500 τούτοις
1447 5441 1605 5509 ἡμεῖς
1640 5455 1861 5507 περιαν-

296 5536 566 5604 τλούμεθα
621 5536 717 5587 οὑκ
775 5535 838 5587 ἂν
892 5534 1215 5602 ἀρνηθείηνι

297 5630 501 5698 ἠμᾶςή
531 5627 762 5695 τοσαύτη
797 5627 961 5680 κακία
999 5626 1250 5693 ἐξέστησε
1274 5665 1285 5687 ,

299 5723 609 5789 ὑπερόπτας
651 5720 965 5781 ἀπετέλεσε,
1000 5720 1090 5770 καὶ
1122 5718 1333 5779 κοινοὺς
1365 5715 1624 5783 προδότας
1676 5713 1859 5781 εἰργα-

301 5828 449 5879 σατο,
487 5815 583 5866 οὑκ
609 5808 723 5865 οἶδα
747 5814 859 5864 ἀνθ’
883 5814 1002 5864 ὅτου
1036 5812 1114 5871 τίς
1147 5811 1293 5878 ἡμᾶς
1323 5806 1640 5875 αἰτιώμενος
1671 5805 1860 5869 ταῦτα,

622 5906 882 5964 l’!.‘l‘[tt_il..
917 5907 1027 5963 Gtt.
1074 5906 1197 5963 (ΣΗ.

1296 5533 1375 5584 ὅτι
1410 5530 1464 5582 δὲ
1513 5530 1618 5580 τῶν
1652 5528 1859 5598 φρενῶν

1325 5628 1415 5675 καὶ
1444 5622 1603 5673 θείων
1634 5619 1859 5672 ἐντολῶν

1957 4631 2173 4689 peccata
2205 4620 2658 4672 constitueramus
2680 4655 2692 4676 ,
2736 4614 2803 4667 de
2835 4610 3066 4682 propriis
3098 4609 3335 4679 ipsorum
3376 4607 3516 4662 sedi-

1956 4713 2056 4765 bus
2083 4720 2133 4763 (ιι
2153 4710 2335 4778 quiete
2364 4707 2740 4764 exturbarunt,
2771 4714 2824 4757 et
2860 4718 3047 4756 eorum
3082 4700 3331 4754 utensilia
3356 4710 3521 4769 atque

1957 4800 2340 4870 supellcctilem
2401 4808 2653 4864 tanquam
2712 4795 2878 4862 spolia
2931 4793 2997 4847 de
3059 4792 3306 4845 hostibus
3361 4801 3515 4859 capta

1957 4891 2351 4946 distribuerunt
2376 4908 2386 4941 :
2413 4888 2594 4942 nervis
2612 4901 2890 4940 servorum
2913 4897 3104 4937 carnes
3123 4880 3478 4935 conciderunt
3502 4897 3515 4941 ;

1959 4985 2029 5039 ita
2078 4994 2134 5037 ut
2183 4998 2277 5051 per
2323 4992 2490 5035 totum
2533 4996 2729 5049 corpus
2758 4985 2977 5047 propter
3012 4974 3299 5045 flagrorum
3331 4972 3517 5026 incus-

1959 5076 2161 5137 siones,
2190 5072 2463 5127 charadra:
2490 5070 2639 5123 velut
2660 5069 2901 5137 quaedam
2928 5066 3289 5120 ducerentur:
3316 5063 3369 5115 in
3396 5076 3520 5115 eum

1961 5168 2119 5219 finem
2171 5174 2225 5218 ut
2276 5162 2535 5217 indicium
2589 5162 2866 5223 facerent,
2901 5157 3016 5211 auri
3065 5155 3270 5208 scilicet
3321 5163 3375 5206 et
3429 5167 3519 5204 ar-

1962 5258 2130 5328 genti,
2161 5271 2277 5325 qua:
2304 5270 2387 5310 me
2415 5253 2723 5322 reposuisse
2746 5250 3080 5305 afﬁrmabant
3109 5268 3120 5302 :
3145 5247 3287 5317 quod
3318 5245 3522 5299 factum

1964 5367 2236 5421 nunquam
2289 5350 2519 5420 probare
2563 5357 2811 5419 possunt,
2856 5356 2910 5399 et
2948 5355 3127 5398 tamen
3168 5352 3339 5395 caesos
3374 5345 3524 5391 certo

1962 5446 2163 5498 certius
2214 5442 2263 5495 id
2320 5443 2613 5494 resciscere
2670 5437 3097 5507 pronuntiabant
3134 5452 3146 5485 :
3188 5432 3260 5485 ita
3313 5442 3526 5495 semper

1962 5537 2027 5587 de
2078 5532 2301 5602 pecunia
2355 5531 2586 5597 reposita
2628 5544 2713 5581 me
2754 5536 3029 5581 accusaui.
3084 5524 3191 5576 Nec
3244 5528 3370 5573 sunt
3427 5516 3527 5585 ipsi

1964 5625 2312 5693 pecuniarum
2360 5624 2427 5675 ita
2453 5621 2590 5675 avidi
2623 5635 2781 5688 quam
2819 5633 2918 5671 nos
2959 5626 3381 5683 contemptores.
3436 5621 3528 5676 qni

1970 5733 2238 5784 ntutquaun
2304 5717 2566 5768 hactenus
2626 5711 2803 5765 induci
2866 5709 3157 5777 potuimus,
3220 5715 3279 5757 ut
3328 5700 3527 5768 aliquid

1969 5817 2153 5860 contra
2208 5817 2409 5860 rectam
2442 5805 2706 5859 rationem
2743 5800 3091 5871 pecuniarum
3130 5811 3290 5852 causa
3326 5794 3527 5847 faceres

3217 5886 3291 5945 ει
