  <div class='ocr_page' id='page_1' title='image "/cluster/home/n/w/nwhite01/storage/ocr_20150623/102/nnc1.0046979620/383.png"; bbox 0 0 4248 6444; ppageno 0'>
   <div class='ocr_carea' id='block_1_1' title="bbox 795 373 2472 437">
    <p class='ocr_par' dir='ltr' id='par_1_1' title="bbox 795 373 2472 437">
     <span class='ocr_line' id='line_1_1' title="bbox 795 373 2472 437; baseline 0.002 -5"><span class='ocrx_word' id='word_1_1' title='bbox 795 374 894 435; x_wconf 67' lang='grc'><strong>747</strong></span> <span class='ocrx_word' id='word_1_2' title='bbox 1926 373 2182 435; x_wconf 80' lang='grc' dir='ltr'><strong>ΡΗΟΤῘΙ</strong></span> <span class='ocrx_word' id='word_1_3' title='bbox 2221 375 2472 437; x_wconf 68' lang='grc' dir='ltr'><strong>ΡΑΤΗΙἉ</strong></span> 
     </span>
    </p>
   </div>
   <div class='ocr_carea' id='block_1_2' title="bbox 2325 373 4002 437">
    <p class='ocr_par' dir='ltr' id='par_1_2' title="bbox 2325 373 4002 437">
     <span class='ocr_line' id='line_1_2' title="bbox 2325 373 4002 437; baseline -0.001 -1"><span class='ocrx_word' id='word_1_4' title='bbox 2325 375 2717 437; x_wconf 75' lang='lat' dir='ltr'><strong>l‘RIARCH/E</strong></span> <span class='ocrx_word' id='word_1_5' title='bbox 2749 376 2857 436; x_wconf 76' lang='grc' dir='ltr'><strong>ΟΡ.</strong></span> <span class='ocrx_word' id='word_1_6' title='bbox 3897 373 4002 437; x_wconf 68' lang='grc'><strong>’148</strong></span> 
     </span>
    </p>
   </div>
   <div class='ocr_carea' id='block_1_3' title="bbox 792 481 2469 553">
    <p class='ocr_par' dir='ltr' id='par_1_3' title="bbox 792 481 2467 552">
     <span class='ocr_line' id='line_1_3' title="bbox 792 481 2467 552; baseline 0 -15"><span class='ocrx_word' id='word_1_7' title='bbox 792 500 930 545; x_wconf 80' lang='lat' dir='ltr'><strong>tntis,</strong></span> <span class='ocrx_word' id='word_1_8' title='bbox 960 483 1157 537; x_wconf 82' lang='lat' dir='ltr'><strong>nedum</strong></span> <span class='ocrx_word' id='word_1_9' title='bbox 1190 494 1249 537; x_wconf 79' lang='lat' dir='ltr'><strong>ut</strong></span> <span class='ocrx_word' id='word_1_10' title='bbox 1278 482 1396 535; x_wconf 87' lang='lat' dir='ltr'><strong>illas</strong></span> <span class='ocrx_word' id='word_1_11' title='bbox 1429 481 1935 535; x_wconf 81' lang='lat' dir='ltr'><strong>thesaurizarcmus.</strong></span> <span class='ocrx_word' id='word_1_12' title='bbox 1970 483 2075 537; x_wconf 90' lang='lat' dir='ltr'><strong>Sed</strong></span> <span class='ocrx_word' id='word_1_13' title='bbox 2099 483 2241 552; x_wconf 92' lang='lat' dir='ltr'><strong>quod</strong></span> <span class='ocrx_word' id='word_1_14' title='bbox 2262 484 2340 537; x_wconf 91' lang='lat' dir='ltr'><strong>sol</strong></span> <span class='ocrx_word' id='word_1_15' title='bbox 2368 487 2417 544; x_wconf 80' lang='grc' dir='ltr'><strong>Α</strong></span> <span class='ocrx_word' id='word_1_16' title='bbox 2440 501 2467 536; x_wconf 92' lang='grc' dir='ltr'><strong>ο</strong></span> 
     </span>
    </p>
   </div>
   <div class='ocr_carea' id='block_1_4' title="bbox 2325 481 4002 553">
    <p class='ocr_par' dir='ltr' id='par_1_4' title="bbox 2325 482 4002 553">
     <span class='ocr_line' id='line_1_4' title="bbox 2325 482 4002 553; baseline -0.001 -17"><span class='ocrx_word' id='word_1_17' title='bbox 2325 484 2498 544; x_wconf 80' lang='grc' dir='ltr'><strong>ιΑοὺ</strong></span> <span class='ocrx_word' id='word_1_18' title='bbox 2545 483 2898 553; x_wconf 87' lang='grc' dir='ltr'>σφοδρότερον</span> <span class='ocrx_word' id='word_1_19' title='bbox 2952 482 3069 534; x_wconf 78' lang='grc' dir='ltr'>καθ’</span> <span class='ocrx_word' id='word_1_20' title='bbox 3110 482 3268 551; x_wconf 81' lang='grc' dir='ltr'>ἡμῶν</span> <span class='ocrx_word' id='word_1_21' title='bbox 3318 484 3491 546; x_wconf 75' lang='grc' dir='ltr'>πνεῖν,</span> <span class='ocrx_word' id='word_1_22' title='bbox 3548 482 3579 552; x_wconf 74' lang='grc' dir='ltr'>ἢ</span> <span class='ocrx_word' id='word_1_23' title='bbox 3628 483 3675 535; x_wconf 84' lang='grc' dir='ltr'>οἱ</span> <span class='ocrx_word' id='word_1_24' title='bbox 3708 488 4002 553; x_wconf 72' lang='grc' dir='ltr'>προφανεῆ</span> 
     </span>
    </p>
   </div>
   <div class='ocr_carea' id='block_1_5' title="bbox 788 574 2465 645">
    <p class='ocr_par' dir='ltr' id='par_1_5' title="bbox 788 574 2465 645">
     <span class='ocr_line' id='line_1_5' title="bbox 788 574 2465 645; baseline -0.001 -15"><span class='ocrx_word' id='word_1_25' title='bbox 788 577 1037 631; x_wconf 69' lang='lat' dir='ltr'><strong>exoriens</strong></span> <span class='ocrx_word' id='word_1_26' title='bbox 1070 576 1380 629; x_wconf 78' lang='lat' dir='ltr'><strong>intuebatur</strong></span> <span class='ocrx_word' id='word_1_27' title='bbox 1410 575 1553 645; x_wconf 83' lang='lat' dir='ltr'><strong>(nam</strong></span> <span class='ocrx_word' id='word_1_28' title='bbox 1591 574 1973 627; x_wconf 82' lang='lat' dir='ltr'><strong>malevolorum</strong></span> <span class='ocrx_word' id='word_1_29' title='bbox 2008 574 2200 628; x_wconf 81' lang='lat' dir='ltr'><strong>infesta</strong></span> <span class='ocrx_word' id='word_1_30' title='bbox 2245 590 2341 628; x_wconf 90' lang='lat' dir='ltr'><strong>ne-</strong></span> <span class='ocrx_word' id='word_1_31' title='bbox 2446 578 2465 627; x_wconf 87' lang='grc' dir='ltr'><strong>ἐ</strong></span> 
     </span>
    </p>
   </div>
   <div class='ocr_carea' id='block_1_6' title="bbox 1795 574 3472 645">
    <p class='ocr_par' dir='ltr' id='par_1_6' title="bbox 1795 574 3472 644">
     <span class='ocr_line' id='line_1_6' title="bbox 1795 574 3472 644; baseline 0.001 -20"><span class='ocrx_word' id='word_1_32' title='bbox 1795 574 1973 627; x_wconf 70' lang='grc' dir='ltr'>νιοτυηι</span> <span class='ocrx_word' id='word_1_33' title='bbox 2008 574 2200 628; x_wconf 76' lang='lat' dir='ltr'><strong>infesta</strong></span> <span class='ocrx_word' id='word_1_34' title='bbox 2245 590 2341 628; x_wconf 90' lang='lat' dir='ltr'><strong>ne-</strong></span> <span class='ocrx_word' id='word_1_35' title='bbox 2446 576 2627 644; x_wconf 73' lang='grc' dir='ltr'>ἐχθροὶ</span> <span class='ocrx_word' id='word_1_36' title='bbox 2657 577 2756 628; x_wconf 86' lang='grc' dir='ltr'>οὐκ</span> <span class='ocrx_word' id='word_1_37' title='bbox 2795 574 2862 628; x_wconf 78' lang='grc' dir='ltr'>ἂν</span> <span class='ocrx_word' id='word_1_38' title='bbox 2906 576 3472 643; x_wconf 82' lang='grc' dir='ltr'>συνανομολογήσειεν.</span> 
     </span>
    </p>
   </div>
   <div class='ocr_carea' id='block_1_7' title="bbox 788 669 3998 741">
    <p class='ocr_par' dir='ltr' id='par_1_7' title="bbox 788 669 3998 741">
     <span class='ocr_line' id='line_1_7' title="bbox 788 669 3998 741; baseline 0.001 -18"><span class='ocrx_word' id='word_1_39' title='bbox 788 673 980 741; x_wconf 83' lang='lat' dir='ltr'><strong>quitia,</strong></span> <span class='ocrx_word' id='word_1_40' title='bbox 1026 673 1403 726; x_wconf 79' lang='lat' dir='ltr'><strong>necessitatem</strong></span> <span class='ocrx_word' id='word_1_41' title='bbox 1463 671 1544 723; x_wconf 87' lang='lat' dir='ltr'><strong>vel</strong></span> <span class='ocrx_word' id='word_1_42' title='bbox 1599 671 1756 723; x_wconf 88' lang='lat' dir='ltr'><strong>beato</strong></span> <span class='ocrx_word' id='word_1_43' title='bbox 1801 669 1968 725; x_wconf 87' lang='lat' dir='ltr'><strong>Paulo</strong></span> <span class='ocrx_word' id='word_1_44' title='bbox 2010 669 2226 725; x_wconf 89' lang='lat' dir='ltr'><strong>virtutis</strong></span> <span class='ocrx_word' id='word_1_45' title='bbox 2280 670 2483 725; x_wconf 88' lang='lat' dir='ltr'><strong>doctori</strong></span> <span class='ocrx_word' id='word_1_46' title='bbox 2551 671 2820 724; x_wconf 85' lang='lat' dir='ltr'><strong>inter‘dum</strong></span> <span class='ocrx_word' id='word_1_47' title='bbox 2876 671 3130 739; x_wconf 81' lang='lat' dir='ltr'><strong>imposuit</strong></span> <span class='ocrx_word' id='word_1_48' title='bbox 3190 671 3258 724; x_wconf 90' lang='lat' dir='ltr'><strong>ad</strong></span> <span class='ocrx_word' id='word_1_49' title='bbox 3316 673 3479 725; x_wconf 82' lang='lat' dir='ltr'><strong>verba</strong></span> <span class='ocrx_word' id='word_1_50' title='bbox 3509 670 3773 739; x_wconf 88' lang='lat' dir='ltr'><strong>ejusmodi</strong></span> <span class='ocrx_word' id='word_1_51' title='bbox 3824 672 3998 740; x_wconf 78' lang='lat' dir='ltr'><strong>profe-</strong></span> 
     </span>
    </p>
   </div>
   <div class='ocr_carea' id='block_1_8' title="bbox 788 764 3995 835">
    <p class='ocr_par' dir='ltr' id='par_1_8' title="bbox 788 764 3995 835">
     <span class='ocr_line' id='line_1_8' title="bbox 788 764 3995 835; baseline 0.001 -17"><span class='ocrx_word' id='word_1_52' title='bbox 788 766 997 829; x_wconf 89' lang='lat' dir='ltr'><strong>renda),</strong></span> <span class='ocrx_word' id='word_1_53' title='bbox 1019 765 1121 819; x_wconf 89' lang='lat' dir='ltr'><strong>hoc</strong></span> <span class='ocrx_word' id='word_1_54' title='bbox 1151 765 1325 834; x_wconf 91' lang='lat' dir='ltr'><strong>ipsum</strong></span> <span class='ocrx_word' id='word_1_55' title='bbox 1348 764 1547 829; x_wconf 90' lang='lat' dir='ltr'><strong>diurni,</strong></span> <span class='ocrx_word' id='word_1_56' title='bbox 1580 765 1769 818; x_wconf 83' lang='lat' dir='ltr'><strong>saltem</strong></span> <span class='ocrx_word' id='word_1_57' title='bbox 1805 766 2059 819; x_wconf 88' lang='lat' dir='ltr'><strong>nocturni</strong></span> <span class='ocrx_word' id='word_1_58' title='bbox 2092 766 2351 835; x_wconf 87' lang='lat' dir='ltr'><strong>temporis</strong></span> <span class='ocrx_word' id='word_1_59' title='bbox 2412 767 2784 834; x_wconf 84' lang='lat' dir='ltr'><strong>opportunitas</strong></span> <span class='ocrx_word' id='word_1_60' title='bbox 2826 765 3133 834; x_wconf 83' lang='lat' dir='ltr'><strong>ebajulavit,</strong></span> <span class='ocrx_word' id='word_1_61' title='bbox 3174 776 3231 820; x_wconf 87' lang='lat' dir='ltr'><strong>et</strong></span> <span class='ocrx_word' id='word_1_62' title='bbox 3270 776 3331 821; x_wconf 90' lang='lat' dir='ltr'><strong>ut</strong></span> <span class='ocrx_word' id='word_1_63' title='bbox 3370 781 3509 820; x_wconf 91' lang='lat' dir='ltr'><strong>onus</strong></span> <span class='ocrx_word' id='word_1_64' title='bbox 3564 768 3874 835; x_wconf 87' lang='lat' dir='ltr'><strong>impositum</strong></span> <span class='ocrx_word' id='word_1_65' title='bbox 3906 784 3995 822; x_wconf 78' lang='lat' dir='ltr'><strong>ex-</strong></span> 
     </span>
    </p>
   </div>
   <div class='ocr_carea' id='block_1_9' title="bbox 788 858 4005 933">
    <p class='ocr_par' dir='ltr' id='par_1_9' title="bbox 788 858 4005 933">
     <span class='ocr_line' id='line_1_9' title="bbox 788 858 4005 933; baseline 0.002 -24"><span class='ocrx_word' id='word_1_66' title='bbox 788 859 1037 926; x_wconf 85' lang='lat' dir='ltr'><strong>portavit.</strong></span> <span class='ocrx_word' id='word_1_67' title='bbox 1068 858 1213 912; x_wconf 89' lang='lat' dir='ltr'><strong>Istud</strong></span> <span class='ocrx_word' id='word_1_68' title='bbox 1238 868 1422 913; x_wconf 87' lang='lat' dir='ltr'><strong>autem</strong></span> <span class='ocrx_word' id='word_1_69' title='bbox 1447 874 1570 914; x_wconf 91' lang='lat' dir='ltr'><strong>cum</strong></span> <span class='ocrx_word' id='word_1_70' title='bbox 1622 874 1731 914; x_wconf 88' lang='lat' dir='ltr'><strong>non</strong></span> <span class='ocrx_word' id='word_1_71' title='bbox 1783 859 1963 913; x_wconf 89' lang='lat' dir='ltr'><strong>minus</strong></span> <span class='ocrx_word' id='word_1_72' title='bbox 1997 860 2072 914; x_wconf 89' lang='lat' dir='ltr'><strong>illi</strong></span> <span class='ocrx_word' id='word_1_73' title='bbox 2125 876 2285 930; x_wconf 90' lang='lat' dir='ltr'><strong>quam</strong></span> <span class='ocrx_word' id='word_1_74' title='bbox 2318 861 2407 915; x_wconf 89' lang='lat' dir='ltr'><strong>alii</strong></span> <span class='ocrx_word' id='word_1_75' title='bbox 2456 860 2801 925; x_wconf 88' lang='lat' dir='ltr'><strong>resciverant,</strong></span> <span class='ocrx_word' id='word_1_76' title='bbox 2867 870 3046 915; x_wconf 91' lang='lat' dir='ltr'><strong>tamen</strong></span> <span class='ocrx_word' id='word_1_77' title='bbox 3113 876 3305 916; x_wconf 89' lang='lat' dir='ltr'><strong>carnes</strong></span> <span class='ocrx_word' id='word_1_78' title='bbox 3368 863 3741 925; x_wconf 86' lang='lat' dir='ltr'><strong>conciderunt,</strong></span> <span class='ocrx_word' id='word_1_79' title='bbox 3822 862 4005 933; x_wconf 74' lang='lat' dir='ltr'><strong>flagris</strong></span> 
     </span>
    </p>
   </div>
   <div class='ocr_carea' id='block_1_10' title="bbox 785 954 4005 1027">
    <p class='ocr_par' dir='ltr' id='par_1_10' title="bbox 785 954 4005 1027">
     <span class='ocr_line' id='line_1_10' title="bbox 785 954 4005 1027; baseline 0.001 -20"><span class='ocrx_word' id='word_1_80' title='bbox 785 954 1007 1008; x_wconf 90' lang='lat' dir='ltr'><strong>intentis</strong></span> <span class='ocrx_word' id='word_1_81' title='bbox 1048 955 1391 1010; x_wconf 87' lang='lat' dir='ltr'><strong>lancinabant</strong></span> <span class='ocrx_word' id='word_1_82' title='bbox 1440 973 1451 1008; x_wconf 92' lang='lat'>:</span> <span class='ocrx_word' id='word_1_83' title='bbox 1491 970 1598 1008; x_wconf 92' lang='lat' dir='ltr'><strong>non</strong></span> <span class='ocrx_word' id='word_1_84' title='bbox 1652 964 1712 1010; x_wconf 90' lang='lat' dir='ltr'><strong>ut</strong></span> <span class='ocrx_word' id='word_1_85' title='bbox 1757 956 1956 1024; x_wconf 89' lang='lat' dir='ltr'><strong>aliquid</strong></span> <span class='ocrx_word' id='word_1_86' title='bbox 1999 970 2188 1010; x_wconf 89' lang='lat' dir='ltr'><strong>eorum</strong></span> <span class='ocrx_word' id='word_1_87' title='bbox 2232 972 2352 1025; x_wconf 74' lang='lat' dir='ltr'><strong>qua:</strong></span> <span class='ocrx_word' id='word_1_88' title='bbox 2400 972 2458 1009; x_wconf 87' lang='lat' dir='ltr'><strong>se</strong></span> <span class='ocrx_word' id='word_1_89' title='bbox 2509 972 2749 1024; x_wconf 68' lang='lat' dir='ltr'><strong>quan-ere</strong></span> <span class='ocrx_word' id='word_1_90' title='bbox 2815 956 3107 1027; x_wconf 84' lang='lat' dir='ltr'><strong>ﬁngebant,</strong></span> <span class='ocrx_word' id='word_1_91' title='bbox 3157 956 3467 1011; x_wconf 87' lang='lat' dir='ltr'><strong>invenirent</strong></span> <span class='ocrx_word' id='word_1_92' title='bbox 3499 957 3639 1026; x_wconf 90' lang='lat' dir='ltr'><strong>(nisi</strong></span> <span class='ocrx_word' id='word_1_93' title='bbox 3678 957 3907 1011; x_wconf 79' lang='lat' dir='ltr'><strong>forsitan</strong></span> <span class='ocrx_word' id='word_1_94' title='bbox 3951 967 4005 1010; x_wconf 85' lang='lat' dir='ltr'><strong>et</strong></span> 
     </span>
    </p>
   </div>
   <div class='ocr_carea' id='block_1_11' title="bbox 784 1046 4004 1119">
    <p class='ocr_par' dir='ltr' id='par_1_11' title="bbox 784 1046 4004 1119">
     <span class='ocr_line' id='line_1_11' title="bbox 784 1046 4004 1119; baseline -0 -17"><span class='ocrx_word' id='word_1_95' title='bbox 784 1063 850 1102; x_wconf 92' lang='lat' dir='ltr'><strong>eo</strong></span> <span class='ocrx_word' id='word_1_96' title='bbox 888 1047 1231 1116; x_wconf 88' lang='lat' dir='ltr'><strong>proruperint</strong></span> <span class='ocrx_word' id='word_1_97' title='bbox 1269 1046 1491 1103; x_wconf 78' lang='lat' dir='ltr'><strong>insania:</strong></span> <span class='ocrx_word' id='word_1_98' title='bbox 1524 1057 1583 1103; x_wconf 89' lang='lat' dir='ltr'><strong>ut</strong></span> <span class='ocrx_word' id='word_1_99' title='bbox 1615 1048 1701 1101; x_wconf 86' lang='lat' dir='ltr'><strong>illa</strong></span> <span class='ocrx_word' id='word_1_100' title='bbox 1742 1062 1800 1101; x_wconf 87' lang='lat' dir='ltr'><strong>se</strong></span> <span class='ocrx_word' id='word_1_101' title='bbox 1829 1062 2174 1118; x_wconf 67' lang='lat' dir='ltr'><strong>conquaerere</strong></span> <span class='ocrx_word' id='word_1_102' title='bbox 2224 1049 2505 1118; x_wconf 81' lang='lat' dir='ltr'><strong>ﬁngerent,</strong></span> <span class='ocrx_word' id='word_1_103' title='bbox 2563 1066 2681 1118; x_wconf 71' lang='lat' dir='ltr'><strong>qua:</strong></span> <span class='ocrx_word' id='word_1_104' title='bbox 2739 1066 2845 1103; x_wconf 89' lang='lat' dir='ltr'><strong>non</strong></span> <span class='ocrx_word' id='word_1_105' title='bbox 2907 1050 3229 1119; x_wconf 81' lang='lat' dir='ltr'><strong>ignorabant</strong></span> <span class='ocrx_word' id='word_1_106' title='bbox 3287 1056 3499 1102; x_wconf 82' lang='lat' dir='ltr'><strong>exstare</strong></span> <span class='ocrx_word' id='word_1_107' title='bbox 3564 1049 3873 1116; x_wconf 86' lang='lat' dir='ltr'><strong>nusquam),</strong></span> <span class='ocrx_word' id='word_1_108' title='bbox 3905 1048 4004 1102; x_wconf 85' lang='lat' dir='ltr'><strong>sed</strong></span> 
     </span>
    </p>
   </div>
   <div class='ocr_carea' id='block_1_12' title="bbox 783 1143 4003 1214">
    <p class='ocr_par' dir='ltr' id='par_1_12' title="bbox 783 1143 4003 1214">
     <span class='ocr_line' id='line_1_12' title="bbox 783 1143 4003 1214; baseline -0 -17"><span class='ocrx_word' id='word_1_109' title='bbox 783 1158 845 1197; x_wconf 82' lang='lat' dir='ltr'><strong>ut.</strong></span> <span class='ocrx_word' id='word_1_110' title='bbox 882 1144 947 1196; x_wconf 90' lang='lat' dir='ltr'><strong>ab</strong></span> <span class='ocrx_word' id='word_1_111' title='bbox 993 1144 1091 1197; x_wconf 91' lang='lat' dir='ltr'><strong>hac</strong></span> <span class='ocrx_word' id='word_1_112' title='bbox 1141 1145 1300 1199; x_wconf 88' lang='lat' dir='ltr'><strong>etiam</strong></span> <span class='ocrx_word' id='word_1_113' title='bbox 1341 1152 1493 1213; x_wconf 85' lang='lat' dir='ltr'><strong>parte</strong></span> <span class='ocrx_word' id='word_1_114' title='bbox 1540 1143 1695 1198; x_wconf 86' lang='lat' dir='ltr'><strong>nobis</strong></span> <span class='ocrx_word' id='word_1_115' title='bbox 1741 1144 2020 1197; x_wconf 90' lang='lat' dir='ltr'><strong>inurerent</strong></span> <span class='ocrx_word' id='word_1_116' title='bbox 2075 1143 2313 1197; x_wconf 90' lang='lat' dir='ltr'><strong>dolorem</strong></span> <span class='ocrx_word' id='word_1_117' title='bbox 2358 1160 2369 1195; x_wconf 94' lang='lat'><em>:</em></span> <span class='ocrx_word' id='word_1_118' title='bbox 2406 1160 2505 1197; x_wconf 91' lang='lat' dir='ltr'><strong>nec</strong></span> <span class='ocrx_word' id='word_1_119' title='bbox 2556 1144 2785 1212; x_wconf 89' lang='lat' dir='ltr'><strong>aliquam</strong></span> <span class='ocrx_word' id='word_1_120' title='bbox 2830 1145 3083 1213; x_wconf 59' lang='lat' dir='ltr'><strong>nequitiae</strong></span> <span class='ocrx_word' id='word_1_121' title='bbox 3132 1144 3395 1199; x_wconf 89' lang='lat' dir='ltr'><strong>rationem</strong></span> <span class='ocrx_word' id='word_1_122' title='bbox 3456 1144 3791 1207; x_wconf 80' lang='lat' dir='ltr'><strong>omitterent,</strong></span> <span class='ocrx_word' id='word_1_123' title='bbox 3838 1158 4003 1214; x_wconf 85' lang='lat' dir='ltr'><strong>quam</strong></span> 
     </span>
    </p>
   </div>
   <div class='ocr_carea' id='block_1_13' title="bbox 785 1235 4003 1306">
    <p class='ocr_par' dir='ltr' id='par_1_13' title="bbox 785 1235 4003 1306">
     <span class='ocr_line' id='line_1_13' title="bbox 785 1235 4003 1306; baseline 0 -15"><span class='ocrx_word' id='word_1_124' title='bbox 785 1244 837 1291; x_wconf 63' lang='grc' dir='ltr'><strong>ιιι</strong></span> <span class='ocrx_word' id='word_1_125' title='bbox 878 1254 976 1291; x_wconf 91' lang='lat' dir='ltr'><strong>nos</strong></span> <span class='ocrx_word' id='word_1_126' title='bbox 1026 1236 1221 1291; x_wconf 83' lang='lat' dir='ltr'><strong>inferre</strong></span> <span class='ocrx_word' id='word_1_127' title='bbox 1266 1246 1503 1305; x_wconf 91' lang='lat' dir='ltr'><strong>possent.</strong></span> <span class='ocrx_word' id='word_1_128' title='bbox 1544 1235 1741 1291; x_wconf 85' lang='lat' dir='ltr'><strong>Verum</strong></span> <span class='ocrx_word' id='word_1_129' title='bbox 1783 1237 1923 1306; x_wconf 91' lang='lat' dir='ltr'><strong>quod</strong></span> <span class='ocrx_word' id='word_1_130' title='bbox 1987 1238 2085 1289; x_wconf 90' lang='lat' dir='ltr'><strong>ista</strong></span> <span class='ocrx_word' id='word_1_131' title='bbox 2134 1236 2259 1290; x_wconf 92' lang='lat' dir='ltr'><strong>dum</strong></span> <span class='ocrx_word' id='word_1_132' title='bbox 2298 1246 2352 1290; x_wconf 91' lang='lat' dir='ltr'><strong>ct</strong></span> <span class='ocrx_word' id='word_1_133' title='bbox 2406 1238 2507 1291; x_wconf 88' lang='lat' dir='ltr'><strong>alia</strong></span> <span class='ocrx_word' id='word_1_134' title='bbox 2559 1237 2838 1291; x_wconf 90' lang='lat' dir='ltr'><strong>innumera</strong></span> <span class='ocrx_word' id='word_1_135' title='bbox 2894 1245 3080 1290; x_wconf 87' lang='lat' dir='ltr'><strong>contra</strong></span> <span class='ocrx_word' id='word_1_136' title='bbox 3134 1252 3234 1290; x_wconf 92' lang='lat' dir='ltr'><strong>nos</strong></span> <span class='ocrx_word' id='word_1_137' title='bbox 3297 1236 3636 1291; x_wconf 79' lang='lat' dir='ltr'><strong>machinatus</strong></span> <span class='ocrx_word' id='word_1_138' title='bbox 3699 1240 3769 1293; x_wconf 92' lang='lat' dir='ltr'><strong>sit</strong></span> <span class='ocrx_word' id='word_1_139' title='bbox 3812 1240 4003 1301; x_wconf 85' lang='lat' dir='ltr'><strong>Satan.</strong></span> 
     </span>
    </p>
   </div>
   <div class='ocr_carea' id='block_1_14' title="bbox 782 1332 4004 1407">
    <p class='ocr_par' dir='ltr' id='par_1_14' title="bbox 782 1332 4004 1407">
     <span class='ocr_line' id='line_1_14' title="bbox 782 1332 4004 1407; baseline 0.001 -22"><span class='ocrx_word' id='word_1_140' title='bbox 782 1348 893 1385; x_wconf 91' lang='lat' dir='ltr'><strong>non</strong></span> <span class='ocrx_word' id='word_1_141' title='bbox 946 1333 1101 1401; x_wconf 81' lang='lat' dir='ltr'><strong>plane</strong></span> <span class='ocrx_word' id='word_1_142' title='bbox 1155 1333 1419 1403; x_wconf 84' lang='lat' dir='ltr'><strong>intelligo;</strong></span> <span class='ocrx_word' id='word_1_143' title='bbox 1469 1332 1563 1385; x_wconf 89' lang='lat' dir='ltr'><strong>sed</strong></span> <span class='ocrx_word' id='word_1_144' title='bbox 1610 1332 1869 1402; x_wconf 85' lang='lat' dir='ltr'><strong>profecto,</strong></span> <span class='ocrx_word' id='word_1_145' title='bbox 1916 1334 2058 1402; x_wconf 91' lang='lat' dir='ltr'><strong>quod</strong></span> <span class='ocrx_word' id='word_1_146' title='bbox 2104 1336 2172 1389; x_wconf 88' lang='lat' dir='ltr'><strong>ab</strong></span> <span class='ocrx_word' id='word_1_147' title='bbox 2211 1336 2325 1389; x_wconf 85' lang='lat' dir='ltr'><strong>istis</strong></span> <span class='ocrx_word' id='word_1_148' title='bbox 2349 1337 2714 1400; x_wconf 85' lang='lat' dir='ltr'><strong>exhaurimur,</strong></span> <span class='ocrx_word' id='word_1_149' title='bbox 2763 1337 2902 1391; x_wconf 91' lang='lat' dir='ltr'><strong>haud</strong></span> <span class='ocrx_word' id='word_1_150' title='bbox 2956 1337 3283 1407; x_wconf 77' lang='lat' dir='ltr'><strong>negaverim.</strong></span> <span class='ocrx_word' id='word_1_151' title='bbox 3331 1336 3437 1391; x_wconf 90' lang='lat' dir='ltr'><strong>Sed</strong></span> <span class='ocrx_word' id='word_1_152' title='bbox 3464 1336 3606 1406; x_wconf 87' lang='lat' dir='ltr'><strong>quod</strong></span> <span class='ocrx_word' id='word_1_153' title='bbox 3654 1334 4004 1403; x_wconf 67' lang='lat' dir='ltr'><strong>haecimpro-</strong></span> 
     </span>
    </p>
   </div>
   <div class='ocr_carea' id='block_1_15' title="bbox 783 1426 4005 1499">
    <p class='ocr_par' dir='ltr' id='par_1_15' title="bbox 783 1426 4005 1499">
     <span class='ocr_line' id='line_1_15' title="bbox 783 1426 4005 1499; baseline 0 -21"><span class='ocrx_word' id='word_1_154' title='bbox 783 1427 921 1479; x_wconf 88' lang='lat' dir='ltr'><strong>bitas</strong></span> <span class='ocrx_word' id='word_1_155' title='bbox 944 1426 1009 1479; x_wconf 92' lang='lat' dir='ltr'><strong>de</strong></span> <span class='ocrx_word' id='word_1_156' title='bbox 1040 1428 1233 1479; x_wconf 89' lang='lat' dir='ltr'><strong>mentis</strong></span> <span class='ocrx_word' id='word_1_157' title='bbox 1288 1442 1418 1480; x_wconf 73' lang='lat' dir='ltr'><strong>mete</strong></span> <span class='ocrx_word' id='word_1_158' title='bbox 1467 1434 1606 1479; x_wconf 90' lang='lat' dir='ltr'><strong>statu</strong></span> <span class='ocrx_word' id='word_1_159' title='bbox 1654 1443 1738 1480; x_wconf 90' lang='lat' dir='ltr'><strong>me</strong></span> <span class='ocrx_word' id='word_1_160' title='bbox 1784 1427 2090 1492; x_wconf 90' lang='lat' dir='ltr'><strong>dimoverit,</strong></span> <span class='ocrx_word' id='word_1_161' title='bbox 2136 1440 2227 1482; x_wconf 88' lang='lat' dir='ltr'><strong>aut</strong></span> <span class='ocrx_word' id='word_1_162' title='bbox 2280 1430 2545 1499; x_wconf 84' lang='lat' dir='ltr'><strong>redegerit</strong></span> <span class='ocrx_word' id='word_1_163' title='bbox 2605 1430 2671 1482; x_wconf 90' lang='lat' dir='ltr'><strong>ad</strong></span> <span class='ocrx_word' id='word_1_164' title='bbox 2720 1430 3062 1484; x_wconf 86' lang='lat' dir='ltr'><strong>oraculorum</strong></span> <span class='ocrx_word' id='word_1_165' title='bbox 3133 1428 3437 1483; x_wconf 85' lang='lat' dir='ltr'><strong>divinorum</strong></span> <span class='ocrx_word' id='word_1_166' title='bbox 3501 1436 3892 1495; x_wconf 89' lang='lat' dir='ltr'><strong>contemptum.</strong></span> <span class='ocrx_word' id='word_1_167' title='bbox 3950 1436 4005 1479; x_wconf 90' lang='lat' dir='ltr'><strong>et</strong></span> 
     </span>
    </p>
   </div>
   <div class='ocr_carea' id='block_1_16' title="bbox 784 1519 4003 1594">
    <p class='ocr_par' dir='ltr' id='par_1_16' title="bbox 784 1519 4003 1594">
     <span class='ocr_line' id='line_1_16' title="bbox 784 1519 4003 1594; baseline 0.001 -23"><span class='ocrx_word' id='word_1_168' title='bbox 784 1534 969 1571; x_wconf 89' lang='lat' dir='ltr'><strong>eorum</strong></span> <span class='ocrx_word' id='word_1_169' title='bbox 1010 1519 1305 1588; x_wconf 92' lang='lat' dir='ltr'><strong>proditione</strong></span> <span class='ocrx_word' id='word_1_170' title='bbox 1358 1534 1441 1572; x_wconf 86' lang='lat' dir='ltr'><strong>me</strong></span> <span class='ocrx_word' id='word_1_171' title='bbox 1485 1520 1843 1584; x_wconf 82' lang='lat' dir='ltr'><strong>inlamaverit,</strong></span> <span class='ocrx_word' id='word_1_172' title='bbox 1905 1524 2200 1577; x_wconf 88' lang='lat' dir='ltr'><strong>concedere</strong></span> <span class='ocrx_word' id='word_1_173' title='bbox 2259 1539 2368 1579; x_wconf 90' lang='lat' dir='ltr'><strong>non</strong></span> <span class='ocrx_word' id='word_1_174' title='bbox 2414 1540 2633 1594; x_wconf 90' lang='lat' dir='ltr'><strong>possum</strong></span> <span class='ocrx_word' id='word_1_175' title='bbox 2687 1543 2699 1578; x_wconf 93' lang='lat'><strong>:</strong></span> <span class='ocrx_word' id='word_1_176' title='bbox 2746 1536 2804 1579; x_wconf 92' lang='lat' dir='ltr'><strong>ut</strong></span> <span class='ocrx_word' id='word_1_177' title='bbox 2838 1534 3124 1594; x_wconf 88' lang='lat' dir='ltr'><strong>eapropter</strong></span> <span class='ocrx_word' id='word_1_178' title='bbox 3174 1524 3410 1579; x_wconf 89' lang='lat' dir='ltr'><strong>hostium</strong></span> <span class='ocrx_word' id='word_1_179' title='bbox 3469 1538 3709 1577; x_wconf 88' lang='lat' dir='ltr'><strong>meorum</strong></span> <span class='ocrx_word' id='word_1_180' title='bbox 3745 1520 4003 1575; x_wconf 81' lang='lat' dir='ltr'><strong>infensis—</strong></span> 
     </span>
    </p>
   </div>
   <div class='ocr_carea' id='block_1_17' title="bbox 785 1610 2205 1685">
    <p class='ocr_par' dir='ltr' id='par_1_17' title="bbox 785 1610 2205 1685">
     <span class='ocr_line' id='line_1_17' title="bbox 785 1610 2205 1685; baseline 0.004 -23"><span class='ocrx_word' id='word_1_181' title='bbox 785 1610 907 1662; x_wconf 89' lang='lat' dir='ltr'><strong>sitni</strong></span> <span class='ocrx_word' id='word_1_182' title='bbox 944 1626 1025 1663; x_wconf 90' lang='lat' dir='ltr'><strong>me</strong></span> <span class='ocrx_word' id='word_1_183' title='bbox 1062 1611 1320 1676; x_wconf 87' lang='lat' dir='ltr'><strong>alllarent,</strong></span> <span class='ocrx_word' id='word_1_184' title='bbox 1354 1620 1407 1664; x_wconf 93' lang='lat' dir='ltr'><strong>et</strong></span> <span class='ocrx_word' id='word_1_185' title='bbox 1437 1612 1488 1663; x_wconf 91' lang='lat' dir='ltr'><strong>in</strong></span> <span class='ocrx_word' id='word_1_186' title='bbox 1524 1628 1583 1666; x_wconf 91' lang='lat' dir='ltr'><strong>os</strong></span> <span class='ocrx_word' id='word_1_187' title='bbox 1616 1624 1799 1681; x_wconf 90' lang='lat' dir='ltr'><strong>aperte</strong></span> <span class='ocrx_word' id='word_1_188' title='bbox 1835 1615 2205 1685; x_wconf 88' lang='lat' dir='ltr'><strong>oggannirent.</strong></span> 
     </span>
    </p>
   </div>
   <div class='ocr_carea' id='block_1_18' title="bbox 856 1704 2533 1779">
    <p class='ocr_par' dir='ltr' id='par_1_18' title="bbox 856 1704 2533 1779">
     <span class='ocr_line' id='line_1_18' title="bbox 856 1704 2533 1779; baseline 0.007 -24"><span class='ocrx_word' id='word_1_189' title='bbox 856 1704 949 1756; x_wconf 91' lang='lat' dir='ltr'><strong>Sin</strong></span> <span class='ocrx_word' id='word_1_190' title='bbox 989 1704 1252 1773; x_wconf 87' lang='lat' dir='ltr'><strong>quispiam</strong></span> <span class='ocrx_word' id='word_1_191' title='bbox 1299 1721 1448 1768; x_wconf 88' lang='lat' dir='ltr'><strong>vero,</strong></span> <span class='ocrx_word' id='word_1_192' title='bbox 1505 1707 1588 1759; x_wconf 90' lang='lat' dir='ltr'><strong>his</strong></span> <span class='ocrx_word' id='word_1_193' title='bbox 1626 1707 1821 1762; x_wconf 86' lang='lat' dir='ltr'><strong>talibus</strong></span> <span class='ocrx_word' id='word_1_194' title='bbox 1879 1710 2095 1773; x_wconf 86' lang='lat' dir='ltr'><strong>auditis,</strong></span> <span class='ocrx_word' id='word_1_195' title='bbox 2136 1710 2339 1779; x_wconf 88' lang='lat' dir='ltr'><strong>pudore</strong></span> <span class='ocrx_word' id='word_1_196' title='bbox 2374 1719 2415 1773; x_wconf 85' lang='grc' dir='ltr'><strong><em>Β</em></strong></span> <span class='ocrx_word' id='word_1_197' title='bbox 2515 1709 2533 1760; x_wconf 87' lang='grc'><strong>1</strong></span> 
     </span>
    </p>
   </div>
   <div class='ocr_carea' id='block_1_19' title="bbox 2325 1704 4002 1779">
    <p class='ocr_par' dir='ltr' id='par_1_19' title="bbox 2325 1704 4002 1775">
     <span class='ocr_line' id='line_1_19' title="bbox 2325 1704 4002 1775; baseline -0.004 -11"><span class='ocrx_word' id='word_1_198' title='bbox 2325 1726 2339 1765; x_wconf 72' lang='lat'><strong>3</strong></span> <span class='ocrx_word' id='word_1_199' title='bbox 2374 1719 2415 1773; x_wconf 84' lang='grc' dir='ltr'><strong><em>Β</em></strong></span> <span class='ocrx_word' id='word_1_200' title='bbox 2515 1709 2577 1760; x_wconf 85' lang='lat' dir='ltr'><strong>El</strong></span> <span class='ocrx_word' id='word_1_201' title='bbox 2604 1707 2658 1759; x_wconf 81' lang='grc' dir='ltr'>δέ</span> <span class='ocrx_word' id='word_1_202' title='bbox 2696 1724 2774 1770; x_wconf 89' lang='grc' dir='ltr'><strong>τις</strong></span> <span class='ocrx_word' id='word_1_203' title='bbox 2799 1706 2971 1759; x_wconf 88' lang='grc' dir='ltr'>ταῦτα</span> <span class='ocrx_word' id='word_1_204' title='bbox 2993 1705 3203 1759; x_wconf 81' lang='grc' dir='ltr'>ἀκούων</span> <span class='ocrx_word' id='word_1_205' title='bbox 3235 1704 3459 1775; x_wconf 83' lang='grc' dir='ltr'>ἐρυθριᾷ</span> <span class='ocrx_word' id='word_1_206' title='bbox 3484 1705 3578 1756; x_wconf 82' lang='grc' dir='ltr'>καὶ</span> <span class='ocrx_word' id='word_1_207' title='bbox 3608 1704 3876 1763; x_wconf 81' lang='grc' dir='ltr'>ἀνανεύει,</span> <span class='ocrx_word' id='word_1_208' title='bbox 3907 1704 4002 1757; x_wconf 79' lang='grc' dir='ltr'>καὶ</span> 
     </span>
    </p>
   </div>
   <div class='ocr_carea' id='block_1_20' title="bbox 788 1793 2465 1871">
    <p class='ocr_par' dir='ltr' id='par_1_20' title="bbox 788 1795 2465 1871">
     <span class='ocr_line' id='line_1_20' title="bbox 788 1795 2465 1871; baseline 0.002 -22"><span class='ocrx_word' id='word_1_209' title='bbox 788 1795 1321 1865; x_wconf 76' lang='lat' dir='ltr'><strong>sull&#39;unditur,erigat</strong></span> <span class='ocrx_word' id='word_1_210' title='bbox 1350 1813 1409 1851; x_wconf 86' lang='lat' dir='ltr'><strong>se</strong></span> <span class='ocrx_word' id='word_1_211' title='bbox 1430 1799 1841 1866; x_wconf 86' lang='lat' dir='ltr'><strong>aliquantulum,</strong></span> <span class='ocrx_word' id='word_1_212' title='bbox 1866 1812 1919 1853; x_wconf 89' lang='lat' dir='ltr'><strong>et</strong></span> <span class='ocrx_word' id='word_1_213' title='bbox 1939 1811 2173 1871; x_wconf 81' lang='lat' dir='ltr'><strong>emergat</strong></span> <span class='ocrx_word' id='word_1_214' title='bbox 2208 1801 2332 1855; x_wconf 90' lang='lat' dir='ltr'><strong>inde</strong></span> <span class='ocrx_word' id='word_1_215' title='bbox 2439 1799 2465 1852; x_wconf 81' lang='grc' dir='ltr'><strong>ό</strong></span> 
     </span>
    </p>
   </div>
   <div class='ocr_carea' id='block_1_21' title="bbox 2323 1793 4000 1871">
    <p class='ocr_par' dir='ltr' id='par_1_21' title="bbox 2323 1793 4000 1868">
     <span class='ocr_line' id='line_1_21' title="bbox 2323 1793 4000 1868; baseline -0.005 -14"><span class='ocrx_word' id='word_1_216' title='bbox 2323 1818 2332 1854; x_wconf 74' lang='grc' dir='ltr'><strong>ι</strong></span> <span class='ocrx_word' id='word_1_217' title='bbox 2439 1798 2747 1865; x_wconf 78' lang='grc' dir='ltr'>ἀναδύεται,</span> <span class='ocrx_word' id='word_1_218' title='bbox 2763 1797 2855 1850; x_wconf 83' lang='grc' dir='ltr'>καὶ</span> <span class='ocrx_word' id='word_1_219' title='bbox 2876 1800 3082 1868; x_wconf 84' lang='grc' dir='ltr'>μήποτε</span> <span class='ocrx_word' id='word_1_220' title='bbox 3113 1798 3178 1851; x_wconf 78' lang='grc' dir='ltr'>ἂν</span> <span class='ocrx_word' id='word_1_221' title='bbox 3204 1796 3443 1850; x_wconf 87' lang='grc' dir='ltr'>τοιοῦτον</span> <span class='ocrx_word' id='word_1_222' title='bbox 3473 1796 3644 1847; x_wconf 76' lang='grc' dir='ltr'>εἰπεῖν</span> <span class='ocrx_word' id='word_1_223' title='bbox 3677 1793 3796 1846; x_wconf 71' lang='grc' dir='ltr'>καθ’</span> <span class='ocrx_word' id='word_1_224' title='bbox 3821 1794 4000 1862; x_wconf 79' lang='grc' dir='ltr'>ἡμῶν,</span> 
     </span>
    </p>
   </div>
   <div class='ocr_carea' id='block_1_22' title="bbox 786 1888 2332 1962">
    <p class='ocr_par' dir='ltr' id='par_1_22' title="bbox 786 1888 2332 1962">
     <span class='ocr_line' id='line_1_22' title="bbox 786 1888 2332 1962; baseline 0.004 -23"><span class='ocrx_word' id='word_1_225' title='bbox 786 1902 886 1940; x_wconf 92' lang='lat' dir='ltr'><strong>nec</strong></span> <span class='ocrx_word' id='word_1_226' title='bbox 912 1888 1014 1941; x_wconf 82' lang='lat' dir='ltr'><strong>tale</strong></span> <span class='ocrx_word' id='word_1_227' title='bbox 1046 1888 1334 1958; x_wconf 89' lang='lat' dir='ltr'><strong>quidquam</strong></span> <span class='ocrx_word' id='word_1_228' title='bbox 1367 1905 1423 1944; x_wconf 93' lang='lat' dir='ltr'><strong>se</strong></span> <span class='ocrx_word' id='word_1_229' title='bbox 1450 1900 1637 1945; x_wconf 89' lang='lat' dir='ltr'><strong>contra</strong></span> <span class='ocrx_word' id='word_1_230' title='bbox 1674 1908 1771 1946; x_wconf 89' lang='lat' dir='ltr'><strong>nos</strong></span> <span class='ocrx_word' id='word_1_231' title='bbox 1800 1903 2133 1962; x_wconf 86' lang='lat' dir='ltr'><strong>perpetrasse</strong></span> <span class='ocrx_word' id='word_1_232' title='bbox 2163 1892 2332 1955; x_wconf 88' lang='lat' dir='ltr'><strong>dicat,</strong></span> 
     </span>
    </p>
   </div>
   <div class='ocr_carea' id='block_1_23' title="bbox 785 1982 2334 2053">
    <p class='ocr_par' dir='ltr' id='par_1_23' title="bbox 785 1982 2334 2053">
     <span class='ocr_line' id='line_1_23' title="bbox 785 1982 2334 2053; baseline 0.003 -20"><span class='ocrx_word' id='word_1_233' title='bbox 785 1982 877 2035; x_wconf 91' lang='lat' dir='ltr'><strong>scd</strong></span> <span class='ocrx_word' id='word_1_234' title='bbox 910 1997 1011 2035; x_wconf 89' lang='lat' dir='ltr'><strong>nec</strong></span> <span class='ocrx_word' id='word_1_235' title='bbox 1050 1983 1371 2051; x_wconf 85' lang='lat' dir='ltr'><strong>cogitatione</strong></span> <span class='ocrx_word' id='word_1_236' title='bbox 1402 1983 1630 2053; x_wconf 86' lang='lat' dir='ltr'><strong>agitasse</strong></span> <span class='ocrx_word' id='word_1_237' title='bbox 1677 1984 1838 2046; x_wconf 90' lang='lat' dir='ltr'><strong>olim;</strong></span> <span class='ocrx_word' id='word_1_238' title='bbox 1872 1983 1947 2036; x_wconf 93' lang='lat' dir='ltr'><strong>sic</strong></span> <span class='ocrx_word' id='word_1_239' title='bbox 1972 1984 2114 2036; x_wconf 92' lang='lat' dir='ltr'><strong>enim</strong></span> <span class='ocrx_word' id='word_1_240' title='bbox 2145 1992 2334 2037; x_wconf 89' lang='lat' dir='ltr'><strong>natura</strong></span> 
     </span>
    </p>
   </div>
   <div class='ocr_carea' id='block_1_24' title="bbox 785 2074 2335 2144">
    <p class='ocr_par' dir='ltr' id='par_1_24' title="bbox 785 2074 2335 2144">
     <span class='ocr_line' id='line_1_24' title="bbox 785 2074 2335 2144; baseline 0.003 -21"><span class='ocrx_word' id='word_1_241' title='bbox 785 2083 1128 2140; x_wconf 88' lang='lat' dir='ltr'><strong>comparatur</strong></span> <span class='ocrx_word' id='word_1_242' title='bbox 1175 2082 1471 2141; x_wconf 88' lang='lat' dir='ltr'><strong>peccatum,</strong></span> <span class='ocrx_word' id='word_1_243' title='bbox 1521 2083 1577 2126; x_wconf 90' lang='lat' dir='ltr'><strong>ut</strong></span> <span class='ocrx_word' id='word_1_244' title='bbox 1625 2088 1745 2126; x_wconf 91' lang='lat' dir='ltr'><strong>cum</strong></span> <span class='ocrx_word' id='word_1_245' title='bbox 1786 2088 1881 2143; x_wconf 90' lang='lat' dir='ltr'><strong>per</strong></span> <span class='ocrx_word' id='word_1_246' title='bbox 1908 2074 2110 2141; x_wconf 88' lang='lat' dir='ltr'><strong>justam</strong></span> <span class='ocrx_word' id='word_1_247' title='bbox 2150 2089 2335 2144; x_wconf 86' lang='lat' dir='ltr'><strong>repre-</strong></span> 
     </span>
    </p>
   </div>
   <div class='ocr_carea' id='block_1_25' title="bbox 788 2163 2335 2233">
    <p class='ocr_par' dir='ltr' id='par_1_25' title="bbox 788 2163 2335 2233">
     <span class='ocr_line' id='line_1_25' title="bbox 788 2163 2335 2233; baseline 0.003 -18"><span class='ocrx_word' id='word_1_248' title='bbox 788 2163 1102 2217; x_wconf 79' lang='lat' dir='ltr'><strong>hensionem</strong></span> <span class='ocrx_word' id='word_1_249' title='bbox 1158 2163 1480 2228; x_wconf 88' lang='lat' dir='ltr'><strong>denudetur,</strong></span> <span class='ocrx_word' id='word_1_250' title='bbox 1542 2163 1709 2233; x_wconf 84' lang='lat' dir='ltr'><strong>magis</strong></span> <span class='ocrx_word' id='word_1_251' title='bbox 1762 2164 1949 2232; x_wconf 90' lang='lat' dir='ltr'><strong>majori</strong></span> <span class='ocrx_word' id='word_1_252' title='bbox 1998 2163 2335 2219; x_wconf 87' lang='lat' dir='ltr'><strong>immodestia</strong></span> 
     </span>
    </p>
   </div>
   <div class='ocr_carea' id='block_1_26' title="bbox 786 2254 2335 2324">
    <p class='ocr_par' dir='ltr' id='par_1_26' title="bbox 786 2254 2335 2324">
     <span class='ocr_line' id='line_1_26' title="bbox 786 2254 2335 2324; baseline 0.003 -18"><span class='ocrx_word' id='word_1_253' title='bbox 786 2270 947 2323; x_wconf 89' lang='lat' dir='ltr'><strong>quam</strong></span> <span class='ocrx_word' id='word_1_254' title='bbox 981 2256 1129 2323; x_wconf 91' lang='lat' dir='ltr'><strong>prius</strong></span> <span class='ocrx_word' id='word_1_255' title='bbox 1163 2270 1220 2308; x_wconf 91' lang='lat' dir='ltr'><strong>se</strong></span> <span class='ocrx_word' id='word_1_256' title='bbox 1244 2254 1517 2319; x_wconf 87' lang='lat' dir='ltr'><strong>venditet;</strong></span> <span class='ocrx_word' id='word_1_257' title='bbox 1550 2269 1649 2308; x_wconf 93' lang='lat' dir='ltr'><strong>nec</strong></span> <span class='ocrx_word' id='word_1_258' title='bbox 1678 2254 1895 2323; x_wconf 87' lang='lat' dir='ltr'><strong>quidem</strong></span> <span class='ocrx_word' id='word_1_259' title='bbox 1922 2270 1951 2308; x_wconf 92' lang='lat' dir='ltr'><strong>a</strong></span> <span class='ocrx_word' id='word_1_260' title='bbox 1984 2265 2205 2324; x_wconf 90' lang='lat' dir='ltr'><strong>parente</strong></span> <span class='ocrx_word' id='word_1_261' title='bbox 2236 2270 2335 2311; x_wconf 88' lang='lat' dir='ltr'><strong>suo</strong></span> 
     </span>
    </p>
   </div>
   <div class='ocr_carea' id='block_1_27' title="bbox 785 2347 2339 2418">
    <p class='ocr_par' dir='ltr' id='par_1_27' title="bbox 785 2347 2339 2418">
     <span class='ocr_line' id='line_1_27' title="bbox 785 2347 2339 2418; baseline 0.005 -20"><span class='ocrx_word' id='word_1_262' title='bbox 785 2362 884 2416; x_wconf 92' lang='lat' dir='ltr'><strong>pro</strong></span> <span class='ocrx_word' id='word_1_263' title='bbox 923 2357 1075 2416; x_wconf 89' lang='lat' dir='ltr'><strong>partu</strong></span> <span class='ocrx_word' id='word_1_264' title='bbox 1112 2347 1343 2417; x_wconf 85' lang='lat' dir='ltr'><strong>genuino</strong></span> <span class='ocrx_word' id='word_1_265' title='bbox 1386 2358 1727 2415; x_wconf 84' lang='lat' dir='ltr'><strong>agnoscatur,</strong></span> <span class='ocrx_word' id='word_1_266' title='bbox 1783 2348 1878 2402; x_wconf 92' lang='lat' dir='ltr'><strong>sed</strong></span> <span class='ocrx_word' id='word_1_267' title='bbox 1923 2358 1981 2403; x_wconf 92' lang='lat' dir='ltr'><strong>ut</strong></span> <span class='ocrx_word' id='word_1_268' title='bbox 2021 2350 2235 2418; x_wconf 89' lang='lat' dir='ltr'><strong>spurius</strong></span> <span class='ocrx_word' id='word_1_269' title='bbox 2282 2360 2339 2406; x_wconf 88' lang='lat' dir='ltr'><strong>et</strong></span> 
     </span>
    </p>
   </div>
   <div class='ocr_carea' id='block_1_28' title="bbox 785 2436 2335 2509">
    <p class='ocr_par' dir='ltr' id='par_1_28' title="bbox 785 2436 2335 2509">
     <span class='ocr_line' id='line_1_28' title="bbox 785 2436 2335 2509; baseline 0.003 -20"><span class='ocrx_word' id='word_1_270' title='bbox 785 2438 1146 2491; x_wconf 83' lang='lat' dir='ltr'><strong>exsecrandus</strong></span> <span class='ocrx_word' id='word_1_271' title='bbox 1176 2436 1335 2492; x_wconf 75' lang='lat' dir='ltr'><strong>[cetus</strong></span> <span class='ocrx_word' id='word_1_272' title='bbox 1354 2437 1522 2491; x_wconf 87' lang='lat' dir='ltr'><strong>oculis</strong></span> <span class='ocrx_word' id='word_1_273' title='bbox 1552 2448 1966 2507; x_wconf 61' lang='lat' dir='ltr'><strong>repraesentetur</strong></span> <span class='ocrx_word' id='word_1_274' title='bbox 2001 2458 2013 2493; x_wconf 94' lang='lat'>:</span> <span class='ocrx_word' id='word_1_275' title='bbox 2045 2440 2335 2509; x_wconf 71' lang='lat' dir='ltr'><strong>pmcipue.</strong></span> 
     </span>
    </p>
   </div>
   <div class='ocr_carea' id='block_1_29' title="bbox 785 2529 2337 2600">
    <p class='ocr_par' dir='ltr' id='par_1_29' title="bbox 785 2529 2337 2600">
     <span class='ocr_line' id='line_1_29' title="bbox 785 2529 2337 2600; baseline 0.002 -16"><span class='ocrx_word' id='word_1_276' title='bbox 785 2530 831 2584; x_wconf 91' lang='lat' dir='ltr'><strong>si</strong></span> <span class='ocrx_word' id='word_1_277' title='bbox 856 2545 950 2599; x_wconf 93' lang='lat' dir='ltr'><strong>per</strong></span> <span class='ocrx_word' id='word_1_278' title='bbox 978 2529 1319 2584; x_wconf 69' lang='lat' dir='ltr'><strong>conscientiae</strong></span> <span class='ocrx_word' id='word_1_279' title='bbox 1350 2530 1615 2593; x_wconf 91' lang='lat' dir='ltr'><strong>stimulos,</strong></span> <span class='ocrx_word' id='word_1_280' title='bbox 1640 2546 1797 2599; x_wconf 91' lang='lat' dir='ltr'><strong>quam</strong></span> <span class='ocrx_word' id='word_1_281' title='bbox 1820 2532 2091 2600; x_wconf 83' lang='lat' dir='ltr'><strong>sapienter</strong></span> <span class='ocrx_word' id='word_1_282' title='bbox 2115 2532 2337 2587; x_wconf 89' lang='lat' dir='ltr'><strong>omnino</strong></span> 
     </span>
    </p>
   </div>
   <div class='ocr_carea' id='block_1_30' title="bbox 789 2620 2338 2690">
    <p class='ocr_par' dir='ltr' id='par_1_30' title="bbox 789 2620 2338 2690">
     <span class='ocr_line' id='line_1_30' title="bbox 789 2620 2338 2690; baseline 0.003 -16"><span class='ocrx_word' id='word_1_283' title='bbox 789 2636 967 2675; x_wconf 91' lang='lat' dir='ltr'><strong>rerum</strong></span> <span class='ocrx_word' id='word_1_284' title='bbox 1006 2620 1261 2675; x_wconf 88' lang='lat' dir='ltr'><strong>Conditor</strong></span> <span class='ocrx_word' id='word_1_285' title='bbox 1290 2631 1494 2675; x_wconf 67' lang='lat' dir='ltr'><strong>natura:</strong></span> <span class='ocrx_word' id='word_1_286' title='bbox 1539 2632 1735 2676; x_wconf 75' lang='lat' dir='ltr'><strong>nostra:</strong></span> <span class='ocrx_word' id='word_1_287' title='bbox 1773 2622 2021 2690; x_wconf 89' lang='lat' dir='ltr'><strong>inseruit,</strong></span> <span class='ocrx_word' id='word_1_288' title='bbox 2058 2623 2125 2678; x_wconf 84' lang='lat' dir='ltr'><strong>ad</strong></span> <span class='ocrx_word' id='word_1_289' title='bbox 2158 2639 2338 2679; x_wconf 91' lang='lat' dir='ltr'><strong>rerum</strong></span> 
     </span>
    </p>
   </div>
   <div class='ocr_carea' id='block_1_31' title="bbox 789 2712 2339 2783">
    <p class='ocr_par' dir='ltr' id='par_1_31' title="bbox 789 2712 2339 2783">
     <span class='ocr_line' id='line_1_31' title="bbox 789 2712 2339 2783; baseline 0.001 -16"><span class='ocrx_word' id='word_1_290' title='bbox 789 2713 1088 2767; x_wconf 89' lang='lat' dir='ltr'><strong>contuitum</strong></span> <span class='ocrx_word' id='word_1_291' title='bbox 1124 2712 1449 2783; x_wconf 90' lang='lat' dir='ltr'><strong>agendarum</strong></span> <span class='ocrx_word' id='word_1_292' title='bbox 1505 2714 1784 2768; x_wconf 85' lang='lat' dir='ltr'><strong>excitetur.</strong></span> <span class='ocrx_word' id='word_1_293' title='bbox 1840 2714 1992 2781; x_wconf 86' lang='lat' dir='ltr'><strong>Quod</strong></span> <span class='ocrx_word' id='word_1_294' title='bbox 2046 2716 2091 2770; x_wconf 91' lang='lat' dir='ltr'><strong>si</strong></span> <span class='ocrx_word' id='word_1_295' title='bbox 2160 2725 2339 2769; x_wconf 87' lang='lat' dir='ltr'><strong>autem</strong></span> 
     </span>
    </p>
   </div>
   <div class='ocr_carea' id='block_1_32' title="bbox 790 2805 2340 2875">
    <p class='ocr_par' dir='ltr' id='par_1_32' title="bbox 790 2805 2340 2875">
     <span class='ocr_line' id='line_1_32' title="bbox 790 2805 2340 2875; baseline 0.001 -15"><span class='ocrx_word' id='word_1_296' title='bbox 790 2815 1072 2875; x_wconf 82' lang='lat' dir='ltr'><strong>eapropter</strong></span> <span class='ocrx_word' id='word_1_297' title='bbox 1104 2805 1237 2860; x_wconf 87' lang='lat' dir='ltr'><strong>nihil</strong></span> <span class='ocrx_word' id='word_1_298' title='bbox 1298 2806 1404 2859; x_wconf 90' lang='lat' dir='ltr'><strong>tale</strong></span> <span class='ocrx_word' id='word_1_299' title='bbox 1436 2822 1494 2861; x_wconf 90' lang='lat' dir='ltr'><strong>se</strong></span> <span class='ocrx_word' id='word_1_300' title='bbox 1528 2806 1580 2860; x_wconf 92' lang='lat' dir='ltr'><strong>in</strong></span> <span class='ocrx_word' id='word_1_301' title='bbox 1618 2807 1857 2861; x_wconf 90' lang='lat' dir='ltr'><strong>animum</strong></span> <span class='ocrx_word' id='word_1_302' title='bbox 1889 2806 2171 2861; x_wconf 90' lang='lat' dir='ltr'><strong>admisisse</strong></span> <span class='ocrx_word' id='word_1_303' title='bbox 2208 2822 2340 2861; x_wconf 84' lang='lat' dir='ltr'><strong>con-</strong></span> 
     </span>
    </p>
   </div>
   <div class='ocr_carea' id='block_1_33' title="bbox 790 2894 2335 2964">
    <p class='ocr_par' dir='ltr' id='par_1_33' title="bbox 790 2894 2335 2964">
     <span class='ocr_line' id='line_1_33' title="bbox 790 2894 2335 2964; baseline -0.001 -15"><span class='ocrx_word' id='word_1_304' title='bbox 790 2896 1028 2960; x_wconf 80' lang='lat' dir='ltr'><strong>tendant;</strong></span> <span class='ocrx_word' id='word_1_305' title='bbox 1058 2896 1149 2949; x_wconf 90' lang='lat' dir='ltr'><strong>sed</strong></span> <span class='ocrx_word' id='word_1_306' title='bbox 1182 2895 1324 2964; x_wconf 91' lang='lat' dir='ltr'><strong>quod</strong></span> <span class='ocrx_word' id='word_1_307' title='bbox 1356 2896 1587 2958; x_wconf 89' lang='lat' dir='ltr'><strong>videtur,</strong></span> <span class='ocrx_word' id='word_1_308' title='bbox 1620 2910 1714 2948; x_wconf 90' lang='lat' dir='ltr'><strong>eos</strong></span> <span class='ocrx_word' id='word_1_309' title='bbox 1736 2894 1829 2962; x_wconf 86' lang='lat' dir='ltr'><strong>qui</strong></span> <span class='ocrx_word' id='word_1_310' title='bbox 1859 2894 2127 2963; x_wconf 89' lang='lat' dir='ltr'><strong>ejusmodi</strong></span> <span class='ocrx_word' id='word_1_311' title='bbox 2158 2903 2335 2949; x_wconf 84' lang='lat' dir='ltr'><strong>atten-</strong></span> 
     </span>
    </p>
   </div>
   <div class='ocr_carea' id='block_1_34' title="bbox 792 2987 2343 3056">
    <p class='ocr_par' dir='ltr' id='par_1_34' title="bbox 792 2987 2343 3056">
     <span class='ocr_line' id='line_1_34' title="bbox 792 2987 2343 3056; baseline 0.003 -17"><span class='ocrx_word' id='word_1_312' title='bbox 792 2996 907 3040; x_wconf 90' lang='lat' dir='ltr'><strong>tent</strong></span> <span class='ocrx_word' id='word_1_313' title='bbox 955 2987 1009 3040; x_wconf 89' lang='lat' dir='ltr'><strong>in</strong></span> <span class='ocrx_word' id='word_1_314' title='bbox 1066 2996 1247 3056; x_wconf 88' lang='lat' dir='ltr'><strong>partes</strong></span> <span class='ocrx_word' id='word_1_315' title='bbox 1292 2988 1582 3041; x_wconf 84' lang='lat' dir='ltr'><strong>amandeu‘t</strong></span> <span class='ocrx_word' id='word_1_316' title='bbox 1627 2987 2014 3041; x_wconf 87' lang='lat' dir='ltr'><strong>remotissimas</strong></span> <span class='ocrx_word' id='word_1_317' title='bbox 2046 3002 2168 3042; x_wconf 89' lang='lat' dir='ltr'><strong>cum</strong></span> <span class='ocrx_word' id='word_1_318' title='bbox 2210 2988 2343 3043; x_wconf 87' lang='lat' dir='ltr'><strong>diris</strong></span> 
     </span>
    </p>
   </div>
   <div class='ocr_carea' id='block_1_35' title="bbox 790 3050 2410 3145">
    <p class='ocr_par' dir='ltr' id='par_1_35' title="bbox 790 3050 2410 3145">
     <span class='ocr_line' id='line_1_35' title="bbox 790 3050 2410 3145; baseline 0.003 -18"><span class='ocrx_word' id='word_1_319' title='bbox 790 3074 1042 3129; x_wconf 87' lang='lat' dir='ltr'><strong>dimissos</strong></span> <span class='ocrx_word' id='word_1_320' title='bbox 1084 3075 1567 3129; x_wconf 77' lang='lat' dir='ltr'><strong>exsecrationibus.</strong></span> <span class='ocrx_word' id='word_1_321' title='bbox 1599 3074 1700 3128; x_wconf 86' lang='lat' dir='ltr'><strong>Per</strong></span> <span class='ocrx_word' id='word_1_322' title='bbox 1739 3076 2021 3145; x_wconf 84' lang='lat' dir='ltr'><strong>ipsamntet</strong></span> <span class='ocrx_word' id='word_1_323' title='bbox 2048 3077 2341 3131; x_wconf 89' lang='lat' dir='ltr'><strong>amicitiam</strong></span> <span class='ocrx_word' id='word_1_324' title='bbox 2365 3050 2410 3113; x_wconf 64' lang='grc' dir='ltr'>Ο</span> 
     </span>
    </p>
   </div>
   <div class='ocr_carea' id='block_1_36' title="bbox 794 3164 2343 3237">
    <p class='ocr_par' dir='ltr' id='par_1_36' title="bbox 794 3164 2343 3237">
     <span class='ocr_line' id='line_1_36' title="bbox 794 3164 2343 3237; baseline 0.004 -20"><span class='ocrx_word' id='word_1_325' title='bbox 794 3165 1114 3235; x_wconf 82' lang='lat' dir='ltr'><strong>interrogate</strong></span> <span class='ocrx_word' id='word_1_326' title='bbox 1140 3165 1310 3228; x_wconf 91' lang='lat' dir='ltr'><strong>illum,</strong></span> <span class='ocrx_word' id='word_1_327' title='bbox 1352 3166 1404 3217; x_wconf 88' lang='lat' dir='ltr'><strong>in</strong></span> <span class='ocrx_word' id='word_1_328' title='bbox 1426 3180 1533 3233; x_wconf 93' lang='lat' dir='ltr'><strong>quo</strong></span> <span class='ocrx_word' id='word_1_329' title='bbox 1565 3164 1745 3219; x_wconf 77' lang='lat' dir='ltr'><strong>dill‘ert</strong></span> <span class='ocrx_word' id='word_1_330' title='bbox 1778 3166 1901 3220; x_wconf 87' lang='lat' dir='ltr'><strong>talia</strong></span> <span class='ocrx_word' id='word_1_331' title='bbox 1927 3166 1993 3221; x_wconf 91' lang='lat' dir='ltr'><strong>de</strong></span> <span class='ocrx_word' id='word_1_332' title='bbox 2018 3166 2174 3221; x_wconf 91' lang='lat' dir='ltr'><strong>nobis</strong></span> <span class='ocrx_word' id='word_1_333' title='bbox 2208 3184 2343 3237; x_wconf 71' lang='lat' dir='ltr'><strong>prte-</strong></span> 
     </span>
    </p>
   </div>
   <div class='ocr_carea' id='block_1_37' title="bbox 791 3256 2339 3326">
    <p class='ocr_par' dir='ltr' id='par_1_37' title="bbox 791 3256 2339 3326">
     <span class='ocr_line' id='line_1_37' title="bbox 791 3256 2339 3326; baseline 0.002 -17"><span class='ocrx_word' id='word_1_334' title='bbox 791 3259 991 3320; x_wconf 90' lang='lat' dir='ltr'><strong>dicare,</strong></span> <span class='ocrx_word' id='word_1_335' title='bbox 1030 3257 1097 3309; x_wconf 91' lang='lat' dir='ltr'><strong>ab</strong></span> <span class='ocrx_word' id='word_1_336' title='bbox 1136 3256 1224 3309; x_wconf 89' lang='lat' dir='ltr'><strong>illa</strong></span> <span class='ocrx_word' id='word_1_337' title='bbox 1257 3257 1636 3309; x_wconf 85' lang='lat' dir='ltr'><strong>accusatione?</strong></span> <span class='ocrx_word' id='word_1_338' title='bbox 1669 3258 1812 3326; x_wconf 89' lang='lat' dir='ltr'><strong>quod</strong></span> <span class='ocrx_word' id='word_1_339' title='bbox 1851 3273 1971 3310; x_wconf 91' lang='lat' dir='ltr'><strong>cum</strong></span> <span class='ocrx_word' id='word_1_340' title='bbox 2013 3260 2256 3313; x_wconf 89' lang='lat' dir='ltr'><strong>hostibus</strong></span> <span class='ocrx_word' id='word_1_341' title='bbox 2286 3260 2339 3312; x_wconf 88' lang='lat' dir='ltr'><strong>in</strong></span> 
     </span>
    </p>
   </div>
   <div class='ocr_carea' id='block_1_38' title="bbox 794 3340 2340 3409">
    <p class='ocr_par' dir='ltr' id='par_1_38' title="bbox 794 3340 2340 3409">
     <span class='ocr_line' id='line_1_38' title="bbox 794 3340 2340 3409; baseline 0.001 -14"><span class='ocrx_word' id='word_1_342' title='bbox 794 3344 908 3395; x_wconf 82' lang='lat' dir='ltr'><strong>acie</strong></span> <span class='ocrx_word' id='word_1_343' title='bbox 937 3340 1357 3400; x_wconf 90' lang='lat' dir='ltr'><strong>constiterimus,</strong></span> <span class='ocrx_word' id='word_1_344' title='bbox 1396 3340 1594 3393; x_wconf 90' lang='lat' dir='ltr'><strong>nullam</strong></span> <span class='ocrx_word' id='word_1_345' title='bbox 1632 3341 1786 3409; x_wconf 91' lang='lat' dir='ltr'><strong>plane</strong></span> <span class='ocrx_word' id='word_1_346' title='bbox 1824 3340 2183 3395; x_wconf 83' lang='lat' dir='ltr'><strong>dilIerentiam</strong></span> <span class='ocrx_word' id='word_1_347' title='bbox 2231 3354 2340 3396; x_wconf 85' lang='lat' dir='ltr'><strong>sta-</strong></span> 
     </span>
    </p>
   </div>
   <div class='ocr_carea' id='block_1_39' title="bbox 795 3428 2344 3499">
    <p class='ocr_par' dir='ltr' id='par_1_39' title="bbox 795 3428 2344 3499">
     <span class='ocr_line' id='line_1_39' title="bbox 795 3428 2344 3499; baseline 0.003 -17"><span class='ocrx_word' id='word_1_348' title='bbox 795 3442 1005 3482; x_wconf 90' lang='lat' dir='ltr'><strong>tuamus</strong></span> <span class='ocrx_word' id='word_1_349' title='bbox 1042 3428 1180 3480; x_wconf 88' lang='lat' dir='ltr'><strong>inter</strong></span> <span class='ocrx_word' id='word_1_350' title='bbox 1224 3428 1453 3481; x_wconf 91' lang='lat' dir='ltr'><strong>amicum</strong></span> <span class='ocrx_word' id='word_1_351' title='bbox 1510 3438 1563 3481; x_wconf 91' lang='lat' dir='ltr'><strong>et</strong></span> <span class='ocrx_word' id='word_1_352' title='bbox 1602 3429 1899 3491; x_wconf 90' lang='lat' dir='ltr'><strong>inimicum,</strong></span> <span class='ocrx_word' id='word_1_353' title='bbox 1940 3431 2093 3499; x_wconf 90' lang='lat' dir='ltr'><strong>cujus</strong></span> <span class='ocrx_word' id='word_1_354' title='bbox 2127 3434 2344 3487; x_wconf 85' lang='lat' dir='ltr'><strong>autem?</strong></span> 
     </span>
    </p>
   </div>
   <div class='ocr_carea' id='block_1_40' title="bbox 792 3517 2343 3587">
    <p class='ocr_par' dir='ltr' id='par_1_40' title="bbox 792 3517 2343 3587">
     <span class='ocr_line' id='line_1_40' title="bbox 792 3517 2343 3587; baseline 0.003 -14"><span class='ocrx_word' id='word_1_355' title='bbox 792 3519 997 3573; x_wconf 84' lang='lat' dir='ltr'><strong>scilicet</strong></span> <span class='ocrx_word' id='word_1_356' title='bbox 1028 3517 1225 3569; x_wconf 81' lang='lat' dir='ltr'><strong>Christi</strong></span> <span class='ocrx_word' id='word_1_357' title='bbox 1264 3536 1277 3571; x_wconf 91' lang='lat'><strong>:</strong></span> <span class='ocrx_word' id='word_1_358' title='bbox 1313 3532 1345 3569; x_wconf 96' lang='lat' dir='ltr'><strong>o</strong></span> <span class='ocrx_word' id='word_1_359' title='bbox 1370 3517 1619 3587; x_wconf 89' lang='lat' dir='ltr'><strong>injuriam</strong></span> <span class='ocrx_word' id='word_1_360' title='bbox 1674 3519 2093 3575; x_wconf 80' lang='lat' dir='ltr'><strong>intolerabilem!</strong></span> <span class='ocrx_word' id='word_1_361' title='bbox 2138 3525 2343 3578; x_wconf 91' lang='lat' dir='ltr'><strong>amicos</strong></span> 
     </span>
    </p>
   </div>
   <div class='ocr_carea' id='block_1_41' title="bbox 793 3608 2340 3683">
    <p class='ocr_par' dir='ltr' id='par_1_41' title="bbox 793 3608 2340 3683">
     <span class='ocr_line' id='line_1_41' title="bbox 793 3608 2340 3683; baseline 0.003 -20"><span class='ocrx_word' id='word_1_362' title='bbox 793 3621 845 3663; x_wconf 86' lang='lat' dir='ltr'><strong>et</strong></span> <span class='ocrx_word' id='word_1_363' title='bbox 892 3610 1136 3662; x_wconf 88' lang='lat' dir='ltr'><strong>inimicos</strong></span> <span class='ocrx_word' id='word_1_364' title='bbox 1182 3608 1403 3662; x_wconf 79' lang='lat' dir='ltr'><strong>Christi.</strong></span> <span class='ocrx_word' id='word_1_365' title='bbox 1454 3608 1568 3662; x_wconf 84' lang='lat' dir='ltr'><strong>Huc</strong></span> <span class='ocrx_word' id='word_1_366' title='bbox 1610 3609 1753 3662; x_wconf 89' lang='lat' dir='ltr'><strong>enim</strong></span> <span class='ocrx_word' id='word_1_367' title='bbox 1803 3613 2049 3677; x_wconf 90' lang='lat' dir='ltr'><strong>tendunt,</strong></span> <span class='ocrx_word' id='word_1_368' title='bbox 2093 3615 2232 3683; x_wconf 87' lang='lat' dir='ltr'><strong>quod</strong></span> <span class='ocrx_word' id='word_1_369' title='bbox 2286 3617 2340 3669; x_wconf 91' lang='lat' dir='ltr'><strong>in</strong></span> 
     </span>
    </p>
   </div>
   <div class='ocr_carea' id='block_1_42' title="bbox 792 3697 2339 3771">
    <p class='ocr_par' dir='ltr' id='par_1_42' title="bbox 792 3697 2339 3771">
     <span class='ocr_line' id='line_1_42' title="bbox 792 3697 2339 3771; baseline 0.005 -18"><span class='ocrx_word' id='word_1_370' title='bbox 792 3702 969 3753; x_wconf 89' lang='lat' dir='ltr'><strong>album</strong></span> <span class='ocrx_word' id='word_1_371' title='bbox 993 3715 1175 3753; x_wconf 89' lang='lat' dir='ltr'><strong>eorum</strong></span> <span class='ocrx_word' id='word_1_372' title='bbox 1203 3714 1301 3751; x_wconf 90' lang='lat' dir='ltr'><strong>nos</strong></span> <span class='ocrx_word' id='word_1_373' title='bbox 1321 3697 1520 3752; x_wconf 83' lang='lat' dir='ltr'><strong>referre</strong></span> <span class='ocrx_word' id='word_1_374' title='bbox 1537 3701 1848 3768; x_wconf 85' lang='lat' dir='ltr'><strong>satagimus,</strong></span> <span class='ocrx_word' id='word_1_375' title='bbox 1884 3705 1973 3771; x_wconf 90' lang='lat' dir='ltr'><strong>qui</strong></span> <span class='ocrx_word' id='word_1_376' title='bbox 2004 3719 2100 3771; x_wconf 90' lang='lat' dir='ltr'><strong>pro</strong></span> <span class='ocrx_word' id='word_1_377' title='bbox 2125 3704 2339 3761; x_wconf 84' lang='lat' dir='ltr'><strong>Christo</strong></span> 
     </span>
    </p>
   </div>
   <div class='ocr_carea' id='block_1_43' title="bbox 792 3790 2337 3863">
    <p class='ocr_par' dir='ltr' id='par_1_43' title="bbox 792 3790 2337 3863">
     <span class='ocr_line' id='line_1_43' title="bbox 792 3790 2337 3863; baseline 0.006 -19"><span class='ocrx_word' id='word_1_378' title='bbox 792 3792 1069 3861; x_wconf 90' lang='lat' dir='ltr'><strong>patiuntur</strong></span> <span class='ocrx_word' id='word_1_379' title='bbox 1134 3790 1588 3859; x_wconf 85' lang='lat' dir='ltr'><strong>persecutionem,</strong></span> <span class='ocrx_word' id='word_1_380' title='bbox 1653 3807 1773 3844; x_wconf 92' lang='lat' dir='ltr'><strong>cum</strong></span> <span class='ocrx_word' id='word_1_381' title='bbox 1834 3791 1937 3847; x_wconf 92' lang='lat' dir='ltr'><strong>illis</strong></span> <span class='ocrx_word' id='word_1_382' title='bbox 1995 3797 2085 3863; x_wconf 90' lang='lat' dir='ltr'><strong>qui</strong></span> <span class='ocrx_word' id='word_1_383' title='bbox 2152 3809 2337 3853; x_wconf 88' lang='lat' dir='ltr'><strong>contra</strong></span> 
     </span>
    </p>
   </div>
   <div class='ocr_carea' id='block_1_44' title="bbox 790 3882 2339 3954">
    <p class='ocr_par' dir='ltr' id='par_1_44' title="bbox 790 3882 2339 3954">
     <span class='ocr_line' id='line_1_44' title="bbox 790 3882 2339 3954; baseline 0.005 -17"><span class='ocrx_word' id='word_1_384' title='bbox 790 3882 1066 3937; x_wconf 82' lang='lat' dir='ltr'><strong>Chrismm</strong></span> <span class='ocrx_word' id='word_1_385' title='bbox 1096 3882 1291 3935; x_wconf 88' lang='lat' dir='ltr'><strong>bellum</strong></span> <span class='ocrx_word' id='word_1_386' title='bbox 1320 3891 1541 3951; x_wconf 89' lang='lat' dir='ltr'><strong>gerunt;</strong></span> <span class='ocrx_word' id='word_1_387' title='bbox 1573 3882 1663 3950; x_wconf 90' lang='lat' dir='ltr'><strong>qui</strong></span> <span class='ocrx_word' id='word_1_388' title='bbox 1692 3884 2003 3954; x_wconf 88' lang='lat' dir='ltr'><strong>sanguinem</strong></span> <span class='ocrx_word' id='word_1_389' title='bbox 2030 3892 2339 3945; x_wconf 84' lang='lat' dir='ltr'><strong>testamenti</strong></span> 
     </span>
    </p>
   </div>
   <div class='ocr_carea' id='block_1_45' title="bbox 793 3972 2337 4042">
    <p class='ocr_par' dir='ltr' id='par_1_45' title="bbox 793 3972 2337 4042">
     <span class='ocr_line' id='line_1_45' title="bbox 793 3972 2337 4042; baseline 0.006 -16"><span class='ocrx_word' id='word_1_390' title='bbox 793 3976 960 4042; x_wconf 61' lang='lat' dir='ltr'><strong>ipsius</strong></span> <span class='ocrx_word' id='word_1_391' title='bbox 994 3988 1338 4026; x_wconf 90' lang='lat' dir='ltr'><strong>communem</strong></span> <span class='ocrx_word' id='word_1_392' title='bbox 1370 3972 1620 4039; x_wconf 89' lang='lat' dir='ltr'><strong>reddunt,</strong></span> <span class='ocrx_word' id='word_1_393' title='bbox 1668 3984 1742 4037; x_wconf 91' lang='lat' dir='ltr'><strong>et,</strong></span> <span class='ocrx_word' id='word_1_394' title='bbox 1772 3986 1829 4028; x_wconf 91' lang='lat' dir='ltr'><strong>ut</strong></span> <span class='ocrx_word' id='word_1_395' title='bbox 1868 3987 2059 4030; x_wconf 72' lang='lat' dir='ltr'><strong>caetera</strong></span> <span class='ocrx_word' id='word_1_396' title='bbox 2091 3980 2337 4035; x_wconf 91' lang='lat' dir='ltr'><strong>omittam</strong></span> 
     </span>
    </p>
   </div>
   <div class='ocr_carea' id='block_1_46' title="bbox 792 4063 2338 4137">
    <p class='ocr_par' dir='ltr' id='par_1_46' title="bbox 792 4063 2338 4137">
     <span class='ocr_line' id='line_1_46' title="bbox 792 4063 2338 4137; baseline 0.008 -21"><span class='ocrx_word' id='word_1_397' title='bbox 792 4066 847 4117; x_wconf 91' lang='lat' dir='ltr'><strong>in</strong></span> <span class='ocrx_word' id='word_1_398' title='bbox 879 4065 1152 4132; x_wconf 75' lang='lat' dir='ltr'><strong>praesenti,</strong></span> <span class='ocrx_word' id='word_1_399' title='bbox 1204 4063 1413 4118; x_wconf 91' lang='lat' dir='ltr'><strong>Domini</strong></span> <span class='ocrx_word' id='word_1_400' title='bbox 1447 4066 1637 4120; x_wconf 89' lang='lat' dir='ltr'><strong>altaria</strong></span> <span class='ocrx_word' id='word_1_401' title='bbox 1690 4068 2059 4137; x_wconf 81' lang='lat' dir='ltr'><strong>profanarum,</strong></span> <span class='ocrx_word' id='word_1_402' title='bbox 2107 4083 2161 4127; x_wconf 90' lang='lat' dir='ltr'><strong>et</strong></span> <span class='ocrx_word' id='word_1_403' title='bbox 2211 4090 2338 4129; x_wconf 86' lang='lat' dir='ltr'><strong>san-</strong></span> 
     </span>
    </p>
   </div>
   <div class='ocr_carea' id='block_1_47' title="bbox 793 4152 2337 4229">
    <p class='ocr_par' dir='ltr' id='par_1_47' title="bbox 793 4152 2337 4229">
     <span class='ocr_line' id='line_1_47' title="bbox 793 4152 2337 4229; baseline 0.008 -27"><span class='ocrx_word' id='word_1_404' title='bbox 793 4164 937 4206; x_wconf 65' lang='lat' dir='ltr'><strong>ctum</strong></span> <span class='ocrx_word' id='word_1_405' title='bbox 966 4154 1126 4206; x_wconf 82' lang='lat' dir='ltr'><strong>simul</strong></span> <span class='ocrx_word' id='word_1_406' title='bbox 1150 4152 1411 4217; x_wconf 90' lang='lat' dir='ltr'><strong>chrisma,</strong></span> <span class='ocrx_word' id='word_1_407' title='bbox 1436 4155 1543 4217; x_wconf 89' lang='lat' dir='ltr'><strong>vel,</strong></span> <span class='ocrx_word' id='word_1_408' title='bbox 1567 4163 1626 4208; x_wconf 90' lang='lat' dir='ltr'><strong>ut</strong></span> <span class='ocrx_word' id='word_1_409' title='bbox 1652 4157 1832 4209; x_wconf 85' lang='lat' dir='ltr'><strong>verius</strong></span> <span class='ocrx_word' id='word_1_410' title='bbox 1853 4157 2048 4221; x_wconf 85' lang='lat' dir='ltr'><strong>dicam,</strong></span> <span class='ocrx_word' id='word_1_411' title='bbox 2076 4159 2337 4229; x_wconf 90' lang='lat' dir='ltr'><strong>Spiritum</strong></span> 
     </span>
    </p>
   </div>
   <div class='ocr_carea' id='block_1_48' title="bbox 792 4246 2336 4315">
    <p class='ocr_par' dir='ltr' id='par_1_48' title="bbox 792 4246 2336 4315">
     <span class='ocr_line' id='line_1_48' title="bbox 792 4246 2336 4315; baseline 0.006 -17"><span class='ocrx_word' id='word_1_412' title='bbox 792 4257 1033 4298; x_wconf 86' lang='lat' dir='ltr'><strong>sanctum</strong></span> <span class='ocrx_word' id='word_1_413' title='bbox 1075 4260 1167 4313; x_wconf 91' lang='lat' dir='ltr'><strong>per</strong></span> <span class='ocrx_word' id='word_1_414' title='bbox 1204 4260 1364 4315; x_wconf 90' lang='lat' dir='ltr'><strong>quem</strong></span> <span class='ocrx_word' id='word_1_415' title='bbox 1403 4246 1684 4301; x_wconf 83' lang='lat' dir='ltr'><strong>conﬁcitur</strong></span> <span class='ocrx_word' id='word_1_416' title='bbox 1711 4248 1943 4303; x_wconf 91' lang='lat' dir='ltr'><strong>chrisma</strong></span> <span class='ocrx_word' id='word_1_417' title='bbox 1974 4250 2207 4307; x_wconf 90' lang='lat' dir='ltr'><strong>ludibrio</strong></span> <span class='ocrx_word' id='word_1_418' title='bbox 2240 4255 2336 4309; x_wconf 91' lang='lat' dir='ltr'><strong>ha-</strong></span> 
     </span>
    </p>
   </div>
   <div class='ocr_carea' id='block_1_49' title="bbox 2438 1884 4006 1959">
    <p class='ocr_par' dir='ltr' id='par_1_49' title="bbox 2438 1884 4006 1959">
     <span class='ocr_line' id='line_1_49' title="bbox 2438 1884 4006 1959; baseline -0.004 -18"><span class='ocrx_word' id='word_1_419' title='bbox 2438 1889 2559 1959; x_wconf 65' lang='grc' dir='ltr'>μτ,δ’</span> <span class='ocrx_word' id='word_1_420' title='bbox 2575 1890 2667 1941; x_wconf 80' lang='grc' dir='ltr'>ἐπὶ</span> <span class='ocrx_word' id='word_1_421' title='bbox 2684 1887 2807 1940; x_wconf 92' lang='grc' dir='ltr'>νοῦν</span> <span class='ocrx_word' id='word_1_422' title='bbox 2825 1889 3007 1940; x_wconf 81' lang='grc' dir='ltr'>λαϐεῖν</span> <span class='ocrx_word' id='word_1_423' title='bbox 3032 1905 3047 1919; x_wconf 85' lang='grc'><strong>·</strong></span> <span class='ocrx_word' id='word_1_424' title='bbox 3068 1889 3281 1955; x_wconf 83' lang='grc' dir='ltr'>πέφυκε</span> <span class='ocrx_word' id='word_1_425' title='bbox 3307 1887 3412 1958; x_wconf 82' lang='grc' dir='ltr'>γὰρ</span> <span class='ocrx_word' id='word_1_426' title='bbox 3434 1886 3755 1956; x_wconf 80' lang='grc' dir='ltr'>ἁμάρτημα,</span> <span class='ocrx_word' id='word_1_427' title='bbox 3777 1884 4006 1938; x_wconf 84' lang='grc' dir='ltr'>δικαίων</span> 
     </span>
    </p>
   </div>
   <div class='ocr_carea' id='block_1_50' title="bbox 2434 1976 4007 2049">
    <p class='ocr_par' dir='ltr' id='par_1_50' title="bbox 2434 1976 4007 2049">
     <span class='ocr_line' id='line_1_50' title="bbox 2434 1976 4007 2049; baseline -0.002 -20"><span class='ocrx_word' id='word_1_428' title='bbox 2434 1979 2603 2047; x_wconf 90' lang='grc' dir='ltr'>λόγων</span> <span class='ocrx_word' id='word_1_429' title='bbox 2621 1979 2857 2049; x_wconf 82' lang='grc' dir='ltr'>ἐλέγχοις</span> <span class='ocrx_word' id='word_1_430' title='bbox 2874 1980 3048 2047; x_wconf 86' lang='grc' dir='ltr'>ἀπογυ</span> <span class='ocrx_word' id='word_1_431' title='bbox 3057 1977 3186 2047; x_wconf 82' lang='grc' dir='ltr'>μνού</span> <span class='ocrx_word' id='word_1_432' title='bbox 3196 1995 3374 2046; x_wconf 91' lang='grc' dir='ltr'>μενον,</span> <span class='ocrx_word' id='word_1_433' title='bbox 3388 1981 3525 2047; x_wconf 83' lang='grc' dir='ltr'>ἁσχη</span> <span class='ocrx_word' id='word_1_434' title='bbox 3534 1978 3752 2046; x_wconf 84' lang='grc' dir='ltr'>μονέστε</span> <span class='ocrx_word' id='word_1_435' title='bbox 3762 1993 3853 2045; x_wconf 86' lang='grc' dir='ltr'><strong>ρον</strong></span> <span class='ocrx_word' id='word_1_436' title='bbox 3870 1976 4007 2045; x_wconf 81' lang='grc' dir='ltr'>μᾶλ-</span> 
     </span>
    </p>
   </div>
   <div class='ocr_carea' id='block_1_51' title="bbox 2434 2066 4007 2139">
    <p class='ocr_par' dir='ltr' id='par_1_51' title="bbox 2434 2066 4007 2139">
     <span class='ocr_line' id='line_1_51' title="bbox 2434 2066 4007 2139; baseline -0.001 -18"><span class='ocrx_word' id='word_1_437' title='bbox 2434 2070 2524 2122; x_wconf 91' lang='grc' dir='ltr'><strong>λον</strong></span> <span class='ocrx_word' id='word_1_438' title='bbox 2550 2071 2583 2139; x_wconf 81' lang='grc' dir='ltr'><strong>ἥ</strong></span> <span class='ocrx_word' id='word_1_439' title='bbox 2602 2071 2862 2139; x_wconf 89' lang='grc' dir='ltr'>πρότερον</span> <span class='ocrx_word' id='word_1_440' title='bbox 2888 2069 3336 2139; x_wconf 85' lang='grc' dir='ltr'>καταφαίνεσθαι,</span> <span class='ocrx_word' id='word_1_441' title='bbox 3352 2067 3489 2122; x_wconf 81' lang='grc' dir='ltr'>ὥστε</span> <span class='ocrx_word' id='word_1_442' title='bbox 3513 2069 3632 2138; x_wconf 83' lang='grc' dir='ltr'>μηδ’</span> <span class='ocrx_word' id='word_1_443' title='bbox 3646 2066 3793 2137; x_wconf 82' lang='grc' dir='ltr'>αὐτῷ</span> <span class='ocrx_word' id='word_1_444' title='bbox 3816 2066 3894 2137; x_wconf 84' lang='grc' dir='ltr'>τῷ</span> <span class='ocrx_word' id='word_1_445' title='bbox 3916 2084 4007 2119; x_wconf 82' lang='grc' dir='ltr'>τε·</span> 
     </span>
    </p>
   </div>
   <div class='ocr_carea' id='block_1_52' title="bbox 2436 2158 4002 2231">
    <p class='ocr_par' dir='ltr' id='par_1_52' title="bbox 2436 2158 4002 2231">
     <span class='ocr_line' id='line_1_52' title="bbox 2436 2158 4002 2231; baseline -0.003 -16"><span class='ocrx_word' id='word_1_446' title='bbox 2436 2161 2582 2215; x_wconf 89' lang='grc' dir='ltr'>κόντι</span> <span class='ocrx_word' id='word_1_447' title='bbox 2612 2161 2786 2215; x_wconf 80' lang='grc' dir='ltr'>δοκεῖν</span> <span class='ocrx_word' id='word_1_448' title='bbox 2805 2160 3047 2231; x_wconf 84' lang='grc' dir='ltr'>γνήσιον,</span> <span class='ocrx_word' id='word_1_449' title='bbox 3070 2160 3183 2214; x_wconf 85' lang='grc' dir='ltr'>ἀλλ’</span> <span class='ocrx_word' id='word_1_450' title='bbox 3207 2160 3282 2223; x_wconf 82' lang='grc' dir='ltr'>ὡς</span> <span class='ocrx_word' id='word_1_451' title='bbox 3306 2160 3457 2213; x_wconf 85' lang='grc' dir='ltr'>νόθον</span> <span class='ocrx_word' id='word_1_452' title='bbox 3469 2161 3561 2213; x_wconf 73' lang='grc' dir='ltr'>καὶ</span> <span class='ocrx_word' id='word_1_453' title='bbox 3582 2158 4002 2230; x_wconf 78' lang='grc' dir='ltr'>ἁποτρόπαιονι·</span> 
     </span>
    </p>
   </div>
   <div class='ocr_carea' id='block_1_53' title="bbox 2439 2253 4005 2325">
    <p class='ocr_par' dir='ltr' id='par_1_53' title="bbox 2439 2253 4005 2325">
     <span class='ocr_line' id='line_1_53' title="bbox 2439 2253 4005 2325; baseline -0.001 -17"><span class='ocrx_word' id='word_1_454' title='bbox 2439 2255 2701 2324; x_wconf 78' lang='grc' dir='ltr'>μάλιστα,</span> <span class='ocrx_word' id='word_1_455' title='bbox 2741 2253 2839 2307; x_wconf 91' lang='grc' dir='ltr'><strong>τοῦ</strong></span> <span class='ocrx_word' id='word_1_456' title='bbox 2888 2254 3189 2314; x_wconf 81' lang='grc' dir='ltr'><strong>συνειδότος</strong></span> <span class='ocrx_word' id='word_1_457' title='bbox 3241 2255 3320 2325; x_wconf 85' lang='grc' dir='ltr'>τῷ</span> <span class='ocrx_word' id='word_1_458' title='bbox 3377 2255 3605 2324; x_wconf 82' lang='grc' dir='ltr'><strong>κέντρῳ,</strong></span> <span class='ocrx_word' id='word_1_459' title='bbox 3663 2254 3691 2306; x_wconf 87' lang='grc' dir='ltr'><strong>δ</strong></span> <span class='ocrx_word' id='word_1_460' title='bbox 3729 2257 3796 2324; x_wconf 80' lang='grc' dir='ltr'><strong>τῇ</strong></span> <span class='ocrx_word' id='word_1_461' title='bbox 3843 2254 4005 2323; x_wconf 83' lang='grc' dir='ltr'>φύσει</span> 
     </span>
    </p>
   </div>
   <div class='ocr_carea' id='block_1_54' title="bbox 2436 2344 4005 2415">
    <p class='ocr_par' dir='ltr' id='par_1_54' title="bbox 2436 2344 4005 2415">
     <span class='ocr_line' id='line_1_54' title="bbox 2436 2344 4005 2415; baseline 0.001 -19"><span class='ocrx_word' id='word_1_462' title='bbox 2436 2344 2723 2413; x_wconf 85' lang='grc' dir='ltr'>πανσόφως</span> <span class='ocrx_word' id='word_1_463' title='bbox 2747 2346 2775 2397; x_wconf 89' lang='grc' dir='ltr'><strong>δ</strong></span> <span class='ocrx_word' id='word_1_464' title='bbox 2799 2344 3052 2415; x_wconf 80' lang='grc' dir='ltr'>Πλάστης</span> <span class='ocrx_word' id='word_1_465' title='bbox 3075 2344 3333 2414; x_wconf 77' lang='grc' dir='ltr'>ἐνέθηκεν</span> <span class='ocrx_word' id='word_1_466' title='bbox 3360 2348 3440 2408; x_wconf 85' lang='grc' dir='ltr'><strong>είς</strong></span> <span class='ocrx_word' id='word_1_467' title='bbox 3464 2346 3561 2415; x_wconf 75' lang='grc' dir='ltr'>τὴν</span> <span class='ocrx_word' id='word_1_468' title='bbox 3585 2346 3690 2398; x_wconf 85' lang='grc' dir='ltr'><strong>τῶν</strong></span> <span class='ocrx_word' id='word_1_469' title='bbox 3712 2347 4005 2415; x_wconf 73' lang='grc' dir='ltr'><strong>πρακτέων</strong></span> 
     </span>
    </p>
   </div>
   <div class='ocr_carea' id='block_1_55' title="bbox 2436 2435 4007 2505">
    <p class='ocr_par' dir='ltr' id='par_1_55' title="bbox 2436 2435 4007 2505">
     <span class='ocr_line' id='line_1_55' title="bbox 2436 2435 4007 2505; baseline -0.001 -17"><span class='ocrx_word' id='word_1_470' title='bbox 2436 2435 2834 2505; x_wconf 84' lang='grc' dir='ltr'>διεγειρομένου</span> <span class='ocrx_word' id='word_1_471' title='bbox 2892 2436 3190 2505; x_wconf 80' lang='grc' dir='ltr'>διάϐλεψιν.</span> <span class='ocrx_word' id='word_1_472' title='bbox 3234 2438 3331 2489; x_wconf 79' lang='grc' dir='ltr'>Ἂν</span> <span class='ocrx_word' id='word_1_473' title='bbox 3380 2436 3472 2492; x_wconf 86' lang='grc' dir='ltr'><strong>οῦν</strong></span> <span class='ocrx_word' id='word_1_474' title='bbox 3514 2438 3603 2490; x_wconf 82' lang='grc' dir='ltr'>διὰ</span> <span class='ocrx_word' id='word_1_475' title='bbox 3642 2436 3813 2490; x_wconf 88' lang='grc' dir='ltr'>ταῦτα</span> <span class='ocrx_word' id='word_1_476' title='bbox 3850 2438 4007 2491; x_wconf 85' lang='grc' dir='ltr'>οὑδέν</span> 
     </span>
    </p>
   </div>
   <div class='ocr_carea' id='block_1_56' title="bbox 2438 2527 4004 2592">
    <p class='ocr_par' dir='ltr' id='par_1_56' title="bbox 2438 2527 4004 2592">
     <span class='ocr_line' id='line_1_56' title="bbox 2438 2527 4004 2592; baseline 0.002 -13"><span class='ocrx_word' id='word_1_477' title='bbox 2438 2528 2681 2588; x_wconf 80' lang='grc' dir='ltr'>ἐκείνων,</span> <span class='ocrx_word' id='word_1_478' title='bbox 2714 2527 2823 2580; x_wconf 79' lang='grc' dir='ltr'>οὐδ’</span> <span class='ocrx_word' id='word_1_479' title='bbox 2868 2530 2947 2591; x_wconf 83' lang='grc' dir='ltr'><strong>είς</strong></span> <span class='ocrx_word' id='word_1_480' title='bbox 2999 2527 3123 2581; x_wconf 90' lang='grc' dir='ltr'>νοῦν</span> <span class='ocrx_word' id='word_1_481' title='bbox 3164 2529 3338 2582; x_wconf 84' lang='grc' dir='ltr'>ἐλθεῖν</span> <span class='ocrx_word' id='word_1_482' title='bbox 3384 2528 3718 2592; x_wconf 79' lang='grc' dir='ltr'><strong>διατείνοιτο,</strong></span> <span class='ocrx_word' id='word_1_483' title='bbox 3759 2528 3897 2592; x_wconf 79' lang='grc' dir='ltr'>ἀλλ’,</span> <span class='ocrx_word' id='word_1_484' title='bbox 3928 2528 4004 2591; x_wconf 81' lang='grc' dir='ltr'><strong>ὡς</strong></span> 
     </span>
    </p>
   </div>
   <div class='ocr_carea' id='block_1_57' title="bbox 2438 2618 4008 2691">
    <p class='ocr_par' dir='ltr' id='par_1_57' title="bbox 2438 2618 4008 2691">
     <span class='ocr_line' id='line_1_57' title="bbox 2438 2618 4008 2691; baseline 0.001 -21"><span class='ocrx_word' id='word_1_485' title='bbox 2438 2618 2603 2683; x_wconf 81' lang='grc' dir='ltr'>είκὸς,</span> <span class='ocrx_word' id='word_1_486' title='bbox 2646 2619 2740 2671; x_wconf 74' lang='grc' dir='ltr'>καὶ</span> <span class='ocrx_word' id='word_1_487' title='bbox 2789 2621 2912 2683; x_wconf 82' lang='grc' dir='ltr'>τοὺς</span> <span class='ocrx_word' id='word_1_488' title='bbox 2944 2620 3162 2673; x_wconf 89' lang='grc' dir='ltr'>πώποτε</span> <span class='ocrx_word' id='word_1_489' title='bbox 3200 2621 3421 2675; x_wconf 90' lang='grc' dir='ltr'>τοιαῦτα</span> <span class='ocrx_word' id='word_1_490' title='bbox 3464 2620 3896 2691; x_wconf 76' lang='grc' dir='ltr'><strong>τετολμηκότας,</strong></span> <span class='ocrx_word' id='word_1_491' title='bbox 3925 2623 4008 2683; x_wconf 84' lang='grc' dir='ltr'><strong>είς</strong></span> 
     </span>
    </p>
   </div>
   <div class='ocr_carea' id='block_1_58' title="bbox 2439 2710 4004 2784">
    <p class='ocr_par' dir='ltr' id='par_1_58' title="bbox 2439 2710 4004 2784">
     <span class='ocr_line' id='line_1_58' title="bbox 2439 2710 4004 2784; baseline 0.001 -21"><span class='ocrx_word' id='word_1_492' title='bbox 2439 2710 2702 2775; x_wconf 86' lang='grc' dir='ltr'>ἐκτόπους</span> <span class='ocrx_word' id='word_1_493' title='bbox 2745 2713 2968 2782; x_wconf 79' lang='grc' dir='ltr'>μοίρας,</span> <span class='ocrx_word' id='word_1_494' title='bbox 3012 2713 3104 2766; x_wconf 74' lang='grc' dir='ltr'>καὶ</span> <span class='ocrx_word' id='word_1_495' title='bbox 3143 2715 3222 2776; x_wconf 85' lang='grc' dir='ltr'><strong>εἰς</strong></span> <span class='ocrx_word' id='word_1_496' title='bbox 3249 2714 3386 2784; x_wconf 81' lang='grc' dir='ltr'>ἀρὰς</span> <span class='ocrx_word' id='word_1_497' title='bbox 3424 2714 3630 2781; x_wconf 78' lang='grc' dir='ltr'><strong>ἀπάγει</strong></span> <span class='ocrx_word' id='word_1_498' title='bbox 3676 2714 4004 2783; x_wconf 73' lang='grc' dir='ltr'>φρικώδεις·</span> 
     </span>
    </p>
   </div>
   <div class='ocr_carea' id='block_1_59' title="bbox 2442 2802 4008 2877">
    <p class='ocr_par' dir='ltr' id='par_1_59' title="bbox 2442 2802 4008 2877">
     <span class='ocr_line' id='line_1_59' title="bbox 2442 2802 4008 2877; baseline 0.002 -22"><span class='ocrx_word' id='word_1_499' title='bbox 2442 2802 2579 2871; x_wconf 83' lang='grc' dir='ltr'>πρὸς</span> <span class='ocrx_word' id='word_1_500' title='bbox 2602 2805 2699 2871; x_wconf 80' lang='grc' dir='ltr'>τῆς</span> <span class='ocrx_word' id='word_1_501' title='bbox 2727 2805 2907 2872; x_wconf 84' lang='grc' dir='ltr'>φιλίας</span> <span class='ocrx_word' id='word_1_502' title='bbox 2930 2806 3098 2876; x_wconf 78' lang='grc' dir='ltr'>αὐτῆς</span> <span class='ocrx_word' id='word_1_503' title='bbox 3124 2809 3434 2877; x_wconf 73' lang='grc' dir='ltr'>ἐρωτήσατε</span> <span class='ocrx_word' id='word_1_504' title='bbox 3457 2807 3639 2871; x_wconf 80' lang='grc' dir='ltr'>αὑτὸν,</span> <span class='ocrx_word' id='word_1_505' title='bbox 3666 2807 3731 2859; x_wconf 88' lang='grc' dir='ltr'>Τί</span> <span class='ocrx_word' id='word_1_506' title='bbox 3756 2806 4008 2876; x_wconf 71' lang='grc' dir='ltr'>διαφέρει</span> 
     </span>
    </p>
   </div>
   <div class='ocr_carea' id='block_1_60' title="bbox 2442 2894 4007 2967">
    <p class='ocr_par' dir='ltr' id='par_1_60' title="bbox 2442 2894 4007 2967">
     <span class='ocr_line' id='line_1_60' title="bbox 2442 2894 4007 2967; baseline 0.003 -22"><span class='ocrx_word' id='word_1_507' title='bbox 2442 2894 2568 2963; x_wconf 78' lang='grc' dir='ltr'>περὶ</span> <span class='ocrx_word' id='word_1_508' title='bbox 2610 2895 2767 2964; x_wconf 81' lang='grc' dir='ltr'>ἡμῶν</span> <span class='ocrx_word' id='word_1_509' title='bbox 2808 2896 2982 2949; x_wconf 81' lang='grc' dir='ltr'>είπεῖν</span> <span class='ocrx_word' id='word_1_510' title='bbox 3022 2898 3090 2948; x_wconf 86' lang='grc' dir='ltr'>τὰ</span> <span class='ocrx_word' id='word_1_511' title='bbox 3134 2898 3419 2967; x_wconf 81' lang='grc' dir='ltr'>είρημένα,</span> <span class='ocrx_word' id='word_1_512' title='bbox 3454 2898 3547 2949; x_wconf 74' lang='grc' dir='ltr'>καὶ</span> <span class='ocrx_word' id='word_1_513' title='bbox 3573 2896 3633 2949; x_wconf 81' lang='grc' dir='ltr'>τὸ</span> <span class='ocrx_word' id='word_1_514' title='bbox 3672 2896 3889 2965; x_wconf 74' lang='grc' dir='ltr'>λέγεινς</span> <span class='ocrx_word' id='word_1_515' title='bbox 3923 2898 4007 2950; x_wconf 85' lang='grc' dir='ltr'>ὅτι</span> 
     </span>
    </p>
   </div>
   <div class='ocr_carea' id='block_1_61' title="bbox 2446 2985 4005 3059">
    <p class='ocr_par' dir='ltr' id='par_1_61' title="bbox 2446 2985 4005 3059">
     <span class='ocr_line' id='line_1_61' title="bbox 2446 2985 4005 3059; baseline 0.003 -21"><span class='ocrx_word' id='word_1_516' title='bbox 2446 2985 2583 3055; x_wconf 86' lang='grc' dir='ltr'>μετὰ</span> <span class='ocrx_word' id='word_1_517' title='bbox 2626 2986 2735 3039; x_wconf 90' lang='grc' dir='ltr'><strong>τῶν</strong></span> <span class='ocrx_word' id='word_1_518' title='bbox 2787 2987 3061 3057; x_wconf 75' lang='grc' dir='ltr'>πολεμίων</span> <span class='ocrx_word' id='word_1_519' title='bbox 3105 2988 3387 3057; x_wconf 84' lang='grc' dir='ltr'>γινόμεθα,</span> <span class='ocrx_word' id='word_1_520' title='bbox 3442 2989 3537 3041; x_wconf 80' lang='grc' dir='ltr'>καὶ</span> <span class='ocrx_word' id='word_1_521' title='bbox 3560 2990 3732 3059; x_wconf 84' lang='grc' dir='ltr'>φίλων</span> <span class='ocrx_word' id='word_1_522' title='bbox 3793 2990 4005 3059; x_wconf 79' lang='grc' dir='ltr'>μεταξὺ</span> 
     </span>
    </p>
   </div>
   <div class='ocr_carea' id='block_1_62' title="bbox 2442 3080 4007 3154">
    <p class='ocr_par' dir='ltr' id='par_1_62' title="bbox 2442 3080 4007 3154">
     <span class='ocr_line' id='line_1_62' title="bbox 2442 3080 4007 3154; baseline 0.003 -22"><span class='ocrx_word' id='word_1_523' title='bbox 2442 3080 2536 3133; x_wconf 78' lang='grc' dir='ltr'>καὶ</span> <span class='ocrx_word' id='word_1_524' title='bbox 2563 3080 2772 3151; x_wconf 76' lang='grc' dir='ltr'>ἐχθρῶν</span> <span class='ocrx_word' id='word_1_525' title='bbox 2792 3083 2853 3134; x_wconf 87' lang='grc' dir='ltr'>οὐ</span> <span class='ocrx_word' id='word_1_526' title='bbox 2883 3082 3283 3151; x_wconf 83' lang='grc' dir='ltr'>διαστέλλομεν,</span> <span class='ocrx_word' id='word_1_527' title='bbox 3310 3083 3405 3136; x_wconf 77' lang='grc' dir='ltr'>καὶ</span> <span class='ocrx_word' id='word_1_528' title='bbox 3434 3083 3554 3136; x_wconf 90' lang='grc' dir='ltr'>τότε</span> <span class='ocrx_word' id='word_1_529' title='bbox 3590 3083 3769 3149; x_wconf 85' lang='grc' dir='ltr'>τίνος;</span> <span class='ocrx_word' id='word_1_530' title='bbox 3794 3082 3873 3154; x_wconf 86' lang='grc' dir='ltr'><strong>(ὣ</strong></span> <span class='ocrx_word' id='word_1_531' title='bbox 3907 3085 4007 3152; x_wconf 86' lang='grc' dir='ltr'>τῆς</span> 
     </span>
    </p>
   </div>
   <div class='ocr_carea' id='block_1_63' title="bbox 2442 3173 4008 3246">
    <p class='ocr_par' dir='ltr' id='par_1_63' title="bbox 2442 3173 4008 3246">
     <span class='ocr_line' id='line_1_63' title="bbox 2442 3173 4008 3246; baseline 0.001 -18"><span class='ocrx_word' id='word_1_532' title='bbox 2442 3173 2563 3228; x_wconf 81' lang='grc' dir='ltr'>καθ’</span> <span class='ocrx_word' id='word_1_533' title='bbox 2603 3173 2759 3243; x_wconf 78' lang='grc' dir='ltr'>ἡμῶν</span> <span class='ocrx_word' id='word_1_534' title='bbox 2792 3174 3107 3245; x_wconf 77' lang='grc' dir='ltr'>ἐπηρείαςί)</span> <span class='ocrx_word' id='word_1_535' title='bbox 3137 3175 3307 3243; x_wconf 90' lang='grc' dir='ltr'>φίλων</span> <span class='ocrx_word' id='word_1_536' title='bbox 3347 3175 3584 3245; x_wconf 82' lang='grc' dir='ltr'>Χριστοῦ</span> <span class='ocrx_word' id='word_1_537' title='bbox 3643 3177 3739 3229; x_wconf 74' lang='grc' dir='ltr'>καὶ</span> <span class='ocrx_word' id='word_1_538' title='bbox 3788 3176 4008 3246; x_wconf 82' lang='grc' dir='ltr'>ἐχθρῶν</span> 
     </span>
    </p>
   </div>
   <div class='ocr_carea' id='block_1_64' title="bbox 2443 3264 4008 3336">
    <p class='ocr_par' dir='ltr' id='par_1_64' title="bbox 2443 3264 4008 3336">
     <span class='ocr_line' id='line_1_64' title="bbox 2443 3264 4008 3336; baseline 0.001 -18"><span class='ocrx_word' id='word_1_539' title='bbox 2443 3264 2675 3334; x_wconf 84' lang='grc' dir='ltr'>Χριστοῦ</span> <span class='ocrx_word' id='word_1_540' title='bbox 2702 3280 2714 3291; x_wconf 89' lang='grc'><strong>·</strong></span> <span class='ocrx_word' id='word_1_541' title='bbox 2753 3266 2835 3327; x_wconf 89' lang='grc' dir='ltr'><strong>είς</strong></span> <span class='ocrx_word' id='word_1_542' title='bbox 2875 3265 3045 3317; x_wconf 85' lang='grc' dir='ltr'>ταῦτα</span> <span class='ocrx_word' id='word_1_543' title='bbox 3084 3266 3192 3334; x_wconf 81' lang='grc' dir='ltr'><strong>γὰρ</strong></span> <span class='ocrx_word' id='word_1_544' title='bbox 3231 3264 3567 3336; x_wconf 79' lang='grc' dir='ltr'>ἀποτελευτᾷ</span> <span class='ocrx_word' id='word_1_545' title='bbox 3594 3266 3687 3329; x_wconf 81' lang='grc' dir='ltr'>τὸ,</span> <span class='ocrx_word' id='word_1_546' title='bbox 3720 3266 4008 3336; x_wconf 83' lang='grc' dir='ltr'>βούλεσθαι</span> 
     </span>
    </p>
   </div>
   <div class='ocr_carea' id='block_1_65' title="bbox 2442 3354 4007 3427">
    <p class='ocr_par' dir='ltr' id='par_1_65' title="bbox 2442 3354 4007 3427">
     <span class='ocr_line' id='line_1_65' title="bbox 2442 3354 4007 3427; baseline 0.001 -19"><span class='ocrx_word' id='word_1_547' title='bbox 2442 3356 2760 3423; x_wconf 77' lang='grc' dir='ltr'>καταλέγειν</span> <span class='ocrx_word' id='word_1_548' title='bbox 2801 3356 2947 3424; x_wconf 81' lang='grc' dir='ltr'>ἡμᾶς</span> <span class='ocrx_word' id='word_1_549' title='bbox 2988 3354 3066 3423; x_wconf 87' lang='grc' dir='ltr'>τῷ</span> <span class='ocrx_word' id='word_1_550' title='bbox 3112 3356 3301 3427; x_wconf 82' lang='grc' dir='ltr'>κλήρῳ</span> <span class='ocrx_word' id='word_1_551' title='bbox 3324 3357 3434 3409; x_wconf 91' lang='grc' dir='ltr'><strong>τῶν</strong></span> <span class='ocrx_word' id='word_1_552' title='bbox 3471 3356 3611 3427; x_wconf 83' lang='grc' dir='ltr'>ὑπὲρ</span> <span class='ocrx_word' id='word_1_553' title='bbox 3640 3356 3880 3426; x_wconf 81' lang='grc' dir='ltr'>Χριστοῦ</span> <span class='ocrx_word' id='word_1_554' title='bbox 3902 3375 4007 3410; x_wconf 84' lang='grc' dir='ltr'>πα-</span> 
     </span>
    </p>
   </div>
   <div class='ocr_carea' id='block_1_66' title="bbox 2444 3445 4001 3519">
    <p class='ocr_par' dir='ltr' id='par_1_66' title="bbox 2444 3445 4001 3519">
     <span class='ocr_line' id='line_1_66' title="bbox 2444 3445 4001 3519; baseline 0.001 -21"><span class='ocrx_word' id='word_1_555' title='bbox 2444 3447 2695 3516; x_wconf 82' lang='grc' dir='ltr'>σχόντων,</span> <span class='ocrx_word' id='word_1_556' title='bbox 2726 3447 2818 3499; x_wconf 73' lang='grc' dir='ltr'>καὶ</span> <span class='ocrx_word' id='word_1_557' title='bbox 2856 3447 2982 3508; x_wconf 78' lang='grc' dir='ltr'>τοὺς</span> <span class='ocrx_word' id='word_1_558' title='bbox 3022 3446 3138 3516; x_wconf 76' lang='grc' dir='ltr'>ἅμα</span> <span class='ocrx_word' id='word_1_559' title='bbox 3177 3448 3397 3517; x_wconf 79' lang='grc' dir='ltr'>Χριστῷ</span> <span class='ocrx_word' id='word_1_560' title='bbox 3423 3445 3792 3517; x_wconf 80' lang='grc' dir='ltr'>πολεμοῦντας</span> <span class='ocrx_word' id='word_1_561' title='bbox 3819 3451 3968 3519; x_wconf 78' lang='grc' dir='ltr'>ἡμᾶς</span> <span class='ocrx_word' id='word_1_562' title='bbox 3987 3466 4001 3479; x_wconf 87' lang='grc'><strong>·</strong></span> 
     </span>
    </p>
   </div>
   <div class='ocr_carea' id='block_1_67' title="bbox 2441 3535 4006 3611">
    <p class='ocr_par' dir='ltr' id='par_1_67' title="bbox 2441 3535 4006 3611">
     <span class='ocr_line' id='line_1_67' title="bbox 2441 3535 4006 3611; baseline 0.001 -19"><span class='ocrx_word' id='word_1_563' title='bbox 2441 3542 2489 3593; x_wconf 87' lang='grc' dir='ltr'><strong>οί</strong></span> <span class='ocrx_word' id='word_1_564' title='bbox 2528 3540 2588 3592; x_wconf 86' lang='grc' dir='ltr'>τὸ</span> <span class='ocrx_word' id='word_1_565' title='bbox 2629 3535 2767 3608; x_wconf 75' lang='grc' dir='ltr'>αἷμα</span> <span class='ocrx_word' id='word_1_566' title='bbox 2800 3539 2898 3607; x_wconf 87' lang='grc' dir='ltr'>τῆς</span> <span class='ocrx_word' id='word_1_567' title='bbox 2940 3539 3203 3609; x_wconf 84' lang='grc' dir='ltr'>διαθήκης</span> <span class='ocrx_word' id='word_1_568' title='bbox 3232 3540 3396 3593; x_wconf 84' lang='grc' dir='ltr'>αὑτοῦ</span> <span class='ocrx_word' id='word_1_569' title='bbox 3427 3542 3605 3594; x_wconf 83' lang='grc' dir='ltr'>κοινὸν</span> <span class='ocrx_word' id='word_1_570' title='bbox 3665 3542 4006 3611; x_wconf 78' lang='grc' dir='ltr'>ἡγησάμενοι</span> 
     </span>
    </p>
   </div>
   <div class='ocr_carea' id='block_1_68' title="bbox 2442 3630 4001 3703">
    <p class='ocr_par' dir='ltr' id='par_1_68' title="bbox 2442 3630 4001 3703">
     <span class='ocr_line' id='line_1_68' title="bbox 2442 3630 4001 3703; baseline 0.003 -22"><span class='ocrx_word' id='word_1_571' title='bbox 2442 3632 2564 3699; x_wconf 84' lang='grc' dir='ltr'>(ἴνα</span> <span class='ocrx_word' id='word_1_572' title='bbox 2614 3630 2710 3684; x_wconf 92' lang='grc' dir='ltr'><strong>νῦν</strong></span> <span class='ocrx_word' id='word_1_573' title='bbox 2746 3631 2813 3683; x_wconf 80' lang='grc' dir='ltr'>τὰ</span> <span class='ocrx_word' id='word_1_574' title='bbox 2860 3630 2993 3683; x_wconf 78' lang='grc' dir='ltr'>ἄλλα</span> <span class='ocrx_word' id='word_1_575' title='bbox 3048 3631 3228 3699; x_wconf 84' lang='grc' dir='ltr'>ἐάσω)</span> <span class='ocrx_word' id='word_1_576' title='bbox 3264 3631 3333 3684; x_wconf 83' lang='grc' dir='ltr'>τὰ</span> <span class='ocrx_word' id='word_1_577' title='bbox 3382 3631 3744 3703; x_wconf 76' lang='grc' dir='ltr'>θυσιαστήρια</span> <span class='ocrx_word' id='word_1_578' title='bbox 3791 3636 4001 3703; x_wconf 79' lang='grc' dir='ltr'>Κυρίου</span> 
     </span>
    </p>
   </div>
   <div class='ocr_carea' id='block_1_69' title="bbox 2440 3721 4004 3792">
    <p class='ocr_par' dir='ltr' id='par_1_69' title="bbox 2440 3721 4004 3792">
     <span class='ocr_line' id='line_1_69' title="bbox 2440 3721 4004 3792; baseline 0.002 -18"><span class='ocrx_word' id='word_1_579' title='bbox 2440 3721 2808 3792; x_wconf 74' lang='grc' dir='ltr'>ἐϐεϐήλωσαν,</span> <span class='ocrx_word' id='word_1_580' title='bbox 2860 3724 2953 3773; x_wconf 72' lang='lat' dir='ltr'><strong>xui.</strong></span> <span class='ocrx_word' id='word_1_581' title='bbox 3000 3722 3065 3773; x_wconf 80' lang='grc' dir='ltr'>τὸ</span> <span class='ocrx_word' id='word_1_582' title='bbox 3113 3721 3267 3789; x_wconf 77' lang='grc' dir='ltr'>ἅγιον</span> <span class='ocrx_word' id='word_1_583' title='bbox 3323 3723 3552 3791; x_wconf 87' lang='grc' dir='ltr'>χρίσμα,</span> <span class='ocrx_word' id='word_1_584' title='bbox 3612 3723 3810 3792; x_wconf 81' lang='grc' dir='ltr'>μᾶλλον</span> <span class='ocrx_word' id='word_1_585' title='bbox 3845 3725 3905 3777; x_wconf 80' lang='grc' dir='ltr'><strong>δέ</strong></span> <span class='ocrx_word' id='word_1_586' title='bbox 3942 3727 4004 3778; x_wconf 83' lang='grc' dir='ltr'>τὸ</span> 
     </span>
    </p>
   </div>
   <div class='ocr_carea' id='block_1_70' title="bbox 2439 3806 3998 3885">
    <p class='ocr_par' dir='ltr' id='par_1_70' title="bbox 2439 3806 3998 3885">
     <span class='ocr_line' id='line_1_70' title="bbox 2439 3806 3998 3885; baseline 0.002 -19"><span class='ocrx_word' id='word_1_587' title='bbox 2439 3814 2698 3880; x_wconf 81' lang='grc' dir='ltr'>πανάγιον</span> <span class='ocrx_word' id='word_1_588' title='bbox 2735 3812 2978 3881; x_wconf 86' lang='grc' dir='ltr'>Πνεῦμα,</span> <span class='ocrx_word' id='word_1_589' title='bbox 3003 3811 3068 3864; x_wconf 80' lang='grc' dir='ltr'>δι’</span> <span class='ocrx_word' id='word_1_590' title='bbox 3095 3806 3155 3864; x_wconf 84' lang='grc' dir='ltr'><strong>οῦ</strong></span> <span class='ocrx_word' id='word_1_591' title='bbox 3192 3813 3252 3865; x_wconf 80' lang='grc' dir='ltr'>τὸ</span> <span class='ocrx_word' id='word_1_592' title='bbox 3276 3814 3507 3883; x_wconf 86' lang='grc' dir='ltr'>χρίσμα,</span> <span class='ocrx_word' id='word_1_593' title='bbox 3540 3812 3998 3885; x_wconf 84' lang='grc' dir='ltr'>ἐξεμυκτήρισαν.</span> 
     </span>
    </p>
   </div>
   <div class='ocr_carea' id='block_1_71' title="bbox 2452 3900 4002 3976">
    <p class='ocr_par' dir='ltr' id='par_1_71' title="bbox 2452 3900 4002 3976">
     <span class='ocr_line' id='line_1_71' title="bbox 2452 3900 4002 3976; baseline 0.001 -19"><span class='ocrx_word' id='word_1_594' title='bbox 2452 3905 2791 3976; x_wconf 86' lang='grc' dir='ltr'>Ἐρωτήσατε</span> <span class='ocrx_word' id='word_1_595' title='bbox 2841 3900 2933 3955; x_wconf 84' lang='grc' dir='ltr'>οὖν</span> <span class='ocrx_word' id='word_1_596' title='bbox 2988 3903 3190 3970; x_wconf 81' lang='grc' dir='ltr'>πάλιν,</span> <span class='ocrx_word' id='word_1_597' title='bbox 3222 3903 3386 3968; x_wconf 79' lang='grc' dir='ltr'>ἀξιῶ,</span> <span class='ocrx_word' id='word_1_598' title='bbox 3440 3905 3493 3957; x_wconf 92' lang='grc' dir='ltr'><strong>τί</strong></span> <span class='ocrx_word' id='word_1_599' title='bbox 3541 3906 3784 3976; x_wconf 80' lang='grc' dir='ltr'>διαφέρει</span> <span class='ocrx_word' id='word_1_600' title='bbox 3826 3907 4002 3959; x_wconf 87' lang='grc' dir='ltr'>ταῦτα</span> 
     </span>
    </p>
   </div>
   <div class='ocr_carea' id='block_1_72' title="bbox 2440 3994 4000 4068">
    <p class='ocr_par' dir='ltr' id='par_1_72' title="bbox 2440 3994 4000 4068">
     <span class='ocr_line' id='line_1_72' title="bbox 2440 3994 4000 4068; baseline 0.001 -20"><span class='ocrx_word' id='word_1_601' title='bbox 2440 3996 2685 4057; x_wconf 89' lang='grc' dir='ltr'>ἐκείνων,</span> <span class='ocrx_word' id='word_1_602' title='bbox 2718 3994 2854 4064; x_wconf 86' lang='grc' dir='ltr'>πλὴν</span> <span class='ocrx_word' id='word_1_603' title='bbox 2881 3997 2959 4057; x_wconf 89' lang='grc' dir='ltr'><strong>είς</strong></span> <span class='ocrx_word' id='word_1_604' title='bbox 2996 3996 3189 4057; x_wconf 83' lang='grc' dir='ltr'>κακίας</span> <span class='ocrx_word' id='word_1_605' title='bbox 3229 3996 3562 4066; x_wconf 74' lang='grc' dir='ltr'>ὑπερϐολήνς</span> <span class='ocrx_word' id='word_1_606' title='bbox 3595 3997 3697 4049; x_wconf 76' lang='grc' dir='ltr'>κᾶν</span> <span class='ocrx_word' id='word_1_607' title='bbox 3737 3996 3836 4068; x_wconf 79' lang='grc' dir='ltr'>μὲν</span> <span class='ocrx_word' id='word_1_608' title='bbox 3857 3998 4000 4050; x_wconf 86' lang='grc' dir='ltr'>ἐκεί-</span> 
     </span>
    </p>
   </div>
   <div class='ocr_carea' id='block_1_73' title="bbox 2439 4086 4000 4159">
    <p class='ocr_par' dir='ltr' id='par_1_73' title="bbox 2439 4086 4000 4159">
     <span class='ocr_line' id='line_1_73' title="bbox 2439 4086 4000 4159; baseline 0.001 -19"><span class='ocrx_word' id='word_1_609' title='bbox 2439 4106 2543 4140; x_wconf 89' lang='grc' dir='ltr'>νων</span> <span class='ocrx_word' id='word_1_610' title='bbox 2574 4087 2721 4156; x_wconf 80' lang='grc' dir='ltr'>δείξῃ</span> <span class='ocrx_word' id='word_1_611' title='bbox 2742 4086 2909 4139; x_wconf 89' lang='grc' dir='ltr'>ταῦτα</span> <span class='ocrx_word' id='word_1_612' title='bbox 2938 4086 3265 4155; x_wconf 84' lang='grc' dir='ltr'>κουφότερα,</span> <span class='ocrx_word' id='word_1_613' title='bbox 3298 4088 3398 4157; x_wconf 86' lang='grc' dir='ltr'><strong>ἐμέ</strong></span> <span class='ocrx_word' id='word_1_614' title='bbox 3424 4087 3523 4155; x_wconf 77' lang='grc' dir='ltr'><strong>μέν</strong></span> <span class='ocrx_word' id='word_1_615' title='bbox 3552 4088 3736 4157; x_wconf 78' lang='grc' dir='ltr'>ληρεῖν</span> <span class='ocrx_word' id='word_1_616' title='bbox 3768 4090 3847 4152; x_wconf 85' lang='grc' dir='ltr'><strong>ὡς</strong></span> <span class='ocrx_word' id='word_1_617' title='bbox 3868 4090 4000 4159; x_wconf 81' lang='grc' dir='ltr'>ἁλη-</span> 
     </span>
    </p>
   </div>
   <div class='ocr_carea' id='block_1_74' title="bbox 2441 4176 3999 4247">
    <p class='ocr_par' dir='ltr' id='par_1_74' title="bbox 2441 4176 3999 4247">
     <span class='ocr_line' id='line_1_74' title="bbox 2441 4176 3999 4247; baseline 0.001 -19"><span class='ocrx_word' id='word_1_618' title='bbox 2441 4176 2547 4238; x_wconf 87' lang='grc' dir='ltr'><strong>θῶς</strong></span> <span class='ocrx_word' id='word_1_619' title='bbox 2587 4179 2877 4243; x_wconf 90' lang='grc' dir='ltr'>νομίσατε,</span> <span class='ocrx_word' id='word_1_620' title='bbox 2923 4178 3127 4227; x_wconf 79' lang='grc' dir='ltr'>ἐκεῖνον</span> <span class='ocrx_word' id='word_1_621' title='bbox 3168 4176 3225 4229; x_wconf 87' lang='grc' dir='ltr'><strong>δέ</strong></span> <span class='ocrx_word' id='word_1_622' title='bbox 3259 4176 3469 4246; x_wconf 87' lang='grc' dir='ltr'>μυρίων</span> <span class='ocrx_word' id='word_1_623' title='bbox 3500 4177 3786 4247; x_wconf 82' lang='grc' dir='ltr'>ἐγκωμίων</span> <span class='ocrx_word' id='word_1_624' title='bbox 3830 4178 3999 4244; x_wconf 81' lang='grc' dir='ltr'>ἀξιώο</span> 
     </span>
    </p>
   </div>
   <div class='ocr_carea' id='block_1_75' title="bbox 2443 4266 3999 4339">
    <p class='ocr_par' dir='ltr' id='par_1_75' title="bbox 2443 4266 3999 4339">
     <span class='ocr_line' id='line_1_75' title="bbox 2443 4266 3999 4339; baseline 0.002 -20"><span class='ocrx_word' id='word_1_625' title='bbox 2443 4284 2567 4319; x_wconf 88' lang='grc' dir='ltr'>σατε</span> <span class='ocrx_word' id='word_1_626' title='bbox 2587 4284 2601 4297; x_wconf 76' lang='grc' dir='ltr'><strong><em>ο</em></strong></span> <span class='ocrx_word' id='word_1_627' title='bbox 2632 4266 2808 4319; x_wconf 86' lang='grc' dir='ltr'>καίτοι</span> <span class='ocrx_word' id='word_1_628' title='bbox 2841 4284 2925 4331; x_wconf 90' lang='grc' dir='ltr'><strong>γε,</strong></span> <span class='ocrx_word' id='word_1_629' title='bbox 2956 4267 3053 4337; x_wconf 83' lang='grc' dir='ltr'>οὐχ</span> <span class='ocrx_word' id='word_1_630' title='bbox 3080 4268 3160 4319; x_wconf 86' lang='grc' dir='ltr'>ὅτι</span> <span class='ocrx_word' id='word_1_631' title='bbox 3184 4269 3510 4338; x_wconf 89' lang='grc' dir='ltr'>κουφότερον</span> <span class='ocrx_word' id='word_1_632' title='bbox 3557 4268 3729 4322; x_wconf 76' lang='grc' dir='ltr'>ἄλλων</span> <span class='ocrx_word' id='word_1_633' title='bbox 3753 4268 3999 4339; x_wconf 78' lang='grc' dir='ltr'>ὕϐρισεν,</span> 
     </span>
    </p>
   </div>
   <div class='ocr_carea' id='block_1_76' title="bbox 793 4335 2470 4434">
    <p class='ocr_par' dir='ltr' id='par_1_76' title="bbox 793 4335 2470 4434">
     <span class='ocr_line' id='line_1_76' title="bbox 793 4335 2470 4434; baseline 0.006 -44"><span class='ocrx_word' id='word_1_634' title='bbox 793 4342 1045 4390; x_wconf 85' lang='lat' dir='ltr'><strong>buerunt.</strong></span> <span class='ocrx_word' id='word_1_635' title='bbox 1072 4335 1401 4406; x_wconf 89' lang='lat' dir='ltr'><strong>lnterrogate</strong></span> <span class='ocrx_word' id='word_1_636' title='bbox 1423 4336 1540 4391; x_wconf 90' lang='lat' dir='ltr'><strong>illos</strong></span> <span class='ocrx_word' id='word_1_637' title='bbox 1568 4338 1765 4403; x_wconf 88' lang='lat' dir='ltr'><strong>denuo,</strong></span> <span class='ocrx_word' id='word_1_638' title='bbox 1796 4341 2057 4405; x_wconf 89' lang='lat' dir='ltr'><strong>obtestor,</strong></span> <span class='ocrx_word' id='word_1_639' title='bbox 2078 4355 2336 4411; x_wconf 89' lang='lat' dir='ltr'><strong>quantum</strong></span> <span class='ocrx_word' id='word_1_640' title='bbox 2370 4378 2414 4434; x_wconf 65' lang='grc' dir='ltr'>υ</span> <span class='ocrx_word' id='word_1_641' title='bbox 2442 4358 2470 4423; x_wconf 68' lang='grc' dir='ltr'><strong>ὴ</strong></span> 
     </span>
    </p>
   </div>
   <div class='ocr_carea' id='block_1_77' title="bbox 2322 4335 3999 4434">
    <p class='ocr_par' dir='ltr' id='par_1_77' title="bbox 2322 4335 3999 4434">
     <span class='ocr_line' id='line_1_77' title="bbox 2322 4335 3999 4434; baseline 0.005 -28"><span class='ocrx_word' id='word_1_642' title='bbox 2322 4361 2336 4399; x_wconf 75' lang='lat'><strong>1</strong></span> <span class='ocrx_word' id='word_1_643' title='bbox 2370 4378 2414 4434; x_wconf 70' lang='grc' dir='ltr'>ο</span> <span class='ocrx_word' id='word_1_644' title='bbox 2442 4355 2755 4424; x_wconf 75' lang='grc' dir='ltr'>ἠγωνίζετο,</span> <span class='ocrx_word' id='word_1_645' title='bbox 2799 4356 2906 4407; x_wconf 79' lang='grc' dir='ltr'>οὐδ’</span> <span class='ocrx_word' id='word_1_646' title='bbox 2955 4335 3050 4408; x_wconf 69' lang='grc' dir='ltr'>ὅτι</span> <span class='ocrx_word' id='word_1_647' title='bbox 3083 4358 3178 4409; x_wconf 80' lang='grc' dir='ltr'>καὶ</span> <span class='ocrx_word' id='word_1_648' title='bbox 3208 4335 3749 4429; x_wconf 56' lang='grc' dir='ltr'>ἐτέροιςθπερϐολὴν</span> <span class='ocrx_word' id='word_1_649' title='bbox 3786 4335 3999 4430; x_wconf 79' lang='grc' dir='ltr'>ὕϐρεων</span> 
     </span>
    </p>
   </div>
   <div class='ocr_carea' id='block_1_78' title="bbox 790 4429 2332 4503">
    <p class='ocr_par' dir='ltr' id='par_1_78' title="bbox 790 4429 2332 4503">
     <span class='ocr_line' id='line_1_78' title="bbox 790 4429 2332 4503; baseline 0.005 -20"><span class='ocrx_word' id='word_1_650' title='bbox 790 4434 928 4483; x_wconf 86' lang='lat' dir='ltr'><strong>inter</strong></span> <span class='ocrx_word' id='word_1_651' title='bbox 956 4430 1069 4484; x_wconf 74' lang='lat' dir='ltr'><strong>haec</strong></span> <span class='ocrx_word' id='word_1_652' title='bbox 1095 4440 1148 4483; x_wconf 91' lang='lat' dir='ltr'><strong>et</strong></span> <span class='ocrx_word' id='word_1_653' title='bbox 1175 4429 1261 4481; x_wconf 92' lang='lat' dir='ltr'><strong>illa</strong></span> <span class='ocrx_word' id='word_1_654' title='bbox 1294 4429 1361 4482; x_wconf 87' lang='lat' dir='ltr'><strong>sit</strong></span> <span class='ocrx_word' id='word_1_655' title='bbox 1385 4430 1711 4485; x_wconf 91' lang='lat' dir='ltr'><strong>discriminis</strong></span> <span class='ocrx_word' id='word_1_656' title='bbox 1738 4433 1841 4485; x_wconf 88' lang='lat' dir='ltr'><strong>nisi</strong></span> <span class='ocrx_word' id='word_1_657' title='bbox 1868 4434 2009 4503; x_wconf 91' lang='lat' dir='ltr'><strong>quod</strong></span> <span class='ocrx_word' id='word_1_658' title='bbox 2031 4445 2332 4493; x_wconf 80' lang='lat' dir='ltr'><strong>extremum</strong></span> 
     </span>
    </p>
   </div>
   <div class='ocr_carea' id='block_1_79' title="bbox 791 4521 2334 4593">
    <p class='ocr_par' dir='ltr' id='par_1_79' title="bbox 791 4521 2334 4593">
     <span class='ocr_line' id='line_1_79' title="bbox 791 4521 2334 4593; baseline 0.005 -19"><span class='ocrx_word' id='word_1_659' title='bbox 791 4522 901 4574; x_wconf 68' lang='lat' dir='ltr'><strong>haec</strong></span> <span class='ocrx_word' id='word_1_660' title='bbox 930 4521 1247 4589; x_wconf 87' lang='lat' dir='ltr'><strong>contingunt</strong></span> <span class='ocrx_word' id='word_1_661' title='bbox 1284 4521 1655 4589; x_wconf 87' lang='lat' dir='ltr'><strong>improbitatis.</strong></span> <span class='ocrx_word' id='word_1_662' title='bbox 1704 4521 1856 4587; x_wconf 89' lang='lat' dir='ltr'><strong>Quod</strong></span> <span class='ocrx_word' id='word_1_663' title='bbox 1884 4524 1927 4577; x_wconf 90' lang='lat' dir='ltr'><strong>si</strong></span> <span class='ocrx_word' id='word_1_664' title='bbox 1960 4525 2079 4593; x_wconf 94' lang='lat' dir='ltr'><strong>quis</strong></span> <span class='ocrx_word' id='word_1_665' title='bbox 2110 4538 2334 4582; x_wconf 90' lang='lat' dir='ltr'><strong>conten-</strong></span> 
     </span>
    </p>
   </div>
   <div class='ocr_carea' id='block_1_80' title="bbox 788 4612 2337 4687">
    <p class='ocr_par' dir='ltr' id='par_1_80' title="bbox 788 4612 2337 4687">
     <span class='ocr_line' id='line_1_80' title="bbox 788 4612 2337 4687; baseline 0.006 -23"><span class='ocrx_word' id='word_1_666' title='bbox 788 4614 927 4664; x_wconf 83' lang='lat' dir='ltr'><strong>derit</strong></span> <span class='ocrx_word' id='word_1_667' title='bbox 972 4612 1169 4665; x_wconf 88' lang='lat' dir='ltr'><strong>leviora</strong></span> <span class='ocrx_word' id='word_1_668' title='bbox 1216 4612 1317 4665; x_wconf 91' lang='lat' dir='ltr'><strong>ista</strong></span> <span class='ocrx_word' id='word_1_669' title='bbox 1370 4626 1507 4677; x_wconf 89' lang='lat' dir='ltr'><strong>esse,</strong></span> <span class='ocrx_word' id='word_1_670' title='bbox 1568 4628 1664 4666; x_wconf 89' lang='lat' dir='ltr'><strong>vos</strong></span> <span class='ocrx_word' id='word_1_671' title='bbox 1718 4623 1829 4666; x_wconf 91' lang='lat' dir='ltr'><strong>tum</strong></span> <span class='ocrx_word' id='word_1_672' title='bbox 1873 4630 1955 4670; x_wconf 91' lang='lat' dir='ltr'><strong>me</strong></span> <span class='ocrx_word' id='word_1_673' title='bbox 1998 4616 2243 4687; x_wconf 87' lang='lat' dir='ltr'><strong>desipere</strong></span> <span class='ocrx_word' id='word_1_674' title='bbox 2282 4628 2337 4673; x_wconf 91' lang='lat' dir='ltr'><strong>et</strong></span> 
     </span>
    </p>
   </div>
   <div class='ocr_carea' id='block_1_81' title="bbox 789 4704 2337 4775">
    <p class='ocr_par' dir='ltr' id='par_1_81' title="bbox 789 4704 2337 4775">
     <span class='ocr_line' id='line_1_81' title="bbox 789 4704 2337 4775; baseline 0.005 -18"><span class='ocrx_word' id='word_1_675' title='bbox 789 4704 1013 4757; x_wconf 85' lang='lat' dir='ltr'><strong>delirare</strong></span> <span class='ocrx_word' id='word_1_676' title='bbox 1040 4704 1249 4767; x_wconf 86' lang='lat' dir='ltr'><strong>dicatis,</strong></span> <span class='ocrx_word' id='word_1_677' title='bbox 1284 4704 1426 4757; x_wconf 90' lang='lat' dir='ltr'><strong>illum</strong></span> <span class='ocrx_word' id='word_1_678' title='bbox 1450 4706 1723 4774; x_wconf 87' lang='lat' dir='ltr'><strong>multiplici</strong></span> <span class='ocrx_word' id='word_1_679' title='bbox 1756 4709 2023 4775; x_wconf 65' lang='lat' dir='ltr'><strong>praeconio</strong></span> <span class='ocrx_word' id='word_1_680' title='bbox 2052 4709 2175 4763; x_wconf 91' lang='lat' dir='ltr'><strong>licet</strong></span> <span class='ocrx_word' id='word_1_681' title='bbox 2205 4710 2337 4764; x_wconf 85' lang='lat' dir='ltr'><strong>elle-</strong></span> 
     </span>
    </p>
   </div>
   <div class='ocr_carea' id='block_1_82' title="bbox 791 4797 2332 4872">
    <p class='ocr_par' dir='ltr' id='par_1_82' title="bbox 791 4797 2332 4872">
     <span class='ocr_line' id='line_1_82' title="bbox 791 4797 2332 4872; baseline 0.005 -25"><span class='ocrx_word' id='word_1_682' title='bbox 791 4797 1089 4849; x_wconf 82' lang='lat' dir='ltr'><strong>ratis.Curu</strong></span> <span class='ocrx_word' id='word_1_683' title='bbox 1117 4805 1295 4849; x_wconf 90' lang='lat' dir='ltr'><strong>tamen</strong></span> <span class='ocrx_word' id='word_1_684' title='bbox 1319 4812 1425 4849; x_wconf 92' lang='lat' dir='ltr'><strong>non</strong></span> <span class='ocrx_word' id='word_1_685' title='bbox 1454 4812 1567 4850; x_wconf 90' lang='lat' dir='ltr'><strong>eam</strong></span> <span class='ocrx_word' id='word_1_686' title='bbox 1589 4799 1657 4851; x_wconf 94' lang='lat' dir='ltr'><strong>ob</strong></span> <span class='ocrx_word' id='word_1_687' title='bbox 1685 4814 1897 4852; x_wconf 88' lang='lat' dir='ltr'><strong>causam</strong></span> <span class='ocrx_word' id='word_1_688' title='bbox 1924 4800 2332 4872; x_wconf 89' lang='lat' dir='ltr'><strong>illeangebatur,</strong></span> 
     </span>
    </p>
   </div>
   <div class='ocr_carea' id='block_1_83' title="bbox 788 4886 2334 4960">
    <p class='ocr_par' dir='ltr' id='par_1_83' title="bbox 788 4886 2334 4960">
     <span class='ocr_line' id='line_1_83' title="bbox 788 4886 2334 4960; baseline 0.006 -23"><span class='ocrx_word' id='word_1_689' title='bbox 788 4886 928 4953; x_wconf 86' lang='lat' dir='ltr'><strong>quod</strong></span> <span class='ocrx_word' id='word_1_690' title='bbox 958 4886 1159 4939; x_wconf 88' lang='lat' dir='ltr'><strong>leviore</strong></span> <span class='ocrx_word' id='word_1_691' title='bbox 1187 4902 1283 4940; x_wconf 88' lang='lat' dir='ltr'><strong>nos</strong></span> <span class='ocrx_word' id='word_1_692' title='bbox 1306 4903 1466 4955; x_wconf 89' lang='lat' dir='ltr'><strong>quam</strong></span> <span class='ocrx_word' id='word_1_693' title='bbox 1485 4886 1616 4941; x_wconf 91' lang='lat' dir='ltr'><strong>alios</strong></span> <span class='ocrx_word' id='word_1_694' title='bbox 1636 4890 1956 4943; x_wconf 92' lang='lat' dir='ltr'><strong>contumelia</strong></span> <span class='ocrx_word' id='word_1_695' title='bbox 1975 4891 2334 4960; x_wconf 78' lang='lat' dir='ltr'><strong>impetivcrat,</strong></span> 
     </span>
    </p>
   </div>
   <div class='ocr_carea' id='block_1_84' title="bbox 786 4979 2337 5046">
    <p class='ocr_par' dir='ltr' id='par_1_84' title="bbox 786 4979 2337 5046">
     <span class='ocr_line' id='line_1_84' title="bbox 786 4979 2337 5046; baseline 0.005 -16"><span class='ocrx_word' id='word_1_696' title='bbox 786 4989 880 5031; x_wconf 90' lang='lat' dir='ltr'><strong>aut</strong></span> <span class='ocrx_word' id='word_1_697' title='bbox 904 4994 967 5031; x_wconf 90' lang='lat' dir='ltr'><strong>eo</strong></span> <span class='ocrx_word' id='word_1_698' title='bbox 993 4979 1133 5046; x_wconf 90' lang='lat' dir='ltr'><strong>quod</strong></span> <span class='ocrx_word' id='word_1_699' title='bbox 1158 4980 1365 5032; x_wconf 68' lang='lat' dir='ltr'><strong>caneris</strong></span> <span class='ocrx_word' id='word_1_700' title='bbox 1403 4995 1590 5033; x_wconf 86' lang='lat' dir='ltr'><strong>ansam</strong></span> <span class='ocrx_word' id='word_1_701' title='bbox 1626 4980 1852 5045; x_wconf 88' lang='lat' dir='ltr'><strong>dederit,</strong></span> <span class='ocrx_word' id='word_1_702' title='bbox 1886 4992 1943 5035; x_wconf 92' lang='lat' dir='ltr'><strong>ut</strong></span> <span class='ocrx_word' id='word_1_703' title='bbox 1971 4981 2023 5035; x_wconf 93' lang='lat' dir='ltr'><strong>in</strong></span> <span class='ocrx_word' id='word_1_704' title='bbox 2052 4992 2337 5037; x_wconf 87' lang='lat' dir='ltr'><strong>contume-</strong></span> 
     </span>
    </p>
   </div>
   <div class='ocr_carea' id='block_1_85' title="bbox 788 5068 2338 5138">
    <p class='ocr_par' dir='ltr' id='par_1_85' title="bbox 788 5068 2338 5138">
     <span class='ocr_line' id='line_1_85' title="bbox 788 5068 2338 5138; baseline 0.005 -18"><span class='ocrx_word' id='word_1_705' title='bbox 788 5068 871 5121; x_wconf 88' lang='lat' dir='ltr'><strong>liis</strong></span> <span class='ocrx_word' id='word_1_706' title='bbox 894 5069 1195 5137; x_wconf 86' lang='lat' dir='ltr'><strong>ingerendis</strong></span> <span class='ocrx_word' id='word_1_707' title='bbox 1217 5070 1281 5121; x_wconf 91' lang='lat' dir='ltr'><strong>ad</strong></span> <span class='ocrx_word' id='word_1_708' title='bbox 1302 5085 1582 5123; x_wconf 80' lang='lat' dir='ltr'><strong>excessum</strong></span> <span class='ocrx_word' id='word_1_709' title='bbox 1604 5072 1867 5138; x_wconf 83' lang='lat' dir='ltr'><strong>progressi</strong></span> <span class='ocrx_word' id='word_1_710' title='bbox 1896 5072 2125 5126; x_wconf 76' lang='lat' dir='ltr'><strong>fuerint:</strong></span> <span class='ocrx_word' id='word_1_711' title='bbox 2151 5089 2338 5128; x_wconf 90' lang='lat' dir='ltr'><strong>verum</strong></span> 
     </span>
    </p>
   </div>
   <div class='ocr_carea' id='block_1_86' title="bbox 786 5160 2337 5235">
    <p class='ocr_par' dir='ltr' id='par_1_86' title="bbox 786 5160 2337 5235">
     <span class='ocr_line' id='line_1_86' title="bbox 786 5160 2337 5235; baseline 0.006 -25"><span class='ocrx_word' id='word_1_712' title='bbox 786 5161 925 5227; x_wconf 79' lang='lat' dir='ltr'><strong>quod</strong></span> <span class='ocrx_word' id='word_1_713' title='bbox 952 5160 1115 5212; x_wconf 83' lang='lat' dir='ltr'><strong>libere</strong></span> <span class='ocrx_word' id='word_1_714' title='bbox 1145 5161 1385 5229; x_wconf 74' lang='lat' dir='ltr'><strong>proloqui</strong></span> <span class='ocrx_word' id='word_1_715' title='bbox 1410 5162 1543 5215; x_wconf 92' lang='lat' dir='ltr'><strong>nihil</strong></span> <span class='ocrx_word' id='word_1_716' title='bbox 1583 5165 1773 5230; x_wconf 92' lang='lat' dir='ltr'><strong>potuit,</strong></span> <span class='ocrx_word' id='word_1_717' title='bbox 1809 5164 1950 5217; x_wconf 91' lang='lat' dir='ltr'><strong>unde</strong></span> <span class='ocrx_word' id='word_1_718' title='bbox 1976 5164 2117 5234; x_wconf 90' lang='lat' dir='ltr'><strong>juste</strong></span> <span class='ocrx_word' id='word_1_719' title='bbox 2161 5182 2337 5235; x_wconf 86' lang='lat' dir='ltr'><strong>repre-</strong></span> 
     </span>
    </p>
   </div>
   <div class='ocr_carea' id='block_1_87' title="bbox 789 5251 2333 5323">
    <p class='ocr_par' dir='ltr' id='par_1_87' title="bbox 789 5251 2333 5323">
     <span class='ocr_line' id='line_1_87' title="bbox 789 5251 2333 5323; baseline 0.007 -21"><span class='ocrx_word' id='word_1_720' title='bbox 789 5252 950 5304; x_wconf 89' lang='lat' dir='ltr'><strong>hendi</strong></span> <span class='ocrx_word' id='word_1_721' title='bbox 1003 5251 1247 5313; x_wconf 87' lang='lat' dir='ltr'><strong>debeam,</strong></span> <span class='ocrx_word' id='word_1_722' title='bbox 1280 5253 1387 5305; x_wconf 90' lang='lat' dir='ltr'><strong>imo</strong></span> <span class='ocrx_word' id='word_1_723' title='bbox 1419 5254 1518 5306; x_wconf 93' lang='lat' dir='ltr'><strong>nisi</strong></span> <span class='ocrx_word' id='word_1_724' title='bbox 1543 5271 1728 5323; x_wconf 91' lang='lat' dir='ltr'><strong>parum</strong></span> <span class='ocrx_word' id='word_1_725' title='bbox 1760 5256 1956 5310; x_wconf 92' lang='lat' dir='ltr'><strong>distare</strong></span> <span class='ocrx_word' id='word_1_726' title='bbox 1983 5258 2049 5310; x_wconf 91' lang='lat' dir='ltr'><strong>ab</strong></span> <span class='ocrx_word' id='word_1_727' title='bbox 2076 5260 2333 5315; x_wconf 89' lang='lat' dir='ltr'><strong>encomiis</strong></span> 
     </span>
    </p>
   </div>
   <div class='ocr_carea' id='block_1_88' title="bbox 785 5344 2333 5415">
    <p class='ocr_par' dir='ltr' id='par_1_88' title="bbox 785 5344 2333 5415">
     <span class='ocr_line' id='line_1_88' title="bbox 785 5344 2333 5415; baseline 0.008 -20"><span class='ocrx_word' id='word_1_728' title='bbox 785 5344 1188 5398; x_wconf 77' lang='lat' dir='ltr'><strong>criminationes</strong></span> <span class='ocrx_word' id='word_1_729' title='bbox 1207 5361 1330 5398; x_wconf 91' lang='lat' dir='ltr'><strong>suas</strong></span> <span class='ocrx_word' id='word_1_730' title='bbox 1345 5346 1604 5409; x_wconf 89' lang='lat' dir='ltr'><strong>docuerit,</strong></span> <span class='ocrx_word' id='word_1_731' title='bbox 1626 5349 1787 5401; x_wconf 89' lang='lat' dir='ltr'><strong>nolite</strong></span> <span class='ocrx_word' id='word_1_732' title='bbox 1808 5364 1930 5402; x_wconf 91' lang='lat' dir='ltr'><strong>eum</strong></span> <span class='ocrx_word' id='word_1_733' title='bbox 1955 5352 2238 5406; x_wconf 80' lang='lat' dir='ltr'><strong>exsibilare</strong></span> <span class='ocrx_word' id='word_1_734' title='bbox 2256 5368 2270 5415; x_wconf 91' lang='lat'><strong>;</strong></span> <span class='ocrx_word' id='word_1_735' title='bbox 2290 5354 2333 5407; x_wconf 91' lang='lat' dir='ltr'><strong>si</strong></span> 
     </span>
    </p>
   </div>
   <div class='ocr_carea' id='block_1_89' title="bbox 785 5433 2331 5505">
    <p class='ocr_par' dir='ltr' id='par_1_89' title="bbox 785 5433 2331 5505">
     <span class='ocr_line' id='line_1_89' title="bbox 785 5433 2331 5505; baseline 0.007 -19"><span class='ocrx_word' id='word_1_736' title='bbox 785 5450 884 5488; x_wconf 84' lang='lat' dir='ltr'><strong>nec</strong></span> <span class='ocrx_word' id='word_1_737' title='bbox 910 5433 963 5489; x_wconf 84' lang='lat' dir='ltr'><strong>id</strong></span> <span class='ocrx_word' id='word_1_738' title='bbox 992 5435 1342 5505; x_wconf 80' lang='lat' dir='ltr'><strong>demonstret,</strong></span> <span class='ocrx_word' id='word_1_739' title='bbox 1385 5438 1597 5493; x_wconf 89' lang='lat' dir='ltr'><strong>silentio</strong></span> <span class='ocrx_word' id='word_1_740' title='bbox 1627 5440 1826 5495; x_wconf 87' lang='lat' dir='ltr'><strong>indicto</strong></span> <span class='ocrx_word' id='word_1_741' title='bbox 1878 5442 2196 5497; x_wconf 85' lang='lat' dir='ltr'><strong>modestiam</strong></span> <span class='ocrx_word' id='word_1_742' title='bbox 2231 5444 2331 5497; x_wconf 89' lang='lat' dir='ltr'><strong>im-</strong></span> 
     </span>
    </p>
   </div>
   <div class='ocr_carea' id='block_1_90' title="bbox 2444 4446 4001 4519">
    <p class='ocr_par' dir='ltr' id='par_1_90' title="bbox 2444 4446 4001 4519">
     <span class='ocr_line' id='line_1_90' title="bbox 2444 4446 4001 4519; baseline 0.004 -20"><span class='ocrx_word' id='word_1_743' title='bbox 2444 4446 2858 4500; x_wconf 82' lang='grc' dir='ltr'>καταλέλοιπεν·</span> <span class='ocrx_word' id='word_1_744' title='bbox 2906 4448 3019 4500; x_wconf 81' lang='grc' dir='ltr'>ἀλλ’</span> <span class='ocrx_word' id='word_1_745' title='bbox 3047 4449 3127 4500; x_wconf 85' lang='grc' dir='ltr'>ὅτι</span> <span class='ocrx_word' id='word_1_746' title='bbox 3166 4448 3319 4501; x_wconf 72' lang='grc' dir='ltr'>οὐδὲν</span> <span class='ocrx_word' id='word_1_747' title='bbox 3366 4451 3441 4513; x_wconf 80' lang='grc' dir='ltr'><strong>είς</strong></span> <span class='ocrx_word' id='word_1_748' title='bbox 3474 4451 3663 4519; x_wconf 84' lang='grc' dir='ltr'>μῶμον</span> <span class='ocrx_word' id='word_1_749' title='bbox 3698 4452 3855 4519; x_wconf 85' lang='grc' dir='ltr'>ήμῶν</span> <span class='ocrx_word' id='word_1_750' title='bbox 3881 4454 4001 4506; x_wconf 84' lang='grc' dir='ltr'>δια-</span> 
     </span>
    </p>
   </div>
   <div class='ocr_carea' id='block_1_91' title="bbox 2443 4536 3999 4615">
    <p class='ocr_par' dir='ltr' id='par_1_91' title="bbox 2443 4536 3999 4615">
     <span class='ocr_line' id='line_1_91' title="bbox 2443 4536 3999 4615; baseline 0.005 -27"><span class='ocrx_word' id='word_1_751' title='bbox 2443 4536 2626 4588; x_wconf 87' lang='grc' dir='ltr'>ϐαῖνον</span> <span class='ocrx_word' id='word_1_752' title='bbox 2674 4537 3133 4606; x_wconf 77' lang='grc' dir='ltr'>ἐπαρρησιάσατο,</span> <span class='ocrx_word' id='word_1_753' title='bbox 3188 4537 3300 4589; x_wconf 78' lang='grc' dir='ltr'>ἀλλ’</span> <span class='ocrx_word' id='word_1_754' title='bbox 3348 4540 3494 4608; x_wconf 84' lang='grc' dir='ltr'>ὅμως</span> <span class='ocrx_word' id='word_1_755' title='bbox 3522 4539 3587 4592; x_wconf 73' lang='grc' dir='ltr'>ἂν</span> <span class='ocrx_word' id='word_1_756' title='bbox 3615 4539 3819 4594; x_wconf 83' lang='grc' dir='ltr'>ἐλάττω</span> <span class='ocrx_word' id='word_1_757' title='bbox 3851 4543 3999 4615; x_wconf 70' lang='grc' dir='ltr'>δείξῃ</span> 
     </span>
    </p>
   </div>
   <div class='ocr_carea' id='block_1_92' title="bbox 2442 4625 3996 4705">
    <p class='ocr_par' dir='ltr' id='par_1_92' title="bbox 2442 4625 3996 4705">
     <span class='ocr_line' id='line_1_92' title="bbox 2442 4625 3996 4705; baseline 0.005 -26"><span class='ocrx_word' id='word_1_758' title='bbox 2442 4627 2511 4679; x_wconf 83' lang='grc' dir='ltr'>τὰ</span> <span class='ocrx_word' id='word_1_759' title='bbox 2542 4625 2704 4678; x_wconf 84' lang='grc' dir='ltr'>αὑτοῦ</span> <span class='ocrx_word' id='word_1_760' title='bbox 2734 4628 2840 4679; x_wconf 87' lang='grc' dir='ltr'><strong>τῶν</strong></span> <span class='ocrx_word' id='word_1_761' title='bbox 2866 4628 3173 4696; x_wconf 85' lang='grc' dir='ltr'>ἐγκωμίων,</span> <span class='ocrx_word' id='word_1_762' title='bbox 3207 4629 3284 4699; x_wconf 82' lang='grc' dir='ltr'>μὴ</span> <span class='ocrx_word' id='word_1_763' title='bbox 3312 4631 3670 4703; x_wconf 86' lang='grc' dir='ltr'>ἐκκηρύξητε.</span> <span class='ocrx_word' id='word_1_764' title='bbox 3709 4635 3770 4687; x_wconf 81' lang='lat' dir='ltr'><strong>El</strong></span> <span class='ocrx_word' id='word_1_765' title='bbox 3800 4633 3860 4687; x_wconf 85' lang='grc' dir='ltr'>δὲ</span> <span class='ocrx_word' id='word_1_766' title='bbox 3896 4652 3996 4705; x_wconf 59' lang='grc' dir='ltr'>μηδ</span> 
     </span>
    </p>
   </div>
   <div class='ocr_carea' id='block_1_93' title="bbox 2444 4716 3999 4793">
    <p class='ocr_par' dir='ltr' id='par_1_93' title="bbox 2444 4716 3999 4793">
     <span class='ocr_line' id='line_1_93' title="bbox 2444 4716 3999 4793; baseline 0.003 -22"><span class='ocrx_word' id='word_1_767' title='bbox 2444 4717 2531 4771; x_wconf 87' lang='grc' dir='ltr'><strong>δέν</strong></span> <span class='ocrx_word' id='word_1_768' title='bbox 2561 4717 2706 4787; x_wconf 81' lang='grc' dir='ltr'>δείξῃ</span> <span class='ocrx_word' id='word_1_769' title='bbox 2736 4716 2921 4787; x_wconf 91' lang='grc' dir='ltr'>ῶσπερ</span> <span class='ocrx_word' id='word_1_770' title='bbox 2947 4718 3064 4770; x_wconf 80' lang='grc' dir='ltr'>οὑδέ</span> <span class='ocrx_word' id='word_1_771' title='bbox 3090 4718 3253 4782; x_wconf 81' lang='grc' dir='ltr'>δείξει</span> <span class='ocrx_word' id='word_1_772' title='bbox 3296 4735 3382 4787; x_wconf 86' lang='grc' dir='ltr'><strong>γε,</strong></span> <span class='ocrx_word' id='word_1_773' title='bbox 3434 4724 3639 4774; x_wconf 86' lang='grc' dir='ltr'>ἐκεῖνον</span> <span class='ocrx_word' id='word_1_774' title='bbox 3686 4724 3787 4792; x_wconf 72' lang='grc' dir='ltr'>μὲν</span> <span class='ocrx_word' id='word_1_775' title='bbox 3838 4727 3999 4793; x_wconf 79' lang='grc' dir='ltr'>σιγᾷν</span> 
     </span>
    </p>
   </div>
   <div class='ocr_carea' id='block_1_94' title="bbox 2446 4809 4001 4883">
    <p class='ocr_par' dir='ltr' id='par_1_94' title="bbox 2446 4809 4001 4883">
     <span class='ocr_line' id='line_1_94' title="bbox 2446 4809 4001 4883; baseline 0.005 -22"><span class='ocrx_word' id='word_1_776' title='bbox 2446 4812 2864 4879; x_wconf 83' lang='grc' dir='ltr'>σωφρονήσατε⁶</span> <span class='ocrx_word' id='word_1_777' title='bbox 2917 4810 2985 4862; x_wconf 81' lang='grc' dir='ltr'>τὰ</span> <span class='ocrx_word' id='word_1_778' title='bbox 3032 4809 3140 4877; x_wconf 83' lang='grc' dir='ltr'>ἐμὰ</span> <span class='ocrx_word' id='word_1_779' title='bbox 3170 4811 3227 4863; x_wconf 82' lang='grc' dir='ltr'><strong>δέ</strong></span> <span class='ocrx_word' id='word_1_780' title='bbox 3265 4811 3650 4883; x_wconf 86' lang='grc' dir='ltr'>δυστυχήματα</span> <span class='ocrx_word' id='word_1_781' title='bbox 3704 4815 4001 4869; x_wconf 60' lang='lat' dir='ltr'><strong>aediﬁcii.&quot;</strong></span> 
     </span>
    </p>
   </div>
   <div class='ocr_carea' id='block_1_95' title="bbox 2445 4886 3999 4974">
    <p class='ocr_par' dir='ltr' id='par_1_95' title="bbox 2445 4886 3999 4974">
     <span class='ocr_line' id='line_1_95' title="bbox 2445 4886 3999 4974; baseline 0.004 -21"><span class='ocrx_word' id='word_1_782' title='bbox 2445 4900 2858 4968; x_wconf 79' lang='grc' dir='ltr'>ἀναλογίζεσθε,</span> <span class='ocrx_word' id='word_1_783' title='bbox 2904 4901 3021 4966; x_wconf 87' lang='grc' dir='ltr'>δτι,</span> <span class='ocrx_word' id='word_1_784' title='bbox 3067 4900 3161 4953; x_wconf 77' lang='grc' dir='ltr'>καὶ</span> <span class='ocrx_word' id='word_1_785' title='bbox 3216 4886 3424 4973; x_wconf 84' lang='grc' dir='ltr'>ἐχθρῶν</span> <span class='ocrx_word' id='word_1_786' title='bbox 3474 4903 3782 4971; x_wconf 82' lang='grc' dir='ltr'>ἐπιϐουλὰς,</span> <span class='ocrx_word' id='word_1_787' title='bbox 3828 4907 3999 4974; x_wconf 58' lang='grc' dir='ltr'>φίλαν</span> 
     </span>
    </p>
   </div>
   <div class='ocr_carea' id='block_1_96' title="bbox 2445 4991 3999 5067">
    <p class='ocr_par' dir='ltr' id='par_1_96' title="bbox 2445 4991 3999 5067">
     <span class='ocr_line' id='line_1_96' title="bbox 2445 4991 3999 5067; baseline 0.004 -23"><span class='ocrx_word' id='word_1_788' title='bbox 2445 4992 2857 5055; x_wconf 78' lang='grc' dir='ltr'>ἐπαναστάσεις,</span> <span class='ocrx_word' id='word_1_789' title='bbox 2881 4991 2973 5044; x_wconf 75' lang='grc' dir='ltr'>καὶ</span> <span class='ocrx_word' id='word_1_790' title='bbox 3000 4991 3336 5061; x_wconf 82' lang='grc' dir='ltr'>βλασφημίαι</span> <span class='ocrx_word' id='word_1_791' title='bbox 3364 4994 3715 5063; x_wconf 76' lang='grc' dir='ltr'>διαδέχοντα..</span> <span class='ocrx_word' id='word_1_792' title='bbox 3734 4996 3861 5060; x_wconf 85' lang='grc' dir='ltr'>Πῶς</span> <span class='ocrx_word' id='word_1_793' title='bbox 3890 4997 3999 5067; x_wconf 81' lang='grc' dir='ltr'><strong>γὰρ</strong></span> 
     </span>
    </p>
   </div>
   <div class='ocr_carea' id='block_1_97' title="bbox 2444 5078 3992 5157">
    <p class='ocr_par' dir='ltr' id='par_1_97' title="bbox 2444 5078 3992 5157">
     <span class='ocr_line' id='line_1_97' title="bbox 2444 5078 3992 5157; baseline 0.003 -23"><span class='ocrx_word' id='word_1_794' title='bbox 2444 5084 2473 5134; x_wconf 88' lang='grc' dir='ltr'><strong>ό</strong></span> <span class='ocrx_word' id='word_1_795' title='bbox 2500 5082 2721 5135; x_wconf 89' lang='grc' dir='ltr'>τοιαῦτα</span> <span class='ocrx_word' id='word_1_796' title='bbox 2746 5081 2917 5151; x_wconf 72' lang='grc' dir='ltr'>λέγων</span> <span class='ocrx_word' id='word_1_797' title='bbox 2947 5083 2979 5151; x_wconf 77' lang='grc' dir='ltr'>ἢ</span> <span class='ocrx_word' id='word_1_798' title='bbox 3002 5083 3214 5147; x_wconf 72' lang='grc' dir='ltr'>ἐννοιῖιν,</span> <span class='ocrx_word' id='word_1_799' title='bbox 3242 5078 3327 5135; x_wconf 74' lang='grc' dir='ltr'>οἷα</span> <span class='ocrx_word' id='word_1_800' title='bbox 3360 5082 3541 5150; x_wconf 82' lang='grc' dir='ltr'>λέγειν</span> <span class='ocrx_word' id='word_1_801' title='bbox 3570 5086 3713 5154; x_wconf 80' lang='grc' dir='ltr'>ἡμᾶς</span> <span class='ocrx_word' id='word_1_802' title='bbox 3742 5088 3836 5139; x_wconf 77' lang='grc' dir='ltr'><strong>καὶ</strong></span> <span class='ocrx_word' id='word_1_803' title='bbox 3861 5106 3992 5157; x_wconf 84' lang='grc' dir='ltr'>φρο-</span> 
     </span>
    </p>
   </div>
   <div class='ocr_carea' id='block_1_98' title="bbox 2441 5172 3995 5244">
    <p class='ocr_par' dir='ltr' id='par_1_98' title="bbox 2441 5172 3995 5244">
     <span class='ocr_line' id='line_1_98' title="bbox 2441 5172 3995 5244; baseline 0.003 -19"><span class='ocrx_word' id='word_1_804' title='bbox 2441 5174 2550 5225; x_wconf 89' lang='grc' dir='ltr'>νεῖν</span> <span class='ocrx_word' id='word_1_805' title='bbox 2568 5174 2595 5224; x_wconf 91' lang='grc' dir='ltr'><strong>ό</strong></span> <span class='ocrx_word' id='word_1_806' title='bbox 2624 5172 2785 5233; x_wconf 87' lang='grc' dir='ltr'>καλὸς</span> <span class='ocrx_word' id='word_1_807' title='bbox 2804 5174 3008 5234; x_wconf 78' lang='grc' dir='ltr'>ἐκεῖνος</span> <span class='ocrx_word' id='word_1_808' title='bbox 3037 5173 3187 5241; x_wconf 87' lang='grc' dir='ltr'>φίλος</span> <span class='ocrx_word' id='word_1_809' title='bbox 3216 5172 3576 5237; x_wconf 78' lang='grc' dir='ltr'>ἀνεπλάσατο,</span> <span class='ocrx_word' id='word_1_810' title='bbox 3603 5176 3703 5227; x_wconf 77' lang='grc' dir='ltr'>οὐκ</span> <span class='ocrx_word' id='word_1_811' title='bbox 3730 5178 3807 5239; x_wconf 81' lang='grc' dir='ltr'>εἰς</span> <span class='ocrx_word' id='word_1_812' title='bbox 3835 5178 3995 5244; x_wconf 65' lang='grc' dir='ltr'>ἐσχα-</span> 
     </span>
    </p>
   </div>
   <div class='ocr_carea' id='block_1_99' title="bbox 2440 5263 3995 5337">
    <p class='ocr_par' dir='ltr' id='par_1_99' title="bbox 2440 5263 3995 5337">
     <span class='ocr_line' id='line_1_99' title="bbox 2440 5263 3995 5337; baseline 0.005 -24"><span class='ocrx_word' id='word_1_813' title='bbox 2440 5280 2529 5315; x_wconf 89' lang='grc' dir='ltr'><strong>τον</strong></span> <span class='ocrx_word' id='word_1_814' title='bbox 2566 5264 2663 5332; x_wconf 80' lang='grc' dir='ltr'>μὲν</span> <span class='ocrx_word' id='word_1_815' title='bbox 2703 5264 2884 5325; x_wconf 82' lang='grc' dir='ltr'>ἀνοίας</span> <span class='ocrx_word' id='word_1_816' title='bbox 2917 5263 3157 5327; x_wconf 85' lang='grc' dir='ltr'>ἐλαύνει,</span> <span class='ocrx_word' id='word_1_817' title='bbox 3204 5263 3381 5324; x_wconf 82' lang='grc' dir='ltr'>κοινὸς</span> <span class='ocrx_word' id='word_1_818' title='bbox 3423 5263 3480 5315; x_wconf 89' lang='grc' dir='ltr'><strong>δέ</strong></span> <span class='ocrx_word' id='word_1_819' title='bbox 3515 5266 3776 5334; x_wconf 76' lang='grc' dir='ltr'>προδότης</span> <span class='ocrx_word' id='word_1_820' title='bbox 3817 5269 3995 5337; x_wconf 74' lang='grc' dir='ltr'>πάσης</span> 
     </span>
    </p>
   </div>
   <div class='ocr_carea' id='block_1_100' title="bbox 2440 5354 3994 5429">
    <p class='ocr_par' dir='ltr' id='par_1_100' title="bbox 2440 5354 3994 5429">
     <span class='ocr_line' id='line_1_100' title="bbox 2440 5354 3994 5429; baseline 0.004 -24"><span class='ocrx_word' id='word_1_821' title='bbox 2440 5355 2558 5405; x_wconf 73' lang='grc' dir='ltr'>ἐστὶ</span> <span class='ocrx_word' id='word_1_822' title='bbox 2577 5355 2673 5423; x_wconf 84' lang='grc' dir='ltr'>τῆς</span> <span class='ocrx_word' id='word_1_823' title='bbox 2715 5354 3059 5423; x_wconf 84' lang='grc' dir='ltr'>Ἐκκλησίας,</span> <span class='ocrx_word' id='word_1_824' title='bbox 3089 5356 3397 5424; x_wconf 82' lang='grc' dir='ltr'>ὑπερόπτης</span> <span class='ocrx_word' id='word_1_825' title='bbox 3418 5356 3474 5409; x_wconf 77' lang='grc' dir='ltr'><strong>δέ</strong></span> <span class='ocrx_word' id='word_1_826' title='bbox 3496 5358 3591 5409; x_wconf 77' lang='grc' dir='ltr'>καὶ</span> <span class='ocrx_word' id='word_1_827' title='bbox 3622 5357 3883 5429; x_wconf 81' lang='grc' dir='ltr'>ὑϐριστὴς</span> <span class='ocrx_word' id='word_1_828' title='bbox 3901 5364 3994 5411; x_wconf 84' lang='grc' dir='ltr'>καὶ</span> 
     </span>
    </p>
   </div>
   <div class='ocr_carea' id='block_1_101' title="bbox 2438 5446 3992 5520">
    <p class='ocr_par' dir='ltr' id='par_1_101' title="bbox 2438 5446 3992 5520">
     <span class='ocr_line' id='line_1_101' title="bbox 2438 5446 3992 5520; baseline 0.005 -23"><span class='ocrx_word' id='word_1_829' title='bbox 2438 5446 2547 5498; x_wconf 89' lang='grc' dir='ltr'><strong>τῶν</strong></span> <span class='ocrx_word' id='word_1_830' title='bbox 2580 5446 2861 5514; x_wconf 86' lang='grc' dir='ltr'>πατρικῶν</span> <span class='ocrx_word' id='word_1_831' title='bbox 2890 5447 3258 5515; x_wconf 85' lang='grc' dir='ltr'>παραδόσεων,</span> <span class='ocrx_word' id='word_1_832' title='bbox 3284 5448 3376 5502; x_wconf 77' lang='grc' dir='ltr'>καὶ</span> <span class='ocrx_word' id='word_1_833' title='bbox 3403 5448 3571 5520; x_wconf 77' lang='grc' dir='ltr'>μύρια</span> <span class='ocrx_word' id='word_1_834' title='bbox 3601 5450 3733 5503; x_wconf 77' lang='grc' dir='ltr'>ἄλλα</span> <span class='ocrx_word' id='word_1_835' title='bbox 3764 5451 3992 5515; x_wconf 71' lang='grc' dir='ltr'>ἐκείνοις</span> 
     </span>
    </p>
   </div>
   <div class='ocr_carea' id='block_1_102' title="bbox 2078 5614 2751 5673">
    <p class='ocr_par' dir='ltr' id='par_1_102' title="bbox 2078 5614 2751 5673">
     <span class='ocr_line' id='line_1_102' title="bbox 2078 5614 2751 5673; baseline 0.007 -7"><span class='ocrx_word' id='word_1_836' title='bbox 2078 5614 2309 5670; x_wconf 69' lang='lat' dir='ltr'><strong>VARI/IS</strong></span> <span class='ocrx_word' id='word_1_837' title='bbox 2354 5614 2751 5673; x_wconf 78' lang='lat' dir='ltr'><strong>LECTIONES.</strong></span> 
     </span>
    </p>
   </div>
   <div class='ocr_carea' id='block_1_103' title="bbox 865 5728 1146 5796">
    <p class='ocr_par' dir='ltr' id='par_1_103' title="bbox 865 5728 1146 5796">
     <span class='ocr_line' id='line_1_103' title="bbox 865 5728 1146 5796; baseline -0.011 -18"><span class='ocrx_word' id='word_1_838' title='bbox 865 5728 877 5763; x_wconf 76' lang='grc' dir='ltr'><strong>ί</strong></span> <span class='ocrx_word' id='word_1_839' title='bbox 905 5729 1146 5796; x_wconf 72' lang='grc' dir='ltr'>ὁρᾶσθαι.</span> 
     </span>
    </p>
   </div>
  </div>
