4248 6444
253 426 371 489 749

1409 425 1933 487 EPISTOLARUM
1974 425 2199 487 LIBER
2244 426 2290 484 Ι.

3364 423 3469 487 750

252 538 749 608 ἐμπεριείληπται·
798 538 1134 609 ψευδολογία,
1181 539 1385 607 ἀπάτη,
1418 540 1690 601 δυσσεϐεῖς
1724 540 1817 590 καὶ
1845 544 1889 598 Α
1919 553 1929 607 ι

1790 540 1817 589 ,ι
1845 544 1889 598 Α
1919 547 2101 607 perate
2144 554 2156 589 :
2198 534 2447 589 miseram
2489 535 2702 590 interim
2730 550 2903 591 meam
2940 545 3141 592 sortem
3172 537 3467 608 deplorate,

250 634 484 685 ἄπιστοι
538 632 814 700 λογισμοὶ,
859 634 1028 703 μάχαι
1080 631 1212 702 πρὸς
1261 634 1515 696 ἑαυτοὺς,
1549 632 1641 684 καὶ
1688 630 1816 684 ἄλλο

251 724 466 791 πλῆθος
503 723 696 785 κακίας
726 724 970 794 ἄπειρον.

1922 639 1975 683 et
2009 629 2135 682 hinc
2168 628 2408 689 recolite,
2463 627 2605 695 quod
2660 628 2883 683 sufferre
2914 643 3073 700 cogar
3132 629 3471 685 inimicorum

1922 721 2164 785 insidias,
2191 720 2485 775 amicorum
2516 720 2919 791 coniurationes
2958 730 3013 776 et
3039 723 3303 778 convicia.
3332 723 3474 777 Fieri

249 815 405 869 cnim
464 818 553 885 qui
594 817 810 885 poterit,
858 826 917 870 ut
960 817 1007 871 is
1057 817 1146 887 qui
1196 815 1498 871 taliusmodi
1549 824 1747 871 statuat
1769 823 1863 867 aut
1891 815 2052 879 dicat,
2112 830 2230 883 quae
2263 815 2442 869 dicere
2484 830 2581 869 nos
2610 824 2665 869 et
2695 816 2896 869 sentire
2939 815 3113 869 bonus
3144 817 3230 870 ille
3268 816 3475 870 amicus

248 909 538 971 conﬁnxit,
563 924 669 962 non
700 919 936 963 extrema
960 911 1163 965 laboret
1190 911 1415 977 insania,
1446 919 1501 964 et
1524 912 1823 965 communis
1864 910 2081 981 quidem
2139 908 2390 965 Ecclesia:
2408 909 2666 978 proditor,
2706 918 3059 964 contemnens
3080 918 3134 963 et
3152 910 3473 965 conculcans

254 1005 583 1058 traditiones
646 1008 815 1059 avitas
871 1006 1154 1069 habeatur,
1197 1022 1408 1062 necnon
1466 1007 1733 1061 sexcentis
1766 1007 2033 1062 similibus
2086 1006 2203 1061 aliis
2238 1006 2554 1062 criminibus
2584 1007 2902 1073 involvatur,
2933 1008 3227 1063 mendaciis
3256 1023 3469 1078 nempe,

252 1098 505 1159 fallaciis,
537 1097 831 1168 impietate,
866 1099 1164 1154 rationibus
1182 1116 1371 1170 parum
1397 1100 1534 1164 fidis,
1564 1103 2056 1157 concertationibus
2078 1102 2298 1165 mutuis,
2316 1116 2379 1155 ac
2406 1101 2688 1155 innumero
2708 1101 2930 1155 aliarum
2957 1099 3286 1169 impietatum
3308 1111 3469 1159 cmtn.

345 1189 471 1258 *ιΑρ’
530 1192 627 1244 οὐκ
690 1194 752 1245 ἐκ
806 1193 983 1245 καλῶν
1054 1196 1355 1263 χρωμάτων
1418 1197 1445 1247 6
1502 1195 1661 1257 καλός
1713 1195 1813 1258 ζω-

252 1285 469 1352 γράφος
539 1284 636 1353 τήν
692 1285 846 1354 ήμῶν
898 1286 1264 1354 διεμόρφωσεν
1316 1288 1515 1348 εἰκόνα,
1577 1286 1606 1337 6
1653 1288 1817 1356 μηδὲν

252 1374 371 1424 τῶν
416 1374 632 1440 φαύλων
682 1376 809 1445 περὶ
867 1376 1023 1445 ήμῶν
1082 1379 1253 1428 εἰπεῖν
1297 1378 1814 1448 ἀπισχυριζόμενοςς

255 1466 374 1517 ἀλλ’
410 1467 457 1518 εί
513 1469 609 1534 μὲν
650 1468 946 1534 ἁπλότητος
982 1468 1152 1520 ταῦτα
1180 1509 1193 1527 ,
1240 1469 1342 1537 τῷ,
1378 1472 1627 1524 Γίνεσθε
1678 1472 1820 1539 φρό-

258 1575 422 1626 νιμοι
471 1560 551 1625 ώς
606 1564 659 1613 οἱ
728 1560 925 1627 ὄφεις,
983 1562 1079 1615 καὶ
1120 1562 1377 1628 ἀκέραιοι
1429 1565 1507 1627 ὠς
1555 1566 1612 1615 al
1666 1580 1821 1631 περι-

258 1650 505 1716 στεραὶ,
565 1649 658 1703 τοῦ
706 1652 907 1720 Κυρίου
974 1652 1201 1721 βοῶντος
1259 1652 1607 1722 πειθώμεθα·
1662 1658 1708 1707 εί
1764 1655 1821 1708 δὲ

256 1742 634 1812 κακουργίας,
684 1743 845 1794 αὑτοῦ
883 1744 1043 1796 πάλιν
1089 1746 1507 1814 διακεκραγότος
1556 1746 1818 1814 μεταϐαλ-

256 1835 499 1903 λώμεθα·
567 1835 705 1887 Ἐὰν
766 1835 849 1904 μὴ
904 1837 1206 1904 στραφῆτε
1269 1836 1365 1889 καί
1418 1837 1669 1905 γένησθε
1738 1818 1890 1905 (ὓς-,Β

259 1928 330 1980 τὰ
384 1927 621 1989 παιδία,
661 1930 733 1979 οὺ
770 1928 849 1994 μὴ
878 1927 1185 1992 εἰσέλθητε
1220 1930 1305 1993 εἰς
1349 1927 1461 1996 τὴν
1491 1930 1815 1993 βασιλείαν

256 2016 376 2069 τῶν
428 2017 718 2083 οὐρανῶν.
774 2018 1021 2070 Μάλιστα
1078 2020 1529 2087 συνεπιστάμενοι
1597 2014 1682 2072 οἷα
1738 2020 1815 2089 τῷ

262 2110 664 2171 σκανδαλίζοντι
691 2110 783 2161 ἕνα
808 2110 916 2160 τῶν
939 2109 1228 2179 ἐλαχίστων
1252 2110 1493 2175 ἀδελφῶν
1516 2112 1547 2181 ή
1576 2112 1817 2181 τιμωρία

259 2202 567 2253 ἀπόκειται.
604 2201 663 2251 Ei
694 2200 746 2251 δὲ
776 2202 802 2252 6
838 2200 1196 2263 σκανδαλίζων
1229 2202 1341 2265 ἐνα,
1369 2201 1467 2272 τήν
1494 2201 1643 2272 δίκην
1673 2205 1815 2256 ἀπα-

261 2293 531 2362 ραιτήτως
561 2292 940 2361 εἰσπράττεται
981 2295 1008 2345 6
1042 2294 1200 2345 σείων
1227 2294 1354 2363 ὃλην
1388 2296 1479 2347 καὶ
1512 2296 1814 2351 ἀνασκευά-

261 2385 372 2447 ζων
431 2382 788 2449 Ἐκκλησίαν,
844 2384 1004 2437 αὐτὸν
1054 2386 1257 2438 ἐκεῖνον
1304 2389 1501 2439 ἐννοεῖν
1548 2389 1815 2457 καταλιμ-

262 2476 438 2538 πάνω,
485 2476 685 2544 ἡλίκων
726 2476 915 2527 ἑαυτὸν
949 2476 1244 2529 ὑπεύθυνον
1280 2480 1569 2546 ἀποφαίνει
1600 2480 1814 2534 κακῶν

259 2560 336 2619 ὦν
387 2567 469 2636 εἴη
509 2566 743 2633 Χριστοῦ
776 2568 991 2619 πάντων
1038 2569 1193 2636 ήμῶν
1242 2572 1397 2638 χεῖρα
1429 2571 1813 2640 ὑπερέχοντος,

265 2658 453 2725 μηδεὶς
476 2657 674 2727 ἐνοχος.
710 2658 847 2711 Ἀλλ’
871 2661 1045 2711 ἐκεῖνο
1064 2660 1177 2722 πῶς
1197 2662 1511 2729 ἀναλγήτως
1536 2664 1629 2715 καὶ
1655 2666 1818 2735 χωρὶς

260 2748 511 2816 δακρύων
559 2750 708 2809 οἴσω,
754 2750 801 2800 εί
836 2750 953 2818 μὲν,
991 2750 1084 2812 οὓς
1126 2769 1309 2821 φησιν,
1345 2755 1403 2805 οὐ
1433 2754 1511 2806 δεῖ
1551 2755 1814 2825 δέχεσθαι,

261 2839 497 2904 δέχοιτο,
528 2838 578 2890 τί
612 2839 685 2907 μὴ
716 2842 831 2908 μετ’
853 2841 1071 2893 ἐκείνων
1105 2842 1415 2912 γινώμεθα;
1448 2845 1507 2896 Ei
1538 2845 1593 2897 δὲ
1627 2848 1698 2915 μὴ
1731 2848 1818 2899 δέ-

264 2945 411 2999 χοιτο
466 2930 613 2996 φόϐῳ
657 2932 752 2996 τῆς
795 2931 1093 3000 μελλούσης
1135 2936 1435 3004 τιμωρίας,
1475 2938 1567 2989 καὶ
1598 2937 1821 3000 ἄκοντες

262 3022 363 3088 τήν
397 3021 671 3089 παροῦσαν
698 3022 977 3075 εὐσέϐειαν
1008 3024 1353 3094 φυλαξόμεθα
1375 3042 1387 3055 ⁸
1418 3028 1544 3097 περὶ
1575 3028 1631 3079 δέ
1662 3028 1817 3092 Θεοῦ,

262 3105 309 3163 ῶ
360 3112 629 3179 βέλτιστε,
687 3116 814 3183 περὶ
850 3114 907 3167 δὲ
965 3116 1236 3181 πίστεως,
1273 3118 1400 3185 περὶ
1447 3118 1504 3170 δὲ
1554 3119 1662 3171 τῶν
1706 3122 1823 3172 ἐκεῖ

262 3204 695 3273 δικαιωτηρίων,
749 3206 877 3276 περὶ
924 3208 1281 3277 συνειδήσεως
1319 3208 1406 3275 δὲ,
1442 3210 1575 3262 ἀλλά
1628 3214 1753 3280 περὶ
1783 3223 1821 3250 ω

263 3294 543 3362 ἀληθείας,
599 3296 725 3363 περὶ
756 3297 810 3349 δὲ
845 3298 1066 3367 γνώμης
1100 3298 1415 3362 εὐσταθοῦς,
1457 3302 1583 3370 περὶ
1608 3301 1663 3353 δέ
1699 3302 1822 3353 τού-

265 3405 374 3439 των
421 3389 595 3451 οὑδέν,
642 3387 780 3459 λήθῃ
820 3390 1053 3458 πάνταή
1090 3388 1359 3457 Χάρυϐδις
1392 3389 1627 3442 λαϐοῦσα
1661 3391 1821 3442 κατέ-

266 3497 411 3532 πιεν.
453 3479 591 3546 Ἐγὼ
632 3479 687 3531 δὲ
723 3479 1027 3531 τούναντίον
1060 3479 1125 3531 ἂν
1152 3480 1314 3532 αὑτὸν
1352 3480 1443 3531 καὶ
1483 3483 1694 3547 φρονεῖν
1730 3482 1821 3533 καὶ

266 3570 442 3636 λέγειν
472 3572 657 3638 ἠξίουν
683 3586 695 3599 ·
729 3570 803 3633 ώς
828 3570 986 3640 εἴπερ
1006 3569 1097 3633 οὓς
1123 3572 1181 3623 ού
1217 3572 1296 3623 δεῖ
1323 3571 1571 3641 δέχεσθαι
1599 3572 1818 3642 δέχοιτο,

266 3662 466 3724 πάντες
498 3664 611 3731 ἅμα
643 3662 797 3731 τορόν
836 3678 889 3714 τι
935 3664 1028 3714 καὶ
1073 3661 1390 3730 διαπρύσιον
1430 3663 1818 3732 ἐμϐοήσωμεν,

268 3753 403 3820 μηδέ
430 3770 508 3814 τις
540 3754 622 3818 εἴη
657 3753 879 3821 μηδενὸς
916 3753 1115 3818 φειδὼ,
1157 3753 1229 3823 μὴ
1256 3754 1521 3822 πατρικοῦ
1560 3755 1721 3808 πόθου
1766 3758 1822 3807 ἐν

264 3837 311 3909 ᾧ
350 3844 723 3913 σεμνυνόμεθα
744 3885 759 3909 ,
809 3844 883 3914 μὴ
912 3846 1007 3912 τῆς
1039 3845 1417 3915 προσηκούσης
1448 3848 1727 3911 εὐλαϐείας
1756 3848 1822 3918 ἢν

264 3937 536 4005 πατράσιν
578 3938 763 4005 νέμειν
792 3938 878 3989 ἀεὶ
908 3936 1278 4005 δεδιδάγμεθα,
1326 3938 1459 4007 μηδέ
1488 3955 1630 4001 τινος
1658 3940 1821 4006 ἄλλης

266 4022 448 4085 αἰδοῦς
497 4024 564 4094 ἣν
596 4026 721 4093 περὶ
766 4025 927 4077 αὑτὸν
982 4028 1445 4095 συνετηρήσαμεν,
1484 4027 1617 4080 άλλά
1654 4030 1822 4081 ταῦτα

264 4116 444 4168 πάντα
501 4118 780 4185 πόρρωθεν
827 4119 986 4185 ήμῶν
1030 4118 1431 4183 ἀπελάσαντες,
1472 4120 1608 4189 ὅπερ
1656 4120 1819 4190 ἔφην,

261 4208 545 4273 διωλύγιον
586 4208 985 4278 ἐμϐοησόμεθα.
1017 4208 1082 4260 Τί
1110 4209 1281 4261 ταῦτα
1306 4210 1497 4272 ποιεῖς,
1532 4210 1817 4281 ἄνθρωπες

265 4300 359 4347 ποῖ
386 4297 560 4369 φέρῃ;
590 4298 639 4348 τί
668 4298 722 4349 δὲ
746 4298 966 4349 σεαυτὸν
1000 4298 1211 4366 ἐχθροῖς
1236 4300 1448 4366 ἀγνοεῖς
1470 4299 1817 4370 ἐγχειρίζων;

260 4388 314 4439 τί
353 4390 476 4450 τοὺς
519 4390 674 4457 ἡμῶν
726 4390 917 4452 ἄθλους
950 4391 1029 4453 είς
1062 4390 1251 4453 ὕθλους
1278 4390 1600 4461 ἐξήνεγκαςς
1635 4392 1685 4443 τί
1715 4392 1820 4444 τῶν

1993 1195 2187 1249 Verum
2226 1196 2267 1249 si
2312 1211 2420 1248 non
2475 1196 2690 1263 optimis
2753 1196 3024 1249 coloribus
3096 1198 3268 1265 pictor
3318 1213 3474 1270 egre-

1921 1287 2038 1356 gius
2086 1298 2323 1341 nostram
2354 1288 2509 1341 nobis
2561 1289 2845 1358 imaginem
2870 1288 3181 1355 delineavit,
3208 1292 3299 1359 qui
3328 1302 3473 1345 tanta

1923 1378 2257 1431 vehementia
2282 1389 2570 1444 asseverat,
2608 1380 2742 1433 nihil
2768 1395 2825 1434 se
2846 1381 2968 1433 mali
2991 1381 3042 1433 in
3071 1396 3169 1434 nos
3192 1382 3475 1449 aliquando

1919 1469 2233 1536 protulisse;
2257 1470 2350 1522 sed
2375 1472 2613 1534 omnino,
2639 1471 2683 1523 si
2707 1486 2735 1523 a
2757 1487 2967 1525 morum
2992 1473 3330 1541 simplicitate
3355 1489 3475 1542 pro-

1917 1558 2231 1612 ﬁciscuntur
2261 1560 2382 1622 ista,
2412 1561 2556 1614 dicto
2585 1562 2657 1613 illi
2693 1561 2993 1617 Servatoris
3019 1564 3472 1632 obtemperemus,

1919 1651 2207 1703 I’rudentcs
2242 1662 2398 1705 estote
2420 1654 2551 1705 sicut
2578 1664 2857 1721 serpentes,
2896 1656 3187 1707 innocentes
3217 1666 3391 1708 autem
3420 1667 3475 1709 ut

1919 1745 2249 1809 columbw“,
2293 1745 2575 1799 credamus
2620 1745 2690 1799 ita
2735 1762 2856 1801 esse
2890 1766 2902 1802 :
2934 1746 3076 1815 quod
3125 1747 3166 1800 si
3212 1748 3474 1801 malitiam

1920 1834 2157 1889 indicare
2203 1836 2504 1901 videantur,
2542 1847 2813 1890 mutemus
2859 1838 3204 1901 sententiam,
3249 1849 3301 1892 et
3351 1856 3474 1893 cum

1918 1926 2105 1979 eodem
2149 1926 2367 1979 Christo
2411 1928 2689 1991 dicamus,
2734 1928 2849 1980 Nisi
2892 1930 3121 1981 conversi
3162 1930 3382 1998 fueritis,
3427 1939 3475 1983 ct

1917 2016 2056 2083 ﬁalis
2087 2018 2215 2069 sicut
2248 2018 2489 2084 parvuli,
2523 2035 2624 2071 non
2670 2020 2932 2072 intrabitis
2971 2021 3025 2072 in
3068 2037 3281 2089 regnum
3328 2021 3476 2074 caelo—

1918 2106 2117 2158 rum".
2159 2106 2427 2175 Imprimis
2466 2106 2509 2158 si
2552 2106 2943 2161 recoluerimus
2988 2106 3307 2175 supplicium
3345 2107 3474 2161 illud

1916 2197 2210 2266 repositum
2235 2208 2421 2252 contra
2450 2213 2573 2251 eum
2599 2197 2689 2266 qui
2713 2197 3153 2251 scandalizaverit
3186 2199 3269 2250 vel
3308 2214 3475 2251 unum

1916 2304 1945 2342 e
1975 2289 2177 2357 pusillis
2205 2288 2482 2341 fratribus.
2510 2287 2565 2341 Si
2596 2298 2775 2342 autem
2822 2289 2876 2342 in
2905 2304 3050 2350 cum,
3081 2291 3170 2357 qni
3198 2290 3279 2342 vel
3308 2305 3477 2343 unum

1917 2394 1981 2432 ex
2027 2379 2129 2431 illis
2162 2379 2509 2444 scandalizet,
2546 2395 2703 2449 pmna
2743 2380 3087 2434 inexorabilis
3120 2381 3405 2451 irrogetur,
3432 2381 3479 2436 is

1917 2470 2007 2539 qui
2061 2486 2380 2525 concussam
2431 2471 2625 2525 evertit
2674 2471 2977 2525 universam
3027 2470 3337 2535 Ecclesiam,
3387 2488 3476 2526 re-

1918 2566 2070 2627 putet
2111 2559 2251 2628 apud
2286 2575 2342 2614 se
2378 2570 2507 2629 quot
2540 2575 2596 2615 se
2628 2562 2779 2615 malis
2818 2578 2965 2615 reum
2994 2561 3251 2616 involvit:
3280 2560 3478 2630 quibus

1918 2649 2049 2703 faxit
2081 2649 2238 2714 Deus,
2274 2660 2332 2704 ut
2361 2666 2523 2704 nemo
2560 2661 2803 2705 nostrum
2836 2657 2907 2705 sit
2934 2652 3223 2713 obnoxius,
3258 2651 3478 2705 Christo

1918 2756 2137 2795 manum
2200 2742 2515 2811 adjutricem
2585 2753 2639 2797 et
2713 2744 3091 2813 protectricem
3147 2744 3473 2814 porrigente.

1919 2834 2053 2888 Illud
2082 2842 2262 2889 autem
2298 2851 2634 2905 nequaquam
2675 2837 2791 2891 sine
2822 2837 3071 2907 lacrymis
3112 2837 3196 2891 vel
3236 2838 3351 2892 sine
3380 2839 3480 2892 do-

1919 2925 2031 2980 lore
2060 2926 2336 2988 sulferam,
2372 2927 2415 2979 si
2452 2926 2571 2979 illos
2614 2927 2858 2981 admittat
2906 2936 2962 2981 et
3004 2927 3071 2981 ad
3125 2942 3183 2981 se
3231 2928 3480 2996 recipiat.

1920 3031 2054 3084 quos
2081 3016 2328 3071 Christus
2371 3018 2537 3072 edicit
2592 3034 2697 3072 non
2735 3018 3109 3087 recipiendos,
3147 3018 3201 3071 in
3250 3033 3481 3087 quorum

1922 3123 2146 3162 numero
2177 3108 2363 3177 quidni
2391 3120 2446 3162 et
2475 3124 2574 3162 nos
2616 3109 2760 3177 ipsos
2808 3109 3007 3163 habet?
3040 3108 3195 3175 Quod
3248 3110 3295 3163 si
3349 3108 3482 3163 tales

1924 3196 2011 3251 ille
2046 3206 2266 3268 propter
2309 3207 2509 3253 metum
2550 3198 2716 3253 futuri
2747 3199 2935 3269 judicii
2966 3215 3075 3255 non
3104 3200 3348 3270 recipiat,
3381 3216 3482 3255 nos

1923 3290 2007 3343 vel
2038 3291 2369 3345 reluctantes
2404 3302 2461 3345 et
2501 3292 2653 3345 inviti
2698 3292 2954 3361 pietatem
3001 3293 3055 3347 in
3082 3294 3271 3360 Deum,
3320 3311 3481 3363 quam

1923 3393 2241 3452 praesentem
2268 3383 2531 3449 fovemus,
2559 3386 2823 3440 exculturi
2873 3401 3060 3440 sumus
3085 3404 3097 3440 :
3118 3390 3482 3443 verumenim-

1922 3490 2069 3539 vero,
2097 3476 2163 3529 de
2199 3476 2327 3539 Deo,
2376 3477 2458 3529 vir
2490 3476 2712 3545 optime,
2760 3478 2829 3531 de
2874 3477 2997 3543 (ide,
3034 3477 3216 3532 futuro
3256 3479 3479 3547 judicio,

1921 3564 1987 3617 de
2017 3565 2368 3630 conscientia,
2395 3568 2641 3630 veritate,
2683 3569 2948 3622 sententia
2996 3570 3266 3623 constanti
3306 3586 3482 3639 neque

1922 3656 2085 3719 ﬂuxa,
2111 3672 2165 3710 et
2209 3658 2479 3713 similibus
2524 3659 2656 3712 nihil
2687 3659 2923 3713 habeat:
2958 3659 3243 3714 dicendum
3284 3671 3366 3715 est
3399 3662 3477 3714 le-

1926 3750 2049 3803 theo
2087 3751 2344 3819 voragine
2373 3751 2689 3821 Charybden
2738 3751 2918 3805 omnia
2968 3752 3329 3807 absorbuisse.
3370 3753 3481 3822 Ego

1922 3851 2097 3896 autem
2154 3844 2404 3913 optarim,
2454 3854 2511 3898 ut
2557 3847 2886 3900 contrarium
2939 3862 3062 3901 cum
3113 3846 3328 3909 sentiat,
3365 3855 3481 3900 tum

1922 3936 2083 3988 etiam
2106 3936 2351 4004 loquatur
2383 3954 2394 3990 :
2433 3938 2505 3991 ita
2553 3946 2632 4000 ut,
2674 3938 2716 3992 si
2763 3954 2901 4008 quos
2938 3954 3044 3991 non
3079 3938 3287 4003 debuit,
3326 3937 3393 3991 ad
3422 3953 3483 3991 se

1924 4024 2165 4093 recipiat,
2227 4026 2363 4079 elata
2410 4041 2542 4079 voce
2582 4036 2636 4081 et
2687 4026 2828 4081 clara
2884 4035 3013 4081 tunc
3067 4041 3257 4080 omnes
3304 4026 3481 4080 accla-

1922 4130 2151 4179 memus,
2185 4132 2283 4170 nec
2305 4119 2590 4186 quisquam
2632 4118 2757 4171 inde
2790 4119 3108 4188 excipiatur,
3162 4133 3231 4171 ne
3260 4119 3480 4187 quidem

1922 4210 2099 4263 obstet
2130 4220 2411 4278 paternum
2460 4211 2787 4264 desiderium
2832 4210 2975 4279 quod
3024 4212 3201 4281 magni
3240 4210 3480 4264 solemus

1922 4300 2186 4354 aestimare
2221 4320 2233 4353 :
2271 4316 2375 4353 non
2434 4302 2519 4354 illa
2570 4302 2872 4356 reverentia
2916 4317 3076 4370 quam
3115 4303 3376 4356 docemur
3421 4302 3478 4357 in

1922 4401 2171 4458 parentes
2229 4406 2443 4461 semper
2500 4393 2758 4448 adhibere
2812 4413 2824 4447 :
2882 4410 2989 4449 non
3045 4395 3182 4448 alius
3250 4394 3481 4461 quilibet

264 4478 628 4533 εὐσεϐούντων
686 4481 961 4550 αίσχύνεις
1014 4482 1074 4534 τὸ
1124 4482 1440 4552 σύνταγμα;
1498 4484 1547 4536 τί
1604 4484 1658 4537 δὲ
1710 4484 1816 4537 τῶν
1850 4499 1941 4558 υι

1800 4503 1816 4536 ι
1850 4503 1892 4558 D
1922 4484 2114 4552 pudor,
2146 4499 2304 4552 quem
2338 4499 2527 4538 versus
2588 4486 2734 4538 illum
2788 4486 3165 4551 observamus;
3218 4487 3312 4542 sed
3363 4486 3477 4541 haec

262 4571 471 4639 ἐχθρῶν
494 4572 741 4641 ἐπαίρεις
768 4571 828 4624 τὸ
868 4573 1149 4642 φρόνημα;
1184 4574 1418 4627 Τοιαῦτα
1450 4575 1608 4627 αὑτὸν
1641 4576 1811 4643 ἔγωγε

264 4658 584 4722 σπουδάζειν
639 4662 834 4730 μᾶλλον
887 4663 953 4716 ἂν
990 4662 1246 4733 ήλπιζον,
1294 4666 1349 4717 εί
1378 4667 1430 4718 τί
1482 4684 1549 4737 με
1594 4670 1817 4739 παρολι-

263 4750 499 4803 σθαίνειν
549 4752 860 4821 ῄσθάετου,
919 4755 1030 4808 ἀλλ’
1077 4757 1189 4826 οὐχ’
1230 4752 1316 4809 οἷα
1353 4758 1480 4823 νῦν,
1521 4760 1817 4824 παιζόντων

262 4841 484 4907 γνώμας
546 4843 917 4912 μιμούμενος,
974 4844 1381 4915 διαπράττεται.
1448 4850 1710 4910 Ἦλπιζον
1763 4852 1817 4904 δέ

264 4932 500 4995 κάκεῖνο,
547 4933 621 4995 ὡς
664 4934 716 4984 εἷ
754 4936 837 4997 τίς
867 4953 996 4988 ποτε
1034 4938 1139 4989 τῶν
1181 4938 1387 5007 ἐχθρῶν
1416 4940 1615 5005 ταύτας
1652 4942 1817 4994 αὑτοῦ

258 5022 356 5083 τὰς
390 5022 568 5087 φωνὰς
608 5025 742 5093 πρὸς
782 5025 943 5078 αὑτὸν
974 5028 1270 5098 ἐτόλμησεν
1306 5030 1557 5097 ἀφεῖναι,
1606 5032 1816 5101 μυρίοις

259 5113 325 5165 ἂν
356 5116 517 5166 αὑτὸν
550 5115 755 5183 βάλλων
788 5117 1031 5182 ἐξεδίωξε
1056 5123 1169 5181 τοῖς
1196 5120 1386 5184 λίθοις,
1413 5122 1703 5176 ἀπατεῶνα
1725 5125 1819 5176 καὶ

259 5204 499 5273 ψεύστην
534 5204 673 5277 [καὶ]
724 5208 984 5271 τοιούτοις
1028 5208 1206 5277 λόγοις
1258 5211 1596 5266 διαπλύνων⁶
1639 5215 1820 5285 ἀνέχε-

262 5294 385 5346 σθαι
431 5296 538 5365 γάρ
596 5297 703 5348 τῶν
737 5297 909 5362 ἄλλως
943 5301 1089 5369 ἡμᾶς
1123 5302 1545 5366 ἐξουθενοῦντων
1591 5322 1819 5376 προστε-

258 5385 547 5453 ταγμένον,
592 5388 726 5441 ὅτιο
762 5390 856 5443 τοῦ
896 5392 1072 5459 πράου
1107 5394 1202 5445 καὶ
1242 5395 1520 5464 εἰρηνικοῦ
1557 5398 1814 5469 μαθηταὶ,

259 5476 338 5537 εἰς
365 5484 394 5523 P
442 5475 626 5529 πίστιν
657 5478 714 5529 δὲ
762 5479 1153 5549 ἐξυϐριζόντων
1194 5483 1368 5544 οὐδεὶς
1415 5484 1481 5537 ἂν
1528 5488 1816 5556 ἀνάσχοιτο

366 5608 405 5637 “
430 5608 614 5664 Matth.
638 5629 691 5677 ι,
716 5614 801 5669 16.
878 5616 919 5647 ⁸³
948 5615 1134 5671 Matth.
1168 5634 1319 5684 xvui,
1350 5619 1401 5673 5.

1921 4576 2101 4629 omnia
2155 4576 2461 4646 longissime
2515 4592 2543 4631 a
2600 4578 2755 4632 nobis
2788 4579 3145 4643 revolventes,
3199 4578 3345 4648 quod
3389 4579 3475 4633 di-

1914 4668 2123 4734 cebam,
2158 4678 2371 4723 extenta
2406 4685 2539 4725 voce
2573 4673 2923 4726 inclamemus
2951 4692 2961 4725 :
2994 4671 3060 4725 Mi
3094 4672 3273 4735 homo,
3306 4687 3471 4741 quor-

1914 4776 2033 4815 sum
2083 4761 2184 4814 ista
2237 4762 2309 4815 ita
2360 4764 2578 4832 patras?
2627 4778 2736 4832 quo
2780 4763 2991 4818 delatus
3039 4764 3189 4819 abis?
3242 4780 3339 4818 cur
3375 4778 3474 4833 per

1914 4848 2274 4918 ignorantiam
2306 4859 2358 4905 te
2401 4852 2456 4904 in
2502 4852 2737 4906 hostium
2791 4867 2984 4907 manus
3026 4854 3292 4923 conjicis?
3340 4854 3473 4923 quid

1914 4951 2099 4995 nostra
2130 4947 2424 4997 certamina
2472 4944 2613 4998 inter
2637 4954 2959 5014 nugamenta
2986 4947 3279 5001 numeras?
3304 4962 3473 5017 quor-

1914 5048 2031 5087 sum
2057 5034 2267 5102 piorum
2298 5050 2619 5089 consensum
2654 5036 2855 5091 foedas?
2884 5051 3141 5106 quorsum
3168 5038 3363 5093 attollis
3392 5041 3473 5097 sic

1917 5124 2138 5179 hostiles
2197 5126 2456 5194 spiritus?
2505 5125 2655 5181 Talia
2704 5143 2801 5197 ego
2847 5128 2921 5181 illi
2968 5129 3081 5183 fore
3132 5130 3271 5183 inter
3310 5145 3471 5187 curas

1915 5216 2114 5283 primas
2144 5216 2534 5281 existimabam,
2562 5219 2605 5271 si
2638 5218 2689 5271 in
2724 5219 2904 5288 aliquo
2945 5234 3030 5273 me
3071 5222 3469 5275 exorbitantem

1913 5305 2376 5373 deprehendisset,
2418 5310 2597 5377 potius
2624 5325 2783 5377 quam
2813 5318 2869 5364 ut
2910 5309 3248 5365 illudentium
3290 5320 3471 5381 gestus

1913 5398 2233 5453 imitaretur.
2288 5398 2599 5468 Sperassem
2652 5401 2895 5462 ulterius,
2948 5402 3091 5470 quod
3142 5402 3185 5455 si
3217 5401 3285 5456 de
3334 5403 3467 5456 meis

1914 5490 2150 5544 inimicis
2174 5491 2368 5560 aliquis
2398 5492 2514 5545 illas
2556 5492 2697 5563 ipsas
2726 5508 2887 5549 voces
2926 5493 3237 5563 protulisset
3284 5507 3465 5549 coram

1521 5734 1746 5789 \‘ARUE
1788 5734 2186 5792 LECTIONES.

332 5847 369 5875 ηε
399 5839 489 5895 καὶ
520 5839 574 5892 δὲ
606 5842 694 5895 καὶ
728 5841 873 5912 περί.
978 5854 1001 5882 ιι
1034 5844 1115 5897 ίσ.
1153 5846 1434 5913 ᾐσθάνετο.
1518 5861 1538 5885 υ
1576 5851 1655 5903 id.
1703 5850 1834 5905 ἔστι.

1917 5864 1940 5901 ν
1969 5854 2055 5907 id.
2088 5852 2270 5921 ἔσμεν.
