4248 6444
795 381 890 446 751

1911 379 2170 442 ΡΙΙΟΤῙΙ
2210 381 2711 442 ΡΛΤΒΙΑΗΟῘΙΕ
2750 383 2856 442 Cl‘.

3906 384 4034 447 752

793 498 933 564 ipso,
966 508 1084 563 qum
1113 499 1323 549 suntao
1356 492 1444 547 illo
1483 500 1772 563 usurpatae,
1807 491 2045 562 lapidum
2091 492 2210 546 illos
2244 492 2345 544 im-
2376 498 2419 553 Α
2449 494 2470 545 ἐ

2376 498 2419 553 Α
2449 494 2569 545 ἐπεὶ
2594 495 2702 546 -καὶ
2733 493 2892 556 αὐτὸς
2921 491 3085 547 τᾶλλα
3115 496 3304 562 πράως
3347 492 3528 562 φέρων
3555 494 3648 547 καὶ
3684 495 3757 566 μή
3800 493 4028 565 ἀμυνό-

794 587 888 638 bre
915 587 1182 639 obruisset
1210 594 1457 653 tanquam
1508 584 1873 653 deceptoreni,
1908 583 2242 645 mendacem,
2291 591 2342 636 et

2449 600 2638 653 μενος,
2673 583 2799 647 τούς
2829 600 2890 637 τε
2928 584 3032 638 τὸν
3061 584 3348 651 πατρικὸν
3389 579 3590 650 οἷκον,
3627 579 3794 646 οἷκον
3828 587 4028 655 ἐμπο-

791 673 1022 727 similem
1051 673 1310 728 conviciis
1332 673 1623 742 prolutum.
1655 671 1787 726 Nam
1820 687 1942 726 cum
1971 671 2265 726 habeamus
2290 671 2344 724 in
2438 693 2468 743 ι

2438 676 2574 743 ρίας
2604 674 2795 728 ποιεῖν
2819 674 3292 742 ἀπονοηθέντας,
3326 677 3462 745 μετὰ
3490 676 3724 747 σφοδρᾶς
3747 681 3846 747 τῆς
3889 681 4027 732 ἐπι-

792 765 1057 819 mandatis
1107 765 1227 820 illos
1263 765 1490 820 tolerare
1531 766 1621 835 qui
1668 779 1768 819 nos
1817 765 1949 818 alias
1979 763 2072 818 vili
2119 763 2340 823 faciunt,

791 866 1072 925 propterea
1100 857 1239 926 quod
1272 857 1418 912 illius
1449 857 1696 927 discipuli
1742 858 1934 919 simus,
1977 856 2069 925 qui
2113 855 2258 908 mitis
2292 863 2346 908 et

792 949 1048 1017 paciﬁcus
1094 959 1578 1013 commemoratur,
1611 959 1846 1004 attamen
1898 949 1986 1002 ille
2037 947 2345 1002 tolerandus

789 1058 898 1097 non
946 1054 1060 1105 est,
1111 1042 1202 1112 qui
1267 1042 1423 1096 ﬁdem
1480 1044 1867 1112 transgreditur
1921 1039 2282 1095 Christianam
2327 1056 2341 1091 :

787 1135 1035 1187 Christus
1081 1143 1228 1188 certe
1281 1134 1525 1202 ipsemet,
1560 1137 1650 1203 qui
1699 1135 1881 1187 omnia
1928 1133 1982 1186 in
2032 1147 2090 1186 se
2149 1132 2343 1186 delicta

786 1227 1136 1295 aequanimice
1167 1226 1376 1280 ferebat
1414 1241 1516 1280 nec
1549 1225 1906 1279 ulciscebatur
1928 1264 1941 1288 ,
1986 1224 2106 1278 illos
2142 1233 2341 1286 tamen.

796 1318 885 1385 qui
933 1319 1143 1370 domum
1192 1319 1273 1370 sui
1327 1317 1522 1380 Patris,
1565 1319 1776 1370 domum
1829 1318 2162 1370 reddiderant
2216 1334 2343 1369 cau-

785 1411 1112 1478 portantium,
1136 1425 1242 1462 non
1264 1409 1382 1462 sine
1413 1409 1546 1463 dura
1565 1419 1621 1463 et
1639 1409 1942 1463 vehementi
1974 1408 2342 1479 objurgatione

784 1504 986 1571 rjeetos
1019 1503 1142 1556 inde
1175 1504 1452 1568 deturbat;
1482 1514 1536 1558 et
1557 1519 1651 1558 eos
1684 1505 1772 1572 qui
1809 1505 1860 1556 in
1910 1502 2170 1572 Spiritum
2221 1519 2344 1556 san-

786 1606 934 1648 ctum
966 1611 1092 1649 suas
1123 1597 1331 1662 linguas
1357 1597 1710 1659 exacuebant,
1729 1596 1928 1664 duplici
1952 1596 2182 1649 condicit
2209 1610 2340 1648 con-

784 1687 1133 1748 ileuinationi,
1163 1687 1298 1755 ignis
1323 1688 1578 1739 nimirum
1621 1687 1674 1738 in
1724 1685 1926 1748 futuro,
1971 1695 2027 1739 et
2050 1687 2238 1738 esuriei
2289 1689 2340 1740 in

785 1780 1035 1847 pne-senti
1089 1779 1315 1839 saeculo,
1351 1794 1473 1832 cum
1513 1777 1824 1832 Judaaorum
1865 1779 2058 1833 civitas
2099 1778 2342 1834 funditus

784 1871 1189 1923 exscinilcretur
1213 1887 1227 1923 :
1255 1879 1311 1923 et
1361 1871 1488 1923 alibi
1524 1869 1898 1924 vehementius
1936 1871 2340 1926 excandescens

786 1962 1099 2028 pronuntiat
1141 1959 1375 2012 futuram
1410 1973 1504 2012 eos
1526 1974 1738 2028 poenam
1773 1974 1879 2012 non
1907 1973 2185 2023 evasuros,
2213 1961 2340 2014 liret

784 2050 944 2103 etiam
971 2049 1195 2102 ulterius
1223 2055 1544 2115 prznsentem
1585 2046 1836 2100 tulerant.
1881 2047 1986 2101 Sed
2031 2063 2150 2117 ego,
2197 2050 2338 2117 quod

781 2149 1023 2206 apparet,
1072 2138 1162 2207 qui
1209 2137 1492 2205 sperabam
1541 2137 1714 2200 aliter,
1765 2151 1851 2190 me
1887 2136 1952 2190 ad
1993 2140 2336 2192 enectionem

783 2247 876 2298 per
907 2233 1100 2284 {amem
1133 2230 1458 2283 refovebam.
1497 2228 1629 2293 Quis
1655 2243 1782 2300 ergo
1800 2245 1886 2283 me
1919 2229 2172 2283 thronum
2205 2247 2337 2284 con-

779 2323 1128 2376 scendentem
1163 2318 1674 2388 archiepiscomlem
1699 2356 1714 2380 ,
1747 2326 1801 2371 et
1834 2319 2216 2388 principatum,
2283 2321 2335 2373 in

782 2429 972 2467 manus
1007 2412 1258 2465 traditum
1288 2410 1454 2464 totius
1505 2417 1558 2464 et
1590 2409 1800 2462 consilii
1845 2419 1901 2464 et
1936 2411 2166 2465 actionis
2197 2413 2338 2464 reci-

783 2517 1018 2575 pientem
1047 2504 1295 2566 intuitus,
1322 2502 1400 2555 illi
1448 2501 1844 2556 insusurravit?
1891 2503 2155 2572 ejusmodi
2189 2506 2336 2558 enim

779 2613 901 2650 cum
923 2611 1082 2650 voces
1129 2605 1243 2649 tum
1286 2594 1689 2664 disquisitiones
1733 2595 1909 2664 impia:
1957 2606 2102 2661 sunt,
2132 2605 2188 2650 et
2211 2610 2335 2666 erga

778 2690 897 2743 illos
930 2687 1249 2742 adhibenda:
1277 2694 1426 2748 sunt,
1471 2686 1564 2754 qui
1605 2685 1952 2740 moderamen
1994 2695 2049 2740 et
2097 2687 2336 2742 habenas

777 2779 1152 2850 gubernandas
1177 2777 1455 2847 splendide
1479 2787 1533 2831 et
1566 2777 1762 2832 illustri
1785 2778 1945 2832 modo
1970 2789 2331 2848 acceperunt:

777 2883 830 2927 et
864 2873 955 2941 qui
1004 2873 1058 2926 in
1096 2872 1297 2927 bonum
1340 2872 1615 2942 publicum
1667 2871 1865 2925 throno
1907 2871 2246 2939 praesident:
2281 2881 2337 2925 et

777 2964 869 3016 ubi
901 2963 968 3017 ad
1017 2979 1189 3035 genua
1227 2964 1496 3033 provoluti
1543 2962 1938 3031 abjiciebantur
1984 2964 2332 3032 ptenitentes,

774 3057 864 3124 qui
912 3055 1157 3109 tellurem
1204 3055 1564 3121 lacrymarum
1620 3054 1750 3108 rivis
1804 3054 2120 3125 irrigabant,
2158 3069 2221 3109 ac
2265 3054 2332 3109 ad

773 3148 1093 3202 movendam
1146 3147 1570 3201 misericordiam
1620 3148 1784 3199 multa
1835 3145 2233 3215 loquebantur:
2271 3161 2402 3239 acC

773 3246 860 3314 qui
892 3245 957 3299 ad
981 3245 1141 3298 linem
1168 3260 1337 3313 usque
1359 3259 1455 3313 pro
1483 3242 1709 3296 veritate
1733 3251 1787 3295 et
1825 3242 2026 3295 virtute
2055 3250 2329 3295 certamen

775 3338 967 3390 initum
1017 3337 1356 3389 sustinebant
1403 3333 1816 3403 splendentibus
1852 3331 2067 3386 coronis
2111 3331 2333 3387 lemnis-

772 3430 875 3485 cati
903 3429 1091 3486 sedent
1124 3442 1246 3480 cum
1277 3426 1491 3480 Christo
1520 3425 1877 3494 judicantium
1908 3423 2084 3478 sortiti
2133 3424 2330 3487 locum,

771 3537 1001 3590 quorum
1028 3535 1300 3575 nonnemo
1339 3517 1405 3573 ad
1464 3516 1954 3572 commiserandum
1999 3532 2333 3588 congeneres

770 3615 870 3668 sibi
923 3613 1170 3666 feruntur
1204 3631 1216 3663 :
1249 3611 1465 3679 quidam
1537 3609 1626 3663 alii
1679 3607 1948 3676 aequitatis
2004 3609 2206 3663 nullam
2247 3611 2330 3665 vcl

769 3705 1042 3760 canonica:
1086 3705 1364 3774 potestatis
1413 3703 1677 3757 rationem
1735 3703 2021 3765 habentes,
2073 3703 2168 3756 sed
2213 3713 2331 3756 tan-

769 3813 928 3866 quam
968 3797 1058 3865 qui
1100 3796 1325 3864 justitia:
1369 3795 1558 3849 oculos
1610 3797 1676 3849 ad
1714 3795 2013 3850 faciendam
2061 3795 2326 3864 justitiam

769 3905 1064 3959 provocare
1099 3888 1298 3941 vellent
1332 3906 1343 3940 :
1375 3896 1523 3942 certe
1559 3903 1696 3956 opus
1719 3896 1800 3941 est
1846 3897 1904 3941 ut
1955 3889 2061 3951 hic,
2098 3887 2187 3942 hic
2240 3887 2327 3941 in-

767 3993 950 4046 quam,
992 3981 1035 4031 si
1067 3977 1286 4038 alicubi,
1325 3978 1447 4030 talia
1475 3978 1691 4031 obtendi
1723 3977 1975 4040 debeant,
2017 3979 2159 4048 apud
2205 3977 2328 4034 illos

770 4071 1087 4139 prmertim,
1116 4071 1206 4136 qui
1247 4070 1299 4122 in
1354 4069 1444 4122 illo
1491 4069 1680 4123 ordine
1729 4069 2139 4123 constituuntur
2169 4088 2183 4124 :
2215 4085 2324 4123 non

770 4162 819 4208 in
854 4158 956 4211 vita
988 4157 1260 4226 praesenti,
1291 4172 1397 4209 non
1430 4158 1568 4226 apud
1600 4172 1694 4211 eos
1722 4160 1812 4227 qui
1847 4157 2007 4220 fame,
2039 4175 2184 4213 nunc
2212 4160 2323 4223 siti,

767 4249 1029 4301 custodiis
1074 4257 1128 4300 et
1183 4247 1440 4300 miserum
1464 4247 1679 4316 quidem
1730 4249 1783 4300 in
1840 4247 2058 4301 modum
2100 4247 2326 4301 interci-

768 4342 1008 4405 piuntur,
1042 4337 1239 4390 devita
1297 4352 1392 4390 sua
1452 4337 1836 4404 periclitantes.
1896 4337 1974 4390 Ad
2014 4337 2132 4390 illos
2179 4337 2324 4390 enim

766 4435 974 4496 spectat
1006 4428 1296 4496 deputatus
1341 4427 1565 4495 justitiat
1619 4425 1787 4488 locus,
1827 4425 2038 4493 judicii,
2067 4428 2325 4480 condem-

766 4521 1025 4584 nationis,
1058 4520 1393 4574 remissionis
1425 4529 1636 4587 tempus
1670 4534 1866 4583 nempe
1895 4517 2134 4571 futurum
2167 4508 2321 4583 illud,
2357 4513 2399 4566 D

765 4625 818 4664 ('l
845 4627 950 4665 non
985 4613 1083 4666 hoc
1111 4626 1370 4681 prmsens.
1407 4613 1520 4675 Ast,
1550 4626 1582 4664 ο
1623 4620 1677 4664 tu
1724 4611 1865 4663 bone
1897 4612 1980 4663 vir
2023 4621 2077 4664 et
2137 4610 2323 4664 bellis-

765 4709 924 4766 sime,
961 4704 1005 4757 si
1068 4704 1362 4773 reeipiendi
1416 4719 1520 4756 non
1571 4713 1718 4766 sunt,
1771 4703 1959 4773 quidni
2029 4712 2081 4757 te
2128 4703 2324 4771 pudeat

764 4810 887 4847 rum
937 4794 1040 4848 illis
1077 4795 1498 4847 connumeiari?
1547 4803 1601 4846 et
1641 4810 1762 4848 eum
1807 4795 1982 4863 possis
2034 4804 2324 4848 coronatus

765 4900 1099 4954 comparere,
1118 4900 1242 4939 cum
1262 4886 1487 4954 captivis
1511 4886 1664 4940 malis
1694 4887 1967 4956 aggregari
2009 4905 2019 4938 :
2050 4901 2145 4957 per
2176 4902 2322 4940 som-

769 4977 916 5028 nium
947 4977 1174 5030 aliorum
1215 4977 1605 5032 humanitatem
1642 4980 1861 5034 laudare
1884 5020 1897 5040 .
1921 4994 2043 5034 cum
2068 4980 2141 5033 sis
2164 4979 2321 5048 longe

762 5069 828 5120 ab
863 5068 950 5120 illa
994 5069 1197 5122 ccelesti
1247 5069 1546 5135 nobilitate,
1581 5083 1634 5125 et
1678 5072 1842 5125 libera
1883 5073 2192 5126 conditione
2234 5086 2321 5123 se-

764 5169 961 5221 motus,
1005 5162 1168 5214 etiam
1226 5171 1281 5214 et
1319 5163 1635 5229 proditionis
1695 5164 1836 5217 illius
1907 5180 2050 5217 reus.
2087 5163 2319 5217 Verum-

764 5262 942 5302 tamen
980 5251 1022 5303 si
1060 5265 1182 5302 cum
1235 5251 1340 5303 illis
1385 5256 1594 5306 censeri
1660 5269 1767 5307 non
1830 5254 2109 5309 ferebatur
2142 5264 2320 5322 turpe,

763 5341 1216 5410 cognoscatquod
1249 5354 1495 5397 versatur
1545 5347 1685 5415 apud
1732 5346 1850 5403 illos
1893 5348 2092 5407 animo,
2125 5362 2154 5400 a
2187 5363 2323 5415 quo—

759 5449 878 5486 rum
912 5433 1021 5486 vita
1054 5435 1312 5488 abhorret
1355 5446 1408 5489 et
1453 5439 1796 5501 actionibus,
1852 5449 1907 5491 ct
1961 5440 2106 5491 illum
2147 5439 2322 5491 hono-

761 5534 840 5577 rat
863 5540 1097 5595 gregem,
1126 5526 1209 5576 cui
1241 5528 1338 5594 pro
1398 5530 1702 5596 pastoribus
1759 5531 1914 5599 lupos
1947 5543 2180 5599 prie-esse
2211 5543 2322 5596 pra:

2443 767 2717 834 τιμήσεως
2755 765 2962 818 ἐκεῖθεν
3003 765 3282 834 ἀπήλασεο
3318 766 3412 817 καὶ
3457 764 3581 827 τοὺς
3626 767 3706 828 είς
3737 766 3800 818 τὸ
3851 767 4025 834 ἅγιον

2446 855 2667 926 Πνεῦμα
2685 854 2781 926 τὴν
2800 855 3049 922 γλῶσσαν
3069 855 3371 920 όξύνοντας,
3398 857 3588 927 διπλὴν
3609 856 3708 925 τὴν
3733 859 4024 926 τιμωρίαν

2444 945 2908 1017 ὰπειλησάμενος,
2959 947 3128 1018 πυρὸς
3180 946 3276 1017 μὲν
3319 947 3551 1001 ἐνταῦθα
3603 950 3693 1000 καὶ
3733 949 4023 1017 μαχαίρας

2443 1039 2600 1108 ἔργον
2629 1041 2722 1092 καὶ
2745 1039 2902 1108 λιμοῦ
2931 1040 3030 1108 τὴν
3058 1039 3210 1093 πόλιν
3237 1039 3533 1110 αύτανδρον
3562 1042 3874 1110 ἐποιήσατο,
3914 1042 4025 1093 καὶ

2443 1130 2539 1202 τὴν
2575 1131 2871 1200 μέλλουσαν
2901 1131 2957 1184 δὲ
2988 1132 3048 1184 ού
3078 1132 3414 1201 διεκφυγεῖν,
3450 1130 3517 1184 δι’
3557 1125 3633 1186 ὧν
3669 1132 3765 1202 τὴν
3797 1132 4024 1202 παροῖρ⁴

2446 1241 2544 1277 σαν
2578 1227 2714 1294 μετὰ
2743 1225 2942 1295 πολλῆς
2978 1225 3075 1292 τῆς
3104 1225 3271 1297 ὀργῆς
3302 1225 3612 1295 ἐξήνεγκεν,
3641 1224 4018 1279 ἐπιστώσατο.

2457 1318 2593 1371 Ἀλλ’
2619 1316 2728 1385 ἐγὼ
2756 1317 2856 1387 μὲν
2876 1318 3150 1381 τοιαύταις
3179 1318 3390 1371 ἐλπίσιν
3417 1317 3670 1387 ἐμαυτὸν,
3699 1316 3774 1380 ὡς
3804 1317 4017 1381 ἔοικεν,

2444 1412 2522 1472 είς
2573 1411 2727 1480 λιμὸν
2778 1408 3040 1479 ἔτρεφονο
3089 1409 3174 1472 τίς
3211 1426 3337 1462 ποτε
3381 1409 3439 1463 δὲ
3491 1410 3596 1479 ἄρα
3639 1407 3746 1458 τῶν
3797 1406 4019 1476 θρόνων

2445 1500 2737 1564 ἐπιϐάντας
2778 1501 2925 1570 ἡμᾶς
2973 1500 3081 1554 τῶν
3118 1499 3549 1571 ἀρχιερατικῶν,
3583 1500 3675 1552 καὶ
3725 1498 3786 1550 τὸ
3837 1499 4020 1568 κύρος

2443 1591 2657 1660 ἁπάσης
2706 1591 2957 1661 πράξεως
3005 1591 3099 1644 καὶ
3155 1591 3461 1662 βουλήσεως
3518 1589 3962 1660 ἐγχειρισθέντας
3993 1629 4011 1651 ο

2442 1681 2590 1751 αύτῷ
2649 1685 3053 1754 κατεμήνυσεν;
3115 1684 3171 1734 αἱ
3230 1684 3338 1752 γὰρ
3391 1681 3637 1737 τοιαῦται
3675 1684 3850 1752 φωναὶ
3909 1683 4016 1734 καὶ

2444 1773 2698 1846 ζητήσεις
2724 1775 2974 1844 ἀνίαραι,
3017 1774 3111 1828 καὶ
3137 1773 3220 1826 δεῖ
3253 1785 3280 1824 (ι
3311 1791 3452 1827 τισιν
3498 1774 3665 1838 αὑτὰς
3697 1775 3834 1837 ὅλως
3865 1791 4014 1844 προ⁶

2440 1868 2729 1935 τείνεσθαι,
2762 1870 2872 1930 τοῖς
2901 1867 2998 1930 τὰς
3023 1867 3182 1936 ήνίας
3215 1866 3483 1938 λαμπρῶς
3512 1866 3613 1936 ήδη
3649 1869 3739 1919 καὶ
3765 1884 4016 1938 περιφα-

2441 1961 2545 2022 νῶς
2597 1959 2697 2028 τῆς
2739 1959 2910 2029 ἀρχῆς
2943 1959 3326 2028 ἐπανειληφόσι
3350 2000 3364 2024 ,
3393 1958 3487 2011 καὶ
3532 1959 3624 2010 ἐπὶ
3653 1957 3833 2011 κοινοῦ
3867 1975 4014 2028 προσ

2440 2053 2822 2122 καθεζομένοις
2848 2051 2938 2106 τοῦ
2978 2052 3215 2122 βήματος
3237 2068 3249 2080 ·
3294 2052 3517 2105 καὶτῶν
3552 2052 3649 2122 μὲν
3676 2053 4007 2122 ἡμαρτηκό-

2437 2161 2545 2198 των
2587 2145 2680 2198 ὲπὶ
2711 2146 2840 2213 γόνυ
2889 2147 3194 2215 κειμένων,
3227 2146 3319 2198 καὶ
3350 2145 3568 2210 πολλοῖς
3611 2146 3709 2216 μὲν
3754 2145 3855 2216 τὴν
3901 2144 4014 2214 γῆν

2437 2236 2666 2306 δάκρυσι
2718 2234 3054 2306 βρεχόντων,
3090 2236 3262 2289 πολλὰ
3303 2237 3358 2288 δέ
3403 2237 3495 2290 ἐπὶ
3528 2237 3661 2307 ἐλέῳ
3693 2236 3966 2305 λεγόντων
3990 2251 4008 2266 ο

2435 2326 2547 2380 τῶν
2595 2326 2651 2379 δὲ
2685 2327 2848 2397 μέχρι
2878 2326 3064 2389 τέλους
3107 2325 3206 2396 τῆς
3242 2326 3440 2397 ἀρετῆς
3485 2327 3704 2397 καὶτῆς
3743 2325 4013 2397 ἀληθείας

2437 2415 2891 2486 ύπερηθληκότων
2923 2417 3057 2485 μετὰ
3095 2415 3362 2487 λαμπρῶν
3396 2416 3505 2470 τῶν
3550 2418 3828 2484 στεφάνων
3875 2433 4015 2484 συγ-

2436 2509 2817 2577 καθεζομένων
2840 2547 2855 2572 ,
2899 2508 2993 2562 καὶ
3029 2507 3138 2560 τῶν
3167 2508 3434 2562 δικαστῶν
3477 2507 3577 2578 τὴν
3602 2509 3756 2575 τάξιν
3784 2508 4012 2573 διακλη-

2437 2601 2733 2669 ρουμένων,
2764 2599 2859 2652 καὶ
2884 2599 2992 2653 τῶν
3017 2601 3114 2670 μὲν
3139 2601 3229 2652 ἐπὶ
3255 2598 3586 2671 συγγνώμην
3607 2601 3700 2654 τοῦ
3725 2601 4008 2671 όμοφυοῦς

2437 2690 2880 2760 ὑποφερομένων,
2924 2689 3033 2741 τῶν
3071 2688 3126 2741 δὲ
3165 2689 3257 2741 τοῦ
3291 2691 3405 2742 τσου
3449 2693 3542 2743 καὶ
3581 2691 3678 2760 τῆς
3709 2693 4005 2759 κανονικῆς

2435 2783 2753 2846 αύθεντείας
2788 2783 2952 2853 μηδὲν
2984 2783 3310 2853 ἐπιπροσθέν
3346 2782 3685 2852 ποιουμένων
3709 2823 3724 2847 ,
3767 2781 3883 2835 ἀλλ’
3914 2776 4008 2835 οἷα

2435 2876 2589 2946 δίκης
2636 2876 2951 2946 ὀφθαλμοὺς
3003 2877 3083 2940 είς
3111 2877 3211 2946 τὴν
3248 2877 3341 2928 τοῦ
3385 2876 3594 2929 δικαίου
3631 2875 3794 2943 φύσιν
3825 2876 4006 2928 πάντα

2436 2968 2983 3039 καταρῤυθμιζόντων
3007 2983 3020 2997 ·
3049 2969 3168 3021 τότε
3205 2968 3282 3031 δὲ,
3341 2968 3496 3033 τότε,
3537 2968 3586 3020 εί
3636 2967 3793 3037 θέμις
3833 2968 4002 3028 ποτέ,

2435 3058 2618 3130 χώραν
2665 3059 2780 3128 εχει
2804 3059 2872 3113 τὰ
2898 3058 3125 3113 τοιαῦτα
3155 3060 3563 3130 προτείνεσθαι,
3597 3059 3692 3112 καὶ¹
3719 3061 3828 3114 τοῖς
3856 3059 4006 3111 ἐκεί-

2436 3168 2532 3222 νην
2564 3152 2662 3222 τὴν
2690 3150 2841 3222 λῆξιν
2867 3151 3262 3204 καταλαὸοῦσιν
3284 3167 3296 3180 ·
3327 3151 3441 3207 ἀλλ’
3473 3152 3594 3221 οὐχὶ
3616 3151 3710 3204 νῦν
3738 3150 3857 3203 οὐδὲ
3889 3153 4005 3212 τοῖς

2434 3243 2578 3313 λιμῷ
2605 3243 2698 3295 καὶ
2724 3243 2886 3312 δίψει,
2914 3243 3008 3297 καὶ
3035 3243 3324 3311 φυλακαῖς,
3351 3244 3445 3298 καὶ
3473 3245 3692 3314 μυρίαις
3716 3244 4003 3298 ἐναθλοῧσι

2434 3335 2851 3404 ταλαιπωρίαις,
2900 3337 2996 3388 καὶ
3024 3335 3114 3388 τὸν
3149 3335 3279 3404 περί⁷
3308 3335 3484 3405 ψυχῆς
3515 3337 3702 3404 ἀγῶνα
3741 3337 3956 3406 ἔχουσιν
3983 3353 3997 3367 ·

2433 3426 2661 3489 ἐκείνοις
2704 3427 2810 3496 γὰρ
2839 3429 2867 3480 ό
2910 3427 3039 3497 περὶ
3073 3427 3306 3498 κρίσεως
3343 3430 3437 3483 καὶ
3476 3429 3856 3499 κατακρίσεως
3904 3429 4001 3481 καὶ

2433 3516 2679 3586 ἀφέσεως
2734 3515 2911 3585 λόγος,
2964 3521 3058 3570 καὶ
3103 3519 3132 3570 ό
3177 3517 3368 3587 καιρὸς
3409 3520 3647 3583 ἐκεῖνος,
3683 3518 3800 3571 ἀλλ’
3838 3518 3938 3588 ούχ
3972 3519 4002 3568 ό

2432 3608 2643 3679 παρὼν,
2681 3608 3023 3678 ἀφορίζεται.
3067 3609 3228 3671 Ἀλλ’,
3256 3604 3301 3663 ὦ
3329 3609 3459 3662 καλέ
3488 3612 3582 3663 καὶ
3619 3611 3811 3678 άγαθέ,
3837 3612 3886 3662 εί
3924 3612 4001 3681 μὴ

2429 3701 2511 3753 δεῖ
2537 3701 2810 3769 δέχεσθαι,
2837 3700 2955 3763 πῶς
2978 3701 3079 3754 ούκ
3101 3701 3335 3776 αίσχύνῃ
3368 3703 3482 3770 μετ’
3513 3703 3737 3756 ἐκείνων
3768 3706 3999 3757 συντάτ-

2430 3792 2655 3859 τεσθαι;
2685 3793 2781 3845 καὶ
2801 3793 2920 3845 ἐνὸν
2952 3794 3356 3865 στεφανηφόρον
3375 3793 3629 3864 ὀφθῆναι,
3657 3798 3768 3858 τοῖς
3795 3798 3999 3865 αίχμαο

2430 3884 2618 3948 λώτοις
2642 3885 3102 3954 ἐγκαταλέγεσθαι
3124 3901 3140 3952 ;
3170 3888 3261 3938 καὶ
3285 3885 3382 3956 τὴν
3407 3885 3610 3955 ἐτέρων
3635 3887 3999 3955 ὀνειροπολεῖν

2430 3976 2863 4047 φιλανθρωπίαν,
2898 3976 3000 4046 τῆς
3019 3976 3221 4031 ἄνωθεν
3253 3977 3528 4046 εὐγενείας
3557 3978 3649 4030 καὶ
3685 3978 3999 4048 ἐλευθερίας

2429 4065 2633 4136 γυμνὸν
2679 4067 2773 4119 καὶ
2812 4066 3078 4137 προδότην
3124 4066 3311 4119 ἐαυτὸν
3357 4068 3818 4137 καταστήσανταο
3865 4071 3914 4120 εί
3952 4069 3996 4120 δ’

2426 4158 2526 4210 οὐκ
2551 4155 2775 4227 αἰσχρὸν
2805 4159 2988 4226 ήγείτο
3026 4157 3436 4223 συντάττεσθαι,
3467 4157 3596 4220 ῐσθι,
3635 4159 3733 4210 σὺν
3765 4159 3998 4221 ἐκείνοις

2427 4247 2504 4300 ὢν
2549 4252 2613 4318 τῇ
2647 4248 2875 4318 γνώμῃ,
2908 4241 2983 4302 ὧν
3016 4247 3238 4319 ἔξαρνος
3271 4247 3535 4318 ὑπάρχεις
3575 4248 3675 4318 τῆς
3706 4250 3992 4319 πράξεως·

2428 4341 2515 4391 καὶ
2557 4341 2772 4409 ἐκείνην
2815 4339 2993 4410 τιμῶν
3019 4341 3117 4408 τὴν
3146 4339 3379 4409 ἀγέλην,
3421 4335 3491 4408 ἦς
3523 4341 3641 4392 ἀντὶ⁵
3675 4341 3950 4409 ποιμένων
3973 4352 3994 4378 ι’

2426 4431 2621 4493 λύκους
2657 4432 2834 4499 λέγεις
2867 4429 3228 4502 προΐστασθαι
3253 4447 3267 4460 ·
3297 4433 3343 4482 εί
3376 4429 3641 4500 βούλειδέ
3669 4431 3764 4483 καὶ
3789 4431 3900 4484 τῶν
3936 4435 3994 4485 ὲν

2427 4523 2561 4592 αύτῇ
2588 4525 2742 4576 ἐνίων
2771 4523 2932 4576 πλέον
2957 4522 3162 4590 ταύτην
3191 4521 3492 4590 περιέπεις.
3526 4520 3592 4574 Εἴ
3624 4523 3688 4589 γέ
3713 4540 3860 4586 τινες
3897 4527 3995 4592 μὲν

2429 4616 2638 4678 αὐτῶν,
2691 4614 2868 4667 καίτοι
2926 4613 3138 4684 σώματι
3195 4613 3477 4676 συνόντες,
3535 4613 3630 4666 τοῦ
3693 4615 3994 4678 συνειδότος

2429 4708 2627 4769 αὐτοὺς
2669 4706 3050 4769 στασιάζοντος
3087 4705 3207 4767 ταῖς
3235 4703 3501 4773 γνώμαις.
3545 4707 3692 4774 ὅμως
3737 4705 3993 4768 ὀκλάζου-

2433 4816 2551 4851 σιν·
2604 4798 2666 4852 σὺ
2698 4798 2754 4852 δὲ
2795 4798 2890 4851 καὶ
2932 4797 3039 4867 πρὸ
3078 4797 3169 4851 τοῦ
3227 4797 3564 4867 συναφθῆναι
3615 4798 3694 4868 τῷ
3743 4801 3988 4869 σώματι,

2431 4892 2704 4959 λογισμοῖς
2740 4890 2833 4942 καὶ
2871 4890 3067 4961 γνώμῃ
3115 4888 3432 4953 σπουδάζεις
3485 4891 3888 4944 συνάπτεσθαι·
3932 4896 3991 4945 το

2429 4980 2558 5048 γοῦν
2609 4981 2707 5050 τῆς
2741 4981 2986 5050 συναφῆς
3030 4981 3309 5045 ἐλλεῖπον,
3348 4981 3522 5035 δειλία
3565 4984 3664 5035 ούκ
3707 4984 3986 5044 εὐσέϐεια.

2427 5072 2655 5140 αἰσχύνη
2692 5072 2753 5123 ού
2788 5073 3125 5142 προαίρεσις.
3156 5073 3250 5136 Τίς
3276 5072 3368 5126 οὖν
3394 5073 3422 5125 ὁ
3450 5073 3768 5144 δεχόμενος,
3804 5079 3832 5128 ὀ
3865 5078 3988 5146 μηδ’

2426 5165 2555 5233 ὄναρ
2590 5164 2749 5216 τοῦτο
2782 5165 3251 5234 παραδεξάμενος·
3295 5166 3326 5235 ἢ
3363 5166 3443 5228 ὃς,
3475 5168 3558 5218 ὅτι
3593 5168 3665 5238 μή
3699 5170 3862 5237 μέχρι
3897 5169 3988 5220 νῦν

2424 5257 2557 5324 πρὸς
2604 5257 2846 5319 ἐκείνους
2876 5257 3131 5309 ἀπέκλινε
3156 5298 3170 5320 ,
3219 5258 3297 5328 τῷ
3337 5259 3487 5328 φόϐῳ
3517 5259 3618 5328 τήν
3649 5260 3829 5312 αἰτίαν
3867 5263 3987 5313 ἀνέ-

2424 5347 2556 5413 θηκε
2578 5385 2592 5404 ,
2632 5347 2726 5399 καὶ
2765 5350 2825 5399 τὸ
2860 5348 2955 5400 σὺν
2995 5351 3106 5410 τοῖς
3151 5348 3364 5419 ἐχθροῖς
3396 5349 3855 5418 καταισχύνεσθαι
3878 5393 3892 5414 ,
3923 5351 3985 5403 ἂν

2428 5439 2502 5505 μὴ
2531 5437 2604 5506 δῷ
2631 5437 2730 5507 τὴν
2755 5438 2911 5507 δίκην
2937 5439 3180 5508 ὕστερον,
3213 5443 3467 5510 κρεῖσσον
3491 5442 3704 5510 ἡγεῖται
3729 5440 3822 5493 τοῦ
3851 5444 3983 5508 μετὰ

2421 5531 2526 5581 τῶν
2559 5531 2774 5583 οἰκείων
2826 5532 3001 5585 διόλου
3048 5532 3461 5602 θαυμάζεσθαι·
3501 5535 3549 5585 εἰ
3599 5535 3671 5602 μὴ
3719 5533 3798 5586 δεῖ
3833 5535 3980 5602 δέχε-

2039 5687 2266 5742 VARIA‘I
2309 5685 2598 5744 LECTION
2610 5689 2708 5745 ES.

828 5806 853 5841 ιι
894 5795 978 5845 Et)".
1017 5797 1064 5846 εἰ
1098 5795 1209 5846 καί.
1297 5805 1311 5829 ⁷
