4248 6444
309 408 415 469 τ53

1450 414 1981 476 EPISTOLARUM
2019 415 2246 477 LIBER
2284 417 2335 477 Ι.

3411 416 3516 481 πει

312 521 461 583 σθαι,
492 520 575 582 τίς
599 519 665 573 ἀν
691 520 1002 591 δεξάμενος,
1033 522 1154 575 ἀντὶ
1184 520 1277 574 τοῦ
1307 521 1485 574 δοκεῖν
1507 525 1748 594 ἐτέρους,
1774 522 1867 587 οὓς
1897 532 1942 585 Α
1969 540 1989 578 s

1839 542 1867 587 ς
1897 532 1942 585 Α
1969 540 2027 579 se
2052 527 2224 592 palam
2247 526 2369 581 fert.
2400 523 2546 589 Quos
2570 524 2740 579 multo
2772 524 2943 595 magis
2960 523 3144 580 fovere
3165 527 3516 596 comperitur,

309 610 412 663 οὐκ
443 609 617 675 ἔξεστι
643 610 922 680 δέχεσθαι,
958 612 1159 680 μᾶλλον
1184 612 1374 665 ἐαυτὸν
1395 614 1620 676 ἐκείνοις
1649 617 1710 667 ού
1742 632 1868 667 συν-

310 701 657 768 απολέσειεν;
688 703 746 754 ού
775 703 887 773 γὰρ
915 702 983 755 τά
1010 704 1229 773 ῥήματα
1251 703 1447 773 βελτιοῖ
1488 704 1587 769 τὰς
1620 706 1866 776 πράξεις,

309 791 403 842 διὰ
434 791 491 844 δὲ
539 793 649 846 τῶν
680 792 857 863 ἔργων
899 796 1211 849 συνίσταται
1239 797 1334 849 καὶ
1369 798 1438 851 τά
1466 799 1706 868 ῥήματα.
1736 793 1868 852 Εἶτα

312 879 381 932 ἀν
404 898 490 946 τις
520 882 643 935 ἰδὼν
664 883 885 954 λῃστὰς,
912 886 945 955 ἢ
970 887 1175 941 πόλεων
1204 888 1487 957 προδότας,
1522 889 1624 942 ὑπὸ
1647 890 1866 943 πάντων

316 970 418 1038 μὲν
442 971 914 1045 βδελυσσομένους,
946 978 1083 1031 πᾶσι
1097 978 1153 1030 δέ
1177 978 1612 1048 μυσαττομένους
1633 995 1649 1011 ο
1679 979 1868 1034 ἔπειτα

315 1061 481 1124 αὐτὸς
507 1062 711 1117 τούτων
735 1066 869 1129 τέως
889 1068 1125 1136 καθαρὸς
1152 1069 1432 1139 ὑπάρχων,
1455 1074 1863 1143 φαντασιοκοπῇ

314 1154 416 1206 καὶ
447 1154 593 1222 λέγοι
643 1158 779 1227 πρὸς
826 1159 918 1212 τὸν
946 1162 1252 1231 κρατοῦντα
1278 1163 1406 1225 τοὺς
1433 1163 1647 1233 νόμους,
1690 1165 1740 1216 ει
1774 1164 1870 1232 μέν

317 1244 412 1306 οὓς
458 1247 808 1321 ἀναιρεθῆναι
841 1252 995 1315 δέον,
1039 1253 1260 1317 τούτους
1307 1254 1687 1325 ἀτιμωρήτους
1737 1255 1868 1326 ἐᾷς,

314 1338 369 1389 τί
413 1340 487 1407 μὴ
519 1340 712 1393 θᾶττον
749 1342 991 1415 λῃστεύω
1033 1347 1127 1398 καὶ
1175 1346 1437 1417 προδότης
1484 1346 1734 1416 γίνομαι,
1786 1348 1872 1401 ινα

318 1430 652 1501 συγγνώμης
682 1436 829 1504 τύχω
853 1452 867 1467 ο
900 1436 967 1489 ἂν
995 1437 1050 1489 δέ
1080 1436 1235 1507 δίκην
1264 1438 1498 1509 ἀπαιτῇς
1518 1478 1533 1503 ,
1568 1439 1715 1509 φόὸῳ
1742 1439 1872 1492 ταύ-

316 1539 441 1589 της,
480 1524 717 1587 ἐκείνους
747 1526 808 1579 ού
852 1529 1159 1598 μιμήσομαι
1182 1544 1196 1560 ·
1236 1527 1303 1581 ἂν
1341 1528 1433 1582 οὖν
1472 1546 1556 1593 τις
1588 1530 1872 1600 παρελθὼν

316 1610 546 1664 τοιαῦτα
579 1612 746 1681 λέγοι,
779 1613 866 1686 ἄρ’
897 1617 1042 1669 ἐστιν
1080 1618 1228 1682 ὅστις
1256 1620 1357 1672 οὐκ
1384 1620 1450 1673 ἀν
1481 1620 1647 1674 αὐτοῦ
1694 1638 1872 1692 παρα-

320 1705 495 1775 φορὰν
514 1705 609 1757 καὶ
633 1706 941 1776 ἀρρωστίαν
965 1709 1210 1779 γνώμης,
1242 1711 1335 1763 καί⁵
1355 1710 1523 1780 μυρία
1551 1709 1686 1764 ἄλλα
1705 1728 1873 1765 κατα-

1966 631 2127 685 quam
2151 631 2339 671 eorum
2370 616 2657 686 quispiam,
2683 615 2778 687 qui
2804 616 2861 669 in
2902 616 2992 669 illo
3011 625 3156 671 ccetu
3193 632 3518 673 annumera-

1968 717 2077 762 tur.
2106 706 2243 761 Sunt
2262 708 2408 762 enim
2432 710 2574 762 inter
2597 722 2720 774 eos,
2748 708 2844 776 qui
2887 715 3161 777 utcunque
3203 711 3519 779 corporibus

1968 798 2081 853 suis
2106 799 2380 863 assistant,
2414 808 2594 853 tamen
2622 798 2691 852 ab
2719 798 2937 853 illorum
2976 800 3234 855 societate
3257 802 3516 869 practica,

1967 889 2035 942 ab
2086 887 2232 943 intus
2263 889 2561 944 dissidente
2614 888 2965 955 conscientia,
2996 889 3316 945 vacillantes
3366 906 3520 946 rece-

1966 979 2121 1034 dunt.
2144 979 2226 1035 Tu
2254 988 2455 1044 autem,
2480 979 2722 1034 nondum
2753 979 3079 1048 coniunctus
3124 996 3372 1050 corpore,
3429 984 3522 1052 iii-

1968 1072 2110 1127 dicio
2164 1079 2219 1127 et
2264 1071 2459 1127 affectu
2514 1071 2755 1141 copulari
2826 1072 3103 1127 desideras
3154 1075 3354 1143 :quod
3411 1091 3521 1129 non

1967 1163 2146 1218 adhuc
2173 1166 2331 1233 plene
2369 1163 2537 1219 fueris
2562 1164 2836 1228 adunitus,
2889 1163 2944 1218 id
2989 1180 3020 1217 a
3070 1164 3377 1225 timiditate,
3414 1182 3522 1218 non

1970 1256 2204 1325 pietate;
2246 1268 2276 1309 a
2301 1254 2511 1325 pudore
2560 1254 2924 1325 proficiscitur
2970 1262 3025 1309 et
3080 1270 3187 1309 non
3224 1256 3522 1310 voluntate.

1969 1346 2100 1414 Quis
2127 1357 2304 1401 autem
2327 1363 2390 1401 ea
2421 1348 2753 1411 admitteret,
2774 1362 2893 1415 quae
2922 1362 2992 1401 ne
3021 1348 3299 1401 somnians
3328 1362 3526 1417 appro-

1969 1440 2116 1495 bavit
2139 1439 2463 1508 aliquando?
2488 1439 2532 1493 is
2553 1440 2779 1501 scilicet,
2802 1438 2895 1508 qui
2919 1454 3134 1493 causam
3186 1440 3236 1491 in
3271 1439 3526 1491 timorem

1973 1530 2144 1599 rejicit
2194 1545 2289 1584 cur
2314 1530 2554 1583 nondum
2613 1530 2830 1583 illorum
2880 1529 3155 1601 consortio
3186 1536 3525 1598 aggregetur,

1971 1634 2094 1673 cum
2116 1618 2348 1674 inimicis
2374 1617 2636 1689 pudefieri
2666 1616 2944 1687 antiquius
2974 1616 3184 1681 habuit,
3211 1630 3372 1684 quam
3398 1630 3524 1667 cum

1972 1709 2325 1764 familiaribus
2394 1709 2506 1764 suis
2546 1717 2601 1762 et
2661 1708 2906 1778 cognatis
2958 1706 3303 1762 admirationi
3363 1720 3525 1767 esse;

319 1795 475 1862 γνοίη
498 1812 513 1859 ;
538 1796 591 1847 τί
631 1795 687 1847 δέ
722 1796 933 1849 ἐκείνου
969 1798 1065 1866 μὲν
1096 1798 1326 1861 ἕκαστος
1352 1800 1461 1851 τῶν
1491 1800 1615 1853 νοῦν
1645 1802 1873 1871 ἐχόντων
1907 1864 1941 1871 _
1974 1817 1996 1855 ῑ

1850 1820 1873 1855 ν
1907 1864 1941 1871 _
1974 1800 2134 1856 modo
2156 1801 2227 1855 sit
2262 1800 2311 1855 ei
2341 1802 2396 1854 in
2443 1809 2717 1870 posterum
2757 1800 2999 1868 impune.
3050 1798 3106 1851 Si
3164 1797 3409 1867 recipere
3441 1796 3527 1849 vel

318 1885 764 1953 καταγνώσεται;
799 1886 865 1939 ἂν
920 1864 980 1940 δέ
1012 1905 1116 1952 τις,
1158 1890 1280 1941 ἀντὶ
1314 1890 1413 1959 μὲν
1452 1864 1726 1960 προδοτῶν
1775 1890 1873 1943 πό·
1906 1864 1947 1918 Β
1972 1908 1995 1947 a

1849 1918 1873 1931 -
1906 1864 1947 1918 Β
1972 1892 2258 1948 admittere
2308 1907 2417 1947 non
2444 1864 2662 1951 Ilicebas
2686 1930 2701 1955 ,
2759 1864 2946 1960 ecquis
2988 1896 3111 1960 post
3161 1864 3525 1959 receptionem

317 1976 478 2041 λεως,
507 1975 770 2048 προδότας
810 1977 1067 2043 πίστεως,
1102 1979 1223 2033 ἀντὶ
1262 1978 1320 2033 δέ
1358 1979 1567 2051 λῃστῶν
1612 1982 1875 2051 σωμάτων
1976 1985 1993 2039 i

1847 1999 1875 2035 ν
1976 1984 2142 2048 illam,
2165 1992 2226 2038 ut
2245 1984 2412 2054 possit
2438 1998 2573 2051 quos
2592 1997 2701 2036 non
2722 1981 2893 2046 licuit,
2916 1988 3198 2050 susceptos
3219 1979 3524 2043 admittere,

319 2064 522 2133 λῃστάς
553 2064 709 2117 θείων
741 2065 921 2135 νόμων
953 2069 1032 2130 είς
1056 2068 1219 2137 μέσον
1252 2070 1487 2141 παράγοι
1516 2086 1529 2101 ·
1562 2070 1751 2125 ἔπειτα
1779 2072 1878 2134 τὰς

318 2154 491 2217 αὑτάς
524 2154 705 2223 φωνὰς
735 2156 1049 2228 ἀνακράζῃ,
1088 2158 1209 2228 οὐχὶ
1235 2159 1337 2231 τὴν
1366 2160 1487 2229 ίσην
1527 2162 1690 2215 αὐτὸν
1717 2164 1750 2234 ἢ
1785 2164 1878 2217 καὶ

324 2244 548 2315 μείζονα
580 2246 757 2316 ψῆφον
782 2248 933 2318 παρά
960 2265 1024 2317 γε
1048 2249 1155 2304 τῶν
1184 2253 1622 2322 σωφρονούντων,
1647 2255 1879 2324 ἀπενεγ-

319 2340 439 2390 κεῖν
469 2338 801 2408 οίησόμεθας
847 2340 1019 2411 χωρὶς
1067 2340 1126 2394 δέ
1170 2341 1278 2395 τῶν
1311 2342 1650 2413 είρημένων,
1696 2346 1744 2397 εί
1780 2345 1879 2415 μὲν

321 2431 433 2493 τοῖς
463 2429 930 2500 ἐκκλησιαπικοίς
969 2430 1187 2501 θεσμοῖς
1217 2432 1315 2495 τάς
1342 2433 1568 2504 πράξεις
1604 2433 1840 2489 ίθύνουσι
1860 2476 1877 2501 ,

321 2521 406 2583 τίς
472 2520 551 2573 δεῖ
598 2521 708 2573 τῶν
763 2520 1009 2590 ἀκαίρων
1069 2519 1384 2593 ζητήσεων,
1442 2524 1537 2576 καὶ
1601 2523 1879 2595 λογισμοῖς

322 2612 578 2668 παλαίειν
616 2615 709 2668 καὶ
739 2614 1172 2683 άποπνίγεσθαις
1204 2616 1339 2671 ἀλλά
1366 2618 1442 2690 μὴ
1472 2619 1663 2673 θᾶττον
1702 2621 1880 2675 αὐτῶν

324 2706 422 2775 τῆς
446 2706 637 2777 μοίρας
657 2707 941 2777 γινόμενος
963 2708 1160 2778 πολλὴν
1180 2709 1279 2781 τὴν
1300 2709 1629 2783 συγγνώμην
1651 2713 1881 2779 ἐξαιτεῖς

328 2799 424 2866 τῆς
478 2796 837 2870 βραδύτητος;
871 2802 920 2852 εί
963 2800 1006 2852 δ’
1041 2802 1105 2853 ἐκ
1137 2800 1355 2871 Θεσμῶν
1394 2802 1571 2873 ἐργων
1607 2804 1884 2874 ὑπηρέτας

330 2887 651 2954 ἐπίστασαι,
681 2890 734 2942 τί
768 2889 1273 2961 πολυπραγμονεῖςς
1302 2891 1366 2945 ἀν
1388 2910 1447 2945 τε
1471 2892 1632 2947 δῶσιν
1655 2895 1886 2949 ἐνταῦθα

327 2979 505 3049 δίκην,
542 2979 607 3033 ἀν
632 2996 691 3033 τε
725 2982 831 3051 μή;
857 2982 925 3036 ἂν
959 2982 1059 3052 μὲν
1086 2982 1195 3052 γάρ
1222 2982 1406 3047 δῶσιν,
1434 2983 1658 3053 ἀμεινον
1679 2986 1883 3050 ἕξουσι,

328 3074 396 3142 τῇ
428 3073 666 3144 τιμωρίᾳ
689 3074 789 3143 τὴν
810 3074 1086 3143 ἁμαρτίαν
1115 3074 1566 3145 ἐκκαθαιρόμενον,
1586 3092 1599 3107 ·
1628 3076 1694 3130 ἂν
1722 3078 1777 3130 δέ
1810 3078 1885 3149 μὴ

1975 2075 2104 2130 velit
2155 2089 2215 2130 se
2270 2073 2326 2128 in
2386 2073 2729 2128 manifestum
2790 2071 3081 2128 discrimen
3153 2069 3529 2140 praecipitare?

1974 2164 2148 2221 Verba
2183 2181 2315 2221 sane
2351 2181 2459 2220 non
2498 2164 2785 2219 meliorant
2808 2163 3073 2228 actiones,
3109 2163 3203 2217 sed
3234 2177 3331 2230 per
3354 2162 3529 2216 actio-

1976 2269 2073 2309 nes
2102 2254 2265 2309 verba
2287 2253 2413 2308 licet
2440 2251 2806 2322 interpretari.
2855 2250 2989 2305 Nam
3019 2252 3063 2305 si
3100 2250 3221 2320 quis
3250 2250 3529 2305 contuitus

1975 2344 2231 2409 latrones,
2294 2354 2387 2398 aut
2433 2343 2714 2397 civitatum
2775 2341 3119 2411 expilatores,
3167 2340 3529 2395 detestatione

1977 2435 2177 2505 ubique
2210 2434 2443 2496 habitos,
2497 2432 2958 2487 exsecrationibus
3011 2432 3355 2500 undiquaque
3399 2444 3531 2499 pro-

1978 2525 2173 2580 scissus
2205 2543 2219 2580 :
2253 2523 2511 2579 immunis
2539 2522 2716 2577 adhuc
2756 2523 2871 2591 ipse
2902 2531 2958 2577 et
3007 2538 3175 2590 purus
3220 2522 3288 2576 ab
3317 2522 3534 2575 illorum

1978 2618 2250 2674 consortio
2272 2616 2488 2671 tandem
2519 2615 2896 2685 phantasmate
2942 2614 3216 2685 abreptus,
3266 2614 3409 2669 dicat
3455 2612 3534 2667 le-

1981 2722 2106 2777 gum
2135 2708 2350 2763 arbitris
2377 2717 2433 2762 et
2460 2706 2923 2778 dispensatoribus
2948 2746 2963 2771 ,
2993 2707 3039 2761 si
3071 2707 3234 2761 hosce
3262 2705 3532 2775 homines,

1982 2813 2130 2870 rogo,
2185 2800 2304 2854 sine
2357 2814 2517 2869 paena
2566 2798 2826 2865 dimittas,
2885 2813 3023 2867 quos
3067 2814 3164 2869 par
3208 2807 3263 2853 et
3318 2812 3532 2868 equum

1983 2890 2158 2945 fuerat
2184 2889 2251 2944 de
2282 2889 2391 2943 vita
2419 2890 2554 2954 tolli,
2583 2904 2680 2944 cur
2708 2904 2818 2943 non
2863 2904 2963 2960 ego
3010 2889 3191 2944 statim
3240 2890 3379 2944 latro
3411 2889 3533 2943 liam

1984 2996 2049 3036 ac
2073 2981 2333 3051 proditor,
2364 2988 2423 3035 ut
2454 2981 2533 3035 sic
2561 2982 2770 3036 veniam
2819 2983 3022 3051 possim
3074 2981 3369 3035 sceleribus
3410 2996 3539 3050 pro-

1986 3087 2205 3127 movere
2249 3089 2263 3126 :
2307 3072 2450 3141 quod
2508 3071 2555 3127 si
2612 3087 2825 3142 poenam
2883 3072 3108 3143 irroges,
3164 3081 3312 3126 metu
3364 3087 3539 3141 poma!

329 3164 496 3230 δῶσι,
557 3164 718 3219 τοῦτο
762 3164 956 3229 αὐτοὺς
1007 3165 1373 3237 ἀθλιωτέρους
1431 3169 1750 3239 ἐργάζεται,
1802 3172 2006 3241 ὅτιοῐ

1867 3182 1951 3241 ιο
1988 3164 2153 3218 nolim
2178 3179 2276 3235 ego
2313 3164 2431 3218 illos
2455 3164 2673 3218 imitari.
2715 3164 2772 3217 Si
2795 3164 2933 3233 quis,
2968 3163 3210 3233 inquam,
3240 3164 3415 3219 obiter
3436 3164 3540 3218 ista

331 3255 653 3327 πικρότερον
694 3256 876 3320 αὐτοῖς
907 3257 969 3309 τὸ
999 3255 1209 3311 ἐκεῖθεν
1249 3257 1549 3327 ἀπαντήσει
1594 3257 1882 3329 δικαιωτή-

334 3364 450 3415 ριον
472 3362 485 3375 ·
511 3348 649 3401 ὥστε
674 3349 725 3401 εῐ
743 3365 850 3401 τινι
867 3347 975 3401 τῶν
997 3346 1089 3399 δύο
1108 3346 1310 3400 τούτων
1335 3348 1545 3417 αἵρεσις
1576 3349 1885 3418 προύκειτο,

332 3441 536 3502 ἐκεῖνος
568 3438 635 3493 ἀν
662 3439 723 3491 τὸ
752 3439 971 3493 ἔλαττον
1004 3440 1172 3493 κακὸν
1215 3438 1388 3509 ἐφάνη
1417 3439 1759 3510 αἱρούμενος,
1793 3442 1887 3495 καὶ

331 3529 392 3582 τὸ
440 3529 604 3582 αὑτοῦ
660 3528 939 3599 συμφέρον
983 3530 1485 3600 ἐπισκοπούμενος,
1537 3531 1633 3601 οὐχ
1678 3531 1737 3594 ὃς
1790 3532 1887 3603 τὴν

334 3618 566 3673 ἐνταῦθα
603 3620 794 3688 φεύγει
823 3619 1003 3673 δοῦναι
1039 3621 1193 3688 δίκην
1211 3638 1224 3650 ·
1252 3622 1364 3675 ἀλλ’
1392 3621 1451 3684 ὃς
1484 3623 1542 3675 ἐν
1565 3622 1643 3692 τῷ
1670 3623 1762 3675 νῦν
1794 3624 1890 3677 καὶ

335 3710 583 3765 ἐντεῦθεν
605 3711 800 3765 διδόναι
824 3714 922 3781 τὴν
953 3713 1162 3766 ἐκεῖθεν
1193 3714 1462 3783 ἐπράῦνεν
1480 3729 1495 3746 °
1528 3716 1652 3769 ἐπεὶ
1679 3716 1772 3768 καὶ
1801 3716 1889 3768 τὸν

335 3803 614 3868 νοσοῦντα,
672 3803 769 3873 οὐχ
820 3802 879 3856 δν
928 3803 1127 3874 ίατρῶν
1174 3808 1385 3874 χεῖρες,
1426 3806 1519 3858 καὶ
1570 3807 1753 3876 τομαὶ,
1801 3807 1896 3860 καὶ

337 3893 596 3957 καύσεις,
647 3894 773 3958 τοὺς
818 3894 1023 3957 πάθους
1068 3894 1391 3962 ἀπάγουσιν,
1426 3896 1541 3949 ἀλλ’
1574 3896 1634 3949 ὃν
1678 3899 1744 3950 τὰ
1797 3899 1897 3967 τῆς

337 3984 533 4054 τέχνης
558 3984 771 4055 ὁρῶμεν
804 3985 879 4055 μὴ
911 3985 1292 4055 προσιέμενον,
1323 3987 1529 4039 ἐκεῖνον
1556 3987 1656 4057 ἤδη
1684 3988 1900 4052 τελείως

338 4075 789 4142 ἀναγινώσκομεν
814 4084 861 4141 ⁸,
894 4077 988 4129 καὶ
1039 4078 1096 4129 ἐν
1120 4075 1371 4145 ἐσχάτοις
1409 4079 1603 4141 κακοῖς
1634 4078 1785 4149 ίσμὲν
1812 4080 1899 4146 ἐξ-

340 4163 681 4235 εταζόμενον.

1987 3256 2148 3319 dicat,
2185 3254 2305 3324 quis
2334 3270 2444 3310 non
2474 3254 2624 3309 illum
2656 3254 2837 3309 furere
2885 3263 2940 3308 et
2966 3255 3236 3309 insanire?
3268 3255 3392 3324 quis
3430 3270 3540 3308 non

1992 3354 2172 3400 mente
2208 3346 2261 3399 in
2296 3347 2460 3401 rebus
2489 3346 2606 3401 aliis
2631 3346 2873 3401 laborare
2918 3346 3166 3401 similiter
3212 3347 3355 3403 haud
3411 3361 3541 3415 pro-

1992 3439 2290 3493 nuntiabit?
2340 3438 2493 3504 Quod
2535 3438 2578 3492 si
2605 3439 2725 3507 quis
2756 3454 2863 3492 non
2895 3438 3110 3492 urbium
3137 3438 3230 3492 sed
3266 3438 3386 3492 ﬁdei
3415 3453 3542 3507 pro-

1992 3530 2212 3592 ditores,
2242 3530 2522 3601 praedones
2552 3545 2660 3584 non
2683 3529 3041 3599 corporalium
3062 3528 3157 3582 sed
3186 3528 3383 3582 divinas
3412 3526 3545 3595 legis

1993 3621 2049 3675 in
2078 3621 2314 3676 medium
2339 3621 2631 3691 productos
2661 3621 2835 3686 sistat,
2863 3629 2918 3673 et
2943 3619 3087 3688 apud
3115 3619 3233 3673 illos
3263 3631 3425 3672 voces
3453 3632 3546 3670 eas

1994 3713 2138 3783 ipsas
2195 3713 2338 3778 edat,
2373 3728 2555 3767 annon
2600 3712 2845 3767 eamdem
2898 3712 2953 3764 in
2988 3711 3165 3781 ipsum
3218 3710 3545 3763 sententiam

1994 3805 2081 3859 vel
2107 3804 2269 3859 etiam
2298 3804 2573 3858 duriorem
2611 3819 2706 3872 per
2752 3803 3048 3873 prudentes
3084 3799 3266 3856 rerum
3309 3801 3545 3855 aestima-

1997 3906 2141 3951 tores
2190 3896 2466 3950 ferendam
2517 3896 2807 3965 putamus?
2848 3893 3055 3949 Verum
3098 3894 3351 3963 sepositis
3424 3907 3549 3961 qua:

1994 3990 2103 4058 jam
2153 3988 2297 4043 dicta
2352 3997 2499 4053 sunt,
2556 3988 2600 4042 si
2648 3986 2946 4043 secundum
2992 4001 3247 4049 canones,
3293 3984 3399 4038 hoc
3442 3993 3549 4043 est.

2000 4080 2144 4149 leges
2173 4078 2565 4133 ecclesiasticas
2586 4078 2827 4132 actiones
2850 4076 3113 4147 regulent,
3148 4074 3275 4145 quid
3304 4088 3439 4143 opus
3467 4081 3551 4128 est

2002 4169 2152 4223 hisce
2183 4169 2558 4238 intempestive
2590 4167 2752 4221 motis
2777 4167 3203 4235 quaastionibus?
3227 4166 3357 4236 quid
3382 4163 3550 4218 ratio-

340 4255 577 4310 cinando
605 4256 685 4310 vel
715 4256 1065 4321 contendere,
1094 4258 1177 4312 vel
1216 4257 1349 4311 alios
1381 4256 1680 4311 suffocare?
1700 4258 1885 4327 quidni
1941 4262 2120 4328 potius
2173 4267 2414 4312 actutum
2454 4257 2521 4311 ad
2552 4266 2729 4326 partes
2759 4256 2985 4321 accedit,
3027 4267 3083 4310 et
3109 4257 3319 4311 veniam
3353 4256 3552 4326 depre-

342 4356 496 4402 cetur
522 4362 631 4401 suae
676 4348 971 4402 tarditatis?
1001 4347 1095 4402 Sin
1142 4364 1272 4403 vero
1320 4350 1591 4403 actionum
1649 4349 1763 4419 lege
1795 4349 2185 4418 prohibitarum
2244 4358 2451 4402 actores
2496 4362 2793 4417 agnoscas,
2824 4345 2950 4416 quid
2982 4348 3054 4401 ita
3082 4347 3296 4402 tandem
3337 4348 3551 4403 curiose

344 4436 563 4506 satagis,
600 4445 778 4491 utrum
831 4436 917 4491 hic
969 4437 1291 4507 supplicium
1324 4438 1473 4492 luant
1523 4446 1618 4493 aut
1647 4454 1757 4493 non
1781 4437 1965 4492 luant?
1994 4438 2050 4492 Si
2083 4438 2331 4492 dederint
2366 4436 2523 4492 isthic
2564 4452 2775 4507 poenas,
2823 4438 3031 4493 meliori
3070 4448 3182 4493 tum
3209 4448 3371 4494 erunt
3416 4455 3551 4494 con-

342 4526 568 4593 ditione,
602 4528 855 4582 nimirum
886 4544 981 4597 per
1007 4544 1195 4598 poenas
1228 4532 1488 4600 irrogatas
1520 4532 1732 4600 expiato
1771 4532 1975 4600 peccati
2024 4541 2177 4586 reatu
2208 4530 2387 4601 :quod
2434 4531 2478 4584 si
2510 4546 2620 4586 non
2647 4532 2798 4597 dent,
2834 4532 2936 4585 hoc
2959 4546 3024 4585 eo
3069 4542 3194 4587 sunt
3213 4532 3552 4600 miseriores,

346 4633 414 4673 eo
449 4620 592 4688 quod
621 4620 882 4689 judicium
933 4622 1224 4690 aliquando
1274 4623 1490 4677 caeleste
1530 4638 1654 4677 cum
1700 4623 1888 4694 majori
1940 4624 2197 4678 subibunt
2234 4624 2544 4679 acerbitate.
2578 4624 2782 4692 Itaque,
2828 4624 2873 4677 si
2903 4623 3065 4678 modo
3120 4624 3261 4677 inter
3290 4624 3405 4679 haec
3445 4626 3555 4680 duo

347 4710 540 4763 electio
576 4710 859 4768 consistat.
896 4710 941 4764 is
966 4710 1144 4764 minus
1177 4711 1377 4764 malum
1426 4712 1641 4766 videtur
1673 4713 1918 4783 elegisse,
1961 4722 2015 4767 et
2066 4728 2167 4768 suo
2208 4715 2490 4769 commodo
2547 4715 2737 4768 melius
2793 4714 3159 4784 prospexisse,
3200 4728 3308 4767 non
3358 4714 3451 4784 qui
3499 4715 3554 4769 id

348 4803 456 4871 agit
480 4817 549 4855 ne
580 4801 667 4855 hic
718 4802 993 4872 puniatur,
1042 4802 1139 4857 sed
1186 4803 1279 4872 qui
1311 4818 1408 4873 per
1441 4802 1763 4872 supplicium
1792 4802 2162 4859 isthicobitum
2204 4804 2560 4859 tolerabilius:
2587 4804 2775 4859 reddet
2823 4803 3083 4873 judicium
3125 4804 3275 4857 illud.
3322 4803 3452 4859 Nam
3500 4814 3558 4860 et

351 4904 723 4966 aegrotantem,
772 4909 1109 4964 nequaquam
1160 4894 1310 4949 illum
1353 4910 1514 4964 quem
1569 4895 1903 4950 medicorum
1954 4911 2166 4961 manus,
2218 4898 2506 4961 sectiones,
2539 4895 2894 4952 ustulationes
2937 4896 3127 4950 morbo
3155 4896 3421 4961 liberant;
3459 4896 3556 4950 sed

366 5006 527 5059 quem
550 4990 795 5044 videmus
822 4990 952 5043 artis
1004 4990 1227 5044 medicae
1252 4992 1439 5058 praxin
1475 5005 1583 5045 non
1627 4991 1910 5057 ferentem,
1953 4992 2122 5060 illum,
2155 4995 2397 5065 inquam,
2452 5001 2597 5048 statu
2645 4993 2882 5063 positum
2907 4991 3214 5059 desperato,
3246 4998 3301 5043 et
3337 4988 3557 5043 concla-

351 5096 579 5147 matum,
642 5084 847 5139 morbis
875 5085 1133 5139 extremis
1177 5085 1499 5153 cruciatum,
1540 5094 1595 5142 et
1641 5087 1917 5143 doloribus
1941 5089 2245 5145 confectum
2289 5096 2623 5160 reputamus.

428 5183 535 5234 Καὶ
578 5180 631 5233 τί
672 5180 737 5234 ἀν
794 5197 875 5242 τις
931 5182 999 5233 τὰ
1052 5182 1295 5249 ἑπόμενα
1364 5184 1478 5244 τοῖς
1539 5183 1702 5236 αὑτοῦ
1756 5184 1982 5251 λογι-Ι)
2082 5186 2105 5248 ς

1880 5214 1902 5224 -
1929 5185 1982 5243 D
2082 5186 2350 5251 Quorsum
2383 5199 2515 5239 vero
2564 5182 2832 5253 quispiam
2859 5194 2923 5236 ea
2952 5192 3071 5249 quae
3117 5182 3420 5245 sequuntur
3465 5188 3557 5229 ra-

354 5274 508 5341 σμοῖς
542 5270 909 5342 ἀπαριθμοίη;
932 5271 1099 5324 ταῦτα
1151 5273 1295 5340 ἡμᾶς
1316 5273 1662 5344 ἀκοπώτερον
1687 5276 1706 5311 ί
1727 5294 1903 5345 παρα·
2017 5287 2031 5332 ι

1881 5305 1903 5316 -
2017 5277 2250 5332 tionibus
2320 5284 2474 5345 putet
2544 5270 3030 5344 apprehendenda?
3094 5282 3224 5323 sane
3277 5266 3423 5320 enim
3471 5264 3558 5318 illa

353 5363 607 5416 σκευάσει
680 5362 748 5415 τά
826 5362 1226 5431 συμϐαίνοντα’
1272 5362 1445 5416 ταῦτα
1513 5366 1594 5426 είς
1658 5366 1906 5434 παραψυ-
2013 5382 2030 5419 ι

1884 5396 1906 5407 -
2013 5374 2072 5419 ιιι
2104 5366 2272 5419 levius
2320 5364 2556 5418 feramus
2599 5377 2721 5433 quae
2762 5359 3082 5430 contingunt
3131 5355 3367 5419 facient;
3395 5362 3560 5421 atque

354 5456 453 5526 χὴν
482 5455 708 5523 ἕξομεν·
742 5454 952 5517 τούτοις
985 5456 1127 5523 ἡμᾶς
1166 5456 1534 5519 ἀνακτᾶσθαι,
1573 5450 1617 5509 ὦ
1655 5456 1773 5523 φίλε
1814 5458 1905 5509 καὶ¹
2015 5457 2028 5508 i

1883 5458 1905 5508 ὶ
2015 5457 2087 5509 ita
2130 5455 2283 5509 nobis
2341 5453 2551 5525 parient
2593 5451 3035 5506 consolationem.
3105 5445 3205 5499 Per
3267 5444 3367 5498 ista
3433 5458 3560 5497 nos‘

355 5545 577 5614 ἁδελφέ,
629 5545 1049 5611 διεσπούδασας,
1119 5548 1178 5599 ού
1240 5549 1346 5615 γάρ
1403 5548 1510 5601 τῶν
1567 5549 1905 5618 σεμνοτέρων
2014 5564 2032 5601 ι

1879 5565 1905 5599 ν
2014 5558 2123 5603 met
2166 5548 2356 5602 iterum
2426 5544 2703 5618 possidere
2741 5542 3016 5613 sategisti,
3068 5538 3239 5594 amice
3275 5545 3331 5593 et
3358 5535 3556 5601 frater;

1627 5700 1856 5757 VARIA‘J
1898 5699 2291 5758 LECTIONES.

438 5818 456 5844 ⁸
489 5816 574 5870 ἱσ.
604 5815 1071 5885 ἁπογινώσκομεν.
1155 5820 1170 5851 ι
1211 5815 1412 5885 φέρειν.
