4248 6444
258 405 363 466 757

1404 404 1931 470 EPISTOLARUM
1971 409 2199 470 LIBER
2236 410 2264 469 Ι
2274 457 2288 470 .

3366 412 3470 476 758

251 522 331 585 ὡς
354 519 533 590 δῆθεν,
561 519 910 591 ἀποστροφὴν
943 519 1037 573 καὶ
1084 519 1455 589 ἀναχώρησιν,
1488 523 1536 573 εί
1571 521 1666 574 καί.
1694 523 1819 574 τού·
1847 525 1928 584 Α]

1794 550 1819 562 -
1847 525 1897 584 Α
1921 522 2218 577 mirabilem
2259 530 2313 576 et
2340 521 2573 576 divinam
2598 521 2757 592 plane
2787 521 2927 577 illius
2958 520 3192 579 hominis
3236 521 3469 593 pruden-

253 614 466 668 ναντίον
513 614 823 684 ἐμπραττεν
876 612 1022 683 αὐτῷ
1075 613 1453 684 περιγέγονεν·
1493 618 1526 684 ἡ
1582 615 1689 687 γὰρ
1736 619 1815 679 είς

252 707 441 776 ἕτερον
501 706 748 776 ἀναφορὰ
794 704 888 758 τοῦ
941 706 1305 774 ἐγκλήματος,
1349 703 1415 757 ἂν
1467 706 1603 775 μηδὲ
1631 706 1815 775 χώραν

254 797 417 869 εὕρῃ,
450 797 683 866 μάλιστα
718 796 778 849 τὸ
814 796 1091 864 τέχνασμα
1133 794 1561 862 παρεισδύσεως,
1589 798 1667 857 είς
1692 814 1817 863 σφο-

255 889 517 959 δροτέραν
580 887 899 958 περιτρέπει
942 886 1036 938 τοῦ
1090 887 1393 949 συνειδότος
1454 888 1819 954 κατάγνωσιν,

255 980 471 1031 οἴκοθεν
501 979 597 1031 καὶ
628 978 777 1047 σαφῆ
801 977 896 1030 καὶ⁵
922 976 1161 1044 ἄφυκτον
1181 977 1274 1029 τὸν
1309 976 1529 1047 ἔλεγχον
1558 978 1818 1047 φέρουσαο

256 1070 313 1121 τί
374 1069 483 1139 γὰρ
540 1068 806 1140 ἑτέρωθεν
864 1068 1076 1136 ἐζήτεις
1120 1067 1455 1138 συμμαχίαν,
1486 1070 1580 1121 καὶ
1638 1070 1823 1138 σχῆμα

262 1158 472 1229 σεαυτῷ
519 1159 807 1228 ἐτεχνάζου
853 1158 1236 1226 δικαιολογίας,
1279 1160 1328 1211 εἰ
1370 1158 1447 1229 μὴ
1473 1159 1533 1211 τὸ
1581 1160 1821 1222 συνειδὸς

263 1252 413 1304 ἔνδον
453 1246 597 1319 εἶχες
645 1250 841 1321 πικρὸν
870 1251 1172 1320 κατήγορον
1227 1251 1324 1319 τῆς
1382 1249 1725 1320 βουλήσεωςς
1768 1250 1819 1303 τί

259 1342 322 1394 δὲ
351 1341 471 1394 καθ’
504 1342 666 1395 αὑτὸν
692 1341 751 1393 οὐ
776 1341 1055 1411 πράττεις,
1080 1340 1117 1395 ἄ
1148 1341 1467 1407 σπουδάζεις
1516 1342 1737 1395 ἄλλοθεν
1761 1354 1814 1395 ιι.

1919 613 2071 676 tiam,
2116 615 2207 683 qui
2237 628 2338 669 nos
2371 613 2485 667 heri
2529 628 2592 668 ac
2610 613 3001 669 nudiustertius
3037 613 3197 683 epulo
3229 616 3474 684 apposito

1924 705 2218 774 recipiebat
2251 724 2264 759 :
2298 707 2499 775 quique
2526 723 2590 760 ex
2624 706 2788 760 animi
2830 705 2915 759 sui
2956 707 3160 776 impetu
3192 708 3362 761 nostri
3417 709 3471 760 in

1923 812 1982 851 se
2014 797 2372 866 patrocinium
2407 798 2679 867 suscipere
2702 807 2757 852 et
2786 798 3068 851 tuitionem
3102 797 3354 853 volebat:
3382 800 3475 852 de-

1924 887 2153 952 decoris,
2194 896 2248 941 et
2290 888 2645 943 admissorum
2675 887 2964 943 criminum
3000 888 3358 948 aversionem,
3382 886 3476 940 de-

1926 980 2336 1049 pulsionemque
2364 980 2588 1043 scilicet,
2620 980 2743 1034 licet
2768 993 2925 1033 secus
2949 993 3110 1046 quam
3144 986 3475 1046 speraverat.

1925 1070 1977 1123 id
2024 1068 2388 1139 contingebat.
2428 1068 2789 1123 Transmissio
2833 1066 3096 1136 siquidem
3135 1064 3380 1119 criminis
3422 1064 3477 1117 in

1921 1161 2089 1214 alium
2112 1161 2439 1230 quempiam,
2468 1162 2513 1216 si
2542 1176 2652 1215 non
2669 1159 2980 1213 admittatur
3010 1156 3297 1212 artiﬁciose
3320 1171 3479 1210 exco-

1922 1254 2087 1323 gitata
2137 1252 2486 1317 machinatio,
2532 1252 2587 1305 in
2632 1250 2930 1321 graviorem
2989 1248 3286 1302 concedere
3340 1246 3480 1300 solet

1923 1342 2270 1397 conscientia:
2297 1340 2823 1402 condemnationem,
2864 1338 2991 1393 dum
3031 1338 3099 1391 ab
3132 1337 3277 1390 intus
3306 1335 3479 1388 inevi-

264 1435 485 1490 tabilem
538 1433 970 1505 redargutionem
1026 1434 1367 1490 manifestam
1431 1434 1654 1504 patitur.
1714 1433 1824 1489 Cur
1870 1450 2001 1490 vero
2058 1436 2273 1491 aliunde
2358 1434 2640 1505 satagebas
2708 1428 3005 1487 auxilium?
3050 1444 3148 1484 cur
3195 1428 3482 1482 formulam

267 1533 366 1588 tibi
399 1531 729 1587 defensionis
780 1540 837 1585 et
882 1540 1201 1600 praetextum
1252 1530 1601 1585 artificiosum
1652 1532 1998 1602 procurabas,
2058 1532 2104 1585 si
2157 1530 2484 1587 conscientia
2527 1529 2736 1582 interna
2790 1526 3078 1581 destitutus
3106 1539 3228 1579 eras
3266 1534 3370 1579 tua:
3393 1540 3483 1579 vo-

266 1624 493 1683 luntatis
529 1621 895 1677 accusatrice?
932 1620 1086 1686 Quod
1128 1636 1226 1690 per
1256 1630 1310 1675 te
1352 1636 1461 1675 non
1513 1622 1628 1692 agis
1682 1623 1816 1691 ipse,
1858 1622 1963 1677 hoc
2010 1638 2111 1691 per
2135 1622 2268 1677 alios
2309 1620 2567 1690 consequi
2598 1618 2827 1673 moliris.

353 1716 464 1769 Καὶ
494 1716 543 1767 εί
566 1714 642 1784 μὴ
672 1714 779 1766 τῶν
800 1712 1094 1767 ἐπιστολῶν
1117 1716 1147 1767 ό
1176 1714 1335 1783 νόμος
1369 1716 1588 1786 ἐπέσχε,
1612 1718 1705 1769 καὶ⁸
1732 1714 1825 1767 τοῦ

268 1806 677 1876 ὑπογράφοντος
704 1809 738 1873 ὴ
775 1808 896 1876 χεὶρ
932 1808 1026 1859 καὶ
1076 1806 1195 1859 τότε
1252 1807 1520 1862 κλαπεῖσα
1572 1806 1822 1877 ἐμποδὼν

268 1900 476 1961 ἵστατο,
502 1897 676 1961 ἔδειξα
700 1899 766 1951 ἂν
786 1898 1170 1968 ἀκριϐέστερον
1194 1899 1286 1950 καὶ
1313 1897 1400 1951 διὰ
1428 1898 1687 1950 πλειόνων
1707 1898 1825 1950 τότε

269 1990 541 2060 ἡμέτερον
570 1988 752 2056 ἄλγος,
783 1990 875 2041 καὶ
920 1984 1004 2051 οἷς
1057 1990 1260 2051 ἐκεῖνος
1289 1989 1435 2057 ἡμᾶς
1480 1987 1785 2057 ἐλυμήνατο
1808 2003 1823 2020 ο

275 2078 417 2131 ἀλλά
446 2078 563 2141 πῶς
591 2080 690 2141 τὰς
726 2078 920 2132 ἑαυτοῦ
948 2077 1207 2148 λαμπρὰς
1256 2078 1565 2146 ὁμολογίας,
1597 2078 1663 2143 ἃς
1700 2079 1831 2133 ἐνώ·

276 2188 402 2224 πιον
424 2170 562 2224 Θεοῦ
598 2171 691 2224 καὶ⁸
716 2171 982 2239 ἀγγέλων,
1007 2170 1236 2224 ἐνώπιον
1262 2171 1476 2225 πάντων
1504 2172 1827 2242 ἀνθρώπων,

281 2262 560 2331 βασιλέων,
583 2263 879 2334 ἀρχόντων,
903 2264 1218 2334 ἀρχομένων
1238 2265 1704 2336 ἐπαρρησιάσατο,
1734 2266 1834 2319 οὐκ

280 2357 363 2416 είς
402 2355 643 2424 μεγάλην
674 2357 795 2421 ἄγει
832 2355 996 2421 αίδῶ;
1029 2355 1143 2417 πῶς
1164 2354 1224 2407 τὸ
1254 2358 1353 2424 τῆς
1386 2356 1709 2425 Ἐκκλησίας
1737 2357 1836 2409 οὐκ

283 2442 604 2513 ὲδυσωπήθη
640 2443 917 2513 καύχημα,
983 2444 1013 2496 δ
1061 2444 1203 2496 κατὰ
1245 2445 1445 2507 παντὸς
1477 2445 1662 2513 φέρειν
1712 2446 1838 2515 ἔσχε

284 2536 379 2586 καὶ
398 2533 590 2602 χρόνου
622 2533 716 2587 καὶ
743 2534 1111 2603 διηγήματος;
1143 2536 1238 2587 καὶ
1284 2535 1371 2605 εῐη
1420 2552 1473 2604 (ε
1501 2536 1599 2606 τῆς
1633 2536 1839 2591 ἄνωθεν

1993 1716 2152 1770 Certe
2182 1716 2228 1770 si
2256 1724 2530 1784 pateretur
2555 1714 2639 1769 lex
2665 1711 2984 1782 epistolaris,
3003 1710 3047 1765 si
3078 1711 3181 1765 mei
3200 1724 3488 1764 amanuen-

1927 1806 2003 1862 sis
2019 1821 2213 1860 manus
2228 1807 2423 1860 lassata
2446 1820 2505 1860 se
2526 1820 2637 1859 non
2663 1804 3024 1867 subduxisset,
3043 1803 3287 1872 pluribus
3309 1802 3488 1856 adhuc

1928 1913 2283 1969 persequerer
2307 1898 2514 1968 justum
2535 1912 2713 1951 meum
2742 1896 3004 1960 dolorem,
3030 1904 3085 1950 et
3108 1895 3161 1948 in
3192 1894 3389 1962 quibus
3422 1895 3489 1946 ab

1928 1992 2019 2045 illo
2041 1991 2197 2045 laesus
2213 2004 2355 2045 sum.
2373 1990 2445 2043 At
2466 1989 2743 2045 enimvero
2763 1988 3015 2056 praeclara
3042 1986 3187 2040 illius
3202 1984 3489 2055 professio,

1929 2097 2109 2139 coram
2130 2083 2239 2138 Deo
2263 2091 2318 2137 et
2332 2082 2557 2152 angelis,
2572 2095 2751 2135 coram
2779 2079 3029 2133 omnibus
3050 2078 3380 2137 hominibus.
3403 2092 3491 2129 re-

1931 2174 2105 2244 gibus,
2131 2172 2486 2242 principibus,
2526 2170 2757 2226 subditis
2805 2169 3101 2234 enuntiata,
3135 2183 3244 2222 non
3287 2166 3493 2236 pudore

1933 2265 2196 2321 suﬂ‘undit
2230 2266 2654 2322 vehementius?
2682 2264 2833 2319 Unde
2873 2264 3072 2318 factum
3128 2272 3190 2317 ut
3240 2260 3495 2316 Ecclesiae

1935 2358 2179 2430 gloriatio
2194 2374 2305 2413 non
2333 2367 2605 2423 vereatur,
2632 2373 2793 2428 quam
2824 2372 3037 2425 semper
3067 2365 3122 2409 et
3150 2354 3348 2423 ubique
3367 2368 3497 2422 pro-

1937 2451 2121 2521 palare
2146 2458 2358 2519 poterat
2393 2460 2450 2505 et
2476 2466 2585 2519 prze
2615 2464 2673 2503 se
2703 2448 2864 2514 ferre,
2904 2461 3140 2516 superna
3191 2443 3495 2514 praesertim

1938 2557 2106 2597 manu
2134 2542 2537 2606 corroborante,
2567 2542 2625 2595 in
2657 2555 2761 2609 qua
2796 2547 3059 2609 perpetuo
3091 2535 3448 2605 triumpharet
3478 2554 3492 2589 :

287 2629 677 2699 ἐνισχυρούσης
708 2630 962 2699 παλάμης
994 2628 1254 2699 διηνεκῶς
1290 2631 1704 2701 μεγαλαυχοῦα
1748 2634 1842 2686 καὶ
1941 2648 1964 2689 s

1820 2634 1842 2686 ἱ
1941 2635 2053 2689 suis
2080 2648 2260 2689 autem
2278 2635 2487 2689 viribus
2507 2641 2562 2687 et
2589 2632 2807 2701 quidem
2840 2630 3088 2685 solitariis
3122 2643 3283 2698 posse
3313 2644 3371 2682 se
3396 2643 3497 2697 pu-

290 2719 531 2787 φέρουσα
552 2734 567 2749 ·
612 2718 731 2781 πῶς
763 2718 819 2772 δὲ
850 2718 917 2771 δι’
970 2718 1135 2771 αὐτοῦ
1172 2720 1267 2772 καὶ
1293 2718 1455 2789 μόνου
1498 2720 1843 2789 ψυχαγωγεῖν
1944 2735 1967 2780 ι

1821 2739 1843 2773 ν
1944 2734 2024 2780 tat
2078 2725 2449 2780 adversarium
2476 2724 2743 2779 delinire:
2781 2736 3019 2791 casuque
3064 2735 3164 2775 suo
3194 2719 3383 2780 voluit.
3437 2728 3498 2773 ut

291 2810 432 2878 Εγνω
461 2809 521 2862 τὸ
548 2809 862 2871 ἀντίπαλον,
888 2809 981 2861 καὶ
1033 2809 1141 2879 ίδίᾳ
1175 2808 1385 2863 πτώσει
1412 2809 1512 2879 τὴν
1541 2811 1725 2880 κοινὴν
1754 2812 1846 2864 καὶ⁵
1945 2819 1968 2873 Ι

1822 2812 1846 2864 ὶ
1945 2817 2198 2873 Ecclesiae
2238 2816 2327 2871 ille
2357 2824 2529 2870 status
2558 2814 2862 2869 communis
2912 2821 3109 2882 praeter
3140 2827 3357 2865 omnem
3400 2824 3499 2864 ex-

295 2899 592 2970 παράδοξον
607 2902 707 2970 τῆς
739 2900 933 2968 Ἐκκλη
942 2900 1059 2963 σίας
1077 2901 1265 2956 στάσιν
1278 2899 1530 2971 χωλεύειν
1548 2902 1844 2971 προείλετο;
1946 2924 1972 2963 s

1829 2921 1844 2969 ς
1946 2908 2334 2977 spectationem
2360 2906 2685 2961 claudicaret
2707 2923 2722 2960 :
2744 2905 2955 2959 volebat
2975 2902 3226 2957 nimirum
3245 2900 3501 2956 versutis-

294 2993 480 3045 καινὸν
508 2992 608 3061 μέν
632 2993 739 3061 γὰρ
772 2993 863 3045 καὶ
892 2992 1202 3063 παράλογον
1228 2996 1257 3046 ὁ
1306 2994 1687 3063 πολυμήχανός
1726 2994 1850 3062 δφις
1949 3016 1971 3055 ε

1824 3011 1850 3057 ς
1949 3002 2117 3055 simus
2158 3000 2246 3054 ille
2278 3014 2523 3067 serpens,
2548 2998 2785 3052 audaciae
2814 3012 2925 3050 suae
2948 3010 3147 3049 novum
3178 3004 3232 3048 et
3274 2993 3501 3047 inusita-

297 3084 483 3152 κόσμῳ
533 3081 851 3152 παραδεῖξαι
890 3083 1299 3137 ἐνεανιεύσατο’
1350 3084 1486 3139 ἀλλά
1542 3085 1851 3156 καινότερον
1951 3102 1974 3147 ι

1829 3101 1851 3138 ν
1951 3092 2231 3161 tumquid,
2256 3090 2457 3144 mundo
2511 3090 2685 3157 palam
2723 3088 2945 3142 facere:
3003 3088 3097 3141 sed
3146 3100 3283 3154 Opus
3335 3085 3506 3154 magis

297 3175 390 3226 καὶ
443 3172 869 3243 παραδοξότερον
906 3174 1000 3226 καὶ⁵
1054 3173 1195 3226 θεῖον
1222 3173 1401 3243 ἔργον,
1438 3173 1513 3236 ὠς
1558 3173 1793 3244 άληθῶς,
1823 3176 1852 3227 ὁ
1880 3196 1922 3255 c
1954 3200 1974 3237 ι

1826 3176 1852 3227 ὁ
1880 3196 1922 3255 c
1954 3200 2178 3249 novum,
2231 3185 2538 3239 inauditum
2576 3182 3000 3251 et'paradoxum
3045 3180 3236 3250 magis,
3290 3178 3503 3233 divinus

296 3267 395 3335 τῆς
424 3265 633 3334 φύσεως
662 3266 819 3336 ήμῶν
838 3266 1087 3334 Πλάστης
1108 3266 1201 3318 καὶ
1226 3264 1560 3336 Δημιουργδς
1587 3264 1850 3335 κατέστη-

302 3373 414 3408 σεν.
473 3355 534 3408 Ὀ
586 3355 686 3423 μὲν
726 3355 835 3423 γάρ
897 3357 1213 3424 ἀνθρώπους
1261 3356 1724 3425 τρισαλιτηρίους,
1756 3358 1852 3409 ἀν·

301 3447 549 3518 θρώπους
569 3447 678 3501 οὐδ’
716 3448 797 3511 είς
822 3446 1052 3517 ἀριθμόν
1085 3464 1205 3500 τινα
1248 3447 1653 3511 συντελοῦντας,
1684 3448 1854 3501 πάλαι

300 3542 399 3609 τῆς
432 3540 711 3609 ἱερατικῆς
742 3539 898 3603 ἀξίας
936 3539 1448 3607 ἀπογυμνωθέντας,
1501 3540 1596 3594 καὶ
1625 3541 1731 3593 τῶν
1762 3543 1856 3595 ἐκ·

304 3629 703 3697 κλησιαστικῶν
756 3629 1049 3696 συλλόγων,
1107 3628 1172 3680 δι’
1234 3626 1300 3691 ἃς
1342 3628 1521 3691 αίτίας
1546 3629 1664 3681 οὐδὲ
1701 3628 1856 3699 θέμις

305 3722 481 3789 λέγειν
524 3720 694 3791 ἡμῖν,
739 3719 1288 3789 ἐξοστρακισθέντας,
1331 3719 1410 3781 δίς
1469 3719 1853 3783 ἀποθανόντας,

305 3810 722 3882 ἐκριζωθέντας,
776 3810 919 3865 κατά
985 3811 1083 3880 τὴν
1119 3811 1479 3880 άποστολικὴν
1511 3811 1639 3880 περὶ
1676 3810 1857 3863 αὐτῶν

305 3905 755 3974 προαναφώνησιν
777 3941 794 3967 ,
815 3904 1075 3967 σπίλους
1120 3903 1218 3956 καὶ
1250 3902 1510 3971 μώμους,
1537 3904 1856 3970 τολμητὰς,

306 3994 611 4060 αὐθάδεις·
644 3994 869 4057 τούτους
918 3994 1175 4055 ὑπεισδὺς
1207 3992 1299 4045 καὶ
1328 3993 1426 4061 τῆς
1452 3991 1658 4054 οίκείας
1689 4009 1857 4061 πονη⁹

312 4089 429 4155 ρίας
452 4087 807 4157 ἐργαστήριον
860 4085 1321 4155 προστησάμενος,
1360 4085 1428 4136 δι’
1472 4084 1650 4139 αὐτῶν
1680 4085 1861 4137 πᾶσαν

310 4179 786 4249 καταστρέψαικαὶ
816 4176 1141 4231 καταλαϐεῖν
1162 4177 1257 4245 τὴν
1298 4175 1625 4243 Ἐκκλησίαν
1650 4176 1858 4246 ἐφρυά-

313 4275 473 4338 ξατοο
509 4275 536 4323 ό
569 4271 647 4335 δὲ,
675 4266 763 4324 οἷα
798 4270 862 4340 δὴ
898 4269 1175 4338 Θαυμάσιά
1242 4267 1400 4337 μόνος
1452 4268 1639 4333 ποιῶν,
1669 4268 1761 4319 καὶ
1805 4268 1863 4318 ἐν

311 4364 429 4423 ταῖς
460 4361 669 4429 Θλίψεσι
708 4359 987 4413 πλατύνων
1014 4359 1140 4420 τοὺς
1186 4358 1644 4427 ἐπικαλουμένους
1676 4359 1859 4420 αὐτὸν,

314 4451 408 4503 καὶ
420 4451 542 4503 τότε
568 4450 800 4520 μάλιστα
812 4449 1070 4503 δεικνύων
1085 4450 1144 4502 τὸ
1159 4450 1255 4519 τῆς
1276 4449 1532 4519 προνοίας
1550 4450 1757 4517 ἄφατον
1771 4450 1863 4500 καλ⁹

1953 3284 2162 3329 natura
2191 3284 2389 3329 nostra:
2415 3274 2607 3343 Opifex
2622 3283 2679 3328 et
2701 3273 2961 3327 Conditor
2982 3287 3048 3326 ex
3070 3272 3296 3325 adverso
3318 3270 3503 3323 edidit.

1955 3367 2052 3420 llle
2085 3365 2334 3419 homines
2362 3363 2600 3417 nefarios
2623 3372 2684 3417 et
2710 3363 2987 3431 improbos
3020 3362 3074 3414 in
3109 3361 3257 3414 nullo
3279 3373 3509 3413 numero

1953 3456 2255 3518 habendos.
2307 3453 2628 3509 sacerdotali
2667 3453 2876 3521 pridem
2920 3452 3178 3523 dignitate
3229 3451 3508 3520 spoliatos,

1953 3550 2185 3605 coetibus
2222 3548 2600 3603 ecclesiasticis
2652 3545 2767 3616 (sed
2807 3559 2942 3614 quas
2987 3544 3057 3598 ob
3102 3558 3310 3605 causas,
3368 3541 3512 3595 haud

1957 3639 2090 3694 libet
2117 3639 2319 3708 dicere)
2353 3648 2584 3701 amotos,
2603 3637 2842 3703 abactos,
2871 3636 2955 3689 bis
2986 3645 3244 3697 mortuos,
3275 3633 3511 3686 eradica-

1955 3741 2059 3793 tos.
2111 3730 2263 3799 juxta
2316 3729 2670 3797 apostolicum
2722 3728 2789 3782 de
2838 3728 3033 3781 talibus
3083 3725 3510 3795 pronuntiatum,

1956 3820 2214 3881 maculas,
2252 3834 2468 3879 momos,
2502 3818 2750 3883 audaces,
2786 3826 3137 3886 arrogantes:
3170 3815 3224 3868 in
3253 3815 3384 3868 istos
3427 3816 3504 3868 ub

1956 3926 2015 3965 se
2072 3909 2438 3963 insinuaverat
2475 3908 2742 3970 diabolus,
2781 3916 2835 3961 et
2878 3908 2945 3960 ad
2976 3905 3206 3975 propria:
3260 3905 3517 3972 nequitia:

1957 4000 2224 4056 ofﬁcinam
2254 4000 2609 4069 applicuerat,
2636 4015 2734 4068 per
2764 3998 2884 4052 illos
2909 3997 3217 4050 universam
3249 4010 3515 4063 occupare

1960 4090 2275 4155 Ecclesiam,
2334 4104 2431 4158 per
2466 4104 2731 4143 summam
2789 4086 3173 4155 impudentiam
3219 4085 3512 4138 nitebatur.

1961 4181 2068 4236 Sed
2110 4182 2271 4243 Deus,
2303 4180 2395 4248 qui
2444 4179 2703 4233 miracula
2742 4188 2995 4247 Operatur
3036 4176 3183 4231 solus
3207 4214 3223 4237 .
3256 4176 3519 4230 etdilatat

1962 4274 2276 4328 invocantes
2306 4288 2365 4325 se
2406 4273 2459 4325 in
2494 4270 2892 4334 afflictionibus,
2925 4270 3017 4338 qui
3048 4284 3158 4323 sua:
3224 4268 3516 4338 providen-

1963 4366 2050 4419 tize
2067 4365 2379 4431 sapientiam
2405 4363 2833 4431 inexplicabilem
2854 4360 3110 4420 ostendit,
3130 4375 3251 4413 cum
3282 4359 3518 4425 undique

1968 4454 2429 4510 inextricabilibus
2472 4453 2872 4508 circumdamur
2925 4450 3175 4505 fluctibus
3226 4448 3469 4518 oppressi
3503 4490 3517 4510 ,

316 4540 496 4607 σοφὸν,
510 4541 598 4592 ὅτε
612 4539 941 4609 πανταχόθεν
954 4540 1011 4592 τὸ
1022 4540 1222 4610 ἄπορον
1237 4541 1561 4610 περιέστηκε
1575 4540 1665 4591 καὶ
1676 4540 1864 4603 δεινὸν,
1892 4527 1944 4587 D
1969 4562 1993 4599 ε

1849 4579 1864 4603 .
1892 4527 1944 4587 D
1969 4547 2104 4600 adeo
2146 4554 2508 4613 comparatam
2540 4552 2594 4596 et
2650 4550 3099 4603 consummatam,
3142 4553 3269 4592 vere
3307 4539 3362 4590 in
3404 4538 3522 4606 ipso

314 4629 409 4680 ἐπὶ
424 4629 670 4681 τοσοῦτον
689 4630 856 4698 αὐτὴν
875 4629 1384 4699 συγκεκροτημένην
1402 4632 1495 4682 καὶ
1510 4629 1870 4698 κατηρτισμέ-

316 4736 433 4787 νην,
461 4721 556 4772 καὶ
596 4720 669 4782 ὡς
696 4719 910 4788 άληθῶς
938 4722 995 4773 ἐν
1015 4722 1189 4790 ἐαυτῷ
1212 4721 1675 4791 τεθεμελιωμένην
1694 4763 1709 4786 ,
1752 4722 1870 4775 ἀνέ-

1966 4637 2264 4699 fundatam,
2295 4646 2353 4689 ut
2382 4651 2490 4689 non
2515 4635 2686 4689 solum
2717 4647 2900 4702 parem
2945 4641 2999 4686 et
3042 4631 3373 4699 adaequatam
3406 4644 3522 4681 ma-

1967 4730 2095 4784 litia:
2145 4743 2254 4781 suae
2280 4728 2487 4797 plagam
2534 4726 2706 4779 malus
2741 4724 2989 4792 accipiat.
3021 4723 3114 4776 sed
3143 4721 3312 4775 multo
3350 4719 3517 4772 vehe-

316 4810 507 4873 δειξεν,
522 4810 595 4871 ώς
613 4811 673 4862 οὐ
695 4813 850 4878 μόνον
869 4813 1190 4882 ἀντίρροπον
1206 4813 1303 4879 τῆς·
1320 4811 1650 4881 κακουργίας
1672 4812 1761 4863 τὸν
1781 4829 1873 4864 πο-
1970 4836 1993 4873 ι]

1851 4841 1873 4850 -
1970 4820 2287 4874 mentiorem
2338 4828 2393 4871 et
2447 4831 2571 4870 cum
2617 4815 2809 4884 majori
2858 4816 3201 4881 conjunctam
3256 4819 3528 4865 tormento

318 4905 483 4973 νηρὸν
506 4905 602 4975 τὴν
633 4905 845 4977 πληγὴν
873 4907 1144 4970 δέξασθαι,
1174 4907 1308 4959 ἀλλὰ
1329 4908 1461 4959 πολὺ
1492 4908 1874 4978 χαλεπωτέραν
1972 4929 1995 4981 p

1850 4925 1874 4961 ν
1972 4919 2244 4981 procuret.
2303 4908 2583 4973 Quomodo
2639 4908 2783 4961 enim
2841 4921 2949 4960 non
3003 4904 3261 4973 infligitur
3313 4902 3527 4956 diabolo

320 5000 414 5052 καὶ
425 5000 798 5070 ἀλγεινοτέραν
810 5002 1098 5071 είσπράττε
1107 5004 1246 5055 σθαιο
1261 5004 1376 5065 πῶς
1390 5004 1496 5073 γὰρ
1513 5005 1627 5071 οὐχὶ
1642 5004 1868 5073 μεγίστη

319 5092 415 5143 καὶ
440 5092 655 5155 ἀνίατος
678 5093 754 5161 τῷ
774 5094 1002 5165 διαϐόλῳ
1026 5100 1054 5165 ἡ
1076 5095 1276 5163 πληγὴ,
1312 5096 1391 5147 ὅτι
1419 5113 1523 5165 περ
1547 5098 1605 5145 ἐν
1636 5095 1872 5165 τοσαύτῃ

321 5182 457 5252 ζάλῃ
488 5184 579 5235 καὶ
600 5185 898 5257 τηλικαύτῃ
928 5187 1181 5257 συγχύσει
1221 5186 1315 5239 καὶ
1363 5185 1650 5255 μεταϐολῇ,
1684 5186 1743 5237 ού
1782 5202 1871 5251 μι-

323 5275 454 5343 κρὸς
478 5277 539 5327 οὐ
571 5276 762 5343 μέγας,
793 5278 892 5330 οὐκ
921 5280 1137 5349 ἀσήμου
1161 5279 1369 5341 πόλεως
1386 5280 1695 5349 ἀρχιερεὺς,
1720 5278 1779 5330 οὐ
1810 5279 1870 5330 τὸ

322 5367 591 5436 ἐπίσημον
620 5368 865 5439 ἐχούσης,
901 5370 1000 5424 οὐκ
1034 5372 1091 5423 ἐν
1123 5371 1265 5441 λόγῳ
1306 5370 1539 5440 ίδιώτης,
1578 5371 1675 5423 οὐκ
1698 5373 1871 5441 ἀμφο-

321 5460 558 5528 τέρωθεν
594 5462 954 5532 ὡπλισμένος,
1002 5467 1095 5518 καὶ
1147 5465 1447 5536 σύνδραμον
1498 5466 1636 5534 ἔχων
1672 5466 1737 5535 τῇ
1778 5480 1875 5516 πυ-

326 5556 545 5625 κνότητι
578 5558 677 5627 τῆς
703 5558 938 5623 διανοίας
974 5561 1034 5613 τὸ
1064 5560 1241 5631 ῥεῦμα
1270 5563 1369 5631 τῆς
1400 5561 1663 5631 γλώττης,
1690 5559 1788 5611 οὐκ
1817 5560 1874 5609 ἐν

328 5643 426 5715 βίῳ
456 5646 725 5718 λαμπρὸς,
760 5652 858 5705 οὐκ
909 5654 964 5706 ἐν
1005 5655 1257 5723 ἀκριϐείᾳ
1286 5655 1565 5725 δογμάτων
1617 5651 1869 5717 περίϐλε-

1979 5002 2209 5058 maxima
2245 5010 2300 5055 et
2324 5000 2636 5054 insanabilis
2659 5000 2831 5069 plaga,
2861 5011 2983 5050 cum
3007 4996 3062 5048 in
3093 5004 3239 5048 tanta
3268 4992 3525 5061 procella,

1978 5090 2070 5144 tali
2104 5104 2285 5143 rerum
2316 5086 2653 5149 confusione,
2692 5095 2838 5139 tanta
2887 5099 3064 5138 rerum
3090 5083 3406 5145 mutatione,
3436 5096 3529 5134 ne-

1977 5199 2064 5239 mo
2091 5197 2306 5254 parvus,
2356 5195 2599 5250 magnus,
2628 5180 2871 5233 obscura?
2900 5176 3167 5230 urbeculae
3221 5175 3528 5242 episcopus,

1977 5282 2176 5336 nedum
2205 5275 2289 5330 cui
2315 5281 2509 5342 praeest
2535 5271 2728 5339 aliquis
2762 5268 2992 5324 eximius
3019 5287 3032 5321 :
3062 5281 3223 5320 nemo
3276 5264 3425 5318 rudis
3475 5264 3529 5316 in

1978 5386 2248 5432 sermone,
2294 5382 2454 5422 nemo
2486 5365 2739 5431 utrinque
2778 5368 3138 5428 comparatus.
3192 5355 3284 5425 qui
3339 5355 3533 5423 lingua:

1980 5464 2367 5519 volubilitatem
2398 5472 2520 5511 cum
2550 5454 2796 5508 acumine
2831 5450 3025 5504 mentis
3066 5447 3409 5514 coniunctam
3437 5443 3533 5495 ha-

1981 5554 2109 5609 bet:
2136 5564 2294 5605 nemo
2322 5554 2540 5616 propter
2569 5545 2729 5598 vitam
2786 5540 3038 5599 illustris,
3068 5546 3282 5606 propter
3310 5534 3531 5601 dogma-

1983 5658 2093 5701 tum
2141 5642 2521 5698 sublimitatem
2564 5635 2905 5704 conspicuus,
2949 5630 3129 5685 nullus
3159 5628 3314 5696 plane
3369 5626 3533 5677 homo

1594 5785 1820 5843 VAle
1861 5782 2260 5842 LECTlleES.

400 5860 426 5887 ιι
462 5852 526 5902 ῑσ
582 5853 807 5919 φαίνειν.
