4248 6444
753 408 865 478 759

1899 401 2159 467 ΡΗΟΤΙΙ
2190 394 2691 461 PATBIARCILE
2729 396 2837 457 CP.

3876 387 3993 452 760

753 540 878 579 cum
914 532 1156 593 tempore
1187 521 1502 578 immutatus
1528 517 2005 590 comprehenditur
2034 534 2047 569 :
2077 526 2179 568 nec
2203 523 2314 566 ces-
2348 511 2388 565 Α
2420 525 2430 559 τ

2348 511 2388 565 Α
2420 524 2571 571 πτος,
2620 508 2734 562 ἀλλ’
2767 507 2900 567 δλως
2952 503 3126 565 οὐδεὶς
3175 498 3416 571 οὐδαμοῦ
3462 498 3545 593 τώ
3578 496 3756 593 ut:th
3787 498 3995 593 συναλ-

755 617 828 670 sit
864 615 981 670 loco
1006 613 1234 669 torrenti
1262 612 1443 668 omnia
1467 611 1758 680 abripienti
1789 628 1801 664 :
1822 610 1964 664 inter
1986 621 2177 662 omnes
2199 622 2315 661 om-

753 706 883 760 nino
904 706 996 775 qui
1015 706 1083 761 de
1108 706 1275 760 choro
1297 704 1511 759 fuerant
1532 702 1906 774 religiosorum
1936 700 2082 772 (quis
2125 714 2313 754 eorum

753 812 852 867 per
907 798 1239 853 auditionem
1274 797 1573 866 antiquam,
1612 794 1812 851 nedum
1849 808 1947 863 per
1993 800 2313 862 pmsentem

754 904 925 959 spem,
944 891 1256 960 priusquam
1278 906 1364 945 res
1380 897 1670 953 constaret,
1695 889 1796 942 hoc
1828 887 2048 942 credet?
2069 886 2109 951 ),
2129 899 2319 940 omnes

754 980 953 1035 diaboli
1012 981 1251 1051 laqueos,
1310 978 1534 1034 insidias
1563 993 1773 1044 omnes,
1830 979 2009 1033 omnia
2069 978 2313 1041 artificia,

756 1072 866 1126 vim
888 1088 1103 1129 omnem
1130 1074 1448 1128 intentatam
1473 1071 1609 1126 infra
1639 1086 1698 1126 se
1719 1071 1947 1142 positam
1980 1070 2317 1126 demonstra-

757 1172 904 1217 runt.
944 1161 1248 1219 Jucundum
1294 1163 1425 1218 mihi
1454 1172 1557 1224 est,
1586 1162 1686 1217 ista
1729 1163 1873 1232 apud
1906 1176 2000 1217 vos
2054 1161 2321 1232 imprimis

758 1256 1035 1326 prosequi,
1092 1256 1182 1325 qui
1207 1272 1397 1327 magna
1432 1271 1558 1325 pars
1603 1271 1790 1310 eorum
1825 1254 1975 1319 estis,
2004 1254 2070 1309 de
2125 1253 2320 1323 quibus

760 1348 876 1402 haec
914 1346 1139 1402 mirifica
1174 1355 1575 1402 recensentur:
1624 1346 1807 1415 Neque
1836 1348 1978 1401 enim
2030 1345 2319 1415 quidquam

759 1440 1220 1495 commilitonibus
1257 1440 1499 1495 accidere
1529 1448 1703 1509 potest
1724 1441 1947 1510 gratius,
1983 1439 2167 1494 dolore
2191 1438 2322 1491 alio-

760 1530 851 1598 qui
891 1530 1174 1595 confectis,
1233 1546 1393 1598 quam
1452 1539 1509 1585 ut
1560 1545 1674 1584 rem
1710 1531 1996 1600 pugnando
2049 1529 2185 1583 bene
2229 1544 2323 1597 ge-

762 1629 926 1675 rant:
967 1622 1057 1674 sed
1105 1621 1428 1683 malitiosus,
1468 1625 1645 1689 [quem
1695 1622 1824 1685 dixi,
1874 1620 2083 1675 daemon
2134 1634 2323 1673 omnes

763 1710 1049 1764 confertim
1081 1711 1367 1779 deglutire,
1408 1721 1463 1766 et
1492 1728 1588 1781 per
1615 1727 1741 1767 suas
1780 1711 2048 1781 nequitias
2101 1710 2322 1766 fraudu-

762 1795 934 1851 lentas
991 1798 1252 1867 impedire
1308 1800 1590 1856 fremendo
1640 1801 1901 1871 gloriatur
1945 1820 1957 1855 :
2009 1812 2207 1855 sancta:
2246 1812 2324 1856 ta-

763 1900 886 1939 men
922 1886 1177 1943 Ecclesiaa
1226 1890 1511 1946 multitudo
1572 1892 1743 1962 ipsius
1794 1892 2218 1948 machinationes
2274 1902 2328 1948 et

766 1978 991 2032 consilia
1024 1980 1254 2047 deridet,
1279 1991 1335 2038 et
1364 1983 1599 2039 ludibrio
1626 1985 1807 2049 habet,
1826 1985 1953 2040 dum
1985 1986 2085 2039 sub
2112 1984 2328 2041 Christo

764 2070 941 2137 capite
974 2070 1227 2133 militant.
1257 2080 1313 2127 et
1337 2074 1457 2145 ejus
1494 2075 1714 2129 ductum
1746 2077 2032 2131 observant
2064 2094 2078 2131 :
2116 2088 2177 2132 ut
2200 2093 2327 2147 cap-

762 2158 901 2213 tivos
926 2159 1106 2229 potius
1133 2162 1392 2230 quosdam
1422 2164 1696 2219 abducunt
1724 2166 1955 2232 veritati,
1984 2184 2143 2237 quam
2162 2170 2332 2223 utali-

765 2251 887 2319 quis
908 2265 973 2305 ex
998 2251 1129 2320 ipsis
1154 2252 1413 2323 fugitivus
1440 2258 1665 2313 exsistat
1688 2267 1745 2315 et
1792 2259 2035 2314 desertor
2054 2260 2325 2316 ordinum.

765 2342 1101 2413 Quapropter
1158 2346 1201 2399 si
1236 2346 1450 2403 diabolo
1505 2352 1725 2405 daretur
1757 2352 1923 2422 optio,
1966 2363 2146 2407 utrum
2203 2354 2327 2408 talia

767 2435 1027 2491 adhibere
1075 2453 1201 2493 vasa
1226 2440 1477 2508 voluerit,
1528 2444 1704 2512 qualia
1752 2455 1899 2507 sunt,
1938 2446 1990 2500 in
2017 2462 2135 2516 qua:
2188 2464 2331 2504 nunc

766 2527 975 2594 incidit,
1008 2531 1225 2599 capacia
1262 2532 1432 2587 totius
1464 2536 1797 2603 operationis
1850 2538 2053 2606 ipsius:
2091 2548 2202 2594 tum
2231 2538 2331 2595 Ec-

765 2620 983 2674 clesiam
1042 2622 1115 2675 ita
1145 2624 1370 2680 viriliter
1419 2635 1475 2681 et
1503 2628 1744 2683 animose
1790 2640 2196 2685 concertantem
2257 2650 2325 2687 ex

763 2706 988 2763 adverso
1017 2710 1318 2766 consistere
1350 2729 1365 2777 ;
1401 2729 1526 2768 vasa
1561 2715 1646 2769 illa
1679 2726 1737 2771 ut
1774 2716 1989 2788 figulina
2026 2734 2147 2773 cum
2181 2720 2330 2788 ipso-

764 2806 873 2853 met
894 2799 1101 2856 artifice
1151 2802 1600 2875 confringentem,
1627 2823 1808 2863 annon
1840 2809 2067 2863 istorum
2117 2810 2332 2879 experi-

767 2896 1012 2942 mentum
1065 2888 1247 2946 facere
1302 2894 1482 2961 potius
1538 2898 1993 2953 recusaret‘lnec
2042 2898 2164 2953 talia
2207 2913 2332 2953 vasa

766 2980 1025 3049 reperire,
1059 2984 1143 3037 vel
1165 2986 1235 3039 ab
1254 2985 1318 3041 iis
1346 2988 1599 3056 gaudium
1632 3000 2019 3058 proventurum
2040 2992 2329 3057 somniare,

768 3086 932 3139 quam
967 3072 1259 3129 Ecclesiam
1286 3077 1481 3131 intueri
1506 3080 1575 3132 ita
1600 3080 1905 3134 roboratam
1935 3095 1997 3135 ac
2027 3081 2329 3150 vigentem,

2420 599 2658 662 λοιωθεὶς
2688 594 2948 667 ἠλέγχθη,
2984 592 3134 647 οὐδὲν
3159 591 3356 643 ἔδωκεν
3381 591 3448 660 τῇ
3486 587 3635 661 ῥύμῃ
3663 587 3756 641 τοῦ
3790 586 3993 656 φέρον-

2419 710 2507 756 τος
2527 709 2539 724 ο
2569 690 2804 752 ἀπαντες
2826 688 2870 740 δ’
2913 686 3098 749 ἁπλῶς
3123 684 3238 738 ὅσοι
3264 683 3358 735 τοῦ
3388 680 3551 753 χοροῦ
3570 682 3669 751 τῆς
3694 681 3986 742 εὐσεϐείας

2420 784 2675 852 γεγόνασι
2739 780 2844 852 (τίς
2905 779 3042 849 ἀκοῇ
3099 774 3310 846 παλαιᾷ
3367 774 3565 844 μήτιγε
3621 771 3797 825 ἑλπίδι
3861 771 3988 841 νέᾳ,

2422 878 2553 949 πρὶν
2582 874 2891 945 πραχθῆναι
2925 870 3081 924 τοῦτο
3121 866 3501 940 παρεδέξατο),
3530 868 3710 936 πάσης
3749 865 3932 935 πάγης
3964 871 3993 897 ν

2425 972 2519 1026 τοῦ
2543 967 2801 1042 πονηροῦ,
2834 968 2928 1021 καὶ
2958 966 3139 1035 πάσης
3178 963 3495 1032 ἐπιϐουλῆς,
3544 962 3641 1015 καὶ
3670 960 3871 1023 παντὸς
3899 975 3997 1011 τε-

2427 1066 2732 1136 χνάσματος
2755 1062 2848 1114 καὶ
2874 1059 2993 1129 βίας
3021 1056 3326 1128 κρείττονες
3344 1054 3625 1124 ὤφθησαν.
3655 1052 3781 1106 Ἡδὺ
3806 1052 3865 1105 δέ
3897 1068 3993 1120 μοι

2424 1158 2619 1221 ταῦτα,
2649 1156 2741 1209 καὶ
2772 1153 3005 1225 μάλιστα
3034 1152 3171 1220 πρὸς
3203 1150 3346 1220 ὑμᾶς
3369 1146 3645 1210 διεξιέναι,
3680 1146 3807 1206 τοὺς
3844 1144 3994 1213 μέγα

2430 1252 2591 1322 μέρος
2646 1247 2738 1302 τοῦ
2795 1246 3114 1318 τηλικούτου
3164 1243 3609 1315 χρηματίσαντας
3670 1238 3987 1307 θαύματος·

2427 1343 2548 1395 ἐπεὶ
2574 1341 2666 1394 καὶ
2698 1337 3126 1409 συστρατιώταις
3167 1334 3320 1387 οὐδὲν
3366 1332 3641 1403 ὴδύτερον,
3673 1330 3776 1383 κάν
3809 1328 3991 1390 άλλως

2427 1438 2485 1489 ὲν
2503 1433 2697 1494 λύπαις
2731 1424 2886 1492 ὦσιν,
2932 1428 2965 1497 ἢ
3008 1428 3075 1479 τά
3110 1429 3167 1478 δν
3219 1425 3473 1494 πολέμοις
3512 1424 3694 1486 αὐτοῖς
3724 1438 3992 1491 προσομι-

2427 1528 2538 1578 λεῖν
2570 1521 2965 1590 κατορθώματα
2983 1536 2995 1552 ο
3025 1518 3139 1571 ἀλλ’
3164 1519 3302 1587 ὅπερ
3328 1516 3533 1581 ελεγον,
3559 1516 3587 1567 ό
3634 1514 3729 1583 μὲν
3753 1514 3993 1582 πονηρὸς

2430 1616 2636 1687 ἀθρόως
2671 1614 2920 1675 ἅπαντας
2950 1611 3259 1672 καταπιεῖν,
3287 1608 3382 1661 καὶ
3413 1607 3512 1675 τῆς
3552 1606 3718 1660 αὐτοῦ
3751 1623 3993 1676 πανουρ-

2430 1708 2553 1777 γίας
2585 1706 2745 1774 ἔργον
2769 1703 2985 1767 δείξειν,
3011 1701 3247 1769 έφυσάτο
3294 1699 3391 1751 καὶ
3431 1698 3764 1768 έφρυάττετο
3784 1713 3797 1728 ·
3840 1697 3903 1749 τὸ
3930 1698 3993 1749 δὲ

2430 1798 2527 1868 τῆς
2567 1796 2889 1867 Ἐκκλησιας
2914 1795 3067 1862 ἅγιον
3105 1792 3395 1861 πλήρωμα,
3423 1789 3675 1843 τοσοῦτον
3701 1788 3865 1843 αὐτοῦ
3891 1789 3994 1853 τάς

2361 1869 2402 1925 Β
2434 1890 2679 1961 μηχανὰς
2718 1888 2813 1941 καὶ
2852 1887 2951 1949 τὰς
2996 1884 3234 1947 έπινοίας
3293 1881 3725 1952 ὲξεμυκτήρισάν
3785 1898 3843 1934 τε
3896 1882 3993 1934 καὶ

2429 1981 2818 2049 κατεγέλασαν,
2846 1975 3065 2047 Χριστῷ
3093 1977 3160 2045 τῇ
3193 1973 3403 2042 κεφαλῇ
3437 1970 3899 2041 στρατηγούμενοί
3928 1988 3991 2023 τε

2430 2074 2523 2127 καὶ
2553 2069 3027 2141 καθοδηγούμενοι,
3058 2066 3133 2129 ώς
3156 2064 3365 2119 ἑκεῖθεν
3402 2063 3602 2133 μᾶλλον
3651 2061 3990 2132 αἰχμαλωτί-

2431 2183 2520 2219 σαι
2537 2164 2707 2228 τινάς,
2726 2164 2819 2217 καὶ⁵
2834 2164 2899 2232 τῇ
2916 2160 3141 2230 ἀληθείᾳ
3159 2159 3551 2229 προσαγαγεῖν,
3567 2155 3598 2225 ἢ
3628 2156 3993 2224 λειποτάκτην

2432 2258 2526 2312 ἕνα
2548 2256 2668 2310 τινά
2708 2255 2807 2324 τῆς
2866 2252 3038 2323 καλῆς
3065 2250 3243 2305 αὐτῶν
3290 2247 3687 2319 παραχωρῆσαι
3734 2246 3993 2314 γενέσθαι

2430 2350 2652 2414 τάξεως.
2680 2348 2844 2402 ’Ὥστε
2873 2343 2926 2398 εῐ
2949 2360 3031 2406 τις
3059 2343 3266 2411 αἰρεσιν
3291 2340 3459 2393 έδίδου
3494 2339 3571 2410 τῷ
3603 2338 3854 2406 διαϐόλῳ,
3891 2339 3991 2390 πό-

2430 2459 2585 2512 τερον
2617 2440 2866 2493 έθούλετο
2910 2436 3133 2490 τοιαῦτα
3164 2434 3331 2504 σκεύη
3355 2435 3554 2504 εὑρεῖν,
3585 2433 3715 2494 οἵοις
3762 2431 3855 2485 νύν
3891 2448 3992 2483 πε-

2431 2534 2695 2605 ριέτυχεν,
2727 2532 2855 2601 ὅλην
2884 2526 3047 2582 αὐτοῦ
3085 2527 3183 2596 τὴν
3221 2526 3499 2594 ένέργειαν
3534 2536 3559 2565 ι
3599 2522 3844 2593 χωρῆσαι
3895 2521 3991 2574 δυ-

2430 2626 2654 2695 νάμενα·
2686 2622 2875 2675 ἔπειτα
2896 2620 2992 2692 τὴν
3007 2617 3333 2685 Ἐκκλησίαν
3355 2616 3526 2678 οὕτως
3547 2614 3693 2683 αὐτῷ
3723 2614 3991 2684 ἀνδρείως

2430 2716 2523 2767 καὶ
2598 2712 2840 2783 στερρῶς
2894 2708 3298 2780 ἀγωνιζομένην
3368 2704 3865 2774 ἀντικαταστῆναι,
3914 2703 3993 2767 ὡς

2432 2805 2601 2875 σκεύη
2633 2803 2917 2875 κεραμέως
2966 2801 3064 2855 σὺν
3110 2800 3258 2870 αὐτῷ
3291 2799 3507 2871 τεχνίτῃ
3558 2796 3728 2851 ταῦτα
3776 2796 3995 2866 συντρί-

2431 2898 2650 2959 6ουσαν,
2694 2895 2727 2966 ἢ
2785 2894 2904 2965 μήδ’
2938 2894 3125 2964 ἑτέρου
3171 2891 3374 2944 τούτων
3424 2892 3504 2951 είς
3564 2891 3757 2957 πεῖραν
3813 2887 3994 2941 ἐλθεῖν

2433 2990 2626 3047 πολλοῦ
2651 2989 2716 3045 ἂν
2744 2987 3079 3059 ιτιμήσατος
3111 2982 3246 3054 μήτε
3289 2982 3545 3034 τοιούτων
3584 2979 3795 3033 σκευῶν
3827 2978 3992 3030 εὐτυ-

2432 3085 2617 3156 χῆσαι,
2647 3085 2742 3138 καὶ
2772 3082 2869 3152 τὴν
2898 3090 2926 3130 Y
2971 3079 3056 3134 ἐπ’
3101 3079 3282 3140 αὐτοῖς
3338 3072 3602 3145 εὐθυμίαν
3638 3069 3993 3144 ὀνειροπολῆ-

767 3172 820 3215 et
850 3162 902 3218 in
958 3165 1135 3220 media
1164 3166 1338 3236 ipsius
1368 3168 1573 3224 viscera
1605 3170 1800 3225 vulnus
1833 3179 1941 3225 tam
1988 3174 2323 3227 mortiferum
2353 3200 2399 3264 ο
2436 3198 2444 3231 ‹

2319 3194 2323 3227 I
2353 3200 2399 3264 ρ
2436 3197 2545 3244 σαι,
2581 3179 2716 3247 μήτε
2762 3174 2860 3245 τὴν
2907 3170 3231 3241 Ἐκκλησίαν
3267 3166 3437 3231 οὕτως
3471 3166 3599 3219 ἰδεῖν
3626 3162 3996 3264 κραταιουμέ-

766 3251 1109 3320 inferentem,
1165 3266 1221 3312 et
1268 3257 1561 3327 gloriosum
1602 3260 1669 3315 de
1716 3270 1826 3315 tota
1871 3261 2038 3331 ipsius
2090 3265 2326 3333 potentia

766 3353 1027 3414 tropaum
1081 3356 1426 3403 statuentem.
1463 3349 1618 3416 Quod
1657 3351 1919 3420 profecto,
1949 3353 1992 3406 si
2035 3369 2142 3407 non
2164 3354 2328 3422 aliud,

766 3436 1050 3503 oportebat
1094 3451 1239 3501 eum,
1270 3437 1360 3508 qui
1420 3454 1567 3493 nunc
1615 3440 1842 3495 nimium
1904 3452 2202 3497 commotus
2249 3453 2333 3499 est

769 3536 967 3597 (neque
990 3528 1133 3583 enim
1156 3529 1416 3601 intelligo.
1441 3531 1591 3600 quid,
1618 3542 1711 3587 aut
1747 3532 2040 3602 quomodo,
2069 3549 2190 3589 cum
2221 3551 2331 3589 ma-

765 3621 869 3688 jori
905 3621 1164 3677 modestia
1188 3622 1386 3692 dicam)
1413 3624 1671 3685 revereri.
1703 3639 1805 3679 nec
1828 3625 2172 3679 victoriarum
2200 3628 2332 3681 ado-

769 3727 887 3767 reas
933 3727 1041 3766 non
1078 3713 1259 3767 conari
1328 3728 1359 3767 a
1414 3728 1507 3767 sua
1594 3714 1808 3783 propria
1860 3714 1987 3769 sede
2035 3716 2329 3771 dimovere.

769 3802 966 3867 Quidni
1016 3803 1208 3857 enim?
1241 3803 1366 3859 licet
1398 3818 1508 3858 non
1541 3804 1790 3860 effectum
1825 3806 1990 3872 dedit,
2016 3808 2160 3877 quod
2199 3824 2332 3863 con-

769 3904 986 3963 ceperat
1035 3896 1235 3960 animo,
1270 3896 1495 3967 gratiam
1513 3907 1693 3952 tamen
1717 3898 2140 3955 eliloresccntem
2192 3917 2333 3954 mar-

768 4001 983 4039 cescere
1043 3986 1188 4050 fecit,
1246 4002 1313 4042 eo
1361 3989 1504 4058 quod
1555 3990 1845 4060 cogitavit,
1906 4006 2024 4060 qua:
2081 3993 2333 4063 cogitatio

771 4078 1045 4147 redarguit
1068 4080 1399 4148 opinionem.
1432 4080 1621 4134 Divina
1651 4090 1828 4134 autem
1864 4084 2027 4151 gratia
2048 4084 2332 4152 providen-

770 4168 921 4231 tiam,
974 4185 1077 4238 qua
1108 4186 1206 4224 nos
1241 4186 1465 4239 semper
1496 4180 1698 4226 tutatus
1740 4182 1844 4236 est,
1886 4188 2028 4226 nunc
2071 4175 2331 4238 ostendit.

769 4276 893 4312 cum
930 4259 983 4312 in
1038 4260 1289 4316 effectum
1322 4263 1541 4331 prodire
1564 4278 1673 4318 non
1713 4263 1785 4317 sit
1806 4278 1983 4333 passa,
2016 4265 2160 4334 quod
2190 4262 2333 4335 apml

768 4352 1008 4406 animum
1054 4353 1141 4407 ille
1168 4355 1539 4409 constituerat.

830 4441 1119 4506 Cancrum,
1166 4445 1238 4498 mi
1273 4444 1369 4509 fili,
1426 4446 1571 4499 nulla
1619 4446 1739 4501 talis
1792 4447 2047 4517 deinceps
2095 4459 2329 4504 mentem

2431 3289 2527 3341 νην
2551 3269 2641 3323 καὶ
2658 3266 3039 3330 ἀκμάζουσαν,
3060 3260 3152 3315 καὶ
3170 3258 3257 3313 διά
3278 3259 3454 3328 μέσων
3472 3257 3634 3311 αὐτοῦ
3666 3254 3995 3325 σπλάγχνων

2432 3364 2653 3433 καιρίαν
2689 3359 2840 3413 οὔπω
2864 3356 2959 3410 καὶ
2987 3353 3193 3425 πικρὰν
3210 3352 3305 3423 τὴν
3333 3350 3548 3421 πληγὴν
3572 3349 3861 3419 φέρουσαν,
3895 3345 3996 3397 καὶ

2430 3453 2676 3525 λαμπρὸν
2704 3450 2934 3504 ἱστῶσαν
2965 3446 3107 3503 κατά
3140 3445 3319 3514 πάσης
3353 3440 3517 3496 αὑτοῦ
3545 3440 3644 3510 τῆς
3671 3435 3994 3498 δυναστείας

2430 3546 2489 3599 τὸ
2510 3546 2764 3617 τρόπαιον
2792 3542 2927 3610 ὅπερ
2961 3539 3008 3591 εί
3058 3537 3130 3607 μή
3162 3553 3215 3588 τι
3262 3533 3405 3604 ἀλλῳ
3436 3530 3625 3602 ἐχρῆν,
3660 3526 3867 3582 καὶτὸν
3896 3525 3995 3579 νῦν

2432 3639 2512 3710 (ού
2540 3640 2647 3707 γὰρ
2673 3629 2789 3688 οἶδα
2820 3632 2933 3692 πῶς
2981 3626 3328 3698 ἀλυπώτερον
3355 3624 3515 3691 εῐπω)
3554 3618 3993 3676 ύποσαλευθέντα

2432 3725 2902 3795 ἐκδυσωπηθῆναι,
2935 3723 3026 3775 καὶ
3066 3720 3140 3790 μὴ
3177 3719 3302 3779 τοὺς
3345 3716 3443 3785 τῆς
3475 3713 3630 3781 νίκης
3689 3710 3991 3779 στεφάνους

2436 3817 2715 3891 μονονουχὶ
2740 3814 2832 3867 τοῦ
2869 3813 2997 3866 ίδίου
3021 3809 3315 3879 ἐπιχειρεῖν
3341 3803 3589 3874 ἀνασπᾷν
3612 3800 3863 3873 μετώπου
3888 3817 3901 3831 ·
3932 3799 3990 3853 τί

2433 3890 2539 3979 γάρ
2577 3910 2624 3960 εί
2660 3907 2755 3960 καὶ
2813 3906 2887 3974 μὴ
2947 3901 3179 3970 ἔπραξεν
3230 3898 3267 3952 ἀ
3302 3896 3646 3967 ἑμελέτησεν,
3710 3892 3847 3946 ἀλλά
3890 3890 3992 3961 τὴν

2432 3998 2698 4053 ἀνθοῦσαν
2717 3996 2875 4066 χάριν
2920 3994 3190 4063 ἑμάρανεν
3232 3984 3312 4053 οἷς
3364 3988 3611 4040 ἰδίστασε
3639 4001 3654 4015 °
3693 3986 3787 4038 καὶ
3827 3985 3861 4054 ἡ
3891 3986 3993 4051 μὲν

2437 4091 2631 4162 μελέτη
2669 4088 2767 4158 τὴν
2819 4084 3045 4154 γνώμην
3078 4080 3328 4154 ήλεγξεν·
3360 4082 3393 4149 ἠ
3440 4078 3496 4132 δὲ
3540 4077 3660 4130 θεία
3704 4076 3887 4146 χάρις,
3922 4078 3991 4143 ἠν

2434 4185 2545 4252 ἔχει
2577 4180 2868 4250 περὶὴμάς
2899 4178 3175 4246 πρόνοιαν,
3210 4173 3305 4225 καὶ
3344 4169 3439 4222 νῦν
3485 4168 3682 4234 ἔδοξεν,
3720 4167 3798 4231 είς
3828 4166 3992 4236 ἔργον

2430 4274 2527 4344 τὴν
2559 4271 2751 4344 βουλὴν
2779 4268 2951 4323 ἐλθεῖν
2982 4266 3081 4318 οὐκ
3134 4264 3359 4318 έάσασα.

2527 4448 2686 4501 Ἀλλά
2756 4445 2917 4516 μηδέν
2971 4460 3054 4496 σοι
3101 4441 3162 4494 τδ
3219 4439 3404 4493 λοιπὸν
3457 4436 3589 4508 μηδὲ
3651 4419 3909 4495 ¹ἶοιοῦτον,
3944 4426 3993 4485 ὦ

770 4534 969 4602 irrepat
1010 4534 1291 4604 cogitatio.
1332 4535 1385 4589 In
1440 4538 1690 4605 praesenti
1728 4538 1873 4591 enim
1913 4542 2111 4594 omissa
2156 4541 2327 4596 incre-
2359 4540 2403 4596 D
2430 4561 2447 4596 σι

2311 4572 2327 4581 -
2359 4540 2403 4596 D
2430 4542 2637 4602 τέκνον,
2686 4534 3123 4606 διαμελετάσθω’
3168 4531 3268 4601 ήδη
3323 4530 3451 4599 γὰρ,
3513 4528 3614 4599 ἥδη
3655 4527 3783 4589 τοὺς
3832 4524 3988 4592 δλιγ.

768 4624 984 4692 patione
1048 4626 1195 4681 omni
1252 4642 1357 4695 qua
1402 4627 1663 4683 hactenus
1718 4643 1837 4683 mea
1901 4630 2070 4699 ipsius
2121 4631 2325 4686 viscera

769 4714 1012 4769 feriendo
1060 4716 1360 4779 vulneravi,
1408 4719 1567 4786 quod?
1604 4719 1778 4789 ipsum
1819 4720 2063 4775 dolenter
2132 4721 2326 4780 fecisse

767 4822 854 4860 me
898 4806 1174 4875 profiteor.
1237 4808 1388 4863 Licet
1437 4810 1581 4863 enim
1650 4812 1936 4877 medicina,
1987 4814 2325 4871 concisiones

766 4898 964 4962 etiam,
1024 4902 1327 4953 necessaria
1395 4901 1537 4965 sint,
1586 4910 1762 4956 tamen
1833 4918 1957 4974 erga
2017 4904 2322 4962 laborantes

766 4999 820 5041 ct
874 4989 1141 5044 cruciatos
1213 4993 1516 5059 compassio
1581 5000 1802 5061 superat
1862 4994 2007 5063 leges
2062 4996 2321 5051 doctrina:

767 5081 1027 5149 cujusque
1076 5087 1129 5134 et
1174 5080 1453 5135 medicinae
1485 5103 1496 5138 ι
1529 5092 1585 5136 et
1628 5098 1727 5151 ego
1784 5083 1905 5137 ideo
1932 5088 2323 5154 compassionis

768 5173 1106 5242 tyrannidem
1161 5172 1300 5227 haud
1355 5174 1670 5229 sustinendo
1749 5191 1869 5229 cum
1911 5178 2043 5241 sim,
2103 5190 2323 5248 prazter-

767 5266 949 5318 missis
973 5265 1246 5330 omnibus,
1290 5276 1541 5335 tanquam
1575 5272 1855 5336 praesentis
1880 5269 1932 5321 in
1988 5273 2324 5339 complexum

766 5369 917 5409 ruor.
956 5354 1150 5409 Filium
1206 5370 1386 5409 meum
1423 5358 1709 5427 compello,
1758 5368 1968 5427 partum
2007 5377 2187 5416 meum
2224 5366 2328 5418 im-

767 5447 1135 5511 maculatum,
1196 5448 1497 5502 membrum
1574 5450 1679 5503 mei
1755 5452 2015 5520 corporis.
2083 5455 2324 5518 Quonam

766 5553 865 5607 ego
881 5538 1158 5608 abripior?
1184 5539 1404 5594 ubinam
1432 5540 1500 5594 de
1522 5550 1573 5595 te
1600 5556 1716 5595 mea
1739 5541 2025 5611 gloriatio?
2049 5545 2135 5600 ubi
2170 5551 2327 5615 spes?

765 5626 966 5692 potius,
1020 5633 1142 5695 post
1170 5642 1321 5696 spem
1365 5628 1459 5682 ubi
1498 5639 1813 5699 comparent
1841 5646 2001 5699 opera
2032 5632 2055 5685 ?
2118 5633 2325 5693 Videsis

836 5854 969 5908 νισι
998 5855 1227 5927 πληγῆς.
1307 5869 1332 5897 ²
1365 5858 1446 5909 itf-
1487 5862 1831 5929 πανουργίαν.
1916 5868 1937 5893 τ
1983 5860 2113 5929 μήτε
2150 5863 2260 5926 τήν,

2424 4648 2549 4702 χους
2596 4629 2773 4697 ἀφεὶς,
2811 4625 2894 4695 ἐφ’
2930 4618 3010 4687 οἷς
3048 4622 3209 4692 μέχρι
3239 4622 3350 4683 νῦν,
3374 4620 3475 4688 ἀδη
3503 4627 3526 4655 ι
3562 4618 3668 4671 ῐδια
3699 4616 3989 4684 σπλάγχνα

2424 4724 2672 4793 πλήττων
2730 4718 2825 4771 καὶ
2884 4714 3199 4785 τιτρώσκων
3259 4709 3552 4779 ἀνιώμενος
3618 4709 3811 4776 ιφερον
3882 4706 3988 4758 κᾶν

2429 4813 2537 4881 γάρ
2580 4810 2851 4875 ἀναγκαῖα
2906 4807 2973 4859 τά
3022 4805 3288 4873 φάρμακα
3344 4800 3437 4854 καὶ
3479 4800 3534 4852 αί
3571 4800 3754 4868 τομαὶ,
3788 4796 3906 4849 ἀλλ’
3953 4798 3986 4861 ἡ

2430 4906 2536 4957 τῶν
2600 4903 2777 4955 πόνων
2835 4900 2926 4952 καὶ
2967 4896 3273 4967 ἀλγηδόνων
3335 4892 3660 4961 συμπάθεια,
3698 4891 3822 4958 νικᾷ
3860 4890 3987 4950 τοὺς

2429 4998 2626 5066 νόμους
2672 4994 2769 5063 τῆς
2815 4990 3055 5060 ίατρείας
3110 4992 3202 5041 καὶ
3248 4985 3581 5045 παιδεύσεως
3619 4982 3685 5037 δι’
3729 4981 3759 5034 ὃ
3787 4982 3985 5052 μηκέτι

2429 5090 2522 5142 τοῦ
2567 5085 2873 5156 συμπαθεῖν
2901 5082 2999 5151 τὴν
3032 5077 3552 5147 τυραννίδαφέρων,
3584 5076 3765 5128 ἐκεῖνα
3806 5074 3986 5126 πάντα

2428 5179 2616 5241 λιπὼν,
2665 5176 2756 5227 καὶ
2807 5175 2881 5235 ὡς
2924 5169 3149 5239 παρόντι
3206 5166 3537 5237 περιχυθεὶς,
3587 5164 3776 5217 τέκνον
3827 5163 3982 5231 ἐμὸν,

2428 5269 2630 5321 ώδίνων
2678 5266 2856 5333 ἁγνῶν
2901 5263 3060 5331 μέλος
3107 5261 3259 5329 ἐμὸν,
3305 5258 3355 5311 τί
3404 5257 3579 5321 τοῦτο,
3606 5253 3983 5321 ἀνακαλοῦμαι

2430 5360 2531 5413 ποῦ
2557 5377 2643 5429 μοι
2663 5359 2723 5411 τὸ
2742 5356 2869 5425 περὶ
2893 5356 2952 5407 σὲ
2970 5354 3246 5423 καύχημα·
3270 5349 3372 5402 ποῦ
3395 5349 3451 5401 δὲ
3473 5350 3527 5401 αί
3548 5346 3756 5407 ἐλπίδες
3783 5344 3983 5414 μᾶλλον

2428 5452 2480 5503 δὲ
2516 5452 2648 5519 μετὰ
2670 5450 2775 5500 τῶν
2804 5446 3031 5499 ἐλπίδων
3048 5446 3115 5497 τά
3138 5444 3310 5515 ἐργας
3350 5442 3511 5510 Ὁρᾷς
3538 5440 3600 5492 τὸ
3636 5437 3979 5505 σκυθρωπὸν,

2425 5543 2521 5611 τὴν
2549 5542 2863 5609 κατήφειαν,
2888 5540 2933 5590 εἱ
2958 5537 3151 5607 βούλει,
3182 5538 3275 5589 καὶ
3299 5536 3364 5587 τά
3382 5534 3606 5601 δάκρυα.
3643 5531 3705 5582 'll
3732 5532 3861 5598 περὶ
3884 5528 3977 5580 σοῦ

2428 5635 2640 5703 φροντὶς
2666 5632 2867 5687 τούτων
2901 5629 3078 5684 αἰτία·
3110 5631 3137 5682 ὁ
3167 5628 3259 5681 ἐπὶ
3295 5627 3376 5680 σοὶ
3408 5625 3563 5687 πόνος
3590 5622 3769 5678 αὐτῶν
3800 5620 3968 5675 ἀπτε-

2034 5770 2114 5822 \'A
2127 5771 2260 5826 Ill/li
2326 5768 2717 5827 LEC'I'IONES.

2346 5874 2363 5899 ι
2404 5862 2485 5913 iu.
2523 5861 2635 5915 ἀτί,
