4248 6444
319 409 423 477 761

314 619 373 670 τί
406 635 485 670 σοι
512 618 610 687 τῆς
636 617 774 687 ἐμῆς
809 616 960 687 μέλει
980 616 1123 687 ζωῆς
1144 618 1313 688 (οὔπω
1340 620 1399 674 δέ
1435 623 1505 692 μέ
1544 642 1627 688 τις
1647 627 1877 681 ἀναπεί-

316 709 403 761 θει
438 708 592 776 λόγος
620 708 695 771 ὡς
728 708 790 761 οὐ
822 708 995 777 μέλει)
1031 710 1229 779 μηκέτι
1266 712 1433 782 μηδὲν
1467 716 1709 769 τοιοῦτον
1744 720 1878 789 μηδὲ

312 798 720 872 παραπλήσιον,
754 803 891 873 μήτε
909 804 987 865 είς
1020 802 1212 874 βουλὴν
1240 807 1378 877 μήτε
1399 807 1477 872 είς
1514 809 1743 882 μελέτην
1765 812 1878 865 δια-

311 894 551 949 ϐαινέτω
572 910 586 925 ⁸
626 894 893 966 μακάριος
924 893 1032 966 γὰρ
1060 896 1198 967 ἀνὴρ
1221 898 1318 968 οὑχ
1341 898 1397 964 ὃς
1422 899 1516 954 ἐπὶ
1547 905 1877 975 παρανόμων

310 989 413 1042 οὑκ
436 990 670 1060 ἔδραμεν
698 989 855 1060 ἔργα,
872 991 984 1045 ἀλλ’
999 992 1057 1056 ὃς
1078 993 1197 1047 οὐδὲ
1215 995 1272 1048 ἐν
1292 998 1356 1067 τῇ
1371 995 1541 1073 ,βουλῇ
1561 999 1736 1055 αὐτῶν
1750 1004 1876 1055 ἑπο-

314 1076 511 1149 ρεύθη·
551 1079 674 1149 μηδ’
703 1081 784 1133 ὅτι
820 1081 1034 1153 χείρους
1080 1082 1277 1154 ἔχομεν
1308 1087 1722 1158 σεμνυνώμεθα,
1760 1093 1876 1145 ἀλλ’

311 1163 368 1217 εί
393 1184 553 1221 τινων
600 1169 859 1235 έλαττους
901 1172 1265 1242 έλεγχθῶμεν,
1302 1177 1687 1250 αἰσχυνώμεθα
1708 1200 1720 1214 ·
1752 1185 1874 1237 ἐπεὶ

312 1259 407 1310 καὶ
433 1260 687 1330 ἀριστεὺς
706 1263 803 1335 οὐχ
829 1264 955 1317 ὅταν
974 1265 1318 1333 λειποταξίας
1338 1270 1434 1341 οὐχ
1463 1271 1597 1342 ἀλῳ,
1617 1274 1727 1327 οὐδ’
1747 1276 1873 1329 ὅταν

309 1349 422 1401 τῶν
452 1351 702 1419 φυγάδων
730 1356 826 1425 οὐχ
850 1357 1029 1427 ἥττων
1053 1358 1215 1430 ὀφθῇ,
1242 1363 1435 1430 σεμνὸς
1455 1366 1549 1417 καὶ
1573 1365 1865 1436 περίϐλεπ-

310 1457 434 1503 τος·
461 1442 577 1496 ἁλλ’
610 1446 774 1499 έπειδ’
805 1448 872 1502 ἂν
918 1448 1026 1502 τῶν
1059 1454 1478 1522 συστρατιωτῶν
1532 1458 1794 1525 κρείττων
1812 1461 1872 1513 έν

311 1531 572 1600 πολέμοις
617 1535 865 1606 ἀναφανῇ
924 1538 1014 1591 καὶ
1052 1538 1157 1591 τῶν
1201 1542 1409 1612 ἐχθρῶν
1443 1547 1714 1619 κρατήσῃ,
1750 1548 1869 1601 τότε

312 1624 553 1687 καὶτοὺς
587 1625 886 1693 στεφάνους
933 1629 1079 1681 έστὶν
1111 1631 1462 1701 ἀναδέχεσθαι
1487 1636 1724 1699 δίκαιος·
1758 1640 1867 1705 ναὶ,

308 1712 501 1780 δέομαι
546 1715 639 1767 καὶ
690 1718 993 1787 παρακαλῶ
1038 1719 1227 1784 δεῖξον,
1282 1723 1344 1775 τὸ
1382 1724 1532 1787 τέλος
1584 1726 1732 1789 ἀξιον
1772 1748 1866 1796 της

309 1805 505 1873 ἀρχῆς,
559 1804 708 1871 ἀξιον
751 1808 859 1860 τῶν
912 1808 1167 1877 ἀγώνωνο
1198 1811 1244 1865 ὣ
1296 1814 1477 1867 πόσων
1528 1818 1864 1885 στεναγμῶν,

310 1897 491 1947 πόσων
516 1895 767 1967 δακρύων
796 1899 853 1951 εν
889 1899 1115 1969 πελάγει
1149 1902 1247 1973 μεν
1279 1903 1442 1973 μέσον
1461 1917 1488 1946 ι
1538 1877 1865 1977 πνευμάτων
1894 1877 1941 1938 Β

310 1986 405 2038 καὶ
449 1984 615 2057 ζάλης
671 1989 1058 2059 οὐριοδρομεῐν,
1092 1994 1229 2062 πρὸς
1269 1994 1416 2065 αὐτῷ
1448 1997 1505 2050 δι
1532 1996 1610 2068 τῷ
1667 1996 1866 2067 λιμένι,

311 2079 834 2144 καταποντίζεσθαι⁸
912 2083 1006 2137 καὶ
1060 2084 1297 2155 πόλεμον
1345 2087 1443 2157 μιν
1488 2091 1709 2160 κρατεῖν
1762 2090 1867 2143 τῶν

308 2168 537 2239 ἐχθρῶν,
566 2170 673 2224 τῶν
700 2172 757 2225 ει
793 2175 1066 2243 τροπαίων
1113 2177 1295 2241 αὐτοῖς
1326 2178 1710 2247 ὑπεξίστασθαι
1730 2198 1743 2211 ·
1773 2183 1866 2235 καὶ

308 2259 402 2311 τὸν
448 2262 636 2327 ἀγῶνα
688 2262 789 2332 μιν
814 2265 872 2316 εν
919 2266 997 2337 τῷ
1051 2267 1249 2339 σταδίῳ
1298 2268 1563 2342 λαμπρῶς
1595 2273 1863 2340 ἐνεγκεῖν,

310 2348 447 2435 πρὸς
468 2349 524 2403 δὲ
549 2351 674 2415 τοὺς
708 2354 1001 2423 στεφάνους
1024 2358 1422 2426 μαλακίζεσθαι
1441 2378 1453 2390 ο
1482 2361 1623 2429 ὑμᾶς
1647 2362 1704 2415 δι
1730 2363 1861 2435 ἀρα,

309 2427 354 2488 ὦ
383 2436 479 2507 τῆς
500 2437 699 2509 ἀρετῆς
720 2441 967 2511 έρασται,
1014 2446 1109 2499 καὶ
1139 2450 1241 2518 τῆς
1286 2427 1565 2515 εὐσεϐείας
1600 2427 1859 2523 κήρυκες,

312 2527 402 2579 καὶ
430 2528 526 2597 τῆς
556 2529 811 2601 ἀληθείας
836 2539 1225 2606 προασπισταὶ,
1259 2537 1446 2610 ῶσπερ
1469 2541 1527 2593 ἐν
1551 2543 1660 2606 τοῖς
1681 2543 1863 2608 ἀλλοις

310 2616 532 2707 ἀπασιν,
579 2620 721 2675 οὕτω
762 2625 855 2677 καὶ
908 2626 1005 2680 τοῦ
1066 2630 1333 2699 παρόντος
1370 2631 1567 2701 ἄλγους
1606 2635 1861 2707 εὑρήσειν

310 2706 532 2776 ἔμελλον
562 2710 887 2784 παραψυχήν
911 2728 924 2742 ·
950 2716 1008 2769 ού
1069 2718 1227 2785 μόνον
1262 2721 1343 2773 ὅτι
1396 2722 1605 2790 πέφυκε
1658 2706 1719 2778 τὸ
1766 2726 1859 2779 λυ-

311 2794 445 2845 ποῦν
466 2798 577 2859 τοῖς
622 2799 794 2866 φίλοις
856 2803 1325 2875 ἐκκαλυπτόμενον
1358 2808 1658 2881 διαχεῖσθαί
1686 2815 1712 2855 δ
1745 2834 1861 2880 πως

309 2888 418 2946 τοῖς
452 2884 661 2954 λόγοις,
712 2890 804 2943 καὶ
846 2885 957 2945 οἷον
1004 2896 1478 2967 συνεξατμίζεσθαι
1520 2918 1533 2933 ·
1566 2902 1701 2958 ἀλλά
1768 2909 1861 2961 καὶ

312 2974 529 3042 μᾶλλον,
568 2978 701 3033 διότι
743 2983 982 3048 μεγάλας
1016 2985 1236 3050 ἐλπίδας
1265 2988 1371 3058 ἔχω
1394 2990 1480 3044 διά
1527 2993 1632 3046 τῶν
1663 2996 1857 3065 ὑμετέ-

311 3084 419 3136 ρων
456 3069 634 3139 σοφῶν
663 3074 756 3125 καὶ
789 3074 964 3126 καλῶν
987 3075 1209 3146 ἐπῳδῶν
1245 3096 1302 3132 τε
1338 3082 1431 3135 καὶ
1456 3086 1850 3155 παραινέσεων,

309 3156 501 3212 θᾶττον
524 3160 935 3234 ἀναῤῥωσθῆναι
962 3166 1049 3219 τὸν
1076 3168 1265 3239 ἀνδρα,
1302 3171 1396 3225 καὶ
1434 3174 1525 3227 τὸν
1554 3174 1649 3228 τοῦ
1683 3176 1856 3244 ὄφεως

305 3249 628 3321 ψιθυρισμὸν
662 3254 841 3307 τέλεον
882 3256 1322 3328 ἀποστραφέντα,
1368 3266 1563 3334 μηκέτι
1616 3268 1852 3337 συμϐου-

307 3339 402 3410 λῆς
425 3340 749 3411 ἀνασχέσθαι
779 3347 1187 3417 στασιαζούσης,
1211 3352 1333 3415 τοὺς
1354 3352 1545 3423 ὀρθοὺς
1566 3355 1853 3427 λογισμοὺς

308 3434 401 3487 καὶ
432 3438 511 3501 είς
535 3436 828 3510 δισταγμὸν
861 3442 1308 3516 μετακλινούσης,
1340 3446 1628 3518 πτώματος
1655 3451 1848 3519 αττιον,

305 3527 421 3580 ἀλλ’
450 3531 529 3592 είς
560 3530 657 3599 τὴν
706 3534 976 3603 προτέραν
1019 3536 1467 3607 ἑπαναδραμόντα
1517 3540 1848 3612 τελειότητα,

304 3622 549 3673 ἄσειστον
570 3622 661 3674 καὶ
690 3623 977 3694 ἀκλόνητον
1027 3628 1085 3679 έν
1124 3629 1187 3697 τῇ
1240 3630 1440 3699 στερρᾷ
1474 3632 1565 3684 καὶ
1615 3632 1854 3703 ἀρῤαγετ

302 3708 404 3776 τῆς
457 3711 742 3781 ὁμολογίας
791 3716 1025 3784 Χριστοῦ
1065 3718 1455 3790 διαηρηθῆναι
1509 3723 1702 3794 πέτρᾳ,
1761 3723 1848 3779 διὰ

307 3798 419 3867 βίου
461 3800 657 3864 παντὸς
685 3803 779 3856 καὶ
807 3802 999 3873 λόγων.

1052 478 1053 481 η
1462 421 1992 488 EPISTOLARUM
2034 429 2261 491 LIBER
2302 430 2351 493 Ι.

317 544 410 578 ’ται
440 525 784 597 σπλάγχνων,
817 528 877 580 τδ
923 527 1083 594 ἄλγος
1125 529 1295 600 αὐτῆς
1328 530 1423 601 τῆς
1459 534 1629 605 ζωῆς·
1681 538 1798 590 ἀλλ’
1828 538 1879 591 εί
1904 544 1953 601 Δ
1981 550 1994 596 l

1851 538 1879 590 it
1904 544 1953 601 Α
1981 540 2207 607 tristem,
2236 543 2386 597 vultu
2422 543 2709 612 deiectum,
2753 544 3131 617 lacrymantcm
3155 565 3167 603 :
3192 548 3257 604 de
3292 558 3343 606 te
3380 554 3528 607 solit-

3425 441 3532 506 762

1976 632 2155 686 citudo
2210 632 2331 686 talia
2388 641 2592 688 causat.
2627 633 2801 689 Labor
2851 650 3001 691 nteus
3030 638 3169 693 circa
3228 648 3299 701 te.
3327 640 3393 695 de
3417 641 3524 698 vita

1975 723 2129 778 dolor
2185 724 2387 778 viscera
2438 740 2555 779 mea
2602 733 2852 795 penetrat
2904 728 3186 783 interiora.
3216 729 3412 795 Quare,
3477 733 3523 787 si

1975 830 2109 869 meae
2142 814 2268 869 vita:
2301 816 2394 869 tibi
2426 830 2558 870 cura
2595 826 2679 871 est
2709 816 2812 871 ulla
2840 816 2939 887 (et
2977 829 3122 874 certe
3162 835 3270 874 non
3327 824 3523 891 proba-

1974 917 2062 962 tur
2101 922 2220 965 non
2262 922 2381 963 esse
2430 907 2524 963 tibi
2564 910 2766 977 cura),
2798 909 2907 964 noli
2961 909 3217 981 deinceps
3258 913 3523 983 ejusmodi

1972 1000 2171 1069 aliquid
2215 999 2269 1053 in
2327 1000 2770 1055 deliberationem
2819 1002 3127 1057 admittere.
3202 1003 3523 1061 Beatus-illo

1971 1094 2074 1158 vir,
2103 1108 2211 1149 non
2240 1091 2330 1162 qui
2368 1108 2705 1163 nequaquam
2749 1095 2982 1149 cucurrit
3027 1096 3092 1151 ad
3128 1096 3309 1152 illicita
3357 1100 3522 1153 malo-

1972 1201 2089 1240 rum
2128 1202 2312 1257 Opera,
2345 1186 2437 1241 sed
2465 1187 2555 1256 qui
2588 1201 2655 1240 ne
2697 1187 2913 1257 quidem
2949 1188 3170 1243 incessit
3208 1190 3262 1243 in
3294 1192 3522 1247 concilio

1971 1278 2397 1349 malignantium.
2416 1277 2526 1333 Nec
2552 1280 2694 1348 quod
2721 1282 2850 1340 sint.
2880 1295 3037 1350 quam
3064 1298 3160 1335 nos
3187 1298 3393 1347 sumus,
3424 1285 3520 1338 de-

1972 1368 2197 1422 teriores
2236 1368 2344 1436 alii,
2390 1368 2698 1438 gloriemur,
2748 1370 2844 1426 sed
2889 1371 2933 1425 si
2971 1370 3240 1441 aliquibus
3287 1373 3520 1443 impuros

1969 1458 2325 1523 inveniamur,
2351 1462 2551 1529 pudore
2595 1461 2974 1517 suﬂ'undimur.
3004 1462 3133 1517 Nam
3193 1475 3247 1519 et
3284 1468 3519 1536 optimus

1967 1549 2121 1603 miles
2149 1549 2290 1604 haud
2316 1550 2557 1604 desertor
2581 1551 2878 1615 convictus,
2911 1566 3013 1606 nec
3041 1553 3182 1621 quod
3213 1568 3332 1607 cum
3381 1553 3520 1625 fugi-

1968 1641 2090 1695 tivis
2120 1651 2424 1703 censeatur.
2455 1642 2631 1697 clarus
2659 1642 2854 1697 obinde
2897 1653 2951 1697 et
2983 1644 3203 1699 illustris
3238 1646 3314 1710 fit,
3347 1648 3440 1702 sed
3473 1647 3517 1701 si

1967 1733 2105 1785 bello
2134 1731 2474 1798 prazstantior
2505 1747 2666 1800 quam
2697 1733 3123 1789 commilitones:
3151 1736 3195 1790 si
3237 1735 3515 1792 victoriam

1968 1820 2034 1874 de
2071 1819 2319 1875 hostibus
2357 1822 2669 1890 reportavit,
2716 1830 2829 1877 tum
2889 1823 3085 1895 dignus
3122 1826 3397 1894 judicatur
3424 1829 3517 1897 qui

1968 1920 2272 1965 coronetur.
2320 1910 2516 1964 Hortor
2571 1922 2750 1966 autem
2789 1921 2950 1983 atque
2995 1915 3246 1978 obsecro,
3292 1919 3518 1973 ostendo

1968 2002 2127 2057 linem
2170 2001 2434 2073 principio
2468 2002 2712 2073 dignum,
2752 2003 2971 2073 dignum
3024 2007 3429 2062 certaminibus.
3473 2008 3518 2064 Ο

1966 2101 2227 2164 quantum
2266 2094 2416 2148 adest
2438 2093 2668 2165 gemitus
2701 2102 2756 2149 et
2786 2094 3161 2166 lacrymarum.
3191 2096 3234 2151 si
3267 2097 3319 2151 in
3352 2100 3515 2153 mari-

1965 2187 2051 2241 nis
2077 2184 2348 2250 ﬂuctibus,
2376 2186 2519 2240 inter
2550 2195 2759 2252 ventos,
2794 2186 2846 2240 in
2875 2188 3189 2256 procellosis
3220 2198 3514 2260 tempesta-

1966 2276 2112 2332 tibus
2145 2285 2350 2331 rectum
2375 2285 2559 2332 tenere
2587 2291 2809 2332 cursum
2841 2276 3131 2346 possimus,
3169 2288 3223 2333 et
3266 2280 3317 2333 in
3358 2291 3515 2349 portu

1965 2367 2231 2437 patiamur
2255 2365 2594 2436 naufragium
2618 2366 2631 2420 ι
2662 2366 2843 2436 ι)ιωίἱο
2869 2367 2913 2421 si
2941 2367 3217 2422 vincamus
3258 2369 3439 2424 hostes
3461 2380 3516 2425 et

1963 2454 2297 2525 depellamur
2321 2470 2352 2509 a
2403 2457 2644 2525 tropaeo!
2703 2455 2756 2509 in
2803 2457 2975 2512 stadio
3003 2473 3123 2511 cum
3159 2458 3312 2514 laude
3339 2469 3513 2515 certa-

1963 2561 2088 2601 men
2120 2546 2322 2613 subire,
2350 2556 2405 2602 et
2424 2546 2772 2602 emollescere
2808 2547 2876 2602 ad
2906 2548 3183 2604 braviumi
3232 2548 3340 2606 Vos
3364 2567 3511 2624 ergo,

1960 2652 1994 2691 o
2020 2637 2239 2692 virtutis
2274 2646 2564 2702 amatores,
2590 2638 2835 2693 veritatis
2855 2637 2945 2708 qui
2973 2654 3246 2709 praecones
3274 2642 3424 2708 estis,
3461 2653 3515 2699 et

1962 2724 2017 2779 in
2068 2724 2236 2780 Deum
2283 2725 2499 2796 pietatis
2568 2725 2919 2793 defensores;
2969 2737 3029 2782 ut
3078 2739 3263 2783 contra
3317 2740 3511 2787 caetera

1959 2817 2336 2889 praevaluistis,
2382 2818 2455 2873 ita
2519 2818 2641 2873 date
2685 2832 2925 2888 operam,
2975 2829 3030 2874 et
3066 2821 3253 2875 sedulo
3291 2822 3515 2878 'incum-

1958 2910 2086 2970 bite.
2153 2917 2212 2963 ut
2267 2907 2409 2978 quod
2472 2917 2664 2979 exopto
2716 2908 2916 2964 doloris
2971 2909 3212 2966 habeatis
3243 2913 3514 2968 levamen-

1960 3009 2096 3054 tum.
2126 2999 2243 3053 Non
2270 3000 2340 3053 ob
2370 3014 2489 3053 eam
2520 3009 2728 3053 tantum
2752 3016 2992 3066 causam,
3018 3002 3142 3072 quia
3171 3004 3513 3073 quod‘dolet,

1958 3090 2149 3145 amicis
2170 3090 2213 3144 si
2239 3100 2558 3159 exponatur,
2589 3090 2790 3146 difﬁndi
2817 3092 3045 3162 quodam
3082 3093 3241 3148 modo
3268 3109 3363 3163 per
3397 3111 3515 3150 ser-

1956 3195 2143 3235 mones
2155 3180 2369 3251 poterit.
2389 3188 2500 3246 aut,
2520 3179 2668 3235 utsic
2683 3181 2879 3247 dicam,
2900 3182 3174 3251 evaporari
3201 3201 3214 3247 ;
3234 3183 3327 3237 sed
3348 3185 3514 3237 muLn

1954 3267 2123 3337 magis
2151 3266 2291 3336 quod
2331 3282 2481 3337 spem
2525 3268 2791 3340 egregiam
2847 3270 3112 3339 concipio,
3160 3269 3396 3324 futurum
3458 3283 3513 3325 ut

1953 3358 2147 3413 vestris
2168 3356 2524 3428 prudentibus
2550 3359 2655 3413 illis
2674 3366 2727 3413 et
2754 3359 3028 3428 praeclaris
3053 3360 3513 3417 admonitionibus

1953 3460 2007 3504 et
2028 3447 2550 3504 insusurrationihus
2568 3449 3024 3505 corroborandum
3056 3449 3351 3513 hominem,
3394 3467 3511 3507 scr-

1953 3540 2128 3610 pentis
2148 3539 2291 3595 illius
2311 3539 2512 3595 difﬂato
2535 3540 2692 3595 sibilo
2714 3541 2867 3610 quasi
2892 3541 3132 3596 consiliis
3153 3541 3377 3596 ulterius
3399 3559 3505 3596 non

1952 3629 2253 3700 pariturum
2276 3644 2462 3684 eorum
2485 3629 2578 3699 qui
2599 3628 2845 3685 fecerunt
2860 3633 3249 3698 secessionem;
3271 3631 3359 3701 qui
3380 3648 3509 3687 con-

1958 3720 2075 3775 silia
2094 3730 2237 3775 recta
2257 3730 2311 3775 et
2326 3721 2526 3791 Optima
2544 3721 2611 3777 ab
2634 3721 3024 3778 dubitationem
3043 3722 3320 3777 inflectunt
3340 3725 3508 3779 ruina:

1958 3812 2199 3867 daturam
2218 3813 2576 3875 occasionem,
2593 3813 2687 3867 sed
2706 3813 2769 3868 ad
2790 3814 3024 3883 priorem
3046 3815 3404 3886 integritatem
3432 3832 3510 3870 re-

304 3894 626 3960 versum,ita
648 3896 1309 3967 utimmotusetinﬂexus,
1328 3901 1382 3956 in
1398 3901 1715 3960 Christiana:
1752 3907 2109 3963 confessionis
2144 3917 2293 3978 petra
2320 3907 2487 3962 solida
2527 3918 2582 3963 et
2604 3907 2832 3964 infracta
2868 3919 3237 3977 conservetur,
3265 3912 3320 3965 in
3358 3912 3505 3966 omni

304 3985 428 4039 vita:
450 4000 633 4052 cursu,
664 3993 719 4040 et
747 4001 1055 4043 sermonum
1080 3992 1337 4047 varietate
1369 4006 1741 4050 conservatus.

397 4075 466 4129 El
518 4092 609 4142 τις
650 4075 717 4129 δὲ
751 4077 1130 4149 παράκλησις
1171 4082 1241 4135 ἐν
1277 4084 1505 4151 Χριστῷ
1553 4087 1714 4155 (μετά
1758 4084 1849 4139 τοῦ

303 4167 588 4220 θεσπεσίου
622 4168 834 4223 Παύλου
866 4171 1026 4239 ὑμῖν,
1073 4173 1167 4226 καὶ
1213 4174 1279 4228 δι’
1319 4176 1472 4245 ὑμῶν
1521 4181 1686 4231 πᾶσιν
1726 4180 1846 4231 ὑπι-

304 4257 594 4327 δοώμεθα),
625 4260 680 4311 ει
703 4277 757 4313 τι
787 4263 1154 4330 παραμύθιον
1190 4264 1446 4334 ἀγάπης,
1482 4269 1536 4321 ει
1565 4286 1652 4334 τις
1687 4287 1845 4323 κοιν-

302 4353 448 4403 ωνία
477 4352 837 4416 Πνεύματος,
886 4352 940 4404 sl
981 4370 1115 4407 τινα
1161 4358 1484 4425 σπλάγχνα
1532 4360 1628 4411 καὶ
1668 4362 1844 4413 οἰκτι-

2030 4084 2204 4152 Atque
2220 4081 2333 4136 haec
2353 4082 2567 4151 quidem
2600 4082 2877 4160 hactenus.
2908 4082 3053 4150 Quod
3071 4086 3309 4140 siautem
3326 4089 3504 4159 aliqua

1954 4176 2018 4228 sit
2051 4174 2333 4228 consolatio
2359 4175 2413 4227 in
2449 4174 2651 4229 Christo
2682 4175 2744 4241 ",
2772 4177 2844 4230 ita
2860 4176 3005 4233 enim
3046 4179 3269 4235 vocibus
3338 4182 3505 4237 divini

1952 4266 2101 4320 Pauli
2128 4266 2281 4323 vobis
2316 4260 2585 4335 Sigillatim
2623 4266 2962 4334 inclamaho;
3007 4270 3050 4322 si
3084 4272 3219 4340 quod
3258 4273 3505 4328 solatium

1949 4358 2237 4423 charitatis,
2270 4358 2312 4411 si
2347 4373 2461 4426 qua:
2482 4358 2695 4426 spiritus
2726 4361 2964 4424 societas,
2997 4360 3037 4414 si
3068 4378 3182 4430 qua:
3218 4365 3504 4420 miseratio-

295 4442 455 4508 ρμοί,
489 4442 841 4510 πληρώσατέ
893 4460 1011 4512 μου
1067 4444 1181 4511 τὴν
1229 4448 1453 4514 χαράν·
1508 4449 1614 4514 ἵνα,
1661 4448 1847 4519 ῶσπερ
1876 4431 1925 4491 D
1952 4465 1972 4501 κ

1825 4431 1925 4518 ρῙ)
1952 4448 2029 4502 nis
2072 4449 2287 4511 viscera,
2350 4464 2434 4501 vos
2480 4447 2759 4515 adimplete
2805 4451 3055 4518 gaudium
3109 4469 3277 4506 meum
3308 4454 3389 4521 ";
3445 4466 3502 4511 ut

307 4533 464 4601 μέχρι
513 4531 605 4585 νῦν
628 4573 643 4595 ,
678 4533 828 4586 οὕτω
880 4535 977 4587 καὶ
1031 4534 1371 4603 διαπαντὸς,
1400 4538 1465 4591 τὸ
1498 4540 1641 4594 αὐτὸ
1672 4558 1841 4610 φρον-

303 4622 429 4689 ῆτε,
476 4622 547 4677 ἐν
588 4622 680 4677 ἐνὶ
723 4627 1012 4695 πνεύματι
1080 4627 1178 4681 καί
1235 4627 1342 4698 μιᾷ
1406 4629 1577 4701 ψυχῇ
1625 4637 1847 4687 συναθ-

300 4714 551 4780 λοῦντες
604 4713 714 4782 τῆς
764 4716 1050 4783 ἀληθείας
1098 4716 1179 4783 τῷ
1210 4721 1557 4791 κηρύγματι.
1608 4725 1706 4777 καὶ
1754 4724 1839 4793 μὴ

303 4806 697 4873 πτυρόμενοιο
747 4807 816 4860 ἐν
866 4807 1079 4875 μηδενί
1146 4810 1266 4863 ὑπὸ
1330 4810 1449 4864 τῶν
1514 4812 1845 4883 ἀντικειμέ-

300 4911 455 4947 νων·
491 4894 622 4961 ἥτις
658 4896 861 4962 αὐτοῖς
885 4897 997 4963 μέν
1026 4898 1195 4952 ἐστιν
1220 4898 1471 4968 ἔνδειξις
1525 4903 1840 4971 ἀπωλείας,

301 4984 441 5052 ὑμῖν
496 4984 565 5037 δὲ
618 4988 937 5055 σωτηρίας,
1009 4990 1316 5045 καὶτοῦτο
1374 4992 1491 5047 ἀπὸ
1538 4995 1721 5049 Θεοῦ·
1756 4996 1843 5050 ὅτι

301 5075 443 5144 ὑμῖν
466 5076 755 5144 ἐχαρίσθη
808 5075 916 5148 [τὸ]
957 5079 1075 5133 ὑπὸ
1125 5081 1401 5147 Χριστοῦ,
1438 5085 1509 5137 οὐ
1558 5085 1750 5153 μόνον
1778 5086 1841 5139 τὸ

301 5167 387 5230 είς
421 5165 607 5219 αὑτὸν
655 5168 977 5230 πιστεύειν,
1011 5169 1169 5223 ἀλλὰ
1222 5172 1319 5225 καὶ
1373 5173 1438 5226 τὸ
1474 5174 1623 5243 ὑπὲρ
1658 5177 1841 5230 αὐτοῦ

301 5255 579 5324 πάσχειν.
599 5257 708 5311 Καὶ
741 5259 924 5312 ταῦτα
948 5262 1057 5328 οὐχ
1083 5261 1161 5327 ὡς
1187 5262 1304 5315 τῶν
1354 5263 1507 5331 ἐμῶν
1536 5250 1840 5335 δεομένοιξ

301 5350 494 5415 ,λόγων
522 5348 901 5417 τράφω,ἀλλ’
950 5352 1027 5417 ὠς
1080 5355 1411 5421 χρεωστῶν,
1471 5356 1697 5426 ἀλλάγε
1746 5359 1842 5411 καὶ

303 5438 610 5507 ἐφιέμενος
644 5440 785 5509 ὑμῖν
816 5445 1140 5509 κοινωνεῖν,
1180 5448 1322 5500 ἔνθα
1362 5449 1474 5516 μὲν
1520 5450 1689 5503 καλεῖ
1726 5467 1843 5502 και-

294 5528 426 5596 ρὸς,
457 5531 661 5598 αὐτοῖς
685 5534 873 5601 ἔργοις
913 5536 1008 5589 καί
1048 5536 1271 5604 ἄθλοις,
1304 5540 1439 5593 ἀλλ’
1461 5540 1598 5594 ὅτεά
1623 5541 1689 5595 δὲ
1744 5543 1838 5594 καί

373 5644 414 5676 η
452 5644 646 5714 Philip.
674 5660 735 5715 ιι,
768 5647 817 5701 ι.

1949 4538 2399 4607 quemadmodum
2434 4539 2537 4593 huc
2558 4553 2749 4608 usque,
2773 4540 2845 4593 sic
2869 4557 3070 4609 semper
3096 4543 3232 4597 idem
3260 4547 3499 4615 sapiatis,

1948 4626 2003 4679 in
2030 4642 2130 4679 uno
2158 4627 2342 4694 spiritu
2369 4627 2686 4680 unanimiter
2722 4628 3095 4685 collaborantes
3128 4636 3381 4701 praeconio
3419 4647 3503 4691 ve-

1948 4719 2144 4782 ritatis,
2175 4727 2230 4770 ut
2254 4734 2518 4788 nunquam
2539 4719 2603 4772 ab
2632 4720 2944 4776 adversariis
2975 4726 3278 4778 terreamini
3298 4742 3316 4779 :
3353 4727 3499 4791 Quod

1947 4807 2055 4862 illis
2090 4808 2325 4862 concedet
2358 4810 2413 4863 in
2454 4810 2857 4876 damnationem,
2896 4815 3029 4868 vobis
3068 4816 3121 4869 in
3146 4816 3363 4871 salutem
3398 4820 3498 4871 int-

1944 4901 2231 4969 putabitur,
2279 4901 2428 4970 idque
2467 4902 2571 4955 Deo
2608 4914 2886 4972 operante;
2914 4908 3034 4976 quia
3073 4908 3210 4962 vobis
3248 4910 3499 4965 donatum

1944 5002 2017 5046 est
2046 5010 2078 5046 a
2107 4991 2327 5058 Christo,
2358 5009 2456 5045 non
2494 4993 2659 5047 solum
2706 4996 2835 5048 utin
2862 4997 3011 5051 illum
3050 5002 3293 5061 credatis.
3323 5003 3411 5055 sed
3442 5012 3498 5057 ut

1944 5100 2037 5153 pro
2062 5084 2151 5137 illo
2186 5084 2480 5152 patiamini.
2516 5084 2624 5139 Ista
2655 5097 2828 5141 autem
2864 5091 3063 5157 scripsi,
3090 5107 3189 5144 non
3218 5095 3353 5162 quod
3389 5111 3498 5148 ser-

1944 5178 2176 5231 monibus
2204 5177 2328 5230 meis
2366 5177 2663 5247 indigeatis,
2701 5180 2790 5233 sed
2840 5191 3107 5250 propterea
3134 5186 3269 5246 quod
3294 5187 3495 5240 deside-

1947 5284 2075 5329 rem,
2106 5267 2288 5335 quippe
2308 5267 2506 5320 debitor
2527 5270 2762 5337 quwdam
2801 5272 3053 5325 vobiscum
3094 5279 3492 5341 communicare,

1947 5358 2034 5410 ubi
2079 5357 2231 5426 fuerit
2282 5357 2499 5420 occasio,
2537 5373 2687 5427 opere
2721 5360 2830 5428 ipso
2872 5367 2918 5412 et
2963 5363 3368 5423 concertatione;
3406 5381 3496 5417 nec

1948 5448 2100 5518 factis
2133 5456 2333 5499 tantum
2359 5447 2446 5499 sed
2468 5448 2724 5501 interdum
2745 5459 2791 5502 et
2823 5449 2984 5503 verbis
3012 5452 3076 5504 εί.
3130 5449 3224 5505 Vos
3254 5454 3410 5517 enim,
3438 5463 3495 5507 ut

1948 5556 2067 5597 cum
2100 5538 2305 5593 Joanne
2335 5536 2606 5609 Theologo
2632 5539 2821 5605 dicam,
2857 5541 3050 5597 habetis
3080 5559 3109 5596 a
3155 5552 3333 5597 sancto
3372 5541 3494 5613 Spi-

915 5650 958 5681 ’°
985 5650 1185 5706 ibid.2.
1262 5655 1301 5685 ²¹
1327 5653 1517 5723 Philip.
1548 5656 1685 5718 ",2;
1726 5670 1762 5718 ι,
1788 5654 1856 5709 29
1893 5664 1945 5709 ct
1976 5654 2193 5725 passim.

1572 5770 1796 5825 VARI/li
1830 5769 2225 5826 LEC'I'IUNES.

376 5866 400 5895 ³
433 5854 517 5909 Ia.
552 5856 838 5924 ἀνάμεσον.
910 5857 934 5897 1‘
973 5857 1372 5928 συιδιαβῐεθαε,

1457 5878 1473 5901 ι
1512 5866 1811 5933 φυρόμενοι,
1844 5866 1923 5922 vel
1948 5866 2287 5935 πττῃούςι..π.οη
2390 5867 2412 5905 ’1
2452 5868 2649 5920 ἄλλοτε.
