4248 6444
751 403 858 465 763

1892 412 2151 473 PHOTII
2192 413 2688 480 PATRIARCHA!
2724 422 2831 484 ΟΡ.

3862 427 3968 493 ’164

747 517 857 568 ritu
898 513 1188 567 unctionem
1228 533 1240 568 :
1275 531 1455 584 porro,
1520 535 1678 586 quam
1725 521 2016 588 accepistis,
2053 525 2226 576 unctio
2254 525 2308 577 in
2336 529 2379 583 Α
2412 545 2424 581 ι

2292 529 2379 583 ιΑ
2412 530 2536 597 τοῖς
2551 531 2798 601 ῥήμασι.
2850 535 2958 589 Καὶ
3019 538 3128 604 γὰρ
3166 537 3334 608 ὑμεῖς
3372 540 3534 611 (μετά
3575 539 3671 595 τοῦ
3718 543 3969 612 θεολόγου

751 610 891 660 vobis
921 617 1114 671 manet,
1144 625 1233 661 nec
1266 627 1393 676 opus
1425 620 1499 662 est
1540 622 1594 663 ut
1627 615 1903 681 quisquam
1949 630 2037 667 vos
2083 617 2314 679 erudiat,

749 702 840 752 sed
871 701 1003 752 sicut
1041 703 1220 754 eadem
1251 706 1424 755 unctio
1462 706 1603 756 docet
1639 723 1747 769 vos,
1777 717 1824 758 et
1847 709 1980 759 sicut
2022 725 2110 762 vos
2141 711 2316 762 docuit

753 803 958 844 manete
994 795 1046 844 in
1080 811 1156 856 eo,
1176 804 1230 846 ut
1275 812 1389 846 cum
1415 797 1723 862 apparuerit
1775 797 1941 851 Filius
1968 799 2083 861 Dei,
2118 803 2313 853 habea-

752 896 867 930 mus
905 880 1167 946 ﬁduciam,
1205 899 1294 934 nec
1337 885 1718 951 confundamur
1756 887 1810 936 in
1853 888 2076 940 adventu
2126 890 2238 956 ejus
2269 892 2328 946 ".

755 969 906 1023 Pacis
928 982 1108 1026 autem
1141 985 1321 1027 custos
1350 984 1508 1043 atque
1539 992 1653 1039 rex,
1675 979 1764 1046 qui
1785 983 1947 1033 vitam
1971 981 2128 1034 nobis
2147 982 2313 1047 dedit,

751 1073 811 1116 et
845 1064 1091 1116 eamdem
1132 1077 1414 1118 conservat
1445 1082 1458 1117 :
1500 1066 1563 1119 In
1597 1085 1698 1136 quo
1751 1071 1999 1133 vivimus,
2035 1088 2316 1138 movemur,

755 1170 933 1205 sumus
968 1154 1035 1216 ”,
1060 1156 1215 1221 cuius
1249 1158 1450 1209 amoris
1483 1159 1737 1220 vinculis,
1779 1175 1883 1213 nec
1913 1161 2318 1217 dissolubilibus

759 1247 1036 1299 constricti
1062 1257 1305 1300 tenemur
1333 1249 1459 1303 :ille
1490 1251 1741 1319 princeps
1770 1253 2042 1317 sacerdos,
2068 1253 2318 1322 idemque

759 1353 1004 1404 magnus,
1036 1337 1282 1392 Christus
1307 1357 1500 1409 nempe
1522 1358 1681 1394 verus
1707 1353 1886 1396 noster
1914 1344 2079 1397 Deus:
2101 1344 2201 1408 Qui
2227 1361 2318 1397 nos

757 1425 821 1474 de
855 1441 955 1474 non
990 1425 1198 1491 populo,
1224 1429 1468 1493 populum
1511 1431 1772 1483 constituit
1822 1435 2194 1501 acquisitionis,
2228 1451 2318 1501 per

759 1517 1062 1581 sanguinem
1112 1521 1379 1584 proprium
1405 1521 1486 1572 “:
1521 1536 1623 1574 nec
1669 1523 1924 1590 populum
1980 1525 2312 1593 simpliciter,

760 1607 856 1656 sed
882 1606 1148 1670 dilectam,
1177 1609 1267 1661 sed
1304 1621 1503 1676 gentem
1529 1613 1895 1673 sanctam,sed
1929 1615 2101 1683 regale
2140 1631 2315 1666 sacer-

760 1696 980 1756 dotium,
1020 1713 1138 1761 qua:
1171 1699 1454 1753 inell‘abilis
1481 1702 1621 1754 illius
1654 1703 1866 1756 bonitas
1907 1716 2012 1769 est,
2059 1706 2195 1772 ﬁlios
2225 1722 2314 1759 nos

759 1787 1093 1850 constituens,
1117 1789 1362 1852 lneredes,
1389 1800 1436 1842 et
1460 1808 1630 1843 secum
1660 1796 2136 1862 cohaeredesmpud
2163 1814 2312 1865 quem

761 1891 863 1926 non
888 1886 960 1926 est
987 1880 1244 1930 conversio
1263 1880 1340 1931 vel
1365 1881 1667 1936 inversionis
1697 1884 1880 1936 umbra
1900 1888 2115 1955 ":quos
2145 1887 2316 1940 incul-

765 1976 917 2031 patos
939 1967 1006 2019 ad
1027 1967 1184 2020 tinem
1219 1985 1385 2038 usque
1416 1980 1499 2025 est
1529 1976 1912 2042 custoditurus,
1941 1982 2314 2048 constringens

764 2069 863 2106 nos
893 2055 1104 2108 vinculo
1133 2058 1279 2125 pacis
1305 2069 1359 2113 et
1379 2062 1599 2124 amoris,
1632 2062 1871 2120 formans
1903 2082 2001 2122 nos
2022 2069 2075 2121 in
2107 2071 2242 2139 ipso,
2260 2082 2316 2125 et

767 2144 908 2196 inter
932 2159 1141 2200 nosmet
1167 2158 1352 2201 mutuo
1378 2151 1596 2206 immota
1644 2164 1699 2208 et
1745 2157 2064 2212 inconcussa
2102 2163 2316 2229 pietatis

763 2237 1030 2290 sententia
1067 2242 1410 2302 constitutus,
1441 2259 1599 2297 unam
1623 2254 1677 2298 et
1703 2248 1944 2303 eamdem
1961 2265 2151 2305 omnes
2169 2255 2316 2324 cogi-

767 2327 1026 2381 tationem
1075 2332 1353 2396 habentes,
1406 2350 1569 2386 unum
1603 2337 1865 2402 dicentes,
1905 2340 1972 2393 ad
2013 2358 2176 2396 unum
2201 2361 2318 2413 pro-

766 2430 1093 2486 spectantes,
1134 2425 1199 2476 ad
1245 2426 1486 2478 bravium
1511 2443 1756 2496 superna:
1798 2433 2090 2488 vocationis
2131 2453 2317 2506 prope-

769 2518 978 2562 rantes:
1008 2512 1078 2564 ub
1096 2514 1548 2582 primogenitorum
1580 2515 1814 2571 Ecclesia
1836 2531 1908 2573 est
1925 2523 2008 2576 ":
2045 2527 2133 2579 ubi
2171 2543 2316 2582 mar-

769 2608 943 2667 tyrum
961 2603 1176 2668 chorus,
1195 2607 1618 2672 patriarcharum
1651 2613 1995 2668 tabernacula
2015 2633 2030 2681 ;
2054 2619 2144 2672 ubi
2167 2635 2317 2675 men-

770 2693 980 2747 dacium
1003 2712 1109 2749 non
1137 2699 1436 2751 antefertur
1465 2704 1698 2766 veritati,
1728 2721 1837 2760 non
1895 2717 1978 2761 est
2022 2712 2318 2778 contentio,

769 2789 1026 2854 tyrannis,
1063 2790 1283 2846 insanus
1322 2795 1498 2847 furor:
1529 2797 1622 2849 sed
1649 2797 1752 2850 alta
1785 2799 2216 2866 quies,veritatis
2241 2803 2320 2855 ir-

770 2879 1075 2934 resistibilis
1104 2883 1444 2950 pulchritudo
1471 2888 1617 2941 nullo
1636 2889 1861 2944 artiﬁcio
1885 2891 2278 2948 inobscuranda
2301 2911 2315 2947 :

771 2971 860 3022 ubi
912 2971 1085 3038 quies,
1120 2989 1242 3040 pax,
1300 2979 1606 3042 concordia,
1646 2980 1924 3036 beatarutn
1961 2985 2226 3040 visionum
2267 2995 2322 3041 et

769 3062 1208 3117 inenarrabilium
1243 3071 1668 3134 spectaculorum
1695 3073 1938 3141 intuitus,
1953 3077 2316 3146 participatio,

2417 623 2580 690 φάναι
2657 627 2922 701 Ἰωάννου)
2972 631 3198 699 χρίσμα
3242 633 3408 701 ἔχετε
3445 633 3565 686 ἀπὸ
3634 633 3738 688 τοῦ
3795 636 3970 704 ἁγίου

2418 717 2778 784 Πνεύματος,
2805 722 2919 784 καὶ,
2949 723 3020 775 Τὸ
3046 723 3271 792 χρίσμα
3309 725 3340 776 ὃ
3369 725 3611 781 ἐλάϐετε
3635 727 3738 780 ἀπ’
3760 730 3970 792 αὐτοῦ,

2415 809 2484 861 ἐν
2504 811 2647 878 ὑμῖν
2676 811 2862 878 μένει,
2893 813 2993 865 καὶ
3020 814 3221 869 οῖδατε
3245 815 3460 880 πάντα,
3504 819 3602 871 καὶ
3633 821 3705 872 οὐ
3762 821 3973 888 χρείαν

2415 901 2603 970 ἔχετε,
2629 905 2730 958 ἶνα
2761 922 2849 970 τις
2893 905 3151 975 διδάσκῃ
3184 907 3358 977 ὑμᾶς,
3411 909 3550 963 ἀλλ’
3599 911 3678 976 ὠς
3726 916 3790 964 τὸ
3823 912 3973 964 αὐτό

2416 994 2638 1062 χρίσμα
2662 995 2933 1048 διδάσκει
2958 995 3116 1065 ὑμᾶς
3143 999 3274 1064 περὶ
3300 1001 3541 1052 πάντων
3567 1017 3580 1030 ’
3634 1003 3732 1054 καὶ
3774 1002 3971 1065 καθὼς

2415 1082 2690 1147 ἐδίδαξεν
2715 1084 2893 1153 ὑμᾶς,
2930 1084 3140 1154 μένετε
3168 1087 3238 1140 ἐν
3261 1087 3422 1152 αὐτῷ
3440 1105 3454 1119 ·
3489 1089 3589 1142 ἵνα
3613 1089 3759 1143 ὅταν
3781 1108 3971 1159 φανε-

2409 1172 2574 1241 ρωθῇ
2598 1176 2631 1225 ὀ
2657 1173 2789 1238 Υίὸς
2807 1174 2914 1227 τοῦ
2940 1174 3108 1239 Θεοῦ,
3141 1175 3370 1243 ἔχωμεν
3390 1180 3747 1245 παρρησίαν,
3771 1182 3869 1233 καὶ
3882 1182 3972 1249 μὴ

2417 1262 2838 1332 αἰσχυνθῶμεν
2864 1265 2965 1318 ἀπ’
3003 1267 3190 1321 αὐτοῦ
3223 1267 3293 1320 ἐν
3319 1266 3396 1334 τῇ
3416 1269 3718 1335 παρουσία
3746 1270 3969 1324 αὐτοῦ’

2416 1357 2444 1407 6
2473 1355 2528 1406 δὲ
2548 1355 2646 1424 τῆς
2676 1357 2896 1427 εἰρήνης
2920 1357 3121 1426 ταμίας
3153 1359 3246 1412 καὶ
3269 1359 3520 1427 βασιλεὺς
3543 1401 3558 1424 ,
3611 1362 3639 1413 6
3670 1361 3769 1430 τῆς
3821 1362 3971 1430 ζωῆς

2415 1445 2572 1514 ήμῶν
2595 1446 2764 1508 αῐτιος
2799 1447 2893 1498 καὶ
2926 1449 3201 1516 συνοχεὺς,
3253 1448 3322 1500 ἐν
3347 1443 3395 1515 ᾧ
3423 1447 3608 1518 ζῶμεν
3636 1451 3733 1502 καὶ
3771 1452 3972 1504 κινού·

2411 1539 2564 1602 μέθα
2588 1535 2685 1588 καὶ
2716 1536 2932 1604 ἐσμέν-⁸
2965 1531 3025 1590 οὗ
3057 1539 3170 1600 τοῖς
3206 1537 3420 1602 ἀλύτοις
3443 1541 3661 1609 δεσμοῖς
3685 1543 3784 1610 τῆς
3833 1543 3972 1608 ἀγα-

2415 1627 2634 1694 πήσεως
2667 1628 3027 1697 συνδεδέμεθα
3050 1642 3065 1657 ⁸
3093 1631 3121 1681 6
3178 1630 3396 1696 πρῶτος
3441 1631 3538 1683 καὶ
3574 1634 3745 1701 μέγας
3777 1634 3971 1702 ἀρχιε-

2418 1716 2565 1784 ρεὺς,
2587 1716 2820 1786 Χριστὸς
2843 1719 2873 1769 6
2903 1717 3150 1787 ἀληθινὸς
3174 1719 3306 1780 Θεὸς
3323 1719 3478 1788 ήμῶν
3515 1737 3529 1750 ⁶
3562 1724 3595 1773 ὀ
3633 1721 3702 1785 ἐξ
3719 1723 3790 1775 οὺ
3810 1723 3968 1776 λαοῦ

2413 1809 2567 1860 λαὸν
2589 1809 2811 1861 οἰκεῖον
2828 1808 2985 1876 ἡμᾶς
3010 1809 3137 1876 ἰδίῳ
3165 1811 3366 1878 αἵματι
3403 1813 3810 1880 ποιησάμενος
3831 1830 3846 1842 ·
3874 1817 3973 1866 καὶ

2419 1897 2522 1963 οὐχ
2555 1897 2738 1959 ἁπλῶς
2768 1897 2915 1958 λαὸν,
2943 1897 3080 1950 ἀλλά
3100 1900 3194 1950 καὶ
3215 1898 3654 1966 ήταπημένους,
3680 1901 3778 1953 καί
3794 1901 3976 1966 ἔθνος

2419 1985 2609 2054 ἅγιον,
2650 1987 3088 2049 καίβασίλειον
3131 1987 3443 2056 ἱεράτευμα
3498 1990 3580 2056 (ὣ
3616 1991 3716 2059 τῆς
3760 1992 3974 2058 ἀφάτου

2419 2078 2824 2147 φιλανθρωπίας
2852 2078 2890 2146 !)
2920 2077 3020 2130 καί
3055 2078 3244 2142 υιοὺς,
3286 2079 3384 2130 καί
3408 2081 3836 2147 κληρονόμους,
3874 2082 3975 2132 καὶ

2417 2171 2950 2239 συγκληρονόμους
2976 2170 3238 2238 θέμενος’
3270 2171 3404 2238 παρ’
3440 2190 3488 2238 ῳ
3519 2174 3629 2224 οὐκ
3651 2172 3782 2224 ἔστι
3819 2188 3973 2240 παρ-

2416 2262 2656 2332 αλλαγή
2729 2261 2768 2331 ἢ
2835 2262 3062 2330 τροπῆς
3132 2263 3524 2332 ἀποσκίασμα
3571 2279 3584 2292 ο
3651 2265 3811 2326 αὐτὸς
3868 2265 3977 2327 ἕως

2417 2355 2604 2417 τέλους
2657 2355 3019 2424 ἀνεγκλήτους
3070 2357 3416 2425 συντηρήσει,
3471 2358 3786 2425 συσφίγγων
3824 2358 3978 2425 ἡμᾶς

2419 2450 2478 2501 ὲν
2507 2449 2586 2518 τῷ
2609 2449 2889 2518 συνδέσμῳ
2919 2447 3018 2516 τῆς
3042 2448 3266 2517 εἰρήνης
3298 2450 3392 2500 καὶ
3414 2449 3656 2518 ἀγάπης,
3694 2448 3971 2518 στηρίζων

2418 2543 2477 2594 ἐν
2505 2540 2652 2609 αὐτῷ
2680 2541 2772 2592 καὶ
2809 2541 2867 2592 ὲν
2900 2539 3146 2607 ἀλλήλοις
3171 2540 3229 2591 ὲν
3250 2539 3532 2610 ἀκλονήτῳ
3566 2541 3660 2592 καὶ
3686 2540 3976 2610 ἀσαλεύτῳ

2419 2633 2516 2702 τῆς
2575 2631 2857 2693 εὐσεόείας
2903 2631 3249 2700 φρονήματι,
3303 2633 3433 2701 μίαν
3492 2634 3586 2684 καὶ
3633 2632 3733 2702 τὴν
3792 2632 3968 2700 αὐτὴν

2423 2724 2655 2793 μελέτην
2685 2723 2929 2792 ἔχοντας,
2961 2722 3020 2773 ἓν
3071 2722 3349 2789 λέγοντας.
3382 2723 3519 2792 πρὸς
3557 2723 3614 2775 ἓν
3648 2723 3975 2793 ἀφορῶντας

2421 2817 2686 2881 ἅπαντας,
2718 2814 2855 2884 πρὸς
2904 2814 2967 2867 τὸ
2997 2814 3247 2885 βραϐεῖον
3279 2816 3668 2884 ἐπειγομένους
3717 2817 3815 2883 τῆς
3857 2815 3976 2868 ἄνω

2420 2908 2696 2976 κλήσεωςο
2743 2907 2870 2960 ἔνθα
2907 2905 3016 2958 τῶν
3062 2907 3450 2974 πρωτοτόκων
3500 2907 3540 2973 ἡ
3600 2905 3973 2973 Ἐκκλησία·

2421 2998 2547 3051 ἔνθα
2566 2998 2714 3068 χοροὶ
2741 2995 3063 3066 μαρτύρων·
3097 2995 3226 3048 ἔνθα
3257 2996 3608 3066 πατριαρχῶν
3637 2997 3694 3049 αί
3730 2995 3929 3062 σκηναί
3955 3010 3971 3026 ⁶

2421 3091 2481 3143 ὲν
2507 3085 2588 3151 οἷς
2618 3090 2717 3141 οὐκ
2740 3089 2852 3142 ἔστι
2882 3087 3073 3157 ψεῦδος
3103 3088 3208 3156 πρὸ
3233 3087 3332 3155 τῆς
3353 3089 3610 3156 ἀληθείας
3629 3087 3966 3155 τιμώμενον,

767 3161 823 3207 et
861 3154 1062 3217 fruitio,
1097 3158 1398 3225 adoptionis
1434 3161 1554 3215 ﬁnis
1583 3178 1688 3216 non
1716 3164 1943 3219 ulterius
1969 3179 2198 3234 sperata:
2225 3168 2319 3223 sed
2346 3196 2392 3257 ρ
2420 3201 2444 3235 ο

2294 3168 2319 3223 [Ῐ
2346 3196 2392 3257 ρ
2420 3183 2519 3235 οὐκ
2546 3182 2682 3250 ἔρις,
2708 3181 2768 3233 οὐ
2793 3154 3067 3250 τυραννὶς,
3108 3154 3208 3232 οίικ
3246 3154 3508 3232 ἀπόνοια·
3554 3180 3612 3231 ὲν
3663 3154 3743 3243 οἷς
3777 3179 3971 3249 βαθεῖα

771 3245 1041 3312 perfecte,
1092 3249 1246 3316 cujus
1303 3259 1477 3303 tamen
1521 3254 1814 3308 etiamnum
1856 3256 2048 3311 illustri
2087 3261 2318 3328 quodam

771 3337 934 3389 modo
967 3339 1257 3407 participes
1307 3343 1494 3406 simus,
1529 3353 1750 3411 propter
1782 3363 1943 3414 quam
1976 3349 2030 3402 in
2069 3354 2322 3419 praesenti

771 3429 1172 3495 persecutiones
1208 3432 1460 3498 patimur,
1486 3444 1540 3487 et
1571 3437 1767 3503 captivi
1806 3439 2155 3507 abducimur;
2199 3459 2325 3512 pro-

772 3528 889 3587 pter
916 3538 1072 3588 quam
1093 3534 1372 3579 sexcentas
1397 3527 1747 3593 calamitates,
1773 3542 1972 3586 mortes
1993 3537 2325 3603 perpetimur

771 3613 1130 3678 quotidianas,
1149 3632 1283 3684 quas
1308 3617 1413 3670 laeti
1440 3619 1660 3674 ierimus
1687 3633 1905 3690 agentes
1927 3637 2184 3695 praeterea
2201 3647 2324 3699 gra-

774 3706 892 3756 tias.
930 3704 1033 3758 Pro
1070 3708 1272 3775 regibus
1303 3711 1558 3762 orandum
1592 3729 1719 3776 esse,
1739 3714 1954 3768 divinus
1985 3715 2178 3776 Paulus
2199 3731 2325 3776 ante

772 3811 870 3847 nos
894 3796 1002 3863 jam
1037 3797 1162 3849 olim
1219 3799 1402 3852 docuit
1437 3801 1481 3830 ”
1517 3819 1530 3854 :
1564 3811 1616 3854 et
1653 3804 2035 3873 discipulorum
2083 3825 2326 3866 summus

770 3885 961 3941 Petrus
993 3890 1078 3938 ἐξ
1119 3888 1348 3956 Snbjecti
1410 3902 1589 3956 estote,
1651 3894 1845 3964 inquit,
1896 3900 2037 3950 omni
2082 3901 2326 3954 humana:

771 3991 1030 4033 creatura:
1046 3992 1255 4048 propter
1280 3983 1557 4037 Dominum
1584 4002 1601 4038 :
1638 3988 1744 4040 sive
1773 4005 1865 4041 rex
1891 3991 1956 4043 sit
1974 3992 2054 4043 vel
2065 3996 2322 4059 superior.

775 4071 1122 4142 lterumque:
1157 4074 1342 4143 Regem
1383 4078 1630 4129 honorate
1656 4094 1674 4129 :
1713 4088 1938 4148 utroque
1986 4082 2152 4150 prior,
2179 4099 2327 4137 com-

773 4167 954 4219 munis
991 4167 1076 4218 ille
1100 4178 1284 4220 noster
1308 4179 1360 4222 et
1387 4169 1596 4222 illorum
1631 4170 1911 4233 Dominus,
1926 4171 2139 4238 Doctor,
2171 4174 2329 4230 Crea-

775 4266 876 4319 tor,
905 4272 933 4310 a
966 4261 1219 4311 thesauro
1250 4260 1609 4315 inmstimabili
1634 4278 1731 4315 suo
1761 4279 1980 4317 censum
2002 4266 2196 4318 (ἐκδετὶ
2220 4269 2326 4320 sol-

772 4366 927 4414 vens,
965 4366 1127 4418 Opere
1167 4364 1222 4404 et
1255 4352 1418 4404 verbo
1453 4352 1656 4417 docuit,
1693 4355 2072 4425 praerogativas
2109 4359 2324 4427 regibus

772 4443 926 4496 datas
955 4443 1101 4494 dare.
1138 4443 1398 4506 Quocirca
1440 4445 1579 4496 inter
1626 4447 1875 4513 mysticas
1899 4457 1953 4500 et
1992 4452 2325 4505 venerandus

775 4545 985 4588 nostras
1027 4533 1323 4603 hierurgias
1349 4535 1619 4588 orationes
1647 4551 1743 4603 pro
1778 4537 1988 4605 regibus
2022 4539 2317 4594 offerimus.

775 4627 904 4690 Qua:
921 4640 1014 4692 per
1034 4625 1176 4691 leges
1201 4624 1400 4684 debila,
1420 4640 1740 4678 conservare
1772 4626 1931 4679 illaesa
1949 4637 2001 4680 et
2019 4633 2322 4685 communi-

777 4728 856 4770 ter
878 4717 1167 4778 custodire,
1182 4731 1302 4784 erga
1322 4726 1533 4768 nostros
1549 4731 1575 4767 a
1593 4716 1808 4768 Christo
1828 4717 2051 4771 dilectos
2072 4737 2222 4790 reges
2239 4723 2323 4775 in-

2424 3271 2654 3340 γαλήνη,
2689 3270 2786 3323 καὶ
2826 3270 3019 3332 κάλλος
3046 3269 3308 3334 ἀληθείας
3340 3271 3622 3338 ἀμήχανον
3655 3269 3758 3321 ὑπὸ
3804 3272 3975 3339 μηδε-

2426 3363 2551 3429 μίας
2576 3362 2769 3430 τέχνης
2803 3361 3205 3429 καλυπτόμενον
3225 3375 3240 3390 ⁸
3268 3363 3324 3412 ὲν
3349 3355 3428 3423 οἷς
3451 3362 3638 3430 εἰρήνη
3686 3364 3832 3414 πᾶσα
3880 3365 3979 3415 καὶ

2423 3455 2661 3522 ὁμόνοια,
2690 3454 2786 3506 καί¹
2807 3455 2840 3523 ή
2867 3453 2976 3505 τῶν
3011 3451 3297 3522 μακαρίων
3330 3453 3552 3505 ἐκείνων
3604 3455 3698 3505 καὶ
3743 3455 3976 3524 ἀδιηγή-

2422 3561 2531 3595 των
2559 3544 2840 3613 θεαμάτων
2874 3543 2970 3596 θέα
2996 3545 3088 3596 καὶ
3130 3544 3326 3610 μετοχὴ
3378 3543 3472 3595 καὶ
3519 3542 3835 3606 ἀπόλαυσις,
3878 3545 3977 3596 καὶ

2423 3633 2573 3696 τέλος
2618 3634 2717 3702 τῆς
2769 3633 3041 3695 υἱοθεσίας
3067 3633 3248 3686 οὐκέτι
3296 3633 3642 3703 ὲλπιζομένη,
3695 3634 3810 3685 ἀλλ’
3872 3635 3975 3704 ήδη

2423 3724 2688 3794 λαμπρῶς
2741 3724 3111 3793 μετεχομένη·
3165 3723 3198 3793 ὴ
3256 3721 3560 3788 τελείωσις,
3609 3723 3747 3792 ὑπὲρ
3806 3719 3874 3794 ἦς
3924 3725 3978 3775 οἱ

2426 3814 2690 3883 παρόντες
2717 3811 2942 3881 διωγμοὶ
2971 3812 3062 3864 καὶ
3095 3811 3462 3881 αἰχμαλωσίαι
3487 3829 3500 3842 ·
3542 3811 3637 3864 καὶ
3687 3812 3753 3864 δι’
3786 3812 3852 3880 ἢν
3905 3813 3978 3865 τὰ

2428 3904 2596 3973 μυρία
2621 3905 2788 3967 δεινά,
2816 3905 2906 3956 καὶ
2931 3904 3056 3966 τοὺς
3078 3904 3475 3973 καθημερινοὺς
3498 3904 3765 3965 θανάτους
3795 3903 3963 3971 εὐχα-

2427 3997 2625 4065 ρίστως
2653 3996 2744 4047 καὶ
2776 3995 3053 4065 χαίροντες
3087 3995 3347 4064 φέρομεν.
3383 3995 3552 4064 ’Υπὲρ
3594 3994 3650 4046 δὲ
3708 3993 3976 4061 βασιλέων

2425 4085 2679 4155 εὔχεσθαι
2710 4085 2915 4146 Παῦλος
2944 4085 3039 4153 μὲν
3068 4087 3096 4135 6
3122 4084 3416 4150 Oesn-esto;
3454 4085 3557 4156 πρὸ
3586 4083 3740 4154 ἡμῶν
3773 4101 3978 4151 παραι-

2425 4180 2536 4231 νεῖ·
2573 4179 2666 4229 καὶ
2699 4177 2904 4246 Πέτρος
2931 4176 2985 4228 δὲ
3005 4176 3111 4227 τῶν
3142 4175 3396 4245 μαθητῶν
3422 4176 3455 4244 ἡ
3483 4176 3742 4244 ἀκρότηςο
3807 4175 3975 4227 Ὺποο

2424 4268 2640 4336 τάγητε
2666 4268 2829 4334 πάσῃ
2861 4267 3200 4334 ἀνθρωπίνῃ
3227 4269 3419 4320 κτίσει
3457 4267 3553 4319 διὰ
3575 4267 3680 4319 τὸν
3728 4266 3974 4333 Κύριον,

2425 4360 2598 4426 λέγων
2623 4400 2637 4424 ,
2664 4360 2783 4411 εῑτε
2805 4357 3057 4420 ,βασιλεῖ
3077 4359 3156 4422 ὡς
3197 4357 3567 4426 ὑπερέχοντι.
3621 4355 3731 4410 Καὶ
3781 4358 3970 4409 πάλιν·

2432 4453 2542 4505 Τὸν
2557 4451 2818 4514 βασιλέα
2863 4447 3091 4517 τιμᾶτε·
3141 4449 3339 4516 ἀλλάγε
3367 4448 3472 4519 πρὸ
3520 4448 3723 4501 τούτων
3755 4449 3918 4510 αὐτὸς
3947 4450 3981 4500 6

2425 4543 2600 4604 κοινὸς
2635 4541 2903 4609 Δεσπότης
2938 4541 3030 4593 καὶ
3051 4541 3372 4603 Διδάσκαλος
3404 4542 3496 4593 καὶ
3524 4541 3884 4611 Δημιουργὺς,
3912 4543 3978 4594 ἐκ

2429 4631 2728 4701 παραδόξου
2784 4630 3054 4699 θησαυροῦ
3098 4631 3295 4699 κήνσον
3340 4632 3565 4692 τελέσας
3628 4632 3706 4699 τῷ
3734 4634 3976 4700 Καίσαρι

2428 4724 2572 4794 ἔργῳ
2603 4726 2694 4775 καὶ
2715 4722 2862 4792 νόμῳ
2891 4724 2960 4775 τὰ
2995 4722 3262 4791 προνόμια
3288 4723 3467 4788 νέμειν
3496 4722 3637 4792 ἅπερ
3667 4723 3978 4792 ἀφώρισται

776 4810 1021 4862 stitutum
1040 4818 1122 4860 est
1141 4807 1248 4858 Deo
1268 4817 1565 4876 gratum,et
1583 4806 1737 4860 nobis
1754 4811 2319 4877 congruentissimum.
2353 4811 2400 4868 D
2426 4834 2453 4867 τ

2306 4856 2319 4868 .
2353 4811 2400 4868 D
2426 4819 2538 4876 τοῖς
2581 4813 2886 4883 βασιλεῦσιν
2925 4813 3268 4878 ὲξεπαίδευσε
3292 4827 3306 4841 ⁸
3340 4813 3420 4865 διδ
3476 4812 3572 4864 καὶ
3621 4815 3740 4874 ταῖς
3786 4831 3978 4880 μυστι-

777 4908 894 4963 καῖς
927 4903 1082 4972 ήμῶν
1124 4903 1216 4953 καὶ
1260 4904 1510 4970 φρικταῖς
1563 4903 1912 4971 ἱερουργίαις,
1959 4905 2119 4972 εὐχὰς
2166 4909 2302 4979 ὑπὲρ
2368 4911 2626 4980 βασιλέων
2677 4910 3040 4978 ἀναφέρομεν·
3072 4909 3109 4962 ἃ
3158 4909 3221 4977 δή
3265 4910 3532 4979 προνόμια
3571 4913 3858 4979 συντηρεῖν
3886 4915 3979 4964 καὶ

777 4995 1155 5058 συνδιασώζειν
1186 4999 1277 5047 καὶ
1315 4998 1422 5057 τοῖς
1444 4994 1805 5063 φιλοχρίστοις
1829 4996 1981 5066 ἡμῶν
2025 4999 2299 5068 βασιλεῦσι
2324 5006 2525 5060 δίκαιόν
2545 5024 2603 5060 τε
2632 5005 2725 5060 καὶ
2758 5005 2907 5074 φίλον
2930 5004 3070 5074 Θεῷ,
3099 5007 3193 5056 καὶ
3236 5007 3366 5076 ήμίν
3408 5003 3830 5076 ἁρμοδιώτατον.

1368 5112 1584 5167 EPIST.
1619 5114 1730 5166 XV.

777 5207 850 5259 Ab
907 5208 1117 5271 exsilio,
1154 5208 1222 5258 ad
1274 5207 1532 5286 episcopos
1584 5206 1804 5257 similem
1851 5224 2028 5272 passos
2083 5226 2323 5276 persecuv

1457 5287 1664 5327 tionem.

851 5369 1158 5423 Persecutio
1184 5369 1376 5439 gravis,
1407 5369 1502 5422 sed
1527 5369 1737 5422 Domini
1776 5369 2079 5425 benedictio
2099 5373 2279 5426 suavis
2305 5389 2318 5423 :

778 5461 1025 5515 exsilium
1057 5460 1288 5524 difﬁcile,
1326 5462 1418 5515 sed
1446 5460 1739 5528 jucundum
1787 5476 2006 5529 regnum
2033 5464 2320 5517 caelorum;

779 5551 928 5608 Beati
948 5559 1343 5622 persecutionem
1365 5559 1502 5624 passi
1525 5565 1731 5625 propter
1758 5556 2038 5623 justitiam,
2069 5558 2190 5625 quia
2210 5556 2326 5607 illo-

3012 5122 3235 5176 ΕΠΙΣΤ.
3272 5121 3377 5176 IE’.

2436 5214 2569 5268 Ἀπὸ
2605 5213 2714 5283 τῆς
2734 5216 3051 5287 ὑπερορίας
3097 5214 3219 5336 rodic
3269 5213 3805 5283 συνδεδιωκμένοις
3845 5215 3972 5268 ἐπι-

3060 5299 3141 5336 σκ
3180 5300 3334 5336 ποις.

3060 5299 3308 5349 σκοποις
3321 5324 3334 5338 .

2509 5376 2568 5429 '0
2600 5376 2834 5446 διωγμὸς
2869 5376 3066 5446 βαρὺς,
3097 5376 3211 5427 ἀλλ’
3257 5377 3284 5427 6
3330 5373 3426 5428 τοῦ
3471 5376 3740 5428 Δεσπότου
3792 5392 3974 5446 μακα-

2429 5467 2617 5537 ρισμὸς
2649 5469 2773 5537 ἡδύς
2793 5484 2806 5496 ·
2839 5468 2870 5536 ἡ
2901 5465 3161 5536 ὑπερορία
3182 5466 3408 5535 χαλεπὴ,
3437 5465 3553 5519 ἀλλ’
3591 5469 3623 5536 ἡ
3654 5466 3764 5519 τῶν
3805 5468 3974 5522 οὐρα-

2426 5558 2530 5610 νῶν
2587 5556 2826 5625 βασιλεία
2875 5557 3100 5626 τερπνὴ.
3158 5555 3442 5622 Μακάριοι
3495 5558 3549 5607 οι
3597 5555 3973 5624 δεδιωγμένοι

858 5720 900 5748 η
932 5711 948 5763 1
979 5713 1133 5766 Joan.
1165 5731 1223 5772 ιι.
1255 5714 1343 5775 27,
1382 5714 1471 5767 ‘28.
1547 5714 1592 5745 "
1630 5713 1747 5766 Act.
1774 5730 1903 5777 xvu,
1937 5711 2026 5767 28.
2109 5714 2149 5743 ³³
2186 5714 2205 5767 l
2239 5713 2379 5766 l’ctr.
2424 5730 2478 5776 ιι,
2507 5715 2535 5768 9

2292 5722 2379 5766 :tr.
2424 5730 2478 5776 ιι,
2507 5715 2555 5768 9.
2635 5716 2676 5746 ³⁵
2706 5714 2841 5769 Osce
2870 5730 2967 5768 ιιν.
3003 5715 3054 5769 8.
3133 5715 3176 5746 "
3208 5713 3368 5768 Hebr.
3403 5728 3495 5777 ιιι,
3535 5711 3625 5768 23.
3701 5710 3748 5742 ’⁷
3781 5711 3800 5766 l
3832 5711 3969 5765 Tim.

786 5799 846 5846 ιι,
872 5789 923 5839 2.
1000 5786 1042 5816 ³⁸
1074 5786 1090 5838 l
1125 5786 1265 5837 l’etr.
1299 5799 1356 5851 ll,
1392 5785 1473 5837 15.
