4248 6444
292 426 411 493 765

289 630 418 679 των
450 628 745 691 suarm)"
781 632 972 681 πολλαὶ
1000 634 1055 682 αἱ
1095 631 1324 699 θλίψεις,
1365 636 1453 683 καὶ
1493 635 1670 685 πᾶσαν
1698 638 1859 704 ὑπερ-

291 723 625 786 taurinum
657 723 1033 789 χαλεπότητα·
1078 725 1193 775 ἀλλ’
1250 726 1283 791 ἠ
1323 724 1529 776 ἐκεῖθεν
1574 725 1717 793 χαρὰ
1767 728 1860 777 κα)⁵

292 812 636 877 αγαλλίασις,
701 815 761 864 οὐ
835 814 994 881 μόνον
1051 814 1328 880 κουφίζειν
1369 810 1508 866 οἶδεν
1555 816 1730 866 αὐτῶν
1762 817 1860 883 τὴν

293 901 639 969 ἐριμύτητα,
674 901 807 953 ἀλλὰ
839 905 947 963 τοῖς
981 908 1115 971 πρὸς
1147 904 1360 966 ελπίόας
1386 904 1483 966 τὰς
1510 906 1622 956 ἀνω
1663 905 1859 973 βιοῦσι,

296 995 394 1042 καί
422 994 499 1053 εἰς
525 994 787 1058 εὐθυμίας
830 994 1081 1045 ὑπόθεσιν
1112 995 1250 1047 αὺτά
1293 995 1638 1062 μετατίθησιν
1664 1012 1676 1024 ·
1726 996 1861 1065 ἐχώ-

298 1078 442 1146 μεθα
522 1082 811 1150 τοιγαροῦν
885 1082 993 1133 τῶν
1049 1083 1247 1147 ἄθλων,
1299 1085 1384 1138 ἵνα
1440 1085 1691 1155 τύχωμεν
1750 1088 1860 1139 τῶν

293 1171 582 1225 ἐπάθλωνο
620 1173 702 1226 ἱνα
730 1174 953 1243 γένηται
988 1177 1080 1228 καὶ
1111 1177 1243 1244 ἡμῖν
1279 1176 1417 1244 μετὰ
1448 1177 1659 1231 Παύλου
1690 1179 1816 1248 βοᾷν
1843 1195 1856 1209 ·

301 1263 417 1315 Τὸν
436 1264 631 1329 ἀγῶνα
687 1267 793 1319 τὸν
845 1270 1037 1321 καλὸν
1076 1270 1429 1338 ἠγώνισμαι,
1490 1273 1598 1324 τὸν
1640 1272 1861 1340 δρόμον

294 1356 598 1421 τετέλεκα,
614 1360 728 1424 τὴν
745 1362 946 1412 πίστιν
968 1362 1258 1428 τετήρηκα
1277 1380 1289 1391 ·
1322 1365 1538 1416 λοιπὸν
1554 1364 1861 1418 ἀπόκειταί

292 1464 396 1514 μοι
427 1452 457 1502 ό
482 1448 589 1516 τῆς
620 1450 1009 1519 δικαιοσύνης
1037 1453 1354 1521 στέφανος.
1411 1455 1475 1506 Τί
1528 1455 1729 1523 ταύτης
1762 1456 1857 1523 τῆς

298 1540 567 1591 ὲπινικίου
618 1542 802 1610 φωνῆς
851 1543 1109 1614 ἡδότερον
1162 1547 1194 1617 ἢ
1246 1548 1632 1617 χαριέστερον;
1698 1549 1750 1599 τί
1802 1549 1858 1600 δὲ

298 1630 682 1699 καταισχύνειν
710 1635 800 1686 τὸν
826 1636 1003 1688 κοινὸν
1026 1636 1119 1688 τοῦ
1164 1638 1355 1704 γένους
1395 1639 1586 1707 ἐχθρὸν
1619 1639 1856 1691 δυνατώ-

296 1735 494 1787 τερονς
532 1722 645 1773 Τὸν
676 1725 897 1793 δρόμον
934 1728 1247 1782 τετέλεκα*
1279 1732 1391 1797 τὴν
1442 1732 1647 1783 πίστιν·
1693 1758 1855 1797 ιοιιι-

289 1829 449 1875 ρηκα
482 1828 494 1839 ·
526 1816 743 1867 λοιπὸν
773 1818 1082 1870 ἀπόκειταί
1104 1837 1205 1887 μοι
1247 1824 1279 1874 ό
1310 1821 1418 1887 τῆς
1461 1822 1852 1890 δικαιοσύνης

1443 428 1975 489 EPISTOLARUM
2012 428 2241 490 LIBER
2284 429 2335 491 Ι.

289 550 322 590 ι
342 555 511 590 vnter
541 539 946 604 (Summam-nc,
986 541 1072 591 ὅτι
1103 541 1299 592 αὐτων
1326 542 1494 593 ἐστιν
1514 545 1551 605 ἡ
1571 544 1856 604 βασιλεία
1887 549 1931 603 Α
1960 562 1966 594 1

1216 541 1299 591 ων
1326 542 1494 593 ἐστιν
1514 545 1551 605 ἡ
1571 544 1856 604 ,Βασιλεία
1887 549 1931 603 Α
1960 561 2075 595 rum
2140 553 2211 596 est
2276 558 2491 612 regnum
2539 542 2781 595 caelorum
2806 543 2847 572 "
2880 557 2892 594 :

3423 429 3528 493 766

2960 538 3278 594 aﬂlictlones
3326 539 3529 599 multa»,

1968 649 2181 688 omnem
2204 632 2525 687 excedentes
2541 631 2874 700 gravitatem,
2894 630 2983 682 sed
3007 644 3035 681 a
3051 627 3188 682 cmlo
3205 628 3453 697 gaudium
3476 638 3531 680 ct

1968 723 2256 777 exsultatio
2281 738 2389 776 non
2417 722 2579 775 modo
2603 722 2954 775 acerbitatem
2999 720 3213 772 illarum
3237 718 3524 773 alleviant:

1968 816 2058 870 scd
2094 816 2163 869 ita
2188 816 2494 877 immutant,
2518 815 2699 867 utsint
2724 812 2899 867 solatii
2926 822 3307 881 argumentum
3334 811 3526 879 iis.qui

1968 908 2153 962 vivunt
2190 907 2487 959 secundum
2528 920 2651 973 spes
2687 917 2953 973 supernas
2996 920 3008 953 :
3049 903 3301 970 quocirca
3338 911 3517 956 certa-

1968 1000 2109 1051 mina
2135 999 2444 1059 subeamus,
2483 1004 2543 1048 ut
2583 1010 2984 1064 consequamur
3011 994 3255 1063 praemia,
3298 1004 3356 1047 ut
3399 1008 3523 1047 cum

1967 1090 2133 1145 Paulo
2158 1090 2392 1143 clamare
2417 1086 2687 1157 possimus
2720 1103 2735 1141 :
2779 1085 2983 1139 Bonum
3014 1098 3275 1139 certamen
3305 1086 3522 1147 certaui,

1966 1198 2175 1235 cursum
2216 1181 2441 1251 confeci,
2494 1179 2649 1247 ﬁdem
2704 1180 2936 1241 servavi;
2968 1179 3031 1231 de
3074 1188 3258 1231 caetero
3300 1178 3527 1245 reposita

1966 1275 2091 1326 mihi
2111 1284 2184 1325 est
2206 1273 2430 1341 justitia:
2458 1287 2650 1323 corona
2683 1271 2747 1321 ’°.
2773 1270 2880 1322 Hac
2915 1284 3045 1322 voce
3077 1269 3410 1337 triumphali,
3439 1284 3525 1322 ec-

1965 1366 2090 1434 quid
2134 1364 2375 1425 suavius,
2419 1372 2512 1415 aut
2552 1362 2784 1430 amplius
2825 1360 2929 1414 erit
2968 1378 2980 1412 :
3013 1361 3205 1428 ecquid
3250 1360 3418 1429 magis
3469 1360 3523 1411 in

1965 1460 2205 1513 dedecus
2248 1458 2553 1512 communis
2597 1456 2811 1527 generis
2842 1454 3065 1507 humani
3111 1453 3283 1506 hostis
3322 1454 3521 1507 cedat:

1965 1550 2188 1605 Cursum
2242 1552 2467 1619 perfeci,
2514 1550 2668 1618 ﬁdem
2721 1548 2955 1611 servavi,
3015 1546 3251 1614 deinceps
3296 1546 3522 1612 reposita

1964 1645 2332 1710 miltijustilia:
2359 1657 2581 1695 corona:
2613 1655 2710 1693 vox
2734 1648 2836 1698 est,
2856 1654 2976 1705 qum
2998 1638 3335 1690 turbulentas
3360 1651 3521 1703 quas-

1969 1759 2045 1790 vis
2072 1740 2222 1789 sedet
2254 1742 2621 1801 tempestates,
2656 1746 2773 1800 qum
2809 1733 3032 1799 gratiam
3061 1729 3355 1795 spiritualis
3386 1744 3521 1796 gau—

1964 1830 2037 1883 dii
2061 1837 2328 1898 suggerat,
2359 1833 2733 1895 persecutores
2755 1822 3012 1875 altonitos
3033 1820 3241 1881 reddat,
3266 1834 3521 1887 perseeu-

292 1906 612 1971 czégcaroc.
645 1908 707 1963 Ὢ
740 1913 920 1979 φωνῆς
945 1912 1158 1983 ἀπάσης
1182 1912 1358 1983 λύπης
1393 1916 1560 1985 ζάλην
1599 1934 1853 1971 κατακοι-
1888 1905 1930 1961 Β
1961 1931 1969 1973 1

1844 1949 1853 1959 -
1888 1905 1930 1961 Β
1961 1921 2159 1975 tionem
2189 1934 2377 1988 passos
2407 1924 2631 1971 coronet
2656 1953 2671 1975 ,
2699 1915 2942 1968 inﬁrmos
2970 1912 3304 1973 corroboret,
3372 1912 3521 1979 deje-

296 1997 557 2066 μιξούσης
595 2000 792 2067 μᾶλλον
815 2002 870 2053 δὲ
896 2005 1077 2069 πάσης
1108 2008 1485 2077 πνευματικῆς
1510 2010 1850 2078 εὐφροσύνης

292 2089 453 2157 χάριν
469 2091 921 2161 ἑπιχορηγούσης,
940 2098 1066 2157 τοὺς
1085 2096 1313 2160 διώκτας
1332 2100 1408 2161 είς
1428 2099 1685 2171 ἔκπληξιν
1702 2102 1849 2153 ἀντι-

294 2179 658 2251 μεθιστώσης,
680 2190 804 2247 τοὺς
821 2186 1179 2258 διωκομένους
1204 2191 1590 2261 στεφανούσης,
1608 2192 1851 2254 ἀσθενεῖς

289 2272 798 2346 ἁναρῤωννυούσης,
839 2280 961 2341 τοὺς
989 2283 1462 2353 κατερραγμένους
1483 2283 1847 2353 ἀνορθούσηςί

286 2363 494 2432 ταύτην
524 2367 616 2419 καὶ
644 2369 755 2435 ἐγὼ
785 2369 894 2423 τῶν
926 2372 1101 2442 ἔργων
1143 2392 1231 2443 μοι
1263 2378 1373 2436 τοῖς
1411 2377 1586 2443 λόγοις
1614 2393 1852 2446 συνυπη-

1960 2026 2078 2068 ctos
2155 2012 2462 2066 resuscitet.
2524 2007 2675 2059 Hanc
2722 2020 2840 2075 ego,
2875 2005 2918 2057 si
2975 2004 3156 2057 verbis
3200 2004 3335 2056 meis
3379 2003 3519 2057 facta

1948 2104 2336 2173 respondeant,
2384 2100 2695 2154 felicitatem
2746 2115 3068 2169 consequar,
3092 2112 3197 2149 una
3234 2097 3515 2149 vobiscum

1948 2195 2203 2265 praeclare
2222 2207 2432 2246 mecum
2471 2192 2934 2253 concertantibus,
2956 2206 3051 2259 per
3074 2187 3516 2242 intercessionem

1948 2285 2283 2341 sanctissime
2316 2285 2556 2339 Domina:
2581 2293 2780 2339 nostra:
2811 2284 3074 2355 Deiparae,
3104 2290 3159 2337 et
3202 2290 3516 2335 sanctorum

1949 2378 2213 2432 omnium.
2250 2378 2442 2431 Amen.

289 2455 528 2523 χούντων
561 2461 847 2532 ἀξιωθείην
878 2465 990 2532 ἅμα
1027 2467 1155 2536 ὑμῖν
1203 2470 1314 2531 τοῖς
1344 2470 1528 2532 καλοῖς
1565 2470 1841 2532 συνάθλοις
1880 2472 1937 2523 ὲν
2002 2470 2193 2541 Κυρίῳ
2227 2470 2671 2539 ἀναφθέγξασθαι
2696 2466 3013 2539 πρεσϐείαις
3081 2467 3178 2535 τῆς
3210 2462 3514 2532 ὑπεραγίας

286 2552 581 2623 Δεσποίνης
604 2552 764 2621 ἡμῶν
797 2554 1077 2621 Θεοτόκου,
1107 2561 1203 2611 καὶ
1251 2559 1464 2613 πάντων
1502 2560 1610 2613 τῶν
1646 2560 1839 2628 ἁγίων.
1891 2562 2085 2631 Ἀμήν.

880 2718 1100 2773 eum:
1133 2719 1249 2785 ις’.

292 2823 377 2889 Τῷ
406 2826 814 2891 εὑσεόεστοὶτῳ
839 2829 937 2881 καί
974 2828 1214 2898 μεγάλῳ
1245 2830 1496 2895 ,βασιλεῖ
1526 2830 1843 2894 Βασιλείᾳ).

362 2941 647 3006 Ἄκουσον,
680 2936 723 2995 ὦ
760 2943 1237 3013 φιλανθρωπότατε
1289 2943 1508 3013 βασιλεῦ
1532 2955 1577 3009 ο,
1614 2946 1675 2997 οὐ
1712 2961 1845 3013 προ-

2533 2713 2749 2769 EPIST.
2779 2714 2917 2769 XVI.

2253 2830 2473 2885 Piisimo
2489 2840 2536 2885 et
2551 2832 2781 2885 maximo
2821 2832 2925 2901 regi
2947 2830 3164 2884 Basilio.

2012 2943 2149 2999 Audi
2171 2954 2369 3008 autem,
2387 2945 2773 2999 humanissime
2800 2946 3108 3013 imperator,
3124 2959 3230 2997 non
3250 2958 3347 3013 ego
3369 2958 3513 2996 nunc

288 3032 552 3102 ϐάλλομαι
577 3034 671 3087 νῦν
706 3035 937 3087 παλαιὰν
965 3035 1177 3103 φιλίαν
1226 3036 1288 3088 οὐ
1320 3034 1610 3105 φρικώδεις
1645 3035 1842 3103 ὅρκους
1869 3076 1911 3137 C
1944 3049 1965 3087 a

1835 3051 1842 3091 ῑ
1869 3076 1911 3137 C
1944 3034 2113 3105 allego
2135 3044 2368 3090 veterem
2386 3047 2626 3090 nostram
2652 3036 2968 3101 amicitiam;
2994 3051 3101 3089 non
3134 3036 3407 3088 tremenda
3424 3034 3512 3103 ju-

290 3128 385 3177 καὶ
419 3127 688 3196 συνθήκας
719 3144 729 3155 ·
752 3129 810 3179 οὐ
833 3129 1038 3197 χρίσμα
1056 3133 1147 3182 καὶ¹
1172 3128 1509 3198 χειροθεσίαν
1534 3126 1837 3196 βασιλείας·

289 3216 385 3285 οὐχ
421 3218 500 3268 ὅτι
526 3219 644 3280 ταῖς
675 3219 968 3288 ἡμετέραις
1002 3221 1157 3290 χερσὶ
1184 3218 1443 3289 προσιὼν,
1476 3220 1583 3271 τῶν
1607 3218 1849 3289 φρικτῶν

290 3311 383 3360 καὶ
407 3309 688 3378 ἀχράντων
724 3315 966 3380 μετεῖχες
991 3312 1301 3382 μυστηρίων
1326 3328 1340 3341 ⁸
1370 3311 1490 3364 οὐδὲ
1509 3313 1602 3364 τὸν
1628 3312 1847 3380 δεσμὸν,

288 3398 347 3454 ὃν
376 3397 394 3440 ί
433 3400 578 3471 ἡμᾶς
605 3401 639 3469 ἡ
669 3398 764 3454 τοῦ
797 3398 959 3452 καλοῦ
1010 3400 1199 3463 παιδὸς
1248 3400 1485 3453 υἱοθεσία
1526 3400 1810 3467 συνέδησεν
1833 3417 1847 3431 ·

290 3492 441 3545 οὐδὲν
468 3494 672 3544 τούτων
702 3492 843 3559 λέγω
864 3508 876 3521 '
913 3491 1047 3544 ἀλλὰ
1073 3491 1142 3543 τὰ
1188 3491 1341 3543 κοινὰ
1389 3489 1498 3542 τῶν
1551 3489 1850 3561 ἀνθρώπων

293 3591 559 3657 προτείνω
581 3604 661 3639 σοι
687 3588 891 3641 δίκαια.
926 3587 1131 3649 Πάντες
1148 3587 1276 3656 γὰρ,
1319 3586 1411 3638 καὶ
1438 3585 1730 3656 βαρὸἀρων
1760 3587 1850 3639 καὶ

303 3678 592 3748 Ἑλλήνων,
623 3677 715 3740 οὓς
752 3678 1102 3747 μὲννθανὰτου
1135 3676 1399 3748 κρίνουσι,
1450 3676 1544 3728 τοῦ
1599 3676 1714 3747 βίου
1764 3676 1851 3741 ἐξ·

294 3772 553 3839 ἀγουσινο
586 3771 678 3833 οὒς
714 3772 767 3823 δὲ
807 3772 906 3840 ζῇν
953 3772 1102 3835 ἐῶσι,
1134 3770 1459 3841 λιμαγχονίᾳ
1490 3771 1581 3823 καὶ
1638 3771 1850 3840 μυρίοις

291 3864 469 3925 ἄλλοις
498 3866 685 3925 κακοῖς
722 3863 901 3915 θανεῖν
933 3863 992 3914 οὺ
1046 3863 1353 3931 βιάζονται·
1398 3864 1592 3931 Ἡμεῖς
1632 3862 1695 3932 δὴ
1734 3862 1847 3932 βίον

294 3954 516 4023 βιοῦμεν
547 3956 775 4007 θανάτου
808 3954 1129 4025 πικρότερον
1156 3971 1169 3985 ’
1202 3954 1684 4023 ὴχμαλωτίσμεθα,
1718 3956 1849 4007 πάν-

288 4044 792 4115 τῶνὲστερήμεθα,
849 4044 1145 4111 συγγενῶν,
1216 4045 1521 4115 ὑπηρετῶν,
1580 4046 1845 4115 συνήθων,

291 4136 474 4203 πάσης
535 4136 719 4197 ἁπλῶς
784 4137 1127 4205 ἀνθρωπίνης
1169 4134 1486 4205 θεραπείας.
1541 4137 1651 4188 Καί
1701 4154 1847 4203 τοιγε

291 4225 501 4285 Παῦλος
529 4228 557 4278 ὁ
582 4227 741 4290 θεῖος,
775 4227 1169 4296 περιαγόμενος
1191 4227 1427 4297 δέσμιος,
1455 4228 1553 4295 τῆς
1590 4228 1699 4280 ἀπὸ
1738 4230 1844 4280 τῶν

287 4320 579 4388 γνωρίμων
637 4320 728 4371 καὶ
792 4320 1033 4388 συνήθων
1068 4319 1361 4387 θεραπείας
1416 4319 1710 4371 ἀπολαύειν
1748 4320 1847 4371 οὐκ

1952 3137 2287 3194 ramenta,et
2328 3128 2699 3198 stipulationes
2745 3128 3263 3193 initas;unctionem
3321 3136 3509 3180 etma-

1951 3236 2117 3274 nuum
2139 3220 2529 3289 impositionem
2546 3220 2766 3290 regiam;
2786 3236 2888 3273 non
2902 3219 3041 3288 quod
3057 3219 3301 3272 manibus
3314 3221 3513 3272 nostris

1960 3311 2226 3375 subditus,
2274 3322 2737 3365 sacramentorum
2780 3312 2990 3365 illorum
3024 3311 3440 3365 reverendorum
3459 3319 3515 3364 et

1952 3400 2419 3454 immaculatorum
2442 3400 2588 3454 fuisti
2612 3401 2879 3469 particeps
2901 3399 3096 3463 factus,
3114 3414 3221 3451 non
3246 3398 3374 3450 illud
3395 3398 3513 3450 vin-

1951 3494 2131 3547 culum
2175 3508 2281 3562 quo
2314 3508 2415 3546 nos
2452 3493 2545 3547 filii
2583 3493 2799 3561 optima:
2834 3491 2946 3560 spei
2976 3490 3190 3558 adoptio
3219 3489 3507 3558 copulavit.

1951 3584 2154 3639 Horum
2188 3586 2321 3639 nihil
2352 3600 2753 3649 commemoro;
2776 3584 2869 3637 sed
2894 3582 3146 3637 omnibus
3166 3596 3510 3633 communem

1950 3678 2255 3747 aequitatem
2275 3677 2369 3731 tibi
2388 3676 2636 3746 prafero.
2660 3674 2860 3730 Omnes
2889 3684 3034 3728 certe
3049 3688 3170 3726 cum
3197 3672 3368 3725 Graeci
3396 3680 3509 3723 tum

1950 3768 2110 3822 etiam
2146 3767 2385 3828 Barbari,
2429 3768 2472 3821 si
2507 3766 2790 3834 capitalem
2827 3766 2879 3817 in
2917 3763 3147 3830 aliquem
3184 3762 3508 3815 sententiam

1949 3868 2205 3922 statuant,
2231 3860 2337 3912 vita
2361 3859 2609 3926 privant;
2644 3858 2840 3926 quibus
2863 3866 3039 3908 autem
3074 3854 3254 3907 vivere
3282 3852 3506 3920 permit-

1948 3960 2086 4013 tant,
2128 3952 2454 4020 compellant
2497 3951 2637 4004 fame
2674 3960 2917 4011 enectos,
2966 3957 3021 4002 et
3058 3948 3201 4000 mille
3235 3946 3353 3998 aliis
3388 3960 3505 3996 ma-

1946 4043 2014 4098 lis
2033 4045 2221 4097 emori.
2254 4044 2350 4096 Ast
2377 4059 2473 4113 ego
2514 4043 2635 4095 vivo
2664 4042 2826 4094 vitam
2848 4040 3033 4109 quavis
3055 4047 3226 4091 morte
3261 4036 3504 4090 acerbio-

1949 4150 2089 4187 rem:
2108 4134 2157 4187 in
2180 4134 2538 4203 captivitatem
2552 4133 2836 4195 abductus,
2852 4132 3010 4184 rebus
3034 4129 3463 4183 omnibusexuor
3488 4143 3501 4179 :

1947 4226 2208 4293 cognatis,
2256 4225 2479 4286 familia,
2530 4226 2737 4289 amicis,
2759 4223 2905 4278 omni
2936 4222 3242 4277 omnimodo
3267 4222 3503 4274 humano

1952 4319 2271 4372 ministerio.
2305 4318 2373 4371 At
2418 4330 2564 4372 certe
2610 4319 2827 4371 divinus
2867 4315 3061 4369 Paulus
3091 4331 3212 4368 cum
3258 4315 3503 4383 captivus

288 4410 556 4461 ἐκωλύετο
579 4426 590 4438 '
622 4411 756 4462 ἀλλά
795 4410 887 4462 καί
918 4427 996 4461 τοι
1026 4410 1123 4477 τὴν
1163 4411 1253 4462 ἐπὶ
1306 4410 1517 4477 θανάτῳ
1553 4410 1834 4479 ἀγόμενος,
1871 4411 1913 4465 D
1942 4428 1965 4465 c

1822 4450 1834 4471 ,
1871 4411 1913 4465 D
1942 4412 2454 4475 circumduceretur,
2502 4427 2608 4463 non
2676 4419 2857 4463 tamen
2897 4409 3287 4479 prohibebatur
3340 4407 3499 4458 fami-

285 4501 631 4570 ἀνθρωπίνης
660 4504 751 4571 καὶ
774 4502 921 4571 παρὰ
941 4501 1047 4552 τῶν
1068 4503 1429 4569 μισοχρίστων
1462 4502 1839 4571 Ἑλληνιστῶν,

288 4592 583 4660 ἐτύγχανεν
605 4593 960 4662 ἡμερότητος.
1008 4592 1146 4643 Ἀλλ’
1177 4593 1305 4654 ἴσως
1334 4595 1361 4644 ὁ
1396 4594 1601 4661 μακρὸς
1629 4593 1837 4661 χρόνος,

285 4684 337 4734 εί
366 4684 457 4734 καὶ
489 4684 562 4753 μὴ
592 4685 868 4753 ἀρχιερεῖς
894 4684 1050 4746 Θεοῦ,
1083 4683 1194 4735 ἀλλ’
1218 4681 1310 4736 οὖν
1341 4684 1403 4751 γέ
1429 4701 1575 4741 τινας
1602 4701 1840 4753 κακουρ-

286 4774 439 4840 γοὺς,
469 4774 691 4827 τοιαῦτα
728 4775 965 4827 δείκνυσι
996 4775 1331 4838 πεπονθότας
1355 4792 1367 4805 ·
1404 4775 1517 4828 ἀλλ’
1562 4778 1644 4829 ὅτι
1690 4779 1841 4827 ἐστε-

288 4865 533 4934 ρήθημεν
563 4868 654 4918 καὶ
690 4866 929 4935 βιϐλίων,
963 4868 1146 4920 καινὸν
1173 4868 1328 4920 τοῦτο
1373 4868 1465 4920 καὶ
1519 4869 1837 4937 παράδοξον,

286 4957 381 5007 καὶ
435 4957 526 5008 νέα
583 4958 702 5009 καθ’
760 4958 916 5027 ἡμῶν
974 4960 1364 5027 ἐπινενοημένη
1432 4961 1702 5028 τιμωρίαο
1756 4961 1841 5011 ἵνα

283 5049 337 5099 τί
376 5048 616 5115 γίνεται;
677 5050 762 5102 ἵνα
815 5050 887 5119 μὴ
922 5052 1206 5117 ἀκούωμεν
1249 5052 1382 5118 μηδὲ
1429 5050 1581 5117 λόγον
1614 5053 1837 5122 Κυρίου.

288 5138 375 5208 Μὴ
408 5142 613 5207 γένοιτο
644 5143 732 5193 ἐπὶ
760 5142 860 5209 τῆς
895 5143 989 5210 σῆς
1018 5143 1293 5210 βασιλείας
1345 5144 1546 5212 ταύτην
1576 5146 1673 5212 τὴν
1705 5144 1841 5216 ἀρὰν

283 5230 653 5299 πληρωθῆναι,
688 5232 765 5283 ὅτι
812 5234 1018 5285 Ἔσται
1048 5234 1114 5284 ὲν
1152 5234 1277 5298 ταῖς
1305 5234 1549 5301 ἡμέραις
1586 5236 1841 5298 ἐκείναις

281 5317 455 5383 ,λιμός
488 5317 688 5384 ἄρτου,
728 5320 822 5371 καί
854 5324 1025 5387 λιμὸς
1060 5323 1165 5375 τοῦ
1200 5323 1456 5376 ἀκοῦσαι
1496 5326 1679 5393 λόγον
1730 5330 1835 5377 Κυ-

274 5407 435 5475 ρίου.
472 5409 568 5458 Διὰ
599 5410 650 5460 τί
684 5410 790 5478 γὰρ
820 5411 973 5479 ἡμῶν
1002 5412 1251 5483 ἀφῃρέθη
1276 5415 1347 5466 τὰ
1380 5415 1594 5483 prona;
1645 5418 1703 5466 ΕΞ
1737 5416 1835 5483 μὲν

354 5570 399 5601 ¹⁹
435 5568 623 5623 Matth.
650 5589 703 5637 v,
738 5572 820 5626 10.
901 5574 943 5605 ³ο
974 5574 1019 5629 ll
1066 5574 1207 5631 Tim.
1246 5596 1320 5642 tv,
1361 5578 1414 5642 7,

1950 4503 2167 4556 Iiarium
2204 4502 2439 4556 oiliciosa
2464 4516 2612 4564 cura,
2637 4510 2691 4555 et
2726 4502 3062 4571 cognitorum
3097 4518 3109 4552 :
3147 4499 3254 4551 imo
3285 4513 3405 4551 cum
3434 4498 3499 4551 ad

1947 4595 2173 4663 capitale
2200 4594 2522 4663 supplicium
2562 4594 2870 4654 duceretur,
2909 4592 3296 4645 humanitatem
3338 4603 3499 4656 expe-

1948 4688 2186 4741 riebatur
2229 4702 2259 4739 a
2298 4686 2539 4757 paganis,
2571 4695 2624 4738 et
2652 4685 2847 4738 Christi
2889 4699 3086 4737 nomen
3128 4682 3361 4737 invisum
3402 4681 3497 4733 ha-

1947 4778 2220 4831 bentibus.
2284 4776 2476 4829 Verum
2528 4776 2770 4829 fortassis
2819 4775 3074 4843 temporis
3138 4772 3494 4833 diuturnitas,

1948 4870 2071 4923 licet
2097 4869 2505 4935 haudquaquam
2534 4866 2996 4920 archisacerdotes
3023 4864 3140 4927 Dei,
3175 4874 3354 4917 tamen
3389 4863 3492 4915 im-

1947 4962 2214 5029 probitate
2268 4968 2443 5021 notos,
2486 4958 2857 5026 hujuscemodi
2887 4958 3045 5011 docet
3078 4954 3383 5025 pertulisse.
3428 4955 3498 5005 At

1940 5067 2038 5105 nos
2067 5051 2227 5103 etiam
2259 5050 2409 5102 libris
2436 5050 2729 5117 privamur,
2761 5058 2813 5101 et
2858 5049 2960 5102 hoc
2995 5057 3139 5101 certe
3173 5061 3398 5108 novum,
3442 5054 3499 5098 et

1940 5143 2285 5210 paradoxum,
2318 5157 2506 5195 recens
2538 5141 2590 5193 in
2626 5157 2709 5195 me
2740 5143 3101 5209 excogitatum
3140 5138 3492 5207 supplicium.

1938 5234 1995 5286 1n
2041 5250 2199 5301 quem
2244 5250 2403 5301 porro
2457 5235 2661 5287 linem?
2707 5249 2851 5287 certe
2895 5248 2962 5285 ne
3007 5232 3231 5283 verbum
3280 5228 3491 5281 Domini

1937 5325 2266 5377 audiremus.
2296 5326 2447 5378 Absit
2483 5337 2683 5389 autem,
2712 5334 2773 5379 ut
2810 5325 2863 5377 in
2909 5324 3098 5378 diebus
3134 5320 3341 5389 imperii
3392 5320 3490 5382 tui,

1936 5418 2020 5471 illa
2048 5418 2346 5471 exsecratio
2396 5417 2555 5473 ﬁnem
2610 5418 2903 5473 sortiatur:
2946 5416 3063 5471 Erit
3096 5417 3149 5469 in
3178 5412 3359 5468 diebus
3388 5412 3494 5465 illis

1536 5734 1764 5789 VARIAZ
1807 5735 2202 5791 LECTIONES.

366 5850 387 5878 ο
415 5842 676 5896 Badius.
763 5841 777 5880 ί
820 5837 879 5911 ᾧ,
