4248 6444
775 393 877 455 767

1903 381 2172 445 ΡΙΙΟΤΙῙ
2211 386 2707 446 ΡΛΤΒΙΑΒΟΗᾸΞ
2745 387 2853 446 CP.

3877 397 3996 461 768

777 508 940 574 fames
966 503 1140 571 panis,
1170 510 1217 553 et
1253 503 1415 570 fames
1437 500 1682 552 audiendi
1718 499 1921 550 verbum
1956 499 2049 552 Dei
2098 499 2163 550 “.
2199 498 2332 550 Nam
2361 507 2406 560 Α
2435 517 2454 565 γ

2313 515 2332 550 ι
2361 507 2406 560 Α
2435 499 2540 569 γάρ
2564 517 2616 553 τι
2654 500 2960 569 ἀδικοῦμεν,
2989 499 3207 553 πλείονα
3248 501 3352 554 ἔδει
3382 501 3617 571 δοθῆναι,
3666 504 3760 556 καὶ
3788 505 3854 576 δὴ
3889 511 3990 560 καὶ

775 609 920 647 cura
956 608 1042 644 me
1093 592 1209 644 libri
1258 591 1454 643 sublati
1491 590 1656 642 sunt?
1688 588 1742 641 Si
1774 589 1827 642 in
1867 589 2048 656 aliquo
2077 589 2186 643 laesi
2231 588 2334 642 ali-

775 698 961 750 quem,
990 682 1167 735 adhuc
1197 681 1379 748 plures
1408 681 1520 733 dari
1563 680 1844 738 deberent.
1888 680 2052 732 etiam
2081 690 2136 731 et
2163 679 2335 732 infor-

773 784 1013 826 matores
1060 771 1329 836 adhiberi,
1361 780 1423 824 ιιι
1471 771 1698 838 legendo
1739 770 1996 836 majorem
2028 770 2331 835 utilitatem,

769 874 826 916 et
851 864 1080 916 convicti
1112 864 1277 916 citius
1335 862 1727 915 correctionem
1772 876 2206 928 consequamur:
2251 862 2334 914 sin

772 957 948 1008 nullos
986 955 1118 1018 laesi,
1184 971 1283 1009 cur
1335 969 1436 1020 ego
1491 954 1694 1006 laedor?
1754 953 1943 1007 Nullus
2006 955 2336 1008 orthodoxus

773 1048 876 1098 tale
923 1046 1052 1115 quid
1106 1047 1175 1100 ab
1240 1045 1584 1098 heterodoxis
1623 1060 1812 1113 passus
1870 1053 1972 1098 est.
2013 1044 2336 1099 Athanasius

770 1137 883 1193 ille.
934 1138 1220 1190 multarum
1273 1137 1576 1204 palmarum
1622 1143 1845 1200 auctor,
1921 1135 2047 1189 sede
2099 1150 2193 1188 sua
2231 1134 2338 1203 epi-

772 1227 973 1293 scopali
1033 1226 1248 1294 sapius,
1303 1240 1427 1278 cum
1480 1226 1547 1279 ab
1605 1224 1907 1287 haereticis,
1971 1233 2085 1276 tum
2150 1238 2179 1275 a
2241 1238 2337 1291 pa-

769 1317 925 1385 ganis
983 1317 1318 1383 pellebatur;
1381 1326 1436 1370 at
1506 1330 1665 1369 nemo
1724 1315 1954 1368 sancivit
2013 1314 2335 1383 aliquando,

777 1415 835 1457 ut
876 1405 995 1457 libri
1040 1406 1107 1458 ab
1147 1405 1236 1458 illo
1291 1405 1648 1458 auferrentur.
1690 1405 1782 1459 Vir
1823 1402 2171 1458 admirandus
2226 1402 2336 1455 Eu-

774 1495 1002 1547 stathius
1085 1496 1351 1549 similibus
1420 1495 1744 1548 Arianorum
1830 1495 2109 1548 fraudibus
2167 1494 2338 1561 impe-

777 1587 1020 1650 tebatur;
1070 1587 1161 1640 sed
1208 1601 1309 1639 nec
1342 1586 1549 1651 abillo,
1587 1595 1646 1640 ut
1685 1602 1715 1639 a
1758 1585 1948 1647 nobis.
1993 1584 2152 1638 ablati
2197 1582 2336 1637 libri.

779 1675 979 1729 Paulus
1012 1675 1316 1738 confessor,
1363 1674 1604 1730 Joannes
1650 1675 2088 1745 Chrysostomus,
2132 1672 2341 1726 Flavia-

2433 589 2560 652 τοὺς
2584 590 2953 652 διδάσκοντας,
3010 591 3096 642 ἵνα
3126 592 3220 643 καὶ
3272 593 3739 660 ἀναγινώσκοντες
3777 599 3991 666 μᾶλλον

2431 676 2786 746 ῶφελὼμεθα,
2853 679 2947 730 καὶ
2997 678 3342 748 ἐλεγχόμενοι
3382 683 3727 752 διορθὼμεθα
3771 700 3786 714 °
3823 689 3873 739 εί
3931 690 3995 741 δὲ

2437 771 2600 840 μηδὲν
2630 772 2947 840 ἀδικοῦμεν,
2981 773 3033 825 τί
3064 775 3429 845 ἀδικούμεθα;
3462 778 3651 843 Οὐδεὶς
3680 780 3840 834 τοῦτο
3875 784 3996 835 τῶν

2435 862 2735 933 ὀρθοδόξων
2768 864 2875 917 οὐδ’
2902 865 3007 917 ὑπὸ
3033 866 3142 917 τῶν
3198 868 3648 935 ἐτεροδοξούντων
3693 873 3992 927 πέπονθεν.

2446 954 2758 1016 Ἀθανάσιος
2783 958 2811 1008 6
2851 955 3172 1020 πολύαθλος,
3202 958 3296 1010 τοῦ
3347 959 3538 1030 θρόνου
3582 963 3860 1028 πολλάκις,
3893 967 3997 1017 καὶ

2434 1043 2536 1095 ὑπὸ
2562 1045 2873 1110 αἱρετικῶν,
2918 1047 3012 1099 καὶ
3061 1046 3164 1099 ὑπὸ
3205 1046 3562 1116 Ἑλληνιστῶν
3610 1052 3950 1120 ἀπελήλαται
3978 1069 3992 1082 ’

2435 1134 2547 1188 ἀλλ’
2575 1135 2746 1198 οὐδεὶς
2771 1136 2934 1189 αὑτοῦ
2961 1139 3068 1190 τῶν
3095 1139 3315 1208 βιϐλίων
3343 1141 3635 1211 ἀφαίρεσιν
3657 1143 3992 1211 ἐψηφίσατο.

2436 1225 2728 1287 Εὑστάθιος
2770 1227 2798 1278 6
2845 1228 3166 1296 θαυμάσιος,
3197 1229 3294 1300 τὴν
3347 1231 3467 1299 ἴσην
3515 1231 3804 1302 ἐπιϐουλὴν
3839 1235 3997 1304 παρά

2436 1317 2542 1368 τῶν
2580 1318 3017 1388 Ἀρειανιζόντων
3038 1321 3346 1389 ὑπήνεγκεν
3369 1337 3384 1353 ο
3413 1322 3528 1374 ἀλλ’
3558 1323 3674 1392 οὐχ,
3708 1323 3782 1383 ὡς
3804 1325 3994 1391 ἡμεῖς,

2437 1407 2529 1459 καὶ
2577 1409 2645 1462 τὰ
2700 1407 2878 1477 βιϐλία
2937 1411 3234 1480 ἀφῄρηται.
3293 1412 3501 1476 Παῦλος
3554 1415 3582 1466 ό
3631 1413 3993 1485 ὁμολογητὴς,

2449 1499 2701 1568 Ἰωάννης
2716 1503 2744 1553 ό
2760 1501 3162 1571 Χρυσόστομος,
3192 1502 3486 1566 Φλαϐιανὸς
3503 1505 3532 1556 6
3554 1504 3856 1566 θεσπέσιος,
3883 1523 3995 1574 μυ-

2439 1589 2543 1658 ρίοι
2570 1590 2718 1643 ἄλλοι
2737 1607 2750 1621 ·
2781 1592 2832 1644 τί
2859 1591 2966 1661 γὰρ
2991 1591 3073 1645 δεῖ
3108 1591 3203 1645 νῦν
3230 1593 3452 1656 τούτους
3483 1593 3756 1664 ἀριθμεῖν,
3815 1595 3910 1660 οὓς
3953 1599 3992 1664 ἡ

2437 1681 2496 1732 ἐν
2535 1682 2783 1750 οὐρανοῖς
2815 1683 3006 1746 Βίϐλος
3040 1684 3398 1754 ἀπεγράψατο
3425 1701 3440 1748 ;
3475 1685 3585 1738 Καὶ
3608 1685 3660 1737 τί
3693 1686 3836 1752 λέγω
3862 1687 3994 1748 τοὺς

776 1787 880 1823 nus
915 1772 1164 1834 eximius,
1202 1772 1398 1825 infiniti
1430 1773 1542 1826 alii.
1569 1772 1709 1837 Quid
1746 1773 1891 1827 enim
1922 1787 2058 1842 opus
2087 1782 2170 1826 est
2221 1772 2342 1825 illos
2369 1843 2396 1845 Α
2439 1775 2453 1826 ί

2316 1784 2396 1845 εᾼ
2439 1773 2751 1843 όρθοδόξους
2815 1775 2908 1827 καὶ
2962 1773 3152 1842 ἁγίους
3202 1776 3513 1845 ἀρχιερεῖς;
3572 1776 3832 1829 Εὑσέϐιον
3888 1779 3993 1829 καὶ

776 1878 1083 1926 recensere,
1121 1865 1215 1933 qui
1261 1865 1314 1917 in
1344 1865 1480 1918 libro
1504 1865 1710 1920 caelesti
1754 1866 2173 1919 describuntur?
2199 1863 2336 1928 Quid
2367 1843 2410 1898 Β
2437 1866 2453 1916 1

2316 1864 2336 1917 1
2367 1843 2410 1898 Β
2437 1864 2735 1932 Θεογόνιον,
2777 1867 2872 1918 καὶ
2913 1868 3009 1918 σὺν
3036 1866 3217 1928 αὐτοῖς
3244 1843 3450 1928 ἀλλους
3487 1864 3803 1936 ἀνθρώπους
3835 1868 3993 1936 αἰρε-

776 1971 878 2023 ego
907 1971 1276 2008 commemoro
1298 1964 1516 2009 sanctos
1540 1965 1594 2009 et
1643 1955 1972 2009 orthodoxos
2010 1952 2336 2024 episcopos?

779 2049 1006 2114 Magnus
1030 2046 1418 2100 Constantinus
1437 2047 1761 2110 Eusebium,
1789 2045 2182 2116 Theogonium,
2204 2046 2337 2102 alios

778 2153 904 2190 cum
941 2137 1044 2191 illis
1085 2138 1384 2198 haereticos,
1434 2148 1653 2207 propter
1702 2138 2032 2206 impietatem
2066 2146 2122 2190 et
2153 2151 2337 2190 versa-

783 2232 905 2284 tiles
943 2231 1238 2284 sententias
1274 2227 1462 2283 exsilio
1502 2228 1769 2293 multavit,
1813 2227 1909 2281 sed
1953 2240 2128 2294 neque
2171 2225 2339 2278 facul-

784 2325 988 2376 tatibus
1034 2323 1313 2391 spoliatos,
1352 2336 1528 2388 neque
1560 2320 1710 2374 libris
1756 2318 2100 2374 denudatos:
2147 2318 2339 2387 puduit

781 2419 927 2471 enim
975 2432 1099 2470 eum
1126 2433 1154 2468 a
1198 2414 1648 2468 sermocinatione
1691 2413 1976 2467 excludere
2019 2411 2155 2474 illos,
2203 2425 2339 2479 quos

783 2510 853 2562 ob
879 2524 995 2561 eam
1025 2522 1242 2560 causam
1287 2504 1477 2558 exsilio
1533 2503 1814 2564 multabat,
1854 2501 1996 2569 quod
2037 2500 2245 2565 ἀλόγως
2280 2514 2340 2554 se

785 2607 1065 2670 gesserant
1098 2613 1112 2660 ;
1148 2596 1345 2664 impius
1386 2593 1664 2648 Nestorius
1689 2594 1974 2661 relegatur,
2005 2595 2077 2647 ita
2110 2602 2164 2647 et
2191 2592 2342 2647 Dios-

787 2706 996 2743 t-orus:
1045 2689 1235 2742 Petrus
1291 2687 1378 2740 ille
1429 2685 1662 2750 infelix;
1724 2686 1979 2748 Severus,
2032 2686 2120 2739 alii
2160 2700 2345 2754 quam-

787 2784 1004 2850 plurcs;
1046 2779 1140 2834 sed
1188 2793 1347 2832 nemo
1383 2778 1647 2831 librorum
1702 2777 2062 2845 captivitatem
2102 2777 2340 2845 pertulit.

787 2875 924 2939 Quid
950 2882 1159 2928 veteres
1210 2872 1501 2926 recenseo?
1533 2869 1681 2922 Multi
1705 2869 1997 2922 etiamnum
2024 2869 2344 2936 superstites

787 2973 991 3019 norunt
1015 2963 1275 3016 Leontem
1318 2961 1465 3013 illum
1519 2958 1772 3026 impium,
1819 2955 1946 3010 ferae
1972 2956 2152 3025 potius
2183 2971 2344 3025 quam

791 3054 1024 3109 hominis
1054 3062 1300 3106 naturam
1335 3049 1672 3104 ostendisse:
1705 3047 1792 3100 ille
1835 3054 2014 3100 autem
2042 3063 2164 3102 cum
2193 3047 2222 3100 ξι
2255 3063 2346 3101 so—

2434 1955 2618 2019 τικοὺς
2642 1958 2670 2009 ὁ
2730 1955 2901 2026 μέγας
2938 1957 3362 2022 Κωνσταντῖνος,
3409 1957 3497 2010 διὰ
3525 1957 3621 2026 τὴν
3650 1957 3827 2010 αὑτῶν
3863 1957 3998 2008 δυσ-

2438 2048 2653 2101 σέϐειαν
2683 2050 2774 2102 καὶ
2803 2049 2862 2100 τὸ
2889 2050 2988 2117 τῆς
3011 2047 3237 2117 γνώμης
3275 2049 3624 2116 παλίμϐολον,
3665 2047 3998 2120 ὑπερορίους

2434 2138 2730 2207 ἐποιήσατο
2751 2152 2766 2168 ⁸
2795 2138 2910 2192 ἀλλ’
2941 2137 3063 2190 οὗτε
3117 2138 3222 2193 τῶν
3251 2139 3600 2208 ὑπαρχόντων
3652 2139 3999 2208 ἐγύμνωσεν,

2435 2228 2558 2281 οῦτε
2592 2228 2815 2298 βιϐλίοις
2850 2229 3319 2299 προσεξημίωσεν.
3377 2228 3668 2301 ’ῌσχύνετο
3697 2231 3806 2299 γὰρ
3832 2229 4000 2297 λόγου

2436 2321 2686 2386 κωλύειν,
2719 2321 2832 2384 οὒς,
2865 2321 2946 2375 ὅτι
2971 2320 3178 2389 ἀλόγως
3226 2321 3513 2392 ἔπραττον,
3543 2321 3726 2392 ἐξορίᾳ
3776 2321 4001 2375 κατεδί-

2437 2413 2605 2478 καζεο
2630 2414 2921 2484 Νεστόριος
2953 2416 2981 2466 6
3018 2413 3279 2482 δυσσεϐὴς
3324 2413 3655 2484 ἐξορίζεται·
3705 2417 4002 2483 Διόσκορος

2444 2506 2603 2578 πάλιν
2626 2524 2641 2536 ·
2666 2507 2872 2573 Πέτρος
2895 2507 2923 2557 6
2943 2505 3201 2567 δείλαιος·
3227 2504 3458 2572 Σευῆρος
3479 2506 3573 2558 καὶ
3602 2505 3783 2557 πολλοὶ
3810 2505 3964 2558 ἄλλοι
3981 2521 3996 2534 ο

2439 2597 2554 2650 ἀλλ’
2584 2595 2758 2660 οὐδεὶς
2791 2596 2969 2649 αὐτῶν
3019 2595 3238 2665 βιϐλίων
3289 2595 3666 2666 αίχμαλωσίαν
3711 2597 4002 2667 ὑπέμεινε.

2440 2689 2506 2742 Τί
2532 2689 2588 2742 δὲ
2615 2689 2761 2757 λέγω
2788 2687 2854 2740 τά
2879 2687 3114 2752 παλαιά;
3154 2686 3358 2740 Λέοντα
3410 2687 3500 2738 τὸν
3528 2687 3759 2757 δυσσεϐῆ
3809 2687 4008 2741 πολλοὶ

2442 2783 2538 2835 καὶ
2567 2780 2675 2833 τῶν
2703 2781 2782 2833 ἔτι
2809 2779 3107 2848 περιόντων
3133 2778 3277 2832 ἴσασι
3305 2777 3490 2846 θηρίον
3511 2788 3538 2818 ν
3576 2779 3773 2848 μᾶλλον
3814 2780 3847 2848 ἢ
3896 2781 4003 2833 ἀν-

2443 2871 2658 2943 θρώπου
2689 2872 2848 2941 φύσιν
2870 2872 3274 2942 ἐπιδειξάμενον
3299 2885 3312 2898 ·
3346 2871 3460 2923 ἀλλ’
3498 2866 3650 2934 οὗτος
3677 2872 3770 2923 τὸν
3799 2872 4006 2940 μέγαν,

2442 2963 2538 3017 καὶ
2573 2964 2648 3026 ὡς
2699 2963 2914 3034 ἀληθῶς
2963 2965 3301 3035 Νικηφόρον,
3351 2964 3590 3017 ἐλαύνων
3625 2963 3720 3016 τοῦ
3781 2965 4007 3034 θρόνου,

2443 3053 2537 3107 καὶ
2567 3052 2749 3123 ἐξορίᾳ
2784 3052 3130 3124 παραδιδοὺς,
3173 3052 3269 3123 οὑχ
3319 3053 3401 3105 ὅτι
3454 3052 3548 3103 καὶ
3576 3050 3682 3103 τῶν
3711 3051 3876 3103 αὑτοῦ
3916 3051 4009 3122 βι-

789 3147 863 3198 lio
920 3143 1214 3211 depelleret
1263 3139 1642 3208 Nicephorum,
1671 3153 1921 3208 magnum
1955 3147 2010 3191 et
2038 3153 2164 3191 vere
2189 3138 2343 3192 Nice—
2368 3171 2411 3231 ε
2446 3144 2466 3196 ε

2328 3165 2343 3177 -
2368 3171 2411 3231 c
2446 3144 2607 3197 ϐλίων
2633 3144 2886 3214 ἐποίησεν
2911 3143 3198 3214 ὑπερόριον
3219 3158 3233 3173 ⁸
3290 3143 3351 3195 ού
3383 3144 3480 3210 μὲν
3512 3138 3603 3196 οὖν
3653 3143 3777 3196 οὐδὲ
3814 3144 4005 3212 ἐλιμοο

790 3237 1045 3304 phorum,
1079 3245 1310 3298 eumque
1367 3230 1606 3282 mitteret
1658 3229 1712 3282 in
1757 3229 2026 3291 exsilium,
2068 3244 2176 3282 non
2233 3244 2340 3282 una
2384 3229 2394 3231 ⁷
2442 3252 2467 3287 κ

2331 3248 2340 3282 ι
2384 3229 2394 3231 ⁷
2442 3234 2720 3304 κτόνησεν,
2756 3234 2828 3298 ὡς
2873 3235 3031 3303 ἡμεῖς
3062 3233 3551 3304 λιμαγχονούμεθα.
3583 3232 3798 3285 Καίτοι
3846 3235 4008 3287 οὐδὲν

791 3324 1050 3395 relegavit
1075 3323 1319 3377 exsulem
1342 3336 1372 3375 a
1398 3321 1550 3375 libris
1577 3321 1725 3384 suis;
1757 3319 1849 3374 sed
1888 3334 1987 3374 nec
2006 3319 2180 3373 inedia
2209 3334 2342 3373 con-

793 3421 941 3482 fecit,
969 3415 1418 3487 quemadmodum
1445 3431 1540 3468 nos
1570 3414 1709 3468 fame
1747 3428 2066 3468 enecamur:
2091 3422 2146 3467 et
2165 3421 2344 3466 tamen

791 3525 1004 3566 summe
1051 3508 1102 3560 in
1149 3507 1286 3561 votis
1352 3506 1600 3569 habebat,
1643 3514 1702 3558 ut
1731 3504 1817 3556 ille
1863 3504 2061 3557 athleta
2125 3503 2345 3557 interitu

792 3603 1164 3664 occumberet,
1218 3615 1325 3653 non
1381 3599 1560 3652 minus
1591 3613 1754 3666 quam
1802 3607 1862 3650 ut
1914 3611 2137 3666 regnum
2178 3595 2346 3664 ipsius

793 3693 1018 3761 impium
1050 3705 1213 3759 quam
1252 3688 1552 3743 diutissime
1582 3687 1901 3756 perduraret
1934 3703 1946 3738 :
1984 3686 2075 3740 sed
2102 3685 2190 3739 ille
2217 3684 2348 3738 titu-

795 3783 904 3836 lum
927 3781 1198 3836 homicidii
1243 3779 1424 3832 subire
1471 3778 1680 3842 noluit;
1711 3793 1810 3830 nec
1851 3791 2041 3830 carnes
2074 3777 2348 3829 ministro-

794 3888 914 3925 rum
950 3885 1193 3933 suorum,
1223 3884 1330 3921 non
1361 3882 1515 3920 secus
1544 3882 1703 3935 quam
1759 3866 2026 3919 latronum
2060 3875 2149 3917 aut
2169 3863 2351 3933 prodi-

797 3973 974 4018 torum
1011 3960 1286 4015 frustatim
1315 3959 1634 4021 dissecabat,
1665 3967 1934 4026 utcunque
1983 3958 2214 4026 alioquin
2248 3956 2351 4010 im-

793 4056 940 4124 pius,
991 4061 1046 4106 et
1097 4051 1413 4120 sanguinem
1461 4049 1704 4117 spirans;
1756 4063 1862 4102 non
1913 4063 2234 4116 quemquam
2283 4048 2351 4101 ab

795 4147 1091 4200 amicorum
1170 4142 1479 4196 visitatione
1542 4141 1809 4205 exclusit;
1866 4156 1962 4194 nec
2035 4140 2348 4195 facultatum

797 4239 994 4291 damno
1061 4249 1384 4305 quemquam
1468 4232 1699 4301 punivit.
1768 4231 2139 4285 Reverebatur
2205 4233 2349 4285 enim

2440 3321 2601 3396 ἦττον
2659 3326 2749 3378 τὸν
2807 3324 3044 3394 ἀθλητὴν
3094 3322 3356 3392 ἐπεθύμει
3422 3323 3623 3386 θανεῖν,
3673 3323 3766 3374 καὶ
3814 3323 3847 3392 ἢ
3901 3323 4011 3391 τὴν

2446 3416 2606 3470 αὑτοῦ
2637 3416 2908 3486 βασιλείαν
2942 3416 3020 3478 είς
3069 3416 3240 3484 μῆκος
3301 3413 3530 3483 χρόνων,
3578 3412 3642 3466 δι’
3671 3406 3746 3466 ὧν
3797 3413 4006 3479 ἐσέϐει,

2445 3510 2623 3563 πάντα
2675 3505 3155 3580 παραταθήσεσθαι
3183 3521 3196 3535 ·
3247 3504 3363 3558 ἀλλ’
3426 3505 3571 3574 ὅμως
3615 3505 3785 3573 ϐνομα
3818 3505 4012 3557 λαϐεῖν

2445 3601 2790 3669 ἀνδροφονίας
2816 3599 3167 3667 ἐφυλάττετο’
3193 3597 3252 3649 οὑ
3302 3596 3401 3658 τὰς
3457 3597 3663 3665 σάρκας
3689 3596 3796 3648 τῶν
3858 3597 4008 3664 ὑπη-

2450 3690 2741 3762 ρετούντων
2769 3689 2937 3758 αὐτῷ,
2967 3687 3178 3759 λῃστῶν
3211 3687 3305 3740 καὶ
3340 3687 3611 3755 προδοτῶν
3656 3687 3833 3756 δίκην,
3873 3705 4012 3739 κατ-

2446 3783 2632 3851 έκοψε,
2653 3781 2852 3851 καίπερ
2870 3778 3142 3833 δυσσεϐῶν
3158 3778 3323 3832 τάλλα
3347 3788 3394 3843 ι,
3414 3781 3507 3833 καὶ
3528 3780 3705 3831 πνέων
3724 3779 4008 3847 ὠμότητα·

2447 3874 2507 3929 οὐ
2538 3875 2644 3927 τῶν
2677 3873 2954 3941 συγγενῶν
2982 3871 3082 3942 τὴν
3125 3871 3342 3941 ὁμιλίαν
3390 3871 3662 3925 ἐκώλυσεν
3685 3889 3697 3902 ·
3742 3872 3861 3940 οὑχὶ
3895 3872 4014 3923 τῶν

2451 3965 2800 4036 ὑπαρχόντων
2896 3964 3097 4034 ζημίαν
3168 3963 3495 4032 ὑπήνεγκεν.
3561 3963 3788 4034 ᾘδέσθη
3871 3963 4008 4033 γὰρ,

2450 4053 2877 4123 Χριστιανισμδν
2925 4054 3369 4124 ὑποκρινόμενος,
3431 4053 3701 4121 Ἑλλήνων
3750 4053 4012 4123 ὠμότερα

2450 4148 2896 4219 διαπράττεσθαι.
2984 4147 3211 4200 Ἐκεῖνοι
3286 4147 3416 4216 γὰρ,
3473 4147 3818 4213 ἀναιροῦντες
3877 4149 4010 4210 τοὺς

2456 4244 2756 4309 μάρτυρας,
2817 4240 2964 4308 ὅμως
3012 4237 3137 4291 οὔτε
3185 4237 3500 4308 θεραπείας,
3552 4239 3652 4307 τῆς
3697 4238 3849 4307 παρά
3898 4239 4012 4292 τῶν

796 4327 1283 4389 Christianismum,
1307 4341 1466 4394 quem
1503 4342 1611 4395 pra:
1640 4340 1698 4379 se
1729 4324 1956 4388 ferebat,
1989 4325 2059 4377 ita
2086 4335 2144 4378 ut
2190 4325 2356 4378 nollet
2453 4349 2473 4383 ε

2337 4333 2356 4378 ι
2453 4332 2690 4394 οἰκείων,
2723 4330 3010 4400 τυγχάνειν
3049 4329 3319 4382 ἐκώλυονο
3356 4329 3475 4381 οὑδέ
3498 4337 3525 4377 1
3574 4330 3682 4382 τῶν
3736 4330 4012 4399 ὑπαρχόν-

795 4422 1077 4475 crudelius
1118 4436 1278 4489 quam
1330 4420 1523 4490 pagani
1575 4418 1853 4473 desaevire.
1897 4418 1976 4471 llli
2025 4417 2168 4471 enim
2229 4433 2472 4501 cumD1

2336 4434 2350 4473 t
2377 4441 2429 4501 Β
2453 4438 2560 4475 των
2588 4421 2892 4494 ἀφῃροῦντο
2915 4422 3014 4491 τὴν
3041 4421 3358 4491 κυριότητα.
3391 4421 3466 4473 Οὐ
3499 4421 3606 4490 μὴν
3636 4421 3757 4473 οὐδὲ
3778 4421 4013 4490 ψαλμῳ-

798 4524 1056 4583 martyres
1075 4521 1529 4575 consummarent,
1551 4527 1656 4565 non
1691 4511 2054 4579 impediebant
2071 4510 2354 4578 quominus

798 4605 1095 4658 amicorum
1148 4603 1409 4658 famulitio
1476 4612 1805 4663 uterentur;
1856 4617 1956 4657 nec
2026 4603 2355 4672 proprietate

798 4696 1078 4765 privarunt
1115 4693 1446 4749 facultatum.
1473 4693 1578 4747 Sed
1631 4708 1731 4748 nec
1779 4693 1867 4747 ille
1897 4692 2003 4747 Leo
2031 4693 2356 4763 psalmodias

798 4787 1137 4858 prohibebat,
1161 4802 1345 4839 verum
1372 4786 1657 4840 multorum
1683 4787 2070 4840 monachorum
2096 4786 2148 4839 in
2174 4801 2344 4838 unum

797 4894 1110 4933 consessum
1142 4878 1254 4931 ﬁeri
1287 4878 1463 4932 solatii
1490 4893 1651 4931 causa
1679 4876 1903 4931 ferebat.
1931 4877 2128 4932 Domos
2147 4877 2355 4931 divinas

798 4979 854 5021 ct
882 4975 1116 5022 sacratas
1151 4968 1259 5020 Deo
1297 4967 1437 5022 aedes
1470 4982 1579 5020 non
1627 4967 1947 5028 subruebat;
1996 4975 2263 5030 metuens,
2295 4971 2356 5018 ut

802 5059 1078 5128 probabile
1117 5067 1221 5121 est,
1253 5067 1443 5111 contra
1504 5073 1656 5112 sacra
1696 5072 1858 5126 opera
1926 5057 2194 5119 insaevire,
2229 5071 2353 5109 cum

804 5150 1048 5203 homines
1073 5165 1181 5202 non
1211 5158 1477 5202 metueret
1501 5147 1795 5202 offendere.
1821 5147 1889 5200 At
1913 5157 2102 5201 contra
2129 5163 2236 5210 me,
2267 5146 2354 5200 hei

803 5238 965 5291 mihi!
995 5239 1174 5291 omnia
1203 5254 1363 5298 nova,
1392 5253 1607 5291 omnem
1634 5238 1943 5305 tragoediam
1979 5237 2358 5306 exsuperantia

804 5339 1133 5397 usurpantur
1176 5347 1187 5381 :
1230 5330 1490 5398 captivor,
1521 5329 1587 5382 ab
1620 5329 1872 5382 omnihus
1902 5328 2120 5382 deseror
2143 5328 2348 5391 amicis.

803 5422 872 5477 ab
900 5421 1169 5486 afﬁnibus,
1193 5421 1408 5476 famulis
1442 5420 1641 5491 privor,
1663 5421 2035 5491 psallentibus,
2078 5422 2352 5477 monachi.

913 5583 953 5612 ³⁸
989 5585 1154 5633 Amos
1193 5595 1308 5643 vm,
1338 5552 1418 5631 ll.

2453 4515 2569 4577 δίας
2616 4515 2820 4576 ἐκεῖνος
2843 4512 3121 4583 ἐξέκοψεν,
3139 4512 3273 4565 ἀλλά
3311 4512 3406 4565 καὶ
3428 4511 3638 4564 πολλῶν
3667 4512 4012 4580 μοναζὸντων

2455 4605 2743 4658 συναυλίαν
2769 4605 3007 4659 ἀνεδίδου
3037 4603 3399 4674 παραμύθιον.
3432 4604 3504 4657 Ού
3527 4603 3651 4665 τοὺς
3678 4602 4013 4672 ἀφιερωθένο

2453 4713 2553 4759 τας
2583 4696 2729 4766 αὑτῷ
2779 4697 2963 4759 οἴκους
3010 4695 3145 4749 Θεοῦ
3206 4697 3300 4749 καὶ
3340 4697 3502 4757 ναοὺς
3556 4695 4009 4764 κατεστρέψατοο

2453 4785 2777 4838 ἐδυσωπείτο
2795 4785 2923 4855 γὰρ,
2949 4785 3022 4847 ὡς
3042 4785 3309 4855 ἐνόμιζεν,
3334 4784 3603 4854 ἀνθρώπῳ
3627 4786 4009 4854 προσκρούων,

2453 4880 2566 4939 τοῖς
2592 4877 2756 4940 θείοις
2783 4877 2963 4943 ἔργοις
3009 4877 3475 4945 ἐπιλυμαίνεσθαι.
3508 4875 3646 4930 Καθ’
3672 4875 3827 4945 ἡμῶν
3854 4875 3934 4938 δὲ,
3962 4876 4016 4927 οῖ

2458 4985 2566 5037 μοι,
2597 4968 2777 5021 πάντα
2808 4969 2988 5033 καινὰ,
3020 4967 3115 5021 καὶ
3135 4968 3439 5038 τραγῳδίας
3471 4967 3734 5019 ἐπέκεινα
3760 4981 3773 4993 ⁸
3799 4965 4008 5035 αἰχμά-

2455 5058 2614 5112 λωτοι
2662 5059 2878 5113 πάντων
2895 5069 2940 5124 ι,
2993 5059 3187 5131 ἔρημοι
3229 5059 3416 5128 φίλων,
3473 5057 3671 5128 ἔρημοι
3706 5057 4008 5124 συγγενῶν,

2456 5153 2888 5221 ὑπηρετούντων,
2966 5153 3163 5224 ἔρημοι
3233 5154 3562 5223 ψαλλόντων,
3636 5153 4010 5224 μοναζὸντων·

2455 5244 2575 5296 ἀντὶ
2596 5244 2650 5296 δέ
2687 5245 2879 5312 φίλων,
2931 5245 3048 5298 ἀντὶ
3087 5245 3446 5315 μοναζόντων,
3505 5245 3624 5298 ἀντὶ
3676 5242 4013 5312 ψαλλόντων,

2457 5333 2578 5386 ἀντὶ
2610 5333 2827 5386 πάντων
2889 5333 3098 5398 ἁπλῶς,
3141 5331 3485 5402 στρατιωτῶν
3519 5330 3872 5391 κουστωδίαις
3922 5329 4016 5381 καὶ

2461 5430 2865 5495 στρατιωτικοῖς
2929 5427 3105 5498 λόχοις
3150 5425 3510 5498 ἐκδεδόμεθα·
3559 5423 4015 5496 κατεστράφησαν

2060 5679 2292 5734 VARIIE
2331 5683 2725 5746 LECTIONES.

884 5793 901 5820 π
945 5782 1260 5854 ῑσ.θηρίου.
1339 5793 1358 5819 ι
1394 5782 1461 5835 τὰ
1483 5779 1633 5834 ἄλλα.
1718 5773 1904 5826 γοῦςε.
1989 5782 2006 5807 κ
2056 5771 2276 5834 πάντως-
