4248 6444
286 413 392 476 769

1437 420 1964 488 EPISTOLARUM
2004 430 2231 494 LIBER
2274 436 2323 495 Ι.

3413 448 3516 512 77'0

283 524 427 579 οἴκοι
454 526 611 588 Θεοῦ,
646 530 742 580 κα)⁸
771 526 1119 599 λελωϐημένα
1178 530 1401 602 σώματα
1452 537 1701 607 πενήτων
1731 557 1851 608 μετ·
1879 551 1918 602 Α

1911 563 1918 602 t
1955 561 2129 603 smum
2161 552 2494 613 colentibus;
2528 568 2626 622 pro
2652 551 2861 614 amicis,
2906 551 3175 616 amnibus,
3208 556 3514 624 monachis,

285 619 590 689 ἀνέστησαν
614 634 629 650 ⁸
657 620 751 672 καὶ
771 621 839 674 τά
876 622 1189 691 ὑπάρχοντα
1216 625 1419 689 αὐτοῖς,
1469 628 1543 691 ὡς
1580 629 1852 699 πολεμίων

286 711 735 781 ἐδημοσιώθησαν
765 712 1005 781 λάφυραο
1042 714 1128 767 ἵνα
1168 717 1221 768 τί
1254 718 1519 787 γένηται;
1563 721 1648 773 ἵνα
1693 724 1852 792 ἡμεῖς

285 803 604 871 ἁνιάσωμεν
625 820 637 833 °
667 804 786 856 λίαν
808 804 1022 873 πικρῶς
1044 808 1341 878 ὴνιάσαμεν
1361 824 1375 839 ·
1404 811 1713 880 ἱλαστήριον
1738 815 1846 885 γάρ

285 894 421 961 ἡμῖν
457 895 888 965 ἁμαρτημάτων,
929 898 1129 951 ἐκεῖνοί
1156 917 1214 951 τε
1256 903 1349 954 καὶ
1387 906 1435 955 oi
1475 906 1602 973 περὶ
1628 906 1846 971 αὐτοὺς,

286 992 556 1059 θεραπεία
594 991 755 1061 ego:
786 993 1076 1064 ἀφιέρωτο.
1119 995 1256 1048 Ἀλλ’
1287 998 1389 1049 ἔδει
1423 993 1683 1066 συννὸεἰν,
1738 1003 1844 1072 μή-

286 1098 420 1133 ποτε
470 1084 565 1134 καὶ
617 1083 748 1145 Θεὸς
779 1084 912 1154 ἡμῖν
956 1086 984 1138 ό
1034 1086 1414 1157 ζημιούμενος,
1475 1092 1673 1161 μᾶλλον
1725 1111 1848 1146 συν-

284 1174 614 1244 αλγήσειεν·
666 1177 823 1247 εἴπερ
862 1178 1023 1237 αὑτός
1062 1182 1227 1244 ἐστιν,
1258 1182 1285 1233 ὁ
1335 1183 1403 1235 τά
1448 1184 1556 1236 τῶν
1598 1187 1846 1254 πενήτων

285 1267 679 1336 οίκειούμενος.
714 1269 989 1339 Σωμάτων
1019 1271 1119 1340 μὲν
1153 1271 1447 1338 κακώσεις,
1498 1276 1652 1345 νόμοι
1715 1276 1846 1329 Ῥω-

290 1357 490 1424 μαίων,
516 1361 626 1421 τοῖς
656 1359 747 1411 ἐπὶ
797 1362 1098 1431 κακουργίᾳ
1156 1362 1396 1425 ἁλοῦσιν,
1443 1366 1523 1427 είς
1582 1366 1847 1435 κάθαρσιν

285 1449 467 1516 ψυχῆς
490 1450 789 1517 ἐπενόησαν
813 1467 825 1481 ·
845 1451 1023 1520 ψυχῆς
1049 1452 1106 1504 δὲ
1126 1453 1397 1517 κακώσεις
1421 1456 1514 1508 καὶ
1537 1456 1844 1523 ἐπιϐουλάς,

287 1538 409 1589 οὐδὲ
432 1539 593 1609 ἀκοῇ,
629 1540 787 1609 μέχρι
814 1540 928 1606 νῦν,
974 1543 1126 1611 παρά
1154 1560 1293 1596 τισιν
1322 1544 1623 1615 ἀνθρώπων
1659 1549 1847 1617 ἐπιτη-

286 1632 582 1696 δευομένας
612 1634 1028 1705 παρειλήφαμεν
1048 1654 1063 1667 ο
1106 1640 1154 1691 εί
1181 1640 1273 1691 καὶ
1304 1639 1399 1693 νῦν
1421 1642 1486 1711 τῇ
1517 1643 1681 1713 πείρᾳ
1717 1658 1846 1711 μαν-

289 1723 526 1792 θάνομεν
547 1740 560 1753 ο
587 1724 744 1778 τοῦτο
770 1727 878 1795 γάρ
899 1727 1054 1797 δῆλον
1079 1730 1160 1782 ὅτι
1182 1732 1346 1793 ποιεῖ,
1373 1732 1479 1801 ἥτε
1498 1733 1604 1784 τῶν
1628 1740 1846 1801 βιϐλίων

286 1814 601 1882 ἀφαίρεσις,
632 1816 726 1868 καὶ
748 1816 839 1869 τοῦ
860 1816 1054 1887 λύτρον
1072 1819 1179 1871 τῶν
1200 1820 1610 1890 ἁμαρτημάτων
1629 1823 1661 1890 ἡ
1678 1839 1843 1874 κατα-

290 1905 499 1975 στροφὴ
549 1906 639 1957 καὶ
689 1907 996 1975 ἀναίρεσιςο
1040 1911 1073 1979 ή
1117 1910 1216 1979 μὲν
1243 1912 1413 1980 αὐτῆς
1459 1913 1520 1964 τὸ
1567 1912 1721 1983 ὄμμα
1749 1915 1845 1983 τῆς
1876 1890 1918 1944 Β

291 1998 527 2067 θεωρίας
558 1999 986 2053 ὲναποαϐέννυσα
1012 2001 1105 2053 καὶ
1155 2003 1538 2073 διαφθείρουσα
1560 2024 1574 2037 ο
1625 2008 1656 2076 ἡ
1692 2006 1747 2059 δὲ
1788 2007 1849 2059 τὸ

290 2089 574 2142 κάλλιστον
587 2091 695 2145 τῶν
708 2090 955 2161 πράξεων
971 2094 1338 2165 πρασσωμένη
1366 2096 1461 2148 καὶ
1480 2096 1845 2151 καταλύουσα’

288 2185 376 2243 τίς
440 2184 670 2252 ἤκουσεν
716 2184 773 2247 ἐξ
801 2184 1014 2248 αἰῶνος,
1079 2188 1221 2238 κατά
1245 2188 1432 2257 ψυχῶν
1464 2190 1841 2260 ἀνθρωπίνων,

289 2274 529 2342 πόλεμον
556 2276 657 2325 ὑπὸ
682 2275 777 2327 ἀνθ
789 2274 986 2345 ρώπων
1013 2276 1386 2345 ὲπινοούμενον
1408 2295 1423 2343 ;
1456 2280 1515 2331 οὑ
1539 2282 1646 2350 γάρ
1668 2283 1847 2335 ἱκαναὶ

291 2364 527 2417 κενῶσαι
550 2365 906 2435 πᾶσανόργην
924 2367 977 2418 αἱ
1004 2368 1260 2435 τιμωρίαι
1282 2370 1375 2421 τοῦ
1398 2368 1664 2439 σώματος,
1682 2374 1850 2444 ὑπερ-

294 2458 440 2525 ορία,
477 2457 571 2509 καὶ
623 2458 985 2527 αίχμαλωσίσ,
1012 2460 1106 2511 καὶ
1139 2459 1312 2527 λιμὸς,
1346 2463 1438 2514 καὶ
1478 2466 1709 2533 φρουρὰ,
1758 2467 1850 2518 καὶ

291 2552 519 2609 θανατος
537 2549 656 2601 καθ’
684 2550 916 2619 ἑκάστην
944 2551 1293 2618 ἑπαγόμενος,
1328 2555 1421 2605 καὶ⁹
1439 2555 1675 2626 τοσούτῳ
1692 2558 1851 2625 μόνον

289 2638 386 2690 τοῦ
414 2638 551 2701 ζώυυ
580 2639 907 2710 φειδόμενος,
938 2642 1047 2710 ὅσῳ
1066 2644 1140 2712 μὴ
1174 2643 1479 2697 συνανελεῖν
1507 2646 1599 2698 καὶ
1621 2648 1727 2701 τῶν
1757 2651 1850 2701 άλ-

292 2730 491 2797 γεινῶν
518 2730 615 2801 τὴν
637 2731 1006 2802 συναίσθησιν,
1033 2736 1169 2804 ὅπερ
1199 2735 1313 2786 ἐστὶ
1328 2737 1388 2788 τὸ
1411 2739 1728 2806 πικρότατον
1754 2737 1847 2789 τοῦ

293 2825 523 2877 θανάτου
564 2825 806 2894 κέντρον,
857 2826 948 2877 καὶ
990 2826 1024 2896 ἡ
1054 2826 1325 2896 ἀφόρητος
1362 2826 1612 2896 βάσανος,
1649 2831 1733 2882 ἵνα
1759 2832 1851 2883 καὶ

292 2918 363 2968 τά
391 2917 497 2969 τῶν
528 2916 865 2984 θνησκόντων
896 2918 1210 2987 πάσχωμεν,
1242 2920 1337 2972 καὶ
1368 2919 1445 2990 τῷ
1502 2921 1717 2992 θανάτῳ
1779 2924 1847 2977 τὰ

296 3007 445 3076 πάθη
484 3008 558 3079 μὴ
576 3009 940 3065 συνδιαλύοιτο
957 3028 973 3043 ⁸
999 3014 1027 3067 ὃ
1051 3016 1210 3085 μόνον
1229 3012 1318 3087 ἦν,
1352 3017 1425 3080 ὡς
1461 3018 1518 3071 ἐν
1540 3018 1847 3089 τηλικούτῳ

295 3102 472 3170 κακῷ,
525 3106 637 3164 τοῖς
685 3103 975 3173 θνήσκουσι
1038 3108 1401 3177 παραμύθιον.
1455 3110 1754 3181 Σκόπησον,
1809 3106 1853 3165 ῶ

297 3191 543 3260 βασιλεῦ,
584 3193 754 3245 ταῦτα
781 3196 919 3247 κατὰ
942 3198 1166 3249 σεαυτόν
1193 3213 1205 3225 ·
1235 3200 1329 3251 καὶ
1357 3200 1404 3251 εί
1462 3199 1563 3269 μὲν
1595 3200 1760 3269 ἀί)ῳοί
1789 3218 1846 3253 σε

293 3285 355 3335 τὸ
389 3286 478 3337 σὺν
508 3286 763 3351 συνειδὸς,
806 3288 1037 3359 πρόσθες
1070 3292 1164 3342 καὶ
1202 3292 1363 3362 ἔτερα
1411 3293 1531 3346 καθ’
1568 3294 1749 3363 ἡμῶν,
1784 3295 1848 3346 ἂν

293 3378 402 3445 ἄρα
447 3392 498 3428 τι
528 3378 621 3428 καὶ
670 3379 1116 3447 παραλέλειπται.
1159 3384 1220 3435 Ei.
1264 3385 1320 3437 δὲ
1368 3387 1738 3451 καταδικάζει,
1773 3386 1848 3455 μὴ

294 3468 594 3539 ἁναμείνῃς
636 3470 735 3539 τὴν
766 3471 973 3525 ἐκεῖθεν
1017 3475 1336 3547 καταδίκην,
1359 3479 1446 3529 ὅτε
1476 3480 1568 3531 καὶ
1610 3481 1642 3547 ἡ
1680 3497 1845 3548 μετα-

297 3562 486 3629 μέλεια
512 3561 801 3640 ἄχρηστος.
850 3564 990 3632 Ἐγὼ
1018 3565 1075 3618 δέ
1100 3584 1190 3619 σου
1238 3568 1447 3638 δέομαι,
1494 3570 1683 3641 καινὴν
1722 3573 1849 3635 ἴσως

292 3656 502 3723 δέησιν,
536 3655 651 3707 ἀλλ’
708 3657 802 3709 ἐπὶ
843 3660 1177 3722 καινοτάτοις
1220 3662 1668 3731 προσαγομένην·
1718 3664 1847 3733 στῆ-

296 3763 409 3810 σον,
442 3744 484 3798 ὣ
515 3745 755 3814 βασιλεῦ,
807 3749 876 3801 τά
908 3750 1073 3813 κακά,
1108 3743 1151 3818 ᾧ
1195 3750 1370 3821 βούλει
1424 3754 1639 3823 τρόπῳ·
1679 3755 1713 3826 ἢ
1755 3755 1848 3808 τοῦ

296 3836 413 3905 βίου
447 3840 630 3907 τάχιον
655 3840 801 3909 ἡμᾶς
850 3843 1042 3912 καὶμὴ
1088 3845 1222 3913 μετὰ
1253 3845 1351 3914 τῆς
1388 3846 1591 3917 πολλῆς
1644 3849 1849 3917 ταύτης

296 3929 391 3979 καὶ
421 3929 630 3998 άφάτου
664 3932 965 4001 ταριχείας,
1028 3934 1276 4001 ἐξάγων·
1326 3937 1357 4007 ἢ
1405 3937 1499 4008 τὴν
1547 3940 1848 4011 ὑπερϐολὴν

295 4020 621 4073 ἀνακόπτων
658 4021 766 4073 τῶν
795 4024 1098 4095 δυσχερῶν·
1136 4026 1405 4098 μνήσθητι
1434 4030 1513 4080 ὃτι
1564 4030 1848 4100 ἄνθρωπος

295 4104 368 4170 εἷ,
403 4108 505 4161 κᾶν
564 4111 885 4183 βασιλεύῃς·
931 4114 1197 4186 μνήσθητι
1260 4118 1341 4170 ὅτι
1378 4120 1553 4190 σάρκα
1602 4124 1842 4190 περικεί-

297 4200 440 4267 μεθα
477 4202 574 4269 τὴν
604 4203 792 4273 αὐτὴν,
826 4206 919 4257 καὶ
944 4205 1175 4274 βασιλεῖς
1200 4209 1293 4260 καὶ
1338 4210 1564 4274 ἰδιῶται,
1601 4214 1693 4265 καὶ
1750 4217 1847 4283 τῆς

297 4292 468 4359 αὐτῆς
531 4294 893 4364 κοινωνοῦμεν
950 4296 1194 4365 φύσεωςο
1233 4301 1499 4370 μνήσθητι
1548 4304 1627 4355 ὅτι
1674 4306 1848 4358 κοινὸν

297 4383 573 4451 Δεσπότην
609 4386 804 4453 ἔχομεν
838 4388 931 4439 καὶ
956 4389 1221 4457 Πλάστην,
1253 4393 1345 4444 καὶ
1374 4394 1547 4446 κοινὸν
1574 4397 1779 4464 Κριτήν
1800 4398 1845 4450 ι).

297 4472 365 4524 Τί
396 4473 491 4542 τὴν
528 4474 623 4542 σὴν
654 4476 978 4540 ἐπιείκειαν,
1024 4481 1142 4539 ταῖς
1196 4480 1315 4532 καθ’
1362 4482 1515 4551 ὴμῶν
1547 4483 1850 4537 κακώσεσιν

1953 641 2329 709 psallentibus,
2368 658 2431 697 ac
2458 659 2555 713 pro
2587 644 2802 699 czctcris
2825 644 3100 708 omnibus,
3133 644 3363 700 militum
3392 663 3519 703 cus-

1955 733 2130 797 todia,
2187 734 2509 788 militaribus
2559 735 2751 789 turmis
2794 734 3011 788 trador:
3070 735 3346 789 subversa:
3386 747 3518 791 sunt

1953 822 2045 876 Dei
2081 824 2245 887 aedes,
2296 824 2430 878 male
2469 826 2689 879 multata
2735 840 3031 895 pauperum
3069 842 3294 896 corpora
3344 834 3515 881 trans-
3570 848 3575 853 '

1954 916 2081 979 lata,
2115 915 2401 971 facultates
2423 934 2608 971 eorum
2644 934 2749 971 non
2795 918 2950 971 aliter
2975 934 3134 986 quam
3167 920 3290 972 belli
3345 920 3516 989 spolia

1952 1008 2266 1077 publicatae:
2312 1008 2363 1061 in
2410 1024 2567 1077 quem
2610 1007 2808 1061 tinem?
2848 1024 3043 1077 nempe
3080 1018 3139 1061 ut
3188 1025 3286 1078 ego
3328 1026 3520 1063 exciu-

1952 1100 2101 1153 cier:
2139 1112 2285 1154 certe
2317 1101 2586 1155 crudelem
2635 1101 2685 1151 in
2721 1102 2934 1154 modum
2976 1116 3076 1169 ego
3121 1102 3514 1167 excarnificor;

1949 1191 2039 1259 qui
2075 1206 2169 1258 pro
2203 1190 2437 1260 peccatis
2470 1189 2604 1243 meis
2647 1204 2769 1242 cum
2803 1189 3261 1258 proltitiatoriunt,
3311 1199 3365 1242 et
3401 1190 3517 1241 illas

1948 1282 2091 1336 aedes
2112 1292 2164 1335 et
2206 1282 2443 1352 ipsorum
2471 1281 2699 1335 famulos
2723 1281 3140 1342 destinaveram,
3168 1296 3196 1333 a
3231 1280 3518 1333 serviendo

1948 1369 2061 1423 Deo
2117 1371 2189 1425 illi
2249 1371 2671 1436 abstrahuntur;
2735 1372 2829 1426 sed
2881 1370 3227 1441 cogitandum
3288 1371 3389 1425 fuit
3448 1387 3518 1424 an

1952 1463 2097 1519 Deus
2156 1464 2353 1518 damno
2437 1478 2467 1517 a
2538 1463 2693 1517 nobis
2774 1461 3058 1528 afﬁciatur,
3109 1471 3163 1516 et
3223 1464 3514 1516 vehemen-

1949 1556 2055 1609 tius
2096 1555 2290 1610 doleat.
2320 1554 2475 1608 Certe
2505 1554 2722 1623 quidem
2761 1554 2907 1608 dolet
2958 1555 3003 1609 si
3068 1554 3230 1607 modo
3270 1554 3358 1608 ille
3402 1554 3520 1623 ipse

1947 1657 2049 1709 est,
2085 1648 2177 1716 qui
2230 1662 2528 1715 pauperum
2563 1656 2769 1700 stutum
2806 1647 2858 1699 in
2896 1661 2954 1700 se
2998 1646 3189 1715 recipit
3215 1661 3515 1715 procuran-

1946 1744 2094 1792 dum.
2129 1739 2401 1807 Corporea
2437 1748 2706 1793 tormenta
2738 1738 2925 1791 civiles
2949 1736 3318 1791 Romanorum
3369 1737 3515 1806 leges

1947 1830 1999 1883 in
2034 1829 2328 1893 maleficos,
2360 1830 2425 1883 ad
2464 1828 2803 1899 purgandum
2834 1829 3073 1881 animum
3108 1828 3510 1892 adhibuerunt;

1950 1923 2143 1976 anima:
2181 1932 2362 1975 autem
2397 1921 2692 1984 cruciatus,
2722 1928 2777 1973 et
2815 1919 2867 1972 in
2896 1934 3015 1973 eam
3056 1919 3510 1988 conspirationes,

1949 2031 2018 2069 ne
2044 2014 2204 2068 fando
2237 2014 2472 2083 quidem,
2514 2013 2620 2067 nisi
2659 2028 2806 2067 nunc
2844 2012 3099 2081 primum,
3128 2012 3269 2080 apud
3300 2012 3513 2079 aliquos

1950 2104 2312 2158 intelleximus
2354 2111 2638 2171 usurpatas
2675 2119 2689 2156 :
2733 2100 2828 2155 sed
2872 2116 2972 2154 nos
3017 2101 3072 2153 in
3122 2100 3377 2168 praesenti
3420 2114 3513 2153 eas

1948 2197 2295 2266 experimur;
2343 2195 2471 2249 satis
2525 2195 2672 2248 enim
2726 2201 2871 2263 patet
2926 2193 3071 2262 quod
3121 2194 3225 2246 hoc
3267 2192 3516 2245 intendat

1950 2288 2211 2342 librorum
2262 2286 2462 2340 ablatio
2487 2326 2500 2349 ,
2542 2285 2931 2355 redemptionis
2973 2293 3315 2351 peccatorum
3365 2294 3511 2335 cata-

1950 2380 2197 2449 strophe,
2226 2388 2279 2432 et
2308 2378 2537 2432 sublatio
2571 2394 2584 2431 :
2633 2378 2824 2431 harum
2865 2376 3113 2439 duarum,
3145 2375 3307 2428 altera
3358 2377 3511 2428 tbeo-

1950 2470 2044 2523 riae
2084 2469 2299 2523 oculum
2356 2467 2649 2537 exstinguit
2686 2475 2740 2521 et
2779 2466 3078 2535 depravat:
3118 2465 3283 2519 altera
3331 2475 3512 2517 autem

1950 2561 2342 2632 pulcherrimas
2394 2559 2527 2614 alias
2572 2558 2810 2613 actiones
2858 2558 2909 2610 in
2966 2566 3149 2627 partes
3203 2556 3407 2609 divellit
3458 2565 3513 2607 et

1950 2654 2212 2709 dissolvit.
2282 2653 2363 2707 Ab
2424 2652 2572 2706 omni
2601 2660 2745 2705 retro
2816 2647 3073 2703 memoria
3124 2647 3244 2716 quis
3308 2646 3516 2699 audivit

1949 2746 2149 2801 bellum
2211 2745 2278 2799 ab
2354 2743 2666 2798 hominibus
2724 2752 2911 2796 contra
2982 2741 3219 2793 animam
3276 2740 3512 2793 hominis

1951 2836 2257 2892 indictum?
2326 2836 2481 2905 quasi
2560 2850 2667 2889 non
2727 2833 3038 2888 sufﬁcerent
3102 2847 3317 2886 omnem
3379 2832 3512 2883 iram

1952 2932 2168 3001 penitus
2231 2944 2494 2985 evacuare
2547 2942 2808 2997 corporea
2872 2924 3178 2995 supplicia,
3264 2923 3511 2978 exsilium

1952 3040 2169 3094 nempe,
2210 3024 2510 3094 captivitas,
2558 3021 2749 3083 fames,
2782 3020 3057 3081 custodia,
3089 3032 3236 3071 mors
3270 3017 3513 3085 qu0tidie

1953 3115 2278 3177 inferenda;
2336 3114 2426 3168 ubi
2481 3114 2536 3167 in
2570 3127 2635 3167 eo
2680 3120 2888 3164 tantum
2940 3109 3063 3163 vita:
3120 3109 3376 3179 parcitur,
3443 3122 3512 3160 ne

1878 3236 1921 3293 ο
1954 3222 2072 3262 cum
2128 3207 2237 3261 vita
2290 3204 2448 3260 simul
2496 3217 2688 3257 sensus
2758 3201 3021 3254 malorum
3063 3199 3375 3262 auferatur;
3421 3205 3508 3250 est

1904 3276 1921 3298 ’
1955 3298 2045 3351 hic
2068 3296 2452 3350 acerbissimus
2488 3294 2679 3347 mortis
2708 3293 2980 3354 stimulus,
3021 3289 3333 3345 carnificina
3362 3291 3509 3342 into-

1951 3388 2207 3450 lerabilis,
2237 3397 2297 3441 ut
2319 3386 2575 3439 nimirum
2602 3384 2947 3437 morientium
2974 3382 3243 3451 patiamur
3273 3381 3509 3444 dolores,

1952 3489 2006 3536 et
2029 3490 2207 3535 tamen
2231 3492 2449 3533 sensum
2480 3476 2721 3531 dolorum
2747 3492 2855 3529 non
2896 3475 2948 3527 in
2980 3484 3150 3528 morte
3178 3472 3510 3536 amittamus,

1951 3578 2095 3649 quod
2130 3588 2305 3632 tamen
2336 3574 2693 3631 morientibus
2729 3572 2784 3625 in
2819 3568 2985 3623 tantis
3014 3566 3186 3627 malis.
3227 3566 3396 3618 solum
3429 3573 3513 3617 est

1953 3672 2224 3726 solatium.
2259 3669 2553 3724 Considera
2588 3667 2640 3719 in
2670 3664 2841 3733 teipso
2874 3664 3006 3723 hac,
3040 3660 3259 3713 domine
3285 3672 3412 3723 rex;
3455 3664 3509 3709 ct

1951 3762 1994 3816 si
2029 3772 2116 3815 tua
2142 3769 2194 3814 te
2237 3767 2457 3813 excuset
2488 3754 2846 3817 conscientia,
2889 3750 3065 3819 adjice
3096 3748 3273 3802 adhuc
3306 3744 3509 3813 aliquid

1950 3863 2137 3909 contra
2176 3868 2279 3916 me,
2324 3852 2369 3907 si
2396 3861 2572 3905 tamen
2596 3847 2888 3916 quidquam
2924 3852 3007 3898 est
3034 3858 3063 3896 a
3096 3850 3149 3895 te
3182 3840 3509 3909 praetermis-

1950 3962 2091 4001 sum.
2123 3945 2216 3999 Sin
2261 3955 2312 3999 te
2350 3943 2438 3997 illa
2482 3940 2828 4001 condemnat,
2863 3936 2972 3990 noli
3007 3944 3326 4003 exspectare
3374 3930 3510 3982 futu-

1952 4053 2067 4091 ram
2163 4033 2692 4095 condemnationem,
2752 4044 2874 4083 cum
2935 4027 3132 4081 frustra
3193 4024 3372 4078 futura
3436 4022 3509 4074 sit

1950 4127 2289 4201 pmnitentia.
2337 4125 2607 4194 Deprecor
2646 4126 2839 4174 autem
2868 4131 2969 4187 ego
3013 4126 3063 4170 te
3099 4129 3235 4169 nova
3266 4112 3507 4167 fortassis

1949 4221 2351 4291 deprecatione,
2374 4217 2465 4271 sed
2489 4216 2651 4269 rebus
2671 4211 2880 4266 novatis
2897 4207 3331 4269 accommodata;
3355 4206 3502 4260 siste,

1951 4313 2263 4382 imperator,
2332 4307 2593 4361 malorum
2651 4314 2869 4356 cursum
2955 4310 3279 4367 quocunque
3347 4293 3506 4347 modo

1949 4405 2170 4473 puteris,
2211 4411 2302 4455 aut
2347 4399 2616 4454 volueris:
2658 4395 2741 4448 vel
2794 4408 2879 4447 me
2917 4392 2984 4445 de
3034 4390 3140 4443 vita
3200 4389 3301 4441 hac
3377 4401 3502 4439 sus-

1954 4495 2207 4557 tollendo,
2277 4493 2435 4561 idque
2504 4489 2842 4561 quantocius,
2908 4499 3014 4538 non
3075 4497 3197 4535 cum
3241 4479 3405 4533 multa
3452 4483 3506 4530 et

296 4567 699 4637 ὲξελέγχεις;τί
724 4571 821 4637 τὴν
853 4571 951 4638 σὴν
994 4571 1357 4639 χρηστότητα,
1405 4576 1524 4635 ταῖς
1574 4577 1651 4636 εἰς
1703 4578 1848 4645 ἡμᾶς
1881 4588 1918 4641 D

1911 4594 1923 4636 t
1952 4583 2324 4653 inexplicanda
2349 4596 2522 4645 mora,
2543 4580 2693 4648 quasi
2714 4580 2823 4631 sale
2843 4575 3119 4629 conditum
3140 4569 3502 4631 asservando;

297 4660 580 4727 ὲπηρείαις
604 4659 943 4727 διαϐάλλεις;
978 4662 1028 4713 τί
1076 4661 1131 4713 δε
1162 4662 1257 4731 τὴν
1298 4663 1727 4734 φιλανθρωπίαν,
1766 4670 1846 4731 εἰς

295 4748 608 4817 ὑπόκρισιν,
652 4749 748 4802 καὶ
797 4751 978 4819 σχῆμα
1034 4752 1357 4821 πραότητος,
1408 4756 1472 4823 τῇ
1524 4756 1647 4809 καθ’
1692 4758 1845 4826 ἡμῶν

294 4839 432 4908 ὀργῇ
462 4840 556 4891 καὶ
582 4838 843 4909 βαρύτητι
866 4840 1169 4911 διασύρεις;
1192 4842 1290 4895 οὐκ
1318 4845 1577 4913 αἰτοῦμεν
1604 4847 1841 4917 θρόνους,

294 4931 357 4982 ού
386 4930 562 4995 δόξαν,
591 4931 691 4983 οὐκ
709 4932 1021 5003 εὐημερίαν,
1055 4934 1152 4985 οὐκ
1180 4935 1499 4988 εύπάθειαν’
1519 4937 1633 4991 ἀλλ’
1662 4941 1841 4992 ἐκεῖνα

294 5022 573 5090 αἰτοῦμεν,
608 5023 642 5075 ἃ.
674 5024 903 5087 καὶτοῖς
952 5024 1253 5093 δεσμώταις
1290 5028 1608 5098 παρέχεται,
1636 5023 1709 5083 ῶν
1737 5032 1842 5083 οὐδ’

294 5114 344 5165 οἱ
370 5115 702 5182 αἰχμάλωτοι
732 5116 1224 5184 ἀποτυγχάνουσιν,
1263 5117 1297 5170 ἃ
1328 5120 1420 5170 καὶ
1452 5118 1712 5190 βάρϐαροι
1736 5127 1845 5186 τοῖς

292 5205 535 5273 δεσμίοις
565 5208 823 5276 παρέχειν
853 5209 1382 5277 φιλανθρωπεύονται
1402 5227 1415 5241 ⁸
1447 5214 1525 5275 είς
1556 5213 1710 5267 τοῦτο
1739 5216 1845 5286 γάρ

291 5302 359 5350 τά
405 5298 513 5366 ὲμά
542 5298 865 5369 περίεστηκε
898 5302 1213 5371 πράγματα,
1260 5302 1343 5355 ἵνα
1385 5304 1533 5374 παρά
1564 5304 1843 5374 βασιλέως,

292 5393 389 5443 καὶ
414 5402 435 5429 ε
474 5390 592 5443 τότε
628 5391 1141 5461 φιλανθρωποτάτου
1182 5393 1370 5460 γένους
1394 5396 1501 5447 τῶν
1559 5396 1845 5462 Ῥωμαίων

290 5482 516 5534 τοιαῦτα
542 5484 697 5537 αἰτῶ.
731 5484 795 5535 Τί
825 5480 915 5537 οὖν
940 5485 1229 5554 αίτοῦμεν;
1264 5486 1296 5555 ἢ
1346 5486 1444 5555 ζῇν
1484 5488 1555 5556 μὴ
1604 5490 1845 5558 χαλεπω-

293 5576 457 5642 τέραν
496 5574 724 5628 θανάτου
775 5574 939 5645 ζωὴν,
994 5576 1026 5645 ἢ
1079 5578 1268 5630 θᾶττον
1315 5579 1691 5650 ἀπαλλαγῆναι
1751 5585 1843 5635 τοῦ

1953 4686 2046 4731 aut
2076 4677 2265 4730 saltem
2309 4674 2647 4728 tristitiarum
2676 4682 2983 4724 mensuram
3018 4679 3121 4734 qua
3152 4677 3369 4733 premor
3401 4661 3504 4713 im-

1952 4770 2229 4823 minuens.
2277 4766 2486 4820 Memor
2536 4764 2610 4817 sis
2655 4760 2796 4829 quod
2834 4756 3075 4812 mortalis
3104 4754 3337 4815 exsistis,
3380 4752 3505 4805 licet

1952 4861 2274 4928 imperator;
2305 4857 2480 4926 cogita
2523 4858 2661 4925 quod
2688 4867 2916 4922 uterque
2949 4849 3136 4903 eadem
3166 4860 3328 4899 carne
3370 4843 3505 4896 ami-

1952 4955 2147 5019 cimur,
2176 4961 2229 5007 et
2293 4950 2533 5021 ejusdem
2584 4960 2791 5002 naturae
2840 4946 3125 5015 participes
3189 4955 3396 5001 sumus,
3449 4948 3504 4992 et

1950 5060 2105 5115 reges
2132 5054 2183 5098 et
2226 5044 2463 5113 privatus
2488 5040 2733 5109 quilibet.
2780 5038 3052 5091 Memento
3084 5032 3226 5101 quod
3258 5044 3501 5085 commu-

1950 5153 2076 5190 nem
2136 5136 2439 5192 Dominum.
2494 5132 2750 5185 factorem
2803 5138 2855 5183 et
2896 5126 3135 5195 judicent
3194 5124 3497 5177 habemus:

1951 5238 2098 5281 tuam
2160 5225 2327 5293 ipsius
2372 5219 2865 5279 mansuetudinem,
2908 5216 3036 5284 quid
3083 5228 3167 5266 me
3218 5211 3503 5279 atiligendo

1952 5314 2264 5373 convincis?
2299 5313 2426 5382 quid
2471 5321 2615 5363 tuam
2656 5309 2946 5363 bonitatem
2985 5304 3195 5373 injuriis
3240 5302 3374 5355 meis
3413 5315 3503 5352 ac-

1954 5408 2156 5463 cusas?
2207 5404 2628 5459 Misericordiam
2688 5404 2743 5456 in
2798 5398 3127 5470 hypocrisin,
3178 5405 3231 5447 et
3284 5394 3501 5447 schema

1952 5496 2251 5552 clementire
2299 5494 2423 5548 odio
2484 5494 2536 5547 in
2580 5509 2665 5547 tne
2721 5501 2774 5546 ct
2817 5490 2997 5544 furore
3051 5486 3291 5557 percitus
3331 5485 3499 5554 gravi,

1953 5586 2186 5641 ludibrio
2213 5583 2416 5637 habes?
2482 5580 2760 5635 Thronum
2809 5592 2912 5631 non
2947 5575 3217 5635 desidero,
3250 5588 3354 5624 non
3389 5568 3499 5638 glo-

1562 5736 1790 5796 VAllIAZ
1835 5740 2227 5798 LECTIONES.

371 5864 392 5889 ι·
417 5854 498 5904 ic.
531 5852 682 5904 θεοῦ.
768 5855 789 5891 ε·
828 5854 910 5905 ῐσ.
943 5852 1155 5919 ἕξομεν.
1248 5868 1265 5892 τ
1311 5857 1392 5907 iv.
1430 5854 1637 5907 τούτου,
