4248 6444
777 344 885 411 771
1879 344 2138 406 PHOTII
2179 343 2675 404 PATRIARCH/E
2714 345 2823 404 CP.
3903 344 4014 406 772

776 468 932 528 riam,
965 480 1071 518 non
1105 465 1221 519 dies
1272 465 1466 527 bonos,
1513 477 1625 517 non
1659 461 1852 517 felices
1896 477 2215 526 successus;
2257 463 2342 516 illa
2372 466 2415 520 Α
2445 479 2453 509 <

2334 466 2415 520 ιΑ
2445 456 2690 525 σώματος
2719 474 2730 487 ·
2776 456 3130 528 δυσωπήθητι
3170 457 3272 526 τὴν
3328 457 3519 525 φύσιν·
3559 454 3831 525 αίδέσθητι
3881 460 4011 519 τοξις

776 567 984 609 tantum
1051 572 1216 626 rogo,
1280 571 1401 625 quae
1459 555 1514 610 in
1583 554 1794 608 vincula
1859 553 2124 622 conjectis
2188 554 2341 608 exhi-
2445 568 2453 602 :

2334 585 2341 594 -
2445 550 2655 613 κοινοὺς
2688 550 2796 603 τῶν
2819 549 3123 620 ἀνθρώπων
3149 551 3343 621 νόμους
3367 567 3380 580 ·
3416 549 3696 618 αἰδέσθητι
3723 552 3819 618 τῆς
3869 549 4011 602 Ῥω-

771 649 993 710 bentur,
1059 663 1088 700 a
1149 647 1346 716 quibus
1386 662 1490 701 nec
1536 645 1736 714 captivi
1781 645 2165 706 excluduntur,
2221 660 2344 714 qua:
2446 668 2448 709 ρ

2335 662 2344 699 ε
2446 643 2652 712 μαῖκῆς
2678 644 2853 714 ἀρχῆς
2875 645 2943 696 τά
2966 645 3120 697 κοινά
3145 644 3328 696 δίκαια
3344 659 3358 675 ’
3384 643 3518 712 μηδὲ
3543 645 3726 696 καινόν
3749 659 3801 694 τι
3831 658 4012 711 παρα-

769 746 823 790 et
889 737 1133 791 barbaris
1184 737 1449 790 catenatis
1506 737 1746 791 exhiberi
1821 737 2001 790 solent
2068 753 2191 790 cum
2240 738 2341 791 hu-
2442 752 2446 802 j

2333 767 2341 778 ι
2442 736 2698 805 χωρήσῃς
2729 736 3115 805 ἐπεισαχθῆναι
3164 735 3242 806 τῷ
3297 735 3396 802 βίῳ
3427 734 3705 804 διήγημα*
3740 734 3823 785 ὄτι
3873 734 4010 784 ποτε

769 829 1026 881 manitatc
1089 844 1103 880 ε
1167 841 1234 880 eo
1271 827 1417 881 enim
1468 835 1611 880 statu
1665 844 1752 882 res
1804 842 1940 882 mea:
1997 829 2337 883 constituun-
2444 840 2446 896 3

2334 859 2337 870 ›
2444 827 2715 898 βασιλεὺς,
2746 827 3020 880 ἐπιεικίαν
3075 827 3169 880 καὶ
3217 827 3626 896 φιλανθρωπίαν
3675 825 4011 890 ἐπαγγελλό-

768 927 873 982 tur,
934 928 991 971 ut
1044 935 1074 973 a
1137 934 1262 989 rege
1322 928 1377 972 et
1436 918 1694 974 Romanis
1742 921 2168 975 clementissima
2239 937 2339 974 na-
2443 967 2445 984 ,

2327 951 2339 962 -
2443 935 2623 988 μενος,
2651 917 2802 985 φίλον
2831 919 3117 990 ἀρχιερέα,
3153 920 3245 971 καὶ
3290 921 3578 971 σύντεκνον
3608 918 4004 986 ποιησάμενος.

767 1012 911 1064 ιίυηο
969 1011 1344 1080 hujuscemodi
1393 1012 1776 1080 deprecatione
1826 1013 1905 1066 uti
1953 1029 2176 1068 necesse
2206 1015 2339 1068 mihi
2438 1031 2444 1058 ι

2330 1015 2339 1068 i
2438 1003 2612 1078 ὐφ’οὗ
2641 1011 2848 1080 χερσὶν,
2901 1013 3061 1074 αὐτός
3113 1028 3171 1063 τε
3223 1011 3314 1062 καὶ
3368 1007 3664 1080 ἠβασιλὶς,
3697 1008 3758 1059 τὸ
3793 1006 4007 1077 χρίσμα

764 1103 853 1155 sit.
901 1104 1031 1168 Quae
1079 1112 1163 1156 est
1201 1114 1383 1156 autem
1431 1103 1562 1156 illa?
1603 1104 1814 1157 scilicet
1864 1112 1921 1156 ut
1965 1105 2048 1156 vel
2095 1121 2162 1157 ne
2207 1107 2336 1169 vita,

763 1195 958 1261 quavis
987 1204 1159 1248 mortc
1186 1196 1353 1264 magis
1386 1195 1579 1249 afﬂicta
1613 1196 1782 1258 fruar,
1812 1207 1904 1250 aut
1938 1207 1994 1250 ut
2030 1213 2188 1266 quam
2224 1199 2331 1251 cito

765 1284 831 1336 de
875 1300 1102 1352 corpore
1133 1287 1314 1356 egredi
1361 1289 1552 1341 liceat:
1592 1302 1842 1340 reverere
1877 1299 2121 1341 naturam
2151 1299 2208 1341 ut
2238 1305 2330 1342 cx-

762 1374 973 1438 oreris;
1029 1391 1346 1429 communes
1410 1377 1754 1430 mortalitatis
1812 1377 1958 1447 leges
2030 1393 2330 1440 venerare;

762 1469 1074 1520 cmnmunia
1128 1468 1354 1520 Romani
1401 1469 1618 1537 imperii
1658 1470 1772 1526 iura
1826 1469 1934 1522 noli
1975 1469 2331 1531 committere,

763 1567 819 1608 ut
846 1560 910 1610 dc
969 1568 1020 1611 te
1080 1572 1331 1613 narretur
1385 1578 1582 1614 novum
1633 1570 1684 1614 te
1746 1561 1797 1613 in
1861 1563 1966 1614 vita
2029 1561 2333 1630 exemplum

2433 1105 2532 1172 τῆς
2559 1103 2836 1173 βασιλείας
2866 1105 3111 1174 ὲχρίσθη,
3161 1105 3256 1156 καὶ
3291 1104 3353 1154 τὸ
3393 1103 3609 1172 ἀξίωμα
3657 1099 4003 1159 ὲνεδύσαντο,

2442 1196 2528 1261 ὐφ’
2557 1189 2617 1248 οὗ
2642 1195 2758 1248 λίαν
2788 1194 3040 1264 ὲφιλήθη,
3081 1193 3335 1264 καὶπρὸς
3357 1193 3416 1244 ὂν
3445 1194 3608 1261 ὅρκια
3651 1192 3744 1244 καὶ
3789 1190 4005 1250 πίστεις

2435 1287 2720 1354 φρικώδεις
2766 1287 2954 1352 ἔθετο,
2995 1287 3054 1338 ὃν
3086 1286 3447 1356 ὐπεραγαπᾷν
3481 1283 3576 1336 καὶ
3612 1284 3857 1354 στέργειν
3903 1283 4005 1333 έπ-

2439 1381 2710 1432 εδείκνυτο
2767 1379 2966 1432 ἂπασι’
3018 1379 3206 1431 τοῦτον
3261 1379 3463 1448 ἐξορίᾳ,
3517 1377 3609 1428 καὶ
3648 1375 3788 1443 λιμῷ
3815 1371 4004 1441 πικρῷ

2440 1471 2728 1539 παραδοὺς,
2791 1472 2881 1524 καὶ
2935 1469 3149 1538 μυρίοις
3200 1470 3378 1530 ἄλλοις
3430 1467 3734 1534 κατατήξας
3785 1466 4000 1524 κακοῖς,

2443 1564 2731 1632 εὐχόμενον
2767 1564 2905 1632 ὑπὲρ
2941 1562 3129 1624 αὐτοῦ,
3165 1561 3242 1630 τῷ
3269 1561 3482 1630 θανάτῳ
3509 1556 3888 1628 παρέπεμψεν.

760 1648 1054 1703 intulisse:
1091 1665 1284 1718 nempe
1329 1651 1492 1713 istud,
1540 1650 1683 1716 quod
1733 1649 2026 1718 imperator
2075 1651 2165 1717 qui
2212 1649 2642 1703 miscricordiam
2691 1660 2747 1703 ct
2803 1651 3148 1703 clementiam
3207 1648 3586 1716 pollicebatur,
3630 1646 3994 1713 archiepisco—

761 1755 887 1808 pum
923 1756 1081 1808 quem
1124 1743 1354 1794 amicum
1386 1742 1613 1794 habebat
1655 1752 1709 1794 et
1759 1757 2100 1796 communem
2157 1740 2358 1793 ﬁlium:
2398 1757 2426 1793 a
2480 1743 2636 1810 cujus
2677 1744 2948 1805 manibus,
2999 1757 3122 1794 cum
3191 1741 3306 1810 ipse
3347 1750 3458 1792 tum
3506 1741 3814 1808 imperatrix
3847 1741 3996 1808 regii

763 1839 1106 1896 susceperant
1175 1828 1512 1889 unctionem,
1558 1839 1614 1881 et
1674 1838 1998 1896 potestatem
2068 1829 2355 1882 induerant
2426 1829 2733 1899 dignitatis:
2779 1847 2808 1884 a
2872 1846 2981 1899 quo
3039 1831 3392 1884 vehementer
3439 1829 3782 1899 diligebatur,
3849 1831 3997 1897 apud

757 1937 916 1989 quem
973 1921 1182 1989 juratus
1268 1922 1426 1973 ﬁdem
1471 1922 1869 1989 interposuerat
1939 1923 2338 1976 reverendam:
2406 1939 2566 1990 quem
2610 1923 2765 1977 valde
2803 1923 3027 1993 diligere
3079 1930 3134 1976 ct
3184 1937 3368 1975 amore
3453 1921 3735 1990 complecti
3792 1923 3997 1990 passim

757 2015 1009 2067 omnibus
1069 2014 1377 2066 ostenderat
1422 2031 1434 2066 :

760 2105 1008 2173 precibus
1033 2121 1132 2175 pro
1171 2106 1286 2175 ipso
1315 2106 1737 2160 intercedentem
1765 2107 1924 2161 morti
1960 2107 2128 2162 dedit.

1328 2219 1544 2274 EPIST.
1596 2219 1758 2274 XVII.

1455 2311 1654 2365 Eidem.

1483 2013 1630 2067 illum
1691 2013 1887 2079 inedia,
1941 2015 2132 2072 exsilio
2190 2015 2458 2081 multavit,
2509 2026 2562 2070 et
2635 2016 2908 2072 sexcentis
2984 2015 3105 2070 aliis
3147 2014 3305 2068 malis
3359 2014 3705 2084 liquefactum
3768 2013 3996 2069 interim

3022 2219 3244 2275 ΕΠΙΣΤ.
3293 2220 3394 2275 ΙΖ’.

3075 2311 3158 2377 Τῷ
3180 2312 3361 2378 αὐτῷ.

1877 2425 2021 2475 Edita
2052 2440 2077 2474 a
2108 2425 2402 2476 Montacutio
2435 2427 2534 2490 (ep.
2569 2426 2647 2487 98,
2681 2440 2727 2489 p.
2763 2426 2894 2488 141).

827 2556 940 2625 Ego
968 2555 1184 2623 quidem
1232 2553 1549 2608 arbitrabar
1594 2560 1648 2607 te
1679 2551 1745 2606 ad
1773 2552 1923 2623 regni
1963 2552 2174 2621 fastigia
2199 2566 2324 2621 pro-

759 2657 923 2708 moto,
971 2646 1099 2698 mihi
1141 2645 1338 2715 gratias
1403 2643 1598 2714 agendi
1675 2644 1997 2714 multiplices
2048 2643 2326 2697 adfuturas

757 2738 1090 2801 occasiones,
1121 2753 1216 2806 pro
1246 2736 1459 2800 amicis,
1483 2737 1744 2806 cognatis,
1771 2735 2145 2801 familiaribus,
2169 2744 2331 2790 cate-

761 2830 834 2882 ris
904 2830 1337 2897 quibuscunque,
1404 2830 1599 2898 quibus
1655 2840 1706 2884 te
1729 2831 1848 2885 sine
1911 2830 2128 2885 fastidio
2190 2831 2325 2884 mihi

759 2920 1180 2989 gratiﬁcaturum
1224 2922 1277 2974 in
1309 2931 1571 2989 quantum
1629 2937 1837 2990 posses.
1884 2923 2068 2991 putavi
2101 2940 2114 2980 :
2147 2937 2212 2977 eo
2242 2937 2330 2976 me

760 3014 872 3080 spei
933 3013 1213 3066 induxerat
1265 3013 1510 3066 sincerus
1567 3023 1622 3067 et
1647 3014 1763 3068 sine
1815 3013 1940 3068 fuco
1977 3029 2131 3068 meus
2188 3014 2242 3066 in
2277 3023 2329 3068 te

759 3103 992 3167 animus,
1037 3119 1139 3157 nec
1186 3103 1438 3157 dubitare
1486 3105 1736 3159 sinebant
1781 3106 2171 3175 promissiones
2203 3123 2328 3161 sex-

761 3207 942 3250 centa:
974 3195 1299 3264 juramcntis
1333 3195 1694 3258 conﬁrmata;
1733 3212 1867 3265 quas
1895 3211 1980 3252 me
2024 3199 2107 3252 vel
2137 3198 2326 3263 invito,

761 3287 876 3355 ipse
903 3302 1083 3342 coram
1126 3287 1385 3341 omnibus
1427 3287 1667 3341 studiose
1705 3291 2057 3359 propagabas.
2090 3292 2158 3345 At
2200 3306 2327 3347 nos-

763 3385 861 3430 tne
887 3378 995 3444 jam
1031 3376 1244 3429 tandem
1277 3376 1382 3429 huc
1405 3391 1528 3446 spes
1559 3376 1921 3444 devenerunt,
1953 3389 2009 3432 ut
2031 3380 2149 3434 licet
2183 3395 2325 3444 sero,

762 3469 1019 3522 nec-satis
1060 3479 1382 3537 opportune,
1427 3477 1521 3523 tuo
1583 3469 1810 3538 imperio
1876 3472 2156 3542 gratilieari
2232 3473 2328 3529 ha-

760 3561 936 3615 beam.
965 3559 1229 3624 Quorsum
1251 3569 1427 3613 autem
1451 3570 1506 3614 et
1531 3561 1585 3613 in
1610 3576 1718 3630 quo
1742 3561 1984 3632 inquies?
2002 3563 2143 3631 quod
2166 3564 2328 3617 latro-

760 3671 889 3709 num
938 3654 1487 3723 etsuspendiosorum
1537 3655 1817 3710 hominum
1879 3657 2160 3725 supplicia,
2201 3672 2322 3710 cum
2351 3693 2392 3750 C

761 3747 959 3816 quibus
1001 3761 1170 3814 usque
1217 3745 1284 3799 ad
1347 3745 1779 3814 absumptionem
1841 3747 2222 3812 conﬁictabar,
2267 3747 2321 3800 in

761 3854 981 3892 cursum
1051 3838 1528 3905 temperantiorem
1589 3846 1908 3891 convertere
1993 3839 2320 3907 pollicearis.

761 3929 894 3984 Vide
924 3941 1102 3983 autem
1130 3930 1222 3994 sis,
1255 3929 1450 3982 dilecte
1474 3928 1626 3992 mihi,
1657 3929 1783 3984 licet
1817 3931 1980 3994 nolis,
2009 3931 2321 3999 imperator,

759 4023 902 4092 quod
958 4031 1169 4075 tentare
1229 4029 1436 4073 tantum
1480 4027 1541 4072 ut
1598 4022 1929 4089 persuadeas
1989 4023 2318 4086 hominibus,

760 4130 870 4166 non
915 4113 1074 4166 modo
1111 4114 1242 4166 nihil
1285 4111 1500 4166 confert
1537 4111 1608 4165 ad
1655 4114 2085 4184 persuadendum
2127 4114 2316 4178 Deum,

758 4205 852 4258 sed
899 4205 953 4257 in
1002 4205 1160 4271 plane
1200 4209 1528 4261 contrarium
1577 4206 1945 4271 immutatur;
1993 4212 2141 4260 certe
2201 4219 2320 4273 qua

760 4298 878 4349 sine
929 4297 1040 4350 ullo
1090 4307 1232 4350 metu
1288 4298 1375 4351 hic
1443 4306 1706 4369 geruntur
1759 4298 2072 4352 acerbiores
2134 4311 2320 4367 pennas

759 4390 884 4443 olim
927 4390 1150 4459 justitiaa
1187 4393 1369 4446 omnia
1429 4395 1680 4449 lustranti
1705 4393 1933 4448 dabunt.

2525 2551 2650 2619 Εγὼ
2675 2551 2770 2622 μὲν
2782 2551 2962 2621 ᾣμην,
2977 2549 3075 2619 τῆς
3089 2549 3241 2620 ὐμῶν
3263 2567 3522 2620 κραταιου
3531 2551 3696 2622 μένης
3713 2551 3998 2622 βασιλείας

2435 2644 2633 2707 πολλὰς
2680 2645 2816 2712 αὐτῇ
2878 2642 3174 2712 προσάγειν
3222 2642 3570 2712 εὐχαριστίας
3596 2645 3732 2714 ὑπὲρ
3761 2646 3859 2715 τῆς
3911 2651 3998 2710 εἰς

2435 2738 2581 2806 ἡμᾶς
2607 2735 2948 2805 εὐεργεσίας,
2974 2733 3113 2804 ὑπὲρ
3144 2733 3336 2803 φίλων,
3373 2735 3513 2804 ὐπὲρ
3533 2737 3832 2805 συγγενῶν,
3855 2739 3999 2808 ὑπὲρ

2440 2827 2704 2895 συνήθων,
2737 2827 2873 2896 ὑπὲρ
2903 2827 3121 2880 πάντων
3148 2827 3354 2891 ἁπλῶς,
3376 2829 3478 2882 ὅσα
3525 2829 3775 2898 πράττων
3831 2832 3999 2894 αὐτὸς

2432 2920 2512 2979 είς
2536 2917 2635 2987 τὴν
2653 2919 2686 2986 ὴ
2697 2917 2811 2987 μῶν
2839 2916 3135 2987 θεραπείαν
3174 2918 3333 2988 κόρον
3356 2920 3454 2972 οὐκ
3477 2914 3622 2988 εῐχες
3647 2921 3995 2990 χαρίζεσθαι.

2426 3008 2519 3069 Εἰς
2549 3006 2704 3059 τοῦτο
2730 3008 2840 3076 γάρ
2863 3007 3007 3076 ἡμᾶς
3032 3002 3186 3078 ἦγεν,
3211 3008 3247 3076 ἦ
3278 3024 3337 3061 τε
3365 3008 3580 3080 καθαρά
3619 3010 3754 3079 πρός
3791 3029 3848 3063 σε
3897 3015 3999 3066 καὶ

2426 3095 2651 3166 ἀληθινὴ
2679 3095 2934 3159 διάθεσις,
2972 3093 3199 3148 καὶτῶν
3248 3095 3456 3166 μυρίων
3497 3096 3677 3166 ὅρκων
3723 3099 3815 3149 καὶ
3853 3098 3992 3149 ὑπο-

2429 3189 2664 3256 σχέσεων
2685 3187 2746 3240 τὸ
2773 3187 3050 3240 ἀνένδοτον
3074 3203 3089 3217 ο
3118 3185 3212 3250 οὓς
3241 3186 3336 3240 καὶ
3356 3187 3596 3241 ἀκόντων
3624 3188 3799 3257 ἡμῶν,
3831 3189 4000 3251 αὐτὸς

2431 3278 2602 3345 ὅμως,
2641 3279 2776 3347 πρὸς
2820 3277 3064 3339 ἅπαντας
3124 3276 3418 3332 ὑποτείνων
3461 3278 3522 3330 οὐ
3569 3279 3823 3342 διέλιπες.
3878 3281 3999 3332 Νῦν

2432 3370 2490 3421 δὲ
2525 3371 2602 3432 είς
2633 3368 2791 3421 τοῦτο
2809 3369 2878 3422 τὰ
2904 3369 3013 3421 τῶν
3034 3369 3317 3438 ἡμετέρων
3344 3369 3574 3423 ἐλπίδων
3606 3372 3994 3440 περιέστηκεν,

2433 3461 2516 3514 ὅτι
2543 3461 2646 3514 κᾶν
2689 3459 2785 3529 ὀψὲ
2830 3458 2924 3512 τοῦ
2970 3461 3183 3532 καιροῦ,
3233 3463 3382 3531 ὅμως
3428 3461 3776 3530 εὐχαριστίαν
3806 3466 3869 3532 τῇ
3924 3465 3993 3532 σῇ

2433 3549 2782 3620 προσάγομεν
2845 3549 3111 3619 βασιλεία.
3155 3550 3278 3603 Ἐπὶ
3309 3549 3436 3617 τίνι,
3491 3553 3586 3603 καὶ
3630 3551 3718 3604 διά
3771 3552 3822 3604 τί
3840 3570 3855 3618 ;
3909 3555 3995 3606 ὅτι

2433 3638 2530 3700 τὰς
2566 3637 2674 3690 τῶν
2705 3637 2914 3711 λῃστῶν
2953 3639 3046 3694 καὶ
3075 3639 3402 3709 κακουργῶν
3429 3641 3720 3711 τιμωρίας,
3765 3636 3852 3705 αἷς
3900 3645 3992 3694 ἐν-

2425 3729 2712 3793 αθλοῦντες
2736 3731 2892 3801 ἡμεῖς
2921 3730 3448 3799 καταδαπανώμεθα,
3487 3733 3564 3793 είς
3590 3733 3652 3785 τὸ
3690 3733 3991 3804 μετριώτε-

2427 3838 2518 3891 ρον
2551 3820 2903 3890 σχηματίζειν
2936 3822 3318 3890 ἐπεχείρησας.
3361 3822 3500 3874 Ἀλλ’
3540 3825 3662 3893 ὅρα,
3702 3825 3846 3891 φίλε,
3885 3828 3993 3878 κᾶν

2427 3913 2501 3982 μὴ
2526 3912 2722 3982 βούλει,
2752 3911 2992 3981 βασιλεῦ,
3015 3913 3096 3965 ὅτι
3125 3914 3186 3964 τὸ
3213 3912 3506 3982 πειρᾶσθαι
3534 3915 3743 3967 πείθειν
3772 3915 3990 3985 ἀνθρώς

2425 4019 2582 4066 πους,
2612 4003 2674 4055 οὐ
2707 4002 2867 4072 μόνον
2889 4002 3040 4055 οὐδὲν
3067 4003 3309 4056 συντελεῖ
3343 4004 3476 4073 πρὸς
3505 4004 3566 4058 τὸ
3615 4008 3799 4058 πεῖσαι
3829 4008 3988 4072 Θεὸν,

2423 4091 2559 4145 ἀλλά
2616 4093 2707 4145 καὶ
2760 4093 2840 4157 είς
2887 4093 3201 4147 τούναντίον
3257 4095 3683 4166 περιτρέπεται·
3739 4098 3835 4150 καὶ
3876 4100 3989 4149 τῶν

2425 4183 2594 4247 ἀδεῶς
2626 4183 2861 4237 ἐνταῦθα
2894 4185 3305 4255 πραττομένων,
3338 4185 3539 4258 μᾶλλόν
3568 4190 3717 4242 ἐστιν
3768 4190 3983 4244 ἐκεῖθεν

2424 4275 2458 4345 ὴ
2486 4275 2819 4345 παντέφορος
2851 4275 2972 4346 δίκη
3000 4277 3209 4348 κριτής.

2065 4684 2632 4778 MONITUM

1878 4875 1942 4930 IN
1984 4874 2394 4942 SEQUENTE}!
2436 4875 2839 4933 EPISTOLAM.

1770 5021 1994 5091 (Angelo
2025 5020 2124 5074 ΜΑι
2157 5021 2348 5089 Script.
2380 5033 2480 5080 vet.
2517 5033 2558 5076 t.
2589 5023 2641 5086 Ι,
2670 5039 2804 5094 page
2829 5025 2965 5092 ut.)

829 5155 1119 5226 Vcstiganti
1158 5155 1290 5210 mihi
1320 5156 1372 5210 in
1405 5155 1680 5211 Vaticanis
1718 5157 1916 5226 pluteis
1943 5157 2117 5212 Photii
2148 5159 2366 5228 scripta,
2397 5159 2636 5230 ignotum
2669 5160 2940 5229 quoddam
2983 5171 3180 5230 praeter
3206 5175 3358 5231 spem
3385 5177 3444 5218 se
3469 5163 3663 5218 obtulit
3697 5163 3756 5217 in
3797 5165 3984 5220 codice

760 5255 942 5297 vetere
970 5244 1333 5312 palimpsesto,
1363 5244 1528 5298 breve
1565 5243 1813 5312 equidem
1849 5244 1940 5298 sed
1971 5253 2146 5298 tamen
2185 5261 2292 5298 non
2322 5249 2796 5302 contemnendum.
2837 5247 2993 5303 Prior
3038 5250 3369 5319 palimpsesti
3413 5253 3680 5321 scriptura
3719 5253 3984 5321 quadrata

760 5343 861 5396 est,
895 5333 1238 5400 continctque
1269 5344 1447 5401 partes
1480 5349 1755 5388 sacrarum
1781 5349 1959 5387 rerum
1992 5333 2223 5397 Leontii,
2249 5335 2315 5388 de
2345 5351 2450 5403 quo
2477 5350 2641 5404 opere
2671 5335 2723 5388 in
2755 5336 2862 5389 alio
2886 5336 3162 5390 volumine
3195 5337 3476 5392 locuturus
3503 5355 3646 5393 sum.
3699 5338 3982 5408 Scriptura

755 5420 1039 5490 posterior,
1067 5421 1246 5473 saeculi
1276 5419 1442 5480 ferme
1470 5437 1587 5486 λιιι,
1621 5421 1783 5474 habet
1820 5436 1955 5490 Opus
1989 5420 2203 5474 Eusebii
2235 5420 2309 5474 De
2356 5422 2461 5474 situ
2495 5431 2543 5474 et
2574 5423 2867 5475 nominibus
2918 5422 3296 5476 Ilebraicorum
3338 5425 3568 5477 locorum
3604 5442 3623 5478 .·
3670 5435 3724 5479 et
3759 5427 3981 5494 quidem

755 5509 822 5561 ad
851 5523 1091 5562 normam
1123 5507 1282 5576 hujus
1320 5509 1577 5562 rarissimi
1603 5509 1825 5570 codicis,
1855 5508 1944 5576 qui
1977 5508 2079 5561 fuit
2114 5509 2239 5562 olim
2273 5508 2559 5562 cardinalis
2589 5507 2792 5574 Sirleti,
2829 5518 3036 5563 textum
3081 5512 3262 5580 operis
3295 5510 3582 5566 Eusebiani
3639 5511 3806 5566 fuisse
3854 5513 3983 5566 reﬁ-

754 5607 900 5652 ctum
922 5595 1078 5650 docet
1098 5595 1390 5651 Vallarsius
1427 5598 1478 5650 in
1513 5595 1821 5667 Hieronymi
1847 5598 2104 5660 editione,
2137 5596 2201 5650 T.
2226 5595 2312 5650 ΙΙΙ.
2352 5598 2664 5665 Sequuntur
2695 5596 2748 5648 in
2779 5597 2966 5651 codice
3001 5597 3256 5668 glossaria
3289 5599 3554 5668 quaedam,
3592 5610 3704 5653 tum
3730 5599 3798 5653 de
3825 5617 3980 5653 men-

757 5685 896 5737 suris
938 5685 1372 5754 ponderibusque
1424 5685 1681 5755 opuscula
1707 5727 1720 5749 ,
1771 5701 1981 5739 necnon
2022 5686 2334 5755 theologicae
2363 5685 2566 5753 aliquot
2593 5683 2958 5739 deﬁnitiones.
2996 5686 3131 5739 Exin
3176 5686 3355 5741 Photii
3414 5689 3671 5742 canonica
3720 5704 3979 5757 responsa

759 5775 1013 5843 quinque,
1053 5789 1174 5829 cum
1205 5789 1270 5829 eo
1302 5773 1456 5829 titulo
1481 5789 1640 5844 quem
1685 5774 1738 5829 in
1773 5782 1958 5831 nostra
1991 5774 2226 5830 editione
2261 5773 2441 5830 Grzece
2471 5772 2808 5843 scripsimus.
2839 5771 3091 5831 l’hotium
3123 5775 3353 5846 denique
3392 5777 3797 5847 subsequuntur
3841 5775 3979 5832 Gre-
