4248 6444
263 411 370 475 773
1403 409 1929 473 EPISTOLARUM
1971 412 2199 474 LIBER
2241 413 2266 472 Ι
3378 416 3481 480 774

262 527 399 595 gorii
424 523 677 593 Theologi
715 521 977 591 quedam,
1018 531 1074 576 et
1112 535 1280 591 pauca
1326 535 1610 591 anonyma.
1642 522 1890 578 Profecto
1941 534 1996 577 et
2048 524 2162 592 ipse
2199 522 2581 592 palimpsestus
2621 523 2676 576 in
2709 523 2969 578 extremis
3006 523 3208 579 codicis
3260 522 3405 581 foliis
3448 546 3479 580 a

260 611 446 680 priore
474 620 528 664 et
552 610 784 664 maxima
819 609 903 663 sui
951 618 1102 678 parte
1133 608 1345 663 dillert:
1396 610 1558 664 habet
1585 612 1729 664 enim
1775 611 2007 665 Actuum
2033 613 2448 682 apostolicorum
2496 612 2817 682 fragmenta,
2848 612 3235 667 vetustioribus
3261 651 3277 674 .
3315 629 3478 683 quam

258 694 473 749 Leontii
510 709 666 763 opus,
697 695 888 749 litteris
914 705 1150 749 exarata.
1186 694 1293 749 Sed
1317 696 1486 761 enim,
1531 696 1617 750 his
1663 697 1878 752 interim
1913 699 2145 761 omissis.
2173 700 2243 753 de
2280 698 2455 753 Photii
2487 699 2689 767 scripto
2726 699 2964 753 breviter
3008 700 3143 753 mihi
3186 700 3476 755 dicendum

257 792 365 845 est,
388 782 533 851 quod
560 782 628 835 ad
655 781 890 835 Leonem
919 780 1177 835 Calabri-az
1207 780 1674 852 archiepiscopum
1694 783 1945 839 mittitur.
1970 783 2232 840 Calabriae
2255 786 2433 840 sedem
2458 786 2818 854 episcOpalem
2847 785 2990 839 inter
3015 801 3109 839 eas
3137 795 3478 840 numeratam

258 870 441 933 video,
472 883 592 936 qua:
613 868 933 937 patriarcha:
962 867 1257 937 Byzantino
1288 870 1567 937 parebant,
1590 868 1647 922 in
1672 870 1883 923 novella
1913 869 2109 925 Leonis
2132 872 2405 941 Sapientis
2430 872 2529 940 (l).
2551 871 2641 939 qui
2672 871 2845 925 Photii
2874 872 3124 925 alumnus
3151 872 3254 926 fuit
3280 890 3294 925 :
3320 873 3481 942 eique

257 956 378 1011 sedi
420 956 645 1011 honoris
673 956 868 1026 gradus
897 955 1037 1010 inter
1066 956 1354 1011 Mocissum
1381 956 1758 1028 Larissamque
1787 959 2057 1013 tribuitur.
2093 959 2261 1012 Porro
2290 968 2469 1012 utrum
2500 957 2746 1011 Calabria
2780 958 3124 1027 intelligenda
3151 960 3220 1013 sit
3250 960 3478 1031 Argivo-

257 1060 384 1098 rum
423 1044 619 1109 insula,
664 1044 719 1098 in
762 1060 865 1113 qua
910 1045 1038 1098 olim
1070 1043 1461 1099 Demosthenes
1493 1061 1763 1101 venenum
1794 1047 1993 1113 hausit,
2035 1063 2103 1100 an
2137 1046 2318 1116 potius
2342 1047 2504 1101 Italia:
2536 1046 2829 1114 provincia,
2864 1047 3005 1100 haud
3033 1047 3144 1100 scio
3180 1063 3247 1100 an
3290 1049 3490 1101 merito

256 1131 511 1187 dubitare
534 1132 711 1185 liceat.
741 1129 873 1186 Nam
905 1139 959 1186 et
994 1132 1154 1186 Italia:
1180 1131 1484 1188 Calabriam
1515 1133 1569 1187 in
1601 1150 1662 1189 ea
1694 1135 1903 1188 novella
1936 1151 1991 1205 p.
2022 1134 2123 1189 l00
2160 1134 2415 1203 appellari
2446 1133 2627 1197 video,
2656 1149 2762 1202 quo
2788 1135 2905 1188 loco
2934 1132 3208 1187 Severina:
3242 1135 3483 1189 Calabrae

258 1219 377 1272 sedi
428 1219 793 1287 subjiciuntur
834 1218 1071 1289 episcopi
1113 1217 1538 1289 Callipolitanus,
1573 1221 1952 1286 Acerantinus,
1998 1228 2053 1274 et
2096 1220 2272 1275 Castri
2316 1220 2531 1276 veteris.
2565 1220 2701 1275 Tum
2755 1222 2893 1289 apud
2958 1221 3485 1291 Porphyrogenitum

257 1306 435 1359 them.
471 1305 563 1359 lib.
588 1304 658 1369 II,
683 1306 771 1370 l0,
800 1306 1115 1376 oppidulum
1145 1305 1354 1361 Sanctae
1384 1307 1654 1361 Severinze
1694 1322 1858 1376 prope
1888 1307 2176 1362 Crotonem
2210 1309 2445 1378 ponitur.
2477 1309 2651 1377 Atque
2681 1308 2763 1361 his
2802 1308 2853 1360 in
2897 1308 3027 1361 locis
3062 1308 3263 1362 Graeca:
3318 1310 3480 1361 ritum

257 1390 521 1445 Ecclesiae
560 1393 753 1461 partim
804 1394 979 1447 adhuc
1022 1393 1199 1463 vigere
1246 1393 1402 1448 docet
1438 1393 1713 1463 Ughellius
1763 1402 1891 1447 tom.
1968 1393 2061 1457 IX,
2118 1410 2171 1464 p.
2218 1395 2340 1448 475.
2389 1394 2633 1449 Profecto
2671 1404 2828 1448 atate
2884 1393 3143 1447 Pliotiana
3189 1403 3489 1447 extremam

260 1479 409 1531 illam
440 1478 607 1532 Italiae
639 1490 844 1549 partem
874 1481 925 1533 in
963 1480 1234 1551 Byzantini
1272 1482 1662 1542 patriarchatus
1688 1479 1882 1534 ﬁnibus
1919 1480 2082 1535 fuisse
2110 1482 2555 1550 comprehensam
2579 1523 2591 1545 ,
2628 1481 2809 1534 multis
2850 1481 3188 1534 documentis
3231 1496 3484 1548 compro-

257 1565 445 1618 batum
488 1576 602 1629 est,
639 1577 694 1620 et
724 1577 869 1621 certe
893 1582 920 1619 a
948 1568 1089 1621 dicta
1124 1568 1232 1637 jam
1267 1567 1606 1637 imperatoris
1638 1567 1863 1621 novella.
1898 1566 2007 1622 lmo
2038 1584 2164 1623 vero
2198 1570 2432 1623 Leonem
2495 1568 2640 1622 hunc
2670 1567 2930 1622 Calabriae
2970 1567 3166 1621 Italica:
3216 1568 3485 1637 archiepi-

257 1666 484 1719 scopum
518 1652 682 1707 l‘uisse
714 1655 799 1706 vix
830 1654 1037 1716 dubito,
1080 1654 1206 1708 dum
1233 1654 1515 1708 considero
1541 1654 1787 1707 Photiani
1819 1655 2097 1722 cujusdam
2134 1656 2325 1709 incditi
2346 1656 2526 1724 operis
2548 1656 2808 1708 adversus
2833 1654 3052 1708 Latinos
3077 1654 3165 1722 (de
3193 1670 3300 1723 quo
3321 1670 3489 1722 opere

258 1743 408 1807 mox)
445 1741 639 1805 locum,
684 1741 796 1804 ubi,
840 1741 1170 1795 enumeratis
1210 1740 1369 1795 Italia:
1414 1750 1467 1794 et
1500 1741 1806 1795 Occidentis
1835 1745 1990 1795 variis
2040 1743 2252 1812 papulis
2299 1745 2389 1813 qui
2424 1742 2665 1813 pontiﬁci
2713 1742 2956 1795 Romano
2993 1743 3289 1810 parebant,
3332 1742 3493 1795 abiis

260 1826 489 1881 l’hotius
534 1830 730 1896 excipit
763 1829 1059 1891 Calabros,
1106 1843 1240 1897 quos
1280 1829 1355 1882 ait
1396 1844 1519 1883 cum
1583 1827 1782 1882 Graecis
1827 1830 2155 1884 consentire.
2203 1831 2308 1885 Sed
2356 1840 2535 1884 tamen
2578 1830 2686 1884 Leo
2744 1839 2889 1883 certe
2958 1827 3146 1899 Rhegii
3198 1831 3493 1897 episcopus»

260 1925 468 1968 octava!
510 1916 711 1984 synodo
750 1926 935 1970 contra
970 1916 1217 1969 Photium
1258 1916 1539 1970 celebrata:
1590 1916 1912 1986 subscripsit
1953 1917 2029 1987 (2)
2065 1935 2077 1970 :
2110 1918 2357 1986 idemque
2420 1918 2473 1971 in
2524 1916 2960 1987 pseudo-synodo
3006 1916 3270 1969 Photiana
3321 1932 3486 1984 appa-

262 2004 374 2055 ruit
406 2004 479 2070 (3)
516 2020 528 2055 :
570 2019 729 2071 quam
774 2021 884 2058 rem
923 2006 1141 2059 Coletus
1191 2006 1244 2058 in
1300 2003 1527 2074 Ughellii
1566 2004 1644 2073 (4)
1685 2005 2155 2059 emendationibus
2198 2006 2469 2075 sapienter
2516 2005 2745 2067 notavit,
2795 2013 2955 2072 atque
2988 2004 3061 2056 ita
3093 2004 3325 2055 Leonem
3376 2017 3484 2055 nun

262 2090 430 2143 dubio
460 2090 648 2144 ordine
676 2092 726 2143 in
755 2091 1125 2161 Rheginorum
1155 2092 1526 2162 episcoporum
1554 2091 1693 2146 serie
1724 2093 2019 2147 constituit.
2043 2094 2147 2148 Sed
2183 2110 2307 2148 ecce
2348 2093 2401 2147 in
2437 2093 2686 2162 praedicta
2715 2092 2925 2145 novella
2958 2107 3011 2159 p.
3062 2090 3162 2144 lOO
3212 2089 3488 2160 llhcginus

263 2178 556 2247 episcOpus
575 2194 603 2231 a
628 2178 855 2233 Calabro
899 2181 1031 2235 satis
1060 2181 1428 2251 distinguitur.
1458 2178 1628 2233 Porro
1658 2194 1757 2249 ego
1783 2187 1969 2233 auctor
1998 2194 2115 2233 sum
2148 2190 2206 2234 ut
2225 2181 2290 2234 de
2318 2179 2517 2234 ﬁnibus
2538 2177 2814 2249 Byzantini
2852 2178 3244 2246 patriarchatus
3282 2178 3487 2247 legatur

262 2266 427 2319 etiam
462 2266 749 2335 perdoctus
770 2266 1017 2323 Bressius
1050 2269 1104 2324 in
1136 2268 1329 2323 Melin
1376 2268 1772 2337 antiquitatibus
1797 2266 1896 2337 (5),
1916 2268 2006 2336 qui
2032 2266 2286 2322 Leonina:
2312 2268 2536 2323 novellte
2565 2266 2935 2321 auctoritatem
2965 2274 3085 2335 post
3107 2264 3241 2317 alios
3271 2266 3486 2318 criticos

264 2353 510 2406 ventilat.
552 2353 630 2407 Ad
666 2369 778 2409 rem
814 2365 1051 2410 nostram
1084 2356 1228 2425 quod
1270 2356 1481 2417 attinet,
1520 2364 1730 2410 constat
1761 2354 1995 2409 Leonem
2026 2355 2285 2410 Calabria}
2321 2356 2787 2425 archiepiscopum
2828 2353 3182 2423 postulavisse
3221 2368 3250 2405 a
3293 2353 3486 2405 Pliotio

264 2441 575 2509 patriarcha
614 2457 735 2504 suo,
769 2453 930 2512 atque
958 2458 988 2495 a
1021 2445 1254 2512 synodo,
1281 2457 1401 2512 quae.
1430 2442 1571 2511 apud
1603 2443 1777 2512 ipsum
1807 2441 2199 2507 celebrabatur,
2228 2442 2618 2497 dubitationum
2648 2440 3000 2511 quarumdam
3035 2440 3330 2494 solutiones
3358 2457 3370 2491 :
3398 2443 3488 2493 cui

265 2530 511 2584 honestae
545 2531 791 2599 petitioni
818 2546 1107 2587 occurrens
1132 2532 1376 2595 Photius,
1401 2531 1578 2600 capita
1602 2532 1841 2601 quinque
1863 2531 2173 2601 rescripsit:
2200 2548 2318 2601 qua:
2345 2545 2443 2601 ego
2467 2540 2525 2585 ut
2553 2531 2620 2585 de
2649 2545 2706 2585 re
2734 2531 2995 2584 canonica
3025 2529 3183 2594 bene,
3214 2538 3274 2582 ut
3306 2544 3487 2598 spero,

266 2633 525 2682 mererer,
556 2618 744 2673 Latina
774 2619 898 2685 feci,
927 2620 1147 2676 scholiis
1173 2620 1377 2690 aliquot
1401 2618 1693 2688 declaravi,
1722 2628 1779 2675 et
1803 2618 1849 2674 si
1876 2634 2000 2675 cum
2031 2618 2423 2690 Amphilochiis
2454 2618 2511 2673 in
2546 2618 2650 2674 hoc
2676 2618 2950 2674 volumine
2977 2617 3218 2683 ederem,
3259 2619 3493 2676 pretium

266 2719 451 2774 operae
488 2704 604 2761 fore
632 2706 888 2777 judicavi.

1113 3069 1472 3151 PHOTII
1540 3073 2051 3154 RESPONSA
2122 3074 2657 3156 CANONICA.

280 3404 367 3469 T33
388 3404 822 3473 θεοφιλεστάτη)
842 3402 1138 3468 δσιωτάτφ
1153 3403 1595 3475 συλλειτουρτῷ
1620 3405 1825 3459 Λέοντι
1854 3415 1899 3470 Α
1928 3406 1957 3459 Ε

1809 3415 1899 3470 ιΑ
1928 3404 2328 3475 Religiosissimo
2390 3416 2439 3459 et
2495 3406 2825 3458 sanctissimo
2879 3405 3036 3459 Leoni
3085 3405 3345 3461 Calabria:
3395 3422 3486 3456 ar-

344 3476 790 3543 ἀρχιεπισκόπῳ
826 3476 1158 3545 Kalab’plac
1193 3473 1408 3541 Φώτιος
1446 3473 1826 3543 ἀρχιεπισκο-
2000 3493 2021 3527 c

1814 3504 1826 3515 -
2000 3473 2319 3545 cliiepiscopo
2346 3475 2563 3529 Photius
2612 3476 3022 3543 archiepiscopus
3059 3476 3491 3544 Constantinopo-

344 3559 455 3610 πος
492 3544 1200 3609 Κωνσταντινουπόλεως.
2001 3546 2211 3600 litantis.

348 3658 428 3711 Τὰ
464 3657 613 3729 παρὰ
639 3657 738 3727 τῆς
787 3656 940 3727 ὑμῶν
992 3656 1266 3726 θεοφιλιας
1311 3658 1448 3727 πρὸς
1501 3659 1648 3728 ἡμᾶς
1697 3658 1829 3713 ἀνα-

275 3752 594 3821 πεμφθέντα
626 3751 892 3818 κεφάλαια
910 3753 1023 3813 τοῖς
1053 3750 1483 3819 θεοφιλεστάτοις
1517 3751 1672 3819 ήμῶν
1710 3752 1800 3804 ὲπι

275 3840 499 3894 δοθέντα
559 3840 979 3911 μητροπολίταις
1009 3840 1084 3910 (6)
1120 3842 1212 3893 καὶ
1240 3840 1368 3910 παρ’
1397 3840 1575 3893 αὐτῶν
1604 3842 1830 3909 δοκιμα-

278 3932 476 3985 σθέντα
513 3949 573 3985 τε
616 3934 711 3984 καὶ
750 3931 1160 4001 βασανισθέντα,
1192 3932 1445 4001 τοιαύτης
1495 3930 1645 3999 ἔτυχε
1708 3931 1829 4002 κρί-

1999 3656 2129 3722 Quae
2159 3667 2333 3712 vestra
2360 3658 2532 3727 pietas
2566 3657 2631 3712 ad
2664 3674 2764 3712 nos
2800 3658 2946 3711 misit
2968 3668 3221 3727 capitula,
3249 3675 3371 3713 cum
3404 3675 3493 3712 re-

1932 3749 2286 3819 ligiosissimis
2352 3749 2550 3803 nostris
2601 3750 2957 3819 metropolitis
3010 3751 3251 3805 exhibita
3288 3750 3493 3805 fuerint

1930 3850 2093 3908 atque
2115 3840 2182 3893 ab
2206 3839 2309 3894 illis
2332 3840 2385 3892 in
2404 3856 2627 3893 examen
2654 3851 2859 3907 vocata,
2892 3842 3161 3911 ejusmodi
3192 3842 3493 3897 retulerunt

1928 3931 2186 4001 judicium
2227 3946 2289 3985 ac
2318 3932 2664 3985 solutionem.

278 4023 417 4086 σεώς
451 4040 510 4075 τε
550 4026 642 4076 καὶ
677 4023 995 4083 ἐπιλύσεως.

350 4112 427 4165 A'.
485 4113 620 4182 Περὶ
678 4113 775 4183 μὲν
836 4110 943 4164 τῶν
990 4111 1319 4180 χειροτονίαν
1376 4110 1653 4181 ἱερατικὴν
1697 4110 1831 4181 μηδὲ

284 4205 416 4275 μίαν
444 4204 695 4272 ἑχόντων,
739 4201 1087 4271 βαπτίσματα
1131 4201 1189 4254 δὲ
1225 4201 1293 4255 δι’
1340 4201 1548 4254 ἑαυτῶν
1582 4202 1831 4254 τελεσάν-

283 4311 415 4355 των,
445 4289 685 4344 τοιοῦτόν
712 4308 764 4343 τι
798 4293 1047 4361 ὥρισται.
1088 4290 1178 4353 Ὦς
1226 4292 1272 4342 εἰ
1320 4290 1419 4358 μὲν
1471 4289 1529 4341 ἐν
1575 4288 1832 4359 ἐλευθέρᾳ

282 4386 353 4452 γῇ
386 4382 479 4435 καὶ
506 4380 845 4452 Χριστιανῶν
874 4380 1154 4451 παρρησίᾳ
1176 4380 1365 4449 ἱερέων
1384 4397 1445 4432 τε
1464 4379 1713 4450 εὐπορίᾳ,
1735 4378 1831 4431 τοῦ

280 4475 525 4528 τοιούτου
566 4472 970 4544 κατετόλμησαν
1031 4472 1450 4542 ἐγχειρήματος,
1514 4473 1620 4524 τῶν
1677 4470 1834 4541 ἱερῶν

282 4564 693 4635 διακοσμήσεών
716 4582 775 4617 τε
804 4567 895 4617 καὶ
922 4564 1325 4634 προχειρήσεων
1356 4564 1446 4617 τὸν
1505 4563 1701 4632 θεσμὸν
1756 4564 1834 4624 εις

286 4658 491 4727 φαῦλον
517 4656 811 4727 τιθέμενοι,
850 4656 1046 4725 μᾶλλον
1065 4656 1119 4708 δὲ
1138 4656 1393 4726 ἀλαζονία
1420 4656 1833 4725 ἐμπορευσάμε-

2001 4106 2042 4159 1.
2085 4104 2237 4171 Quod
2263 4105 2328 4160 ad
2352 4121 2444 4160 eos
2480 4107 2730 4162 homines
2777 4108 2971 4162 attinet
3000 4110 3116 4177 qui,
3156 4109 3304 4162 nullo
3342 4125 3493 4164 sacro

1932 4196 2117 4249 ordine
2149 4196 2380 4265 praditi.
2404 4198 2727 4267 baptismum
2754 4214 2912 4251 manu
2944 4214 3039 4252 sua
3070 4200 3490 4253 administrave-

1932 4296 2077 4351 runt,
2114 4287 2216 4341 hoc
2249 4288 2526 4342 definitum
2564 4288 2684 4343 fuit.
2721 4288 2997 4359 Siquidem
3032 4290 3088 4343 hi
3119 4290 3285 4344 libera
3317 4292 3371 4344 in
3406 4306 3492 4343 re-

1932 4378 2088 4447 gione
2116 4387 2169 4431 et
2192 4378 2497 4433 Christiana
2519 4394 2651 4448 pace
2676 4381 3123 4449 sacerdotumque
3152 4382 3326 4449 copia,
3351 4381 3493 4449 ejus-

1934 4471 2075 4524 modi
2108 4470 2248 4523 actui
2278 4486 2494 4524 manum
2518 4471 2804 4525 admovere
2828 4471 2941 4524 ausi
2968 4470 3191 4536 fuerint,
3216 4486 3489 4525 sacrarum

1933 4563 2372 4618 constitutionum
2401 4580 2463 4620 ac
2494 4564 2916 4618 ministeriorum
2978 4565 3151 4634 legem
3221 4563 3371 4619 ﬂocci
3415 4564 3493 4618 fa-

1936 4653 2160 4714 cientes,
2194 4653 2300 4707 imo
2331 4667 2459 4706 vero
2488 4652 2741 4721 superbia
2780 4668 2874 4707 sua
2913 4652 3071 4713 elati;
3111 4652 3201 4716 lii,
3235 4652 3451 4721 inquam
3477 4695 3491 4717 ,

285 4767 389 4810 νοι,
422 4748 663 4818 σφοδρῶς
714 4745 1125 4816 ἑπιτιμηθὲντες
1179 4747 1317 4817 ὑπὲρ
1358 4746 1466 4799 τῶν
1505 4748 1606 4818 ἤδη
1648 4746 1832 4815 πλημ-
1866 4748 1905 4805 Β
1936 4760 1960 4797 s

1813 4776 1832 4786 -
1866 4748 1905 4805 Β
1936 4758 2118 4797 severe
2143 4743 2412 4813 increpiti,
2442 4744 2511 4797 ob
2544 4743 2596 4799 id
2627 4743 2768 4813 quod
2809 4745 3067 4797 hactenus
3095 4753 3490 4812 perpetrarunt,

287 4839 651 4912 μεληθέντων,
680 4840 774 4891 καὶ
824 4838 922 4906 τῆς
977 4839 1113 4906 μετὰ
1148 4836 1320 4889 ταῦτα
1376 4839 1651 4907 ἱερατικῆς
1702 4855 1831 4909 προ-

285 4931 587 4999 χειρήσεως
614 4928 679 4979 δι’
710 4927 840 4980 αὐτό
864 4944 927 4994 γε
954 4928 1109 4979 τοῦτο
1124 4926 1575 4997 ἀπειρχθήσονται
1608 4945 1622 4959 ·
1655 4930 1702 4980 ol
1728 4929 1835 4999 γὰρ

284 5026 384 5090 τὴν
414 5020 507 5074 τοῦ
543 5018 688 5072 Θείου
739 5017 1053 5087 Πνεύματος
1101 5016 1258 5088 χάριν
1302 5015 1637 5085 ἀποσυλῆσαι
1678 5017 1835 5085 θελή-

288 5126 501 5173 σαντες,
531 5107 627 5161 καὶ
673 5109 881 5169 ἑαυτοῖς
926 5106 1023 5174 τὴν
1069 5104 1256 5174 τιμὴν,
1290 5104 1401 5156 ἀλλ’
1430 5105 1527 5173 οὐχ
1554 5104 1657 5156 ὑπὸ
1701 5104 1835 5156 Θεοῦ

287 5199 609 5268 καλούμενοι
633 5196 1039 5266 ἐπιτρέψαντες,
1058 5193 1131 5255 ὡς
1159 5195 1258 5263 τῆς
1275 5193 1422 5257 Θείας
1440 5194 1654 5265 χάριτος
1666 5210 1836 5247 κατα·

1934 4850 1964 4888 a
1997 4850 2151 4889 sacro
2185 4835 2346 4887 etiam
2390 4835 2638 4904 posthinc
2676 4834 2976 4887 ministerio
3022 4834 3091 4888 ob
3128 4833 3267 4887 hanc
3302 4850 3493 4887 noxam

1936 4923 2309 4978 excludantur.
2337 4923 2468 4975 Nam
2494 4923 2584 4991 qui
2614 4922 2783 4976 divini
2819 4920 3051 4991 Spiritus
3083 4922 3306 4990 gratiam
3336 4937 3492 4975 usur-

1938 5028 2064 5082 pare
2096 5014 2398 5077 voluerunt,
2430 5013 2638 5082 sibique
2671 5014 2933 5067 honorem
2964 5012 3167 5081 absque
3204 5012 3298 5066 Dei
3336 5027 3493 5065 voca.

1940 5105 2086 5157 tione
2110 5105 2401 5167 vindicare,
2437 5104 2600 5156 veluti
2626 5102 2824 5157 divinze
2859 5103 3044 5174 gratia:
3065 5112 3493 5170 contemptores,

1942 5194 2043 5248 hac
2078 5194 2189 5263 ipsa
2224 5203 2394 5248 semet
2420 5194 2768 5249 orliaverunt.
2809 5194 2981 5259 Quam
3017 5194 3161 5250 enim
3194 5201 3320 5248 ante
3359 5192 3498 5246 acci-

1767 5394 1993 5452 NOTAE.

362 5534 439 5601 (l.)
477 5532 630 5601 Apud
662 5529 1044 5601 Leunclavium
1079 5529 1153 5583 De
1188 5531 1301 5598 jur.
1341 5530 1430 5586 Cr.
1458 5531 1605 5584 Rom.
1650 5545 1704 5599 p.
1749 5530 1834 5585 88.

360 5599 439 5666 (‘2)
468 5599 631 5654 Hard.
659 5600 861 5653 Concil.
892 5611 928 5653 t.
958 5599 1023 5653 γ.
1050 5615 1103 5666 p.
1139 5601 1260 5654 9'29.

362 5666 439 5739 (5)
479 5668 840 5724 Colet.Conc.
872 5678 910 5720 t.
949 5666 1110 5735 XVII,
1142 5686 1193 5739 p.
1228 5670 1349 5725 574.

361 5742 438 5806 (4)
479 5740 610 5794 Tom
646 5740 736 5803 IX,
769 5756 821 5806 ι).
854 5739 977 5794 524.

361 5813 439 5881 (5)
479 5810 596 5865 Lib.
636 5827 703 5864 νι.
741 5810 823 5862 ιδ.

2017 5532 2091 5602 (6)
2131 5531 2369 5600 Intelligo
2408 5527 2817 5602 patriarchalem
2860 5526 3159 5602 synodum,
3193 5526 3493 5602 cujusmodi

1946 5597 2239 5671 permultas
2270 5597 2495 5669 legimus
2520 5599 2677 5671 apud
2711 5597 3093 5671 _Leu_nclavium
3125 5597 3179 5649 in
3210 5597 3492 5671 canonico-

1948 5666 2067 5741 rum
2092 5666 2471 5741 responsorum
2498 5666 2676 5741 libi-is.
2708 5667 2783 5721 De
2816 5668 2995 5741 Leone
3024 5676 3205 5719 autem
3235 5666 3493 5741 Calabria:

1949 5740 2142 5794 Italica:
2177 5735 2587 5807 archiepiscopi,
2614 5738 2679 5791 ad
2709 5753 2869 5806 quem
2923 5738 3037 5793 haec
3076 5751 3331 5806 responsa
3362 5735 3488 5790 scri-

1952 5811 2025 5863 bit
2057 5811 2296 5875 I’hotius,
2339 5811 2447 5864 dixi
2480 5824 2639 5879 supra
2672 5809 2722 5861 in
2758 5808 2968 5861 Manilo.
