4248 6444
786 394 890 456 775

1891 388 2149 452 ΡΗΟΤΙΙ
2186 391 2684 460 ΡΛΤῘΠΛΠΟΗᾹΞ
2724 403 2829 463 CP.

3913 401 4027 461 776

783 504 1040 576 piendum
1069 508 1411 573 spreverunt,
1441 500 1686 556 eamdem
1715 501 1928 556 etiamsi
1964 511 2152 572 postea
2190 519 2350 560 acce-
2381 517 2426 572 Α
2455 531 2460 558 ι

2346 517 2426 572 ιΑ
2455 515 2739 582 φρονηταὶ,
2789 513 2994 583 ταύτης
3042 513 3264 575 ἑαυτοὺς
3311 511 3690 584 ἀπεστέρησαν
3717 529 3730 544 ·
3782 505 3856 566 ὧν
3904 514 4023 584 γὰρ

783 597 981 666 perint,
1010 595 1288 666 aspernari
1323 609 1432 648 non
1472 595 1817 649 dubitabunt.
1848 593 1967 649 Jam
2010 611 2104 652 eos
2147 597 2239 666 qui
2283 599 2352 653 ab

781 689 911 757 ipsis
940 688 1192 759 baptizati
1217 687 1457 752 fuerunt,
1484 703 1821 756 nequaquam
1846 687 2086 757 Spiritus
2118 689 2348 759 gratiam

781 781 1053 851 recepisse
1086 794 1375 834 censemus
1403 799 1417 833 :
1444 794 1608 848 quare
1635 793 1729 834 eos
1752 790 1807 833 et
1838 795 1974 849 aqua
2009 782 2265 852 baptizari
2297 791 2352 836 et

782 885 971 928 sancto
997 873 1290 927 chrismate
1321 873 1442 943 ungi
1472 883 1635 941 atque
1665 873 1734 926 ita
1765 876 2069 929 consecrari
2094 875 2344 930 decerni-

781 981 922 1017 mus.
941 963 1142 1034 Nempe
1156 981 1276 1018 cum
1294 979 1378 1017 res
1395 963 1659 1032 ejusmodi
1679 967 2032 1034 contemptim
2054 977 2106 1021 et
2128 967 2348 1037 indigne

781 1064 936 1107 antea
970 1065 1184 1123 peracta
1214 1053 1393 1115 fuerit,
1421 1055 1697 1122 sequimur
1727 1057 2054 1122 apostolicos
2088 1071 2346 1123 canones,

778 1148 866 1216 qui
903 1161 1225 1218 magnopere
1256 1146 1568 1215 obiurgant,
1605 1147 1647 1199 si
1689 1149 1808 1215 quis
1844 1149 2066 1202 minime
2107 1150 2348 1218 baptiza-

779 1239 917 1292 vcrit
947 1254 1058 1301 eos,
1095 1238 1184 1306 qui
1218 1238 1285 1291 ab
1317 1237 1494 1307 impiis
1518 1238 1842 1306 baptismum
1877 1241 2206 1309 receperint,
2247 1256 2348 1294 ceu

779 1329 869 1398 qui
892 1328 1051 1382 falsos
1080 1343 1110 1382 a
1146 1328 1286 1382 veris
1312 1328 1681 1382 sacerdotibus
1712 1345 1818 1383 non
1850 1329 2228 1386 discreverint.
2281 1332 2352 1386 At

780 1420 924 1472 enim
955 1421 999 1472 si
1035 1421 1124 1488 qui
1156 1420 1208 1472 in
1239 1419 1517 1473 barbarica
1549 1419 1751 1474 ditione
1782 1419 2058 1492 degentes,
2092 1423 2144 1476 in
2173 1438 2351 1478 sacer-

780 1511 966 1565 dotum
989 1511 1200 1566 defectu
1229 1511 1552 1580 baptismum
1571 1511 2090 1579 administraverint,
2114 1525 2352 1569 meretur

780 1605 994 1657 veniam
1029 1607 1360 1668 necessitas;
1403 1621 1471 1659 ne
1500 1605 1783 1671 videlicet,
1820 1608 2117 1677 tyrannidis
2149 1625 2311 1663 causa
2334 1650 2350 1674 ,

779 1699 934 1750 vacui
966 1699 1134 1768 gratia
1169 1698 1516 1752 dimittantur
1548 1698 1583 1751 ii
1615 1698 1706 1767 qui
1738 1698 1829 1752 illa
1862 1699 2022 1769 potiri
2052 1700 2347 1769 postulant.

781 1789 958 1851 Quare
1024 1789 1271 1842 homines
1326 1789 1418 1858 qni
1470 1789 1880 1857 baptizaverunt
1936 1790 2148 1844 etiamsi
2197 1805 2350 1844 sacro

2456 605 2560 674 πρὸ
2587 604 2680 656 τοῦ
2712 604 2896 657 λαϐεῖν
2930 605 3359 678 κατεφρόνησαν,
3387 604 3594 658 τούτων
3636 605 3730 658 καὶ
3761 604 3898 674 μετᾶ
3955 604 4025 656 τὸ

2451 695 2635 748 λαϐεῖν
2693 695 2912 756 εἰκότως
2959 695 3372 766 καταφρονῆσαι
3410 695 3470 748 οὐ
3527 696 3964 765 παραιτήσονται
4004 710 4020 725 ·

2449 785 2574 846 τοὺς
2603 784 2658 836 δέ
2690 801 2752 852 γε
2777 785 2906 855 παρ’
2933 785 3112 838 αὐτῶν
3138 784 3553 854 βαπτισθέντας,
3580 783 3831 854 οὐδαμῶς
3864 783 4020 850 δεξα-

2455 871 2649 941 μένους
2682 871 2990 941 Πνεύματος
3021 872 3178 941 χάριν
3204 870 3483 942 ἡγούμεθα
3503 887 3517 901 ³
3536 872 3602 924 δι’
3619 870 3648 924 ὃ
3674 872 3764 925 καὶ
3790 873 3847 924 ὲν
3863 871 4022 923 ὓδατι

2453 961 2841 1032 βαπτισθῆναι,
2876 962 2972 1015 καὶ
3019 961 3097 1032 τῷ
3151 962 3290 1033 ἁγίῳ
3352 961 3508 1034 μύρῳ
3562 962 3868 1032 χρισθῆναι,
3923 962 4027 1015 καὶ

2450 1055 2594 1108 οὕτω
2618 1056 2972 1125 τελειωθῆναι
3006 1054 3354 1124 διοριζόμεθα
3383 1071 3397 1086 ο
3434 1056 3534 1110 κᾶν
3559 1071 3611 1107 τι
3640 1053 3879 1108 τοιοῦτον
3911 1074 4028 1108 κα-

2450 1147 2861 1218 ταφρονητικῶς
2907 1165 2967 1200 τε
3017 1148 3109 1200 καὶ
3153 1145 3388 1210 ἀναξίως
3431 1146 3859 1217 προδιεπράχθη,
3885 1147 4026 1200 ιπά.

2456 1258 2605 1311 μενοι
2637 1243 2747 1302 τοῖς
2781 1239 3161 1303 ἀποστολικοίς
3209 1239 3395 1293 κανόσι
3427 1239 3670 1309 σφοδρῶς
3714 1239 4022 1308 ἐπιτιμῶσι

2450 1331 2578 1392 τοὺς
2622 1331 2696 1400 μὴ
2727 1329 3086 1400 βαπτίζοντας
3134 1330 3259 1392 τοὺς
3300 1329 3414 1383 ὅσοι
3452 1329 3604 1398 παρὰ
3647 1327 3752 1383 τῶν
3803 1328 4027 1382 ἀσεϐῶν

2453 1423 2699 1486 ἐδέξαντο
2722 1422 3023 1492 βάπτισμα,
3044 1423 3118 1484 ὡς
3148 1422 3222 1492 μὴ
3244 1421 3620 1492 διακρίναντας
3649 1420 3828 1491 ίερὲας
3854 1421 4024 1490 ψευδ-

2456 1517 2645 1583 ιερέων
2677 1516 2773 1585 (7).
2802 1516 2866 1571 Et
2913 1514 2956 1567 δ’
2990 1517 3049 1568 ἐν
3089 1513 3400 1586 βαρϐαρικῇ
3452 1530 3594 1576 τινες
3625 1513 4015 1582 παροικοῦντες

2453 1607 2778 1676 ἐπικρατείᾳ
2814 1607 2908 1660 καὶ
2938 1605 3128 1676 ἱερέων
3153 1605 3533 1668 ἐπιλιπόντων,
3563 1605 3841 1675 βάπτισμα
3866 1605 4017 1674 ίερὸν

2453 1700 2796 1762 ἐπετέλεσαν,
2822 1697 3117 1767 συγγνώμη
3158 1701 3224 1768 τῇ
3264 1698 3497 1768 ἀνάγκη,
3535 1700 3627 1750 καὶ
3664 1699 3724 1750 τὸ
3752 1699 3824 1767 μὴ
3848 1697 4020 1764 ἀγεύ-

2455 1808 2612 1852 στους
2633 1791 2728 1858 τῆς
2777 1789 2995 1858 χάριτος
3033 1789 3121 1842 διὰ
3147 1791 3243 1860 τὴν
3292 1789 3581 1858 τυραννίδα
3631 1789 3755 1850 τοὺς
3809 1792 4020 1855 ταύτην

781 1881 968 1934 ordine
1003 1896 1109 1933 non
1143 1880 1382 1949 insigniti
1423 1879 1675 1941 fuissent,
1701 1881 1905 1949 judicio
1935 1881 2133 1936 vindici
2178 1883 2350 1951 subji-
2383 1867 2458 1934 Ba

2338 1911 2350 1922 -
2383 1867 2421 1922 Β
2451 1883 2830 1952 ὲπιδεομένους
2865 1881 3282 1952 ἀποστραφῆναι
3312 1897 3325 1910 ·
3367 1881 3446 1934 διδ
3474 1882 3598 1940 τοὺς
3624 1878 4015 1948 βαπτίσαντας,

780 1987 903 2026 cere
957 1973 1128 2024 visum
1184 1987 1292 2023 non
1365 1979 1466 2026 est.
1539 1970 1848 2040 Baptizatos
1902 1982 2087 2026 autem
2156 1974 2348 2026 iterum

779 2064 1069 2117 chrismate
1107 2063 1227 2131 ungi
1273 2063 1494 2116 omnino
1522 2063 1812 2117 dctinimus
1836 2103 1849 2125 ,
1880 2063 2092 2116 etiamsi
2143 2077 2172 2116 a
2214 2078 2350 2131 prae-

781 2157 938 2209 dictis
971 2155 1113 2207 uncti
1147 2153 1389 2207 fuerint:
1427 2164 1588 2222 atque
1633 2153 1704 2207 ita
1748 2169 1972 2223 prorsus
2020 2155 2204 2208 divino
2251 2170 2351 2207 un-

782 2253 979 2313 gnento
1023 2243 1329 2297 consecrari
1388 2243 1443 2296 in
1496 2245 1803 2312 septenario
1851 2245 2061 2299 dierum
2125 2247 2346 2315 spatio:

782 2335 1069 2402 caeteroqui
1104 2335 1252 2387 illum
1290 2335 1638 2403 baptismum,
1661 2337 1750 2406 qui
1780 2346 2002 2407 urgente
2029 2337 2352 2392 necessitate

783 2429 1116 2480 ministratus
1158 2427 1350 2486 fuerat.
1380 2444 1482 2480 non
1516 2429 1802 2498 antiquari.
1841 2430 1948 2483 Etsi
1977 2430 2120 2483 enim
2151 2429 2193 2483 is
2220 2430 2353 2486 ritus

785 2518 1130 2588 imperfectus
1169 2530 1285 2572 erat
1309 2559 1322 2581 ,
1356 2529 1533 2574 tamen
1564 2519 1843 2576 Trinitatis
1889 2522 2248 2584 invocatione,
2299 2532 2353 2577 et

785 2611 872 2680 pio
899 2611 1258 2664 invocantium
1287 2611 1413 2674 line,
1445 2622 1499 2665 et
1527 2612 1900 2680 recipientium
1936 2611 2058 2677 lide,
2091 2613 2223 2667 satis
2249 2614 2348 2666 ho-

785 2712 1005 2756 noratus
1043 2701 1161 2756 fuit.
1203 2703 1376 2767 Quare
1407 2720 1505 2757 nec
1547 2705 1740 2758 iterum
1781 2721 1917 2773 aqua
1956 2705 2215 2774 baptizari
2260 2719 2354 2759 cos

783 2792 874 2861 qui
905 2792 1152 2860 baptizati
1204 2792 1449 2856 inerant,
1481 2793 1826 2846 decernimus
1851 2834 1866 2857 ,
1909 2806 1977 2847 ne
2016 2793 2223 2845 scilicet
2263 2807 2355 2846 re-

785 2884 1053 2951 baptizare
1095 2883 1395 2938 videamur.
1465 2882 1596 2936 Nam
1649 2893 1704 2937 et
1755 2884 2052 2952 petentium
2103 2883 2254 2945 tidcs,
2301 2893 2356 2936 ct

783 2974 1108 3026 initiantium
1137 2973 1346 3042 pietatis
1364 2974 1624 3036 studium,
1639 2984 1694 3026 ct
1716 2974 2001 3044 tyrannica:
2021 2972 2356 3027 auctoritatis

784 3074 1143 3133 contemptus,
1176 3075 1229 3118 et
1259 3066 1686 3134 impendentium
1727 3065 2096 3134 periculorum
2129 3075 2355 3133 propter

785 3156 1059 3209 Christum
1107 3156 1398 3224 neglectus,
1448 3171 1548 3210 nec
1598 3165 1785 3210 sancto
1839 3156 2045 3225 Spiritu
2076 3165 2350 3225 expertem

786 3263 884 3300 nec
902 3245 1179 3314 profanum
1206 3248 1452 3300 videntur
1479 3248 1656 3301 sinere
1688 3257 1961 3317 peractum
1995 3249 2343 3316 baptismum.

786 3335 978 3390 Multos
1024 3339 1165 3391 enim
1217 3338 1513 3406 antiquitus
1554 3339 1789 3392 Ecclesia
1853 3337 1943 3390 Dei
1980 3335 2352 3405 comprobavit

786 3427 1102 3495 baptismos,
1137 3439 1355 3498 promer
1393 3439 1698 3498 temporum
1740 3439 1794 3482 et
1826 3429 2063 3482 locorum
2109 3427 2350 3481 necessi-

787 3529 952 3572 tatem
976 3536 1072 3574 ceu
1095 3523 1375 3576 commode
1399 3522 1817 3576 administratos.
1843 3521 1915 3576 De
1934 3522 2037 3575 hoe
2064 3521 2347 3574 hactenus.

2452 1975 2557 2026 κᾶν
2609 1976 2738 2026 ἄνευ
2789 1973 3145 2043 χειροτονίας,
3186 1972 3421 2041 ὲπιτίμῳ
3463 1972 3642 2042 κρίσει
3690 1972 3787 2024 ούκ
3834 1972 4021 2035 ἔδοξεν

2452 2069 2582 2136 ἡμῖν
2624 2067 3020 2120 καθυποϐαλείν
3053 2082 3069 2098 ·
3097 2066 3221 2128 τοὺς
3259 2065 3315 2116 δέ
3345 2082 3408 2132 γε
3437 2065 3844 2133 βαπτισθέντας,
3883 2067 4023 2117 ἁνα-

2456 2157 2783 2225 μυρισθῆναι
2834 2155 2932 2224 μὲν
2989 2155 3206 2216 πάντως
3249 2152 3628 2221 διοριζόμεθας
3684 2151 3784 2204 κᾶν
3812 2153 4021 2219 είπαρ¹

2453 2249 2628 2301 αὐτῶν
2677 2247 3049 2318 ὲμυρίσθησαν
3077 2245 3153 2316 (8)
3187 2260 3202 2277 ο
3228 2245 3323 2298 καὶ
3342 2243 3484 2296 οὓτω
3507 2243 3594 2297 διὰ
3620 2243 3712 2314 τῆ,
3744 2243 3837 2296 τοῦ
3868 2243 4021 2295 θείου

2457 2342 2627 2410 μύρου
2664 2339 2810 2405 απαξ
2835 2339 3064 2410 χρίσεως
3093 2337 3150 2388 ἐν
3183 2336 3319 2389 ἑπτὰ
3352 2337 3585 2406 ἡμέραις
3612 2335 3686 2404 (9)
3723 2335 4023 2402 τελειωθῆ-

2453 2448 2564 2486 ναι·
2596 2433 2655 2484 οὐ
2688 2433 2792 2502 μὴν
2810 2431 2866 2482 δὲ
2892 2431 2952 2482 τὸ
2979 2431 3125 2492 ὅπως
3156 2423 3248 2482 οὖν
3284 2429 3506 2496 γεγονὸς
3536 2427 3618 2480 διὰ
3645 2428 3738 2498 τὴν
3765 2428 4022 2497 ἀνάγκην

2458 2526 2740 2596 βάπτισμα
2764 2522 2836 2593 μὴ
2868 2521 3285 2591 συγχωρηθῆναι
3311 2536 3325 2552 ο
3370 2520 3470 2574 κᾶν
3500 2521 3606 2588 γὰρ
3660 2519 3844 2582 ἀτελὲς
3875 2518 4019 2588 (10),

2453 2621 2601 2687 ὅμως
2643 2618 2709 2686 τῇ
2743 2615 3024 2683 ἐπικλήσει
3068 2613 3168 2682 τῆς
3214 2613 3486 2679 παναγίας
3547 2612 3772 2682 Τριὰδος
3804 2614 3895 2664 καὶ
3931 2611 4024 2681 τῷ

2454 2708 2629 2777 πιστῷ
2657 2706 2842 2775 σκοπῷ
2869 2705 2978 2759 τῶν
2997 2703 3257 2758 ὶπικαλου
3268 2704 3459 2773 μένων,
3488 2705 3552 2774 τῇ
3612 2719 3668 2755 τε
3701 2705 3875 2756 πίστει
3902 2705 4022 2756 τῶν

2455 2799 2860 2869 ὑποδεχομένων
2873 2799 3157 2868 τετίμηται
3175 2814 3188 2827 ο
3207 2795 3273 2848 δι’
3301 2796 3329 2848 δ
3348 2796 3466 2848 οὐδὲ
3492 2795 3724 2864 ἔμπαλιν
3752 2796 4024 2866 βαπτίσαι

2453 2892 2528 2961 τῷ
2551 2892 2700 2944 ὕδατι
2727 2891 2850 2953 τοὺς
2875 2887 3268 2959 βαπτισθέντας
3293 2886 3479 2956 ὁρίζω.
3508 2888 3592 2939 ἵνα
3613 2889 3686 2957 μὴ
3714 2888 4022 2941 ἀναϐαπτί-

2456 3000 2546 3036 σαι
2577 2982 2816 3051 δόξωμεν
2836 2998 2850 3011 °
2877 2981 2913 3051 ἦ
2943 2996 3004 3033 τε
3032 2979 3140 3050 γὰρ
3156 2979 3263 3032 τῶν
3286 2978 3618 3048 αἰτουμένων
3643 2979 3839 3042 πίστις,
3871 2981 3969 3032 καὶ
3993 2983 4023 3033 ὁ

2453 3077 2563 3130 τῶν
2592 3076 2888 3132 τελούντων
2915 3074 3045 3146 περὶ
3060 3075 3157 3144 τὴν
3183 3072 3460 3126 εὐσέϐειαν
3479 3073 3759 3134 σπουδαῖος
3789 3076 4019 3136 σκοπός·

2458 3171 2492 3238 ἦ
2520 3186 2578 3222 τε
2606 3169 2704 3238 τῆς
2743 3169 3072 3239 τυραννικῆς
3099 3167 3453 3237 ἐπικρατείας
3492 3167 3812 3236 παρόρασις.
3854 3168 3952 3218 καὶ
3988 3170 4024 3237 ἡ

2455 3258 2561 3311 τῶν
2590 3258 2983 3329 ἐπηρτημένων
3006 3256 3266 3311 κινδύνων
3285 3255 3372 3310 διὰ
3413 3256 3644 3325 Χριστὸν
3670 3256 4023 3326 καταφρόνη-

2458 3367 2560 3413 σις,
2588 3351 2685 3402 οὑκ
2709 3352 2934 3419 ἄμοιρον
2954 3348 3046 3401 τοῦ
3076 3347 3230 3416 ἁγίου
3253 3348 3564 3418 Πνεύματος
3586 3347 3694 3400 οὐδ’
3719 3349 3933 3417 ἀνίερον
3958 3353 4024 3402 τὸ

2455 3440 2703 3494 τελεσθὲν
2760 3439 3040 3510 βάπτισμα
3069 3439 3284 3493 δοκοῦσι
3318 3440 3658 3493 καταλιπεῖν⁶
3693 3439 3862 3493 πολλὰ
3905 3441 4022 3510 γὰρ

2455 3533 2717 3587 ἀνέκαθεν
2747 3533 2899 3603 παρὰ
2945 3536 3012 3604 τῇ
3039 3532 3134 3586 τοῦ
3177 3531 3312 3585 Θεοῦ
3355 3531 3646 3603 Ἐκκλησία
3665 3533 4022 3604 συνεχωρήθη

788 3632 1155 3704 βαπτίσματα,
1181 3633 1267 3687 διὰ
1289 3634 1491 3706 καιρῶν
1518 3635 1613 3688 καὶ
1625 3634 1805 3688 τόπων
1832 3636 2075 3704 ἀνάγκην
2101 3633 2384 3705 χρησίμως
2413 3629 2819 3701 ἀποδειχθέντα.
2857 3630 2968 3684 Καὶ
2999 3629 3128 3704 περὶ
3157 3629 3257 3700 μιν
3280 3627 3466 3683 τούτου
3492 3629 3746 3684 τοσαῦτα.

2276 3814 2505 3872 NOTAE.

866 3998 940 4065 (7)
981 3995 1160 4050 Canon
1186 4005 1268 4049 est
1300 3995 1436 4048 inter
1471 3994 1627 4064 vulgo
1653 3995 1972 4063 apostolicos
1999 3995 2346 4064 quadragesi-

795 4083 914 4122 mus
951 4067 1238 4134 septimus;
1278 4082 1411 4133 quos
1453 4065 1568 4118 sine
1599 4065 1760 4119 dubio
1806 4067 2055 4118 tribuisse
2095 4066 2349 4134 apostolis

794 4138 1100 4190 auctoribus
1153 4136 1397 4188 l‘hotium
1445 4135 1552 4203 jam
1620 4135 1850 4188 vid-imus
1910 4152 1962 4204 p.
2018 4136 2136 4188 115.
2189 4134 2348 4202 Atqui

793 4223 953 4259 nemo
972 4207 1079 4273 jam
1104 4205 1339 4275 ambigit,
1368 4205 1494 4273 quin
1521 4205 1572 4257 hi
1603 4219 1836 4257 canones
1854 4206 2171 4258 auctoritate
2193 4215 2350 4272 atque

792 4285 950 4329 aetate
983 4274 1270 4343 apostolica
1306 4285 1554 4338 careant;
1595 4283 1648 4327 et
1683 4274 1898 4343 quidem
1927 4275 2087 4326 etiam
2135 4284 2351 4342 propter

792 4361 1022 4404 errores,
1059 4360 1192 4412 quos
1219 4345 1516 4402 continent.
1552 4347 1692 4398 circa
1725 4345 2068 4412 baptismum.
2097 4344 2352 4413 Chrysos-

795 4415 920 4468 tomi
945 4416 1103 4467 etiam
1124 4423 1203 4479 (ut
1232 4423 1285 4466 ut
1313 4415 1412 4465 hoc
1434 4415 1606 4467 obiter
1630 4423 1830 4474 nOIem)
1854 4414 2048 4481 scripta
2075 4415 2348 4481 complura

2446 3996 2794 4066 quamobrem
2832 3996 2919 4049 hic
2952 4009 3173 4066 parcere
3196 3993 3390 4066 verbis
3418 3993 3562 4048 licet.

2519 4066 2594 4132 (8)
2634 4066 2902 4120 Arcudius
2940 4063 3058 4134 cap.
3104 4065 3138 4118 4
3177 4064 3244 4118 de
3281 4077 3681 4134 ncogmcorum
3735 4063 4019 4119 erroribus

2448 4150 2611 4205 agens
2632 4136 2706 4188 ait
2734 4154 2746 4189 :
2770 4133 3167 4189 Sacramentum
3195 4133 3605 4205 conﬁrmationis
3630 4148 3773 4201 wquc
3792 4149 3865 4205 Aac
3887 4134 4019 4203 bap-

2450 4203 2662 4259 tismum
2707 4205 2866 4258 semel
2910 4205 3188 4257 exhibitum
3232 4215 3424 4256 veteres
3470 4204 3662 4255 iterare
3707 4203 3855 4270 nefas
3906 4220 4019 4258 esse

2447 4277 2994 4337 duccbant;recentes.
3021 4275 3064 4326 si
3095 4290 3197 4326 non
3221 4274 3485 4332 iterarint,
3515 4287 3739 4324 canones
3771 4275 4017 4325 concilio.

2450 4362 2567 4397 rum
2618 4345 2836 4398 violasse
2883 4345 3200 4397 existimant.
3269 4343 3534 4396 Blastares
3581 4342 3722 4410 apud
3759 4345 4015 4398 eumdem

2452 4415 2652 4468 Arcud.
2686 4429 2804 4482 cap.
2843 4413 2906 4466 19..
2950 4429 3169 4482 prorsus
3201 4428 3325 4466 cum
3387 4412 3577 4465 Photio
3623 4412 3900 4482 conspirat
3930 4413 4017 4466 di.

793 4483 972 4550 spuria
1005 4475 1274 4536 recensuit
1317 4483 1455 4535 inter
1498 4483 1728 4553 genuina
1776 4475 1999 4536 Photiu's
2023 4475 2348 4553 haud'satis
2383 4475 2423 4528 D
2451 4499 2580 4536 cens
2609 4499 2715 4536 non
2743 4475 2860 4537 esse
2889 4475 3347 4553 rchaptizandnm,
3389 4483 3482 4536 sed
3513 4492 3686 4553 tamen
3721 4475 4017 4535 conﬁrma-

794 4554 891 4607 hac
920 4553 972 4604 in
1002 4567 1056 4604 re
1074 4563 1260 4605 acutus
1295 4552 1532 4612 criticus’.
1561 4553 1747 4606 fraude
1782 4567 1886 4604 non
1911 4552 2112 4621 agnita,
2149 4553 2224 4604 uti
2251 4567 2350 4605 nos

792 4630 1045 4675 admonet
1069 4621 1492 4674 )lontlanconius
1513 4623 1876 4691 Chrysostomi
1905 4623 2096 4682 editor,
2121 4625 2171 4674 in
2199 4622 2349 4689 prmi.

791 4691 910 4744 lam
940 4705 1006 4744 ne
1061 4692 1318 4742 miremur
1348 4691 1593 4744 Photium
1634 4700 1929 4758 tantopere,
1963 4702 2014 4744 ct
2045 4702 2235 4758 pra'ter
2264 4707 2348 4744 ve-

795 4777 906 4812 ram
941 4761 1282 4817 sententiam,
1309 4776 1510 4829 urgere
1549 4771 1602 4814 ut
1633 4761 1930 4828 baptismns
1962 4776 1988 4812 a
2023 4761 2159 4814 laico
2186 4761 2350 4814 colla-

798 4842 900 4892 tus,
931 4830 1216 4896 aliquando
1247 4828 1430 4882 saltem
1462 4830 1720 4883 habeatur
1745 4830 2028 4892 invalidus,
2055 4830 2351 4884 audiendus

795 4911 878 4953 est
905 4902 1119 4952 Graccus
1147 4899 1408 4968 Arcudius
1432 4902 1494 4952 de
1526 4901 1668 4968 bapt.
1693 4914 1811 4966 cap.
1841 4902 1896 4951 1|
1929 4901 2145 4952 dicens:
2169 4901 2350 4953 Totam

796 4970 957 5037 ferme
988 4968 1264 5030 Grmciam,
1295 4967 1558 5031 Russiam,
1600 4967 1917 5021 Moscoviam
1940 5009 1952 5030 ,
1988 4980 2034 5022 et
2066 4970 2198 5022 alius
2228 4987 2350 5036 pro-

793 5040 1014 5098 vincias,
1041 5053 1154 5106 qua:
1180 5039 1230 5089 in
1251 5039 1352 5104 [ide
1379 5039 1568 5091 Christi
1595 5040 1698 5090 ritu
1722 5038 1898 5092 Graeco
1924 5050 2270 5105 perseverant,
2298 5040 2350 5090 in

795 5126 852 5160 eo
889 5108 1084 5160 versari
1113 5124 1286 5159 errore
1323 5123 1386 5159 ac
1408 5110 1667 5175 scrupulo,
1706 5118 1759 5158 ut
1810 5109 2015 5160 absente
2058 5110 2349 5178 presbytero

796 5179 977 5229 malint
1002 5179 1295 5245 permittere
1318 5188 1370 5227 ut
1398 5178 1620 5246 infantes
1643 5179 1750 5229 sine
1791 5179 2048 5244 baptismo
2075 5195 2099 5229 e
2123 5181 2227 5230 vita
2261 5181 2346 5231 de-

795 5250 998 5308 cedunt,
1030 5263 1187 5314 quam
1212 5263 1292 5297 eos
1319 5248 1539 5298 salutari
1573 5249 1779 5298 lavacro
1803 5248 2030 5309 abluere,
2061 5249 2194 5315 quod
2221 5250 2348 5300 eris-

796 5319 974 5367 timent
1003 5318 1096 5368 sibi
1134 5317 1280 5367 laicis
1318 5332 1377 5367 nc
1422 5317 1475 5367 in
1512 5319 1810 5369 necessitate
1836 5318 2039 5384 quidem
2073 5318 2222 5370 licere
2257 5319 2349 5370 hoc

795 5402 1004 5438 munere
1048 5387 1208 5454 fungi.
1251 5385 1422 5437 Photii
1467 5387 1731 5438 sententia
1763 5387 1878 5438 sine
1914 5387 2076 5439 dubio
2117 5387 2348 5440 innotuit

793 5457 1046 5518 Arcudio,
1083 5470 1111 5506 a
1139 5471 1243 5524 quo
1269 5471 1384 5522 cap.
1413 5455 1498 5508 cit.
1533 5457 1668 5508 inter
1709 5456 2104 5523 rebaptizantcs
2131 5459 2348 5523 ponitur

795 5525 1017 5578 I’hotius
1042 5525 1352 5593 coryphmus
1379 5524 1702 5585 schismatis,
1743 5525 1920 5593 lingua
1955 5536 2007 5579 et
2030 5527 2252 5586 calamo,
2292 5538 2347 5580 ut

792 5595 909 5664 ait,
937 5595 998 5646 ad
1041 5595 1405 5646 Iadesscndunt
1442 5595 1600 5664 homo
1645 5596 2098 5662 promptissimus.
2149 5595 2344 5664 llujus-

792 5663 935 5717 modi
978 5665 1087 5716 fere
1117 5679 1373 5722 errorem,
1411 5665 1516 5732 jam
1554 5663 1674 5717 inde
1709 5680 1736 5717 a
1773 5665 2105 5733 (lyprianicis
2139 5663 2344 5732 tenipo-

794 5734 939 5791 l'tbus
991 5738 1302 5803 repetitum,
1341 5733 1535 5804 passim
1589 5744 1817 5805 arguunt
1864 5736 2034 5789 Latini
2065 5735 2290 5806 theologi
2329 5755 2341 5788 :

2454 4553 2653 4606 tionem
2683 4554 3048 4620 repetendam.
3077 4551 3130 4604 In
3161 4553 3346 4608 eadem
3372 4552 3636 4604 sententia
3662 4563 3741 4620 est
3770 4553 4014 4606 Zonaras

2452 4639 2572 4676 cum
2607 4619 2854 4676 Aristeno
2883 4623 2946 4676 ad
2981 4638 3099 4676 can.
3133 4633 3303 4689 apost.
3341 4621 3655 4688 ltnrsusqne
3681 4619 3918 4674 Zonaras
3949 4624 4016 4676 ad

2451 4708 2570 4743 can.
2600 4691 2785 4745 Carth.
2824 4691 3071 4761 Cypriani
3108 4692 3248 4759 apud
3283 4691 3623 4758 Bevcregium
3659 4699 3694 4742 t.
3734 4691 3859 4761 l,p.
3889 4694 4012 4745 367.

2454 4760 2950 4815 Scdetchrismatts
2985 4762 3353 4830 repetitionem
3385 4760 3869 4814 rel'utatArcudius
3898 4762 3933 4813 ι.
3965 4778 4012 4816 c.

2451 4831 2691 4898 Denique
2737 4832 2974 4886 Zonaras
3021 4846 3144 4883 cum
3199 4829 3659 4898 rebaptizantibus
3687 4830 3891 4882 sentire
3936 4835 4016 4885 vi-

2449 4902 2607 4953 detur
2644 4900 2711 4953 ad
2762 4917 2884 4955 can.
2951 4901 3138 4954 Carth.
3187 4901 3386 4953 Aurelii
3429 4911 3466 4953 t.
3508 4901 3544 4951 Ι.
3589 4914 3641 4967 p.
3669 4899 3791 4950 5.75.
3840 4901 3911 4953 Ite
3958 4917 4014 4954 re

2452 4972 2700 5024 universa
2753 4971 3012 5041 legendus
3045 4971 3278 5041 _omnino
3326 4969 3592 5041 Blastares
3639 4970 3715 5041 in;
3737 4981 4012 5041 syntagm.

2452 5041 2542 5093 ubi
2572 5041 2637 5093 de
2673 5039 2842 5108 bapt.,
2876 5041 3014 5110 apud
3045 5039 3294 5110 Bcvereg.
3332 5049 3463 5092 tom.
3504 5039 3562 5092 Il.
3604 5053 3663 5110 p.
3691 5039 3779 5090 58.
3815 5039 3932 5107 sqq}

2521 5111 2593 5177 (9)
2624 5110 2870 5180 ilntellige
2905 5108 3268 5178 Septenariuni
3297 5123 3583 5163 numerum
3618 5108 3852 5180 dierum,
3891 5121 4014 5177 post

2449 5195 2583 5248 quos
2607 5179 2776 5234 Graeci
2817 5181 3267 5302 solent‘puerum,
3301 5180 3388 5248 qui
3423 5180 3477 5232 in
3508 5179 3778 5246 baptismo
3813 5191 4012 5231 unctus

2451 5251 2642 5302 fuerat.
2691 5251 2881 5302 iterum
2937 5250 3000 5302 de
3027 5264 3145 5302 crre
3196 5249 3259 5302 ad
3309 5250 3592 5302 ecclesiam
3645 5259 3699 5301 ut
3734 5249 4007 5302 abluatur.

2451 5251 2642 5312 fuerat,
2691 5251 2881 5303 iterum
2937 5249 3145 5303 deferre
3196 5249 3259 5303 ad
3309 5250 3592 5304 ecclesiam
3645 5259 3699 5301 ut
3734 5249 4007 5302 abluatur.

2449 5321 2651 5373 Arcud.
2685 5335 2803 5388 cap.
2836 5321 2919 5379 17,
2955 5335 3006 5388 p.
3035 5319 3122 5373 55.

2522 5389 2632 5453 (10)
2675 5387 3032 5442 Νἰιίιιὶτυιιιίθχ
3069 5388 3334 5444 sententia
3382 5387 3689 5441 Graecorum
3734 5388 3826 5456 qui
3871 5387 4006 5456 bap-

2449 5460 2665 5512 tisnmm
2699 5474 2806 5512 non
2841 5460 2958 5512 sine
2980 5458 3389 5512 confirmatione
3419 5460 3724 5511 conferunt.
3755 5460 3845 5510 Sic
3878 5473 4007 5527 ergo

2449 5529 2686 5598 loquitur
2729 5529 3098 5597 imprudenter
3126 5529 3286 5582 etiam
3319 5527 3534 5582 Simcon
3568 5527 3829 5598 Thessal.
3861 5527 4006 5597 apud

2448 5596 2747 5668 Arcudium
2799 5596 2916 5668 eap.
2953 5598 3019 5652 1'5
3051 5599 3213 5668 ενΟύκ
3251 5599 3402 5650 ἔσται
3441 5597 3661 5660 τελείως
3689 5615 3773 5661 τις
3809 5596 4005 5667 βαπτι-

2451 5670 2615 5732 σθεὶς,
2639 5671 2665 5720 ό
2695 5667 2768 5738 μὴ
2792 5669 2851 5720 τὸ
2868 5667 3046 5739 μύρον
3072 5667 3378 5738 δεξάμενος.
