4248 6444
224 440 349 501 777

1389 436 1922 498 EPISTULARUM
1964 438 2189 497 LIBER
2232 440 2278 497 Ι.
2300 447 2303 450 ’
3348 437 3427 499 ’ἵτὲ

223 551 495 618 ΚΞΞΦΔΛ.
538 549 612 603 B’.
640 578 711 591 —-
738 551 873 617 Περὶ
903 550 1317 618 θιζριεσόυτέριιιν⁵
1347 554 1444 604 καὶ
1499 552 1791 603 διακόνων
1818 555 1900 612 At

1774 570 1791 593 ν·
1818 556 1867 612 Α
1888 551 2039 607 CAP.
2070 552 2132 604 ll.
2160 582 2227 592 —
2248 553 2323 605 De
2341 551 2644 618 presbyteris
2674 558 2721 599 et
2762 550 2995 601 diaconi:
3024 564 3239 617 quorum
3268 566 3451 604 uxores

308 616 396 674 ὧν
423 623 481 672 αὶ
522 616 957 687 τυναῖκεςὺπὸή
986 621 1301 688 Βαρϐάρων
1338 621 1758 689 διεφθάρησαν.

316 713 451 781 Περὶ
472 712 528 763 δὲ
552 711 659 761 τῶν
679 711 946 781 πρεσϐυτέ
955 728 1059 779 ρων
1076 713 1165 763 καὶ
1179 713 1439 765 διακόνων
1460 716 1568 766 τῶν
1591 718 1654 767 ὲκ
1671 716 1803 785 βαρ-

223 802 475 871 ϐαρικῆς
488 800 736 863 ἁλώσεως
752 804 850 863 τὰς
872 801 1079 864 οίκείας
1094 802 1505 870 ἀναδεξαμένων
1519 809 1797 871 γυναῖκας,

225 892 450 960 φθορὰν
507 893 564 942 ὲν
596 893 705 953 τοῖς
740 892 1039 960 Βαρϐάροις
1080 894 1413 957 ὑποστάσας,
1442 895 1537 962 οὑχ
1598 896 1800 949 ἁπλοῦν

222 983 459 1050 ὁρῶμεν
492 982 580 1033 τὸν
617 982 797 1050 νόμον,
832 982 965 1033 ἀλὶά
992 986 1125 1051 πρὸς
1158 983 1256 1045 τάς
1281 984 1571 1053 διαφόρους
1594 987 1799 1037 ποικιλ-

226 1072 465 1139 λόμενον
482 1072 705 1140 πράξεις
732 1086 746 1099 ⁶
778 1075 825 1123 εί
861 1076 957 1141 μὲν
976 1075 1083 1142 γὰρ
1106 1076 1443 1143 ἐκουσιότητι
1478 1078 1574 1145 τὴν
1597 1078 1799 1145 φθορὰν

223 1165 575 1231 ὑπέστησαν,
610 1165 772 1216 παντὶ
809 1168 993 1234 τρόπῳ
1014 1168 1139 1227 τοὺς
1166 1168 1365 1234 ἄνδρας
1403 1169 1606 1220 τούτων
1638 1172 1794 1239 ἱερω-

227 1258 441 1323 μένους
470 1255 647 1318 ὄντας,
677 1257 708 1323 ἢ
739 1257 940 1309 τούτων
979 1258 1085 1307 τῶν
1123 1260 1398 1324 γυναικῶν
1436 1260 1717 1327 ἐκστῆναι,
1761 1261 1794 1331 ἥ

227 1346 595 1414 βουλομένους
615 1347 835 1409 ταύταις
866 1350 1126 1407 συνεῖναι,
1149 1349 1459 1401 πεπαῦσθαι
1508 1350 1606 1417 τῆς
1639 1352 1797 1420 ίερω-

228 1433 407 1502 σύνης
438 1436 547 1505 (11)
570 1451 583 1463 ·
614 1434 753 1487 οὑτω
789 1436 887 1503 μὲν
933 1438 979 1487 εί
1010 1439 1346 1505 ὲκουσιότητι
1388 1439 1697 1509 ὑπέστησαν
1728 1445 1791 1509 τῇ

226 1526 417 1595 φθορᾷ
438 1544 451 1556 ·
481 1526 543 1577 τὸ
589 1526 687 1594 μὲν
716 1526 809 1578 οὖν
855 1526 1025 1589 πάθος
1057 1530 1216 1580 πάλιν
1249 1531 1506 1598 τέμνεται
1534 1534 1612 1594 είς
1658 1533 1750 1584 δύο
1775 1549 1790 1562 ’

223 1618 297 1669 τὸ
332 1618 429 1685 μὲν
460 1617 569 1685 γὰρ
600 1616 762 1668 αὑτοῦ
800 1620 1139 1687 μεμιγμένην
1180 1622 1291 1687 ἔχει
1313 1621 1410 1690 τὴν
1439 1622 1531 1673 τοῦ
1556 1624 1794 1691 ἠναγκα-

228 1707 437 1773 σμένου
460 1706 853 1770 συγκατάθεσιν
879 1725 893 1738 σ
922 1708 982 1758 τὸ
1001 1709 1057 1759 δὲ
1079 1710 1352 1771 παντελῶς
1382 1711 1612 1779 ὑπάρχει
1658 1713 1794 1777 γνὼ-

229 1813 348 1864 μης
379 1798 471 1847 καὶ
502 1797 947 1860 συγκαταθέσεως
972 1798 1253 1868 ἐλεύθερον
1300 1800 1394 1851 τοῦ
1427 1802 1793 1868 ὲπηρεασθέν-

2256 640 2287 673 a
2322 622 2573 672 Barbaris
2602 619 2808 672 violata:
2841 622 3071 687 fuerunt.

1973 713 2046 765 De
2078 713 2400 781 presbyteris
2433 726 2497 763 ac
2520 712 2781 772 diaconis,
2832 710 2920 776 qui
2947 726 3009 763 ex
3046 710 3318 763 barbarica
3358 729 3449 765 ca-

1901 804 2143 871 ptivitate
2193 820 2386 855 uxores
2412 818 2534 854 suas
2584 810 2922 868 receperunt,
2983 803 3361 855 contumeliam
3417 822 3449 857 α

1899 894 2149 947 Barbaris
2193 910 2394 961 passas,
2448 892 2587 943 haud
2636 892 2859 959 simplex
2910 892 3187 945 decretum
3234 904 3447 946 exstare

1900 988 2161 1048 videmus,
2199 987 2290 1038 sed
2329 1002 2425 1053 pro
2470 1000 2647 1036 rermn
2688 995 2956 1051 gestarum
3002 984 3309 1038 diversitate
3352 1002 3447 1039 va-

1899 1078 2059 1129 rimn.
2104 1078 2236 1127 Nam
2288 1078 2332 1127 si
2392 1076 2492 1127 illa:
2559 1089 2665 1124 non
2711 1074 2893 1126 invita:
2950 1075 3145 1125 vitiatm
3208 1076 3445 1133 fuerunt.

1898 1168 2117 1220 omnino
2147 1176 2354 1235 oportet
2384 1166 2526 1221 viros
2554 1180 2736 1217 earum
2778 1165 2947 1216 sacris
2987 1164 3268 1215 ordinibus
3310 1180 3445 1231 pra:-

1896 1259 2035 1310 ditos
2063 1266 2154 1309 aut
2182 1258 2484 1324 hujusmodi
2518 1256 2743 1309 feminas
2763 1256 3032 1315 deserere,
3056 1265 3147 1307 aut
3170 1256 3213 1307 si
3236 1255 3445 1308 illarum

1896 1350 2143 1402 convictu
2176 1350 2249 1401 uti
2276 1348 2461 1411 velint,
2494 1364 2522 1400 a
2552 1364 2707 1401 sacro
2741 1346 3043 1399 ministerio
3080 1362 3310 1398 cessare.
3347 1347 3445 1407 Ita,

1898 1441 2135 1509 inquam,
2175 1443 2217 1492 si
2274 1440 2527 1492 mulieres
2572 1455 2680 1492 non
2731 1438 2913 1491 invitat
2956 1437 3163 1491 violata!
3202 1438 3442 1491 fuerunt.

1895 1532 2102 1584 Rursus
2132 1531 2249 1597 ejus
2279 1530 2448 1597 stupri
2479 1531 2586 1582 duo
2618 1544 2812 1599 genera
2854 1544 2971 1581 esse
3015 1540 3271 1596 possunt;
3313 1545 3447 1596 quo-

1894 1638 2011 1675 rum
2054 1622 2279 1675 alterum
2328 1622 2545 1674 mistum
2588 1621 2905 1675 habetcum
2954 1621 3273 1672 necessitate
3314 1637 3446 1674 con-

1893 1729 2143 1776 sensum;
2192 1714 2418 1780 alterum
2452 1713 2813 1764 voluntarium
2845 1711 3067 1762 omnino
3097 1721 3179 1763 est
3221 1722 3275 1763 et
3311 1728 3446 1764 con-

1892 1803 2159 1855 sensionis
2229 1803 2445 1869 plenum
2486 1810 2541 1853 et
2586 1800 2781 1867 injuria
2834 1801 3082 1854 liberum.
3129 1803 3444 1870 Exemplum

224 1905 346 1947 τος·
366 1886 475 1939 οἷόν
495 1904 546 1938 τι
567 1889 706 1952 λέγω
723 1904 735 1916 °
765 1888 965 1940 Ἐλπίδι
990 1889 1136 1958 φόϐῳ
1165 1891 1197 1959 ἢ
1221 1891 1497 1958 μαστίγων
1525 1894 1667 1953 τινὲς
1688 1892 1794 1944 τῶν
1824 1897 1867 1954 Β
1895 1914 1901 1941 t

1767 1910 1794 1944 ν
1824 1897 1867 1954 Β
1895 1904 2031 1946 esto.
2064 1893 2189 1962 Spe,
2219 1893 2409 1946 timore
2434 1893 2747 1953 verberum,
2790 1893 3061 1945 nonnulla:
3091 1892 3324 1955 feminm,
3360 1894 3444 1947 vel

226 1979 593 2046 γυναικῶν,ῆ
641 1979 732 2029 καὶ
784 1980 919 2047 πρὸς
960 1982 1158 2048 πεῖραν
1205 1981 1305 2048 τῆς
1359 1983 1626 2049 τιμωρίας
1689 1984 1792 2050 ἀφ-

232 2074 458 2139 ιγμέναι
496 2073 762 2135 ἐξέδωκαν
817 2075 1015 2135 ἑαυτάς
1041 2077 1120 2136 είς
1181 2075 1386 2145 φθοράν
1410 2092 1426 2107 ⁸
1464 2078 1793 2146 συγγνώμης

232 2167 337 2233 μὲν
368 2162 461 2217 οὖν
489 2160 645 2217 αὗται
679 2163 841 2227 ἄξιαι,
875 2166 906 2233 ἢ
948 2168 1003 2217 αἱ
1058 2167 1341 2236 πρότερον,
1375 2169 1469 2220 ἆτε
1498 2168 1561 2237 δὴ
1602 2169 1790 2236 βουλη-

229 2256 413 2308 θεῖσαι
433 2256 813 2325 διαφθαρῆναι,
843 2256 1064 2326 ὕστερον
1080 2258 1135 2309 δὲ
1153 2258 1256 2310 ὑπὸ
1278 2260 1374 2325 τῆς
1400 2260 1639 2329 ἀνάγκης
1660 2261 1794 2329 πρὸς

228 2347 395 2400 τοῦτο
430 2350 888 2417 κατολισθήσασαι
915 2366 931 2381 ·
961 2353 1022 2404 οὑ
1059 2353 1165 2422 μὴν
1210 2354 1266 2405 δὲ
1295 2354 1413 2405 οὐδὲ
1442 2351 1602 2406 αὗται
1644 2356 1789 2419 ἄξιαι

230 2440 594 2509 τυγχάνουσιν
622 2444 935 2510 ἱερωμένοις
969 2447 1207 2497 συνεῖναι
1236 2445 1491 2515 ἀνδράσιν
1516 2462 1528 2474 ·
1555 2445 1795 2512 συγγνὼο

238 2548 355 2600 μης
386 2531 495 2602 γάρ
525 2532 619 2583 ἐπὶ
653 2533 974 2601 ρυπάσμασι
1018 2535 1112 2586 καὶ
1164 2534 1535 2605 καθαρότητος
1568 2537 1701 2589 πολὺ
1734 2540 1795 2589 τὸ

233 2623 495 2692 διάφορον
530 2638 543 2652 ·
597 2623 665 2675 δι’
718 2624 747 2675 ὃ
794 2624 890 2676 καὶ
929 2627 977 2677 οι
1021 2625 1335 2695 βουλόμενοι
1391 2628 1583 2691 αὑταῖς
1632 2630 1795 2697 ἱερεῖς

235 2714 626 2778 συνάπτεσθαι,
683 2716 776 2767 καὶ
826 2710 968 2769 οὗτοι
1020 2714 1115 2767 τοῦ
1164 2717 1364 2768 οἰκείου
1416 2718 1794 2770 διαπεσοῦνται

235 2805 551 2873 ἀξιώματος
578 2824 592 2835 ·
617 2806 677 2857 τὸ
707 2806 763 2858 δὲ
803 2808 987 2859 Λοιπὸν
1014 2808 1163 2875 παρὰ
1200 2806 1372 2859 ταῦτα
1399 2806 1473 2870 ὡς
1504 2807 1597 2859 τοῦ
1629 2809 1792 2860 ἀκου-

239 2901 362 2949 σίου
393 2895 565 2958 εἴδους
592 2897 851 2967 ἐξῄρηται
881 2898 979 2966 τῆς
1017 2898 1302 2959 κοινωνίας
1342 2897 1531 2949 τούτου
1565 2913 1579 2926 ο
1610 2893 1720 2950 οἶόν
1743 2913 1796 2949 τι

237 2988 385 3055 λέγω
404 3003 419 3016 ·
455 2989 519 3040 Εῖ
538 3006 619 3050 τις
646 2990 891 3058 βασάνων
919 2990 1278 3058 ἐπαγομένων
1311 2990 1344 3056 ἢ
1374 2990 1466 3039 καὶ
1502 2990 1576 3057 μὴ
1601 2990 1797 3054 ὲπαγο-

244 3080 425 3147 μένων
468 3082 656 3149 χεῖρας
693 3080 786 3132 καὶ
832 3080 995 3139 πόδας
1043 3078 1240 3147 δεθείη,
1269 3073 1384 3129 εἶτα
1436 3079 1795 3146 περιφυλάξαι

240 3170 444 3237 ἑαυτὴν
482 3170 550 3220 τὰ
583 3169 816 3237 μάλιστα
846 3167 1156 3231 σπουδάζει,
1183 3168 1347 3236 πόρον
1370 3168 1469 3219 οὑκ
1503 3168 1615 3235 ἔχει
1634 3168 1792 3235 αὑτὴ,

1893 1984 2055 2036 etiam
2085 1984 2417 2036 eruciatuum
2463 1982 2827 2049 experientia,
2862 1982 3034 2034 vitiari
3079 1997 3135 2035 se
3180 1983 3447 2050 permise-

1893 2084 2038 2127 runt.
2087 2074 2178 2127 Hre
2207 2074 2420 2143 quidem
2458 2075 2617 2127 venia
2657 2074 2827 2141 magis
2863 2074 3037 2143 dignze
3073 2082 3237 2135 sunt,
3282 2089 3443 2141 quam

1896 2167 1995 2219 illae
2033 2182 2152 2234 quae
2174 2175 2329 2218 antea
2354 2166 2567 2233 quidem
2598 2174 2791 2232 sponte
2822 2177 3067 2233 stuprum
3099 2180 3266 2231 passa:
3296 2174 3444 2227 sunt,

1894 2266 2078 2325 postea
2111 2272 2240 2311 vero
2266 2257 2585 2309 necessitate
2613 2256 2660 2308 id
2686 2255 3042 2309 admiserunt.
3076 2255 3182 2308 Has
3206 2271 3443 2323 quoque.

1896 2350 2134 2419 inquam,
2184 2348 2411 2402 feminas
2461 2348 2737 2418 indignum
2794 2356 2848 2401 et
2894 2362 3015 2400 cum
3077 2348 3451 2401 sacerdotibus

1893 2443 2022 2496 viris
2052 2442 2215 2495 vitam
2252 2442 2474 2512 agitare.
2505 2440 2715 2510 Quippe
2764 2440 2955 2510 ingens
3008 2440 3148 2493 inter
3182 2440 3317 2492 labis
3362 2440 3449 2493 in-

1893 2534 2221 2603 dulgentiam
2259 2544 2315 2587 et
2341 2535 2633 2603 puritatem
2665 2532 3006 2585 intervallum
3046 2542 3147 2585 est.
3187 2533 3364 2596 Quare
3402 2533 3447 2584 si

1892 2626 1981 2695 qui
2009 2626 2315 2680 sacerdotes
2342 2626 2426 2678 his
2455 2624 2693 2693 copulari
2722 2624 2924 2685 volent,
2955 2624 3059 2692 ipsi
3097 2639 3311 2692 quoque
3346 2638 3448 2677 sua

1892 2717 2151 2785 dignitate
2187 2716 2459 2770 excident.
2501 2715 2763 2784 Superest
2800 2714 3223 2767 involuntarium
3273 2716 3445 2783 stupri

1894 2820 2085 2872 genus,
2123 2804 2266 2873 quod
2299 2805 2352 2857 in
2381 2804 2762 2873 praadictorum
2800 2804 3110 2857 societatem
3144 2820 3252 2857 non
3277 2804 3446 2857 venit.

1896 2896 2207 2964 Exemplum
2228 2904 2365 2948 esto.
2386 2895 2579 2963 Siqua,
2594 2894 2825 2947 admotis
2840 2894 3193 2955 'cruciatibus,
3221 2903 3313 2947 aut
3334 2894 3453 2947 sine

1897 2987 2001 3049 his,
2033 3000 2225 3039 manus
2258 2986 2531 3054 pedesque
2573 2985 2823 3037 devincta
2847 3025 2860 3047 ,
2892 2984 3245 3037 nihilominus
3271 2992 3439 3037 custo-

1895 3080 2010 3133 dire
2040 3096 2098 3133 se
2129 3095 2225 3148 pro
2251 3080 2453 3132 viribus
2500 3079 2613 3131 nisa
2656 3078 2844 3140 fuerit,
2891 3079 3026 3131 nihil
3080 3079 3193 3146 ipsa
3239 3079 3292 3130 in
3334 3094 3452 3131 rem

1897 3171 2141 3234 contulit,
2169 3170 2375 3222 etiamsi
2410 3170 2584 3223 vitiari
2618 3170 2728 3223 visa
2776 3178 2857 3222 est
2895 3185 2907 3220 :
2949 3184 3071 3221 nam
3102 3170 3231 3222 vitio
3262 3184 3450 3237 puram

238 3260 351 3313 κᾶν
403 3260 549 3311 δοκεῖ
588 3259 926 3328 διεφθάρθαι,
975 3261 1178 3327 φθορᾶς
1233 3258 1329 3323 τὴν
1376 3260 1575 3327 ἑαυτῆς
1620 3260 1795 3329 ψυχὴν
1825 3241 1915 3313 C:

1775 3241 2135 3315 vCanimam
2204 3278 2391 3315 revera
2452 3262 2860 3315 conservavisse
2927 3261 3219 3329 judicatur.
3292 3260 3452 3313 llisce

240 3352 535 3420 ἐλευθέραν
593 3354 657 3419 τῇ
709 3368 770 3416 γε
819 3350 1044 3420 ἀληθείᾳ
1088 3350 1463 3419 διατηρήσασα
1506 3351 1746 3419 κρίνεται

239 3446 364 3505 ταῖς
390 3444 664 3503 τοιαύταις
692 3439 785 3495 οὗν
822 3442 1064 3509 γυναιξὶν
1098 3442 1150 3493 εῐ
1184 3459 1322 3503 τινες
1351 3442 1457 3493 τῶν
1492 3442 1798 3511 ἱερωμένων

244 3537 509 3585 συνοικεῖν
560 3533 866 3601 βούλοιντο,
917 3533 1171 3600 οὐδεμίαν
1216 3534 1301 3583 ἐπ’
1350 3533 1528 3584 αὑτῶν
1587 3532 1799 3601 ὁρῶμεν

241 3625 545 3692 ἀποτομίαν
597 3624 990 3692 προδαένουσαν
1076 3623 1358 3690 ἀγαπητὸν
1417 3624 1513 3690 μὲν
1566 3625 1671 3691 γὰρ
1707 3624 1798 3673 καὶ

241 3717 542 3778 ἐπαινετὸν,
578 3720 623 3767 εἰ
649 3716 742 3767 καὶ
770 3718 917 3784 κοινῇ
936 3715 1125 3786 γνώμῃ
1151 3716 1242 3766 καὶ
1270 3713 1431 3783 βουλῇ
1468 3713 1528 3765 τὸ
1555 3716 1795 3766 συνοικέ-

244 3824 359 3859 σιον
390 3807 729 3859 διαλύσουσι·
769 3806 863 3874 οὑχ
883 3806 955 3868 ὡς
990 3806 1339 3873 ρυπάσματος
1377 3805 1408 3871 ἢ
1450 3804 1793 3871 κηλιδώσεως

240 3900 437 3957 αἴτιον,
460 3898 573 3949 ἀλλ’
617 3898 703 3947 ἴνα
739 3896 837 3957 τάς
866 3913 925 3946 τε
963 3895 1071 3946 τῶν
1114 3894 1323 3945 πολλῶν
1357 3894 1650 3962 ὑπολήψεις
1706 3896 1795 3945 ἐπὶ

240 3988 302 4037 τὸ
350 3986 544 4054 μᾶλλον
593 3984 891 4053 θαυμάζειν
932 3984 1029 4051 τὴν
1059 3982 1257 4051 ἀρετὴν
1311 3983 1664 4051 διεγείρωσιν,
1701 3982 1793 4033 καὶ

236 4075 350 4126 τῶν
376 4073 719 4142 χαιρεκάκων
763 4072 1037 4132 παντελῶς
1093 4070 1162 4122 τά
1197 4072 1434 4139 στόματα
1468 4070 1793 4138 ἀπορράψω-

240 4182 325 4214 σιν
380 4164 486 4231 (12)
518 4178 530 4189 ·
563 4163 655 4212 καὶ
708 4162 1001 4230 μαρτύριον
1056 4160 1281 4229 ἐναργὲς
1338 4160 1788 4227 παραστήσωσιν,

234 4256 319 4307 ὅτι
361 4254 475 4322 βίας
505 4255 670 4322 μόνης
702 4249 768 4321 ἦν
800 4254 933 4321 ὅπερ
970 4250 1027 4315 ἐξ
1067 4252 1326 4322 ἐπηρείας
1357 4252 1665 4319 ὑπέστησαν
1691 4268 1705 4282 ·
1739 4252 1788 4301 εἰ

233 4348 345 4415 γάρ
377 4347 494 4410 tibi)
521 4347 655 4415 αὐτῇ
683 4344 835 4412 ἀνδρὶ⁹
887 4344 962 4413 τῷ
997 4344 1207 4413 νομίμῳ
1251 4346 1545 4407 κοινωνεῖν,
1600 4344 1681 4412 ήι
1730 4342 1787 4393 δὲ

233 4437 356 4507 Θεῷ
385 4437 582 4506 μᾶλλον
616 4436 939 4504 κολληθῆναι
986 4434 1295 4503 ᾑρετίσατο,
1330 4434 1444 4497 πῶς
1472 4434 1539 4486 ἂν
1574 4433 1671 4502 τὴν
1692 4450 1787 4501 γε·

1899 3354 2112 3407 feminis
2156 3354 2202 3407 si
2233 3355 2323 3422 qui
2353 3355 2521 3407 sacris
2570 3354 2778 3421 prmditi
2822 3353 3102 3406 ordinibus
3144 3354 3453 3406 cohabitare

1900 3445 2084 3508 velint,
2132 3445 2334 3497 nullam
2371 3444 2602 3496 durioris
2632 3442 2907 3496 divisionis
2938 3444 3314 3495 necessitatem
3351 3444 3451 3495 im-

1900 3536 2202 3605 ponendum
2233 3536 2494 3588 videmus.
2526 3533 2771 3601 Optabile
2813 3543 2990 3586 tamen
3023 3543 3104 3585 est
3132 3542 3294 3601 atque
3333 3533 3447 3585 lau—

1899 3628 2077 3681 dabile
2124 3628 2166 3679 si
2220 3636 2405 3678 mutuo
2437 3641 2707 3678 consensu
2742 3641 2805 3678 ac
2834 3625 3106 3678 voluntate
3145 3626 3447 3677 convictum

1896 3717 2148 3767 dirimant
2170 3733 2182 3766 :
2205 3732 2312 3767 non
2338 3715 2479 3783 quod
2504 3715 2627 3767 inde
2646 3714 2851 3767 macula
2874 3724 2966 3767 aut
2996 3715 3143 3767 labes
3170 3724 3446 3782 sequatur.

1896 3808 1987 3859 sed
2019 3808 2095 3859 uti
2128 3808 2271 3875 vulgi
2304 3807 2489 3874 Opinio
2517 3806 2583 3858 ad
2606 3806 2821 3858 virtutis
2847 3806 3258 3859 admirationem
3280 3808 3449 3875 magis

1894 3899 2176 3959 excitetur,
2206 3906 2367 3964 atque
2390 3905 2449 3949 ut
2476 3912 2685 3960 eorum,
2709 3899 2798 3965 qui
2831 3899 3009 3951 alieno
3027 3900 3167 3952 malo
3190 3898 3445 3967 gaudent,

1892 4006 1985 4043 ora
2016 4004 2236 4058 prorsus
2262 3989 2611 4041 obstruantur
2644 4005 2657 4039 :
2700 4003 2763 4040 ac
2791 3988 3024 4056 denique
3071 3989 3444 4043 testimonium

1894 4081 2113 4134 evidens
2138 4079 2248 4143 fiat,
2292 4079 2340 4131 vi
2386 4081 2754 4133 tantummodo
2787 4082 3035 4153 injuriam
3067 4081 3275 4134 mulieri
3310 4096 3445 4133 con-

1894 4170 2096 4236 tigisse.
2136 4167 2271 4220 Cum
2315 4168 2458 4219 enim
2508 4169 2633 4221 huic
2680 4170 2837 4223 liceat
2878 4168 3117 4239 legitimo
3163 4185 3283 4223 cum
3329 4169 3443 4220 viro

1892 4260 2091 4320 vivere,
2124 4272 2187 4309 ea
2229 4257 2274 4309 si
2319 4256 2597 4309 adhaerere
2646 4258 2825 4325 potius
2874 4258 2982 4311 Deo
3020 4266 3204 4326 optet,
3263 4273 3443 4311 nonne

1889 4350 2170 4402 barbaram
2217 4348 2601 4401 contumeliam
2650 4350 2765 4403 sine
2812 4350 2977 4404 dubio
3027 4350 3442 4404 involuntariam

1887 4438 1990 4492 sibi
2030 4448 2191 4507 atque
2239 4438 2571 4506 inculpatam
2624 4440 2883 4494 accidisse
2928 4441 3295 4494 demonstrat?
3331 4440 3441 4493 Hoc

1486 4610 1717 4665 VARIIE
1747 4608 2144 4665 LECTIONES.

411 4772 436 4799 ι
468 4758 601 4812 Cod.
635 4758 705 4809 εί.

1714 4900 1945 4955 NOTIE.

311 5067 421 5137 (ll)
461 5065 608 5138 Idem
631 5062 1053 5138 decernitetiam
1082 5059 1304 5114 Michael
1328 5057 1628 5138 patriarcha
1656 5071 1790 5138 con-
1824 5068 1865 5121 ο
1891 5057 2283 5138 caudae-uxoris
2321 5058 2826 5138 negot_io_curisque
2871 5061 3080 5112 caeteris
3119 5058 3434 5138 liberantur.

232 5126 328 5194 tra‘
347 5126 677 5190 sacerdotem
698 5135 787 5203 qui
819 5133 1113 5185 adulteram
1135 5126 1357 5184 uxorem
1384 5130 1617 5183 retinere
1641 5126 1787 5179 velit.

234 5209 461 5262 Leuncl.
504 5213 635 5258 tom.
672 5204 713 5266 l,
748 5220 797 5271 p.
839 5203 964 5255 265.

304 5278 414 5342 (Ιὲ)
455 5275 662 5343 Quippe
684 5266 825 5342 ap'ud
844 5272 1058 5343 Grrecos
1082 5268 1373 5323 sacerdotis
1396 5283 1530 5343 uxor
1554 5266 1792 5343 παπαδιά

231 5338 697 5416 ρεοιιιέιτιίιοῖιοτε
722 5338 937 5416 fruitur,
963 5342 1131 5416 ferme
1154 5348 1436 5416 utveteres
1458 5338 1791 5416 diaconissaz;

233 5406 404 5484 eaque
464 5410 1149 5484 sanctiorquodammodo
1208 5409 1453 5484 habetur,
1503 5406 1791 5484 pudicitiae,

233 5476 513 5539 modestia:
540 5499 601 5536 ac
640 5476 913 5535 solitudini
956 5480 1225 5547 praecipue
1281 5479 1521 5537 studens,
1570 5476 1796 5528 candido

234 5557 356 5609 velo
379 5554 743 5619 distinguitur,
790 5560 843 5603 et
884 5559 1091 5619 mquata
1140 5563 1304 5616 prope
1339 5562 1461 5619 cum
1516 5547 1796 5619 sacerdote

234 5627 352 5677 viro
382 5615 731 5676 veneratione
776 5615 991 5673 colitur.
1040 5618 1155 5681 Qua
1189 5619 1254 5669 de
1290 5632 1345 5669 re
1393 5616 1504 5684 lege
1542 5615 1794 5667 Goarium

237 5697 291 5746 in
328 5695 509 5747 adnot.
550 5692 612 5743 ad
668 5689 1038 5757 Eucltologium
1075 5687 1167 5740 (ir.
1217 5704 1268 5754 p.
1304 5686 1426 5739 219.
1461 5684 1798 5757 Czcleroquin

237 5765 405 5817 Latini
458 5762 763 5814 sacerdotes
811 5754 1027 5811 meliore
1068 5758 1375 5809 conditione
1408 5764 1533 5807 sunt
1592 5754 1641 5817 (I
1675 5754 1796 5805 Cor.

238 5853 333 5900 γη,
377 5834 486 5901 58),
526 5831 636 5898 qui,
685 5828 883 5896 nuptiis
919 5828 1155 5887 omissis,
1204 5827 1348 5879 omni
1404 5826 1504 5879 huc.
1556 5824 1794 5877 sanctili-

565 5925 834 5985 I’naoc.
865 5925 978 5982 GR.
1016 5923 1145 5981 Cll.

1894 5127 1955 5181 Et
2002 5129 2216 5194 quidem
2246 5142 2310 5180 ex
2356 5128 2602 5180 czelibatu
2656 5127 2911 5194 majorem
2964 5143 3173 5195 quoque
3229 5128 3440 5179 virtutis

1894 5198 2300 5251 admirationem
2335 5197 2504 5249 creari
2554 5198 2608 5249 in
2640 5197 2836 5265 populo
2873 5197 3156 5250 confirmat
3187 5198 3287 5249 hoc
3326 5198 3443 5249 loco

1896 5268 2139 5320 Photius.
2172 5267 2348 5330 Quare
2381 5277 2434 5318 et
2477 5267 2530 5319 in
2558 5266 2740 5320 Graeca
2773 5266 3007 5319 Ecclesia
3046 5266 3302 5333 episcopi,
3342 5280 3440 5318 ne—

1895 5337 2021 5389 dum
2052 5336 2297 5388 monachi
2333 5336 2569 5388 crelibem
2602 5336 2765 5387 vitam
2794 5336 3013 5404 degunt.
3040 5334 3204 5388 Porro
3227 5336 3441 5388 Graeco-

1897 5422 2015 5458 rum
2043 5406 2215 5473 majus
2231 5404 2724 5470 fuisseobsequium
2755 5421 2875 5473 erga
2895 5405 3198 5457 sacerdotes
3233 5406 3444 5456 caelibes

1896 5492 2055 5543 quam
2082 5490 2204 5543 erga
2236 5484 2507 5538 uxoratos,
2542 5476 2693 5528 testis
2717 5483 2798 5526 est
2820 5474 3223 5526 Nanzianzenus
3246 5473 3443 5542 Grego-

1898 5548 2009 5597 rius
2051 5546 2103 5597 in
2155 5545 2398 5596 oratione
2449 5546 2511 5596 de
2567 5545 2839 5611 baptismo,
2896 5546 3019 5596 dum
3066 5544 3139 5596 ait
3185 5544 3441 5610 quosdam

1896 5616 2112 5668 differre
2146 5614 2329 5666 solitos
2360 5614 2701 5681 baptismum,
2732 5613 2904 5666 donec
2948 5615 3090 5665 hunc
3138 5614 3444 5680 acciperent

1898 5689 1980 5737 vel
2014 5686 2081 5738 ab
2114 5683 2368 5753 cpisc0p0
2401 5684 2483 5737 vel
2513 5700 2542 5737 a
2568 5684 2843 5737 sacerdote
2876 5684 3052 5751 potius
3079 5684 3260 5737 cmlibe
3286 5698 3445 5752 quam

1898 5767 2140 5809 υλοτςιιο.

3002 5930 3072 5965 αλ.)
