4248 6444
810 381 921 446 779
1943 373 2200 435 PHOTII
2240 369 2512 432 PATRIA
2523 368 2738 428 RCH/E
2776 371 2883 430 CP.
3925 371 4038 432 730

815 494 1066 555 dicimus,
1097 488 1141 544 si
1165 489 1246 544 vir
1273 488 1340 543 de
1365 487 1684 541 resmveudo
1712 487 1962 540 convictu
1993 483 2316 540 assentiatur
2345 500 2357 533 -.
2395 488 2437 539 Α
2466 497 2492 546 γ

2395 488 2437 539 Α
2466 481 2768 549 γενομένην
2805 483 2882 541 εἰς
2915 478 3086 549 αὐτὴν
3129 479 3405 554 βάρϐαρον
3445 482 3642 553 πρᾶξιν
3663 483 3921 536 ἀκούσιόν
3971 499 4035 533 τε

816 586 860 638 si
900 583 1099 645 minus,
1132 581 1440 651 conjugium
1486 579 1894 648 haudquaquam
1933 593 2086 632 reum
2135 577 2363 646 agimus.
2470 590 2493 623 τ

2361 615 2363 622 ,
2470 574 2783 642 περιφανῶς
2810 574 2902 626 καὶ
2923 574 3308 644 ἀνεπιτίμητον
3341 575 3414 644 μὴ
3438 575 3464 613 ι)
3514 575 3821 638 δείκνυσιν;
3864 571 4038 625 τοῦτο

2468 667 2525 717 δέ
2562 682 2758 732 φαμεν,
2799 666 2848 716 εἰ
2894 665 2999 733 ἄρα
3025 663 3102 732 τῷ
3131 665 3286 733 ἀνδρὶ
3322 665 3390 716 τὰ
3427 666 3524 734 τῆς
3544 665 3864 728 διαζεύξεως
3907 681 4040 716 συν-

2468 758 2611 810 δοκεί
2643 771 2656 784 °
2681 755 2746 808 ἂν
2759 756 2815 807 δὲ
2845 756 2942 826 μὴ,
2967 756 3066 807 οὐκ
3094 757 3152 807 ὲν
3171 755 3418 818 εὐθύναις
3441 755 3541 824 τὴν
3560 756 3754 807 ἕνωσιν
3781 756 4037 823 ἄγωμεν.

2476 866 2833 944 ΚΕἚΛΛ.-Γ’.
2873 897 2938 907 —
2973 865 3109 944 pri
3143 865 3248 944 1‘01").
3293 867 3346 918 εἱ
3393 865 3506 944 χρὴ
3539 865 3933 944 ,ξαπξίζςσθιει
3965 866 4041 916 τὰ

2537 935 2658 988 τῶν
2729 935 3093 1003 Σαρακηνῶν
3140 935 3334 1003 ,ϐρέφη
3386 938 3456 988 ἐν
3513 936 3586 1004 τῇ
3639 935 3840 990 αὐτῶν
3885 936 4040 986 ὄντα

2539 1005 2700 1074 χώρᾳ
2721 1008 2817 1059 καὶ
2843 1010 2930 1071 είς
2957 1007 3096 1072 τοὺς
3113 1006 3341 1059 ἑαυτῶν
3367 1007 3591 1069 οἴκους.

2538 1100 2620 1151 Τὰ
2651 1098 2705 1150 δέ
2739 1115 2802 1166 γε
2836 1099 2942 1150 τῶν
2970 1097 3301 1169 Σαρακηνῶν
3333 1098 3507 1166 βρέφη
3528 1097 3680 1166 παρὰ
3718 1096 3828 1148 τῶν
3860 1094 4040 1165 μητέ-

2473 1208 2579 1256 ρων
2604 1191 2985 1260 προσαγόμενα
3008 1193 3145 1258 (15),
3178 1190 3441 1261 μηδαμῶς
3484 1188 3906 1258 ἀποστερεῖσθαι
3934 1186 4038 1238 τοῦ

2471 1283 2614 1335 θείου
2647 1283 3022 1352 βαπτίσματος
3043 1282 3426 1350 δεδοκίμασται
3459 1299 3473 1312 ·
3500 1281 3623 1333 οὐδὲ
3655 1281 3762 1348 γὰρ
3788 1278 4057 1330 κεκώλυέ

2469 1389 2559 1424 ται
2585 1374 2737 1440 παρὰ
2759 1375 2826 1441 τῇ
2849 1370 2942 1423 τοῦ
2977 1370 3114 1422 Θεοῦ
3157 1371 3454 1440 Ἐκκλησία
3495 1372 3558 1422 τὸ
3584 1371 3678 1422 καὶ
3702 1371 3759 1420 ὲν
3789 1369 4040 1428 ἁπαλαῖς

2472 1464 2550 1516 ἔτι
2573 1465 2732 1534 φρεσὶ
2754 1464 2852 1532 τὴν
2873 1465 3021 1516 θείαν
3047 1464 3207 1533 χάριν
3229 1455 3327 1516 τοῦ
3352 1463 3732 1532 βαπτίσματος
3751 1460 4012 1528 δέχεσθαι

2470 1554 2575 1607 κᾶν
2626 1554 2762 1622 μετὰ
2820 1553 2989 1606 ταῦτα
3045 1555 3378 1622 ἠδάσκουσι,
3422 1556 3517 1606 καὶ
3560 1557 3621 1605 τὸ
3681 1551 4047 1616 αὐτεξούσιον

812 874 962 929 CAP.
1005 869 1092 926 Ill.
1124 900 1193 913 -——
1241 869 1422 926 Utrum
1472 864 1772 934 baptizandi
1825 863 1929 934 sint
1975 857 2360 934 Saracenorum

1040 943 1265 1013 infantes
1288 941 1343 992 in
1367 930 1548 990 eorum'
1571 935 1779 1003 regione
1801 948 1864 984 ac
1883 930 2141 983 domibus.

885 1103 1276 1156 Saracenorum
1306 1097 1540 1150 infantes
1569 1111 1598 1147 a
1637 1092 1901 1146 matribus
1927 1089 2136 1142 oblatos
2160 1102 2367 1155 nequa-

812 1209 974 1264 quam
1028 1208 1056 1245 a
1108 1205 1261 1244 sacro
1312 1188 1577 1256 baptismo
1615 1182 1878 1237 arcendos
1920 1181 2196 1234 decretum
2247 1179 2365 1232 fuit.

816 1287 1000 1352 Neque
1033 1283 1177 1334 enim
1209 1281 1433 1333 velitum
1460 1287 1540 1330 est
1568 1277 1636 1329 ab
1665 1274 1897 1328 Ecclesia
1928 1272 2056 1327 Dei.
2079 1271 2368 1339 quominus

818 1386 1015 1430 tenerae
1048 1373 1225 1427 adhuc
1256 1380 1465 1424 mentes
1509 1367 1758 1437 baptismi
1791 1364 2015 1436 gratiam
2061 1363 2322 1430 recipiant
2353 1379 2367 1426 ;

815 1467 1028 1521 etiamsi
1065 1472 1248 1533 postea
1282 1462 1513 1530 puberes
1541 1459 1666 1512 facti
1692 1457 1887 1526 partim
1919 1457 2137 1515 bonam,
2174 1453 2369 1521 partim

817 1555 1140 1623 improbam,
1170 1551 1334 1603 vitam
1363 1548 1585 1603 clecturi
1632 1547 1760 1599 sint.
1794 1545 1926 1597 Nam
1957 1543 2084 1610 quia
2129 1541 2370 1594 futurum

815 1647 967 1703 latet.
998 1643 1288 1697 absurdum
1321 1641 1391 1692 sit
1415 1638 1518 1692 nisi
1553 1638 1691 1690 bona
1717 1635 2066 1688 fundamenta
2093 1645 2368 1700 praeoccu-
2471 1650 2492 1700 ἑ

2471 1650 2701 1700 ἑκάστου
2736 1649 2827 1700 τὸν
2868 1649 2981 1718 βίον
3016 1650 3094 1716 πῆ
3131 1650 3228 1717 μὲν
3274 1649 3576 1711 σπουδαῖον,
3609 1647 3685 1716 πῆ
3717 1646 3772 1699 δὲ
3830 1645 4049 1714 φαῦλον

817 1749 1017 1810 pentur
1067 1738 1134 1790 ab
1180 1751 1246 1790 eo
1298 1735 1388 1802 qui
1428 1735 1550 1786 vitae
1605 1729 1892 1784 aediﬁcium
1947 1725 2209 1780 arbitratu
2270 1737 2370 1776 suo
2471 1739 2494 1790 δ

2471 1739 2780 1808 διατίθησι·
2826 1740 2875 1790 εί
2913 1739 3023 1810 γὰρ
3076 1741 3138 1792 τὸ
3189 1740 3380 1809 μέλλον
3426 1739 3680 1809 ἀόρατον,
3712 1739 3914 1791 ἄτοπον
3968 1737 4049 1805 μὴ

819 1832 1076 1886 extollere
1101 1837 1296 1898 potest.
1315 1827 1632 1892 Quanquam
1651 1836 1780 1876 vero
1803 1819 2082 1874 barbarica
2104 1814 2371 1870 institutio
2404 1819 2446 1876 Β
2475 1848 2496 1883 ν

2404 1819 2446 1876 Β
2475 1830 2802 1883 καταλαΰεῖν
2831 1829 3067 1896 ἀγαθοὺς
3113 1829 3395 1898 θεμελίους
3432 1830 3510 1900 τῷ
3561 1829 3804 1893 ἐξουσίαν
3858 1828 4050 1890 ἕξοντι

817 1939 1018 1979 vanum
1055 1922 1379 1990 baptismum
1419 1915 1691 1969 redditura
1719 1911 1952 1973 videtur,
1989 1909 2108 1977 ejus
2155 1907 2232 1960 rei
2279 1906 2374 1958 ba-

820 2017 1049 2088 ptismus
1078 2014 1189 2081 ipse
1221 2009 1434 2078 culpam
1458 2023 1564 2059 non
1597 2003 1848 2064 sustinet,
1886 2001 1979 2056 sed
2009 2001 2054 2054 is
2078 1999 2256 2069 potius
2283 1996 2375 2066 qui

822 2107 1146 2176 baptismum
1177 2101 1428 2156 irritavit.
1465 2097 1546 2151 vel
1580 2106 1726 2150 certe
1757 2093 1969 2147 irritare
2004 2092 2221 2146 molitus
2269 2098 2372 2143 est.

821 2200 994 2254 Sicuti
1027 2196 1170 2251 enim
1212 2191 1534 2247 Christiana:
1583 2188 1707 2241 ﬁdei
1751 2186 2005 2247 eruditio.
2043 2185 2170 2236 licet
2201 2183 2254 2235 hi
2283 2181 2375 2250 qui

823 2290 1145 2346 erudiuntur
1199 2285 1336 2339 male
1385 2298 1443 2337 se
1482 2289 1690 2352 gerant,
1741 2275 2235 2347 irreprehensibilis
2271 2282 2374 2336 est,

827 2387 899 2436 ita
930 2381 1093 2434 etiam
1125 2378 1442 2445 baptismus.
1488 2371 1700 2427 etiamsi
1747 2370 1941 2424 deinde
1985 2367 2374 2435 haptizatorum

824 2475 936 2528 vita
954 2469 1194 2540 improba
1225 2465 1457 2520 evaserit
1475 2475 1634 2532 atque
1660 2460 1952 2515 incredula.
1971 2457 2196 2511 Praestat
2220 2457 2378 2526 igitur

826 2564 1062 2619 infantes
1090 2557 1372 2628 baptizari,
1397 2564 1450 2609 et
1482 2554 1602 2608 ﬁdei
1626 2553 1839 2606 arrham
1871 2549 2086 2603 interim
2111 2547 2374 2616 accipere.

826 2657 1077 2709 Fortasse
1116 2651 1258 2704 enim
1293 2647 1576 2715 aliquando
1624 2642 1968 2697 meminerint
2008 2655 2064 2694 se
2103 2639 2378 2693 Christum

828 2747 1091 2806 induisse,
1124 2753 1177 2796 et
1206 2741 1371 2810 gratia
1405 2738 1571 2806 adjuti
1613 2737 1834 2806 gratiam
1863 2740 2178 2801 sequentur.
2215 2729 2379 2782 Porro

831 2837 920 2891 tibi
958 2850 1082 2904 spes
1110 2832 1355 2900 ambigua
1380 2838 1484 2891 est,
1508 2829 1707 2880 bonum
1729 2833 1946 2894 praestat
1971 2821 2168 2890 eligere
2201 2819 2382 2886 illique

831 2929 1129 2980 adhaerere.
1169 2923 1232 2974 Et
1262 2934 1391 2973 sane
1428 2925 1661 2986 Oportet,
1689 2914 1898 2968 etiamsi
1937 2911 2130 2979 aliquis
2159 2909 2382 2961 minime

832 3016 1166 3088 perﬁciatur,
1209 3022 1386 3066 tamen
1436 3008 1650 3062 initium
1693 3005 1817 3058 boni
1851 3004 2048 3056 facere.
2094 2999 2229 3052 Tum
2263 3013 2382 3065 qua:

833 3110 1088 3164 mulieres
1119 3112 1441 3173 optaverunt
1463 3109 1520 3153 ut
1547 3099 1629 3152 sui
1659 3097 1813 3149 liberi
1847 3095 1967 3148 ﬁdei
1993 3094 2205 3146 arrliam
2241 3090 2382 3142 rcci-

835 3206 1052 3268 percnt,
1108 3195 1148 3248 si
1189 3193 1294 3245 voti
1363 3200 1639 3258 compotes
1685 3188 1846 3248 ﬁant,
1887 3185 1952 3239 ad
2002 3182 2381 3253 perﬁciendam

836 3302 1048 3358 quoque
1080 3284 1436 3339 eruditionem
1462 3279 1749 3333 alacriores
1782 3285 1978 3329 erunt:
2006 3273 2087 3327 sin
2119 3272 2386 3340 repellan-

839 3391 944 3442 tur,
986 3393 1095 3430 non
1143 3375 1434 3427 liberorum
1474 3369 1866 3430 tantummodo,
1912 3366 2004 3420 sed
2053 3364 2134 3418 sui
2172 3376 2387 3432 quoque

840 3472 1076 3540 ipsarum
1116 3481 1299 3520 curam
1329 3463 1554 3517 fortasse
1585 3460 1858 3529 abjicient.

841 3761 990 3815 CAP.
1029 3759 1111 3814 IV.
1140 3786 1210 3799 —
1242 3759 1420 3813 Utrum
1456 3763 1692 3824 oporteat
1731 3755 1904 3824 divina
1941 3767 2152 3804 nmnera
2178 3751 2389 3824 __mulie-

911 3832 1049 3882 ribus
1077 3830 1352 3897 deferenda
1387 3821 1658 3878 concedere
1705 3825 1772 3877 ad
1817 3822 2137 3876 Christianos
2167 3821 2390 3874 Sarace-

914 3916 1100 3952 norum
1128 3897 1343 3950 vinculis
1376 3897 1623 3947 detentos.

916 3990 1068 4055 Quod
1113 3990 1303 4042 attinet
1343 3989 1406 4040 ad
1442 3987 1696 4039 mulieres
1735 4002 1852 4053 qurc
1897 4001 2101 4037 sacram
2151 3999 2391 4035 contmn—

844 4083 1064 4134 nionem
1127 4079 1189 4131 ad
1243 4077 1576 4130 Christianos
1632 4075 1683 4127 in
1734 4074 2083 4126 Barbarorum
2146 4074 2392 4126 domibus

845 4171 1128 4225 conclusos
1161 4167 1430 4227 deferunt,
1482 4165 1757 4218 deﬁnitum
1795 4164 1893 4216 fuit
1925 4173 1981 4215 ut
2017 4163 2097 4215 lue
2121 4163 2257 4216 bene
2283 4179 2394 4215 mo-

846 4270 975 4315 ratae
1006 4261 1152 4319 sint,
1183 4273 1350 4327 prope
1381 4266 1438 4309 ut
1471 4256 1724 4323 virgines,
1761 4254 1843 4306 vel
1889 4253 2079 4307 decora
2116 4263 2393 4307 senectute

844 4361 1069 4412 ornatae,
1095 4351 1371 4419 dignzeque
1407 4363 1525 4415 quae
1561 4347 1625 4399 ad
1667 4346 2023 4398 ministerium
2063 4346 2394 4399 diaconissa-

848 4457 1074 4511 rumque
1099 4440 1319 4512 gradum
1351 4446 1710 4492 assumantur.
1744 4437 1894 4501 Quod
1925 4437 1971 4489 si
2012 4435 2224 4491 femime
2248 4442 2393 4508 ejus-

2477 1923 2872 1991 επικοδομῆσαι
2893 1921 2986 1972 τοῦ
3014 1923 3127 1990 βίου
3157 1921 3248 1973 τὸν
3268 1916 3416 1973 οἷκον
3442 1936 3456 1950 ·
3494 1922 3541 1972 εί
3586 1921 3642 1972 δὲ
3672 1922 3766 1972 καὶ
3818 1921 3853 1989 ἡ
3905 1919 4048 1988 βαρ-

2477 2012 2677 2082 ϐαρικὴ
2731 2013 3047 2076 παίδευσις,
3097 2013 3251 2065 κενὸν
3316 2012 3689 2064 ἀποδεικνύειν
3755 2012 3816 2064 τὸ
3889 2011 4047 2063 θεῖον

2479 2102 2756 2172 βάπτισμα
2797 2105 2960 2164 δοκεῖ,
3013 2105 3128 2156 ἀλλ’
3173 2104 3235 2156 οὐ
3269 2104 3364 2155 τοῦ
3409 2104 3783 2172 βαπτίσματος
3829 2103 3890 2154 τὸ
3948 2102 4047 2168 ἐγ-

2478 2194 2685 2263 κλημα,
2727 2192 2820 2246 τοῦ
2871 2192 2929 2244 δὲ
2976 2197 3036 2244 τὸ
3081 2193 3359 2262 βάπτισμα
3387 2193 3748 2260 ἀθετήσαντος
3776 2193 3808 2261 ἦ
3839 2191 4048 2260 ἀθετῆ-

2482 2299 2572 2334 σαι
2630 2281 3181 2351 παρασκευάσαντος·
3244 2279 3432 2348 ὦσπερ
3468 2281 3576 2347 γὰρ
3643 2281 3705 2332 τὸ
3754 2281 4048 2332 διδάσκειν

2479 2371 2576 2438 τὴν
2625 2374 2703 2434 εἰς
2751 2369 2984 2439 Χριστὸν
3035 2370 3235 2433 πίστιν,
3267 2369 3370 2422 κᾶν
3405 2369 3453 2420 oi
3495 2369 3863 2436 διδασκόμενοι
3935 2385 4048 2420 κα-

2477 2464 2886 2534 ταρᾳθυμοῦσιν
2923 2502 2938 2526 ,
2983 2463 3314 2533 ἀνέγκλητον
3347 2477 3362 2492 ⁸
3411 2462 3551 2516 οὕτω
3598 2463 3694 2516 καὶ
3737 2463 3797 2515 τὸ
3840 2462 4052 2531 βαπτΞ-

2479 2557 2615 2620 ζειν,
2654 2557 2757 2609 κᾶν
2779 2556 2806 2607 ὁ
2840 2556 2975 2625 μετὰ
2999 2555 3169 2608 ταῦτα
3218 2556 3327 2624 βίος
3347 2557 3456 2608 τῶν
3493 2555 3890 2625 βαπτισθέντων
3916 2555 4055 2607 ἀδό-

2480 2649 2641 2716 κιμός
2669 2666 2728 2700 τε
2759 2649 2853 2700 καὶ
2887 2649 3110 2708 ἄπιστος
3139 2663 3151 2675 ·
3182 2649 3380 2715 μᾶλλον
3406 2648 3500 2700 οὐν
3526 2647 3729 2715 ἀγαθὸν
3778 2646 4057 2714 βαπτίζε-

2493 2741 2612 2792 σθαι
2642 2742 2706 2792 τὰ
2731 2740 2922 2809 βρέφη,
2948 2743 3040 2792 καὶ
3080 2741 3168 2793 τὸν
3199 2741 3291 2808 τῆς
3327 2741 3559 2801 πίστεως
3589 2739 3878 2809 ἀρραϐῶνα
3901 2741 4058 2801 τέως

2485 2833 2869 2901 ὑποδέχεσθαι·
2909 2832 3037 2893 ἴσως
3070 2831 3488 2900 ὐπομνησθέντα
3518 2830 3647 2882 ποτὲ
3693 2831 3774 2882 ὄτι
3805 2830 4058 2897 Χριστὸν

2483 2924 2796 2976 ἐνεδύσαντο
2865 2924 2999 2993 (ii),
3034 2924 3248 2975 ἑλέσθαι
3298 2922 3598 2992 βουληθῶσι
3634 2923 3731 2989 τὴν
3753 2923 3911 2989 χάριν
3959 2922 4057 2973 διὰ

2486 3015 2583 3082 τῆς
2613 3015 2832 3085 χάριτος
2861 3032 2874 3045 ·
2907 3016 2964 3066 ὲν
3011 3008 3092 3075 οἷς
3138 3015 3244 3084 γὰρ
3268 3014 3337 3064 τὰ
3365 3014 3466 3079 τῆς
3492 3011 3701 3072 ἐλπίδος
3740 3012 4053 3079 ἀμφίϐολα,

2493 3103 2550 3154 τὸ
2572 3105 2803 3173 χρηστὸν
2835 3104 3032 3172 μᾶλλον
3060 3102 3331 3169 αἱρεῖσθαι
3354 3105 3478 3170 χρὴ,
3510 3101 3746 3166 κάκείνῳ
3779 3100 4053 3165 συγγίνε-

2410 3184 2452 3241 C
2493 3194 2613 3246 σθαι
2643 3211 2655 3223 ·
2683 3195 2763 3246 δεῖ
2791 3195 2918 3264 γὰρ,
2956 3195 3057 3245 κᾶν
3090 3196 3138 3245 εἰ
3185 3195 3258 3263 μὴ
3303 3191 3555 3260 τελειωθῇ
3605 3208 3687 3252 τις
3744 3190 3819 3258 τῷ
3863 3190 4051 3253 καλῷ,

2487 3282 2829 3351 ἀπάρξασθαι
2878 3283 2972 3333 τοῦ
3019 3282 3182 3335 καλοῦ
3215 3299 3227 3312 °
3262 3284 3318 3335 ai
3362 3283 3470 3352 γάρ
3514 3284 3610 3350 τῆς
3663 3283 3897 3342 πίστεως
3949 3284 4055 3333 τὸν

2487 3373 2779 3444 ὰρῥαόὦνα
2807 3372 3145 3424 ποθοῦσαιτὰ
3181 3373 3287 3425 ἴδια
3305 3373 3468 3424 τέκνα
3489 3373 3743 3436 δέξασθαι
3780 3374 4052 3443 μητέρες.

2488 3464 2534 3514 εί
2568 3463 2664 3531 μὲν
2692 3463 2920 3532 τύχοιεν,
2951 3465 3352 3534 προθυμότεραι
3386 3468 3476 3518 καὶ
3504 3466 3637 3534 πρὸς
3664 3466 3761 3534 τὴν
3784 3467 4052 3520 δίδασκα-

2487 3552 2641 3620 λικὴν
2679 3554 3184 3607 τελείωσινέσονται
3224 3572 3236 3584 ·
3270 3558 3318 3606 εἰ
3348 3555 3392 3606 δ’
3418 3556 3758 3623 ἀποτύχοιεν,
3782 3558 3842 3607 οὐ
3879 3559 4052 3624 μόνον

2488 3644 2595 3695 τῶν
2631 3643 2850 3709 τέκνων,
2877 3646 3009 3697 ἀλλὰ
3032 3649 3125 3700 καὶ
3155 3646 3360 3700 ἑαυτῶν
3385 3647 3510 3709 ἴσως
3551 3646 4051 3717 καταμελήσωσιν.

2489 3761 2736 3830 ΚΕΦΛΛ.
2782 3761 2851 3812 Δ⁹.
2886 3791 2956 3802 -
2994 3763 3123 3828 Περὶ
3154 3762 3277 3816 τοῦ.
3311 3765 3360 3816 εὶ
3391 3763 3504 3830 χρὴ
3541 3762 3776 3830 γυναιξί
3811 3763 4054 3818 διδόναι

2558 3829 2714 3894 δῶρα
2745 3833 2854 3897 (15)
2875 3833 3020 3896 πρὸς
3044 3835 3106 3884 τὸ
3136 3829 3493 3898 ἀποκομίσαι
3515 3829 4052 3901 ἐγκεκλεισμένοι(-

2557 3901 2930 3965 Χριστιιινοῖς
2959 3903 3076 3953 ὑπὸ
3101 3901 3217 3952 τῶν
3241 3902 3617 3968 Σαρακηνὼν.

2562 3991 2694 4059 Περὶ
2743 3991 2797 4041 δέ
2846 4009 2906 4058 γε
2963 3993 3072 4042 τῶν
3126 3991 3222 4060 τὴν
3285 3993 3567 4044 κοινωνίαν
3617 3993 4055 4060 διακομιζουσῶν

2491 4081 2760 4147 γυναικῶν
2805 4084 2916 4141 τοῖς
2969 4081 3317 4151 βαρϐαρικοῖς
3371 4083 3538 4144 οἴκοις
3571 4084 4052 4152 ἑγκεκλεισμένοις

2492 4173 2854 4242 Χριστιανοῖς,
2891 4171 3044 4223 τοῦτο
3080 4171 3376 4241 διώρισται,
3408 4173 3483 4233 ὡς
3523 4175 3860 4242 εὐσχήμονας
3905 4173 4052 4226 εἶναι

2467 4265 2597 4332 -χοὴ
2621 4263 2841 4325 ταύτας,
2870 4265 2962 4315 καὶ
2981 4259 3088 4316 οἷαι
3106 4263 3150 4315 δ’
3179 4262 3243 4315 ἂν
3265 4266 3320 4315 αἱ
3342 4266 3606 4334 παρθενίᾳ
3629 4269 3662 4333 ἢ
3697 4267 3878 4335 σεμνῴ
3900 4269 4054 4335 γήρᾳ

2496 4354 2884 4423 κοσμούμεναι,
2922 4355 3013 4406 καὶ
3060 4352 3205 4416 ἄξιαι
3250 4354 3327 4414 είς
3367 4353 3640 4408 διακονίαν
3681 4358 3773 4407 καὶ
3803 4358 3883 4414 είς
3935 4357 4056 4408 δια-

2498 4443 2668 4496 κόνων
2712 4445 3114 4513 παραδεχθῆναι
3160 4442 3366 4511 βαθμὸν
3405 4445 3516 4514 (16)
3557 4462 3572 4475 ⁸
3609 4446 3658 4498 εί
3703 4446 3760 4498 δὲ
3789 4447 4054 4500 τοιούτων

2133 4571 2361 4627 νΑιιιΑς
2405 4575 2691 4660 LECTlON
2700 4577 2800 4630 ES.

989 4671 1015 4710 δ
1043 4669 1354 4724 Addendam
1394 4668 1577 4724 censui
1603 4667 1916 4736 particulam
1950 4667 2046 4736 μή.

2297 4761 2521 4818 NOTAE.

919 4887 1029 4954 (15)
1068 4886 1310 4954 (Zogitare
1336 4883 1459 4936 licet
1491 4883 1824 4935 Christianas
1853 4883 2106 4954 mulieres
2143 4883 2195 4954 in
2231 4884 2401 4951 capti-
2434 4887 2479 4941 ι)
2508 4885 2714 4940 inﬁnita
2757 4886 2948 4939 damna
2987 4901 3309 4954 cognoscere
3346 4887 3468 4938 licet
3503 4901 3566 4939 ex
3608 4885 3850 4952 epistolis
3889 4889 4054 4940 etiam

847 4953 1064 5010 vitalem
1098 4953 1372 5014 abductas,
1401 4955 1467 5006 de
1515 4954 1708 5020 qnilms
1752 4963 1856 5022 agit
1892 4953 2111 5004 l’hotius
2149 4953 2199 5004 in
2231 4969 2392 5020 supe-

851 5028 1104 5086 rioribus,
1138 5039 1345 5076 necnon
1394 5023 1657 5074 sententia
1712 5022 1960 5091 synodica
1993 5022 2126 5072 infra
2158 5023 2390 5074 citamla.

848 5098 1016 5150 Porro
1049 5107 1100 5148 et
1129 5095 1295 5147 nostri
1331 5092 1560 5158 theologi
1600 5093 1814 5148 docent.
1854 5101 1913 5143 ut
1942 5106 2073 5157 puer
2111 5108 2172 5144 ex
2211 5093 2396 5143 inlide-

849 5168 991 5219 libus
1035 5164 1345 5232 parentibus
1373 5162 1585 5228 genitus
1639 5161 2118 5232 baptizaripossit,
2150 5163 2395 5214 sullicere

847 5230 1155 5288 alterutrius
1189 5237 1424 5299 parentis
1464 5245 1804 5282 consensum.
1857 5230 2047 5281 Mirum
2095 5241 2273 5282 tamen
2315 5240 2399 5282 est

847 5306 988 5372 quod
1022 5306 1073 5356 in
1105 5302 1366 5372 sententia
1399 5301 1650 5368 synodica
1690 5300 1832 5372 apud
1865 5299 2242 5351 Lenuclavium
2284 5310 2320 5351 t.
2356 5301 2394 5361 l,

849 5369 1026 5441 p.926
1070 5373 1282 5432 dicitur,
1333 5371 1565 5436 ilemqne
1596 5371 1734 5437 apud
1783 5369 2068 5441 lllastarem
2100 5370 2149 5419 in
2197 5371 2390 5420 Art-nd.

847 5438 967 5511 cap.
1003 5446 1086 5503 1'22,
1117 5457 1307 5508 nempe
1329 5441 1518 5491 alicubi
1538 5444 1898 5506 Agarenoru'u
1930 5438 2186 5490 nefariam
2211 5455 2394 5507 super-

847 5509 1122 5566 stitionem
1154 5513 1338 5568 fuisse.
1358 5520 1420 5561 ut
1447 5525 1549 5560 non
1580 5511 1727 5576 prius
1753 5524 1875 5558 suos
1900 5509 2133 5560 infantes
2163 5509 2396 5560 circum-

848 5586 1110 5642 ciderent,
1144 5596 1301 5649 quam
1338 5581 1423 5646 qui
1459 5583 1507 5630 in
1540 5595 1724 5628 corium
1756 5579 1956 5628 ditione
1991 5585 2189 5639 essent,
2237 5578 2393 5630 Chri-

849 5653 1003 5702 stiani
1040 5647 1366 5708 sacerdotes,
1404 5651 1484 5699 vel
1529 5649 1676 5700 inviti
1709 5649 1922 5698 eosdem
1957 5647 2393 5712 baptizavisseut.

845 5720 1094 5773 .lamvero
1112 5722 1496 5772 Saracenorum
1520 5717 1788 5770 l’hotianis
1810 5718 2135 5784 temporibus
2155 5718 2204 5768 in
2227 5726 2396 5770 terras

848 5791 1275 5843 Christianorum
1325 5791 1537 5842 crebras
1589 5787 1938 5842 excensioncs
1983 5803 2042 5839 ac
2085 5788 2297 5856 rapinas
2344 5798 2394 5839 (-t

2496 4972 2648 5027 papa:
2682 4957 2966 5027 synchroni
2993 4956 3360 5027 JoannisAuu,
3390 4956 3479 5027 qui
3520 4958 3585 5008 de
3618 4956 4050 5008 Christianorum

2499 5023 2683 5086 tutela,
2712 5023 2764 5076 et
2787 5027 2852 5077 de
2873 5025 3172 5076 calamitate
3204 5023 3518 5078 Saraccnica
3550 5041 3647 5094 pro
3670 5027 3872 5078 viribus
3895 5043 4054 5077 aver-

2500 5097 2656 5148 temla
2692 5095 2974 5162 plurimum
3012 5095 3286 5146 laboravit.

2573 5161 2970 5230 (l4)’Formuia
3007 5166 3117 5215 luce
3162 5163 3362 5214 cantari
3404 5163 3556 5215 solita
3611 5178 3636 5214 a
3685 5163 3889 5215 Gra'cis
3933 5176 4055 5232 post

2499 5233 2782 5299 baptisma.
2825 5232 2973 5285 Pltot.
3008 5233 3436 5300 AmphilochJ'é,
3469 5249 3524 5302 p.
3564 5233 3686 5297 119,
3715 5235 3927 5300 etapud
3957 5237 4059 5284 Ar-

2511 5304 2627 5355 cml.
2662 5318 2780 5369 cap.
2819 5304 2901 5365 17,
2934 5319 2985 5370 p.

2572 5373 2679 5441 (15)
2718 5371 2873 5439 Δῶρα
2904 5373 3186 5441 γριῗδτ-’λρον
3227 5370 3524 5437 signiﬁcare
3571 5371 3623 5422 in
3665 5370 4058 5424 ecclesiasticis

2510 5442 2724 5509 scriptis
2752 5457 2954 5494 sacram
2990 5440 3375 5494 Eueliaristiam
3413 5442 3540 5493 satis
3573 5453 3910 5506 compertum
3940 5452 4021 5493 est
4043 5480 4056 5500 .

2503 5528 2564 5565 cx
2703 5520 2848 5584 certe
2879 5510 3574 5584 exeiuplis_qna:_Suiccrus
3608 5510 3837 5584 profert.

2573 5580 2680 5649 (l6)
2726 5580 2940 5632 Scilicet
2965 5591 3120 5633 aetate
3151 5581 3324 5633 [’hotii
3372 5580 3545 5632 adlmc
3584 5579 3834 5644 vigebant
3875 5579 4057 5634 diaco-

2504 5651 2680 5712 nissm,
2710 5665 2840 5718 quas
2870 5651 3185 5704 duodecimo
3214 5659 3359 5702 certe
3399 5650 3597 5702 saeculo
3623 5651 3734 5717 jam
3758 5649 4060 5718 exolevisse

2504 5717 2770 5772 scribebat
2806 5720 3084 5772 Balsamon
3123 5721 3187 5771 ad
3227 5721 3293 5772 15
3327 5734 3448 5772 can.
3482 5718 3738 5771 Clialcetl.
3776 5717 3849 5770 lle
3876 5720 4033 5770 diam

2505 5791 2663 5844 uissis
2684 5791 2891 5844 erudite
2923 5790 3109 5844 scribit
3134 5789 3394 5845 Blastarcs
3412 5788 3626 5843 Gnccus
3659 5787 3710 5840 in
3730 5798 4062 5861 synlagmatc
