4248 6444
267 430 371 498 781

1418 430 1950 491 EPISTOLARUM
1991 432 2214 492 LIBER
2255 432 2302 491 Ι.

3360 432 3465 495 ’182

266 542 471 613 ἀπορία
520 534 659 595 εἶναι
704 541 848 593 δοκει
872 577 887 601 .
947 537 1081 609 μηδὲ
1122 538 1220 600 τὰς
1266 536 1497 600 πίστεως
1536 536 1817 607 ἀλλοτρίας
1848 542 1890 597 Α
1922 552 1943 589 n

1794 555 1817 599 ς
1848 542 1890 597 Α
1922 537 2065 590 modi
2093 536 2481 599 desiderentur,
2512 544 2641 589 tunc
2683 535 2957 591 enimvero
2998 548 3065 590 ne
3109 537 3211 592 illm
3250 539 3471 608 quidem

268 635 602 705 βουλομένας
643 634 881 685 εὐποιεῖν
908 630 1250 701 Χριστιανοῖς
1288 628 1555 695 ἀδελφοῖς,
1595 630 1686 679 καὶ
1728 628 1817 678 ἐπὶ

263 727 525 780 τοσοῦτον
571 727 759 789 αὑταῖς
806 723 1202 793 τεθαρῤηκέναι
1262 722 1355 773 καὶ
1412 718 1819 790 προσανατεθῆ-

265 838 377 882 ναι,
435 819 554 887 μηδ’
583 818 753 878 αὑτὰς
787 816 1001 877 ἐκείνας
1037 811 1468 883 παρατηρεῖσθαι
1501 825 1514 838 ·
1552 809 1686 861 ἀλλὰ
1724 808 1821 860 καὶ

262 911 333 962 δι’
391 910 569 963 αὐτῶν
617 908 949 977 είσκομίζειν
1008 906 1105 975 τὴν
1152 903 1244 956 τοῦ
1288 900 1492 970 ἀγαθοῦ
1538 898 1820 953 κοινωνίαν

263 1003 382 1063 τοῖς
416 1001 536 1068 μηδ’
564 1000 654 1050 ὑπ’
688 999 858 1066 αὐτῆς
890 998 987 1065 τῆς
1008 995 1318 1064 τυραννίδος
1350 994 1447 1061 τῆς
1480 994 1558 1053 εἰς
1588 990 1821 1061 Χριστὸν

264 1090 751 1157 κατωλιγωρηκόσι
767 1088 997 1146 πίστεως
1018 1101 1033 1114 ⁸
1062 1084 1312 1137 οὐδέποτε
1336 1083 1441 1151 γὰρ
1468 1080 1736 1133 κοινοῦται
1761 1080 1820 1131 τὸ

264 1182 445 1247 ἅγιον,
490 1178 689 1247 μᾶλλον
730 1177 785 1229 δέ
814 1176 1030 1243 ἁγιάζει
1077 1174 1171 1226 καὶ
1200 1174 1325 1234 τοὺς
1354 1170 1778 1240 κεκοινωμένους
1804 1185 1819 1200 ο

265 1277 318 1325 εἰ
349 1272 422 1342 μὴ
461 1271 676 1324 ῦποπτὰ
713 1287 833 1322 τινα
879 1268 1146 1337 πρόσωπα
1180 1262 1537 1327 καταπαίζειν
1577 1262 1820 1331 συνήθως

266 1365 462 1433 ἔχοντα
514 1362 621 1415 τῶν
672 1362 853 1425 θείων,
883 1358 1057 1413 ταῦτα
1097 1356 1505 1427 ἐγχειρισθῆναι
1549 1352 1818 1425 προφασί-

266 1457 467 1517 ζοιντο.

266 1566 520 1620 ΚΕΦΑΛ.
550 1566 623 1619 E'.
658 1564 794 1631 Περὶ
818 1564 944 1623 τοῦ,
975 1564 1027 1615 εί
1052 1561 1164 1629 χρὴ
1193 1559 1501 1631 κοινωνεῖνς
1532 1559 1673 1631 τοὺς
1703 1557 1820 1612 ὑπὸ

338 1637 483 1757 τώςδ
520 1628 881 1703 Σφακήνῶν
941 1636 1027 1698 είς
1052 1628 1398 1699 ἀσέλγειαν
1458 1628 1819 1695 ,βιασθέντας

339 1720 445 1757 παι
484 1721 576 1757 ac.

339 1720 576 1768 παισας.

344 1800 463 1851 Ἔτι
484 1799 541 1850 δὲ
571 1797 663 1849 καὶ
690 1797 817 1866 περὶ
843 1797 951 1848 τῶν
980 1794 1128 1863 παρὰ
1158 1795 1254 1863 τῆς
1292 1792 1633 1863 βαρϐαρικῆς
1667 1790 1821 1843 ἀσελ-

1923 628 2151 682 vitanda:
2178 639 2321 686 sunt.
2362 642 2479 695 qua:
2507 628 2606 681 etsi
2636 628 2741 681 ﬁde
2762 627 2968 693 alicnaa,
3000 637 3177 682 tamen
3212 639 3268 683 ut
3309 631 3468 684 Chri-

1921 722 2110 775 stianis
2136 721 2386 775 fratribus
2412 721 2548 775 bene
2576 721 2795 785 faciant,
2824 731 3098 791 tantopere
3126 723 3324 777 audent
3346 734 3469 777 tau-

1921 824 2143 883 tumque
2187 817 2367 870 oneris
2401 831 2509 869 non
2553 823 2823 869 recusant.
2861 815 3058 869 Harum
3105 831 3341 884 quoque,
3385 818 3466 869 in-

1919 923 2102 975 quam,
2140 909 2387 962 manibus
2431 906 2771 961 deferendam
2814 921 3097 961 censemus
3133 909 3297 961 divini
3343 909 3469 962 boni

1920 999 2349 1051 communionem
2380 998 2444 1050 ad
2477 1012 2568 1050 eos
2588 997 2678 1065 qui
2706 1014 2771 1050 ne
2799 996 2898 1050 sub
2929 998 3223 1067 tyrannidis
3251 1000 3468 1067 quidem

1917 1087 2043 1155 jugo
2057 1086 2413 1141 Christianam
2433 1086 2587 1140 ﬁdem
2609 1089 2900 1157 negligunt.
2921 1088 3034 1141 Non
3065 1088 3207 1141 enim
3227 1098 3469 1143 sanctum

1920 1177 2193 1244 polluitur,
2239 1179 2347 1231 imo
2380 1180 2555 1248 ipsum
2588 1193 2682 1233 eos
2712 1180 3007 1233 sanctificat
3033 1180 3125 1248 qui
3165 1194 3221 1233 se
3253 1182 3469 1234 contin-

1920 1277 2071 1338 gunt.
2099 1269 2209 1323 Nisi
2253 1270 2392 1324 forte
2442 1282 2704 1339 suspecta:
2748 1271 2987 1339 quaedam
3032 1285 3304 1340 personae,
3350 1288 3469 1340 qua:

1922 1361 2082 1416 rebus
2110 1362 2275 1415 sacris
2304 1362 2527 1416 iHudere
2557 1364 2751 1428 solent,
2776 1362 3009 1417 ofiicium
3035 1364 3163 1417 illud
3194 1364 3295 1418 sibi
3322 1379 3471 1418 com.

1921 1454 2144 1509 missum
2179 1454 2450 1508 simulent.

1918 1567 2071 1621 CAP.
2112 1565 2172 1619 ν.
2198 1594 2265 1606 --
2294 1566 2473 1620 Utrum
2502 1569 2573 1619 ad
2597 1583 2799 1619 sacram
2831 1569 3240 1619 communionem
3276 1569 3469 1619 admit-

1986 1637 2130 1716 ιαπάὶ
2157 1637 2275 1758 sint.
2299 1637 2447 1704 pueri
2483 1638 2665 1705 quibus
2698 1635 3077 1689 Saracenorum
3094 1638 3466 1689 incontinentia

1987 1720 2090 1757 tum
2119 1715 2232 1758 attu
2256 1716 2316 1758 tt.

1987 1720 2090 1757 vim
2119 1715 2316 1760 attulit.

1987 1794 2209 1865 Insuper
2236 1794 2515 1850 decretum
2557 1795 2677 1860 fuit,
2714 1812 2782 1850 ne
2820 1796 3001 1864 pueris
3040 1796 3234 1864 quibus
3269 1796 3464 1849 Barba-

266 1893 424 1960 γείας
452 1891 782 1961 βιασθέντων
805 1889 1030 1943 παιδίων
1061 1888 1150 1941 διὰ
1181 1888 1241 1941 τὸ
1265 1888 1362 1957 τῆς
1394 1887 1512 1955 βίας
1542 1886 1819 1953 ἐπάγαγόν
1849 1886 1890 1941 Β
1920 1901 1943 1940 ι·

1790 1905 1819 1940 ν
1849 1886 1890 1941 Β
1920 1901 2101 1940 rorum
2150 1886 2485 1956 impudicitia
2533 1886 2585 1939 vi
2635 1895 2878 1956 stuprum
2930 1887 3245 1949 obtulisset,
3286 1886 3466 1940 habita

268 1999 332 2034 τε
383 1982 476 2033 καὶ
509 1982 901 2049 ἀπαραίτητον,
943 1976 1268 2045 συγγνώμην
1322 1976 1529 2037 τούτοις
1577 1976 1816 2043 δοθῆναι,

272 2074 370 2127 καὶ
403 2072 500 2139 τῆς
550 2070 814 2135 ζωοποιοῦ
844 2069 1128 2130 κοινωνίας
1182 2068 1255 2137 μὴ
1286 2066 1698 2136 ἀποκωλυθῆναι
1739 2066 1818 2118 δι-

271 2165 501 2233 ώρισται
533 2180 546 2191 ·
582 2164 630 2214 εἰ
674 2164 837 2231 μήπω
858 2160 1099 2213 ἑκούσιον
1123 2158 1181 2211 τὸ
1202 2158 1501 2228 ἁμάρτημα
1529 2156 1819 2227 κατειργά-

273 2272 437 2309 σαντο
467 2270 483 2285 '
517 2254 636 2307 τότε
694 2254 800 2323 γὰρ
837 2251 928 2304 καὶ
957 2252 1137 2313 αὐτοῖς
1189 2251 1256 2302 τὰ
1287 2250 1377 2302 ἐπὶ
1416 2252 1526 2311 τοῖς
1561 2247 1817 2309 ἑκουσίως

268 2347 498 2400 τοιαῦτα
556 2343 934 2415 πλημμελοῦσι
982 2342 1301 2410 προσφόροις
1360 2340 1607 2409 ἐπιτίμια
1654 2354 1818 2409 προσ-

270 2439 526 2509 αρμόσει.

344 2529 592 2582 Τοσαῦτα
635 2529 730 2598 μὲν
773 2528 923 2597 παρὰ
964 2527 1061 2595 τῆς
1105 2526 1202 2595 σῆς
1233 2522 1533 2594 θεοφιλείας
1584 2521 1818 2593 προϐλη-

272 2622 435 2675 θέντα
489 2620 798 2689 ζητήματα,
829 2620 953 2684 ἄξια
1007 2617 1295 2690 προφανῶς
1344 2617 1568 2687 ἐρεύνης
1619 2617 1819 2685 τυγχά-

273 2728 454 2773 νοντα,
473 2713 566 2763 κα“ι
588 2712 686 2778 τῆς
712 2711 809 2779 σῆς
829 2709 1091 2772 συνέσεως
1112 2708 1173 2762 τὸ
1192 2707 1473 2761 σπουδαῖον
1489 2707 1820 2777 χαρακτηρί-

276 2820 364 2855 σαι
384 2802 651 2869 δυνάμενα
678 2817 692 2830 ·
724 2802 817 2852 καὶ
853 2798 1077 2867 τοιαύτη
1092 2799 1242 2869 παρὰ
1268 2797 1373 2851 τῶν
1391 2795 1821 2863 θεοφιλεστάτων

278 2891 684 2963 μητροπολιτῶν
726 2889 1027 2959 συμφώνως
1066 2890 1192 2959 περὶ
1224 2887 1401 2943 αὐτῶν
1434 2886 1821 2955 ὲξανεστηκυῖα

275 2983 476 3050 ψῆφος,
514 2982 633 3048 ἥτις
662 2979 813 3048 παρὰ
845 2980 944 3047 τῆς
985 2979 1139 3047 ἡμῶν
1178 2976 1523 3046 μετριότητος
1556 2976 1665 3043 (l7)
1706 2976 1822 3025 ἐπι-

275 3072 672 3141 σφραγισθεῖσα
692 3070 786 3121 κα)⁵
806 3068 1204 3138 ἀποδεδεγμένη
1222 3068 1356 3137 πρὸς
1370 3068 1466 3136 τὴν
1486 3067 1583 3136 σὴν
1602 3067 1820 3135 θεοφιλῆ

274 3164 704 3232 παραπέμπεται
760 3161 1010 3230 ὁσιότητα
1038 3176 1051 3188 ·
1111 3159 1266 3228 δέχου
1316 3159 1495 3211 τοίνυν
1550 3158 1656 3210 τῶν
1714 3159 1819 3208 σῶν

274 3254 674 3324 προϐλημάτων
716 3254 813 3313 τὰς
866 3251 1137 3312 ἐπιλύσεις
1182 3253 1370 3317 σαφεῖς
1415 3250 1487 3313 ώς
1534 3249 1819 3321 ἐξῄτησας,

276 3347 333 3395 ἐν
363 3344 539 3411 καιρῴ
585 3344 677 3395 καὶ
705 3340 979 3412 προσώπῳ
1012 3340 1089 3408 τῷ
1121 3339 1406 3408 ἐπιτηδείῳ
1464 3339 1663 3401 ταύτας
1702 3356 1824 3389 συν-

274 3431 459 3503 τηρῶν
505 3432 601 3482 καὶ
651 3430 1126 3499 παραφυλάττωνο
1181 3427 1274 3480 καὶ
1326 3429 1399 3495 μή
1442 3444 1492 3479 τι
1545 3428 1672 3494 περὶ
1727 3426 1823 3494 τὴν

276 3522 479 3575 τούτων
511 3520 827 3589 ἀποτυχίαν,
871 3519 983 3571 ἀλλ’
1039 3520 1122 3571 ὅτι
1171 3518 1367 3586 ἀκηδία
1398 3528 1419 3554 ε
1468 3535 1566 3571 κ...
1611 3518 1820 3584 ἄλλῳ...

276 3614 345 3666 τὰ
386 3613 431 3665 δ’
465 3614 606 3681 ἄλλῳ
628 3628 642 3641 ·
678 3611 947 3683 ἐρρῶσθαι
972 3610 1027 3661 δὲ
1055 3608 1142 3661 διὰ
1194 3610 1389 3671 παντὸς
1420 3626 1554 3662 κυ...
1591 3608 1820 3677 λιπαροῦ

1918 1976 2127 2030 ratione
2156 1976 2427 2030 violentia:
2453 1985 2507 2030 et
2550 1977 2919 2040 necessitatis,
2962 1978 3117 2034 venia
3150 1978 3465 2045 denegetur,

1919 2082 2054 2122 neve
2085 2067 2122 2120 ii
2145 2067 2325 2122 divina
2348 2081 2412 2122 ac
2430 2066 2642 2120 viviﬁca
2665 2067 3042 2120 communione
3061 2066 3464 2134 prohibeantur.

1918 2158 2030 2213 Nisi
2074 2159 2211 2214 forte
2240 2160 2599 2215 voluntarium
2650 2168 2928 2227 peccatum
2968 2167 3414 2227 perpetraverunt
3451 2174 3464 2209 :

1918 2261 2048 2307 tunc
2071 2252 2236 2313 enim,
2260 2267 2369 2306 non
2398 2266 2554 2306 secus
2581 2265 2644 2305 ac
2668 2250 2785 2305 illos
2803 2250 2894 2318 qui
2916 2257 3108 2318 sponte
3131 2248 3301 2317 culpis
3322 2249 3467 2316 ejus-

1917 2343 2065 2397 modi
2094 2352 2265 2397 semet
2291 2342 2565 2407 irretiunt,
2594 2355 2753 2410 poma
2782 2341 2975 2394 merita
3013 2354 3211 2410 pueros
3254 2354 3467 2407 quoque

1918 2436 2094 2489 decet.

1991 2523 2170 2593 Atque
2205 2522 2289 2577 liae
2326 2523 2543 2577 fuerunt
2566 2537 2597 2576 a
2630 2534 2718 2577 tua
2750 2523 2946 2592 pietate
2978 2526 3303 2593 quaistiones
3340 2539 3466 2593 pro-

1918 2619 2126 2687 positas,
2167 2617 2559 2672 consultatione
2598 2630 2820 2685 prorsus
2855 2616 3209 2686 dignissima),
3256 2625 3467 2686 tuaeque

1920 2710 2200 2778 sapientia:
2231 2709 2404 2763 zelum
2434 2709 2564 2761 satis
2604 2708 3055 2763 demonstrantes.
3102 2707 3227 2763 Haec
3271 2708 3396 2762 item
3438 2727 3467 2761 ει

1920 2798 2335 2867 religiosissimis
2369 2799 2727 2867 metropolitis
2773 2800 3022 2853 concordi
3066 2799 3320 2868 suffragio
3364 2799 3465 2852 lata

1921 2890 2185 2944 sententia
2208 2898 2308 2951 est,
2328 2905 2485 2959 quam
2512 2897 2693 2943 nostra
2719 2890 3060 2945 mediocritas
3078 2888 3469 2956 ratamlhabcns

1921 2991 2081 3049 atque
2116 2982 2443 3036 confirmans
2487 2981 2556 3034 ad
2600 2982 2897 3051 religiosam
2942 2990 3087 3035 tuam
3127 2984 3462 3036 sanctitatem

1922 3072 2103 3124 mittit.
2156 3072 2351 3139 Excipe
2392 3072 2554 3141 igitur
2589 3072 2981 3126 dubitationum
3048 3082 3292 3137 tuarum,
3335 3089 3468 3141 quas

1924 3162 2201 3228 postulasti
2246 3162 2555 3229 perspicuas
2601 3162 2915 3228 solutiones,
2960 3178 3157 3231 easque
3186 3165 3467 3217 commodo

1923 3254 1976 3306 in
2010 3263 2248 3321 tempore
2276 3254 2623 3322 personisque
2650 3254 2858 3309 idoneis
2885 3263 3043 3308 utens
3077 3269 3251 3308 serva.
3285 3256 3350 3308 Et
3378 3271 3469 3307 nc-

1918 3344 2040 3397 cubi
2080 3346 2133 3396 in
2179 3344 2262 3397 bis
2316 3344 2531 3407 labaris,
2561 3346 2643 3397 vel
2681 3347 2804 3412 quia
2837 3344 3061 3397 incuria.
3089 3385 3102 3397 .
3128 3384 3142 3396 .
3186 3344 3374 3399 Valere
3414 3355 3467 3397 te

1918 3434 2098 3500 cupio,
2130 3435 2349 3505 jugiquc
2380 3438 2658 3491 sanctitate
2686 3452 2747 3490 ac
2766 3437 2971 3504 justitia
2992 3451 3201 3490 sacrum
3229 3446 3465 3490 vestrum

1922 3538 2104 3593 regere
2126 3538 2362 3593 gregem.
2393 3533 2551 3591 atque
2594 3539 2623 3575 a
2662 3524 2834 3577 noxiis
2874 3523 3065 3576 animae
3100 3523 3241 3576 vitiis
3280 3522 3465 3591 procul

1918 3622 2161 3667 avertere
2212 3614 2355 3665 Finis
2380 3616 2750 3679 capitulorum.

280 3709 387 3777 μὴν
420 3709 477 3759 ἐν
539 3707 774 3773 ὁσιότητι
840 3703 930 3755 καὶ
989 3700 1300 3772 δικαιοσύνῃ
1362 3700 1422 3751 τὸ
1466 3700 1605 3769 ίερὸν
1647 3701 1799 3768 ὑμῶν
1842 3704 2158 3773 ποιμένοντα
2213 3706 2476 3775 ποίμνιον,
2535 3705 2626 3758 καὶ
2683 3704 2788 3755 τῶν
2850 3704 3227 3773 ψυχολετήρων
3279 3702 3463 3756 παθὼν

274 3799 619 3870 διατηρῘῆσαι
664 3794 1052 3868 πορρώ]τερον.
1081 3824 1148 3834 —
1189 3794 1365 3858 Τέλος
1403 3791 1522 3846 τῶν
1553 3795 1911 3861 κεφαλαίων.

902 3922 1423 3997 EPISTOLJE
1478 3920 1997 3997 CANONICJE
2063 3924 2190 3995 AD
2270 3922 2843 3999 EPISCOPOS.

868 4053 1088 4107 ΕΠΙΣΤ.
1127 4050 1189 4101 ΙΘ

2501 4055 2711 4110 EPIST.
2754 4052 2864 4107 XIX
2877 4092 2890 4105 .

1485 4141 1624 4190 Edita
1653 4154 1679 4189 a
1710 4143 1999 4194 Montacutio
2029 4149 2097 4207 (p.
2132 4145 2260 4207 385).

347 4260 531 4314 Πάντα
575 4258 674 4325 τῆς
722 4252 875 4323 ὑμῶν
926 4248 1311 4320 ἀρχιερατικῆς
1354 4248 1684 4315 τελειότητος
1732 4249 1824 4301 καὶ
1853 4254 1896 4306 ι)
1993 4252 2024 4305 ρ

1784 4249 1824 4300 ιὶ
1853 4254 1896 4306 ι)
1993 4252 2189 4306 Omnia
2216 4260 2407 4307 vestra:
2432 4250 2726 4305 sacerdotis
2756 4248 2954 4303 summi
3018 4246 3362 4317 perfectionis
3407 4260 3461 4299 Cl.

277 4348 652 4421 πνευματικῆς
679 4345 871 4415 σοφίας
900 4344 1081 4413 γέμει,
1118 4341 1332 4408 καὶτῆς
1369 4340 1646 4407 πολιτικῆς
1671 4340 1820 4392 εὐνο-

279 4444 407 4513 μίας
449 4457 514 4509 τῃ
544 4437 796 4507 ἀκριϐείᾳ
826 4433 1216 4500 συγκέκραται.
1246 4431 1318 4482 Τό
1346 4446 1403 4481 τε
1425 4428 1530 4497 γὰρ
1555 4429 1634 4491 εις
1697 4446 1820 4480 συν-

275 4532 460 4601 οδικὴν
485 4531 663 4598 κρίσιν
691 4528 916 4593 ἀγαγεῖν
946 4524 980 4576 ἂ
1018 4521 1383 4591 προύϐάλλετο
1413 4522 1510 4589 τὴν
1543 4519 1820 4589 ἀμφισϐή-

275 4638 459 4693 τησιν’
498 4623 590 4673 καὶ
618 4620 677 4670 τὸ
710 4620 782 4686 μὴ
804 4616 977 4685 οἰκείᾳ
1006 4615 1163 4683 ῥώμῃ
1194 4614 1291 4680 τῆς
1313 4612 1598 4675 συνέσεως,
1626 4611 1823 4679 καίπερ

280 4714 478 4776 ίκανῶς
503 4714 700 4783 ἐχούσῃ
729 4711 821 4762 καὶ
846 4707 1208 4759 πολυπλασιω
1244 4704 1406 4774 βάρος
1436 4705 1643 4773 ἀνέχειν
1665 4705 1821 4772 ὀχλή-

278 4822 436 4860 σεωνο
485 4806 578 4857 καὶ
605 4805 684 4866 τὸ,
722 4801 983 4871 πρότερον
1012 4797 1109 4860 τὰς
1152 4796 1471 4863 ἐγκολπίους
1499 4795 1825 4862 φιλονεικίας

275 4896 687 4965 διαλυσάμενον,
720 4892 857 4944 οῦτω
892 4893 1088 4960 χωρεῖν
1122 4888 1214 4940 ἐπὶ
1246 4887 1342 4954 τὴν
1371 4886 1547 4956 κρίσιν
1572 4886 1678 4938 τῶν
1704 4885 1828 4948 ἔξω·

1920 4344 2222 4415 spiritualis
2255 4341 2535 4412 sapientiae
2568 4340 2723 4409 plena
2756 4350 2902 4404 sunt,
2933 4355 3055 4395 cum
3106 4347 3293 4393 exacta
3325 4338 3457 4391 civi-

1920 4437 2051 4489 lium
2100 4449 2279 4488 rerum
2336 4433 2440 4487 rite
2504 4431 3040 4485 administrandarum
3090 4429 3281 4499 peritia
3327 4443 3457 4481 con-

1920 4527 2140 4593 junctae.
2175 4521 2307 4576 Nam
2337 4532 2392 4575 et
2429 4536 2494 4574 ea
2540 4536 2658 4589 quae
2724 4519 3161 4588 proponebantur
3186 4518 3253 4571 ad
3273 4517 3454 4570 disce-

1924 4616 2240 4685 ptationem,
2264 4614 2330 4668 ad
2366 4611 2676 4681 synodicum
2700 4609 2961 4678 judicium
2992 4608 3211 4671 referre,
3237 4621 3340 4660 nec
3368 4620 3457 4659 so-

1927 4707 2098 4760 lertia:
2139 4720 2248 4759 sua:
2287 4702 2466 4757 robori
2506 4702 2687 4764 ﬁdere,
2720 4700 2965 4769 quamvis
3005 4697 3288 4752 sullicienti
3321 4696 3461 4749 mul-

1930 4795 2094 4863 tiplex
2148 4794 2484 4863 negotiorum
2554 4790 2762 4859 pondus
2819 4790 3105 4850 sustinere,
3159 4798 3215 4840 et
3269 4785 3459 4853 sopitis

1929 4884 2161 4953 primum
2194 4880 2464 4934 intestinis
2512 4879 2959 4940 dissensionibus,
3010 4878 3080 4929 ita
3121 4878 3335 4929 demum
3394 4874 3459 4926 ad

1530 4996 1757 5051 νΑΒΙᾹΞ
1789 4992 2186 5050 LECTIONES.

349 5117 373 5146 ο
411 5107 469 5161 ln
493 5104 844 5173 sequentibus
868 5102 1073 5155 lacunis
1103 5099 1189 5152 vix
1213 5097 1311 5151 tria
1341 5094 1597 5148 vocabula
1631 5092 1928 5155 amisimus,
1957 5106 2074 5160 qu:e
2112 5090 2211 5160 legi
2238 5094 2513 5155 nequeunt
2545 5085 2599 5138 in
2628 5087 2935 5139 oblitterato
2966 5086 3168 5137 codice.

1758 5208 1986 5263 NOTAE.

278 5321 419 5387 apud
457 5313 787 5387 Bcverigium
847 5322 977 5365 tom.
1028 5310 1092 5371 ll,
1142 5324 1195 5375 p.
1243 5307 1309 5387 ’ῖο
1344 5322 1457 5374 sqq.
1497 5304 1561 5357 Et
1606 5302 1819 5387 quidem

278 5378 390 5449 eas,
439 5378 671 5451 excepto'
717 5383 942 5435 fortasse
998 5378 1303 5451 necessario
1356 5391 1505 5451 casu,
1557 5378 1818 5451 sanctiora

281 5442 527 5522 mysteria
568 5442 826 5522 attigisse,
864 5459 1021 5519 negat
1049 5463 1170 5500 cum
1198 5446 1431 5522 Blastarc
1466 5443 1727 5522 Arcudius
1755 5442 1821 5522 d_c

280 5510 395 5581 6&1.
426 5541 542 5592 cap.
587 5510 983 5592 l0.uLegenduvs
1010 5531 1222 5592 quoque
1270 5515 1492 5592 Goarins
1516 5514 1583 5592 ad
1610 5510 1819 5592 eueliol.

281 5616 333 5665 ιι.
365 5597 468 5647 219
493 5583 597 5665 ’δατ
659 5583 867 5665 necnvori
900 5588 973 5641 lo.
1003 5583 1189 5665 l‘iliius
1213 5586 1265 5636 in
1288 5583 1538 5665 peculiari
1560 5590 1819 5665 tractatu.

282 5652 353 5718 lle
392 5652 703 5717 diaconissis
741 5660 971 5725 denique
1003 5652 1450 5725 brevia_qu§edam
1484 5652 1814 5725 colluctanea

280 5734 493 5801 reliquit
524 5748 649 5785 mss.
680 5719 943 5801 Jusephus
970 5726 1165 5793 Regius
1186 5723 1449 5775 Vaticanae
1483 5719 1816 5801 bibliotliceae

283 5789 408 5859 ante
454 5805 549 5856 IIOS
597 5816 765 5855 annos
809 5789 1106 5868 praefectus,
1153 5810 1269 5861 qua:
1326 5807 1427 5844 non
1484 5790 1597 5843 sine
1642 5789 1815 5853 aliquo

1927 5301 2098 5353 fructu
2129 5301 2391 5368 leguntur.
2416 5296 2489 5347 De
2514 5292 2752 5347 diaconis
2773 5292 2860 5368 qui
2881 5292 3207 5368 incarceres
3235 5286 3303 5368 ad
3326 5305 3461 5368 triar-

1926 5380 2069 5423 tvrcs
2099 5355 2551 5423 submittebantur
2578 5371 2753 5414 exstat
2792 5355 2994 5411 Natalis
3025 5355 3305 5408 Alexandri
3358 5356 3461 5407 dis-

1926 5428 2143 5491 sertatio
2182 5438 2235 5489 in
2275 5436 2530 5488 Thesauro
2570 5431 2722 5483 tlteol.
2760 5441 2889 5501 ton}.
2922 5428 3010 5485 XI.
3040 5440 3098 5501 p.
3130 5426 3251 5501 58}.
3327 5492 3337 5501 '

1998 5509 2108 5573 (17)
2128 5508 2200 5559 Ita
2232 5506 2475 5573 modeste
2491 5510 2661 5555 semet
2687 5499 2953 5573 appellare
2978 5498 3150 5573 solent
3172 5493 3341 5573 Graeci
3370 5508 3461 5558 pa-

1930 5563 2171 5629 triarclue
2223 5576 2276 5627 in
2315 5572 2638 5643 synodorum
2691 5563 2822 5643 ariis
2874 5566 3011 5643 apud
3063 5563 3461 5617 Leunclavium.

1926 5646 2097 5698 l.alini
2132 5654 2307 5697 autem
2338 5638 2477 5709 ἑαυρο
2509 5650 2727 5692 utuntur
2760 5638 2992 5690 dictione
3025 5644 3197 5709 ucstra
3227 5646 3464 5683 mamue-

1927 5718 2068 5777 tudo,
2098 5732 2216 5767 eum
2253 5706 2434 5765 (21-.ch
2475 5711 2652 5777 plirasi
2685 5710 2846 5760 ferme
2881 5706 3265 5759 consuirantcs.
