4248 6444
789 384 891 446 ’183

1937 377 2190 436 ΡΗΟΤΙΙ
2229 377 2722 437 PATRIARCH/E
2758 379 2864 438 ΕΡ.

3895 385 4010 446 784

787 514 852 552 ea
885 510 1000 563 qua!
1028 501 1175 546 extra
1210 501 1335 544 sunt
1365 490 1701 560 dijudicanda
1730 489 2040 558 procedere,
2068 491 2337 558 quomodo
2367 497 2410 551 Α
2437 491 2464 543 θ

2329 511 2337 541 ι
2367 497 2410 551 Α
2437 491 2558 552 θεν,
2603 491 2718 553 πῶς
2755 496 2855 543 οὐκ
2893 490 3006 542 ἐστι
3035 491 3133 559 μὲν
3171 493 3317 555 θείας
3347 493 3532 562 σοφίας
3556 494 4006 566 ἀπευθυνομὲνοο

791 605 900 642 non
930 589 1046 655 ejus
1078 587 1145 638 sit
1175 584 1263 654 qui
1295 584 1362 635 ad
1404 583 1598 636 divinae
1647 582 1928 650 sapientia:
1982 583 2219 650 regulam
2277 597 2334 635 se

791 676 1104 746 comparet?
1135 675 1379 739 Quatuor
1414 673 1574 742 igitur
1608 672 1764 726 initio
1795 674 1972 726 statim
2004 673 2070 727 ad
2109 689 2334 727 examen

789 767 1045 837 propositi
1073 765 1389 835 presbyteri,
1427 774 1571 817 recte
1604 765 1784 816 statim
1829 779 1891 817 ex
1922 765 2072 832 justo
2101 767 2330 829 calculo,

789 862 858 913 ab
905 861 1086 927 iniqua
1133 867 1187 911 et
1249 867 1442 926 ιιι-αξιοι·
1498 856 1758 910 rationem
1832 857 2063 925 irrogata
2111 871 2338 910 censura

790 951 1016 1004 absoluti
1065 961 1231 1014 sunt;
1280 961 1332 1003 et
1364 950 1611 1002 vecordia
1641 949 2022 1002 irrationabilis
2051 951 2106 1003 in
2139 950 2335 1016 justam

790 1044 1110 1096 sententiam
1143 1041 1380 1109 impegit.
1429 1038 1546 1092 Non
1601 1041 1743 1093 enim
1798 1041 1878 1092 fas
1933 1049 2032 1104 est,
2077 1056 2186 1093 non
2233 1049 2334 1101 est,

791 1135 1030 1201 inquam,
1072 1133 1173 1192 las,
1239 1148 1305 1184 ex
1365 1132 1706 1184 accusatione
1759 1131 1889 1195 sola,
1923 1133 2037 1186 sive
2067 1133 2334 1203 exiguum,

788 1229 902 1281 sive
946 1242 1214 1296 magnum,
1271 1226 1385 1279 sive
1432 1227 1593 1279 etiam
1637 1225 1928 1278 maximum
1997 1227 2200 1279 crimen
2249 1227 2337 1286 sit,

789 1321 943 1387 cujus
1001 1318 1227 1370 intentio
1289 1317 1798 1370 demonstrationem
1851 1332 1956 1369 non
2008 1318 2217 1382 habeat,
2271 1320 2340 1372 ob

791 1411 917 1461 illud
985 1409 1068 1460 vel
1148 1411 1477 1462 sacerdotem
1539 1409 1706 1477 gradu
1778 1411 2004 1473 maveri,
2075 1411 2156 1462 vel
2202 1411 2340 1462 irro-

790 1501 901 1570 gari
945 1514 1250 1553 censuram.
1281 1498 1502 1551 Multum
1559 1514 1689 1552 sane
1745 1500 1932 1552 lucrati
1987 1510 2342 1570 essentsyco-

788 1593 1020 1659 phautm,
1056 1592 1098 1644 si
1152 1606 1286 1658 quos
1343 1591 1671 1642 intentorum
1727 1591 2010 1643 criminum
2061 1606 2180 1644 reos
2215 1606 2340 1659 per-

790 1698 948 1751 agere
1027 1696 1132 1733 non
1204 1690 1516 1748 potuerunt,
1598 1695 1783 1732 eorum
1851 1696 2036 1748 ρωπος
2106 1683 2339 1750 pendere

789 1774 940 1842 quasi
987 1773 1268 1826 convictos
1307 1771 1570 1824 viderent.
1615 1772 1749 1836 Quis
1778 1772 1922 1824 enim
1961 1773 2137 1824 exitus
2169 1773 2258 1832 sit,
2291 1773 2334 1824 si

791 1867 905 1919 haec
935 1866 1070 1917 ratio
1104 1864 1362 1926 obtineat,
1402 1879 1508 1930 quo
1538 1864 1810 1915 immerito
1856 1864 2092 1915 accusati
2138 1879 2334 1916 manus

790 1959 1240 2029 sycophantarum
1278 1955 1550 2009 evadant?
1589 1954 1702 2006 Non
1735 1955 2010 2006 convictos
2067 1955 2226 2023 igitur
2270 1956 2335 2007 de

790 2050 872 2102 eis
934 2063 1160 2116 quorum
1231 2047 1643 2105 accusabantur,
1711 2045 2058 2096 mediocritas
2127 2055 2334 2107 nostra,

787 2139 1084 2194 secundum
1113 2146 1345 2190 vestram
1381 2152 1499 2204 qua:
1522 2136 1588 2188 ab
1639 2137 1793 2187 initio
1824 2135 2086 2203 processit
2112 2146 2336 2188 senten-

790 2230 965 2291 tiam,
1015 2229 1192 2282 omnis
1255 2226 1716 2281 eondenmationis
1771 2226 2036 2278 immunes
2092 2226 2334 2280 dimittit.

790 2324 890 2387 Qui
921 2326 1100 2376 autem
1160 2321 1380 2374 intentis
1429 2319 1745 2373 criminibus
1788 2318 1957 2370 teneri
1996 2318 2333 2387 {deprehensi

790 2423 937 2476 sunt,
992 2413 1105 2466 sive
1144 2410 1447 2470 Saeculares,
1481 2411 1593 2463 sive
1645 2411 1699 2462 in
1759 2410 1945 2463 eadem
1998 2426 2158 2462 causa
2217 2425 2337 2463 ver-

790 2512 975 2557 santes
1011 2504 1330 2573 presbyteri,
1364 2503 1463 2555 hos
1500 2516 1742 2554 censum
1769 2501 1834 2554 ad
1878 2510 2092 2568 tempus
2120 2499 2334 2553 inﬂicta:

789 2595 1001 2663 subjici,
1033 2594 1315 2664 siquidem,
1335 2602 1393 2646 ut
1412 2592 1666 2655 diximus,
1682 2592 1884 2646 crimen
1913 2600 2101 2644 notum
2129 2589 2329 2643 factum

793 2687 881 2750 sit,
914 2686 1072 2739 etiam
1105 2700 1203 2739 nos
1229 2683 1662 2753 pronuntiamus.
1711 2681 1916 2747 Quibus
1961 2689 2140 2734 autem
2194 2681 2338 2733 nulla

792 2778 999 2833 indulta
1026 2785 1109 2831 est
1134 2776 1310 2840 venia,
1339 2776 1404 2829 de
1433 2775 1512 2828 eis
1538 2789 1646 2828 non
1678 2773 1940 2827 habemus
1968 2772 2338 2842 quodjudice-

793 2882 932 2930 mus,
957 2866 1154 2935 quibus
1175 2865 1240 2918 de
1279 2865 1505 2918 crimine
1551 2879 1658 2917 non
1691 2871 1922 2916 constat.
1972 2861 2045 2914 De
2084 2863 2339 2932 episcopo

794 2967 970 3012 autem
1020 2956 1142 3020 hoc,
1192 2957 1485 3009 secundum
1535 2954 1825 3015 rationem,
1881 2963 1937 3006 et
1980 2967 2237 3014 canones.
2287 2962 2339 3006 ct

794 3064 1041 3112 examen,
1071 3057 1127 3102 et
1157 3047 1401 3101 terminis
1432 3045 1694 3115 processit
1719 3044 2005 3098 examinis.
2028 3043 2138 3098 Nos
2158 3056 2338 3098 autem

2439 580 2705 650 γνώμονι;
2743 584 2805 632 υἱ
2853 582 2951 650 μὲν
2979 577 3074 634 οὖν
3102 583 3182 644 εἰς
3221 583 3468 647 ἐξέτασιν
3501 587 3619 636 κατ’
3654 588 3823 652 ἀρχὰς
3853 604 4006 656 προ-

2437 671 2680 734 τεθέντες
2724 672 2987 740 τέσσαρες
3029 672 3409 742 πρεσϐύτεροι,
3455 675 3632 736 καλῶς
3681 675 3858 738 εὐθὺς,
3900 676 4006 741 τῆς

2436 764 2664 830 ἀλόγου,
2719 765 2814 816 καὶ
2865 763 3001 816 πολὺ
3053 766 3115 818 τὸ
3171 767 3352 819 ἄδικον
3425 767 3654 836 ἐχούσης
3714 769 4007 835 ἐπιτιμίας

2438 855 2777 924 ἀθωωθῆναι,
2813 855 3029 908 δικαίαν
3063 856 3243 925 ψῆφον
3270 859 3562 912 ἀπέλαϐον.
3591 860 3696 910 Καὶ
3721 862 3876 912 ἀνοιά
3915 878 4004 921 τις

2438 947 2713 1012 ἀλόγιστος
2733 949 2798 1016 τῇ
2820 948 3009 1018 δικαίᾳ
3026 949 3188 1019 ψήφῳ
3202 951 3580 1020 ἀντέκρουσεν.
3602 953 3672 1002 Οὐ
3693 953 3797 1020 γὰρ
3819 954 4002 1012 ἔστιν,

2437 1038 2536 1088 οὑκ
2576 1037 2720 1088 ἐστιν
2767 1039 2832 1089 ἐκ
2873 1041 3204 1108 κατηγορίας
3267 1041 3456 1109 μόνης,
3499 1041 3600 1092 κάν
3648 1042 3854 1110 μικρὸν,
3893 1045 4007 1094 κᾶν

2442 1129 2606 1197 μέγα,
2637 1128 2738 1182 κᾶν
2761 1131 2867 1181 τῶν
2888 1131 3159 1199 μεγίστων
3206 1133 3290 1200 εἴη
3331 1133 3392 1182 τὸ
3421 1133 3668 1200 αἰτίαμα,
3695 1135 3826 1203 μηδὲ
3861 1137 4006 1203 μιᾶς

2439 1221 2764 1284 ἀποδείξεως
2809 1224 2873 1289 τῇ
2917 1222 3066 1290 αἰτίᾳ
3118 1223 3514 1292 περιτεθείσης,
3559 1226 3816 1292 οὐμενοῦν
3867 1229 4002 1279 οὔτε

2442 1313 2590 1380 ἱερέα
2617 1312 2710 1364 τοῦ
2752 1315 2952 1365 οἰκείου
2985 1313 3192 1382 βαθμοῦ
3240 1318 3655 1386 παρενεχθῆναι,
3697 1319 3818 1371 οὗτε
3869 1323 4005 1372 τινὰ

2438 1405 2718 1473 ἐπιτιμίαν
2762 1405 2926 1474 ἄλλην
2977 1407 3390 1477 εἰσπραχθῆναι.
3443 1410 3596 1462 Οὖτω
3653 1412 3756 1479 γὰρ
3787 1415 3868 1479 εἴη
3934 1415 4005 1465 ἂν

2443 1494 2582 1562 μέγα
2611 1496 2796 1564 κέρδος
2817 1500 2926 1558 τοῖς
2963 1499 3342 1564 συκοφάνταις,
3371 1501 3452 1551 ὅτι
3496 1502 3589 1552 καί
3629 1502 3701 1570 μὴ
3742 1502 4006 1563 λαϐόντες

2440 1581 2520 1648 οἷς
2551 1587 2778 1656 ᾐτιῶντο
2794 1590 2919 1651 τοὺς
2945 1589 3236 1650 ἀναιτίους.
3288 1591 3362 1651 ὡς
3402 1591 3703 1654 ἑαλωκότας
3737 1591 3870 1644 εἶδον
3898 1595 4005 1655 τὴν

2439 1677 2594 1745 δίκην
2623 1678 3039 1745 ἀπαιτηθέντας.
3064 1680 3172 1731 Καὶ
3198 1680 3281 1740 τίς
3312 1679 3375 1730 ἂν
3405 1681 3650 1748 εὑρεθείη
3678 1683 3861 1751 πόρος,
3897 1685 4006 1748 τῆς

2442 1767 2749 1834 παραλόγου
2785 1769 2990 1837 ταύτης
3017 1771 3188 1839 φορᾶς
3218 1771 3576 1840 κυρωθείσης,
3612 1774 3676 1823 δι’
3709 1770 3764 1827 οὑ
3794 1777 3854 1827 τὸ
3885 1777 4004 1843 μά-

2437 1876 2538 1927 την
2565 1861 3036 1929 κατηγορούμενον
3071 1861 3170 1924 τὰς
3195 1861 3364 1923 λαϐὰς
3395 1864 3502 1914 τῶν
3547 1870 4000 1932 συκοφαντησάν-

2435 1968 2542 2002 των
2581 1951 2958 2016 διαφεύξεταις
2986 1953 3124 2014 Τοὺς
3147 1948 3241 2006 οὖν
3282 1953 3365 2021 ἐφ’
3422 1949 3502 2014 οἷς
3540 1958 4004 2026 κατηγορήθηταν

2439 2043 2511 2108 μὴ
2537 2040 2906 2108 ἐλεγχθέντας,
2930 2042 3136 2104 ἀθώους
3165 2045 3298 2105 τέως
3328 2046 3360 2112 ἡ
3389 2047 3420 2113 ἡ
3432 2045 3546 2113 μῶν
3578 2049 3880 2116 μετριότης,
3919 2051 4001 2110 ὡς

2438 2133 2528 2182 καὶ
2555 2134 2586 2200 η
2616 2134 2734 2184 κατ’
2786 2134 2960 2203 ἀρχὰς
2997 2135 3149 2203 ὑμῶν
3212 2136 3548 2206 προελθοῦσα
3577 2140 3771 2206 ψῆφος,
3806 2143 4001 2210 πάσης

2438 2225 2731 2293 καταδίκης
2770 2226 3016 2294 ἀφίησιν.
3047 2229 3199 2279 Ὅσοι
3229 2229 3284 2280 δὲ
3312 2231 3425 2293 τοῖς
3453 2231 3788 2300 ἐγκλήμασιν
3815 2234 3998 2285 ἑαλω-

2438 2317 2591 2378 κότες
2643 2317 2931 2384 κατάδηλοι
2987 2319 3376 2388 καθεστήκασι,
3423 2323 3549 2385 τούς
3582 2341 3642 2375 τε
3692 2327 4001 2392 κοσμικούς

2440 2425 2602 2474 φημι,
2634 2409 2728 2458 καὶ
2767 2411 2893 2471 τοὺς
2940 2411 3036 2462 σὺν
3079 2412 3261 2472 αὐτοῖς
3289 2413 3642 2480 ὲταζομένους
3689 2417 4003 2484 πρεσϐυτέ-

2443 2512 2587 2562 ρους,
2619 2496 2838 2559 τούτους
2887 2498 3173 2564 φυλάττειν
3215 2499 3277 2552 τὸ
3329 2501 3659 2573 πρόσκαιρον
3689 2506 4001 2573 ἐπιτίμιον,

2440 2586 2505 2638 ἂν
2533 2589 2608 2648 ὡς
2663 2587 2891 2656 ἔφημεν,
2939 2590 3177 2654 γνωστὸν
3229 2592 3464 2662 κατέστη
3509 2593 3570 2645 τὸ
3615 2595 3858 2663 αἰτίαμα,
3891 2600 4001 2648 καὶ

2440 2679 2598 2746 ἡμεῖς
2623 2679 3049 2747 ἀποφαινόμεθα.
3088 2681 3220 2749 Περὶ
3251 2682 3306 2733 δὲ
3333 2680 3406 2735 ὧν
3435 2685 3656 2754 οὐδεμία
3686 2688 3998 2757 συγγνώμη

2440 2769 2668 2838 προέϐη,
2696 2770 2848 2821 οὐδὲν
2872 2771 3003 2838 ἡμῖν
3033 2771 3361 2840 παρίσταται
3391 2775 3574 2841 φάναι,
3619 2777 3811 2846 ἀδήλου
3851 2781 4002 2845 ἡμῖν

2443 2859 2834 2930 καθεστηκότος
2855 2860 2949 2914 τοῦ
2979 2863 3329 2932 ἀδικήματος.
3367 2865 3475 2917 Καὶ
3521 2867 3649 2935 περὶ
3690 2869 3999 2922 ἐπισκόπου

2439 2951 2495 3002 δὲ
2526 2951 2700 3015 τοῦδε,
2735 2951 3028 3014 ἀξιολόγως
3063 2954 3181 3021 μὲν,
3229 2955 3322 3006 καὶ
3354 2959 3671 3020 κανονικιῖκ,
3702 2961 3792 3011 καὶ
3833 2963 3864 3027 ὴ
3891 2961 4003 3029 ζή-

2439 3059 2615 3112 τησις,
2645 3044 2821 3095 καὶτὸ
2853 3043 3023 3114 πέρας
3049 3044 3284 3114 προῆλθε
3319 3047 3416 3114 τῆς
3460 3049 3770 3111 ἐξετάσεως.
3811 3049 4003 3117 Ἦμᾶς

794 3141 859 3193 ad
905 3138 1397 3192 consternationem
1457 3151 1565 3189 non
1629 3136 1813 3188 mirari
1865 3151 1972 3188 non
2029 3151 2335 3203 possumus,
2367 3148 2411 3209 ς
2440 3131 2468 3183 δ

2323 3178 2335 3198 ,
2367 3148 2411 3209 C
2440 3131 2495 3183 δὲ
2542 3132 2852 3202 ἐκπλήξεως
2877 3134 3198 3204 παρέπεμψε
3243 3135 3497 3206 θαύματι,
3529 3139 3673 3200 ὅπως
3712 3141 3999 3201 παντελῶς

795 3247 951 3301 quam
982 3243 1202 3298 prorsus
1243 3229 1418 3280 alieno
1445 3242 1473 3279 a
1509 3229 1758 3295 przescnti
1818 3240 2080 3279 sermone
2112 3225 2341 3278 Amasize

798 3322 1053 3375 antistitis
1083 3320 1273 3374 litterae
1296 3329 1352 3372 et
1385 3327 1608 3370 narrent
1641 3326 1695 3370 et
1732 3318 2042 3386 subjiciant.
2070 3317 2202 3370 Nam
2243 3317 2342 3370 ali-

795 3428 952 3481 quem
975 3427 1035 3465 ex
1060 3409 1362 3464 testimonio
1387 3408 1658 3468 ordinare.
1685 3406 1898 3461 etiamsi
1928 3407 2178 3477 indignus
2198 3418 2345 3478 post-

798 3518 859 3557 ea
907 3502 1357 3571 deprehendatur,
1416 3499 1753 3553 ordinantem
1819 3499 1989 3566 culpae
2051 3499 2341 3552 obnoxium

799 3609 904 3647 non
959 3591 1150 3646 reddit.
1187 3590 1345 3658 Atqui
1390 3589 1525 3642 nihil
1552 3588 1656 3641 tale
1716 3588 1832 3642 ista;
1872 3588 2068 3640 litterze
2122 3588 2344 3640 demou-

801 3685 1064 3744 strabant,
1093 3682 1220 3749 quin
1246 3682 1363 3750 ejus
1384 3679 1713 3733 contrarium
1765 3678 2073 3730 narrabant.
2120 3677 2342 3730 Rectum

799 3785 978 3828 autem
1007 3776 1130 3837 crit,
1172 3774 1360 3826 adesse
1386 3781 1443 3825 et
1473 3785 1566 3824 eos
1592 3772 1683 3839 qui
1719 3769 1897 3822 testati
1928 3779 2074 3830 sunt,
2107 3783 2226 3820 cum
2257 3783 2342 3818 or-

799 3866 1130 3921 dinationem
1183 3864 1275 3933 qui
1313 3864 1586 3916 incusatur
1616 3860 1876 3930 suscepit,
1923 3869 1981 3911 ut
2031 3859 2344 3910 innoccnles

799 3964 854 4008 et
905 3953 1183 4022 inculpati,
1234 3951 1399 4004 etiam
1470 3951 1703 4018 iniquius
1762 3965 1885 4018 erga
1953 3947 2343 4000 absolutionem

801 4053 1026 4100 t’ratrum
1065 4044 1296 4106 allectis,
1342 4050 1397 4095 et
1427 4041 1649 4094 omnino
1678 4040 1802 4091 odio
1851 4038 2193 4096 habentibus,
2253 4037 2344 4088 dc~

805 4142 1213 4188 monstrentur:
1267 4139 1322 4182 et
1367 4128 1460 4182 Dei
1519 4129 1789 4188 sacerdos,
1839 4127 1892 4178 in
1949 4126 2122 4178 nihilo
2154 4140 2342 4177 eorum

800 4242 918 4295 quae
941 4222 1170 4276 antistiti
1202 4221 1553 4284 conveniunt,
1607 4218 2011 4271 innovationem
2058 4217 2342 4268 sustineat.

803 4319 1128 4388 Synodicum
1151 4323 1331 4368 autem
1363 4315 1431 4367 de
1452 4311 1854 4379 diSpensatione
1893 4310 2173 4377 scriptum,
2199 4307 2341 4375 quod

800 4409 1263 4476 archiepiscopum
1286 4404 1555 4458 Caesareae
1589 4402 1904 4469 inscriptum
1953 4399 2135 4460 habet,
2173 4406 2227 4450 et
2277 4412 2343 4450 ex

2441 3223 2695 3293 ἀλλότρια
2719 3228 2817 3294 τῆς
2839 3227 3119 3295 παρούσης
3147 3227 3448 3296 διηγήσεως
3477 3230 3536 3282 τὸ
3559 3231 3651 3282 τοῦ
3695 3232 3750 3282 Ἀ
3763 3232 4002 3299 μασείας

2439 3315 2670 3385 γράμμα
2700 3317 2794 3369 κα)⁸
2820 3319 3118 3386 ἀπήγγειλε
3145 3321 3237 3370 καὶ
3265 3321 3568 3374 ὑπετίθετο.
3598 3322 3670 3374 Τὸ
3701 3324 3809 3392 γὰρ
3849 3326 4001 3392 μετά

2445 3405 2733 3476 μαρτύρων
2754 3409 3123 3478 χειροτονῆσαι
3143 3428 3285 3472 τινα,
3321 3412 3422 3464 κᾶν
3444 3412 3666 3483 ὕστερον
3690 3416 3718 3466 ὁ
3761 3433 4002 3484 χειροτο-

2441 3494 2620 3561 νηθεὶς
2641 3497 2855 3559 ἀνάξιος
2886 3499 3216 3568 ἀπελεγχθῇ,
3241 3501 3391 3552 οὐδὲν
3416 3503 3692 3571 πρόκριμα
3716 3505 3792 3572 τῷ
3816 3523 4003 3574 χειρο-

2440 3587 2718 3652 τονήσαντι
2745 3587 2970 3653 γίνεται,
3005 3583 3104 3640 Ὧν
3131 3591 3280 3642 οὐδὲν
3329 3591 3389 3642 τὸ
3419 3594 3651 3660 γράμμα
3700 3595 3998 3664 ὑπεδήλου.

2441 3677 2571 3728 ἀλλά
2601 3678 2694 3730 καὶ
2721 3679 2976 3732 τάναντία
3005 3682 3294 3750 διήγγειλε.
3332 3686 3507 3737 Καλὸν
3547 3687 3599 3738 δὲ
3629 3691 4000 3755 παρουσιάσαι

2441 3770 2535 3821 καὶ
2565 3771 2758 3833 αὐτοὺς
2784 3773 2906 3834 τοὺς
2937 3775 3033 3842 τὴν
3064 3778 3366 3846 μαρτυρίαν
3398 3779 3747 3846 ὑποσχόντας,
3779 3784 3863 3833 ἣτε
3895 3785 4000 3850 τὴν

2443 3861 2771 3930 χειροτονίαν
2792 3865 2820 3915 ό
2849 3865 3094 3927 ὑπαίτιος
3121 3868 3397 3937 ἀνεδέχετο
3423 3886 3437 3900 ο
3465 3870 3539 3930 ὡς
3561 3871 3625 3922 ἂν
3656 3875 3999 3941 πανταχόθεν

2440 3953 2499 4003 τὸ
2529 3953 2765 4021 καθαρὸν
2804 3955 2894 4005 καὶ
2916 3956 3298 4024 ἀνεπίληπτον,
3335 3960 3427 4009 καὶ
3453 3964 3558 4022 τοῖς
3581 3964 3999 4029 ἀγνωμονέστε-

2444 4065 2533 4115 ρον
2567 4049 2693 4116 περὶ
2741 4049 2838 4115 τὴν
2884 4049 3128 4102 ἀθὼωσιν
3186 4053 3292 4102 τῶν
3341 4053 3581 4121 ἀδελφῶν
3623 4056 3996 4123 διακειμένοις

2442 4137 2736 4199 παντελῶς,
2777 4141 2867 4190 καὶ
2918 4141 3184 4207 μισοῦσιν,
3251 4145 3628 4213 ἀποκαλυερθῇ,
3690 4147 3781 4197 καὶ
3833 4151 3861 4200 ό
3897 4149 3998 4200 τοῦ

2441 4228 2573 4279 Θεοῦ
2602 4232 2908 4300 ἀρχιερεὺς,
2936 4234 2981 4282 εί
3020 4233 3183 4301 μηδὲν
3208 4234 3314 4285 τῶν
3345 4236 3651 4302 ἀνηκόντων
3675 4237 3997 4305 ἀρχιερεῦσι

2442 4320 2538 4385 τὴν
2572 4324 2912 4389 καινοτιμίαν
2948 4323 3030 4391 εἴη
3077 4324 3333 4386 ὑποστάς.
3370 4324 3441 4376 Τὸ
3479 4325 3532 4376 δὲ
3583 4327 3854 4378 συνοδικδν
3896 4329 4001 4395 τῆς

2443 4413 2758 4479 οἰκονομίας
2814 4413 3062 4482 γράμμα,
3093 4414 3119 4466 δ
3150 4417 3238 4467 τὸν
3273 4417 3694 4484 ἀρχιεπίσκοπον
3739 4417 3847 4486 ἔχει
3897 4419 4000 4486 τῆς

804 4509 980 4554 mente
1011 4505 1197 4550 nostra
1224 4496 1513 4563 scriptum,
1547 4502 1600 4546 et
1628 4508 1693 4545 ex
1724 4500 1859 4544 nutu
1886 4498 2074 4544 nostro
2121 4489 2339 4541 missum
2366 4492 2418 4550 D
2452 4501 2481 4551 κ

2320 4504 2339 4539 1
2366 4492 2418 4550 D
2452 4501 2780 4569 Καισαρείας
2810 4505 3258 4571 προταττόμενον,
3279 4504 3469 4574 γνώμῃ
3489 4522 3548 4556 τε
3569 4507 3808 4574 ἡμετέρα
3828 4508 3997 4575 ἐγρά-

801 4601 916 4644 est:
956 4604 1055 4642 nec
1084 4588 1402 4656 quidquam,
1452 4595 1512 4638 ut
1555 4585 1772 4652 opinor,
1832 4583 1916 4635 vel
1962 4592 2157 4650 praeter
2213 4594 2344 4633 con-

801 4680 1102 4739 scientiam,
1124 4677 1206 4729 vel
1228 4676 1393 4729 sacris
1424 4674 1652 4743 Spiritus
1674 4673 1883 4742 legibus
1906 4672 2189 4724 adversum
2214 4683 2343 4721 con-

802 4774 956 4826 tinet.
979 4769 1163 4839 lllagna
1195 4768 1338 4820 enim
1368 4776 1451 4820 est
1478 4765 1778 4819 dilIerentia
1811 4771 2154 4832 peccatorum
2189 4762 2344 4830 igno-

802 4865 1007 4922 rantiae,
1041 4860 1107 4911 ab
1145 4859 1222 4911 eis
1247 4874 1364 4926 quae
1395 4874 1422 4910 a
1469 4856 1764 4910 scientibus
1804 4863 1990 4908 contra
2035 4854 2123 4921 jus
2159 4851 2343 4920 fasque

802 4953 1237 5022 proticiscuntur.
1271 4952 1432 5012 Sane,
1459 4948 1797 5002 sacerdotum
1829 4956 1883 4997 et
1904 4945 2341 4998 Christianorum

803 5044 1174 5098 defunctorum
1232 5043 1471 5111 neglecta
1512 5056 1664 5100 cura,
1720 5048 1774 5092 et
1819 5037 2135 5092 Psalmodia:
2180 5051 2344 5089 sacra:

804 5137 1074 5188 omissum
1128 5134 1364 5186 debitum
1431 5132 1683 5191 ollicium,
1750 5129 2058 5183 necessario
2117 5143 2236 5186 nos.
2279 5129 2344 5182 de

801 5239 991 5280 exacto
1016 5241 1287 5280 sacrorqu
1332 5239 1536 5278 canone
1562 5222 1625 5275 ad
1660 5221 1710 5274 id
1733 5221 1875 5289 quod
1910 5229 1991 5273 est
2035 5219 2341 5286 benignius,

804 5316 1076 5367 remittere
1094 5315 1252 5382 cogit.
1275 5313 1378 5365 Sed
1403 5314 1518 5365 haec
1543 5312 1678 5364 forte
1699 5310 2029 5378 superﬂuum
2052 5318 2134 5361 est
2153 5309 2343 5362 scienti

810 5405 1012 5459 dicere.
1040 5404 1283 5473 Capitula
1312 5413 1488 5456 autem
1520 5401 1850 5455 deﬁnitionis
1884 5411 1940 5452 ut
1971 5400 2187 5452 instanti
2213 5408 2346 5451 tem-

803 5512 934 5564 pore
969 5495 1083 5548 ﬁcri
1117 5495 1307 5562 potuit,
1359 5493 1578 5546 formari
1616 5492 1973 5545 decrevimus.
2001 5489 2100 5555 Qui
2130 5491 2345 5559 quidem

803 5595 926 5638 ante
957 5602 1068 5639 rem
1107 5594 1461 5638 contestatam
1491 5583 1717 5652 digamis
1764 5582 2178 5643 benedixerunt,
2233 5592 2344 5634 tum

803 5686 1021 5743 propter
1051 5675 1427 5744 ignorantiam,
1457 5683 1568 5725 tum
1596 5673 1738 5740 quod
1782 5672 1916 5724 nihil
1960 5673 2029 5723 ab
2077 5671 2347 5739 episcopis

800 5769 865 5821 de
886 5769 983 5822 hac
1012 5785 1066 5821 re
1086 5767 1433 5822 constitutum
1461 5765 1641 5830 fuerit,
1673 5780 1842 5832 neque
1870 5763 2085 5818 aliunde
2108 5776 2343 5818 exactam

2450 4607 2544 4658 φη,
2596 4592 2690 4641 καὶ
2722 4592 2787 4642 δι’
2818 4595 3115 4662 ἐπιτροπῆς
3146 4597 3450 4663 ἀπεστάλη·
3483 4598 3573 4647 καὶ
3621 4598 3791 4657 οὐδὲν,
3821 4594 3998 4662 οἶμαι,

2448 4679 2570 4732 οὔτε
2598 4683 2744 4749 παρὰ
2782 4685 3080 4751 συνείδησιν
3107 4684 3239 4753 ἔχει,
3276 4685 3397 4737 οὗτε
3419 4689 3531 4749 τοῖς
3566 4689 3725 4756 ἱεροῖς
3758 4692 4003 4757 μαχόμε-

2450 4787 2538 4820 νον
2549 4770 2640 4821 τοῦ
2658 4771 2794 4826 Πνεύ
2804 4789 2964 4839 ματος
2986 4771 3233 4844 [νόμοις].
3264 4775 3432 4843 Πολλὴ
3458 4776 3564 4845 γάρ
3588 4779 3620 4845 ἡ
3640 4776 3868 4848 διαφορά
3891 4779 4001 4828 τῶν

2450 4860 2510 4922 ἐξ
2537 4860 2756 4926 ἀγνοίας
2788 4864 3213 4932 ἁμαρτημάτων,
3245 4867 3379 4933 πρὸς
3418 4869 3513 4929 τὰς
3556 4869 3614 4918 ἐν
3668 4867 3864 4932 γνώσει
3906 4871 4004 4921 καὶ

2453 4949 2589 5014 μετὰ
2613 4952 3066 5020 καταφρονήσεως
3107 4953 3396 5020 προίούσας
3431 4954 3717 5022 ἀθεμίτους
3748 4957 3998 5023 πράξεις.

2450 5038 2560 5090 Καὶ
2593 5040 2777 5108 ἱερέων
2805 5041 2861 5092 δὲ
2881 5042 2973 5093 καὶ
3001 5042 3337 5110 Χριστιανῶν
3373 5046 3746 5112 ἀποιχομένων
3774 5047 4003 5113 οὐδεμία

2453 5132 2690 5200 φροντὶς,
2719 5131 2824 5182 οὐδ’
2869 5132 3186 5200 ὑμνολογίας
3238 5135 3589 5204 ὀφειλομένης
3624 5137 3743 5203 ἱερὰ
3782 5137 3999 5205 τελετὴ,

2452 5219 2568 5281 πῶς
2616 5221 2712 5271 οὐκ
2745 5221 2809 5273 ἀν
2858 5223 3188 5285 ὲκὸιάσαιτο,
3237 5225 3321 5274 ἐπ’
3359 5227 3705 5294 οἰκονομίαν,
3751 5227 3858 5278 ἀπὸ
3903 5229 4002 5297 τῆς

2451 5312 2733 5379 ἀκριϐείας
2776 5312 2881 5364 τῶν
2915 5313 3069 5364 θείων
3116 5316 3427 5384 μυστηρίων
3472 5319 3799 5382 ἀποκλίναι;
3859 5319 4005 5370 Ἀλλ’

2455 5402 2580 5460 ἴσως
2612 5401 2781 5452 ταῦτα
2829 5404 3076 5470 περιττὸν
3125 5406 3262 5473 πρὸς
3297 5406 3472 5459 είδότα
3529 5408 3723 5474 λέγειν.
3778 5409 3910 5477 Περὶ
3946 5411 4006 5461 δὲ

2451 5495 2557 5543 τῶν
2591 5494 2914 5559 κεφαλαίων,
2967 5496 3147 5547 ἐκεῖνα
3178 5497 3312 5558 τέως
3350 5497 3424 5560 ὠς
3457 5500 3511 5549 ὲν
3543 5499 3717 5568 καιρῷ
3749 5501 4006 5551 κατεπεί-

2451 5601 2599 5650 γοντι
2630 5584 2940 5650 τυπωθῆναι
2969 5585 3288 5654 διέγνωμεν.
3323 5589 3474 5639 Ὅσοι
3504 5589 3603 5657 μὲν
3629 5591 3733 5657 πρὸ
3764 5591 3864 5658 τῆς
3887 5592 4006 5642 δια-

2456 5673 2758 5742 μαρτυρίας
2801 5675 2926 5735 τοὺς
2970 5675 3228 5741 διγάμους
3271 5677 3605 5745 ηὑλόγησαν,
3661 5679 3749 5732 διά
3796 5697 3854 5731 τε
3905 5681 4007 5748 τὴν

2454 5763 2694 5830 ἄγνοιαν,
2727 5763 2817 5815 καὶ
2839 5763 2924 5816 διά
2947 5763 3006 5816 τὸ
3031 5765 3190 5834 μηδὲν
3221 5765 3366 5835 παρά
3391 5766 3497 5820 τῶν
3526 5767 3842 5821 ἐπισκόπων
3872 5772 4003 5835 περὶ
