4248 6444
239 408 347 472 785

1386 426 1916 489 EPISTOLARUM
1955 433 2184 497 LIBER
2224 441 2270 500 Ι.

3359 455 3459 515 786

229 523 333 624 τῇς
378 540 632 595 τοιαύτης
675 529 1131 602 ἐξασφαλισθῆναι
1190 537 1458 607 πράξεως,
1518 543 1653 611 μήτε
1690 542 1796 610 μὴν
1824 549 1871 605 Α

1830 549 1871 605 Α
1900 563 2168 606 canonum
2197 554 2544 624 disciplinam
2575 560 2847 624 noverint,
2892 570 2945 615 et
2994 572 3277 632 propterea
3326 567 3460 634 lapsi

229 615 344 663 τῶν
394 618 633 671 κανόνων
670 621 966 692 ἀλλαχόθεν
1013 626 1299 697 ἀκρίϐειαν
1338 632 1550 701 μαθεῖν,
1586 636 1679 685 καὶ
1707 634 1796 686 διὰ

232 705 407 758 ταῦτα
435 708 512 778 τῷ
540 713 764 783 τοιούτῳ
807 716 1114 787 ὡλίσθησαν
1155 721 1430 790 πτώματι,
1467 727 1515 778 οἱ
1565 726 1796 779 τοιοῦτοι

233 796 475 863 πάντως,
509 803 557 853 εί
616 807 743 872 μήτι
770 807 917 871 ἄλλο,
973 810 1089 864 ἀλλ’
1139 814 1196 864 ὲν
1229 815 1337 883 ὅσῳ
1384 832 1447 883 γε
1497 818 1673 888 χρόνῳ
1704 817 1797 870 τὸν

228 889 462 959 δίγαμον
520 895 617 961 τῆς
661 904 945 964 κοινωνίας
984 904 1091 955 τῶν
1128 907 1371 975 φρικτῶν
1404 910 1716 980 μυστηρίων
1748 913 1795 962 οἱ

232 984 393 1050 νόμοι
422 985 512 1036 τοῦ
548 988 869 1057 Πνεύματος
902 996 1328 1065 ἁποκωλύουσιν,
1349 1000 1405 1051 ἐν
1424 1002 1678 1072 τοσούτῳ,
1704 1004 1797 1055 καὶ

230 1076 259 1123 ὁ
302 1078 625 1145 παραλόγως
658 1085 756 1153 τὴν
785 1087 1031 1154 εὐλογίαν
1058 1091 1170 1152 τοῖς
1221 1094 1646 1161 συναπτομένοις
1672 1098 1794 1147 ἐπι-

230 1165 434 1231 τεθεὶς,
469 1171 567 1239 τῆς
604 1176 906 1247 ἱερουργίας
928 1183 1364 1252 ἐπισχεθήσεται.
1384 1186 1443 1236 El
1469 1188 1541 1256 μή
1576 1205 1659 1248 τις
1689 1188 1797 1257 ἄρα

231 1264 554 1329 κατεπείγει
592 1271 747 1337 χρεία
776 1273 1171 1344 ἀπαιραίτητοε
1204 1276 1360 1346 άλλη,
1394 1279 1488 1331 καὶ
1521 1279 1794 1344 παντελῶς

232 1353 664 1430 ἀπραγμοσύνη,
703 1364 794 1414 καὶ
834 1364 946 1432 βίος
971 1367 1127 1430 ἄλλος
1158 1369 1429 1439 ἐπίσημος
1457 1372 1553 1423 τοῦ
1583 1373 1791 1440 ἀνδρός.

240 1444 310 1495 Ἀ
348 1447 608 1514 πολλάκις
653 1455 802 1523 παρὰ
832 1460 943 1519 τοῖς
970 1459 1250 1529 Πατράσιν
1298 1463 1473 1531 ἡμῶν,
1504 1464 1569 1515 δι’
1597 1464 1798 1515 οἰκονο-

236 1534 393 1599 μίαν,
441 1539 539 1606 τῆς
597 1544 879 1612 ἀκριϐείας
915 1546 1069 1617 ὤφθη
1107 1554 1520 1620 περιγεγονότα,
1573 1555 1664 1606 καὶ
1705 1556 1797 1606 τὸν

233 1627 431 1693 χρόνον
486 1631 586 1697 τῆς
637 1636 917 1704 ἐπιτιμίας
954 1642 1251 1709 συνάγοντα
1292 1644 1426 1711 πρὸς
1460 1646 1519 1695 τὸ
1554 1645 1790 1697 ἔλαττον.

234 1716 475 1771 Γυναῖκα
505 1723 560 1773 δὲ
595 1728 743 1796 παρά
779 1730 875 1794 μὲν
905 1731 999 1782 τοῦ
1026 1732 1315 1786 θεσπεσίου
1361 1736 1570 1787 Παύλου
1615 1754 1792 1806 μεμα‹

236 1806 486 1876 θήκαμεν
540 1816 914 1872 ἀποϐαλοῦσαν
949 1823 1038 1874 τὸν
1076 1824 1263 1891 ἄνδρα,
1296 1827 1567 1897 δευτέροις
1597 1830 1794 1897 γάμοις

233 1899 496 1967 ὁμιλῆσαι
555 1910 880 1979 συγγνώμην
921 1913 1207 1968 λαϐοῦσαν.
1241 1918 1415 1970 Πολλὰ
1456 1920 1562 1988 γὰρ
1605 1921 1672 1972 τὰ
1700 1938 1795 1987 γυ·
1832 1906 1872 1963 Β

235 1993 453 2041 ναικεῖα
480 1996 905 2067 ἀρρωστήματα,
944 2005 1036 2055 καὶ
1059 2006 1323 2059 δυσωπεῖν
1359 2011 1536 2074 ἱκανὰ,
1565 2012 1635 2080 μὴ
1662 2013 1797 2081 πρὸς

233 2080 338 2148 τὴν
366 2082 524 2149 φύσιν
556 2089 661 2139 τῶν
690 2092 897 2160 ἀνδρῶν
928 2096 1022 2164 τὴν
1046 2100 1267 2151 ἐκείνων
1297 2102 1575 2154 ἀσθένειαν
1603 2106 1795 2157 ἐκϐιά-

235 2171 448 2233 ξεσθαι.
489 2180 686 2249 Ἀνδρα
720 2183 773 2235 δὲ
823 2187 921 2237 οὐκ
953 2188 1107 2256 ίσμεν
1158 2192 1256 2259 τῆς
1283 2194 1447 2261 αὐτῆς
1476 2196 1796 2263 συγγνιέιμης

234 2266 395 2331 παρὰ
442 2267 549 2318 τῶν
598 2272 967 2329 ἀποστολικῶν
1004 2278 1299 2342 ἀξιωθέντα
1342 2284 1685 2352 σπλάγχνων,
1718 2287 1797 2337 διὸ

234 2356 334 2406 καὶ
359 2358 420 2408 τὸ
452 2360 720 2428 ἐπιτίμιον
771 2368 864 2417 τοῦ
899 2368 995 2435 μὲν
1044 2375 1275 2436 γυναῖκα
1304 2374 1531 2443 δίγαμον
1566 2377 1794 2444 εὐλογὴ-

238 2462 455 2511 σαντος,
482 2450 511 2518 ῆ
539 2452 647 2503 οὐδ’
671 2454 804 2518 ὅλως
839 2459 870 2527 ἢ
900 2461 1033 2511 πολὺ
1067 2464 1391 2532 κουφότερον
1418 2465 1567 2516 ἔσται
1598 2465 1690 2516 τοῦ
1718 2468 1797 2518 δί-

235 2556 417 2609 γαμον
467 2542 635 2613 ἄνδρα
700 2548 1109 2620 εὐλογήσαντος.
1169 2556 1232 2606 Οἱ
1284 2556 1339 2607 δὲ
1384 2556 1799 2625 ἁπολελυμένως

236 2632 605 2701 ἁρμοζόμενοι
637 2641 898 2706 γυναιξὶν,
938 2645 1169 2714 ἐπείπερ
1202 2648 1233 2716 ή
1268 2648 1461 2715 πρᾶξις
1493 2650 1589 2718 οὐχ
1626 2650 1795 2716 ἁπλῆ,

236 2723 364 2775 οὔτε
395 2727 455 2777 τὸ
491 2731 546 2779 ἐν
590 2732 771 2794 αὐτοῖς
817 2736 1089 2804 ἐπιτίμιον
1139 2740 1351 2806 πρόεισι
1396 2743 1661 2808 μονοειδές
1691 2760 1705 2773 ·
1739 2743 1799 2794 οὐ

245 2820 356 2885 μὴν
398 2821 505 2872 οὐδ’
534 2823 583 2873 οἱ
617 2825 836 2887 τούτους
894 2829 1239 2894 εὐλογοῦντες
1286 2833 1387 2883 ὑπὸ
1418 2834 1544 2900 μίαν
1587 2836 1799 2887 τελοῦσι

238 2910 422 2976 δίκην.
460 2914 618 2966 Ὅσαι
649 2918 747 2984 μὲν
776 2924 1030 2984 γυναῖκες
1068 2923 1413 2991 ἀπελύθησαν
1460 2926 1553 2977 τοῦ
1591 2928 1798 2997 ἀνδρὸς,

241 3002 454 3055 ἐκείνου
484 3008 583 3074 τὴν
614 3008 791 3060 αἰτίαν
839 3014 1277 3082 παρασχομένου,
1313 3017 1396 3083 ἐφ’
1428 3010 1471 3082 ᾧ
1500 3018 1596 3084 τῆς
1646 3036 1801 3086 φυσι-

241 3094 348 3160 κῆς
400 3095 612 3163 ὁμιλίας
667 3100 697 3168 ἡ
747 3098 1001 3153 ἀσθένεια
1048 3105 1468 3173 κατεκράτησεν,
1530 3101 1683 3159 αὗται
1714 3108 1798 3175 δὴ,

242 3181 427 3251 αὗται,
467 3190 514 3239 εἰ
545 3189 643 3256 μὲν
691 3196 985 3260 σωφρονεῖν
1026 3194 1251 3256 ἕλοιντο,
1288 3198 1443 3248 τοῦτο
1473 3198 1723 3266 ἄμεινον·
1756 3200 1800 3249 εἰ

242 3279 301 3329 δὲ
329 3282 421 3331 καὶ
449 3282 597 3351 ἀνδρὶ
628 3285 993 3338 συνάπτεσθαι
1030 3286 1318 3355 βούλοιντο,
1352 3291 1445 3340 καὶ
1477 3290 1633 3341 τοῦτο
1662 3292 1798 3341 ἀκα-

244 3371 552 3436 τάγνωστον
606 3374 795 3435 αὐταῖς
847 3393 925 3440 τε,
985 3379 1077 3429 καὶ
1109 3379 1160 3428 ετ
1202 3394 1345 3441 τινες
1380 3380 1650 3444 εὑρεθεῖεν
1694 3382 1803 3430 τῶν

249 3460 456 3533 ἱερέων,
483 3465 569 3516 διὰ
599 3466 696 3534 τῆς
717 3465 962 3533 εὐλογίας
987 3468 1076 3519 τὸν
1096 3469 1269 3537 γάμον
1297 3470 1667 3537 σεμνύνοντες.
1698 3471 1804 3521 Καὶ

244 3556 344 3625 τῆς
379 3558 631 3622 γυναικὸς
660 3558 757 3627 τὴν
793 3559 959 3628 αὐτὴν
986 3561 1364 3627 παρεχομένης
1388 3562 1584 3623 αἰτίαν,
1618 3556 1682 3629 ἦς
1710 3563 1801 3612 καὶ

246 3650 274 3697 ὁ
298 3647 567 3709 διαλυθεὶς
596 3649 733 3717 ἀνὴρ
753 3650 849 3717 τῆς
890 3649 1057 3715 αὐτῆς
1097 3650 1405 3718 ἐλευθερίας
1455 3650 1676 3717 ἠξίωτο,
1710 3653 1804 3701 καὶ

250 3742 281 3805 ἡ
319 3740 497 3807 μικρῷ
544 3740 774 3809 πρόσθεν
827 3744 1087 3810 εἰρημένη
1140 3744 1275 3809 γυνὴ
1325 3742 1636 3793 ἀπολαύσει.
1686 3744 1803 3795 Κᾶν

250 3831 403 3899 παρὰ
430 3832 526 3901 τὴν
559 3832 770 3901 ἡλικίαν
799 3832 853 3883 δέ
886 3850 1027 3894 τινες
1085 3834 1162 3894 εἰς
1223 3834 1513 3901 μνηστείαν
1558 3833 1803 3895 ἔλθωσιν,

248 3921 369 3976 εἶτα
403 3925 623 3985 τούτους
655 3927 681 3975 ὁ
701 3924 859 3991 νόμος
885 3924 970 3975 διὰ
993 3924 1051 3975 τὸ
1082 3925 1397 3993 παράνομον
1439 3924 1533 3977 ἀπ’
1562 3925 1805 3993 ἀλλήλων

246 4014 528 4083 διαστήσῃ,
562 4013 680 4063 οὐδὲ
726 4013 846 4064 τότε
895 4013 1000 4062 οὐδ’
1055 4014 1240 4080 ἕτερον
1293 4013 1401 4065 τῶν
1446 4014 1807 4080 διισταμένων

249 4106 577 4174 προσώπων,
601 4106 658 4157 ἐν
687 4104 856 4173 λαῖκῷ
876 4104 1115 4172 δηλονότι
1133 4103 1519 4173 ἐξεταζόμενον
1542 4106 1803 4174 τάγματι,

250 4199 385 4266 πρὸς
415 4198 598 4265 ἕτερον
634 4198 861 4264 νόμ;μον
889 4197 1177 4264 ἐρχόμενον
1210 4196 1384 4265 γάμον
1424 4197 1651 4259 εὐθύνας
1710 4198 1809 4264 ὑφ-

250 4288 384 4351 έξει.
437 4287 494 4338 '0
530 4286 703 4354 δὲτὴν
750 4285 1152 4353 ἐκϐεϐλημένην
1199 4285 1290 4336 ἐπὶ
1322 4287 1533 4357 μοιχεία
1577 4289 1809 4354 γυναῖκα

250 4382 493 4447 θέμενος,
533 4378 639 4427 εἴτε
672 4377 1002 4444 γεγαμηκὼς
1025 4377 1130 4445 εἴη,
1162 4377 1271 4427 εἴτε
1306 4379 1397 4429 καὶ
1430 4378 1620 4445 γάμων
1645 4376 1808 4442 ἄγευ-

252 4486 397 4531 στος,
432 4470 615 4537 μοιχός
660 4469 719 4518 τὲ
754 4471 890 4532 ἐστι,
928 4470 1122 4535 καὶτῷ
1153 4469 1259 4521 τῶν
1305 4468 1504 4537 μοιχῶν
1553 4468 1808 4537 ἐπιτιμίῳ

248 4559 555 4611 ὑπόκειται.
590 4559 653 4609 El.
689 4559 745 4610 δὲ
765 4558 851 4609 διὰ
875 4558 1032 4626 μόνον
1060 4558 1248 4624 ἄλογον
1274 4560 1433 4627 μῖσος
1466 4560 1569 4609 ὑπὸ
1596 4558 1688 4609 τοῦ
1711 4561 1806 4609 ἁν-

248 4651 374 4717 δρδς
408 4653 501 4702 καὶ
534 4650 739 4703 ἄκουσα
776 4648 1092 4715 ἑξωσθεῖσα,
1135 4649 1354 4719 ἄμεινον
1390 4650 1485 4718 μὲν
1544 4652 1591 4701 εί
1648 4651 1807 4701 πάλιν

252 4743 390 4814 πρὸς
418 4745 507 4795 τὸν
542 4743 670 4794 ἴδιον
704 4742 1087 4813 ἐπαναστρέψῃ
1118 4741 1283 4811 ἄνδρα
1311 4757 1321 4769 ·
1351 4743 1399 4793 εἰ
1446 4742 1500 4793 δὲ
1536 4742 1632 4811 μὴ,
1666 4743 1806 4793 ἐκεί-

253 4853 343 4889 νου
384 4835 518 4903 πρὺς
548 4835 743 4903 ἑτέραν
765 4837 995 4901 γυναῖκα
1014 4834 1359 4902 χωρήσαντος
1390 4835 1515 4903 ἤδη,
1569 4836 1811 4901 μοιχείας

258 4927 357 4994 μὲν
391 4926 549 4993 αὕτη,
582 4925 945 4993 συνερχομένη
986 4924 1135 4993 ἀνδρὶ
1165 4925 1351 4993 ἑτέρῳ,
1380 4925 1478 4975 οὐκ
1517 4925 1582 4976 ἂν
1620 4924 1815 4990 ἐγκλῄ-

261 5038 389 5089 ματι
420 5019 796 5088 περιενεχθείή
818 5034 829 5045 ·
859 5020 919 5069 ού
956 5019 1137 5086 μέντοι
1167 5034 1228 5084 γε
1254 5021 1280 5069 ό
1311 5017 1511 5087 ἱερεὺς,
1551 5017 1620 5068 τὰ
1669 5033 1812 5069 νενο-

261 5112 495 5181 μισμένα
528 5110 789 5162 ἐπιτελῶν
825 5112 879 5161 ὲν
931 5110 1089 5177 αὐτῇ,
1126 5110 1186 5159 τὸ
1220 5108 1639 5176 ἀκατάγνωστον
1682 5108 1811 5173 ἕξει,

256 5203 393 5257 ἀλλά
430 5202 525 5270 τὴν
555 5200 648 5252 τοῦ
698 5202 961 5269 διγάμους
1009 5201 1402 5267 εὑλογήσαντος
1444 5200 1814 5267 ἀπαιτηθήσε-

257 5312 347 5347 ται
375 5294 547 5361 δίκην.
581 5294 653 5346 Τὸ
684 5294 741 5345 δὲ
775 5294 832 5358 ἐξ
874 5294 1068 5358 ἀλόγου
1119 5293 1435 5361 συμφωνίας
1482 5292 1812 5355 διαλύεσθαι,

263 5394 384 5444 ἐπεὶ
414 5392 560 5459 νόμῳ
589 5390 940 5458 κεκωλυμένη
960 5391 991 5458 ἡ
1013 5389 1235 5455 τοιαύτη
1264 5389 1436 5455 τόλμα
1460 5386 1813 5454 καθέστηκεν,

260 5483 382 5536 οὕτε
411 5484 501 5535 τὸν
532 5483 719 5551 ἄνδρα,
750 5483 880 5549 πρὸς
905 5482 1090 5549 ἕτερον
1134 5481 1520 5549 συνερχόμενον
1574 5479 1817 5529 συνοικέ-

264 5594 398 5639 σιον,
434 5577 499 5647 ἐᾷ
528 5576 836 5635 ἀνεύθυνον,
868 5575 988 5626 οὔτε
1020 5576 1114 5644 τὴν
1145 5577 1378 5641 γυναῖκα
1419 5572 1819 5640 διαπραττομέ-

262 5687 360 5740 νην
391 5671 449 5721 τὸ
507 5672 639 5722 ἴσον.
700 5669 913 5722 Μᾶλλον
968 5669 1065 5736 μὲν
1107 5665 1198 5721 οὖν
1258 5669 1349 5720 καὶ
1384 5667 1564 5718 ποιναὶ
1606 5666 1817 5735 βαρεῖαι

268 5764 473 5814 κεῖνται
506 5763 614 5824 τοῖς
640 5762 844 5829 νόμοις,
897 5763 944 5812 εἰ
997 5760 1220 5827 τοιαύτη
1270 5758 1464 5829 πρᾶξις
1500 5760 1577 5819 είς
1616 5758 1819 5825 τόλμαν

266 5853 562 5921 ἀχθήσεται
582 5867 594 5879 ⁸
632 5854 721 5905 καὶ
752 5852 905 5920 δῆλον
933 5851 1003 5913 ὡς
1032 5852 1121 5903 ἐπὶ
1148 5854 1255 5914 τοῖς
1288 5850 1544 5911 τοιούτοις
1582 5865 1819 5902 συνοικε-

1902 640 2031 705 sint,
2084 644 2137 696 hi
2186 648 2428 711 omnino,
2478 650 2519 701 si
2571 650 2706 703 nihil
2753 652 2918 715 aliud,
2963 654 3174 717 saltem,
3221 657 3457 723 quandiu

1904 734 2173 804 digamum
2202 737 2348 805 leges
2378 739 2685 807 spirituales
2717 746 3121 799 tremendorum
3173 748 3457 815 mysterio-

1905 840 2021 877 rum
2069 829 2453 882 communione
2502 834 2812 899 ploliibeut,
2873 836 3054 887 tandiu
3105 846 3159 889 et
3190 837 3311 904 ipsi,
3366 838 3455 906 qui

1906 917 2226 987 coniugibus
2265 930 2467 991 praeter
2507 924 2766 979 rationem
2816 926 3246 981 benedictionem
3284 929 3456 999 impo-

1903 1019 2146 1073 suerunt,
2199 1014 2365 1067 sacris
2421 1014 2683 1070 faciendis
2730 1018 3102 1073 abstinebunt.
3158 1020 3273 1073 Nisi
3337 1038 3457 1090 qua:

1902 1101 2003 1154 alia
2036 1102 2385 1172 implacabilis
2426 1117 2613 1174 urgeat
2644 1110 2959 1172 necessitas,
2992 1118 3046 1163 et
3082 1110 3305 1163 omnino
3345 1113 3454 1165 vita

1904 1195 2153 1257 hominis,
2188 1207 2296 1249 tum
2332 1200 2643 1268 tranquilla,
2671 1210 2783 1253 tum
2825 1202 3116 1256 notabilis:
3143 1220 3263 1270 quae
3287 1219 3453 1271 saepe-

1902 1300 2130 1339 numero
2159 1288 2300 1354 apud
2328 1289 2510 1343 Patres
2534 1301 2750 1344 nostros
2780 1293 3048 1360 aequitatis
3089 1293 3309 1357 intuitu,
3350 1311 3456 1362 prie

1902 1393 2091 1438 exacto
2124 1400 2330 1438 canone
2361 1386 2660 1441 obtinuisse
2686 1398 2918 1452 constat,
2943 1400 2999 1443 et
3040 1406 3282 1445 censurae
3318 1400 3455 1443 tem-

1905 1492 2005 1543 pus
2046 1477 2413 1530 abbreviasse.
2465 1477 2738 1531 Mulierem
2784 1490 2982 1539 autem.
3012 1481 3126 1535 viro
3178 1482 3453 1535 defuncto.

1902 1571 2153 1624 novimus
2173 1571 2387 1638 quidem
2417 1586 2446 1623 a
2477 1572 2734 1625 divinitus
2761 1573 3024 1641 inspirato
3050 1574 3217 1627 Paulo
3242 1576 3454 1629 veniam

1902 1663 2149 1730 adeptam
2194 1663 2460 1715 secundas
2509 1663 2728 1731 nuptias
2781 1665 3034 1717 adeundi.
3092 1664 3269 1717 Multa:
3308 1666 3454 1717 enim

1903 1765 2030 1809 sunt
2048 1756 2328 1809 mulierum
2353 1755 2716 1817 infirmitates,
2740 1772 2859 1823 quae
2878 1756 3137 1823 pudorem
3168 1757 3453 1819 incutiant,

1903 1858 1968 1910 ad
2007 1866 2251 1909 naturam
2281 1857 2491 1909 virilem
2521 1872 2705 1909 eorum
2735 1857 3156 1911 imbecillitatem
3176 1857 3452 1927 exigendi.

1905 1947 2085 2000 Virum
2112 1956 2291 1999 autem
2327 1964 2354 1999 a
2382 1948 2680 2001 visceribus
2707 1949 3018 2015 apostolicis
3051 1949 3237 2003 eadem
3274 1948 3455 2002 indulo

1900 2039 2078 2107 gentia
2113 2039 2319 2108 dignari
2363 2054 2470 2091 non
2508 2039 2775 2091 novimus.
2823 2039 3072 2093 Censura
3122 2040 3285 2109 igitur
3334 2041 3453 2108 ejus

1899 2134 1989 2197 qui
2032 2133 2241 2184 mulieri
2270 2132 2493 2200 digamae
2523 2132 2880 2190 benedixerit.
2916 2134 2998 2185 vel
3030 2134 3174 2185 nulla
3211 2132 3453 2197 omnino,

1900 2224 1981 2276 vel
2033 2225 2238 2285 mitior,
2268 2239 2426 2290 quam
2465 2224 2582 2291 ejus
2625 2224 2714 2290 qui
2740 2223 2875 2275 viro.
2906 2223 3006 2285 Qui
3062 2234 3241 2276 autem
3291 2223 3451 2275 abso-

1900 2327 2008 2378 lute
2050 2325 2452 2392 conjunguntur
2497 2322 2835 2384 mulieribus,
2869 2324 3123 2391 quoniam
3172 2338 3281 2375 non
3325 2323 3452 2375 sim-

1899 2416 2021 2483 plex
2051 2415 2192 2466 actio
2228 2424 2329 2475 est,
2382 2415 2608 2482 proinde
2648 2431 2748 2468 nec
2783 2416 3070 2468 uniformis
3092 2425 3173 2468 est
3199 2431 3451 2476 censura,

1900 2524 2003 2561 nec
2033 2508 2122 2576 qui
2156 2508 2284 2575 ipsis
2305 2508 2634 2561 benedicunt
2661 2510 2762 2561 sub
2794 2524 2953 2561 unam
2986 2525 3197 2577 poenam
3227 2510 3449 2563 cadunt.

1901 2599 2029 2664 Qua:
2055 2601 2269 2668 quidem
2298 2601 2489 2652 mulier
2512 2617 2539 2652 a
2571 2602 2687 2651 viro
2728 2601 2945 2653 dimissa
2968 2610 3071 2661 est,
3099 2602 3213 2669 ipso
3239 2617 3454 2653 causam

1906 2699 2218 2758 praestante,
2262 2690 2403 2755 quod
2456 2690 2717 2741 naturalis
2763 2706 3083 2757 Congressus
3140 2690 3453 2757 impotentia

1905 2794 2200 2847 teneretur,
2230 2784 2311 2836 lue
2334 2784 2378 2837 si
2415 2783 2698 2837 continere
2731 2783 3008 2852 elegerint,
3036 2784 3227 2836 melius
3252 2783 3446 2847 fuerit;

1903 2876 2044 2943 quod
2087 2875 2129 2927 si
2178 2875 2479 2944 verojuugi
2535 2874 2826 2937 voluerint,
2872 2889 2972 2927 nec
3016 2873 3145 2926 illud
3189 2873 3442 2926 condem-

1904 2967 2176 3019 nationem
2210 2966 2261 3017 in
2302 2966 2434 3033 ipsis
2468 2966 2649 3026 habet,
2682 2980 2786 3018 nec
2826 2965 2868 3017 si
2897 2964 3017 3032 quis
3048 2965 3299 3017 sacerdos
3348 2979 3451 3015 nu-

1907 3057 2043 3126 ptias
2082 3074 2265 3111 earum
2303 3057 2681 3111 benedictione
2724 3056 2967 3109 honoret.
3002 3054 3151 3120 Quod
3175 3055 3215 3108 si
3265 3056 3458 3108 femina

1905 3151 2149 3203 eamdem
2175 3166 2393 3203 causam
2426 3156 2663 3217 priestat,
2698 3149 2892 3203 eadem
2928 3149 3179 3201 libertate
3209 3148 3457 3217 praedicta

1830 3242 1875 3301 C
1907 3242 2135 3302 fruatur,
2164 3258 2267 3309 qua
2313 3244 2462 3309 prius
2491 3242 2727 3295 solutum
2777 3242 2952 3293 virum
3007 3239 3207 3309 dignati
3252 3254 3460 3291 sumus.

1905 3334 2057 3398 Quod
2089 3334 2130 3385 si
2172 3333 2261 3400 qui
2298 3343 2491 3400 pra‘ter
2518 3341 2732 3384 :etatem
2766 3331 3074 3399 desponsati
3104 3331 3233 3388 sint.
3258 3329 3457 3382 deinde

1911 3435 1993 3486 lex
2053 3433 2195 3500 ipsos
2243 3443 2497 3500 tanquam
2555 3440 2751 3499 prmter
2801 3428 2970 3497 legem
3003 3429 3319 3495 coujuuctos
3378 3442 3463 3479 se-

1908 3524 2197 3594 paraverit,
2228 3533 2356 3575 tunc
2413 3531 2604 3574 neutra
2655 3535 3009 3587 personarum
3051 3516 3463 3578 discedentium,

1906 3632 2025 3684 qua:
2058 3614 2277 3684 quidem
2308 3614 2359 3665 in
2398 3614 2587 3665 ordine
2628 3610 2768 3663 laico
2796 3616 3109 3671 censentur,
3143 3608 3187 3659 si
3229 3607 3294 3659 ad
3334 3606 3464 3659 alias

1908 3710 2173 3779 legitimas
2212 3708 2431 3775 nuptias
2473 3704 2715 3766 accedat,
2760 3717 3043 3755 censuram
3092 3700 3317 3753 subibit.
3362 3698 3463 3763 Qui

1909 3812 2085 3855 autem
2133 3800 2201 3852 ob
2236 3797 2561 3850 adulterium
2587 3795 2817 3863 ejectam
2856 3809 3073 3845 uxorein
3108 3792 3319 3852 fecerit,
3352 3791 3465 3841 sive

1910 3892 2233 3959 conjugatus
2289 3889 2401 3942 sive
2456 3889 2673 3951 caelebs,
2724 3886 2932 3940 adulter
2962 3895 3062 3946 est,
3113 3881 3464 3943 ctadulterii

1913 4006 2153 4045 censura:
2184 3989 2445 4057 subjacet.
2505 3988 2657 4052 Quod
2701 3986 2742 4039 si
2795 3986 2968 4039 solum
3020 3996 3238 4053 prepter
3284 3982 3465 4034 odium

1910 4085 2040 4136 citra
2078 4084 2340 4135 rationem
2365 4097 2393 4133 a
2428 4083 2542 4132 viro
2568 4080 2730 4131 invita
2762 4078 2979 4145 expulsa
3015 4076 3102 4136 sit,
3130 4073 3320 4126 melius
3363 4070 3468 4123 erit

1911 4177 1952 4230 si
1977 4176 2041 4228 ad
2069 4190 2226 4227 suum
2260 4176 2433 4226 virum
2466 4177 2804 4224 revertatur:
2856 4170 2937 4221 sin
2988 4168 3111 4226 hoc,
3162 4165 3304 4232 quod
3351 4163 3466 4229 ipse

1912 4266 1975 4319 ad
2006 4266 2136 4317 alias
2165 4281 2222 4317 se
2260 4264 2474 4332 nuptias
2499 4262 2607 4330 jam
2645 4259 2987 4328 applicuerit,
3033 4257 3147 4310 fieri
3194 4271 3301 4308 non
3340 4268 3469 4321 pos-

1912 4358 2004 4421 sit,
2048 4356 2293 4410 adulterii
2336 4356 2447 4422 ipsa
2498 4353 2733 4415 crimini,
2784 4366 2904 4404 cum
2944 4351 3050 4403 alio
3097 4349 3212 4400 viro
3256 4346 3466 4414 juncta,

1912 4446 2147 4501 obnoxia
2175 4461 2279 4497 non
2320 4446 2423 4497 erit
2449 4462 2460 4494 :
2494 4452 2547 4495 at
2572 4458 2701 4494 vero
2729 4441 3007 4499 sacerdos.
3044 4439 3140 4507 ipsi
3166 4439 3268 4489 rite
3305 4438 3467 4489 llClIC-

1914 4551 2122 4603 dicens.
2149 4561 2311 4613 super
2336 4545 2450 4612 ipsa
2478 4543 2665 4595 insons
2692 4556 2798 4593 non
2827 4540 2952 4601 erit,
2980 4538 3073 4591 sed
3104 4551 3316 4603 pum-ani
3352 4536 3470 4601 ejus

1917 4638 2189 4708 praestabit
2233 4637 2326 4704 qui
2362 4635 2589 4704 digamis
2613 4630 2970 4684 benedixerit.
3021 4628 3166 4681 Citra
3202 4628 3448 4678 ratiouen

1914 4742 2092 4785 autem
2124 4747 2151 4783 a
2179 4728 2431 4797 conjugio
2460 4726 2755 4786 discedere,
2790 4726 2931 4790 quod
2964 4738 3152 4774 ausum
3198 4722 3309 4788 lege
3347 4736 3469 4786 pro-

1917 4826 2144 4877 hibitum
2176 4831 2277 4885 est,
2323 4836 2497 4887 neque
2532 4819 2727 4879 virum,
2768 4818 2833 4868 ad
2884 4815 3013 4867 alias
3059 4813 3276 4878 nuptias
3321 4825 3474 4860 acce-

1917 4918 2153 4977 dentem,
2204 4911 2473 4965 insontem
2523 4909 2767 4969 dimittit,
2823 4922 2998 4975 neque
3053 4904 3309 4957 feminam
3354 4916 3473 4967 qua:

1917 5019 2055 5071 idem
2089 5015 2264 5069 faciat.
2297 5013 2433 5078 Quin
2461 5012 2640 5079 potius
2667 5023 2854 5079 graves
2886 5021 3058 5074 paena:
3085 5003 3288 5073 legibus
3350 5015 3474 5052 con-

1920 5112 2116 5164 stituta:
2156 5116 2299 5170 sunt,
2336 5104 2381 5158 si
2418 5104 2539 5173 quis
2587 5104 2689 5155 hoc
2716 5101 2899 5153 facere
2957 5112 3121 5149 ausus
3173 5092 3352 5146 fuerit.
3409 5090 3473 5142 Et

1919 5201 2260 5257 manifestum
2292 5207 2372 5250 est
2419 5196 2775 5253 sacerdotem,
2813 5190 2902 5259 qui
2934 5187 3186 5247 adfuerit,
3219 5192 3273 5237 et
3321 5198 3471 5235 sacra

1918 5298 2017 5349 rite
2090 5290 2441 5346 celebraverit
2515 5289 2566 5339 in
2624 5282 2930 5353 huiusmodi
2989 5278 3195 5346 nuptiis
3249 5275 3474 5328 omnino

1921 5392 2124 5444 honore
2196 5401 2292 5439 suo
2368 5385 2516 5452 juxta
2586 5393 2830 5433 exactam
2893 5388 3162 5427 canonum
3234 5366 3475 5434 discipli-

1923 5499 2045 5536 nam
2111 5479 2378 5534 excidere.
2452 5475 2556 5527 Sed
2629 5475 2742 5525 lnec
2808 5468 3060 5521 festinate
3130 5460 3479 5531 pronuntiata

1920 5576 2072 5637 sint;
2135 5571 2274 5640 quod
2349 5584 2467 5637 quae
2544 5564 2834 5633 inopinata:
2904 5553 3280 5624 disceptationi
3346 5566 3479 5618 pro-

1924 5669 2094 5738 posita
2125 5673 2281 5716 erant
2318 5657 2768 5714 considerationis
2794 5666 3003 5706 moram
3061 5663 3169 5701 non
3229 5646 3475 5698 ferrent:

1924 5768 2065 5836 quod
2099 5766 2141 5818 si
2184 5763 2313 5833 quid
2347 5760 2492 5813 aliud
2521 5765 2697 5810 vestra
2738 5754 2961 5807 solertia
2991 5748 3237 5821 diligenti
3275 5745 3483 5813 disqui-

1927 5870 2121 5922 sitione
2164 5862 2521 5927 Dcrspexcrit,
2568 5857 2806 5913 obtineat
2856 5852 2999 5924 quod
3040 5853 3232 5908 melius
3274 5858 3374 5903 est.
3417 5846 3483 5899 l-L’.
