  <div class='ocr_page' id='page_1' title='image "/cluster/home/n/w/nwhite01/storage/ocr_20150623/102/nnc1.0046979620/403.png"; bbox 0 0 4248 6444; ppageno 0'>
   <div class='ocr_carea' id='block_1_1' title="bbox 831 377 2508 459">
    <p class='ocr_par' dir='ltr' id='par_1_1' title="bbox 831 390 2508 453">
     <span class='ocr_line' id='line_1_1' title="bbox 831 390 2508 453; baseline 0.002 -6"><span class='ocrx_word' id='word_1_1' title='bbox 831 390 930 449; x_wconf 83' lang='lat'><strong>787</strong></span> <span class='ocrx_word' id='word_1_2' title='bbox 1971 393 2228 453; x_wconf 83' lang='lat' dir='ltr'><strong>PHOTII</strong></span> <span class='ocrx_word' id='word_1_3' title='bbox 2266 393 2508 453; x_wconf 64' lang='lat' dir='ltr'><strong>PATRII</strong></span> 
     </span>
    </p>
   </div>
   <div class='ocr_carea' id='block_1_2' title="bbox 2375 377 4052 459">
    <p class='ocr_par' dir='ltr' id='par_1_2' title="bbox 2375 377 4052 459">
     <span class='ocr_line' id='line_1_2' title="bbox 2375 377 4052 459; baseline -0.008 -6"><span class='ocrx_word' id='word_1_4' title='bbox 2375 392 2754 453; x_wconf 71' lang='lat' dir='ltr'><strong>[‘RIARCHZE</strong></span> <span class='ocrx_word' id='word_1_5' title='bbox 2790 391 2894 450; x_wconf 88' lang='lat' dir='ltr'><strong>CP.</strong></span> <span class='ocrx_word' id='word_1_6' title='bbox 3426 457 3428 459; x_wconf 7' lang='grc' dir='ltr'><strong>ς</strong></span> <span class='ocrx_word' id='word_1_7' title='bbox 3931 377 4052 440; x_wconf 80' lang='lat'><strong>783</strong></span> 
     </span>
    </p>
   </div>
   <div class='ocr_carea' id='block_1_3' title="bbox 835 488 2512 568">
    <p class='ocr_par' dir='ltr' id='par_1_3' title="bbox 835 497 2512 568">
     <span class='ocr_line' id='line_1_3' title="bbox 835 497 2512 568; baseline 0.004 -18"><span class='ocrx_word' id='word_1_8' title='bbox 835 513 933 550; x_wconf 89' lang='lat' dir='ltr'><strong>nos</strong></span> <span class='ocrx_word' id='word_1_9' title='bbox 989 497 1150 550; x_wconf 86' lang='lat' dir='ltr'><strong>etiam</strong></span> <span class='ocrx_word' id='word_1_10' title='bbox 1207 497 1469 562; x_wconf 77' lang='lat' dir='ltr'><strong>fortassis,</strong></span> <span class='ocrx_word' id='word_1_11' title='bbox 1533 498 1720 551; x_wconf 80' lang='lat' dir='ltr'><strong>laxiori</strong></span> <span class='ocrx_word' id='word_1_12' title='bbox 1782 506 2026 568; x_wconf 88' lang='lat' dir='ltr'><strong>tempore</strong></span> <span class='ocrx_word' id='word_1_13' title='bbox 2094 513 2374 560; x_wconf 87' lang='lat' dir='ltr'><strong>concesso,</strong></span> <span class='ocrx_word' id='word_1_14' title='bbox 2409 504 2450 556; x_wconf 85' lang='lat' dir='ltr'><strong>A</strong></span> <span class='ocrx_word' id='word_1_15' title='bbox 2482 514 2512 547; x_wconf 88' lang='grc' dir='ltr'><strong>σ</strong></span> 
     </span>
    </p>
   </div>
   <div class='ocr_carea' id='block_1_4' title="bbox 2372 488 4049 568">
    <p class='ocr_par' dir='ltr' id='par_1_4' title="bbox 2372 488 4049 566">
     <span class='ocr_line' id='line_1_4' title="bbox 2372 488 4049 566; baseline -0.01 -14"><span class='ocrx_word' id='word_1_16' title='bbox 2372 539 2374 552; x_wconf 91' lang='grc'>.</span> <span class='ocrx_word' id='word_1_17' title='bbox 2409 504 2450 556; x_wconf 82' lang='grc' dir='ltr'>Α</span> <span class='ocrx_word' id='word_1_18' title='bbox 2482 497 2613 559; x_wconf 90' lang='grc' dir='ltr'><strong>σίοις</strong></span> <span class='ocrx_word' id='word_1_19' title='bbox 2637 495 3017 566; x_wconf 73' lang='grc' dir='ltr'><strong>εὑρισκόμενος</strong></span> <span class='ocrx_word' id='word_1_20' title='bbox 3048 495 3077 546; x_wconf 86' lang='grc' dir='ltr'><strong>ό</strong></span> <span class='ocrx_word' id='word_1_21' title='bbox 3100 493 3300 564; x_wconf 78' lang='grc' dir='ltr'><strong>ἱερεὺς,</strong></span> <span class='ocrx_word' id='word_1_22' title='bbox 3325 493 3416 544; x_wconf 83' lang='grc' dir='ltr'><strong>καὶ</strong></span> <span class='ocrx_word' id='word_1_23' title='bbox 3431 492 3499 544; x_wconf 73' lang='grc' dir='ltr'><strong>τὰ</strong></span> <span class='ocrx_word' id='word_1_24' title='bbox 3529 488 3886 558; x_wconf 65' lang='grc' dir='ltr'><strong>νενομισμένα</strong></span> <span class='ocrx_word' id='word_1_25' title='bbox 3920 489 4049 548; x_wconf 81' lang='grc' dir='ltr'><strong>τοῖς</strong></span> 
     </span>
    </p>
   </div>
   <div class='ocr_carea' id='block_1_5' title="bbox 835 579 2512 656">
    <p class='ocr_par' dir='ltr' id='par_1_5' title="bbox 835 587 2512 656">
     <span class='ocr_line' id='line_1_5' title="bbox 835 587 2512 656; baseline -0.001 -16"><span class='ocrx_word' id='word_1_26' title='bbox 835 589 1073 642; x_wconf 77' lang='lat' dir='ltr'><strong>exactius</strong></span> <span class='ocrx_word' id='word_1_27' title='bbox 1110 588 1311 656; x_wconf 90' lang='lat' dir='ltr'><strong>aliquid</strong></span> <span class='ocrx_word' id='word_1_28' title='bbox 1342 587 1706 656; x_wconf 82' lang='lat' dir='ltr'><strong>dispiciemus.</strong></span> <span class='ocrx_word' id='word_1_29' title='bbox 2473 603 2512 653; x_wconf 58' lang='grc' dir='ltr'><strong>γη</strong></span> 
     </span>
    </p>
   </div>
   <div class='ocr_carea' id='block_1_6' title="bbox 2371 579 4048 656">
    <p class='ocr_par' dir='ltr' id='par_1_6' title="bbox 2473 579 4048 654">
     <span class='ocr_line' id='line_1_6' title="bbox 2473 579 4048 654; baseline -0.008 -15"><span class='ocrx_word' id='word_1_30' title='bbox 2473 587 2668 654; x_wconf 83' lang='grc' dir='ltr'><strong>γάμοις</strong></span> <span class='ocrx_word' id='word_1_31' title='bbox 2701 585 2888 648; x_wconf 81' lang='grc' dir='ltr'><strong>τελῶν,</strong></span> <span class='ocrx_word' id='word_1_32' title='bbox 2919 584 3194 645; x_wconf 77' lang='grc' dir='ltr'><strong>παντελῶς</strong></span> <span class='ocrx_word' id='word_1_33' title='bbox 3239 584 3336 652; x_wconf 86' lang='grc' dir='ltr'><strong>τῆς</strong></span> <span class='ocrx_word' id='word_1_34' title='bbox 3368 583 3503 644; x_wconf 81' lang='grc' dir='ltr'><strong>ίδξας</strong></span> <span class='ocrx_word' id='word_1_35' title='bbox 3543 581 3706 650; x_wconf 86' lang='grc' dir='ltr'><strong>τιμῆς</strong></span> <span class='ocrx_word' id='word_1_36' title='bbox 3749 579 3896 631; x_wconf 72' lang='grc' dir='ltr'><strong>κατὰ</strong></span> <span class='ocrx_word' id='word_1_37' title='bbox 3938 579 4048 646; x_wconf 65' lang='grc' dir='ltr'><strong>τὴν</strong></span> 
     </span>
    </p>
   </div>
   <div class='ocr_carea' id='block_1_7' title="bbox 833 675 4049 750">
    <p class='ocr_par' dir='ltr' id='par_1_7' title="bbox 833 675 4049 750">
     <span class='ocr_line' id='line_1_7' title="bbox 833 675 4049 750; baseline -0.002 -17"><span class='ocrx_word' id='word_1_38' title='bbox 833 682 939 734; x_wconf 90' lang='grc' dir='ltr'><strong>τῶν</strong></span> <span class='ocrx_word' id='word_1_39' title='bbox 984 682 1220 735; x_wconf 83' lang='grc' dir='ltr'><strong>κανόνων</strong></span> <span class='ocrx_word' id='word_1_40' title='bbox 1271 683 1581 734; x_wconf 82' lang='grc' dir='ltr'>ἐκπεσεῖται</span> <span class='ocrx_word' id='word_1_41' title='bbox 1640 682 1943 750; x_wconf 77' lang='grc' dir='ltr'><strong>ἀκρίϐειαν.</strong></span> <span class='ocrx_word' id='word_1_42' title='bbox 2009 681 2168 734; x_wconf 82' lang='grc' dir='ltr'><strong>Ἀλλὰ</strong></span> <span class='ocrx_word' id='word_1_43' title='bbox 2205 682 2374 733; x_wconf 81' lang='grc' dir='ltr'><strong>ταῦτα</strong></span> <span class='ocrx_word' id='word_1_44' title='bbox 2417 681 2513 748; x_wconf 82' lang='grc' dir='ltr'><strong>μὲν</strong></span> <span class='ocrx_word' id='word_1_45' title='bbox 2543 681 2605 731; x_wconf 83' lang='grc' dir='ltr'><strong>τὸ</strong></span> <span class='ocrx_word' id='word_1_46' title='bbox 2667 679 2830 748; x_wconf 84' lang='grc' dir='ltr'><strong>τάχος</strong></span> <span class='ocrx_word' id='word_1_47' title='bbox 2859 675 2978 731; x_wconf 77' lang='grc' dir='ltr'><strong>εἷπε</strong></span> <span class='ocrx_word' id='word_1_48' title='bbox 3003 695 3018 708; x_wconf 80' lang='grc'><strong>”</strong></span> <span class='ocrx_word' id='word_1_49' title='bbox 3040 680 3132 730; x_wconf 83' lang='grc' dir='ltr'><strong>καὶ</strong></span> <span class='ocrx_word' id='word_1_50' title='bbox 3167 679 3228 730; x_wconf 71' lang='grc' dir='ltr'><strong>τὸ</strong></span> <span class='ocrx_word' id='word_1_51' title='bbox 3253 677 3583 746; x_wconf 83' lang='grc' dir='ltr'><strong>ἀμελέτητόν</strong></span> <span class='ocrx_word' id='word_1_52' title='bbox 3607 693 3664 728; x_wconf 90' lang='grc' dir='ltr'><strong>τε</strong></span> <span class='ocrx_word' id='word_1_53' title='bbox 3699 677 3790 728; x_wconf 74' lang='grc' dir='ltr'><strong>καὶ</strong></span> <span class='ocrx_word' id='word_1_54' title='bbox 3818 677 4049 741; x_wconf 80' lang='grc' dir='ltr'><strong>ἀπροσ-</strong></span> 
     </span>
    </p>
   </div>
   <div class='ocr_carea' id='block_1_8' title="bbox 831 763 4048 843">
    <p class='ocr_par' dir='ltr' id='par_1_8' title="bbox 831 763 4048 843">
     <span class='ocr_line' id='line_1_8' title="bbox 831 763 4048 843; baseline -0.004 -15"><span class='ocrx_word' id='word_1_55' title='bbox 831 775 1053 843; x_wconf 88' lang='grc' dir='ltr'><strong>δόκητον</strong></span> <span class='ocrx_word' id='word_1_56' title='bbox 1093 773 1200 824; x_wconf 88' lang='grc' dir='ltr'><strong>τῶν</strong></span> <span class='ocrx_word' id='word_1_57' title='bbox 1255 772 1621 842; x_wconf 82' lang='grc' dir='ltr'><strong>προτεθέντων</strong></span> <span class='ocrx_word' id='word_1_58' title='bbox 1664 772 1746 833; x_wconf 84' lang='grc' dir='ltr'><strong>εἰς</strong></span> <span class='ocrx_word' id='word_1_59' title='bbox 1787 771 2044 840; x_wconf 79' lang='grc' dir='ltr'><strong>ζήτησιν·</strong></span> <span class='ocrx_word' id='word_1_60' title='bbox 2099 772 2147 822; x_wconf 88' lang='grc' dir='ltr'><strong>εί</strong></span> <span class='ocrx_word' id='word_1_61' title='bbox 2186 770 2242 822; x_wconf 88' lang='grc' dir='ltr'><strong>δέ</strong></span> <span class='ocrx_word' id='word_1_62' title='bbox 2286 787 2338 820; x_wconf 87' lang='grc' dir='ltr'><strong>τι</strong></span> <span class='ocrx_word' id='word_1_63' title='bbox 2375 768 2503 820; x_wconf 81' lang='grc' dir='ltr'><strong>ἄλλο</strong></span> <span class='ocrx_word' id='word_1_64' title='bbox 2539 768 2956 836; x_wconf 80' lang='grc' dir='ltr'><strong>ἐπιμελέστερον</strong></span> <span class='ocrx_word' id='word_1_65' title='bbox 3007 769 3038 834; x_wconf 87' lang='grc' dir='ltr'>ἠ</span> <span class='ocrx_word' id='word_1_66' title='bbox 3104 767 3345 836; x_wconf 84' lang='grc' dir='ltr'><strong>ὑμετέρα</strong></span> <span class='ocrx_word' id='word_1_67' title='bbox 3412 763 3621 825; x_wconf 88' lang='grc' dir='ltr'><strong>σύνεσις</strong></span> <span class='ocrx_word' id='word_1_68' title='bbox 3647 763 4048 826; x_wconf 74' lang='grc' dir='ltr'><strong>ἐπισκοποῦσα</strong></span> 
     </span>
    </p>
   </div>
   <div class='ocr_carea' id='block_1_9' title="bbox 833 860 4041 937">
    <p class='ocr_par' dir='ltr' id='par_1_9' title="bbox 833 860 4041 937">
     <span class='ocr_line' id='line_1_9' title="bbox 833 860 4041 937; baseline -0.004 -15"><span class='ocrx_word' id='word_1_69' title='bbox 833 870 1051 933; x_wconf 82' lang='grc' dir='ltr'><strong>κατίδοι,</strong></span> <span class='ocrx_word' id='word_1_70' title='bbox 1084 869 1284 921; x_wconf 84' lang='grc' dir='ltr'><strong>νικάτω</strong></span> <span class='ocrx_word' id='word_1_71' title='bbox 1314 870 1374 921; x_wconf 85' lang='grc' dir='ltr'><strong>τὺ</strong></span> <span class='ocrx_word' id='word_1_72' title='bbox 1418 869 1661 937; x_wconf 79' lang='grc' dir='ltr'><strong>ἄμεινον.</strong></span> <span class='ocrx_word' id='word_1_73' title='bbox 1708 867 1817 920; x_wconf 77' lang='grc' dir='ltr'><strong>Καὶ</strong></span> <span class='ocrx_word' id='word_1_74' title='bbox 1867 867 2023 935; x_wconf 79' lang='grc' dir='ltr'><strong>ἡμεῖς</strong></span> <span class='ocrx_word' id='word_1_75' title='bbox 2053 865 2108 918; x_wconf 84' lang='grc' dir='ltr'><strong>δὲ</strong></span> <span class='ocrx_word' id='word_1_76' title='bbox 2128 867 2254 926; x_wconf 85' lang='grc' dir='ltr'><strong>ι’σως</strong></span> <span class='ocrx_word' id='word_1_77' title='bbox 2279 866 2337 915; x_wconf 91' lang='grc' dir='ltr'><strong>ἐν</strong></span> <span class='ocrx_word' id='word_1_78' title='bbox 2372 863 2688 933; x_wconf 87' lang='grc' dir='ltr'><strong>πλατυτέρῳ</strong></span> <span class='ocrx_word' id='word_1_79' title='bbox 2714 864 2888 932; x_wconf 80' lang='grc' dir='ltr'><strong>καιρῷ</strong></span> <span class='ocrx_word' id='word_1_80' title='bbox 2917 862 3301 934; x_wconf 74' lang='grc' dir='ltr'><strong>ἀκριϐέστερόν</strong></span> <span class='ocrx_word' id='word_1_81' title='bbox 3324 880 3376 915; x_wconf 83' lang='grc' dir='ltr'><strong>τι</strong></span> <span class='ocrx_word' id='word_1_82' title='bbox 3401 862 3528 916; x_wconf 78' lang='grc' dir='ltr'><strong>ἄλλο</strong></span> <span class='ocrx_word' id='word_1_83' title='bbox 3551 860 4041 930; x_wconf 78' lang='grc' dir='ltr'><strong>ἐπιθεωρήσομεν.</strong></span> 
     </span>
    </p>
   </div>
   <div class='ocr_carea' id='block_1_10' title="bbox 1421 1005 3098 1065">
    <p class='ocr_par' dir='ltr' id='par_1_10' title="bbox 1421 1006 3098 1065">
     <span class='ocr_line' id='line_1_10' title="bbox 1421 1006 3098 1065; baseline -0.002 -2"><span class='ocrx_word' id='word_1_84' title='bbox 1421 1008 1635 1065; x_wconf 86' lang='lat' dir='ltr'><strong>EPIST.</strong></span> <span class='ocrx_word' id='word_1_85' title='bbox 1669 1009 1785 1063; x_wconf 79' lang='lat' dir='ltr'><strong>XX.</strong></span> <span class='ocrx_word' id='word_1_86' title='bbox 3069 1006 3098 1059; x_wconf 85' lang='grc' dir='ltr'><strong>Ε</strong></span> 
     </span>
    </p>
   </div>
   <div class='ocr_carea' id='block_1_11' title="bbox 1751 1005 3428 1065">
    <p class='ocr_par' dir='ltr' id='par_1_11' title="bbox 1751 1005 3428 1062">
     <span class='ocr_line' id='line_1_11' title="bbox 1751 1005 3428 1062; baseline -0.001 0"><span class='ocrx_word' id='word_1_87' title='bbox 1751 1010 1785 1062; x_wconf 76' lang='grc' dir='ltr'><strong>ἰ.</strong></span> <span class='ocrx_word' id='word_1_88' title='bbox 3069 1005 3289 1059; x_wconf 82' lang='grc' dir='ltr'><strong>ΕΠΙΣΤ.</strong></span> <span class='ocrx_word' id='word_1_89' title='bbox 3346 1006 3428 1060; x_wconf 84' lang='grc' dir='ltr'><strong>Κ’.</strong></span> 
     </span>
    </p>
   </div>
   <div class='ocr_carea' id='block_1_12' title="bbox 2063 1122 2816 1186">
    <p class='ocr_par' dir='ltr' id='par_1_12' title="bbox 2063 1122 2816 1186">
     <span class='ocr_line' id='line_1_12' title="bbox 2063 1122 2816 1186; baseline -0.007 -11"><span class='ocrx_word' id='word_1_90' title='bbox 2063 1125 2202 1175; x_wconf 80' lang='lat' dir='ltr'><strong>Edita</strong></span> <span class='ocrx_word' id='word_1_91' title='bbox 2223 1140 2250 1174; x_wconf 87' lang='lat' dir='ltr'><strong>a</strong></span> <span class='ocrx_word' id='word_1_92' title='bbox 2272 1124 2564 1174; x_wconf 69' lang='lat' dir='ltr'><strong>Hontacutlo</strong></span> <span class='ocrx_word' id='word_1_93' title='bbox 2586 1125 2654 1186; x_wconf 91' lang='lat' dir='ltr'><strong>(p.</strong></span> <span class='ocrx_word' id='word_1_94' title='bbox 2687 1122 2816 1182; x_wconf 76' lang='lat'><strong>388).</strong></span> 
     </span>
    </p>
   </div>
   <div class='ocr_carea' id='block_1_13' title="bbox 907 1234 2377 1309">
    <p class='ocr_par' dir='ltr' id='par_1_13' title="bbox 907 1234 2377 1309">
     <span class='ocr_line' id='line_1_13' title="bbox 907 1234 2377 1309; baseline -0.003 -18"><span class='ocrx_word' id='word_1_95' title='bbox 907 1236 1129 1306; x_wconf 76' lang='lat' dir='ltr'><strong>Scripsit</strong></span> <span class='ocrx_word' id='word_1_96' title='bbox 1155 1237 1410 1290; x_wconf 74' lang='lat' dir='ltr'><strong>sanctitas</strong></span> <span class='ocrx_word' id='word_1_97' title='bbox 1435 1245 1525 1290; x_wconf 89' lang='lat' dir='ltr'><strong>tua</strong></span> <span class='ocrx_word' id='word_1_98' title='bbox 1569 1236 1635 1290; x_wconf 91' lang='lat' dir='ltr'><strong>de</strong></span> <span class='ocrx_word' id='word_1_99' title='bbox 1672 1235 2018 1309; x_wconf 81' lang='lat' dir='ltr'><strong>quibusdam,</strong></span> <span class='ocrx_word' id='word_1_100' title='bbox 2043 1236 2234 1306; x_wconf 85' lang='lat' dir='ltr'><strong>polluti</strong></span> <span class='ocrx_word' id='word_1_101' title='bbox 2271 1234 2377 1288; x_wconf 88' lang='lat' dir='ltr'><strong>cibi</strong></span> 
     </span>
    </p>
   </div>
   <div class='ocr_carea' id='block_1_14' title="bbox 836 1326 2378 1382">
    <p class='ocr_par' dir='ltr' id='par_1_14' title="bbox 836 1326 2378 1382">
     <span class='ocr_line' id='line_1_14' title="bbox 836 1326 2378 1382; baseline -0.003 0"><span class='ocrx_word' id='word_1_102' title='bbox 836 1345 931 1382; x_wconf 92' lang='lat' dir='ltr'><strong>csu</strong></span> <span class='ocrx_word' id='word_1_103' title='bbox 997 1327 1374 1381; x_wconf 83' lang='lat' dir='ltr'><strong>contaminatis</strong></span> <span class='ocrx_word' id='word_1_104' title='bbox 1423 1340 1629 1381; x_wconf 86' lang='lat' dir='ltr'><strong>:cansa</strong></span> <span class='ocrx_word' id='word_1_105' title='bbox 1677 1336 1856 1380; x_wconf 87' lang='lat' dir='ltr'><strong>autem</strong></span> <span class='ocrx_word' id='word_1_106' title='bbox 1907 1326 2378 1381; x_wconf 84' lang='lat' dir='ltr'><strong>contaminationis</strong></span> 
     </span>
    </p>
   </div>
   <div class='ocr_carea' id='block_1_15' title="bbox 838 1413 2380 1483">
    <p class='ocr_par' dir='ltr' id='par_1_15' title="bbox 838 1413 2380 1483">
     <span class='ocr_line' id='line_1_15' title="bbox 838 1413 2380 1483; baseline -0.003 -15"><span class='ocrx_word' id='word_1_107' title='bbox 838 1425 956 1469; x_wconf 86' lang='lat' dir='ltr'><strong>erat</strong></span> <span class='ocrx_word' id='word_1_108' title='bbox 1012 1415 1300 1482; x_wconf 92' lang='lat' dir='ltr'><strong>ejusmodi.</strong></span> <span class='ocrx_word' id='word_1_109' title='bbox 1350 1413 1564 1467; x_wconf 89' lang='lat' dir='ltr'><strong>lverant</strong></span> <span class='ocrx_word' id='word_1_110' title='bbox 1611 1415 1824 1483; x_wconf 76' lang='lat' dir='ltr'><strong>gentilis</strong></span> <span class='ocrx_word' id='word_1_111' title='bbox 1864 1415 2143 1483; x_wconf 84' lang='lat' dir='ltr'><strong>cujusdam</strong></span> <span class='ocrx_word' id='word_1_112' title='bbox 2189 1428 2380 1465; x_wconf 90' lang='lat' dir='ltr'><strong>monu-</strong></span> 
     </span>
    </p>
   </div>
   <div class='ocr_carea' id='block_1_16' title="bbox 839 1505 2380 1573">
    <p class='ocr_par' dir='ltr' id='par_1_16' title="bbox 839 1505 2380 1573">
     <span class='ocr_line' id='line_1_16' title="bbox 839 1505 2380 1573; baseline -0.003 -13"><span class='ocrx_word' id='word_1_113' title='bbox 839 1517 1083 1560; x_wconf 90' lang='lat' dir='ltr'><strong>mentum</strong></span> <span class='ocrx_word' id='word_1_114' title='bbox 1136 1505 1391 1558; x_wconf 74' lang='lat' dir='ltr'><strong>refossuri</strong></span> <span class='ocrx_word' id='word_1_115' title='bbox 1422 1505 1486 1556; x_wconf 91' lang='lat' dir='ltr'><strong>ad</strong></span> <span class='ocrx_word' id='word_1_116' title='bbox 1527 1505 1878 1559; x_wconf 85' lang='lat' dir='ltr'><strong>inveniendas</strong></span> <span class='ocrx_word' id='word_1_117' title='bbox 1919 1507 2174 1573; x_wconf 86' lang='lat' dir='ltr'><strong>pecunias</strong></span> <span class='ocrx_word' id='word_1_118' title='bbox 2213 1524 2226 1557; x_wconf 92' lang='lat'><strong>:</strong></span> <span class='ocrx_word' id='word_1_119' title='bbox 2259 1519 2380 1556; x_wconf 90' lang='lat' dir='ltr'><strong>cum</strong></span> 
     </span>
    </p>
   </div>
   <div class='ocr_carea' id='block_1_17' title="bbox 836 1595 2379 1664">
    <p class='ocr_par' dir='ltr' id='par_1_17' title="bbox 836 1595 2379 1664">
     <span class='ocr_line' id='line_1_17' title="bbox 836 1595 2379 1664; baseline -0.002 -14"><span class='ocrx_word' id='word_1_120' title='bbox 836 1607 1016 1650; x_wconf 87' lang='lat' dir='ltr'><strong>autem</strong></span> <span class='ocrx_word' id='word_1_121' title='bbox 1067 1597 1334 1649; x_wconf 87' lang='lat' dir='ltr'><strong>incassum</strong></span> <span class='ocrx_word' id='word_1_122' title='bbox 1378 1596 1702 1657; x_wconf 89' lang='lat' dir='ltr'><strong>laborarent,</strong></span> <span class='ocrx_word' id='word_1_123' title='bbox 1735 1611 1836 1649; x_wconf 85' lang='lat' dir='ltr'><strong>nec</strong></span> <span class='ocrx_word' id='word_1_124' title='bbox 1877 1597 2169 1664; x_wconf 88' lang='lat' dir='ltr'><strong>quidquam</strong></span> <span class='ocrx_word' id='word_1_125' title='bbox 2227 1595 2379 1647; x_wconf 82' lang='lat' dir='ltr'><strong>inve-</strong></span> 
     </span>
    </p>
   </div>
   <div class='ocr_carea' id='block_1_18' title="bbox 837 1685 2376 1752">
    <p class='ocr_par' dir='ltr' id='par_1_18' title="bbox 837 1685 2376 1752">
     <span class='ocr_line' id='line_1_18' title="bbox 837 1685 2376 1752; baseline -0.002 -12"><span class='ocrx_word' id='word_1_126' title='bbox 837 1688 1033 1752; x_wconf 91' lang='lat' dir='ltr'><strong>nircnt,</strong></span> <span class='ocrx_word' id='word_1_127' title='bbox 1075 1687 1324 1739; x_wconf 84' lang='lat' dir='ltr'><strong>dixerunt</strong></span> <span class='ocrx_word' id='word_1_128' title='bbox 1353 1685 1492 1737; x_wconf 89' lang='lat' dir='ltr'><strong>inter</strong></span> <span class='ocrx_word' id='word_1_129' title='bbox 1521 1701 1660 1749; x_wconf 85' lang='lat' dir='ltr'><strong>sese,</strong></span> <span class='ocrx_word' id='word_1_130' title='bbox 1689 1686 1791 1738; x_wconf 88' lang='lat' dir='ltr'><strong>nisi</strong></span> <span class='ocrx_word' id='word_1_131' title='bbox 1835 1701 2020 1741; x_wconf 84' lang='lat' dir='ltr'><strong>canem</strong></span> <span class='ocrx_word' id='word_1_132' title='bbox 2064 1695 2376 1743; x_wconf 87' lang='lat' dir='ltr'><strong>mactemus.</strong></span> 
     </span>
    </p>
   </div>
   <div class='ocr_carea' id='block_1_19' title="bbox 2556 1230 4046 1302">
    <p class='ocr_par' dir='ltr' id='par_1_19' title="bbox 2556 1230 4046 1302">
     <span class='ocr_line' id='line_1_19' title="bbox 2556 1230 4046 1302; baseline -0.003 -16"><span class='ocrx_word' id='word_1_133' title='bbox 2556 1232 2799 1302; x_wconf 82' lang='grc' dir='ltr'><strong>Ἔγραψέ</strong></span> <span class='ocrx_word' id='word_1_134' title='bbox 2823 1247 2914 1284; x_wconf 89' lang='grc' dir='ltr'><strong>σου</strong></span> <span class='ocrx_word' id='word_1_135' title='bbox 2943 1232 2976 1298; x_wconf 83' lang='grc' dir='ltr'><strong>ή</strong></span> <span class='ocrx_word' id='word_1_136' title='bbox 3009 1230 3223 1299; x_wconf 81' lang='grc' dir='ltr'><strong>ὁσιότης</strong></span> <span class='ocrx_word' id='word_1_137' title='bbox 3245 1230 3375 1298; x_wconf 86' lang='grc' dir='ltr'><strong>περί</strong></span> <span class='ocrx_word' id='word_1_138' title='bbox 3393 1247 3554 1282; x_wconf 86' lang='grc' dir='ltr'><strong>τινων</strong></span> <span class='ocrx_word' id='word_1_139' title='bbox 3580 1233 4046 1300; x_wconf 79' lang='grc' dir='ltr'><strong>μιαροφαγησάν-</strong></span> 
     </span>
    </p>
   </div>
   <div class='ocr_carea' id='block_1_20' title="bbox 2482 1321 4037 1392">
    <p class='ocr_par' dir='ltr' id='par_1_20' title="bbox 2482 1321 4037 1392">
     <span class='ocr_line' id='line_1_20' title="bbox 2482 1321 4037 1392; baseline -0.005 -13"><span class='ocrx_word' id='word_1_140' title='bbox 2482 1343 2611 1379; x_wconf 86' lang='grc' dir='ltr'><strong>των.</strong></span> <span class='ocrx_word' id='word_1_141' title='bbox 2657 1325 2720 1376; x_wconf 84' lang='grc' dir='ltr'><em>Ἦ</em></span> <span class='ocrx_word' id='word_1_142' title='bbox 2760 1324 2817 1375; x_wconf 87' lang='grc' dir='ltr'><strong>δέ</strong></span> <span class='ocrx_word' id='word_1_143' title='bbox 2850 1323 2998 1376; x_wconf 89' lang='grc' dir='ltr'><strong>αίτία</strong></span> <span class='ocrx_word' id='word_1_144' title='bbox 3045 1325 3146 1391; x_wconf 85' lang='grc' dir='ltr'><strong>τῆς</strong></span> <span class='ocrx_word' id='word_1_145' title='bbox 3196 1322 3560 1390; x_wconf 80' lang='grc' dir='ltr'><strong>μιαροφαγίας</strong></span> <span class='ocrx_word' id='word_1_146' title='bbox 3611 1321 3722 1372; x_wconf 83' lang='grc' dir='ltr'><strong>ἐστι</strong></span> <span class='ocrx_word' id='word_1_147' title='bbox 3774 1322 4037 1392; x_wconf 85' lang='grc' dir='ltr'><strong>τοιαύτη·</strong></span> 
     </span>
    </p>
   </div>
   <div class='ocr_carea' id='block_1_21' title="bbox 2486 1412 4042 1484">
    <p class='ocr_par' dir='ltr' id='par_1_21' title="bbox 2486 1412 4042 1484">
     <span class='ocr_line' id='line_1_21' title="bbox 2486 1412 4042 1484; baseline -0.003 -15"><span class='ocrx_word' id='word_1_148' title='bbox 2486 1415 3024 1484; x_wconf 77' lang='grc' dir='ltr'><strong>ΤύμϐονἙλληνικὺν</strong></span> <span class='ocrx_word' id='word_1_149' title='bbox 3051 1414 3289 1483; x_wconf 83' lang='grc' dir='ltr'><strong>ἀπῆλθον</strong></span> <span class='ocrx_word' id='word_1_150' title='bbox 3319 1412 3556 1482; x_wconf 77' lang='grc' dir='ltr'><strong>διορύξαι</strong></span> <span class='ocrx_word' id='word_1_151' title='bbox 3584 1414 3715 1482; x_wconf 78' lang='grc' dir='ltr'><strong>πρὸς</strong></span> <span class='ocrx_word' id='word_1_152' title='bbox 3743 1414 4042 1482; x_wconf 78' lang='grc' dir='ltr'><strong>ἀνεύρεσιν</strong></span> 
     </span>
    </p>
   </div>
   <div class='ocr_carea' id='block_1_22' title="bbox 2485 1503 4045 1576">
    <p class='ocr_par' dir='ltr' id='par_1_22' title="bbox 2485 1503 4045 1576">
     <span class='ocr_line' id='line_1_22' title="bbox 2485 1503 4045 1576; baseline -0.004 -16"><span class='ocrx_word' id='word_1_153' title='bbox 2485 1508 2808 1576; x_wconf 82' lang='grc' dir='ltr'><strong>χρημάτων·</strong></span> <span class='ocrx_word' id='word_1_154' title='bbox 2844 1503 3332 1575; x_wconf 86' lang='grc' dir='ltr'><strong>ματαιοπονοῦντες</strong></span> <span class='ocrx_word' id='word_1_155' title='bbox 3355 1504 3412 1556; x_wconf 83' lang='grc' dir='ltr'><strong>δέ</strong></span> <span class='ocrx_word' id='word_1_156' title='bbox 3439 1505 3532 1555; x_wconf 81' lang='grc' dir='ltr'><strong>καὶ</strong></span> <span class='ocrx_word' id='word_1_157' title='bbox 3561 1503 3722 1572; x_wconf 79' lang='grc' dir='ltr'><strong>μηδὲν</strong></span> <span class='ocrx_word' id='word_1_158' title='bbox 3755 1504 4045 1572; x_wconf 84' lang='grc' dir='ltr'><strong>εὑρίσκον-</strong></span> 
     </span>
    </p>
   </div>
   <div class='ocr_carea' id='block_1_23' title="bbox 2483 1594 4047 1666">
    <p class='ocr_par' dir='ltr' id='par_1_23' title="bbox 2483 1594 4047 1666">
     <span class='ocr_line' id='line_1_23' title="bbox 2483 1594 4047 1666; baseline -0.002 -18"><span class='ocrx_word' id='word_1_159' title='bbox 2483 1615 2595 1662; x_wconf 86' lang='grc' dir='ltr'><strong>τες,</strong></span> <span class='ocrx_word' id='word_1_160' title='bbox 2623 1594 2772 1649; x_wconf 73' lang='grc' dir='ltr'><strong>εἶπεν</strong></span> <span class='ocrx_word' id='word_1_161' title='bbox 2804 1596 3030 1658; x_wconf 74' lang='grc' dir='ltr'><strong>ἕκαστος</strong></span> <span class='ocrx_word' id='word_1_162' title='bbox 3051 1595 3188 1666; x_wconf 82' lang='grc' dir='ltr'><strong>πρὸς</strong></span> <span class='ocrx_word' id='word_1_163' title='bbox 3211 1598 3300 1647; x_wconf 81' lang='grc' dir='ltr'><strong>τὸν</strong></span> <span class='ocrx_word' id='word_1_164' title='bbox 3324 1595 3547 1662; x_wconf 81' lang='grc' dir='ltr'><strong>πλησίον</strong></span> <span class='ocrx_word' id='word_1_165' title='bbox 3571 1596 3752 1656; x_wconf 72' lang='grc' dir='ltr'><strong>αὑτοῦ,</strong></span> <span class='ocrx_word' id='word_1_166' title='bbox 3789 1596 3870 1646; x_wconf 84' lang='grc' dir='ltr'><strong>ὅτι</strong></span> <span class='ocrx_word' id='word_1_167' title='bbox 3908 1595 4047 1648; x_wconf 70' lang='grc' dir='ltr'><strong>Ἐὰν</strong></span> 
     </span>
    </p>
   </div>
   <div class='ocr_carea' id='block_1_24' title="bbox 2489 1685 4042 1758">
    <p class='ocr_par' dir='ltr' id='par_1_24' title="bbox 2489 1685 4042 1758">
     <span class='ocr_line' id='line_1_24' title="bbox 2489 1685 4042 1758; baseline -0.001 -19"><span class='ocrx_word' id='word_1_168' title='bbox 2489 1688 2562 1758; x_wconf 85' lang='grc' dir='ltr'><strong>μὴ</strong></span> <span class='ocrx_word' id='word_1_169' title='bbox 2591 1689 2880 1757; x_wconf 71' lang='grc' dir='ltr'><strong>σφάξωμεν</strong></span> <span class='ocrx_word' id='word_1_170' title='bbox 2915 1688 3070 1750; x_wconf 89' lang='grc' dir='ltr'><strong>κύνα,</strong></span> <span class='ocrx_word' id='word_1_171' title='bbox 3101 1687 3192 1738; x_wconf 81' lang='grc' dir='ltr'><strong>καὶ</strong></span> <span class='ocrx_word' id='word_1_172' title='bbox 3226 1689 3288 1738; x_wconf 90' lang='grc' dir='ltr'><strong>ἐκ</strong></span> <span class='ocrx_word' id='word_1_173' title='bbox 3313 1685 3420 1737; x_wconf 87' lang='grc' dir='ltr'><strong>τῶν</strong></span> <span class='ocrx_word' id='word_1_174' title='bbox 3453 1686 3629 1752; x_wconf 87' lang='grc' dir='ltr'><strong>κρεῶν</strong></span> <span class='ocrx_word' id='word_1_175' title='bbox 3661 1685 3826 1737; x_wconf 75' lang='grc' dir='ltr'><strong>αὑτοῦ</strong></span> <span class='ocrx_word' id='word_1_176' title='bbox 3878 1685 4042 1752; x_wconf 70' lang='grc' dir='ltr'><strong>ἁψώο</strong></span> 
     </span>
    </p>
   </div>
   <div class='ocr_carea' id='block_1_25' title="bbox 840 1754 2517 1849">
    <p class='ocr_par' dir='ltr' id='par_1_25' title="bbox 840 1754 2517 1849">
     <span class='ocr_line' id='line_1_25' title="bbox 840 1754 2517 1849; baseline -0.002 -19"><span class='ocrx_word' id='word_1_177' title='bbox 840 1787 897 1830; x_wconf 92' lang='lat' dir='ltr'><strong>et</strong></span> <span class='ocrx_word' id='word_1_178' title='bbox 929 1778 995 1830; x_wconf 90' lang='lat' dir='ltr'><strong>de</strong></span> <span class='ocrx_word' id='word_1_179' title='bbox 1012 1778 1265 1830; x_wconf 87' lang='lat' dir='ltr'><strong>carnibus</strong></span> <span class='ocrx_word' id='word_1_180' title='bbox 1284 1778 1400 1844; x_wconf 90' lang='lat' dir='ltr'><strong>ejus</strong></span> <span class='ocrx_word' id='word_1_181' title='bbox 1418 1787 1714 1846; x_wconf 82' lang='lat' dir='ltr'><strong>gustemus,</strong></span> <span class='ocrx_word' id='word_1_182' title='bbox 1736 1792 1842 1829; x_wconf 92' lang='lat' dir='ltr'><strong>non</strong></span> <span class='ocrx_word' id='word_1_183' title='bbox 1867 1777 2372 1830; x_wconf 85' lang='lat' dir='ltr'><strong>reddetnobisterra</strong></span> <span class='ocrx_word' id='word_1_184' title='bbox 2406 1754 2449 1812; x_wconf 73' lang='grc' dir='ltr'><strong>Β</strong></span> <span class='ocrx_word' id='word_1_185' title='bbox 2484 1797 2517 1849; x_wconf 84' lang='grc' dir='ltr'><strong>μ</strong></span> 
     </span>
    </p>
   </div>
   <div class='ocr_carea' id='block_1_26' title="bbox 2364 1754 4041 1849">
    <p class='ocr_par' dir='ltr' id='par_1_26' title="bbox 2364 1754 4041 1849">
     <span class='ocr_line' id='line_1_26' title="bbox 2364 1754 4041 1849; baseline 0.001 -22"><span class='ocrx_word' id='word_1_186' title='bbox 2364 1795 2372 1827; x_wconf 81' lang='grc' dir='ltr'><strong>ι</strong></span> <span class='ocrx_word' id='word_1_187' title='bbox 2406 1754 2449 1812; x_wconf 73' lang='grc' dir='ltr'><strong>Β</strong></span> <span class='ocrx_word' id='word_1_188' title='bbox 2484 1754 2646 1849; x_wconf 78' lang='grc' dir='ltr'><strong>μεθα,</strong></span> <span class='ocrx_word' id='word_1_189' title='bbox 2692 1782 2752 1831; x_wconf 85' lang='grc' dir='ltr'><strong>ού</strong></span> <span class='ocrx_word' id='word_1_190' title='bbox 2785 1754 2866 1849; x_wconf 35' lang='grc' dir='ltr'><strong>’μὴ</strong></span> <span class='ocrx_word' id='word_1_191' title='bbox 2919 1779 3171 1831; x_wconf 78' lang='grc' dir='ltr'><strong>ἐπιδώσει</strong></span> <span class='ocrx_word' id='word_1_192' title='bbox 3219 1780 3350 1846; x_wconf 79' lang='grc' dir='ltr'><strong>ἡμῖν</strong></span> <span class='ocrx_word' id='word_1_193' title='bbox 3387 1779 3419 1845; x_wconf 87' lang='grc' dir='ltr'><strong>ἠ</strong></span> <span class='ocrx_word' id='word_1_194' title='bbox 3448 1778 3516 1846; x_wconf 84' lang='grc' dir='ltr'><strong>γῆ</strong></span> <span class='ocrx_word' id='word_1_195' title='bbox 3565 1777 3625 1828; x_wconf 87' lang='grc' dir='ltr'><strong>τὸ</strong></span> <span class='ocrx_word' id='word_1_196' title='bbox 3678 1776 4041 1845; x_wconf 80' lang='grc' dir='ltr'><strong>ζητούμενον.</strong></span> 
     </span>
    </p>
   </div>
   <div class='ocr_carea' id='block_1_27' title="bbox 837 1867 2380 1936">
    <p class='ocr_par' dir='ltr' id='par_1_27' title="bbox 837 1867 2380 1936">
     <span class='ocr_line' id='line_1_27' title="bbox 837 1867 2380 1936; baseline 0.001 -17"><span class='ocrx_word' id='word_1_197' title='bbox 837 1870 980 1936; x_wconf 90' lang='lat' dir='ltr'><strong>quod</strong></span> <span class='ocrx_word' id='word_1_198' title='bbox 1010 1869 1318 1935; x_wconf 80' lang='lat' dir='ltr'><strong>quaerimus.</strong></span> <span class='ocrx_word' id='word_1_199' title='bbox 1384 1867 1574 1921; x_wconf 86' lang='lat' dir='ltr'><strong>Statim</strong></span> <span class='ocrx_word' id='word_1_200' title='bbox 1612 1869 1809 1921; x_wconf 79' lang='lat' dir='ltr'><strong>factum</strong></span> <span class='ocrx_word' id='word_1_201' title='bbox 1853 1877 1936 1922; x_wconf 87' lang='lat' dir='ltr'><strong>est</strong></span> <span class='ocrx_word' id='word_1_202' title='bbox 1980 1868 2123 1936; x_wconf 87' lang='lat' dir='ltr'><strong>quod</strong></span> <span class='ocrx_word' id='word_1_203' title='bbox 2179 1867 2380 1920; x_wconf 86' lang='lat' dir='ltr'><strong>dictum</strong></span> 
     </span>
    </p>
   </div>
   <div class='ocr_carea' id='block_1_28' title="bbox 841 1957 2380 2026">
    <p class='ocr_par' dir='ltr' id='par_1_28' title="bbox 841 1957 2380 2026">
     <span class='ocr_line' id='line_1_28' title="bbox 841 1957 2380 2026; baseline -0.002 -15"><span class='ocrx_word' id='word_1_204' title='bbox 841 1967 980 2011; x_wconf 89' lang='lat' dir='ltr'><strong>erat.</strong></span> <span class='ocrx_word' id='word_1_205' title='bbox 1013 1960 1146 2011; x_wconf 81' lang='lat' dir='ltr'><strong>Cum</strong></span> <span class='ocrx_word' id='word_1_206' title='bbox 1200 1961 1379 2026; x_wconf 81' lang='lat' dir='ltr'><strong>itaque</strong></span> <span class='ocrx_word' id='word_1_207' title='bbox 1425 1958 1490 2011; x_wconf 85' lang='lat' dir='ltr'><strong>ad</strong></span> <span class='ocrx_word' id='word_1_208' title='bbox 1530 1958 1800 2012; x_wconf 89' lang='lat' dir='ltr'><strong>interdicti</strong></span> <span class='ocrx_word' id='word_1_209' title='bbox 1849 1958 1957 2011; x_wconf 86' lang='lat' dir='ltr'><strong>cibi</strong></span> <span class='ocrx_word' id='word_1_210' title='bbox 2000 1957 2380 2012; x_wconf 85' lang='lat' dir='ltr'><strong>conscientiam</strong></span> 
     </span>
    </p>
   </div>
   <div class='ocr_carea' id='block_1_29' title="bbox 839 2047 2381 2116">
    <p class='ocr_par' dir='ltr' id='par_1_29' title="bbox 839 2047 2381 2116">
     <span class='ocr_line' id='line_1_29' title="bbox 839 2047 2381 2116; baseline 0.002 -20"><span class='ocrx_word' id='word_1_211' title='bbox 839 2049 1133 2109; x_wconf 88' lang='lat' dir='ltr'><strong>venissent,</strong></span> <span class='ocrx_word' id='word_1_212' title='bbox 1166 2050 1393 2116; x_wconf 84' lang='lat' dir='ltr'><strong>genibus</strong></span> <span class='ocrx_word' id='word_1_213' title='bbox 1434 2048 1669 2116; x_wconf 85' lang='lat' dir='ltr'><strong>epise0pi</strong></span> <span class='ocrx_word' id='word_1_214' title='bbox 1711 2047 2018 2102; x_wconf 85' lang='lat' dir='ltr'><strong>accidentes</strong></span> <span class='ocrx_word' id='word_1_215' title='bbox 2063 2048 2381 2102; x_wconf 89' lang='lat' dir='ltr'><strong>medicinam</strong></span> 
     </span>
    </p>
   </div>
   <div class='ocr_carea' id='block_1_30' title="bbox 841 2136 2386 2209">
    <p class='ocr_par' dir='ltr' id='par_1_30' title="bbox 841 2136 2386 2209">
     <span class='ocr_line' id='line_1_30' title="bbox 841 2136 2386 2209; baseline 0.002 -20"><span class='ocrx_word' id='word_1_216' title='bbox 841 2139 1130 2207; x_wconf 89' lang='lat' dir='ltr'><strong>petierunt,</strong></span> <span class='ocrx_word' id='word_1_217' title='bbox 1181 2150 1234 2192; x_wconf 89' lang='lat' dir='ltr'><strong>et</strong></span> <span class='ocrx_word' id='word_1_218' title='bbox 1277 2139 1547 2192; x_wconf 90' lang='lat' dir='ltr'><strong>commissi</strong></span> <span class='ocrx_word' id='word_1_219' title='bbox 1595 2140 1796 2207; x_wconf 90' lang='lat' dir='ltr'><strong>peccali</strong></span> <span class='ocrx_word' id='word_1_220' title='bbox 1827 2139 2228 2209; x_wconf 77' lang='lat' dir='ltr'><strong>indulgentiam.</strong></span> <span class='ocrx_word' id='word_1_221' title='bbox 2263 2136 2386 2192; x_wconf 71' lang='lat' dir='ltr'><strong>llzec</strong></span> 
     </span>
    </p>
   </div>
   <div class='ocr_carea' id='block_1_31' title="bbox 841 2225 2385 2296">
    <p class='ocr_par' dir='ltr' id='par_1_31' title="bbox 841 2225 2385 2296">
     <span class='ocr_line' id='line_1_31' title="bbox 841 2225 2385 2296; baseline 0.001 -17"><span class='ocrx_word' id='word_1_222' title='bbox 841 2236 967 2279; x_wconf 89' lang='lat' dir='ltr'><strong>sunt</strong></span> <span class='ocrx_word' id='word_1_223' title='bbox 998 2244 1114 2295; x_wconf 74' lang='lat' dir='ltr'><strong>qum</strong></span> <span class='ocrx_word' id='word_1_224' title='bbox 1146 2228 1355 2296; x_wconf 87' lang='lat' dir='ltr'><strong>pietatis</strong></span> <span class='ocrx_word' id='word_1_225' title='bbox 1387 2239 1490 2281; x_wconf 66' lang='lat' dir='ltr'><strong>tua:</strong></span> <span class='ocrx_word' id='word_1_226' title='bbox 1519 2228 1709 2280; x_wconf 77' lang='lat' dir='ltr'><strong>littera:</strong></span> <span class='ocrx_word' id='word_1_227' title='bbox 1738 2237 1978 2280; x_wconf 83' lang='lat' dir='ltr'><strong>narrant.</strong></span> <span class='ocrx_word' id='word_1_228' title='bbox 2016 2227 2082 2281; x_wconf 87' lang='lat' dir='ltr'><strong>Et</strong></span> <span class='ocrx_word' id='word_1_229' title='bbox 2120 2227 2184 2281; x_wconf 88' lang='lat' dir='ltr'><strong>de</strong></span> <span class='ocrx_word' id='word_1_230' title='bbox 2211 2225 2310 2280; x_wconf 85' lang='lat' dir='ltr'><strong>hac</strong></span> <span class='ocrx_word' id='word_1_231' title='bbox 2327 2242 2385 2281; x_wconf 87' lang='lat' dir='ltr'><strong>re</strong></span> 
     </span>
    </p>
   </div>
   <div class='ocr_carea' id='block_1_32' title="bbox 842 2319 2386 2386">
    <p class='ocr_par' dir='ltr' id='par_1_32' title="bbox 842 2319 2386 2386">
     <span class='ocr_line' id='line_1_32' title="bbox 842 2319 2386 2386; baseline -0.001 -14"><span class='ocrx_word' id='word_1_232' title='bbox 842 2319 1070 2372; x_wconf 83' lang='lat' dir='ltr'><strong>formula</strong></span> <span class='ocrx_word' id='word_1_233' title='bbox 1125 2321 1190 2371; x_wconf 89' lang='lat' dir='ltr'><strong>ab</strong></span> <span class='ocrx_word' id='word_1_234' title='bbox 1236 2321 1472 2372; x_wconf 83' lang='lat' dir='ltr'><strong>Ecclesia</strong></span> <span class='ocrx_word' id='word_1_235' title='bbox 1523 2321 1814 2372; x_wconf 85' lang='lat' dir='ltr'><strong>constituta</strong></span> <span class='ocrx_word' id='word_1_236' title='bbox 1881 2328 1985 2384; x_wconf 91' lang='lat' dir='ltr'><strong>est,</strong></span> <span class='ocrx_word' id='word_1_237' title='bbox 2039 2320 2386 2386; x_wconf 81' lang='lat' dir='ltr'><strong>quadraginta</strong></span> 
     </span>
    </p>
   </div>
   <div class='ocr_carea' id='block_1_33' title="bbox 840 2411 2383 2482">
    <p class='ocr_par' dir='ltr' id='par_1_33' title="bbox 840 2411 2383 2482">
     <span class='ocr_line' id='line_1_33' title="bbox 840 2411 2383 2482; baseline -0.001 -16"><span class='ocrx_word' id='word_1_238' title='bbox 840 2412 1047 2466; x_wconf 87' lang='lat' dir='ltr'><strong>dierum</strong></span> <span class='ocrx_word' id='word_1_239' title='bbox 1082 2412 1418 2481; x_wconf 72' lang='lat' dir='ltr'><strong>pmnitentia,</strong></span> <span class='ocrx_word' id='word_1_240' title='bbox 1448 2422 1501 2467; x_wconf 87' lang='lat' dir='ltr'><strong>et</strong></span> <span class='ocrx_word' id='word_1_241' title='bbox 1528 2414 1777 2481; x_wconf 89' lang='lat' dir='ltr'><strong>precibus</strong></span> <span class='ocrx_word' id='word_1_242' title='bbox 1799 2412 2118 2482; x_wconf 89' lang='lat' dir='ltr'><strong>quibusdam</strong></span> <span class='ocrx_word' id='word_1_243' title='bbox 2159 2411 2383 2474; x_wconf 86' lang='lat' dir='ltr'><strong>absolvi,</strong></span> 
     </span>
    </p>
   </div>
   <div class='ocr_carea' id='block_1_34' title="bbox 841 2500 2386 2568">
    <p class='ocr_par' dir='ltr' id='par_1_34' title="bbox 841 2500 2386 2568">
     <span class='ocr_line' id='line_1_34' title="bbox 841 2500 2386 2568; baseline 0 -16"><span class='ocrx_word' id='word_1_244' title='bbox 841 2500 932 2568; x_wconf 89' lang='lat' dir='ltr'><strong>qui</strong></span> <span class='ocrx_word' id='word_1_245' title='bbox 994 2500 1120 2554; x_wconf 82' lang='lat' dir='ltr'><strong>huic</strong></span> <span class='ocrx_word' id='word_1_246' title='bbox 1166 2500 1379 2553; x_wconf 86' lang='lat' dir='ltr'><strong>crimini</strong></span> <span class='ocrx_word' id='word_1_247' title='bbox 1448 2502 1629 2554; x_wconf 78' lang='lat' dir='ltr'><strong>innexi</strong></span> <span class='ocrx_word' id='word_1_248' title='bbox 1692 2509 1837 2554; x_wconf 90' lang='lat' dir='ltr'><strong>sunt.</strong></span> <span class='ocrx_word' id='word_1_249' title='bbox 1901 2501 2149 2554; x_wconf 65' lang='lat' dir='ltr'><strong>Praesens</strong></span> <span class='ocrx_word' id='word_1_250' title='bbox 2205 2510 2386 2553; x_wconf 89' lang='lat' dir='ltr'><strong>autem</strong></span> 
     </span>
    </p>
   </div>
   <div class='ocr_carea' id='block_1_35' title="bbox 843 2593 2387 2663">
    <p class='ocr_par' dir='ltr' id='par_1_35' title="bbox 843 2593 2387 2663">
     <span class='ocr_line' id='line_1_35' title="bbox 843 2593 2387 2663; baseline 0 -17"><span class='ocrx_word' id='word_1_251' title='bbox 843 2593 1030 2662; x_wconf 90' lang='lat' dir='ltr'><strong>polluti</strong></span> <span class='ocrx_word' id='word_1_252' title='bbox 1071 2594 1174 2647; x_wconf 91' lang='lat' dir='ltr'><strong>cibi</strong></span> <span class='ocrx_word' id='word_1_253' title='bbox 1219 2595 1559 2663; x_wconf 87' lang='lat' dir='ltr'><strong>participatlo</strong></span> <span class='ocrx_word' id='word_1_254' title='bbox 1595 2595 1819 2650; x_wconf 88' lang='lat' dir='ltr'><strong>alterius</strong></span> <span class='ocrx_word' id='word_1_255' title='bbox 1866 2595 2145 2662; x_wconf 88' lang='lat' dir='ltr'><strong>cujusdam</strong></span> <span class='ocrx_word' id='word_1_256' title='bbox 2198 2593 2387 2659; x_wconf 89' lang='lat' dir='ltr'><strong>impie-</strong></span> 
     </span>
    </p>
   </div>
   <div class='ocr_carea' id='block_1_36' title="bbox 847 2685 2389 2755">
    <p class='ocr_par' dir='ltr' id='par_1_36' title="bbox 847 2685 2389 2755">
     <span class='ocr_line' id='line_1_36' title="bbox 847 2685 2389 2755; baseline 0.001 -19"><span class='ocrx_word' id='word_1_257' title='bbox 847 2685 972 2739; x_wconf 89' lang='lat' dir='ltr'><strong>tatis</strong></span> <span class='ocrx_word' id='word_1_258' title='bbox 1009 2687 1287 2739; x_wconf 86' lang='lat' dir='ltr'><strong>misturam</strong></span> <span class='ocrx_word' id='word_1_259' title='bbox 1323 2687 1506 2742; x_wconf 91' lang='lat' dir='ltr'><strong>habet.</strong></span> <span class='ocrx_word' id='word_1_260' title='bbox 1542 2685 1832 2755; x_wconf 86' lang='lat' dir='ltr'><strong>Propterea</strong></span> <span class='ocrx_word' id='word_1_261' title='bbox 1862 2686 2006 2740; x_wconf 90' lang='lat' dir='ltr'><strong>enim</strong></span> <span class='ocrx_word' id='word_1_262' title='bbox 2053 2685 2389 2738; x_wconf 80' lang='lat' dir='ltr'><strong>contamina-</strong></span> 
     </span>
    </p>
   </div>
   <div class='ocr_carea' id='block_1_37' title="bbox 845 2777 2392 2847">
    <p class='ocr_par' dir='ltr' id='par_1_37' title="bbox 845 2777 2392 2847">
     <span class='ocr_line' id='line_1_37' title="bbox 845 2777 2392 2847; baseline 0.002 -20"><span class='ocrx_word' id='word_1_263' title='bbox 845 2785 956 2827; x_wconf 88' lang='lat' dir='ltr'><strong>tum</strong></span> <span class='ocrx_word' id='word_1_264' title='bbox 989 2777 1166 2830; x_wconf 90' lang='lat' dir='ltr'><strong>cibum</strong></span> <span class='ocrx_word' id='word_1_265' title='bbox 1198 2777 1480 2847; x_wconf 86' lang='lat' dir='ltr'><strong>attingere,</strong></span> <span class='ocrx_word' id='word_1_266' title='bbox 1531 2787 1589 2830; x_wconf 89' lang='lat' dir='ltr'><strong>ut</strong></span> <span class='ocrx_word' id='word_1_267' title='bbox 1629 2788 1768 2831; x_wconf 89' lang='lat' dir='ltr'><strong>terra</strong></span> <span class='ocrx_word' id='word_1_268' title='bbox 1822 2779 2142 2846; x_wconf 86' lang='lat' dir='ltr'><strong>placaretur,</strong></span> <span class='ocrx_word' id='word_1_269' title='bbox 2201 2792 2392 2830; x_wconf 85' lang='lat' dir='ltr'><strong>secun-</strong></span> 
     </span>
    </p>
   </div>
   <div class='ocr_carea' id='block_1_38' title="bbox 846 2867 2390 2938">
    <p class='ocr_par' dir='ltr' id='par_1_38' title="bbox 846 2867 2390 2938">
     <span class='ocr_line' id='line_1_38' title="bbox 846 2867 2390 2938; baseline 0.001 -20"><span class='ocrx_word' id='word_1_270' title='bbox 846 2867 1080 2920; x_wconf 86' lang='lat' dir='ltr'><strong>cundum</strong></span> <span class='ocrx_word' id='word_1_271' title='bbox 1114 2868 1360 2921; x_wconf 84' lang='lat' dir='ltr'><strong>insanam</strong></span> <span class='ocrx_word' id='word_1_272' title='bbox 1405 2869 1638 2937; x_wconf 91' lang='lat' dir='ltr'><strong>ipsorum</strong></span> <span class='ocrx_word' id='word_1_273' title='bbox 1686 2868 2019 2938; x_wconf 90' lang='lat' dir='ltr'><strong>opinionem,</strong></span> <span class='ocrx_word' id='word_1_274' title='bbox 2077 2868 2280 2921; x_wconf 81' lang='lat' dir='ltr'><strong>crimen</strong></span> <span class='ocrx_word' id='word_1_275' title='bbox 2335 2867 2390 2920; x_wconf 89' lang='lat' dir='ltr'><strong>in</strong></span> 
     </span>
    </p>
   </div>
   <div class='ocr_carea' id='block_1_39' title="bbox 827 2958 2393 3028">
    <p class='ocr_par' dir='ltr' id='par_1_39' title="bbox 827 2958 2393 3028">
     <span class='ocr_line' id='line_1_39' title="bbox 827 2958 2393 3028; baseline 0.003 -21"><span class='ocrx_word' id='word_1_276' title='bbox 827 2958 1020 3025; x_wconf 86' lang='lat' dir='ltr'><strong>.majus</strong></span> <span class='ocrx_word' id='word_1_277' title='bbox 1061 2959 1300 3012; x_wconf 87' lang='lat' dir='ltr'><strong>attollit:</strong></span> <span class='ocrx_word' id='word_1_278' title='bbox 1342 2961 1550 3012; x_wconf 86' lang='lat' dir='ltr'><strong>etiamsi</strong></span> <span class='ocrx_word' id='word_1_279' title='bbox 1597 2961 1713 3014; x_wconf 91' lang='lat' dir='ltr'><strong>sine</strong></span> <span class='ocrx_word' id='word_1_280' title='bbox 1778 2959 2038 3028; x_wconf 82' lang='lat' dir='ltr'><strong>gravioris</strong></span> <span class='ocrx_word' id='word_1_281' title='bbox 2100 2958 2393 3027; x_wconf 90' lang='lat' dir='ltr'><strong>impietatis</strong></span> 
     </span>
    </p>
   </div>
   <div class='ocr_carea' id='block_1_40' title="bbox 2481 1868 4046 1940">
    <p class='ocr_par' dir='ltr' id='par_1_40' title="bbox 2481 1868 4046 1940">
     <span class='ocr_line' id='line_1_40' title="bbox 2481 1868 4046 1940; baseline -0.003 -14"><span class='ocrx_word' id='word_1_282' title='bbox 2481 1873 2682 1926; x_wconf 76' lang='grc' dir='ltr'><strong>Αὐτίκα</strong></span> <span class='ocrx_word' id='word_1_283' title='bbox 2710 1872 2839 1938; x_wconf 78' lang='grc' dir='ltr'><strong>γοῦν</strong></span> <span class='ocrx_word' id='word_1_284' title='bbox 2871 1873 2899 1924; x_wconf 87' lang='grc' dir='ltr'>ὁ</span> <span class='ocrx_word' id='word_1_285' title='bbox 2950 1872 3105 1938; x_wconf 86' lang='grc' dir='ltr'><strong>λόγος</strong></span> <span class='ocrx_word' id='word_1_286' title='bbox 3141 1871 3219 1932; x_wconf 90' lang='grc' dir='ltr'><strong>είς</strong></span> <span class='ocrx_word' id='word_1_287' title='bbox 3253 1870 3410 1940; x_wconf 78' lang='grc' dir='ltr'><strong>ἔργον</strong></span> <span class='ocrx_word' id='word_1_288' title='bbox 3460 1868 3686 1937; x_wconf 80' lang='grc' dir='ltr'><strong>προέϐη.</strong></span> <span class='ocrx_word' id='word_1_289' title='bbox 3742 1869 4046 1921; x_wconf 84' lang='grc' dir='ltr'><strong>Ἐλθόντων</strong></span> 
     </span>
    </p>
   </div>
   <div class='ocr_carea' id='block_1_41' title="bbox 2482 1959 4045 2031">
    <p class='ocr_par' dir='ltr' id='par_1_41' title="bbox 2482 1959 4045 2031">
     <span class='ocr_line' id='line_1_41' title="bbox 2482 1959 4045 2031; baseline -0.003 -17"><span class='ocrx_word' id='word_1_290' title='bbox 2482 1962 2572 2014; x_wconf 75' lang='grc' dir='ltr'><strong>οὖν</strong></span> <span class='ocrx_word' id='word_1_291' title='bbox 2599 1966 2677 2025; x_wconf 91' lang='grc' dir='ltr'><strong>είς</strong></span> <span class='ocrx_word' id='word_1_292' title='bbox 2715 1962 2964 2031; x_wconf 72' lang='grc' dir='ltr'><strong>αἴσθησιν</strong></span> <span class='ocrx_word' id='word_1_293' title='bbox 2987 1962 3086 2031; x_wconf 82' lang='grc' dir='ltr'><strong>τῆς</strong></span> <span class='ocrx_word' id='word_1_294' title='bbox 3113 1961 3567 2029; x_wconf 83' lang='grc' dir='ltr'><strong>ἀπηγορευμένης</strong></span> <span class='ocrx_word' id='word_1_295' title='bbox 3600 1959 3876 2030; x_wconf 77' lang='grc' dir='ltr'><strong>βρώσεως,</strong></span> <span class='ocrx_word' id='word_1_296' title='bbox 3928 1965 4045 2022; x_wconf 74' lang='grc' dir='ltr'><strong>τοῖς</strong></span> 
     </span>
    </p>
   </div>
   <div class='ocr_carea' id='block_1_42' title="bbox 2484 2052 4044 2122">
    <p class='ocr_par' dir='ltr' id='par_1_42' title="bbox 2484 2052 4044 2122">
     <span class='ocr_line' id='line_1_42' title="bbox 2484 2052 4044 2122; baseline -0.003 -17"><span class='ocrx_word' id='word_1_297' title='bbox 2484 2054 2609 2105; x_wconf 75' lang='grc' dir='ltr'><strong>ποσὶ</strong></span> <span class='ocrx_word' id='word_1_298' title='bbox 2631 2055 2964 2122; x_wconf 81' lang='grc' dir='ltr'><strong>προσέπεσον</strong></span> <span class='ocrx_word' id='word_1_299' title='bbox 2985 2054 3077 2105; x_wconf 85' lang='grc' dir='ltr'><strong>τοῦ</strong></span> <span class='ocrx_word' id='word_1_300' title='bbox 3097 2053 3416 2116; x_wconf 89' lang='grc' dir='ltr'><strong>ἐπισκόπου,</strong></span> <span class='ocrx_word' id='word_1_301' title='bbox 3436 2052 3744 2119; x_wconf 80' lang='grc' dir='ltr'><strong>αίτθύμενοι</strong></span> <span class='ocrx_word' id='word_1_302' title='bbox 3771 2053 4044 2118; x_wconf 78' lang='grc' dir='ltr'><strong>ἰατρείαν,</strong></span> 
     </span>
    </p>
   </div>
   <div class='ocr_carea' id='block_1_43' title="bbox 2484 2143 4047 2214">
    <p class='ocr_par' dir='ltr' id='par_1_43' title="bbox 2484 2143 4047 2214">
     <span class='ocr_line' id='line_1_43' title="bbox 2484 2143 4047 2214; baseline -0.002 -18"><span class='ocrx_word' id='word_1_303' title='bbox 2484 2145 2578 2196; x_wconf 77' lang='grc' dir='ltr'><strong>καὶ</strong></span> <span class='ocrx_word' id='word_1_304' title='bbox 2604 2145 2755 2198; x_wconf 86' lang='grc' dir='ltr'><strong>λύσιν</strong></span> <span class='ocrx_word' id='word_1_305' title='bbox 2785 2144 2875 2196; x_wconf 79' lang='grc' dir='ltr'><strong>τοῦ</strong></span> <span class='ocrx_word' id='word_1_306' title='bbox 2921 2143 3382 2214; x_wconf 84' lang='grc' dir='ltr'><strong>παραπτώματος.</strong></span> <span class='ocrx_word' id='word_1_307' title='bbox 3435 2143 3619 2194; x_wconf 83' lang='grc' dir='ltr'><strong>Ταῦτα</strong></span> <span class='ocrx_word' id='word_1_308' title='bbox 3673 2143 3957 2211; x_wconf 81' lang='grc' dir='ltr'><strong>διήγγειλε</strong></span> <span class='ocrx_word' id='word_1_309' title='bbox 3986 2144 4047 2192; x_wconf 81' lang='grc' dir='ltr'><strong>τὸ</strong></span> 
     </span>
    </p>
   </div>
   <div class='ocr_carea' id='block_1_44' title="bbox 2483 2231 4046 2301">
    <p class='ocr_par' dir='ltr' id='par_1_44' title="bbox 2483 2231 4046 2301">
     <span class='ocr_line' id='line_1_44' title="bbox 2483 2231 4046 2301; baseline 0.001 -18"><span class='ocrx_word' id='word_1_310' title='bbox 2483 2231 2718 2300; x_wconf 76' lang='grc' dir='ltr'><strong>γράμμα</strong></span> <span class='ocrx_word' id='word_1_311' title='bbox 2744 2231 2842 2298; x_wconf 86' lang='grc' dir='ltr'><strong>τῆς</strong></span> <span class='ocrx_word' id='word_1_312' title='bbox 2873 2231 2973 2298; x_wconf 83' lang='grc' dir='ltr'><strong>σῆς</strong></span> <span class='ocrx_word' id='word_1_313' title='bbox 3001 2231 3288 2296; x_wconf 79' lang='grc' dir='ltr'><strong>εὐλαόείις</strong></span> <span class='ocrx_word' id='word_1_314' title='bbox 3312 2249 3326 2264; x_wconf 76' lang='grc' dir='ltr'><strong><em>ο</em></strong></span> <span class='ocrx_word' id='word_1_315' title='bbox 3359 2233 3452 2284; x_wconf 76' lang='lat' dir='ltr'><strong>xal.</strong></span> <span class='ocrx_word' id='word_1_316' title='bbox 3479 2232 3606 2301; x_wconf 87' lang='grc' dir='ltr'><strong>περί</strong></span> <span class='ocrx_word' id='word_1_317' title='bbox 3639 2232 3830 2283; x_wconf 84' lang='grc' dir='ltr'><strong>τούτου</strong></span> <span class='ocrx_word' id='word_1_318' title='bbox 3871 2232 4046 2294; x_wconf 84' lang='grc' dir='ltr'><strong>τύπος</strong></span> 
     </span>
    </p>
   </div>
   <div class='ocr_carea' id='block_1_45' title="bbox 2490 2322 4044 2392">
    <p class='ocr_par' dir='ltr' id='par_1_45' title="bbox 2490 2322 4044 2392">
     <span class='ocr_line' id='line_1_45' title="bbox 2490 2322 4044 2392; baseline 0.001 -20"><span class='ocrx_word' id='word_1_319' title='bbox 2490 2323 2586 2390; x_wconf 90' lang='grc' dir='ltr'><strong>μέν</strong></span> <span class='ocrx_word' id='word_1_320' title='bbox 2635 2323 2780 2374; x_wconf 89' lang='grc' dir='ltr'><strong>ἐστιν</strong></span> <span class='ocrx_word' id='word_1_321' title='bbox 2810 2322 3277 2391; x_wconf 69' lang='grc' dir='ltr'><strong>ἐκκλησιαστικδς,</strong></span> <span class='ocrx_word' id='word_1_322' title='bbox 3309 2323 3397 2376; x_wconf 79' lang='grc' dir='ltr'><strong>διὰ</strong></span> <span class='ocrx_word' id='word_1_323' title='bbox 3457 2323 4044 2392; x_wconf 83' lang='grc' dir='ltr'><strong>τεσσαρακονθημέρου</strong></span> 
     </span>
    </p>
   </div>
   <div class='ocr_carea' id='block_1_46' title="bbox 2487 2413 4044 2482">
    <p class='ocr_par' dir='ltr' id='par_1_46' title="bbox 2487 2413 4044 2482">
     <span class='ocr_line' id='line_1_46' title="bbox 2487 2413 4044 2482; baseline 0.002 -18"><span class='ocrx_word' id='word_1_324' title='bbox 2487 2414 2782 2482; x_wconf 80' lang='grc' dir='ltr'><strong>ἐπιτιμίου,</strong></span> <span class='ocrx_word' id='word_1_325' title='bbox 2806 2413 2895 2465; x_wconf 83' lang='grc' dir='ltr'><strong>καί</strong></span> <span class='ocrx_word' id='word_1_326' title='bbox 2926 2431 3087 2467; x_wconf 90' lang='grc' dir='ltr'><strong>τινων</strong></span> <span class='ocrx_word' id='word_1_327' title='bbox 3114 2414 3310 2482; x_wconf 80' lang='grc' dir='ltr'><strong>εὐχῶν,</strong></span> <span class='ocrx_word' id='word_1_328' title='bbox 3343 2414 3658 2466; x_wconf 78' lang='grc' dir='ltr'><strong>διαλύεσθαι</strong></span> <span class='ocrx_word' id='word_1_329' title='bbox 3693 2415 3820 2477; x_wconf 74' lang='grc' dir='ltr'><strong>τοὺς</strong></span> <span class='ocrx_word' id='word_1_330' title='bbox 3865 2415 4044 2467; x_wconf 75' lang='grc' dir='ltr'><strong>ἑαλω-</strong></span> 
     </span>
    </p>
   </div>
   <div class='ocr_carea' id='block_1_47' title="bbox 2488 2505 4044 2575">
    <p class='ocr_par' dir='ltr' id='par_1_47' title="bbox 2488 2505 4044 2575">
     <span class='ocr_line' id='line_1_47' title="bbox 2488 2505 4044 2575; baseline 0 -18"><span class='ocrx_word' id='word_1_331' title='bbox 2488 2505 2650 2568; x_wconf 86' lang='grc' dir='ltr'><strong>κότας</strong></span> <span class='ocrx_word' id='word_1_332' title='bbox 2689 2505 2765 2573; x_wconf 82' lang='grc' dir='ltr'><strong>τῷ</strong></span> <span class='ocrx_word' id='word_1_333' title='bbox 2811 2506 3130 2574; x_wconf 78' lang='grc' dir='ltr'><strong>ἐγκλήματι.</strong></span> <span class='ocrx_word' id='word_1_334' title='bbox 3177 2506 3241 2558; x_wconf 85' lang='grc' dir='ltr'><strong>Ἦ</strong></span> <span class='ocrx_word' id='word_1_335' title='bbox 3291 2506 3347 2558; x_wconf 76' lang='grc' dir='ltr'><strong>δὲ</strong></span> <span class='ocrx_word' id='word_1_336' title='bbox 3404 2505 3651 2575; x_wconf 80' lang='grc' dir='ltr'><strong>παροῦσα</strong></span> <span class='ocrx_word' id='word_1_337' title='bbox 3703 2507 4044 2575; x_wconf 77' lang='grc' dir='ltr'><strong>μιαροφαγία</strong></span> 
     </span>
    </p>
   </div>
   <div class='ocr_carea' id='block_1_48' title="bbox 2488 2596 4044 2667">
    <p class='ocr_par' dir='ltr' id='par_1_48' title="bbox 2488 2596 4044 2667">
     <span class='ocr_line' id='line_1_48' title="bbox 2488 2596 4044 2667; baseline 0.001 -19"><span class='ocrx_word' id='word_1_338' title='bbox 2488 2596 2600 2666; x_wconf 77' lang='grc' dir='ltr'><strong>ἔχει</strong></span> <span class='ocrx_word' id='word_1_339' title='bbox 2627 2598 2719 2650; x_wconf 82' lang='grc' dir='ltr'><strong>καὶ</strong></span> <span class='ocrx_word' id='word_1_340' title='bbox 2760 2598 2949 2666; x_wconf 87' lang='grc' dir='ltr'><strong>ἐτέρας</strong></span> <span class='ocrx_word' id='word_1_341' title='bbox 2979 2597 3118 2660; x_wconf 75' lang='grc' dir='ltr'><strong>τινὸς</strong></span> <span class='ocrx_word' id='word_1_342' title='bbox 3163 2599 3414 2661; x_wconf 78' lang='grc' dir='ltr'><strong>ἀσεσείας</strong></span> <span class='ocrx_word' id='word_1_343' title='bbox 3458 2597 3754 2667; x_wconf 79' lang='grc' dir='ltr'><strong>ἐπιμιξίαν.</strong></span> <span class='ocrx_word' id='word_1_344' title='bbox 3809 2599 3884 2650; x_wconf 85' lang='grc' dir='ltr'>Τὸ</span> <span class='ocrx_word' id='word_1_345' title='bbox 3934 2600 4044 2667; x_wconf 72' lang='grc' dir='ltr'><strong>γὰρ</strong></span> 
     </span>
    </p>
   </div>
   <div class='ocr_carea' id='block_1_49' title="bbox 2489 2687 4044 2759">
    <p class='ocr_par' dir='ltr' id='par_1_49' title="bbox 2489 2687 4044 2759">
     <span class='ocr_line' id='line_1_49' title="bbox 2489 2687 4044 2759; baseline 0.002 -21"><span class='ocrx_word' id='word_1_346' title='bbox 2489 2687 2649 2738; x_wconf 72' lang='grc' dir='ltr'><strong>ἕνεκα</strong></span> <span class='ocrx_word' id='word_1_347' title='bbox 2667 2688 2852 2739; x_wconf 89' lang='grc' dir='ltr'><strong>τούτου</strong></span> <span class='ocrx_word' id='word_1_348' title='bbox 2889 2688 3311 2756; x_wconf 82' lang='grc' dir='ltr'><strong>μιαροφαγῆσαι,</strong></span> <span class='ocrx_word' id='word_1_349' title='bbox 3346 2688 3485 2740; x_wconf 78' lang='grc' dir='ltr'><strong>ὥστε</strong></span> <span class='ocrx_word' id='word_1_350' title='bbox 3521 2689 3621 2758; x_wconf 83' lang='grc' dir='ltr'><strong>τὴν</strong></span> <span class='ocrx_word' id='word_1_351' title='bbox 3643 2692 3749 2759; x_wconf 83' lang='grc' dir='ltr'><strong>γῇν</strong></span> <span class='ocrx_word' id='word_1_352' title='bbox 3797 2688 4044 2757; x_wconf 81' lang='grc' dir='ltr'><strong>ἐκμειλί-</strong></span> 
     </span>
    </p>
   </div>
   <div class='ocr_carea' id='block_1_50' title="bbox 2492 2777 4043 2846">
    <p class='ocr_par' dir='ltr' id='par_1_50' title="bbox 2492 2777 4043 2846">
     <span class='ocr_line' id='line_1_50' title="bbox 2492 2777 4043 2846; baseline 0.003 -19"><span class='ocrx_word' id='word_1_353' title='bbox 2492 2777 2702 2841; x_wconf 84' lang='grc' dir='ltr'><strong>ξασθαι,</strong></span> <span class='ocrx_word' id='word_1_354' title='bbox 2730 2778 2872 2829; x_wconf 70' lang='grc' dir='ltr'><strong>κατὰ</strong></span> <span class='ocrx_word' id='word_1_355' title='bbox 2905 2778 3003 2846; x_wconf 83' lang='grc' dir='ltr'><strong>τὴν</strong></span> <span class='ocrx_word' id='word_1_356' title='bbox 3050 2780 3270 2830; x_wconf 83' lang='grc' dir='ltr'><strong>ἐκείνων</strong></span> <span class='ocrx_word' id='word_1_357' title='bbox 3315 2778 3412 2846; x_wconf 81' lang='grc' dir='ltr'><strong>τῆς</strong></span> <span class='ocrx_word' id='word_1_358' title='bbox 3458 2779 3714 2841; x_wconf 78' lang='grc' dir='ltr'><strong>ἀπονοίας</strong></span> <span class='ocrx_word' id='word_1_359' title='bbox 3762 2780 4043 2842; x_wconf 77' lang='grc' dir='ltr'><strong>ὑπόνοιαν,</strong></span> 
     </span>
    </p>
   </div>
   <div class='ocr_carea' id='block_1_51' title="bbox 2491 2867 4044 2938">
    <p class='ocr_par' dir='ltr' id='par_1_51' title="bbox 2491 2867 4044 2938">
     <span class='ocr_line' id='line_1_51' title="bbox 2491 2867 4044 2938; baseline -0.001 -17"><span class='ocrx_word' id='word_1_360' title='bbox 2491 2867 2641 2932; x_wconf 76' lang='grc' dir='ltr'><strong>αὔξει</strong></span> <span class='ocrx_word' id='word_1_361' title='bbox 2671 2869 2830 2920; x_wconf 83' lang='grc' dir='ltr'><strong>πλέον</strong></span> <span class='ocrx_word' id='word_1_362' title='bbox 2858 2869 2920 2921; x_wconf 81' lang='grc' dir='ltr'><strong>τὸ</strong></span> <span class='ocrx_word' id='word_1_363' title='bbox 2962 2869 3236 2938; x_wconf 76' lang='grc' dir='ltr'><strong>ἔγκλημα⁹</strong></span> <span class='ocrx_word' id='word_1_364' title='bbox 3264 2869 3365 2922; x_wconf 82' lang='grc' dir='ltr'><strong>κᾶν</strong></span> <span class='ocrx_word' id='word_1_365' title='bbox 3385 2869 3510 2922; x_wconf 78' lang='grc' dir='ltr'><strong>ἄνευ</strong></span> <span class='ocrx_word' id='word_1_366' title='bbox 3551 2870 3825 2937; x_wconf 82' lang='grc' dir='ltr'><strong>λογισμῶν</strong></span> <span class='ocrx_word' id='word_1_367' title='bbox 3880 2887 4044 2923; x_wconf 85' lang='grc' dir='ltr'><strong>τινων</strong></span> 
     </span>
    </p>
   </div>
   <div class='ocr_carea' id='block_1_52' title="bbox 2491 2961 4043 3032">
    <p class='ocr_par' dir='ltr' id='par_1_52' title="bbox 2491 2961 4043 3032">
     <span class='ocr_line' id='line_1_52' title="bbox 2491 2961 4043 3032; baseline -0.001 -20"><span class='ocrx_word' id='word_1_368' title='bbox 2491 2961 2925 3031; x_wconf 76' lang='grc' dir='ltr'><strong>δυσσεϐεστέρων</strong></span> <span class='ocrx_word' id='word_1_369' title='bbox 2953 2962 3088 3032; x_wconf 83' lang='grc' dir='ltr'><strong>πρὸς</strong></span> <span class='ocrx_word' id='word_1_370' title='bbox 3108 2963 3207 3030; x_wconf 80' lang='grc' dir='ltr'><strong>τὴν</strong></span> <span class='ocrx_word' id='word_1_371' title='bbox 3241 2961 3496 3031; x_wconf 79' lang='grc' dir='ltr'><strong>τοιαύτην</strong></span> <span class='ocrx_word' id='word_1_372' title='bbox 3519 2963 3783 3030; x_wconf 74' lang='grc' dir='ltr'><strong>ὑπόληψιν</strong></span> <span class='ocrx_word' id='word_1_373' title='bbox 3840 2980 4043 3032; x_wconf 75' lang='grc' dir='ltr'><strong>κατην-</strong></span> 
     </span>
    </p>
   </div>
   <div class='ocr_carea' id='block_1_53' title="bbox 844 3049 2521 3139">
    <p class='ocr_par' dir='ltr' id='par_1_53' title="bbox 844 3049 2518 3139">
     <span class='ocr_line' id='line_1_53' title="bbox 844 3049 2518 3139; baseline 0.004 -38"><span class='ocrx_word' id='word_1_374' title='bbox 844 3049 1186 3118; x_wconf 81' lang='lat' dir='ltr'><strong>cogitatione,</strong></span> <span class='ocrx_word' id='word_1_375' title='bbox 1216 3052 1281 3104; x_wconf 88' lang='lat' dir='ltr'><strong>ad</strong></span> <span class='ocrx_word' id='word_1_376' title='bbox 1303 3051 1439 3105; x_wconf 88' lang='lat' dir='ltr'><strong>hanc</strong></span> <span class='ocrx_word' id='word_1_377' title='bbox 1459 3053 1766 3121; x_wconf 89' lang='lat' dir='ltr'><strong>opinionem</strong></span> <span class='ocrx_word' id='word_1_378' title='bbox 1795 3050 2392 3106; x_wconf 68' lang='lat' dir='ltr'><strong>acccsserunthrum-</strong></span> <span class='ocrx_word' id='word_1_379' title='bbox 2418 3081 2462 3139; x_wconf 64' lang='grc' dir='ltr'>ρ</span> <span class='ocrx_word' id='word_1_380' title='bbox 2494 3058 2518 3108; x_wconf 84' lang='grc' dir='ltr'><strong>ἐ</strong></span> 
     </span>
    </p>
   </div>
   <div class='ocr_carea' id='block_1_54' title="bbox 2364 3049 4041 3139">
    <p class='ocr_par' dir='ltr' id='par_1_54' title="bbox 2364 3049 4041 3139">
     <span class='ocr_line' id='line_1_54' title="bbox 2364 3049 4041 3139; baseline -0.003 -31"><span class='ocrx_word' id='word_1_381' title='bbox 2364 3080 2392 3090; x_wconf 93' lang='grc'><strong><em>-</em></strong></span> <span class='ocrx_word' id='word_1_382' title='bbox 2418 3081 2462 3139; x_wconf 73' lang='lat' dir='ltr'>C</span> <span class='ocrx_word' id='word_1_383' title='bbox 2494 3057 2744 3125; x_wconf 86' lang='grc' dir='ltr'><strong>έχθησαν.</strong></span> <span class='ocrx_word' id='word_1_384' title='bbox 2761 3056 2906 3124; x_wconf 85' lang='grc' dir='ltr'><strong>Πλήν</strong></span> <span class='ocrx_word' id='word_1_385' title='bbox 2928 3071 2992 3122; x_wconf 85' lang='grc' dir='ltr'><strong>γε</strong></span> <span class='ocrx_word' id='word_1_386' title='bbox 3010 3055 3104 3108; x_wconf 77' lang='grc' dir='ltr'><strong>καὶ</strong></span> <span class='ocrx_word' id='word_1_387' title='bbox 3131 3054 3239 3108; x_wconf 90' lang='grc' dir='ltr'><strong>τῶν</strong></span> <span class='ocrx_word' id='word_1_388' title='bbox 3265 3055 3471 3124; x_wconf 83' lang='grc' dir='ltr'><strong>ἀνδρῶν</strong></span> <span class='ocrx_word' id='word_1_389' title='bbox 3496 3055 3556 3107; x_wconf 80' lang='grc' dir='ltr'><strong>τὸ</strong></span> <span class='ocrx_word' id='word_1_390' title='bbox 3574 3049 3720 3125; x_wconf 85' lang='grc' dir='ltr'><strong>ἦθος,</strong></span> <span class='ocrx_word' id='word_1_391' title='bbox 3739 3056 3832 3108; x_wconf 74' lang='grc' dir='ltr'><strong>καὶ</strong></span> <span class='ocrx_word' id='word_1_392' title='bbox 3854 3057 3886 3124; x_wconf 81' lang='grc' dir='ltr'><strong>ἡ</strong></span> <span class='ocrx_word' id='word_1_393' title='bbox 3911 3055 4041 3125; x_wconf 80' lang='grc' dir='ltr'><strong>ἄλλη</strong></span> 
     </span>
    </p>
   </div>
   <div class='ocr_carea' id='block_1_55' title="bbox 848 3143 2392 3211">
    <p class='ocr_par' dir='ltr' id='par_1_55' title="bbox 848 3143 2392 3211">
     <span class='ocr_line' id='line_1_55' title="bbox 848 3143 2392 3211; baseline 0.003 -18"><span class='ocrx_word' id='word_1_394' title='bbox 848 3151 1027 3194; x_wconf 89' lang='lat' dir='ltr'><strong>tamen</strong></span> <span class='ocrx_word' id='word_1_395' title='bbox 1067 3151 1121 3195; x_wconf 93' lang='lat' dir='ltr'><strong>et</strong></span> <span class='ocrx_word' id='word_1_396' title='bbox 1148 3143 1428 3196; x_wconf 88' lang='lat' dir='ltr'><strong>hominum</strong></span> <span class='ocrx_word' id='word_1_397' title='bbox 1470 3159 1670 3206; x_wconf 83' lang='lat' dir='ltr'><strong>moros,</strong></span> <span class='ocrx_word' id='word_1_398' title='bbox 1723 3151 1777 3196; x_wconf 89' lang='lat' dir='ltr'><strong>et</strong></span> <span class='ocrx_word' id='word_1_399' title='bbox 1815 3143 2050 3211; x_wconf 88' lang='lat' dir='ltr'><strong>reliquus</strong></span> <span class='ocrx_word' id='word_1_400' title='bbox 2088 3143 2212 3196; x_wconf 68' lang='lat' dir='ltr'><strong>vitae</strong></span> <span class='ocrx_word' id='word_1_401' title='bbox 2259 3153 2392 3197; x_wconf 75' lang='lat' dir='ltr'><strong>acta:</strong></span> 
     </span>
    </p>
   </div>
   <div class='ocr_carea' id='block_1_56' title="bbox 847 3235 2393 3300">
    <p class='ocr_par' dir='ltr' id='par_1_56' title="bbox 847 3235 2393 3300">
     <span class='ocr_line' id='line_1_56' title="bbox 847 3235 2393 3300; baseline 0.001 -15"><span class='ocrx_word' id='word_1_402' title='bbox 847 3243 1021 3298; x_wconf 92' lang='lat' dir='ltr'><strong>tenor,</strong></span> <span class='ocrx_word' id='word_1_403' title='bbox 1063 3244 1116 3287; x_wconf 89' lang='lat' dir='ltr'><strong>et</strong></span> <span class='ocrx_word' id='word_1_404' title='bbox 1141 3235 1306 3287; x_wconf 91' lang='lat' dir='ltr'><strong>animi</strong></span> <span class='ocrx_word' id='word_1_405' title='bbox 1330 3235 1665 3300; x_wconf 86' lang='lat' dir='ltr'><strong>constitutio,</strong></span> <span class='ocrx_word' id='word_1_406' title='bbox 1698 3245 1815 3288; x_wconf 91' lang='lat' dir='ltr'><strong>tum</strong></span> <span class='ocrx_word' id='word_1_407' title='bbox 1843 3235 2064 3300; x_wconf 85' lang='lat' dir='ltr'><strong>mentis,</strong></span> <span class='ocrx_word' id='word_1_408' title='bbox 2098 3236 2211 3289; x_wconf 90' lang='lat' dir='ltr'><strong>sive</strong></span> <span class='ocrx_word' id='word_1_409' title='bbox 2260 3235 2393 3288; x_wconf 88' lang='lat' dir='ltr'><strong>sim-</strong></span> 
     </span>
    </p>
   </div>
   <div class='ocr_carea' id='block_1_57' title="bbox 849 3325 2394 3395">
    <p class='ocr_par' dir='ltr' id='par_1_57' title="bbox 849 3325 2394 3395">
     <span class='ocr_line' id='line_1_57' title="bbox 849 3325 2394 3395; baseline 0.002 -19"><span class='ocrx_word' id='word_1_410' title='bbox 849 3325 1063 3393; x_wconf 85' lang='lat' dir='ltr'><strong>plicitas</strong></span> <span class='ocrx_word' id='word_1_411' title='bbox 1113 3326 1226 3378; x_wconf 88' lang='lat' dir='ltr'><strong>sive</strong></span> <span class='ocrx_word' id='word_1_412' title='bbox 1268 3327 1508 3388; x_wconf 89' lang='lat' dir='ltr'><strong>solertia,</strong></span> <span class='ocrx_word' id='word_1_413' title='bbox 1558 3326 1641 3380; x_wconf 89' lang='lat' dir='ltr'><strong>vel</strong></span> <span class='ocrx_word' id='word_1_414' title='bbox 1693 3327 1990 3395; x_wconf 88' lang='lat' dir='ltr'><strong>producere</strong></span> <span class='ocrx_word' id='word_1_415' title='bbox 2033 3335 2207 3395; x_wconf 85' lang='lat' dir='ltr'><strong>potest</strong></span> <span class='ocrx_word' id='word_1_416' title='bbox 2260 3336 2394 3379; x_wconf 84' lang='lat' dir='ltr'><strong>tem—</strong></span> 
     </span>
    </p>
   </div>
   <div class='ocr_carea' id='block_1_58' title="bbox 848 3417 2395 3489">
    <p class='ocr_par' dir='ltr' id='par_1_58' title="bbox 848 3417 2395 3489">
     <span class='ocr_line' id='line_1_58' title="bbox 848 3417 2395 3489; baseline 0.004 -24"><span class='ocrx_word' id='word_1_417' title='bbox 848 3432 949 3485; x_wconf 87' lang='lat' dir='ltr'><strong>pus</strong></span> <span class='ocrx_word' id='word_1_418' title='bbox 999 3417 1080 3470; x_wconf 87' lang='lat' dir='ltr'><strong>vel</strong></span> <span class='ocrx_word' id='word_1_419' title='bbox 1139 3426 1351 3471; x_wconf 90' lang='lat' dir='ltr'><strong>curtare</strong></span> <span class='ocrx_word' id='word_1_420' title='bbox 1386 3433 1399 3470; x_wconf 91' lang='lat'><strong>:</strong></span> <span class='ocrx_word' id='word_1_421' title='bbox 1430 3434 1554 3472; x_wconf 91' lang='lat' dir='ltr'><strong>cum</strong></span> <span class='ocrx_word' id='word_1_422' title='bbox 1600 3418 1827 3472; x_wconf 80' lang='lat' dir='ltr'><strong>fortasse</strong></span> <span class='ocrx_word' id='word_1_423' title='bbox 1865 3427 1986 3489; x_wconf 90' lang='lat' dir='ltr'><strong>post</strong></span> <span class='ocrx_word' id='word_1_424' title='bbox 2040 3418 2395 3488; x_wconf 81' lang='lat' dir='ltr'><strong>quadraginta</strong></span> 
     </span>
    </p>
   </div>
   <div class='ocr_carea' id='block_1_59' title="bbox 849 3508 2391 3578">
    <p class='ocr_par' dir='ltr' id='par_1_59' title="bbox 849 3508 2391 3578">
     <span class='ocr_line' id='line_1_59' title="bbox 849 3508 2391 3578; baseline 0.002 -18"><span class='ocrx_word' id='word_1_425' title='bbox 849 3508 964 3561; x_wconf 90' lang='lat' dir='ltr'><strong>dies</strong></span> <span class='ocrx_word' id='word_1_426' title='bbox 987 3508 1233 3577; x_wconf 88' lang='lat' dir='ltr'><strong>imposita</strong></span> <span class='ocrx_word' id='word_1_427' title='bbox 1282 3526 1508 3565; x_wconf 88' lang='lat' dir='ltr'><strong>censura</strong></span> <span class='ocrx_word' id='word_1_428' title='bbox 1540 3512 1630 3564; x_wconf 87' lang='lat' dir='ltr'><strong>sit.</strong></span> <span class='ocrx_word' id='word_1_429' title='bbox 1665 3510 1816 3575; x_wconf 86' lang='lat' dir='ltr'><strong>Quod</strong></span> <span class='ocrx_word' id='word_1_430' title='bbox 1857 3511 1902 3564; x_wconf 84' lang='lat' dir='ltr'><strong>si</strong></span> <span class='ocrx_word' id='word_1_431' title='bbox 1944 3511 2178 3564; x_wconf 84' lang='lat' dir='ltr'><strong>secunda</strong></span> <span class='ocrx_word' id='word_1_432' title='bbox 2216 3510 2391 3578; x_wconf 86' lang='lat' dir='ltr'><strong>aliqua</strong></span> 
     </span>
    </p>
   </div>
   <div class='ocr_carea' id='block_1_60' title="bbox 848 3600 2388 3671">
    <p class='ocr_par' dir='ltr' id='par_1_60' title="bbox 848 3600 2388 3671">
     <span class='ocr_line' id='line_1_60' title="bbox 848 3600 2388 3671; baseline 0.003 -20"><span class='ocrx_word' id='word_1_433' title='bbox 848 3600 1091 3653; x_wconf 84' lang='lat' dir='ltr'><strong>deﬁnitio</strong></span> <span class='ocrx_word' id='word_1_434' title='bbox 1139 3602 1480 3669; x_wconf 84' lang='lat' dir='ltr'><strong>producenda</strong></span> <span class='ocrx_word' id='word_1_435' title='bbox 1519 3611 1622 3667; x_wconf 90' lang='lat' dir='ltr'><strong>est,</strong></span> <span class='ocrx_word' id='word_1_436' title='bbox 1650 3602 1906 3671; x_wconf 83' lang='lat' dir='ltr'><strong>sepositis</strong></span> <span class='ocrx_word' id='word_1_437' title='bbox 1946 3601 2388 3663; x_wconf 82' lang='lat' dir='ltr'><strong>circumstantiis,</strong></span> 
     </span>
    </p>
   </div>
   <div class='ocr_carea' id='block_1_61' title="bbox 847 3692 2392 3761">
    <p class='ocr_par' dir='ltr' id='par_1_61' title="bbox 847 3692 2392 3761">
     <span class='ocr_line' id='line_1_61' title="bbox 847 3692 2392 3761; baseline 0.001 -18"><span class='ocrx_word' id='word_1_438' title='bbox 847 3707 968 3760; x_wconf 74' lang='lat' dir='ltr'><strong>qua:</strong></span> <span class='ocrx_word' id='word_1_439' title='bbox 991 3692 1334 3760; x_wconf 88' lang='lat' dir='ltr'><strong>producendo</strong></span> <span class='ocrx_word' id='word_1_440' title='bbox 1361 3693 1442 3746; x_wconf 90' lang='lat' dir='ltr'><strong>vel</strong></span> <span class='ocrx_word' id='word_1_441' title='bbox 1471 3693 1733 3746; x_wconf 88' lang='lat' dir='ltr'><strong>curtando</strong></span> <span class='ocrx_word' id='word_1_442' title='bbox 1757 3693 1983 3761; x_wconf 89' lang='lat' dir='ltr'><strong>tempori</strong></span> <span class='ocrx_word' id='word_1_443' title='bbox 2016 3707 2232 3745; x_wconf 88' lang='lat' dir='ltr'><strong>causam</strong></span> <span class='ocrx_word' id='word_1_444' title='bbox 2257 3707 2392 3760; x_wconf 72' lang='lat' dir='ltr'><strong>pra:-</strong></span> 
     </span>
    </p>
   </div>
   <div class='ocr_carea' id='block_1_62' title="bbox 848 3782 2391 3852">
    <p class='ocr_par' dir='ltr' id='par_1_62' title="bbox 848 3782 2391 3852">
     <span class='ocr_line' id='line_1_62' title="bbox 848 3782 2391 3852; baseline -0.003 -16"><span class='ocrx_word' id='word_1_445' title='bbox 848 3784 997 3842; x_wconf 88' lang='lat' dir='ltr'><strong>bent,</strong></span> <span class='ocrx_word' id='word_1_446' title='bbox 1041 3783 1108 3835; x_wconf 87' lang='lat' dir='ltr'><strong>ad</strong></span> <span class='ocrx_word' id='word_1_447' title='bbox 1168 3791 1276 3835; x_wconf 87' lang='lat' dir='ltr'><strong>tres</strong></span> <span class='ocrx_word' id='word_1_448' title='bbox 1335 3783 1540 3837; x_wconf 90' lang='lat' dir='ltr'><strong>dierum</strong></span> <span class='ocrx_word' id='word_1_449' title='bbox 1593 3783 1964 3852; x_wconf 84' lang='lat' dir='ltr'><strong>quadragenas</strong></span> <span class='ocrx_word' id='word_1_450' title='bbox 2002 3782 2169 3834; x_wconf 90' lang='lat' dir='ltr'><strong>multa</strong></span> <span class='ocrx_word' id='word_1_451' title='bbox 2203 3795 2391 3834; x_wconf 91' lang='lat' dir='ltr'><strong>eorum</strong></span> 
     </span>
    </p>
   </div>
   <div class='ocr_carea' id='block_1_63' title="bbox 850 3870 2389 3942">
    <p class='ocr_par' dir='ltr' id='par_1_63' title="bbox 850 3870 2389 3942">
     <span class='ocr_line' id='line_1_63' title="bbox 850 3870 2389 3942; baseline 0.001 -20"><span class='ocrx_word' id='word_1_452' title='bbox 850 3871 939 3938; x_wconf 87' lang='lat' dir='ltr'><strong>qui</strong></span> <span class='ocrx_word' id='word_1_453' title='bbox 993 3871 1045 3924; x_wconf 91' lang='lat' dir='ltr'><strong>in</strong></span> <span class='ocrx_word' id='word_1_454' title='bbox 1082 3872 1209 3924; x_wconf 79' lang='lat' dir='ltr'><strong>&#39;hoc</strong></span> <span class='ocrx_word' id='word_1_455' title='bbox 1263 3872 1486 3926; x_wconf 88' lang='lat' dir='ltr'><strong>crimine</strong></span> <span class='ocrx_word' id='word_1_456' title='bbox 1543 3872 1866 3942; x_wconf 91' lang='lat' dir='ltr'><strong>deprehensi</strong></span> <span class='ocrx_word' id='word_1_457' title='bbox 1912 3881 2058 3935; x_wconf 89' lang='lat' dir='ltr'><strong>sunt,</strong></span> <span class='ocrx_word' id='word_1_458' title='bbox 2103 3870 2389 3939; x_wconf 83' lang='lat' dir='ltr'><strong>redigenda</strong></span> 
     </span>
    </p>
   </div>
   <div class='ocr_carea' id='block_1_64' title="bbox 851 3962 2394 4032">
    <p class='ocr_par' dir='ltr' id='par_1_64' title="bbox 851 3962 2394 4032">
     <span class='ocr_line' id='line_1_64' title="bbox 851 3962 2394 4032; baseline 0.004 -17"><span class='ocrx_word' id='word_1_459' title='bbox 851 3963 954 4015; x_wconf 87' lang='lat' dir='ltr'><strong>erit</strong></span> <span class='ocrx_word' id='word_1_460' title='bbox 981 3980 992 4014; x_wconf 95' lang='lat'>:</span> <span class='ocrx_word' id='word_1_461' title='bbox 1021 3975 1210 4031; x_wconf 63' lang='lat' dir='ltr'><strong>praeter</strong></span> <span class='ocrx_word' id='word_1_462' title='bbox 1238 3964 1492 4032; x_wconf 88' lang='lat' dir='ltr'><strong>reliquam</strong></span> <span class='ocrx_word' id='word_1_463' title='bbox 1528 3967 1701 4019; x_wconf 84' lang='lat' dir='ltr'><strong>vietus</strong></span> <span class='ocrx_word' id='word_1_464' title='bbox 1755 3962 2150 4029; x_wconf 85' lang='lat' dir='ltr'><strong>austeritatem,</strong></span> <span class='ocrx_word' id='word_1_465' title='bbox 2184 3973 2237 4018; x_wconf 92' lang='lat' dir='ltr'><strong>et</strong></span> <span class='ocrx_word' id='word_1_466' title='bbox 2285 3973 2394 4021; x_wconf 53' lang='lat' dir='ltr'><strong>tre-</strong></span> 
     </span>
    </p>
   </div>
   <div class='ocr_carea' id='block_1_65' title="bbox 853 4053 2006 4123">
    <p class='ocr_par' dir='ltr' id='par_1_65' title="bbox 853 4053 2006 4123">
     <span class='ocr_line' id='line_1_65' title="bbox 853 4053 2006 4123; baseline -0.003 -17"><span class='ocrx_word' id='word_1_467' title='bbox 853 4053 1168 4107; x_wconf 82' lang='lat' dir='ltr'><strong>mendorum</strong></span> <span class='ocrx_word' id='word_1_468' title='bbox 1198 4055 1574 4123; x_wconf 83' lang='lat' dir='ltr'><strong>mysteriorum</strong></span> <span class='ocrx_word' id='word_1_469' title='bbox 1607 4054 2006 4108; x_wconf 84' lang='lat' dir='ltr'><strong>abstinentiam.</strong></span> 
     </span>
    </p>
   </div>
   <div class='ocr_carea' id='block_1_66' title="bbox 1442 4193 1829 4249">
    <p class='ocr_par' dir='ltr' id='par_1_66' title="bbox 1442 4193 1829 4249">
     <span class='ocr_line' id='line_1_66' title="bbox 1442 4193 1829 4249; baseline -0.003 -2"><span class='ocrx_word' id='word_1_470' title='bbox 1442 4193 1655 4249; x_wconf 84' lang='lat' dir='ltr'><strong>EPIST.</strong></span> <span class='ocrx_word' id='word_1_471' title='bbox 1693 4194 1829 4248; x_wconf 82' lang='lat' dir='ltr'><strong>XXI.</strong></span> 
     </span>
    </p>
   </div>
   <div class='ocr_carea' id='block_1_67' title="bbox 2492 3144 4043 3216">
    <p class='ocr_par' dir='ltr' id='par_1_67' title="bbox 2492 3144 4043 3216">
     <span class='ocr_line' id='line_1_67' title="bbox 2492 3144 4043 3216; baseline -0.002 -17"><span class='ocrx_word' id='word_1_472' title='bbox 2492 3149 2583 3199; x_wconf 76' lang='grc' dir='ltr'><strong>τού</strong></span> <span class='ocrx_word' id='word_1_473' title='bbox 2621 3147 2735 3214; x_wconf 83' lang='grc' dir='ltr'><strong>βίου</strong></span> <span class='ocrx_word' id='word_1_474' title='bbox 2784 3147 3046 3216; x_wconf 84' lang='grc' dir='ltr'><strong>διαγωγὴ,</strong></span> <span class='ocrx_word' id='word_1_475' title='bbox 3078 3147 3172 3198; x_wconf 80' lang='grc' dir='ltr'><strong>καὶ</strong></span> <span class='ocrx_word' id='word_1_476' title='bbox 3218 3146 3566 3207; x_wconf 81' lang='grc' dir='ltr'><strong>κατάστασις,</strong></span> <span class='ocrx_word' id='word_1_477' title='bbox 3593 3145 3688 3197; x_wconf 80' lang='grc' dir='ltr'><strong>καὶ</strong></span> <span class='ocrx_word' id='word_1_478' title='bbox 3734 3146 3765 3211; x_wconf 84' lang='grc' dir='ltr'><strong>ὴ</strong></span> <span class='ocrx_word' id='word_1_479' title='bbox 3799 3144 3897 3212; x_wconf 83' lang='grc' dir='ltr'><strong>τῆς</strong></span> <span class='ocrx_word' id='word_1_480' title='bbox 3926 3144 4043 3196; x_wconf 86' lang='grc' dir='ltr'><strong>δια-</strong></span> 
     </span>
    </p>
   </div>
   <div class='ocr_carea' id='block_1_68' title="bbox 2495 3235 4044 3307">
    <p class='ocr_par' dir='ltr' id='par_1_68' title="bbox 2495 3235 4044 3307">
     <span class='ocr_line' id='line_1_68' title="bbox 2495 3235 4044 3307; baseline -0.004 -17"><span class='ocrx_word' id='word_1_481' title='bbox 2495 3242 2641 3302; x_wconf 84' lang='grc' dir='ltr'><strong>νοίας</strong></span> <span class='ocrx_word' id='word_1_482' title='bbox 2671 3240 2906 3306; x_wconf 78' lang='grc' dir='ltr'><strong>ἁπλότης</strong></span> <span class='ocrx_word' id='word_1_483' title='bbox 2932 3239 2965 3307; x_wconf 85' lang='grc' dir='ltr'><strong>ἦ</strong></span> <span class='ocrx_word' id='word_1_484' title='bbox 3010 3237 3264 3306; x_wconf 88' lang='grc' dir='ltr'><strong>δεινότης,</strong></span> <span class='ocrx_word' id='word_1_485' title='bbox 3313 3237 3534 3290; x_wconf 83' lang='grc' dir='ltr'><strong>δύναται</strong></span> <span class='ocrx_word' id='word_1_486' title='bbox 3582 3235 4044 3298; x_wconf 76' lang='grc' dir='ltr'><strong>πολυπλασιάζειν</strong></span> 
     </span>
    </p>
   </div>
   <div class='ocr_carea' id='block_1_69' title="bbox 2494 3326 4046 3396">
    <p class='ocr_par' dir='ltr' id='par_1_69' title="bbox 2494 3326 4046 3396">
     <span class='ocr_line' id='line_1_69' title="bbox 2494 3326 4046 3396; baseline -0.005 -12"><span class='ocrx_word' id='word_1_487' title='bbox 2494 3334 2587 3384; x_wconf 83' lang='grc' dir='ltr'><strong>καὶ</strong></span> <span class='ocrx_word' id='word_1_488' title='bbox 2613 3331 2924 3396; x_wconf 78' lang='grc' dir='ltr'><strong>συντέμνειν</strong></span> <span class='ocrx_word' id='word_1_489' title='bbox 2945 3345 2957 3357; x_wconf 91' lang='grc'><strong>·</strong></span> <span class='ocrx_word' id='word_1_490' title='bbox 2996 3327 3105 3380; x_wconf 85' lang='grc' dir='ltr'><strong>εἴτε</strong></span> <span class='ocrx_word' id='word_1_491' title='bbox 3126 3330 3218 3380; x_wconf 83' lang='grc' dir='ltr'><strong>καὶ</strong></span> <span class='ocrx_word' id='word_1_492' title='bbox 3249 3327 3384 3396; x_wconf 86' lang='grc' dir='ltr'><strong>μετά</strong></span> <span class='ocrx_word' id='word_1_493' title='bbox 3403 3326 3805 3396; x_wconf 81' lang='grc' dir='ltr'><strong>τεσσαράκοντα</strong></span> <span class='ocrx_word' id='word_1_494' title='bbox 3833 3326 3939 3393; x_wconf 79' lang='grc' dir='ltr'><strong>ὴμέ</strong></span> <span class='ocrx_word' id='word_1_495' title='bbox 3951 3342 4046 3394; x_wconf 82' lang='grc' dir='ltr'><strong>ρας</strong></span> 
     </span>
    </p>
   </div>
   <div class='ocr_carea' id='block_1_70' title="bbox 2498 3415 4045 3490">
    <p class='ocr_par' dir='ltr' id='par_1_70' title="bbox 2498 3415 4045 3490">
     <span class='ocr_line' id='line_1_70' title="bbox 2498 3415 4045 3490; baseline -0.006 -15"><span class='ocrx_word' id='word_1_496' title='bbox 2498 3422 2716 3490; x_wconf 82' lang='grc' dir='ltr'><strong>ἐπιτεθῇ</strong></span> <span class='ocrx_word' id='word_1_497' title='bbox 2746 3421 2925 3481; x_wconf 83' lang='grc' dir='ltr'><strong>αὐτοῖς</strong></span> <span class='ocrx_word' id='word_1_498' title='bbox 2948 3419 3240 3488; x_wconf 87' lang='grc' dir='ltr'><strong>ἐπιτίμιον.</strong></span> <span class='ocrx_word' id='word_1_499' title='bbox 3269 3419 3328 3470; x_wconf 78' lang='lat' dir='ltr'><strong>El</strong></span> <span class='ocrx_word' id='word_1_500' title='bbox 3359 3417 3415 3470; x_wconf 86' lang='grc' dir='ltr'><strong>δέ</strong></span> <span class='ocrx_word' id='word_1_501' title='bbox 3445 3418 3526 3469; x_wconf 84' lang='grc' dir='ltr'><strong>δετ</strong></span> <span class='ocrx_word' id='word_1_502' title='bbox 3549 3434 3600 3468; x_wconf 90' lang='grc' dir='ltr'><strong>τι</strong></span> <span class='ocrx_word' id='word_1_503' title='bbox 3626 3418 3719 3468; x_wconf 83' lang='grc' dir='ltr'><strong>καὶ</strong></span> <span class='ocrx_word' id='word_1_504' title='bbox 3751 3415 4045 3481; x_wconf 75' lang='grc' dir='ltr'><strong>κεφάλαιον</strong></span> 
     </span>
    </p>
   </div>
   <div class='ocr_carea' id='block_1_71' title="bbox 2498 3506 4046 3581">
    <p class='ocr_par' dir='ltr' id='par_1_71' title="bbox 2498 3506 4046 3581">
     <span class='ocr_line' id='line_1_71' title="bbox 2498 3506 4046 3581; baseline -0.006 -15"><span class='ocrx_word' id='word_1_505' title='bbox 2498 3515 2747 3581; x_wconf 86' lang='grc' dir='ltr'><strong>δεύτερον</strong></span> <span class='ocrx_word' id='word_1_506' title='bbox 2772 3513 2962 3574; x_wconf 80' lang='grc' dir='ltr'><strong>εἰπεῖν,</strong></span> <span class='ocrx_word' id='word_1_507' title='bbox 2988 3509 3114 3563; x_wconf 79' lang='grc' dir='ltr'><strong>ἄνευ</strong></span> <span class='ocrx_word' id='word_1_508' title='bbox 3137 3508 3243 3561; x_wconf 92' lang='grc' dir='ltr'><strong>τῶν</strong></span> <span class='ocrx_word' id='word_1_509' title='bbox 3270 3507 3668 3576; x_wconf 87' lang='grc' dir='ltr'><strong>ἐπιτεμνόντων</strong></span> <span class='ocrx_word' id='word_1_510' title='bbox 3705 3506 3738 3576; x_wconf 80' lang='grc' dir='ltr'>ἢ</span> <span class='ocrx_word' id='word_1_511' title='bbox 3780 3507 4046 3575; x_wconf 87' lang='grc' dir='ltr'><strong>μηκυνόν-</strong></span> 
     </span>
    </p>
   </div>
   <div class='ocr_carea' id='block_1_72' title="bbox 2498 3597 4046 3671">
    <p class='ocr_par' dir='ltr' id='par_1_72' title="bbox 2498 3597 4046 3671">
     <span class='ocr_line' id='line_1_72' title="bbox 2498 3597 4046 3671; baseline -0.005 -16"><span class='ocrx_word' id='word_1_512' title='bbox 2498 3622 2604 3656; x_wconf 88' lang='grc' dir='ltr'><strong>των</strong></span> <span class='ocrx_word' id='word_1_513' title='bbox 2624 3604 2684 3655; x_wconf 82' lang='grc' dir='ltr'><strong>τὸ</strong></span> <span class='ocrx_word' id='word_1_514' title='bbox 2714 3603 2944 3671; x_wconf 84' lang='grc' dir='ltr'><strong>πρᾶγμα</strong></span> <span class='ocrx_word' id='word_1_515' title='bbox 2975 3598 3372 3667; x_wconf 83' lang='grc' dir='ltr'><strong>περιστατικῶν</strong></span> <span class='ocrx_word' id='word_1_516' title='bbox 3399 3597 3608 3661; x_wconf 88' lang='grc' dir='ltr'><strong>αἰτιῶν,</strong></span> <span class='ocrx_word' id='word_1_517' title='bbox 3641 3598 3721 3659; x_wconf 88' lang='grc' dir='ltr'><strong>είς</strong></span> <span class='ocrx_word' id='word_1_518' title='bbox 3743 3600 3891 3666; x_wconf 86' lang='grc' dir='ltr'><strong>τρεῖς</strong></span> <span class='ocrx_word' id='word_1_519' title='bbox 3923 3613 4046 3648; x_wconf 69' lang='grc' dir='ltr'><strong>τεσυ</strong></span> 
     </span>
    </p>
   </div>
   <div class='ocr_carea' id='block_1_73' title="bbox 2500 3687 4045 3762">
    <p class='ocr_par' dir='ltr' id='par_1_73' title="bbox 2500 3687 4045 3762">
     <span class='ocr_line' id='line_1_73' title="bbox 2500 3687 4045 3762; baseline -0.005 -17"><span class='ocrx_word' id='word_1_520' title='bbox 2500 3692 2860 3762; x_wconf 79' lang='grc' dir='ltr'><strong>σαρακοστὰς,</strong></span> <span class='ocrx_word' id='word_1_521' title='bbox 2889 3693 2921 3761; x_wconf 73' lang='grc' dir='ltr'><strong>ὴ</strong></span> <span class='ocrx_word' id='word_1_522' title='bbox 2951 3691 3216 3759; x_wconf 86' lang='grc' dir='ltr'><strong>ἐπιτιμία,</strong></span> <span class='ocrx_word' id='word_1_523' title='bbox 3249 3689 3372 3752; x_wconf 83' lang='grc' dir='ltr'><strong>τοὺς</strong></span> <span class='ocrx_word' id='word_1_524' title='bbox 3400 3689 3492 3739; x_wconf 85' lang='grc' dir='ltr'><strong>ἐπὶ</strong></span> <span class='ocrx_word' id='word_1_525' title='bbox 3518 3690 3584 3756; x_wconf 81' lang='grc' dir='ltr'><strong>τῇ</strong></span> <span class='ocrx_word' id='word_1_526' title='bbox 3626 3687 3891 3755; x_wconf 81' lang='grc' dir='ltr'><strong>εἰρημένῃ</strong></span> <span class='ocrx_word' id='word_1_527' title='bbox 3923 3704 4045 3755; x_wconf 88' lang='grc' dir='ltr'><strong>μια-</strong></span> 
     </span>
    </p>
   </div>
   <div class='ocr_carea' id='block_1_74' title="bbox 2501 3778 4048 3854">
    <p class='ocr_par' dir='ltr' id='par_1_74' title="bbox 2501 3778 4048 3854">
     <span class='ocr_line' id='line_1_74' title="bbox 2501 3778 4048 3854; baseline -0.006 -17"><span class='ocrx_word' id='word_1_528' title='bbox 2501 3784 2736 3854; x_wconf 69' lang='grc' dir='ltr'><strong>ροφαγίσ.</strong></span> <span class='ocrx_word' id='word_1_529' title='bbox 2763 3783 3085 3844; x_wconf 80' lang='grc' dir='ltr'><strong>ἑαλωκότας,</strong></span> <span class='ocrx_word' id='word_1_530' title='bbox 3116 3782 3460 3850; x_wconf 71' lang='grc' dir='ltr'><strong>περιστήσεισ</strong></span> <span class='ocrx_word' id='word_1_531' title='bbox 3498 3780 3615 3847; x_wconf 79' lang='grc' dir='ltr'><strong>ἅμα</strong></span> <span class='ocrx_word' id='word_1_532' title='bbox 3637 3781 3703 3848; x_wconf 75' lang='grc' dir='ltr'><strong>τῇ</strong></span> <span class='ocrx_word' id='word_1_533' title='bbox 3738 3778 3874 3848; x_wconf 74' lang='grc' dir='ltr'><strong>ἄλλῃ</strong></span> <span class='ocrx_word' id='word_1_534' title='bbox 3909 3779 4048 3829; x_wconf 78' lang='grc' dir='ltr'><strong>κατὰ</strong></span> 
     </span>
    </p>
   </div>
   <div class='ocr_carea' id='block_1_75' title="bbox 2499 3869 4043 3946">
    <p class='ocr_par' dir='ltr' id='par_1_75' title="bbox 2499 3869 4043 3946">
     <span class='ocr_line' id='line_1_75' title="bbox 2499 3869 4043 3946; baseline -0.005 -17"><span class='ocrx_word' id='word_1_535' title='bbox 2499 3878 2822 3946; x_wconf 70' lang='grc' dir='ltr'><strong>τῆν’δίαιταν</strong></span> <span class='ocrx_word' id='word_1_536' title='bbox 2865 3874 3270 3946; x_wconf 80' lang='grc' dir='ltr'><strong>σκληραγωγίᾳ,</strong></span> <span class='ocrx_word' id='word_1_537' title='bbox 3297 3874 3390 3928; x_wconf 68' lang='grc' dir='ltr'><strong>κα)⁸</strong></span> <span class='ocrx_word' id='word_1_538' title='bbox 3430 3874 3496 3942; x_wconf 79' lang='grc' dir='ltr'><strong>τῇ</strong></span> <span class='ocrx_word' id='word_1_539' title='bbox 3535 3870 3644 3924; x_wconf 87' lang='grc' dir='ltr'><strong>τῶν</strong></span> <span class='ocrx_word' id='word_1_540' title='bbox 3673 3869 3915 3940; x_wconf 82' lang='grc' dir='ltr'><strong>φρικτῶν</strong></span> <span class='ocrx_word' id='word_1_541' title='bbox 3943 3886 4043 3934; x_wconf 84' lang='grc' dir='ltr'><strong>μυ-</strong></span> 
     </span>
    </p>
   </div>
   <div class='ocr_carea' id='block_1_76' title="bbox 2504 3968 3126 4040">
    <p class='ocr_par' dir='ltr' id='par_1_76' title="bbox 2504 3968 3126 4040">
     <span class='ocr_line' id='line_1_76' title="bbox 2504 3968 3126 4040; baseline 0.002 -17"><span class='ocrx_word' id='word_1_542' title='bbox 2504 3971 2736 4040; x_wconf 86' lang='grc' dir='ltr'><strong>στηρίων</strong></span> <span class='ocrx_word' id='word_1_543' title='bbox 2763 3968 3126 4024; x_wconf 84' lang='grc' dir='ltr'><strong>ἁποκωλύσει.</strong></span> 
     </span>
    </p>
   </div>
   <div class='ocr_carea' id='block_1_77' title="bbox 3084 4191 3471 4248">
    <p class='ocr_par' dir='ltr' id='par_1_77' title="bbox 3084 4191 3471 4248">
     <span class='ocr_line' id='line_1_77' title="bbox 3084 4191 3471 4248; baseline 0.003 -1"><span class='ocrx_word' id='word_1_544' title='bbox 3084 4193 3305 4247; x_wconf 85' lang='grc' dir='ltr'><strong>ΕΠΙΣΤ.</strong></span> <span class='ocrx_word' id='word_1_545' title='bbox 3341 4191 3471 4248; x_wconf 78' lang='lat' dir='ltr'><strong>KA&#39;.</strong></span> 
     </span>
    </p>
   </div>
   <div class='ocr_carea' id='block_1_78' title="bbox 2034 4312 2834 4376">
    <p class='ocr_par' dir='ltr' id='par_1_78' title="bbox 2034 4312 2834 4376">
     <span class='ocr_line' id='line_1_78' title="bbox 2034 4312 2834 4376; baseline 0 -14"><span class='ocrx_word' id='word_1_546' title='bbox 2034 4312 2173 4362; x_wconf 86' lang='lat' dir='ltr'><strong>Edita</strong></span> <span class='ocrx_word' id='word_1_547' title='bbox 2206 4326 2232 4360; x_wconf 91' lang='lat' dir='ltr'><strong>a</strong></span> <span class='ocrx_word' id='word_1_548' title='bbox 2264 4313 2558 4362; x_wconf 80' lang='lat' dir='ltr'><strong>Montacutio</strong></span> <span class='ocrx_word' id='word_1_549' title='bbox 2603 4313 2671 4376; x_wconf 92' lang='lat' dir='ltr'><strong>(p.</strong></span> <span class='ocrx_word' id='word_1_550' title='bbox 2706 4315 2834 4375; x_wconf 82' lang='lat'><strong>589).</strong></span> 
     </span>
    </p>
   </div>
   <div class='ocr_carea' id='block_1_79' title="bbox 927 4415 2383 4485">
    <p class='ocr_par' dir='ltr' id='par_1_79' title="bbox 927 4415 2383 4485">
     <span class='ocr_line' id='line_1_79' title="bbox 927 4415 2383 4485; baseline 0.001 -15"><span class='ocrx_word' id='word_1_551' title='bbox 927 4416 1040 4470; x_wconf 74' lang='lat' dir='ltr'><strong>Non</strong></span> <span class='ocrx_word' id='word_1_552' title='bbox 1073 4416 1271 4469; x_wconf 86' lang='lat' dir='ltr'><strong>idcirco</strong></span> <span class='ocrx_word' id='word_1_553' title='bbox 1320 4415 1541 4469; x_wconf 87' lang='lat' dir='ltr'><strong>antistiti</strong></span> <span class='ocrx_word' id='word_1_554' title='bbox 1585 4415 2018 4485; x_wconf 82' lang='lat' dir='ltr'><strong>signiﬁcavimus,</strong></span> <span class='ocrx_word' id='word_1_555' title='bbox 2045 4427 2102 4469; x_wconf 92' lang='lat' dir='ltr'><strong>ut</strong></span> <span class='ocrx_word' id='word_1_556' title='bbox 2129 4417 2383 4471; x_wconf 89' lang='lat' dir='ltr'><strong>certiores</strong></span> 
     </span>
    </p>
   </div>
   <div class='ocr_carea' id='block_1_80' title="bbox 2560 4417 4045 4489">
    <p class='ocr_par' dir='ltr' id='par_1_80' title="bbox 2560 4417 4045 4489">
     <span class='ocr_line' id='line_1_80' title="bbox 2560 4417 4045 4489; baseline -0.001 -18"><span class='ocrx_word' id='word_1_557' title='bbox 2560 4420 2670 4488; x_wconf 82' lang='grc' dir='ltr'><strong>Οὐχ</strong></span> <span class='ocrx_word' id='word_1_558' title='bbox 2693 4419 2862 4481; x_wconf 74' lang='grc' dir='ltr'><strong>οὕτως</strong></span> <span class='ocrx_word' id='word_1_559' title='bbox 2884 4420 3230 4489; x_wconf 88' lang='grc' dir='ltr'><strong>ἐμηνύσαμεν</strong></span> <span class='ocrx_word' id='word_1_560' title='bbox 3265 4418 3344 4488; x_wconf 69' lang='grc' dir='ltr'><strong>’ιῷ</strong></span> <span class='ocrx_word' id='word_1_561' title='bbox 3368 4418 3634 4488; x_wconf 85' lang='grc' dir='ltr'><strong>προέδρῳ,</strong></span> <span class='ocrx_word' id='word_1_562' title='bbox 3662 4417 3750 4470; x_wconf 83' lang='grc' dir='ltr'><strong>ἶνα</strong></span> <span class='ocrx_word' id='word_1_563' title='bbox 3791 4417 4045 4486; x_wconf 80' lang='grc' dir='ltr'><strong>μάθωμεν</strong></span> 
     </span>
    </p>
   </div>
   <div class='ocr_carea' id='block_1_81' title="bbox 858 4493 2535 4581">
    <p class='ocr_par' dir='ltr' id='par_1_81' title="bbox 858 4493 2529 4574">
     <span class='ocr_line' id='line_1_81' title="bbox 858 4493 2529 4574; baseline -0.001 -14"><span class='ocrx_word' id='word_1_564' title='bbox 858 4508 1272 4568; x_wconf 81' lang='lat' dir='ltr'><strong>lieremus,num</strong></span> <span class='ocrx_word' id='word_1_565' title='bbox 1299 4505 1477 4558; x_wconf 89' lang='lat' dir='ltr'><strong>sciens</strong></span> <span class='ocrx_word' id='word_1_566' title='bbox 1491 4505 1776 4574; x_wconf 89' lang='lat' dir='ltr'><strong>episcopus</strong></span> <span class='ocrx_word' id='word_1_567' title='bbox 1798 4504 2118 4568; x_wconf 88' lang='lat' dir='ltr'><strong>adulterum,</strong></span> <span class='ocrx_word' id='word_1_568' title='bbox 2142 4520 2294 4560; x_wconf 91' lang='lat' dir='ltr'><strong>sacra</strong></span> <span class='ocrx_word' id='word_1_569' title='bbox 2319 4505 2399 4559; x_wconf 80' lang='lat' dir='ltr'><strong>fa-</strong></span> <span class='ocrx_word' id='word_1_570' title='bbox 2434 4493 2476 4549; x_wconf 79' lang='grc' dir='ltr'><strong>Ῐ)</strong></span> <span class='ocrx_word' id='word_1_571' title='bbox 2505 4529 2529 4564; x_wconf 86' lang='grc' dir='ltr'><strong>ε</strong></span> 
     </span>
    </p>
   </div>
   <div class='ocr_carea' id='block_1_82' title="bbox 2368 4493 4045 4581">
    <p class='ocr_par' dir='ltr' id='par_1_82' title="bbox 2368 4493 4045 4581">
     <span class='ocr_line' id='line_1_82' title="bbox 2368 4493 4045 4581; baseline -0.002 -17"><span class='ocrx_word' id='word_1_572' title='bbox 2368 4535 2399 4557; x_wconf 55' lang='grc' dir='ltr'><strong>η-</strong></span> <span class='ocrx_word' id='word_1_573' title='bbox 2434 4493 2476 4549; x_wconf 78' lang='grc' dir='ltr'><strong>Ῐ)</strong></span> <span class='ocrx_word' id='word_1_574' title='bbox 2505 4514 2553 4564; x_wconf 88' lang='grc' dir='ltr'><strong>εἰ</strong></span> <span class='ocrx_word' id='word_1_575' title='bbox 2587 4511 2720 4578; x_wconf 77' lang='grc' dir='ltr'><strong>μετὰ</strong></span> <span class='ocrx_word' id='word_1_576' title='bbox 2745 4510 2993 4578; x_wconf 87' lang='grc' dir='ltr'><strong>γνώσεως</strong></span> <span class='ocrx_word' id='word_1_577' title='bbox 3015 4509 3371 4581; x_wconf 83' lang='grc' dir='ltr'><strong>παρεχώρησε</strong></span> <span class='ocrx_word' id='word_1_578' title='bbox 3394 4511 3484 4563; x_wconf 84' lang='grc' dir='ltr'><strong>τὸν</strong></span> <span class='ocrx_word' id='word_1_579' title='bbox 3530 4508 3713 4578; x_wconf 74' lang='grc' dir='ltr'><strong>μοιχὸν</strong></span> <span class='ocrx_word' id='word_1_580' title='bbox 3756 4509 4045 4578; x_wconf 74' lang='grc' dir='ltr'><strong>ἱερατεύειν</strong></span> 
     </span>
    </p>
   </div>
   <div class='ocr_carea' id='block_1_83' title="bbox 857 4597 2404 4667">
    <p class='ocr_par' dir='ltr' id='par_1_83' title="bbox 857 4597 2404 4667">
     <span class='ocr_line' id='line_1_83' title="bbox 857 4597 2404 4667; baseline -0.001 -16"><span class='ocrx_word' id='word_1_581' title='bbox 857 4616 980 4652; x_wconf 87' lang='lat' dir='ltr'><strong>cere</strong></span> <span class='ocrx_word' id='word_1_582' title='bbox 1024 4599 1371 4667; x_wconf 84' lang='lat' dir='ltr'><strong>permisisset,</strong></span> <span class='ocrx_word' id='word_1_583' title='bbox 1430 4597 1571 4666; x_wconf 90' lang='lat' dir='ltr'><strong>quod</strong></span> <span class='ocrx_word' id='word_1_584' title='bbox 1620 4607 1675 4651; x_wconf 75' lang='lat' dir='ltr'><strong>et</strong></span> <span class='ocrx_word' id='word_1_585' title='bbox 1713 4611 1872 4666; x_wconf 82' lang='lat' dir='ltr'><strong>grave</strong></span> <span class='ocrx_word' id='word_1_586' title='bbox 1901 4605 2074 4661; x_wconf 89' lang='lat' dir='ltr'><strong>esset;</strong></span> <span class='ocrx_word' id='word_1_587' title='bbox 2128 4597 2220 4650; x_wconf 89' lang='lat' dir='ltr'><strong>sed</strong></span> <span class='ocrx_word' id='word_1_588' title='bbox 2277 4612 2404 4650; x_wconf 91' lang='lat' dir='ltr'><strong>num</strong></span> 
     </span>
    </p>
   </div>
   <div class='ocr_carea' id='block_1_84' title="bbox 862 4687 2407 4756">
    <p class='ocr_par' dir='ltr' id='par_1_84' title="bbox 862 4687 2407 4756">
     <span class='ocr_line' id='line_1_84' title="bbox 862 4687 2407 4756; baseline -0.002 -13"><span class='ocrx_word' id='word_1_589' title='bbox 862 4693 1057 4756; x_wconf 66' lang='lat' dir='ltr'><strong>ipsum‘</strong></span> <span class='ocrx_word' id='word_1_590' title='bbox 1081 4689 1382 4740; x_wconf 85' lang='lat' dir='ltr'><strong>adulterum</strong></span> <span class='ocrx_word' id='word_1_591' title='bbox 1405 4703 1523 4741; x_wconf 90' lang='lat' dir='ltr'><strong>esse</strong></span> <span class='ocrx_word' id='word_1_592' title='bbox 1546 4689 1724 4741; x_wconf 77' lang='lat' dir='ltr'><strong>sciens</strong></span> <span class='ocrx_word' id='word_1_593' title='bbox 1751 4688 2053 4741; x_wconf 88' lang='lat' dir='ltr'><strong>ordinasset</strong></span> <span class='ocrx_word' id='word_1_594' title='bbox 2079 4704 2090 4738; x_wconf 93' lang='lat'><strong>:</strong></span> <span class='ocrx_word' id='word_1_595' title='bbox 2117 4687 2256 4755; x_wconf 89' lang='lat' dir='ltr'><strong>quod</strong></span> <span class='ocrx_word' id='word_1_596' title='bbox 2287 4703 2407 4755; x_wconf 87' lang='lat' dir='ltr'><strong>gra-</strong></span> 
     </span>
    </p>
   </div>
   <div class='ocr_carea' id='block_1_85' title="bbox 861 4777 2405 4846">
    <p class='ocr_par' dir='ltr' id='par_1_85' title="bbox 861 4777 2405 4846">
     <span class='ocr_line' id='line_1_85' title="bbox 861 4777 2405 4846; baseline -0.001 -14"><span class='ocrx_word' id='word_1_597' title='bbox 861 4783 982 4832; x_wconf 89' lang='lat' dir='ltr'><strong>vius</strong></span> <span class='ocrx_word' id='word_1_598' title='bbox 1010 4789 1108 4831; x_wconf 90' lang='lat' dir='ltr'><strong>est.</strong></span> <span class='ocrx_word' id='word_1_599' title='bbox 1148 4779 1234 4831; x_wconf 91' lang='lat' dir='ltr'><strong>Ille</strong></span> <span class='ocrx_word' id='word_1_600' title='bbox 1259 4788 1459 4841; x_wconf 87' lang='lat' dir='ltr'><strong>autem,</strong></span> <span class='ocrx_word' id='word_1_601' title='bbox 1509 4780 1661 4846; x_wconf 91' lang='lat' dir='ltr'><strong>cujus</strong></span> <span class='ocrx_word' id='word_1_602' title='bbox 1699 4795 1796 4832; x_wconf 90' lang='lat' dir='ltr'><strong>nos</strong></span> <span class='ocrx_word' id='word_1_603' title='bbox 1822 4778 2074 4832; x_wconf 89' lang='lat' dir='ltr'><strong>certiores</strong></span> <span class='ocrx_word' id='word_1_604' title='bbox 2101 4777 2213 4830; x_wconf 82' lang='lat' dir='ltr'><strong>ﬁeri</strong></span> <span class='ocrx_word' id='word_1_605' title='bbox 2270 4777 2405 4830; x_wconf 87' lang='lat' dir='ltr'><strong>velle</strong></span> 
     </span>
    </p>
   </div>
   <div class='ocr_carea' id='block_1_86' title="bbox 860 4867 2404 4935">
    <p class='ocr_par' dir='ltr' id='par_1_86' title="bbox 860 4867 2404 4935">
     <span class='ocr_line' id='line_1_86' title="bbox 860 4867 2404 4935; baseline -0.003 -14"><span class='ocrx_word' id='word_1_606' title='bbox 860 4867 1299 4935; x_wconf 77' lang='lat' dir='ltr'><strong>signiﬁcavimus,</strong></span> <span class='ocrx_word' id='word_1_607' title='bbox 1327 4867 1393 4918; x_wconf 87' lang='lat' dir='ltr'><strong>de</strong></span> <span class='ocrx_word' id='word_1_608' title='bbox 1418 4881 1484 4919; x_wconf 89' lang='lat' dir='ltr'><strong>eo</strong></span> <span class='ocrx_word' id='word_1_609' title='bbox 1513 4867 1646 4919; x_wconf 90' lang='lat' dir='ltr'><strong>nihil</strong></span> <span class='ocrx_word' id='word_1_610' title='bbox 1679 4882 1779 4919; x_wconf 91' lang='lat' dir='ltr'><strong>nos</strong></span> <span class='ocrx_word' id='word_1_611' title='bbox 1807 4867 2010 4929; x_wconf 85' lang='lat' dir='ltr'><strong>docuit,</strong></span> <span class='ocrx_word' id='word_1_612' title='bbox 2043 4867 2183 4933; x_wconf 92' lang='lat' dir='ltr'><strong>quod</strong></span> <span class='ocrx_word' id='word_1_613' title='bbox 2223 4876 2404 4918; x_wconf 90' lang='lat' dir='ltr'><strong>autem</strong></span> 
     </span>
    </p>
   </div>
   <div class='ocr_carea' id='block_1_87' title="bbox 860 4954 2404 5024">
    <p class='ocr_par' dir='ltr' id='par_1_87' title="bbox 860 4954 2404 5024">
     <span class='ocr_line' id='line_1_87' title="bbox 860 4954 2404 5024; baseline -0.003 -15"><span class='ocrx_word' id='word_1_614' title='bbox 860 4972 1024 5010; x_wconf 87' lang='lat' dir='ltr'><strong>nemo</strong></span> <span class='ocrx_word' id='word_1_615' title='bbox 1085 4957 1377 5024; x_wconf 65' lang='lat' dir='ltr'><strong>quaerebat,</strong></span> <span class='ocrx_word' id='word_1_616' title='bbox 1440 4957 1541 5008; x_wconf 90' lang='lat' dir='ltr'><strong>hoc</strong></span> <span class='ocrx_word' id='word_1_617' title='bbox 1602 4955 1948 5008; x_wconf 90' lang='lat' dir='ltr'><strong>renuntiavit.</strong></span> <span class='ocrx_word' id='word_1_618' title='bbox 2005 4954 2404 5018; x_wconf 86' lang='lat' dir='ltr'><strong>Verumtamen,</strong></span> 
     </span>
    </p>
   </div>
   <div class='ocr_carea' id='block_1_88' title="bbox 861 5045 2404 5115">
    <p class='ocr_par' dir='ltr' id='par_1_88' title="bbox 861 5045 2404 5115">
     <span class='ocr_line' id='line_1_88' title="bbox 861 5045 2404 5115; baseline -0.004 -13"><span class='ocrx_word' id='word_1_619' title='bbox 861 5048 1126 5115; x_wconf 84' lang='lat' dir='ltr'><strong>siquidem</strong></span> <span class='ocrx_word' id='word_1_620' title='bbox 1186 5047 1360 5114; x_wconf 89' lang='lat' dir='ltr'><strong>ipsum</strong></span> <span class='ocrx_word' id='word_1_621' title='bbox 1401 5048 1700 5100; x_wconf 90' lang='lat' dir='ltr'><strong>adulterum</strong></span> <span class='ocrx_word' id='word_1_622' title='bbox 1747 5061 1865 5100; x_wconf 84' lang='lat' dir='ltr'><strong>esse</strong></span> <span class='ocrx_word' id='word_1_623' title='bbox 1908 5047 2082 5100; x_wconf 86' lang='lat' dir='ltr'><strong>sciens</strong></span> <span class='ocrx_word' id='word_1_624' title='bbox 2116 5045 2404 5107; x_wconf 86' lang='lat' dir='ltr'><strong>ordinavit,</strong></span> 
     </span>
    </p>
   </div>
   <div class='ocr_carea' id='block_1_89' title="bbox 865 5135 2406 5205">
    <p class='ocr_par' dir='ltr' id='par_1_89' title="bbox 865 5135 2406 5205">
     <span class='ocr_line' id='line_1_89' title="bbox 865 5135 2406 5205; baseline -0.003 -13"><span class='ocrx_word' id='word_1_625' title='bbox 865 5139 1087 5192; x_wconf 84' lang='lat' dir='ltr'><strong>Ollllllllo</strong></span> <span class='ocrx_word' id='word_1_626' title='bbox 1117 5150 1170 5192; x_wconf 92' lang='lat' dir='ltr'><strong>et</strong></span> <span class='ocrx_word' id='word_1_627' title='bbox 1197 5139 1510 5205; x_wconf 82' lang='lat' dir='ltr'><strong>episeopatu</strong></span> <span class='ocrx_word' id='word_1_628' title='bbox 1542 5149 1595 5192; x_wconf 94' lang='lat' dir='ltr'><strong>et</strong></span> <span class='ocrx_word' id='word_1_629' title='bbox 1646 5138 1944 5191; x_wconf 80' lang='lat' dir='ltr'><strong>sacerdotio</strong></span> <span class='ocrx_word' id='word_1_630' title='bbox 1971 5137 2167 5190; x_wconf 77' lang='lat' dir='ltr'><strong>excidit</strong></span> <span class='ocrx_word' id='word_1_631' title='bbox 2199 5155 2212 5189; x_wconf 88' lang='lat'><strong>:</strong></span> <span class='ocrx_word' id='word_1_632' title='bbox 2264 5135 2406 5204; x_wconf 78' lang='lat' dir='ltr'><strong>quod</strong></span> 
     </span>
    </p>
   </div>
   <div class='ocr_carea' id='block_1_90' title="bbox 866 5229 2411 5298">
    <p class='ocr_par' dir='ltr' id='par_1_90' title="bbox 866 5229 2411 5298">
     <span class='ocr_line' id='line_1_90' title="bbox 866 5229 2411 5298; baseline -0.003 -15"><span class='ocrx_word' id='word_1_633' title='bbox 866 5231 909 5283; x_wconf 88' lang='lat' dir='ltr'><strong>si</strong></span> <span class='ocrx_word' id='word_1_634' title='bbox 942 5231 1193 5298; x_wconf 83' lang='lat' dir='ltr'><strong>ignorans</strong></span> <span class='ocrx_word' id='word_1_635' title='bbox 1218 5230 1520 5282; x_wconf 89' lang='lat' dir='ltr'><strong>adulterum</strong></span> <span class='ocrx_word' id='word_1_636' title='bbox 1542 5245 1659 5282; x_wconf 82' lang='lat' dir='ltr'><strong>esse</strong></span> <span class='ocrx_word' id='word_1_637' title='bbox 1684 5244 1804 5281; x_wconf 91' lang='lat' dir='ltr'><strong>eum</strong></span> <span class='ocrx_word' id='word_1_638' title='bbox 1833 5229 2119 5291; x_wconf 76' lang='lat' dir='ltr'><strong>ordinavit,</strong></span> <span class='ocrx_word' id='word_1_639' title='bbox 2155 5238 2263 5280; x_wconf 86' lang='lat' dir='ltr'><strong>tum</strong></span> <span class='ocrx_word' id='word_1_640' title='bbox 2292 5243 2411 5281; x_wconf 83' lang='lat' dir='ltr'><strong>cer-</strong></span> 
     </span>
    </p>
   </div>
   <div class='ocr_carea' id='block_1_91' title="bbox 865 5319 2410 5387">
    <p class='ocr_par' dir='ltr' id='par_1_91' title="bbox 865 5319 2410 5387">
     <span class='ocr_line' id='line_1_91' title="bbox 865 5319 2410 5387; baseline -0.001 -14"><span class='ocrx_word' id='word_1_641' title='bbox 865 5321 968 5373; x_wconf 89' lang='lat' dir='ltr'><strong>tior</strong></span> <span class='ocrx_word' id='word_1_642' title='bbox 1024 5320 1215 5383; x_wconf 75' lang='lat' dir='ltr'><strong>factus,</strong></span> <span class='ocrx_word' id='word_1_643' title='bbox 1249 5321 1313 5373; x_wconf 91' lang='lat' dir='ltr'><strong>ad</strong></span> <span class='ocrx_word' id='word_1_644' title='bbox 1375 5331 1585 5387; x_wconf 83' lang='lat' dir='ltr'><strong>tempus</strong></span> <span class='ocrx_word' id='word_1_645' title='bbox 1629 5321 1844 5387; x_wconf 83' lang='lat' dir='ltr'><strong>quidem</strong></span> <span class='ocrx_word' id='word_1_646' title='bbox 1899 5319 2176 5382; x_wconf 87' lang='lat' dir='ltr'><strong>abstinuit,</strong></span> <span class='ocrx_word' id='word_1_647' title='bbox 2215 5319 2410 5372; x_wconf 87' lang='lat' dir='ltr'><strong>deinde</strong></span> 
     </span>
    </p>
   </div>
   <div class='ocr_carea' id='block_1_92' title="bbox 865 5409 2405 5478">
    <p class='ocr_par' dir='ltr' id='par_1_92' title="bbox 865 5409 2405 5478">
     <span class='ocr_line' id='line_1_92' title="bbox 865 5409 2405 5478; baseline -0.001 -16"><span class='ocrx_word' id='word_1_648' title='bbox 865 5426 1012 5462; x_wconf 82' lang='lat' dir='ltr'><strong>sacra</strong></span> <span class='ocrx_word' id='word_1_649' title='bbox 1077 5411 1250 5462; x_wconf 79' lang='lat' dir='ltr'><strong>facere</strong></span> <span class='ocrx_word' id='word_1_650' title='bbox 1294 5412 1557 5478; x_wconf 80' lang='lat' dir='ltr'><strong>permisit,</strong></span> <span class='ocrx_word' id='word_1_651' title='bbox 1624 5411 1783 5462; x_wconf 81' lang='lat' dir='ltr'><strong>etiam</strong></span> <span class='ocrx_word' id='word_1_652' title='bbox 1843 5410 2014 5477; x_wconf 90' lang='lat' dir='ltr'><strong>ipsum</strong></span> <span class='ocrx_word' id='word_1_653' title='bbox 2063 5409 2278 5477; x_wconf 81' lang='lat' dir='ltr'><strong>quidem</strong></span> <span class='ocrx_word' id='word_1_654' title='bbox 2340 5409 2405 5461; x_wconf 89' lang='lat' dir='ltr'><strong>ad</strong></span> 
     </span>
    </p>
   </div>
   <div class='ocr_carea' id='block_1_93' title="bbox 867 5498 2410 5569">
    <p class='ocr_par' dir='ltr' id='par_1_93' title="bbox 867 5498 2410 5569">
     <span class='ocr_line' id='line_1_93' title="bbox 867 5498 2410 5569; baseline -0.004 -15"><span class='ocrx_word' id='word_1_655' title='bbox 867 5514 1077 5569; x_wconf 77' lang='lat' dir='ltr'><strong>tempus</strong></span> <span class='ocrx_word' id='word_1_656' title='bbox 1118 5501 1282 5552; x_wconf 81' lang='lat' dir='ltr'><strong>sacris</strong></span> <span class='ocrx_word' id='word_1_657' title='bbox 1333 5501 1591 5568; x_wconf 62' lang='lat' dir='ltr'><strong>faciendis</strong></span> <span class='ocrx_word' id='word_1_658' title='bbox 1651 5500 1916 5553; x_wconf 86' lang='lat' dir='ltr'><strong>abstinere</strong></span> <span class='ocrx_word' id='word_1_659' title='bbox 1972 5509 2200 5567; x_wconf 76' lang='lat' dir='ltr'><strong>oportet.</strong></span> <span class='ocrx_word' id='word_1_660' title='bbox 2254 5498 2410 5549; x_wconf 80' lang='lat' dir='ltr'><strong>Aliud</strong></span> 
     </span>
    </p>
   </div>
   <div class='ocr_carea' id='block_1_94' title="bbox 865 5590 2412 5655">
    <p class='ocr_par' dir='ltr' id='par_1_94' title="bbox 865 5590 2412 5655">
     <span class='ocr_line' id='line_1_94' title="bbox 865 5590 2412 5655; baseline -0.003 -11"><span class='ocrx_word' id='word_1_661' title='bbox 865 5594 1008 5644; x_wconf 80' lang='lat' dir='ltr'><strong>enim</strong></span> <span class='ocrx_word' id='word_1_662' title='bbox 1039 5602 1120 5644; x_wconf 70' lang='lat' dir='ltr'><strong>est</strong></span> <span class='ocrx_word' id='word_1_663' title='bbox 1175 5593 1340 5646; x_wconf 83' lang='lat' dir='ltr'><strong>Deum</strong></span> <span class='ocrx_word' id='word_1_664' title='bbox 1368 5603 1732 5652; x_wconf 84' lang='lat' dir='ltr'><strong>contemnere,</strong></span> <span class='ocrx_word' id='word_1_665' title='bbox 1771 5591 1911 5642; x_wconf 88' lang='lat' dir='ltr'><strong>aliud</strong></span> <span class='ocrx_word' id='word_1_666' title='bbox 1933 5605 2110 5642; x_wconf 86' lang='lat' dir='ltr'><strong>errore</strong></span> <span class='ocrx_word' id='word_1_667' title='bbox 2132 5590 2412 5655; x_wconf 82' lang='lat' dir='ltr'><strong>deceptum</strong></span> 
     </span>
    </p>
   </div>
   <div class='ocr_carea' id='block_1_95' title="bbox 869 5682 2410 5753">
    <p class='ocr_par' dir='ltr' id='par_1_95' title="bbox 869 5682 2410 5753">
     <span class='ocr_line' id='line_1_95' title="bbox 869 5682 2410 5753; baseline -0.001 -19"><span class='ocrx_word' id='word_1_668' title='bbox 869 5685 1035 5738; x_wconf 79' lang='lat' dir='ltr'><strong>videri</strong></span> <span class='ocrx_word' id='word_1_669' title='bbox 1077 5685 1243 5753; x_wconf 83' lang='lat' dir='ltr'><strong>legem</strong></span> <span class='ocrx_word' id='word_1_670' title='bbox 1275 5686 1588 5737; x_wconf 78' lang='lat' dir='ltr'><strong>observasse</strong></span> <span class='ocrx_word' id='word_1_671' title='bbox 1616 5683 1821 5735; x_wconf 86' lang='lat' dir='ltr'><strong>etiamsi</strong></span> <span class='ocrx_word' id='word_1_672' title='bbox 1865 5698 1968 5733; x_wconf 83' lang='lat' dir='ltr'><strong>non</strong></span> <span class='ocrx_word' id='word_1_673' title='bbox 2006 5682 2276 5733; x_wconf 88' lang='lat' dir='ltr'><strong>observes.</strong></span> <span class='ocrx_word' id='word_1_674' title='bbox 2302 5682 2410 5732; x_wconf 75' lang='lat' dir='ltr'><strong>(la:-</strong></span> 
     </span>
    </p>
   </div>
   <div class='ocr_carea' id='block_1_96' title="bbox 869 5769 2411 5842">
    <p class='ocr_par' dir='ltr' id='par_1_96' title="bbox 869 5769 2411 5842">
     <span class='ocr_line' id='line_1_96' title="bbox 869 5769 2411 5842; baseline -0.005 -15"><span class='ocrx_word' id='word_1_675' title='bbox 869 5775 1143 5839; x_wconf 75' lang='lat' dir='ltr'><strong>terum,ad</strong></span> <span class='ocrx_word' id='word_1_676' title='bbox 1171 5785 1378 5842; x_wconf 82' lang='lat' dir='ltr'><strong>tempus</strong></span> <span class='ocrx_word' id='word_1_677' title='bbox 1392 5773 1660 5827; x_wconf 79' lang='lat' dir='ltr'><strong>abstinere</strong></span> <span class='ocrx_word' id='word_1_678' title='bbox 1693 5773 1859 5840; x_wconf 82' lang='lat' dir='ltr'><strong>ipsum</strong></span> <span class='ocrx_word' id='word_1_679' title='bbox 1886 5771 2240 5833; x_wconf 80' lang='lat' dir='ltr'><strong>decrevimus,</strong></span> <span class='ocrx_word' id='word_1_680' title='bbox 2262 5769 2302 5823; x_wconf 86' lang='lat' dir='ltr'><strong>si</strong></span> <span class='ocrx_word' id='word_1_681' title='bbox 2329 5785 2411 5821; x_wconf 81' lang='lat' dir='ltr'><strong>re-</strong></span> 
     </span>
    </p>
   </div>
   <div class='ocr_carea' id='block_1_97' title="bbox 2504 4598 4045 4670">
    <p class='ocr_par' dir='ltr' id='par_1_97' title="bbox 2504 4598 4045 4670">
     <span class='ocr_line' id='line_1_97' title="bbox 2504 4598 4045 4670; baseline -0.001 -18"><span class='ocrx_word' id='word_1_682' title='bbox 2504 4603 2532 4653; x_wconf 86' lang='grc' dir='ltr'><strong>ό</strong></span> <span class='ocrx_word' id='word_1_683' title='bbox 2553 4602 2842 4662; x_wconf 76' lang='grc' dir='ltr'><strong>ἐπίσκοπος</strong></span> <span class='ocrx_word' id='word_1_684' title='bbox 2862 4614 2874 4626; x_wconf 92' lang='grc'><strong>·</strong></span> <span class='ocrx_word' id='word_1_685' title='bbox 2907 4600 3103 4652; x_wconf 78' lang='grc' dir='ltr'><strong>ἄτοπον</strong></span> <span class='ocrx_word' id='word_1_686' title='bbox 3140 4601 3248 4670; x_wconf 87' lang='grc' dir='ltr'><strong>γὰρ</strong></span> <span class='ocrx_word' id='word_1_687' title='bbox 3278 4601 3372 4651; x_wconf 76' lang='grc' dir='ltr'><strong>καὶ</strong></span> <span class='ocrx_word' id='word_1_688' title='bbox 3402 4598 3556 4651; x_wconf 82' lang='grc' dir='ltr'><strong>τοῦτο</strong></span> <span class='ocrx_word' id='word_1_689' title='bbox 3577 4615 3590 4629; x_wconf 72' lang='grc' dir='ltr'><strong>ο</strong></span> <span class='ocrx_word' id='word_1_690' title='bbox 3633 4598 3744 4650; x_wconf 78' lang='grc' dir='ltr'><strong>ἀλλ’</strong></span> <span class='ocrx_word' id='word_1_691' title='bbox 3783 4600 3832 4650; x_wconf 88' lang='grc' dir='ltr'><strong>εί</strong></span> <span class='ocrx_word' id='word_1_692' title='bbox 3860 4599 4045 4666; x_wconf 79' lang='grc' dir='ltr'><strong>ἐγίνωο</strong></span> 
     </span>
    </p>
   </div>
   <div class='ocr_carea' id='block_1_98' title="bbox 2507 4687 4043 4760">
    <p class='ocr_par' dir='ltr' id='par_1_98' title="bbox 2507 4687 4043 4760">
     <span class='ocr_line' id='line_1_98' title="bbox 2507 4687 4043 4760; baseline -0.001 -18"><span class='ocrx_word' id='word_1_693' title='bbox 2507 4708 2603 4744; x_wconf 88' lang='grc' dir='ltr'><strong>σκε</strong></span> <span class='ocrx_word' id='word_1_694' title='bbox 2636 4692 2815 4760; x_wconf 83' lang='grc' dir='ltr'><strong>μοιχὸν</strong></span> <span class='ocrx_word' id='word_1_695' title='bbox 2835 4691 2992 4742; x_wconf 82' lang='grc' dir='ltr'><strong>αὑτὸν</strong></span> <span class='ocrx_word' id='word_1_696' title='bbox 3021 4687 3178 4753; x_wconf 79' lang='grc' dir='ltr'><strong>εἶναι,</strong></span> <span class='ocrx_word' id='word_1_697' title='bbox 3201 4690 3293 4744; x_wconf 76' lang='grc' dir='ltr'><strong>καὶ</strong></span> <span class='ocrx_word' id='word_1_698' title='bbox 3313 4690 3454 4743; x_wconf 80' lang='grc' dir='ltr'><strong>οὕτω</strong></span> <span class='ocrx_word' id='word_1_699' title='bbox 3478 4691 3637 4743; x_wconf 83' lang='grc' dir='ltr'><strong>αὐτὸν</strong></span> <span class='ocrx_word' id='word_1_700' title='bbox 3657 4690 4043 4758; x_wconf 79' lang='grc' dir='ltr'><strong>ἐχειροτόνησε’</strong></span> 
     </span>
    </p>
   </div>
   <div class='ocr_carea' id='block_1_99' title="bbox 2506 4779 4044 4852">
    <p class='ocr_par' dir='ltr' id='par_1_99' title="bbox 2506 4779 4044 4852">
     <span class='ocr_line' id='line_1_99' title="bbox 2506 4779 4044 4852; baseline -0.003 -17"><span class='ocrx_word' id='word_1_701' title='bbox 2506 4783 2877 4852; x_wconf 80' lang='grc' dir='ltr'><strong>χαλεπώτερον</strong></span> <span class='ocrx_word' id='word_1_702' title='bbox 2905 4783 3010 4850; x_wconf 83' lang='grc' dir='ltr'><strong>γὰρ</strong></span> <span class='ocrx_word' id='word_1_703' title='bbox 3043 4781 3216 4834; x_wconf 81' lang='grc' dir='ltr'><strong>τοῦτο.</strong></span> <span class='ocrx_word' id='word_1_704' title='bbox 3269 4781 3326 4833; x_wconf 91' lang='grc' dir='ltr'>Ὁ</span> <span class='ocrx_word' id='word_1_705' title='bbox 3353 4781 3427 4839; x_wconf 86' lang='grc' dir='ltr'><strong>δὲ.</strong></span> <span class='ocrx_word' id='word_1_706' title='bbox 3457 4780 3485 4832; x_wconf 87' lang='grc' dir='ltr'><strong>ὂ</strong></span> <span class='ocrx_word' id='word_1_707' title='bbox 3523 4781 3618 4849; x_wconf 84' lang='grc' dir='ltr'><strong>μὲν</strong></span> <span class='ocrx_word' id='word_1_708' title='bbox 3643 4779 3887 4847; x_wconf 88' lang='grc' dir='ltr'><strong>ἐμηνύθη</strong></span> <span class='ocrx_word' id='word_1_709' title='bbox 3912 4781 4044 4831; x_wconf 72' lang='grc' dir='ltr'><strong>διδάο</strong></span> 
     </span>
    </p>
   </div>
   <div class='ocr_carea' id='block_1_100' title="bbox 2506 4867 4044 4938">
    <p class='ocr_par' dir='ltr' id='par_1_100' title="bbox 2506 4867 4044 4938">
     <span class='ocr_line' id='line_1_100' title="bbox 2506 4867 4044 4938; baseline -0.002 -15"><span class='ocrx_word' id='word_1_710' title='bbox 2506 4873 2614 4936; x_wconf 81' lang='grc' dir='ltr'><strong>ξαι,</strong></span> <span class='ocrx_word' id='word_1_711' title='bbox 2645 4873 2742 4922; x_wconf 74' lang='grc' dir='ltr'><strong>οὐκ</strong></span> <span class='ocrx_word' id='word_1_712' title='bbox 2790 4871 3044 4935; x_wconf 86' lang='grc' dir='ltr'><strong>ἐδίδαξεν,</strong></span> <span class='ocrx_word' id='word_1_713' title='bbox 3079 4871 3108 4921; x_wconf 88' lang='grc' dir='ltr'><strong>ὃ</strong></span> <span class='ocrx_word' id='word_1_714' title='bbox 3143 4871 3199 4922; x_wconf 83' lang='grc' dir='ltr'><strong>δὲ</strong></span> <span class='ocrx_word' id='word_1_715' title='bbox 3231 4870 3403 4931; x_wconf 70' lang='grc' dir='ltr'><strong>οὐδεὶς</strong></span> <span class='ocrx_word' id='word_1_716' title='bbox 3433 4870 3660 4938; x_wconf 77' lang='grc' dir='ltr'><strong>ἐζήτησε</strong></span> <span class='ocrx_word' id='word_1_717' title='bbox 3691 4867 3850 4919; x_wconf 83' lang='grc' dir='ltr'><strong>τοῦτο</strong></span> <span class='ocrx_word' id='word_1_718' title='bbox 3888 4869 4044 4936; x_wconf 83' lang='grc' dir='ltr'><strong>ἀνήγ-</strong></span> 
     </span>
    </p>
   </div>
   <div class='ocr_carea' id='block_1_101' title="bbox 2506 4958 4043 5030">
    <p class='ocr_par' dir='ltr' id='par_1_101' title="bbox 2506 4958 4043 5030">
     <span class='ocr_line' id='line_1_101' title="bbox 2506 4958 4043 5030; baseline -0.003 -17"><span class='ocrx_word' id='word_1_719' title='bbox 2506 4964 2671 5029; x_wconf 85' lang='grc' dir='ltr'><strong>γειλε.</strong></span> <span class='ocrx_word' id='word_1_720' title='bbox 2700 4962 2842 5030; x_wconf 76' lang='grc' dir='ltr'><strong>Πλὴν</strong></span> <span class='ocrx_word' id='word_1_721' title='bbox 2872 4965 2918 5013; x_wconf 86' lang='grc' dir='ltr'><strong>εί</strong></span> <span class='ocrx_word' id='word_1_722' title='bbox 2955 4962 3053 5029; x_wconf 83' lang='grc' dir='ltr'><strong>μὲν</strong></span> <span class='ocrx_word' id='word_1_723' title='bbox 3081 4960 3234 5022; x_wconf 82' lang='grc' dir='ltr'><strong>εἰδὼς</strong></span> <span class='ocrx_word' id='word_1_724' title='bbox 3265 4960 3425 5014; x_wconf 80' lang='grc' dir='ltr'><strong>αὑτὸν</strong></span> <span class='ocrx_word' id='word_1_725' title='bbox 3459 4959 3640 5028; x_wconf 83' lang='grc' dir='ltr'><strong>μοιχὸν</strong></span> <span class='ocrx_word' id='word_1_726' title='bbox 3677 4958 3804 5010; x_wconf 73' lang='grc' dir='ltr'><strong>ὄντα</strong></span> <span class='ocrx_word' id='word_1_727' title='bbox 3847 4961 4043 5029; x_wconf 83' lang='grc' dir='ltr'><strong>ἐχειρο-</strong></span> 
     </span>
    </p>
   </div>
   <div class='ocr_carea' id='block_1_102' title="bbox 2507 5050 4043 5122">
    <p class='ocr_par' dir='ltr' id='par_1_102' title="bbox 2507 5050 4043 5122">
     <span class='ocr_line' id='line_1_102' title="bbox 2507 5050 4043 5122; baseline -0.003 -17"><span class='ocrx_word' id='word_1_728' title='bbox 2507 5055 2716 5122; x_wconf 80' lang='grc' dir='ltr'><strong>τόνησε,</strong></span> <span class='ocrx_word' id='word_1_729' title='bbox 2745 5052 3014 5114; x_wconf 88' lang='grc' dir='ltr'><strong>παντελῶς</strong></span> <span class='ocrx_word' id='word_1_730' title='bbox 3039 5053 3152 5103; x_wconf 85' lang='grc' dir='ltr'><strong>ἐστι</strong></span> <span class='ocrx_word' id='word_1_731' title='bbox 3182 5051 3556 5119; x_wconf 79' lang='grc' dir='ltr'><strong>καθηρημένος</strong></span> <span class='ocrx_word' id='word_1_732' title='bbox 3601 5053 3696 5119; x_wconf 80' lang='grc' dir='ltr'><strong>τῆς</strong></span> <span class='ocrx_word' id='word_1_733' title='bbox 3717 5050 4043 5119; x_wconf 71' lang='grc' dir='ltr'><strong>ἀρχιερωσύ-</strong></span> 
     </span>
    </p>
   </div>
   <div class='ocr_carea' id='block_1_103' title="bbox 2508 5139 4044 5217">
    <p class='ocr_par' dir='ltr' id='par_1_103' title="bbox 2508 5139 4044 5217">
     <span class='ocr_line' id='line_1_103' title="bbox 2508 5139 4044 5217; baseline -0.003 -24"><span class='ocrx_word' id='word_1_734' title='bbox 2508 5159 2604 5210; x_wconf 84' lang='grc' dir='ltr'><strong>νης</strong></span> <span class='ocrx_word' id='word_1_735' title='bbox 2631 5159 2690 5193; x_wconf 88' lang='grc' dir='ltr'><strong>τε</strong></span> <span class='ocrx_word' id='word_1_736' title='bbox 2721 5142 2816 5192; x_wconf 72' lang='grc' dir='ltr'><strong>καὶ</strong></span> <span class='ocrx_word' id='word_1_737' title='bbox 2867 5140 3160 5211; x_wconf 79' lang='grc' dir='ltr'><strong>ἱερωσύνης</strong></span> <span class='ocrx_word' id='word_1_738' title='bbox 3183 5157 3195 5169; x_wconf 78' lang='grc'><em>’</em></span> <span class='ocrx_word' id='word_1_739' title='bbox 3246 5142 3292 5191; x_wconf 91' lang='grc' dir='ltr'><strong>εί</strong></span> <span class='ocrx_word' id='word_1_740' title='bbox 3321 5139 3376 5191; x_wconf 75' lang='grc' dir='ltr'><strong>δὲ</strong></span> <span class='ocrx_word' id='word_1_741' title='bbox 3425 5139 3633 5205; x_wconf 85' lang='grc' dir='ltr'><strong>ἀγνοῶν</strong></span> <span class='ocrx_word' id='word_1_742' title='bbox 3661 5139 3819 5217; x_wconf 74' lang='grc' dir='ltr'><strong>αύτδν</strong></span> <span class='ocrx_word' id='word_1_743' title='bbox 3874 5140 4044 5207; x_wconf 74' lang='grc' dir='ltr'><strong>μοιχὸν</strong></span> 
     </span>
    </p>
   </div>
   <div class='ocr_carea' id='block_1_104' title="bbox 2507 5228 4043 5303">
    <p class='ocr_par' dir='ltr' id='par_1_104' title="bbox 2507 5228 4043 5303">
     <span class='ocr_line' id='line_1_104' title="bbox 2507 5228 4043 5303; baseline -0.007 -16"><span class='ocrx_word' id='word_1_744' title='bbox 2507 5236 2635 5287; x_wconf 77' lang='grc' dir='ltr'><strong>ὄντα</strong></span> <span class='ocrx_word' id='word_1_745' title='bbox 2657 5233 3072 5303; x_wconf 85' lang='grc' dir='ltr'><strong>ἐχειροτόνησεν,</strong></span> <span class='ocrx_word' id='word_1_746' title='bbox 3099 5229 3212 5282; x_wconf 81' lang='grc' dir='ltr'><strong>εἷτα</strong></span> <span class='ocrx_word' id='word_1_747' title='bbox 3235 5229 3437 5298; x_wconf 88' lang='grc' dir='ltr'><strong>μαθὼν,</strong></span> <span class='ocrx_word' id='word_1_748' title='bbox 3460 5230 3656 5298; x_wconf 85' lang='grc' dir='ltr'><strong>ἐπέσχε</strong></span> <span class='ocrx_word' id='word_1_749' title='bbox 3683 5228 3782 5298; x_wconf 81' lang='grc' dir='ltr'><strong>μὲν</strong></span> <span class='ocrx_word' id='word_1_750' title='bbox 3812 5229 3904 5280; x_wconf 76' lang='grc' dir='ltr'><strong>ἐπὶ</strong></span> <span class='ocrx_word' id='word_1_751' title='bbox 3928 5229 4043 5296; x_wconf 80' lang='grc' dir='ltr'><strong>χρό·</strong></span> 
     </span>
    </p>
   </div>
   <div class='ocr_carea' id='block_1_105' title="bbox 2509 5319 4041 5391">
    <p class='ocr_par' dir='ltr' id='par_1_105' title="bbox 2509 5319 4041 5391">
     <span class='ocr_line' id='line_1_105' title="bbox 2509 5319 4041 5391; baseline -0.007 -12"><span class='ocrx_word' id='word_1_752' title='bbox 2509 5346 2617 5390; x_wconf 86' lang='grc' dir='ltr'><strong>νον,</strong></span> <span class='ocrx_word' id='word_1_753' title='bbox 2653 5326 2889 5378; x_wconf 85' lang='grc' dir='ltr'><strong>ἀπέλυσε</strong></span> <span class='ocrx_word' id='word_1_754' title='bbox 2918 5324 2972 5375; x_wconf 85' lang='grc' dir='ltr'><strong>δὲ</strong></span> <span class='ocrx_word' id='word_1_755' title='bbox 3003 5323 3313 5391; x_wconf 89' lang='grc' dir='ltr'><strong>ίερατεύειν,</strong></span> <span class='ocrx_word' id='word_1_756' title='bbox 3351 5321 3684 5390; x_wconf 82' lang='grc' dir='ltr'><strong>παυθήσεται</strong></span> <span class='ocrx_word' id='word_1_757' title='bbox 3709 5319 3806 5387; x_wconf 87' lang='grc' dir='ltr'><strong>μὲν</strong></span> <span class='ocrx_word' id='word_1_758' title='bbox 3837 5322 3929 5370; x_wconf 77' lang='grc' dir='ltr'><strong>καὶ</strong></span> <span class='ocrx_word' id='word_1_759' title='bbox 3955 5320 4041 5370; x_wconf 83' lang='grc' dir='ltr'><strong>αύ-</strong></span> 
     </span>
    </p>
   </div>
   <div class='ocr_carea' id='block_1_106' title="bbox 2510 5411 4040 5486">
    <p class='ocr_par' dir='ltr' id='par_1_106' title="bbox 2510 5411 4040 5486">
     <span class='ocr_line' id='line_1_106' title="bbox 2510 5411 4040 5486; baseline -0.006 -17"><span class='ocrx_word' id='word_1_760' title='bbox 2510 5420 2599 5480; x_wconf 82' lang='grc' dir='ltr'><strong>τὸς</strong></span> <span class='ocrx_word' id='word_1_761' title='bbox 2623 5417 2712 5469; x_wconf 84' lang='grc' dir='ltr'><strong>τοῦ</strong></span> <span class='ocrx_word' id='word_1_762' title='bbox 2746 5417 3040 5486; x_wconf 80' lang='grc' dir='ltr'><strong>ἱερουργεῖν</strong></span> <span class='ocrx_word' id='word_1_763' title='bbox 3066 5415 3156 5465; x_wconf 74' lang='grc' dir='ltr'><strong>ἐπὶ</strong></span> <span class='ocrx_word' id='word_1_764' title='bbox 3183 5413 3404 5482; x_wconf 84' lang='grc' dir='ltr'><strong>χρόνους</strong></span> <span class='ocrx_word' id='word_1_765' title='bbox 3445 5413 3616 5472; x_wconf 83' lang='grc' dir='ltr'><strong>τινάς.</strong></span> <span class='ocrx_word' id='word_1_766' title='bbox 3658 5411 3819 5463; x_wconf 75' lang='grc' dir='ltr'><strong>Ἀλλο</strong></span> <span class='ocrx_word' id='word_1_767' title='bbox 3845 5411 3950 5478; x_wconf 76' lang='grc' dir='ltr'><strong>γὰρ</strong></span> <span class='ocrx_word' id='word_1_768' title='bbox 3990 5411 4040 5461; x_wconf 68' lang='grc' dir='ltr'><strong>τὺ</strong></span> 
     </span>
    </p>
   </div>
   <div class='ocr_carea' id='block_1_107' title="bbox 2513 5499 4040 5577">
    <p class='ocr_par' dir='ltr' id='par_1_107' title="bbox 2513 5499 4040 5577">
     <span class='ocr_line' id='line_1_107' title="bbox 2513 5499 4040 5577; baseline -0.007 -18"><span class='ocrx_word' id='word_1_769' title='bbox 2513 5506 2958 5577; x_wconf 74' lang='grc' dir='ltr'><strong>[κατα1φρονῆσαι</strong></span> <span class='ocrx_word' id='word_1_770' title='bbox 2984 5504 3140 5566; x_wconf 84' lang='grc' dir='ltr'><strong>Θεοῦ,</strong></span> <span class='ocrx_word' id='word_1_771' title='bbox 3176 5504 3268 5554; x_wconf 68' lang='grc' dir='ltr'><strong>καὶ</strong></span> <span class='ocrx_word' id='word_1_772' title='bbox 3295 5502 3421 5553; x_wconf 81' lang='grc' dir='ltr'><strong>ἄλλο</strong></span> <span class='ocrx_word' id='word_1_773' title='bbox 3453 5501 3513 5552; x_wconf 78' lang='grc' dir='ltr'><strong>τὸ</strong></span> <span class='ocrx_word' id='word_1_774' title='bbox 3556 5499 3918 5567; x_wconf 78' lang='grc' dir='ltr'><strong>ἁπαιτηθῆναι</strong></span> <span class='ocrx_word' id='word_1_775' title='bbox 3961 5499 4040 5550; x_wconf 80' lang='grc' dir='ltr'><strong>καὶ</strong></span> 
     </span>
    </p>
   </div>
   <div class='ocr_carea' id='block_1_108' title="bbox 2512 5589 4040 5665">
    <p class='ocr_par' dir='ltr' id='par_1_108' title="bbox 2512 5589 4040 5665">
     <span class='ocr_line' id='line_1_108' title="bbox 2512 5589 4040 5665; baseline -0.009 -13"><span class='ocrx_word' id='word_1_776' title='bbox 2512 5599 2658 5662; x_wconf 79' lang='grc' dir='ltr'><strong>δόξαι</strong></span> <span class='ocrx_word' id='word_1_777' title='bbox 2682 5598 2929 5665; x_wconf 73' lang='grc' dir='ltr'><strong>φυλάξαι,</strong></span> <span class='ocrx_word' id='word_1_778' title='bbox 2950 5597 3050 5648; x_wconf 79' lang='grc' dir='ltr'><strong>κᾶν</strong></span> <span class='ocrx_word' id='word_1_779' title='bbox 3066 5595 3162 5646; x_wconf 88' lang='grc' dir='ltr'><strong>οὐκ</strong></span> <span class='ocrx_word' id='word_1_780' title='bbox 3186 5592 3463 5659; x_wconf 79' lang='grc' dir='ltr'><strong>ἐφύλαξεν·</strong></span> <span class='ocrx_word' id='word_1_781' title='bbox 3486 5591 3578 5642; x_wconf 85' lang='grc' dir='ltr'><strong>ἐπί</strong></span> <span class='ocrx_word' id='word_1_782' title='bbox 3597 5591 3815 5658; x_wconf 76' lang='grc' dir='ltr'><strong>χρόνους</strong></span> <span class='ocrx_word' id='word_1_783' title='bbox 3834 5589 3890 5641; x_wconf 83' lang='grc' dir='ltr'><strong>δέ</strong></span> <span class='ocrx_word' id='word_1_784' title='bbox 3909 5607 4040 5649; x_wconf 85' lang='grc' dir='ltr'><strong>τινας</strong></span> 
     </span>
    </p>
   </div>
   <div class='ocr_carea' id='block_1_109' title="bbox 2515 5678 4038 5760">
    <p class='ocr_par' dir='ltr' id='par_1_109' title="bbox 2515 5678 4038 5760">
     <span class='ocr_line' id='line_1_109' title="bbox 2515 5678 4038 5760; baseline -0.009 -17"><span class='ocrx_word' id='word_1_785' title='bbox 2515 5692 2720 5760; x_wconf 82' lang='grc' dir='ltr'><strong>ἔφημεν</strong></span> <span class='ocrx_word' id='word_1_786' title='bbox 2768 5687 3113 5758; x_wconf 78' lang='grc' dir='ltr'><strong>ἐπισχεθῆναι</strong></span> <span class='ocrx_word' id='word_1_787' title='bbox 3168 5685 3348 5747; x_wconf 74' lang='grc' dir='ltr'><strong>αὑτὸν,</strong></span> <span class='ocrx_word' id='word_1_788' title='bbox 3378 5683 3581 5750; x_wconf 75' lang='grc' dir='ltr'><strong>ἐάνπερ</strong></span> <span class='ocrx_word' id='word_1_789' title='bbox 3608 5681 3674 5732; x_wconf 75' lang='grc' dir='ltr'><strong>τὰ</strong></span> <span class='ocrx_word' id='word_1_790' title='bbox 3721 5680 3855 5732; x_wconf 82' lang='grc' dir='ltr'><strong>ἄλλα</strong></span> <span class='ocrx_word' id='word_1_791' title='bbox 3894 5678 4038 5731; x_wconf 74' lang='grc' dir='ltr'><strong>αὑτοῦ</strong></span> 
     </span>
    </p>
   </div>
   <div class='ocr_carea' id='block_1_110' title="bbox 2515 5772 4034 5853">
    <p class='ocr_par' dir='ltr' id='par_1_110' title="bbox 2515 5772 4034 5853">
     <span class='ocr_line' id='line_1_110' title="bbox 2515 5772 4034 5853; baseline -0.009 -18"><span class='ocrx_word' id='word_1_792' title='bbox 2515 5785 2898 5853; x_wconf 68' lang='grc' dir='ltr'><strong>προτερήματα</strong></span> <span class='ocrx_word' id='word_1_793' title='bbox 2966 5781 3057 5833; x_wconf 77' lang='grc' dir='ltr'><strong>καὶ</strong></span> <span class='ocrx_word' id='word_1_794' title='bbox 3109 5779 3270 5848; x_wconf 79' lang='grc' dir='ltr'><strong>ἠτῆς</strong></span> <span class='ocrx_word' id='word_1_795' title='bbox 3323 5776 3482 5844; x_wconf 80' lang='grc' dir='ltr'><strong>ἄλλης</strong></span> <span class='ocrx_word' id='word_1_796' title='bbox 3528 5772 3810 5842; x_wconf 81' lang='grc' dir='ltr'><strong>περιουσία</strong></span> <span class='ocrx_word' id='word_1_797' title='bbox 3839 5772 4034 5835; x_wconf 58' lang='grc' dir='ltr'><strong>δύναται</strong></span> 
     </span>
    </p>
   </div>
  </div>
