4248 6444
273 396 386 458 ’789

1418 405 1945 471 EPISTOLARUM
1989 412 2210 474 LIBER
2278 416 2298 472 l

3387 425 3492 488 790

270 507 813 575 ἀντιταλαντευυήναι
840 508 916 577 τῷ
967 509 1181 580 τοιούτῳ
1203 511 1364 565 αύτοῦ
1401 517 1822 588 παραπτώματι,
1851 521 1942 585 ΑΙ

1793 521 2070 590 L,Aliqua
2129 525 2248 592 ejus
2300 540 2504 590 ιτιι-τιιειΔ
2577 541 2628 580 et
2697 542 2905 583 vni-tuti».
2951 546 3096 599 copia
3188 535 3470 600 huJustnod

273 598 326 643 εί
353 595 408 646 δὲ
452 594 547 662 μὴ,
569 595 812 664 διηνεκὲς
840 598 899 649 τὸ
928 599 1202 667 ἐπιτίμιον
1235 603 1365 668 ἕξει.
1399 606 1580 659 Ταῦτα
1607 608 1663 660 δέ
1686 609 1831 676 λέγο-

274 705 399 755 μεν,
425 689 521 740 οὐκ
547 689 640 740 ἐὰν
682 691 710 741 ό
763 691 1021 760 πρόεδρος
1054 694 1216 746 αὑτοῦ
1250 696 1395 763 λέγει
1445 700 1524 751 ὅτι
1551 703 1828 768 γινώσκων

270 781 438 832 αὑτὸν
464 782 650 850 μοιχὸν
684 785 1108 853 ἐχειροτόνησεν,
1145 789 1176 855 ἧ
1212 789 1291 842 ὅτι
1330 792 1466 859 μετὰ
1505 793 1562 844 τὸ
1593 813 1827 863 χειροτο⁹

269 871 503 938 νηοῆναι
555 874 715 924 αὑτὸν
771 875 955 942 μαθὼν
998 879 1181 945 μοιχὸν
1244 877 1399 944 εἶναι,
1457 885 1551 936 καὶ
1593 887 1684 937 ἐπί
1710 905 1829 938 τινα

271 963 467 1028 χρόνον
493 964 755 1031 ἐπισχὼν,
786 962 905 1018 εἶτα
929 969 1229 1037 ἱερουργεῖν
1252 971 1409 1025 αὑτὸν
1435 976 1641 1042 ἀφῆκεν
1665 994 1678 1006 ·
1717 979 1828 1030 ἀλλ’

270 1053 373 1103 ἐὰν
403 1055 563 1115 αὐτὸς
615 1056 701 1108 διὰ
750 1058 1042 1129 μαρτύρων
1094 1063 1299 1114 πιστῶν
1355 1068 1449 1117 καὶ
1499 1068 1830 1138 ἀδιαϐλήτων

269 1146 513 1215 ἠλέγχθη
540 1164 552 1178 ·
587 1149 618 1217 ἢ
649 1148 738 1200 καὶ
773 1151 845 1218 μὴ
875 1151 1167 1220 ἐλεγχθεὶς,
1198 1155 1381 1224 οἰκείῳ
1401 1159 1715 1210 κατετέθετο
1739 1161 1832 1212 καὶ

270 1238 595 1307 ὡμολόγησε
618 1243 862 1310 στόματι.
890 1243 1073 1297 Ταῦτα
1103 1246 1199 1314 μὲν
1219 1244 1310 1299 οὖν
1341 1250 1371 1316 ἡ
1396 1251 1637 1320 ἡμετέρα
1663 1254 1833 1322 ἀρμόο

271 1329 392 1390 ζειν
420 1331 597 1400 ἔκρινε
633 1336 960 1404 μετριότης·
1003 1337 1096 1388 κα)⁸
1134 1339 1261 1408 περὶ
1302 1340 1466 1393 αὑτοῦ
1499 1341 1573 1404 ὼς
1619 1343 1828 1395 κελεύει

271 1421 539 1492 διοικήσει
571 1427 602 1494 ἡ
635 1425 786 1495 ὑμῶν
812 1427 1052 1496 ἁγιότης.
1086 1429 1158 1480 Σὺ
1192 1431 1249 1482 δέ
1297 1448 1386 1502 μοι
1417 1435 1476 1485 ἐν
1502 1433 1688 1504 Κυρίῳ
1732 1435 1825 1506 ιρ-

272 1513 443 1582 ῥωσο.

862 1625 1089 1678 ΕΠΙΣΤ.
1124 1625 1252 1678 KB’.

1931 612 2138 682 lapsum
2189 632 2536 684 compensare
2586 620 2863 672 vidcantur
2905 663 2911 668 .
2952 623 3058 681 sin,
3092 637 3142 672 ιιι
3174 635 3488 691 perpetuum

1929 719 2170 758 censurae
2215 709 2529 776 subjacehit.
2579 711 2699 764 llan:
2755 720 2933 764 autem
2973 712 3225 774 dicimus.
3291 731 3398 767 non
3445 718 3489 768 si

1930 799 2152 849 antistes
2203 801 2366 865 ipsius
2427 802 2564 852 dicat
2615 803 2753 868 quod
2805 804 2973 869 ipsum
3034 803 3332 857 adulterum
3371 820 3491 858 csse

1929 888 2106 942 sciens
2157 892 2444 952 urtliltutit,
2512 897 2586 944 u-l
2624 896 2765 962 quod
2829 908 3105 962 postquam
3159 897 3476 949 ordinassct.

1930 993 2130 1035 certior
2161 986 2332 1036 tactus
2363 986 2659 1038 adulterum
2690 1003 2829 1048 esse,
2877 1004 2997 1039 cum
3028 988 3195 1054 ipsum
3240 989 3303 1040 ad
3351 998 3465 1040 tem—

1931 1089 2031 1142 pus
2073 1074 2442 1134 abstinuisset.
2499 1077 2693 1130 deinde
2766 1080 2933 1131 sacris
2992 1077 3134 1144 fune.
3199 1079 3484 1142 permisit;

1929 1165 2021 1218 sed
2060 1166 2103 1218 si
2134 1166 2246 1234 ipse
2293 1170 2519 1222 testibus
2549 1169 2652 1222 ﬁde
2681 1170 2856 1238 dignis
2886 1179 2939 1222 et
2973 1170 3258 1236 inculpatis
3305 1185 3488 1222 convu-

1929 1264 2067 1318 ctus,
2117 1259 2198 1309 vel
2243 1274 2350 1310 non
2402 1253 2703 1322 convictus,
2741 1262 2831 1313 sed
2866 1277 2956 1313 ore
3009 1278 3105 1313 suo
3144 1277 3392 1313 assensus
3424 1272 3483 1311 su

1928 1354 1984 1396 et
2013 1346 2309 1401 confessus.
2350 1348 2473 1402 lltec
2525 1350 2684 1418 igitur
2711 1352 3050 1405 mediocritas
3079 1365 3258 1404 nostra
3296 1367 3485 1402 convc-

1933 1436 2050 1490 nire
2082 1439 2292 1492 censuit
2325 1457 2338 1492 :
2368 1442 2434 1494 de
2481 1442 2594 1511 ipso
2623 1451 2800 1495 autem
2867 1444 3120 1496 sanctitas
3145 1454 3275 1496 \'8Slt
3295 1458 3318 1493 ε,
3345 1442 3483 1508 quod

1939 1523 2203 1589 hortatur,
2251 1531 2557 1584 constituet.
2588 1531 2666 1583 Tu
2699 1547 2825 1584 vero
2854 1533 2982 1584 mihi
3007 1535 3057 1585 in
3086 1535 3308 1586 Domuu-
3360 1552 3383 1579 ν
3403 1532 3437 1581 sl
3457 1560 3496 1585 ;.

2524 1642 2732 1696 ΕΡΙΞΤλ
2790 1643 2945 1696 ΥΥΙΙ,

1480 1766 1620 1817 Edita
1647 1782 1673 1816 a
1700 1769 1992 1823 Montacutto
2025 1776 2041 1830 (
2055 1790 2104 1838 p.
2140 1776 2253 1836 590)

348 1883 541 1953 Θαῦμα
592 1887 687 1954 μὲν
717 1888 862 1956 ἡμᾶς
899 1889 1129 1960 κατέσχε
1175 1893 1267 1946 καὶ
1323 1893 1598 1964 ἔκπληξις,
1644 1899 1737 1950 ἐπὶ
1763 1901 1828 1968 τῇ
1861 1908 1902 1962 Β
1998 1905 2025 1958 Δ

1820 1902 1902 1968 iB
1998 1905 2294 1960 Admiratio
2359 1909 2572 1975 quidem
2613 1922 2711 1961 nos
2743 1908 2934 1960 invasit
2993 1923 3056 1962 ac
3095 1921 3282 1977 stupor
3333 1925 3497 1978 supe—

271 1976 512 2045 τοσαύτῃ
546 1980 819 2048 παροινία,
847 1981 939 2031 καὶ
965 1983 1213 2054 ἀπονοίᾳ,
1246 1986 1338 2037 καὶ
1369 1987 1711 2058 ἀναισθησίᾳ,
1738 1993 1831 2042 καὶ

277 2069 594 2138 παρανομίᾳ
614 2069 706 2120 τοῦ
736 2071 1017 2140 προέδρου,
1042 2075 1280 2142 καίτοιγε
1313 2077 1419 2129 τῶν
1449 2079 1699 2132 τοιούτων
1728 2099 1832 2134 πα-

279 2157 392 2209 θῶν
419 2159 620 2212 παλαιά
654 2176 773 2212 τινα
808 2161 926 2230 τχνη
955 2165 1011 2215 ἐν
1037 2167 1101 2233 τῇ
1130 2168 1317 2236 μνήμῃ
1338 2168 1598 2237 φέροντας
1616 2186 1631 2200 ο
1662 2171 1829 2240 ἀλλ’ἢ

277 2251 510 2318 ἐπιμονὴ
546 2253 636 2303 καὶ
668 2250 890 2320 αὔξησις
922 2254 1030 2306 τῶν
1062 2255 1456 2325 προλαϐόντων,
1496 2258 1570 2322 ὼς
1607 2261 1698 2312 ἐπὶ
1723 2277 1831 2312 πα-

281 2342 541 2410 ραδόξοις,
575 2346 685 2406 τοῖς
717 2343 811 2396 νῦν
843 2348 1272 2414 πεπραγμένοις,
1305 2351 1539 2419 παρέσχε
1569 2354 1832 2420 ταράττε-

280 2432 425 2483 σθαι.
455 2433 595 2502 Πλὴν
623 2434 722 2486 οὐκ
747 2433 892 2486 ἐστιν
920 2437 1268 2507 ἀνενόχλητον
1291 2441 1401 2500 τοῖς
1443 2440 1565 2492 καθ’
1605 2441 1832 2494 ’ἑκαστον

278 2524 389 2577 τῶν
407 2525 545 2577 κατά
576 2526 738 2595 μέρος
764 2528 931 2594 λόγων
954 2531 1255 2598 ἐπιστῆναι,
1288 2531 1315 2582 ὃ
1341 2531 1597 2594 πολλάκις
1622 2533 1831 2602 ἔφαμεν

281 2618 378 2668 καὶ
419 2617 512 2668 νῦν
569 2635 766 2687 φαμεν.
816 2621 903 2681 Ὠς
953 2621 1180 2689 ἐπείπερ
1213 2621 1303 2672 καὶ
1341 2625 1502 2691 ἡμεῖς
1523 2625 1832 2691 ἁμαρτωλοὶ

279 2710 379 2770 τὰς
405 2710 729 2778 ἁμαρτωλάς
786 2711 940 2779 ήμῶν
987 2715 1172 2782 χεῖρας
1212 2715 1302 2764 ἐπὶ
1330 2714 1426 2782 τὴν
1455 2714 1551 2784 σὴν
1600 2715 1831 2782 ἐθέμεθα

282 2800 546 2868 κεφαλὴν,
569 2803 666 2870 τὴν
697 2803 1084 2871 τελεταρχικὴν
1103 2803 1196 2856 τοῦ
1226 2806 1490 2871 παναγίου
1520 2807 1832 2876 Πνεύματος

283 2892 698 2960 ἐπικαλούμενοι
744 2894 900 2964 χάριν
945 2895 1082 2963 (καὶ
1139 2895 1579 2964 πεπιστεύκαμεν
1609 2899 1669 2948 ού
1713 2899 1831 2960 ταῖς

283 2983 440 3052 ἡμῶν
467 2985 844 3053 χειροθεσίαις,
873 2986 1006 3038 ἀλλὰ
1035 2987 1100 3053 τῇ
1121 3002 1181 3037 τε
1209 2987 1412 3039 ἀνωθεν
1433 2988 1708 3057 εὐμενείᾳ,
1741 2988 1834 3040 καὶ

283 3081 350 3145 τῇ
396 3080 460 3146 σῇ
511 3078 677 3147 ἀρετῇ
706 3118 720 3140 ,
788 3077 884 3143 τὴν
935 3077 1275 3145 ἐπιφοίτησιν
1338 3077 1499 3128 αὐτοῦ
1553 3076 1834 3127 πλουτίσαι

284 3170 484 3237 ἡμᾶς),
512 3169 572 3220 οὑ
604 3169 762 3238 μόνον
789 3170 888 3220 ὅσα
920 3170 978 3220 ἐν
998 3171 1064 3237 τῇ
1093 3167 1386 3238 Ἐκκλησία
1411 3168 1740 3237 παρανόμως
1774 3184 1833 3219 τε

286 3257 381 3308 καὶ
416 3258 778 3317 ἀκανονίστως
801 3257 951 3326 παρὰ
971 3257 1063 3310 τοῦ
1086 3257 1289 3326 ταύτης
1313 3257 1574 3327 προέδρου
1605 3258 1836 3327 πρόεισι,
1867 3254 1907 3310 C

284 3348 422 3401 ἀλλά
449 3351 538 3400 καὶ
567 3351 662 3400 ὅσα
695 3349 824 3418 παρ’
855 3349 1038 3417 ἐτέρου
1063 3349 1162 3417 τὴν
1182 3349 1370 3417 ὁμοίαν
1399 3349 1839 3417 ἐπιδεικνυμένου

285 3436 532 3504 γνώμην,
563 3435 733 3487 ταῦτα
755 3437 929 3488 πάντα
961 3437 1058 3505 τὴν
1091 3437 1189 3504 σὴν
1216 3437 1603 3507 ἀρχιερατικὴν
1636 3455 1840 3506 παρεγ-

286 3526 541 3592 γυώμεθα
572 3526 878 3595 τελειότητα
910 3526 1019 3594 (ὡς
1049 3527 1205 3595 ήμῶν
1245 3527 1353 3578 τῶν
1407 3527 1677 3579 ταπεινῶν
1707 3545 1841 3596 συμ-

283 3614 568 3682 παρόντων
591 3616 686 3666 καὶ
719 3616 1204 3683 συνεφαπτομένων
1226 3617 1338 3678 τοῖς
1363 3616 1546 3686 νόμοις
1564 3616 1658 3667 τοῦ
1681 3617 1841 3668 Πνεύο

287 3705 483 3771 ματος)
512 3703 837 3758 ἀνακόπτειν
863 3721 921 3756 τε
954 3706 1049 3757 καὶ
1091 3705 1485 3775 ἀναχαιτίζειν,
1530 3709 1624 3760 καὶ
1661 3708 1753 3759 ἐπὶ
1779 3707 1840 3759 τὸ

288 3793 491 3860 βέλτιον
523 3794 615 3845 καὶ
643 3795 863 3865 ἄριστον
917 3796 1368 3865 μεταρυθμίζεινο
1421 3797 1517 3866 οὺχ
1541 3798 1698 3866 ἡμῶν
1723 3799 1838 3850 νυνὶ

284 3882 383 3948 τὴν
437 3883 687 3952 τοιαύτην
745 3886 1114 3954 πνευματικὴν
1153 3886 1395 3948 ἐξουσίαν
1445 3888 1835 3956 χαριζομένων,

284 3971 422 4022 ἀλλὰ
447 3972 539 4024 τοῦ
574 3973 885 4042 Πνεύματος
941 3975 1033 4026 τοῦ
1083 3975 1366 4041 παναγίου,
1394 3977 1554 4045 ἡνίκα
1605 3977 1698 4030 καὶ
1739 3979 1838 4047 τὴν

285 4065 681 4132 ἀρχιερατικὴν
742 4066 908 4117 ἐδίδου
957 4065 1182 4136 δωρεάν.
1226 4067 1663 4120 Ἀπολυέσθωσαν
1706 4069 1838 4136 γοῦν

282 4152 335 4202 ol
368 4152 690 4221 παραλόγως
711 4153 892 4221 δεσμῷ
917 4154 1307 4223 ὑποϐληθέντες
1330 4157 1427 4223 τῆς
1454 4157 1646 4223 ἀλόγου
1669 4175 1837 4211 κατα-

283 4241 462 4309 δίκης,
495 4243 586 4294 καί
615 4243 749 4310 πρὸς
770 4243 866 4313 τὴν
893 4244 1107 4296 δικαίαν
1137 4245 1658 4314 μεθαρμοζέσθωσαν
1680 4249 1838 4317 θερα-

284 4333 446 4384 πείαν
466 4349 480 4361 ·
505 4334 592 4384 καὶ
615 4334 662 4384 οἱ
684 4333 778 4403 τὴν
801 4336 1111 4404 παράνομον
1133 4336 1444 4406 καθαίρεσιν
1486 4338 1834 4403 ὑποστάντες,

285 4425 384 4491 τῆς
408 4424 607 4492 ἀνόμου
633 4425 812 4493 ψήφου
845 4426 1221 4497 πεπαυμένης,
1253 4430 1522 4496 ἐχέτωσαν
1551 4431 1647 4499 τῆς
1677 4432 1837 4500 ίερωο

286 4513 487 4583 σύνης·
537 4517 629 4567 καὶ
655 4515 683 4565 ὁ
726 4515 898 4568 ταῦτα
938 4517 1146 4585 πράξας
1195 4519 1464 4588 ἀφρόνως,
1497 4521 1725 4589 μάλιστά
1749 4539 1832 4590 γε,

284 4606 367 4656 ὃτι
389 4606 455 4656 τὰ
484 4605 577 4656 τοῦ
604 4604 851 4674 σώματος
893 4606 1036 4677 πάθη
1071 4611 1164 4661 καὶ
1206 4610 1304 4677 τὴν
1337 4610 1435 4677 τῆς
1478 4610 1652 4680 ψυχῆς
1707 4629 1834 4665 συν-
1870 4600 1911 4653 D

288 4696 486 4762 ἀφειαν
520 4697 843 4764 ὑπογράφει,
868 4697 1200 4765 μανθανέτω,
1224 4701 1272 4751 εἰ
1298 4700 1373 4770 μὴ
1402 4701 1618 4753 δύναται
1644 4720 1839 4773 παραι-

285 4785 483 4847 νέσεως
521 4786 680 4855 λόγῳ,
704 4787 815 4840 ἀλλ’
836 4786 927 4840 οὖν
952 4790 1379 4859 αὐστηρότερον,
1413 4793 1486 4862 μὴ
1523 4796 1838 4864 παραφέρε-

287 4876 410 4927 σθαι
429 4877 518 4928 τοῦ
552 4878 779 4931 δικαίου.
808 4881 906 4931 Διά
940 4880 1096 4932 τοῦτο
1126 4881 1217 4932 καὶ
1246 4883 1294 4950 εὴ
1342 4884 1476 4952 πρὸς
1523 4884 1682 4936 αὑτὸν
1725 4888 1837 4937 ἐπι-

287 4966 448 5033 στολὴ
501 4967 638 5035 καλὴ
682 4970 774 5019 καὶ
825 4969 1033 5022 δικαία·
1074 4976 1166 5024 καὶ
1198 4973 1246 5024 εί
1282 4976 1416 5044 μηδὲ
1451 4979 1584 5046 μετὰ
1634 4980 1837 5051 ταύτην

287 5055 703 5124 σωφρονισθείη,
743 5059 1038 5128 ἱερουργεῖν
1071 5060 1189 5128 μὲν.
1222 5063 1313 5114 καὶ
1341 5064 1449 5118 τῶν
1492 5067 1714 5136 ἀψύχων
1740 5071 1838 5140 τὴν

285 5144 550 5212 διοίκησιν
579 5145 742 5215 ἔχειν,
768 5149 902 5211 τέως
934 5150 1007 5220 μὴ
1028 5153 1313 5206 κωλυέσθω
1340 5171 1352 5185 ·
1375 5158 1630 5228 ἐπιτιμᾷν
1657 5159 1712 5211 δὲ
1745 5163 1840 5215 καὶ

287 5234 584 5298 κανονίςειν
612 5237 734 5299 τοὺς
764 5238 1058 5309 ἐμψύχους,
1077 5242 1277 5313 ἄψυχος
1307 5246 1465 5309 αὐτὸς
1491 5248 1584 5314 ὢν,
1623 5250 1709 5304 διὰ
1740 5251 1838 5320 τῆς

285 5325 345 5375 ἐν
377 5325 652 5395 Πνεύματι
675 5329 814 5398 ἁγίῳ
844 5333 973 5401 ἡμῖν
1004 5333 1289 5407 δεδομένης
1322 5338 1583 5406 ἐξουσίας,
1622 5343 1696 5412 μὴ
1732 5359 1834 5395 πα-

289 5416 657 5483 ραχωρείσθω.

1938 2007 2084 2051 tanta
2121 1999 2438 2053 deliratione
2481 2009 2537 2053 et
2579 2001 2855 2064 vecordia,
2919 2015 3128 2053 necnon
3197 2002 3478 2054 insulsitat-

1935 2098 2094 2157 atque
2133 2090 2452 2144 enormitate
2486 2092 2761 2155 antistitis,
2808 2093 2967 2144 etiam
3023 2102 3206 2144 vetera
3245 2093 3488 2160 quaedam

1935 2180 2160 2248 vestigia
2197 2180 2460 2247 ejusmodi
2491 2181 2778 2234 aﬂ'ectuum
2803 2221 2816 2243 ,
2866 2183 3121 2235 memoria
3176 2182 3470 2234 recolentes

1936 2267 2134 2322 Verum
2150 2260 2363 2323 duratio
2390 2281 2548 2339 atque
2565 2272 2954 2325 incrementum
2982 2272 3399 2339 prrecedentium
3430 2275 3485 2324 do

1937 2358 2309 2425 praesentibus,
2347 2367 2598 2427 tanquam
2627 2370 2820 2428 praeter
2842 2360 3147 2428 opinionem
3179 2360 3350 2423 factis,
3373 2377 3468 2429 per

1938 2451 2258 2506 turbationis
2305 2451 2460 2505 nobis
2486 2453 2765 2505 materiam
2819 2455 3182 2521 praebuerunt.
3228 2458 3494 2508 Caeterum

1937 2543 2179 2597 molestia
2201 2560 2309 2597 non
2342 2553 2516 2609 vacat,
2564 2545 2899 2614 singulorum
2931 2547 3107 2600 causis
3139 2548 3494 2616 particulatim

1936 2634 2204 2696 insistere,
2241 2637 2384 2702 quod
2423 2637 2618 2704 saepius
2641 2637 2896 2699 diximus,
2918 2648 2972 2691 et
3002 2655 3146 2692 nunc
3170 2640 3329 2692 etiam
3357 2640 3460 2694 dici

1937 2739 2077 2779 mus.
2119 2725 2274 2790 Quod
2305 2742 2427 2781 cum
2457 2739 2765 2795 peccatores
2813 2743 2912 2782 nos
2956 2731 3282 2798 peccatrices
3309 2747 3496 2783 manus

1935 2817 2095 2885 capiti
2130 2828 2223 2872 tuo
2271 2818 2644 2887 imposuimus,
2677 2820 2899 2891 gratiam
2941 2822 3110 2876 sancti
3144 2821 3374 2891 Spiritus
3399 2839 3464 2874 an

1937 2907 2088 2962 tistiti
2123 2909 2392 2977 propriam
2425 2910 2773 2979 implorantes
2822 2913 2951 2980 (non
2989 2922 3186 2967 nostra:
3243 2931 3475 2967 manuun

1941 3000 2288 3069 impositioni,
2366 3002 2456 3054 sed
2522 3017 2771 3072 superna:
2837 3004 3179 3074 benignitati.
3263 3015 3318 3058 et
3391 3015 3488 3057 tuu-

1938 3092 2105 3161 ipsius
2151 3094 2335 3146 virtuti
2387 3094 2576 3148 conﬁsi
2610 3136 2623 3158 ,
2683 3106 3065 3165 superventum
3150 3097 3320 3165 ipsius
3401 3113 3500 3151 nos

1939 3183 2310 3237 benedictione
2363 3185 2697 3251 ditaturum),
2759 3202 2867 3240 non
2917 3187 3087 3241 solum
3140 3204 3260 3256 qua:
3303 3188 3356 3241 in
3396 3188 3489 3242 Ec-

1943 3276 2104 3329 clesia
2156 3276 2424 3345 illegitime
2468 3286 2523 3331 et
2575 3288 2760 3333 contra
2819 3294 3058 3334 canones
3095 3281 3163 3335 ab
3207 3282 3377 3350 ipsius
3407 3297 3482 3333 an-

1945 3366 2113 3419 tistite
2145 3368 2461 3434 procedunt,
2513 3367 2609 3421 sed
2644 3385 2764 3437 quae
2791 3369 2860 3424 ab
2903 3371 3008 3423 alvi
3035 3373 3311 3439 quopiam,
3349 3373 3495 3425 simi-

1943 3455 2047 3508 lem
2103 3456 2267 3510 animi
2315 3459 2639 3513 sententiam
2686 3459 3118 3524 demonstrante,
3165 3463 3278 3516 haec
3306 3464 3488 3516 omnia

1943 3562 1974 3599 a
2029 3557 2119 3600 tua
2173 3548 2435 3602 antistitis
2484 3552 3149 3621 perfectione(tanquam
3197 3555 3503 3608 humilitate

1943 3646 2132 3690 nostra
2185 3648 2470 3706 prasente,
2517 3649 2572 3693 et
2616 3641 2922 3710 spirituales
2984 3643 3128 3712 leges
3179 3645 3501 3712 adjuvante)

1945 3724 2193 3791 reprimi,
2253 3726 2627 3793 suillaminari,
2668 3730 2734 3793 {et
2779 3730 2833 3783 in
2860 3731 3162 3798 meliorem,
3208 3733 3320 3786 sive
3356 3733 3469 3801 opti

1942 3829 2087 3867 mum
2151 3826 2349 3869 statum
2417 3819 2695 3872 reformari
2747 3822 3090 3890 praecipimus
3135 3841 3148 3876 :
3201 3839 3308 3877 non
3345 3823 3502 3878 nobis

1942 3921 2086 3959 nunc
2141 3906 2444 3974 hujusmodi
2492 3911 2822 3978 spiritualem
2891 3923 3212 3981 potestatem
3262 3914 3478 3983 largien

1944 3995 2113 4060 tibus,
2149 3998 2245 4052 sed
2286 4010 2475 4054 saneto
2527 4001 2732 4070 Spiritu
2782 4012 2911 4058 tunc
2977 4019 3097 4057 eam
3155 4003 3494 4062 conferente,

1941 4105 2065 4143 cum
2125 4093 2353 4162 gratiam
2406 4098 2602 4149 summi
2661 4098 2952 4153 sacerdotii
3001 4098 3247 4153 donaret.
3307 4099 3490 4153 Absol-

1941 4190 2136 4236 vantur
2166 4182 2325 4253 igitur
2373 4197 2570 4254 praater
2607 4189 2870 4241 rationem
2909 4189 3124 4243 vinculo
3153 4190 3383 4255 subtecti
3431 4192 3495 4242 ab

1942 4273 2124 4342 iniqua
2155 4276 2523 4339 damnatione,
2568 4287 2622 4332 et
2651 4279 2716 4332 ad
2745 4279 3042 4350 legitimum
3087 4282 3287 4336 cultum
3329 4282 3476 4335 refor

1942 4375 2160 4419 mentur
2186 4383 2200 4420 :
2230 4379 2285 4422 et
2314 4369 2404 4437 qui
2451 4369 2883 4439 degradationem
2934 4373 3140 4442 legibus
3172 4377 3495 4427 contrariam

1943 4459 2085 4526 passi
2127 4469 2273 4522 sunt,
2311 4460 2495 4528 iniquo
2539 4462 2758 4516 decreto
2787 4473 3056 4526 cessante,
3110 4464 3165 4517 in
3196 4465 3496 4518 sacerdoti"

1939 4545 2362 4600 administrando
2407 4559 2658 4618 pergant:
2710 4559 2765 4601 et
2815 4549 2906 4615 qui
2955 4550 3069 4603 haec
3125 4551 3498 4619 imprudenter

1935 4635 2172 4698 admisit,
2201 4636 2435 4689 maxime
2475 4637 2712 4703 quidem,
2769 4637 2894 4706 quia
2943 4637 3183 4705 corporis
3219 4638 3493 4706 passiones

1937 4741 2203 4795 congruos
2234 4727 2394 4780 animi
2425 4728 2646 4781 affectus
2683 4729 3008 4797 exprimunt,
3049 4729 3217 4782 discat
3243 4729 3286 4782 si
3317 4739 3496 4798 poteSt

1937 4818 2205 4870 sermonis
2233 4818 2622 4881 exhortatione,
2680 4819 2763 4871 sin
2794 4819 2969 4873 minus
2999 4820 3303 4883 severitate,
3335 4820 3403 4873 ab
3429 4835 3495 4873 eo

1937 4907 2079 4974 quod
2109 4909 2314 4975 justum
2347 4917 2448 4969 est,
2485 4925 2591 4961 non
2622 4910 2890 4962 recedere.
2915 4909 3120 4963 Idcirco
3143 4909 3207 4962 ad
3232 4925 3353 4964 eum
3376 4911 3495 4979 cpi-

1938 4998 2073 5052 stola
2100 4998 2222 5066 jure
2249 5009 2305 5052 et
2327 5008 2469 5052 recte
2485 4999 2868 5053 destinabitur:
2889 5007 3171 5068 postquam
3188 5000 3288 5053 nisi
3312 5001 3493 5053 sanior

1943 5089 2153 5155 evadat,
2201 5105 2348 5143 sacra
2381 5089 2598 5157 quidem
2652 5089 2848 5154 facere,
2887 5099 2941 5145 et
2979 5091 3269 5144 inanimata
3315 5090 3490 5145 admi-

1937 5180 2168 5234 nistrare
2245 5181 2480 5234 nondum
2545 5181 2929 5250 prohibeatur,
2984 5197 3244 5236 censuras
3309 5192 3486 5235 autem

1935 5270 2192 5340 irrogare,
2259 5281 2312 5324 et
2356 5271 2618 5324 animatos
2680 5272 2746 5326 ad
2799 5272 3007 5342 regulas
3061 5272 3272 5341 exigere
3306 5312 3320 5336 ,
3372 5271 3488 5340 ipse

1935 5364 2216 5425 inanimis,
2254 5373 2516 5434 potestate
2545 5364 2701 5419 nobis
2739 5380 2768 5419 a
2802 5365 3001 5435 Spiritu
3052 5373 3240 5420 sancto
3284 5363 3485 5418 indulta

1935 5470 2004 5509 ne
2052 5456 2412 5524 permittatur.
