4248 6444
758 384 856 450 791

1311 477 1524 532 EPIST.
1567 473 1753 528 XXIII.

1902 359 2162 424 PHOTII
2202 355 2701 417 PATRIARCH/E
2737 356 2841 414 (ΣΡ.
3869 343 3985 406 792

3000 461 3218 515 ΕΠΙΣΤ.
3249 461 3374 513 ΚΓ.

1967 559 2107 609 Edita
2137 570 2164 604 a
2193 554 2491 604 Montacutio
2524 555 2593 615 (p.
2628 554 2759 613 591).

830 673 1197 727 Pervenerunt
1246 663 1310 716 ad
1351 677 1449 715 nos
1480 659 1670 712 littera:
1713 655 2018 710 sanctitatis
2066 661 2171 705 tua:
2201 649 2309 702 Deo
2337 641 2384 694 Α

760 766 990 826 dilectas,
1031 757 1360 829 postulantes
1400 769 1428 805 a
1464 749 1838 805 mediocritate
1881 754 2063 798 nostra
2093 750 2313 797 senten-

762 855 889 908 tiam
945 849 1075 903 ferri
1116 847 1182 900 de
1223 845 1556 914 presbytero,
1595 839 1687 908 qui
1735 846 1931 907 praeter
1979 833 2311 888 voluntatem

760 951 1064 1013 parentum,
1102 954 1209 991 non
1239 941 1548 1004 exspectato
1574 946 1761 984 eorum
1786 940 2079 986 consensu,
2113 923 2312 976 liberos

763 1037 999 1103 ipsorum
1026 1034 1376 1082 coronaverat
1413 1040 1425 1075 :
1463 1037 1692 1091 quorum
1737 1029 1920 1089 postea
1943 1015 2120 1069 studio
2158 1028 2312 1103 sepa-

761 1100 882 1183 rati,
919 1135 1042 1172 cum
1087 1116 1207 1168 aliis
1243 1111 1488 1182 personis
1528 1110 1593 1162 ad
1639 1108 1945 1174 nuptiarum
1971 1100 2310 1156 communio-

761 1227 887 1268 nem
944 1225 1066 1264 cum
1095 1205 1389 1265 venissent,
1419 1217 1582 1270 opera
1615 1208 1898 1268 parentum
1925 1195 1992 1248 ab
2036 1193 2144 1246 alio
2187 1205 2314 1259 pre-

763 1304 977 1373 sbytero
1052 1297 1481 1353 benedictionem
1568 1288 1893 1358 acceperint.
1982 1284 2057 1337 De
2134 1281 2311 1351 primo

763 1397 943 1463 itaque
982 1393 1292 1462 presbytero
1318 1392 1395 1442 sic
1433 1385 1814 1440 decernimus:
1848 1380 1889 1434 si
1941 1378 2155 1447 quidem
2183 1390 2313 1428 con-

764 1486 939 1539 trarim
988 1493 1269 1553 parentum
1341 1477 1629 1531 voluntatis
1673 1475 1912 1544 ignarus,
1964 1487 2029 1522 ex
2079 1466 2308 1530 inscitia,

763 1578 816 1628 in
859 1574 1183 1628 coronandis
1227 1573 1342 1624 istis
1383 1585 1501 1638 quat
1545 1573 1915 1621 convenerunt
1957 1573 2223 1630 personis,
2257 1575 2309 1609 m

761 1682 996 1719 errorem
1031 1666 1211 1733 lapsus
1247 1666 1334 1726 sit,
1369 1662 1488 1714 talis
1514 1675 1635 1712 cum
1682 1658 1768 1718 sit,
1802 1670 1906 1706 non
1946 1668 2163 1721 prorsus
2192 1651 2311 1702 lata:

765 1759 935 1825 eulpae
980 1756 1266 1815 obnoxius,
1328 1761 1580 1818 tanquam
1623 1749 1690 1800 de
1735 1745 2036 1798 voluntario
2090 1749 2312 1809 peccato

763 1847 1103 1899 damnandus
1135 1856 1216 1897 est
1247 1854 1259 1894 τ
1297 1858 1401 1895 non
1440 1852 1616 1893 tamen
1661 1850 1910 1904 tanquam
1940 1832 2113 1885 omnis
2142 1833 2310 1900 culpa:

761 1954 955 2007 expers
980 1937 1368 1998 dimittendus;
1413 1931 1648 2001 oportuit
1680 1930 1820 1982 enim
1853 1929 2026 1995 ipsum
2061 1934 2312 1978 accurate

761 2031 1129 2090 sciscitatum,
1196 2026 1473 2079 rescivisse.
1533 2039 1659 2075 ntnn
1706 2022 1981 2072 voluntate
2030 2027 2311 2085 parentum

759 2122 851 2189 qui
905 2123 968 2173 ad
1024 2121 1239 2188 nuptias
1287 2119 1534 2178 coibant,
1564 2115 1870 2183 conjugium
1905 2109 2307 2163 contraherent.

760 2215 964 2268 Idcirco
1010 2214 1217 2266 ordinis
1272 2212 1352 2264 sui
1406 2210 1628 2278 jactura:
1684 2206 1805 2257 talis
1851 2218 1955 2254 non
2007 2199 2307 2266 subjicitur,

762 2309 856 2362 sed
925 2308 990 2360 ad
1085 2319 1296 2375 tempus
1370 2304 1723 2358 constitutum
1777 2315 1930 2353 sacro
1994 2295 2314 2349 celebrando

761 2401 1188 2469 prohibebitur;
1236 2409 1397 2459 tum,
1465 2411 1580 2449 eam
1643 2408 1760 2463 quae
1820 2393 1873 2444 in
1921 2390 2142 2457 reliquis
2194 2402 2312 2439 eer-

762 2493 912 2545 nitur
972 2492 1378 2553 austeritatem,
1437 2487 1660 2556 jcjuniis
1713 2485 1912 2540 scilicet
1972 2493 2130 2550 atque
2190 2495 2310 2532 ora-

766 2586 1024 2649 tionibus,
1066 2583 1294 2637 subibit:
1330 2593 1540 2650 tempus
1570 2589 1748 2632 antem
1782 2592 1954 2646 pinna:
1995 2572 2310 2633 subeuntlze,

763 2680 845 2732 vel
879 2679 944 2730 ad
972 2675 1316 2745 quadraginta
1338 2672 1470 2737 dies,
1502 2673 1585 2724 vel
1614 2671 1692 2724 bis
1719 2668 1940 2722 totidem
1971 2665 2308 2727 extendetur,

766 2786 864 2839 pro
894 2768 1100 2821 ratione
1130 2765 1300 2835 ipsius
1342 2766 1392 2816 in
1423 2763 1738 2832 pwnitentia
1770 2759 2037 2822 fervoris;
2090 2773 2157 2809 ne
2201 2770 2316 2808 am-

765 2861 905 2929 plius
936 2861 988 2912 in
1019 2858 1282 2928 ejusmodi
1312 2855 1436 2922 quid
1458 2854 1662 2915 delicti,
1695 2869 1760 2906 ex
1788 2852 2014 2913 incuria,
2042 2848 2313 2916 animique

767 2952 978 3022 ignavia
1013 2950 1232 3004 incidat.
1269 2949 1377 3002 Hoc
1405 2948 1563 3016 igitur
1586 2945 1846 3006 obtineat,
1875 2943 1917 2995 si
1951 2944 2016 2996 ad
2051 2943 2310 2995 inscitiam

766 3049 1046 3109 peccatum
1099 3037 1316 3090 referat.
1373 3035 1524 3100 Quod
1570 3035 1613 3087 si
1653 3031 1979 3086 voluntatem
2030 3040 2312 3098 parentum

767 3128 1056 3183 consensui
1087 3125 1213 3178 huic
1237 3135 1291 3178 et
1321 3126 1569 3193 eonjugio
1601 3121 1874 3174 adversari
1915 3120 2096 3184 sciret,
2119 3127 2172 3171 et
2194 3118 2314 3185 ejus

767 3236 876 3274 non
908 3220 1142 3290 ignarus,
1173 3228 1284 3272 tum
1332 3216 1630 3269 naturalem
1663 3211 1854 3282 Legem
1905 3219 2018 3264 tum
2059 3211 2313 3278 spiritua-

767 3309 873 3362 lem
898 3308 1244 3376 contempsit,
1268 3319 1496 3374 quormn
1522 3312 1747 3370 uterque
1774 3300 1982 3354 irritum
2005 3299 2313 3368 conjugium
2342 3308 2386 3368 α

768 3401 1104 3469 pronuntiat,
1161 3396 1473 3467 parentibus
1526 3407 1781 3446 assensus
1845 3391 1926 3446 sui
2003 3389 2314 3460 suilragium

769 3507 876 3544 non
916 3491 1234 3550 ferentibus,
1266 3503 1437 3557 poena:
1469 3487 1567 3539 rite
1600 3486 1863 3538 obnoxius
1886 3493 2018 3536 esto.
2047 3482 2101 3535 Si
2139 3493 2316 3535 tamen

770 3593 1043 3651 parentes,
1083 3591 1362 3650 postquam
1416 3588 1544 3632 aetas
1579 3578 1866 3629 liberorum
1903 3577 2163 3643 perleges
2203 3575 2318 3627 ido-

774 3691 870 3727 nea
900 3675 965 3726 ad
1014 3674 1229 3740 nuptias
1274 3680 1434 3734 esset,
1469 3669 1636 3721 dilato
1677 3683 1772 3736 per
1809 3667 2018 3734 longum
2063 3676 2318 3733 temporis

772 3765 1002 3830 spatium
1029 3763 1298 3831 coniugio,
1326 3760 1698 3813 necessitatem
1732 3758 1834 3826 ipsi
1869 3757 2049 3809 liberis
2076 3757 2316 3824 prtebne—

773 3858 902 3919 rint,
928 3855 1087 3908 etiam
1118 3854 1298 3906 invitis
1326 3852 1636 3920 parentibus
1675 3851 1740 3903 ad
1768 3849 1980 3917 nuptias
2007 3848 2316 3910 accedendi,

775 3957 884 3999 tum
921 3961 1020 3998 nec
1049 3945 1190 4014 leges
1215 3943 1520 4012 hnjusmodi
1563 3929 1778 4010 nuptias
1805 3941 1984 3993 irritas
2015 3941 2238 4001 faciunt,
2265 3951 2319 3992 et

771 4036 860 4104 qui
895 4036 1117 4088 interest
1148 4035 1417 4096 sacerdos,
1459 4043 1513 4086 et
1540 4034 1619 4085 eis
1658 4032 1943 4093 benedicit,
1977 4032 2118 4083 nulla
2163 4032 2317 4098 culpa

776 4139 1009 4181 tenetur.
1064 4127 1256 4179 flatum
1301 4134 1478 4179 autem
1526 4125 1582 4178 fit
1633 4124 1939 4192 hujusmodi
1987 4124 2316 4192 conjugium.

771 4220 948 4284 judice
991 4234 1055 4270 ex
1103 4232 1279 4270 causa;
1320 4216 1526 4278 notitia,
1573 4214 1872 4268 custodiam
1919 4214 2233 4273 liberorum.
2267 4226 2322 4266 ct

774 4311 1062 4379 legitimam
1102 4308 1337 4376 ipsorum
1385 4307 1714 4359 voluntatem
1758 4306 2085 4373 improbitati
2130 4321 2321 4373 paren-

775 4413 887 4455 tum
923 4401 1262 4471 praeferente.
1311 4400 1382 4453 De
1428 4400 1602 4468 primo
1642 4399 1820 4466 itaque
1851 4397 2179 4466 presbytero,
2223 4398 2320 4450 ista

775 4494 928 4546 nobis
962 4492 1047 4561 jus
1073 4492 1329 4560 suggerit.
1366 4491 1439 4543 De
1473 4488 1710 4543 secundo
1736 4501 1916 4541 autem
1965 4503 2068 4543 nec
2097 4488 2320 4557 simplex

774 4595 856 4636 est
899 4584 1276 4636 consideratio.
1311 4579 1442 4634 Nam
1494 4581 1536 4633 si
1575 4581 1818 4650 1conjngii
1871 4580 2064 4649 prioris
2104 4580 2322 4649 ignarus

2494 647 2745 713 Ἀφίκετο
2765 648 2898 713 ἡμῖν
2925 643 3227 714 γράμματα
3252 645 3349 712 τῆς
3384 641 3484 710 σῆς
3515 642 3837 708 θεοφιλείας,
3857 643 3983 693 ἐπι-

2413 737 2678 804 ζητοῦντα
2702 738 2851 806 παρά
2879 736 2979 804 τῆς
3006 735 3163 804 ἡμῶν
3197 733 3547 802 μετριότητος
3575 733 3752 800 ψῆφον
3814 734 3982 784 ἐπεν-

2412 829 2636 898 εχθῆναι
2689 831 2814 897 περὶ
2869 827 2960 880 τοῦ
2998 827 3368 898 πρεσϐυτέρου
3389 824 3483 876 τοῦ
3535 823 3983 891 στεφανώσαντος

2414 922 2562 990 παρὰ
2600 920 2822 990 γνώμην
2846 920 2954 972 τῶν
2983 920 3185 986 γονέων
3206 919 3272 970 τά
3302 919 3507 970 τούτων
3535 917 3719 979 τέκνα,
3754 919 3847 968 καὶ
3874 918 3984 985 τὴν

2411 1013 2613 1064 τούτων
2645 1012 2947 1065 συναίνεσιν
2981 1012 3054 1080 μὴ
3089 1010 3522 1078 προσδεξαμένου
3544 1025 3556 1037 ο
3584 1005 3706 1061 εἶτα
3748 1010 3837 1060 ὑπ’
3872 1011 3980 1060 αὑ-

2411 1104 2520 1155 τῶν
2548 1101 2956 1170 διαζευχθέντα,
2984 1103 3080 1153 καὶ
3111 1101 3270 1153 πάλιν
3293 1099 3496 1168 ἑτέροις
3519 1098 3828 1169 προσώποις
3859 1115 3983 1149 κοιο

2413 1192 2748 1261 νωνήσαντα,
2790 1192 2883 1243 καὶ
2906 1191 3040 1259 πρὸς
3065 1192 3238 1258 γάμον
3272 1188 3511 1250 ἐλθόντα,
3548 1189 3834 1258 συνεργεία
3867 1188 3981 1238 τῶν

2413 1282 2663 1351 πατέρων
2692 1282 2780 1349 ὑφ’
2809 1280 2995 1350 ἐτέρου
3024 1281 3393 1351 πρεσϐυτέρου
3423 1281 3801 1351 εὑλογηθέντα.
3865 1282 3983 1333 Καὶ

2415 1374 2544 1444 περ).
2568 1375 2664 1442 μὲν
2687 1373 2782 1425 τοῦ
2809 1375 3024 1443 πρώτου
3049 1373 3418 1443 πρεσϐυτέρου
3439 1372 3580 1425 οὕτω
3605 1372 3980 1443 διοριζόμεθαο

2415 1466 2476 1518 Εἰ
2516 1467 2615 1534 μὲν
2647 1466 2829 1534 ἠγνόει
2860 1466 2968 1516 τῶν
2993 1464 3259 1516 τεκόντων
3292 1464 3352 1515 τὸ
3380 1465 3699 1533 ἀϐούλητον,
3751 1459 3868 1515 εἶτα
3917 1464 3981 1526 ἐξ

2413 1558 2632 1623 ἀγνοίας
2663 1557 2992 1626 περιεπάρη,
3017 1558 3075 1607 ἐν
3120 1554 3196 1624 τῷ
3225 1556 3603 1624 στεφανώματι
3633 1555 3740 1606 τῶν
3783 1555 3980 1606 συνελ-

2415 1649 2612 1700 θόντων
2639 1647 2965 1716 προσώπων,
2995 1649 3023 1698 6
3051 1645 3284 1709 τοιοῦτος
3311 1647 3406 1714 μὲν
3433 1647 3493 1697 οὑ
3525 1646 3799 1708 παντελῶς
3826 1647 3982 1697 ἐστιν

2415 1739 2731 1801 ὑπεύθυνος,
2760 1738 2881 1790 οὐδὲ
2914 1737 3169 1798 ἑκουσίως
3189 1735 3457 1805 ἁλώσιμος
3480 1737 3853 1805 ἁμαρτήματι,
3873 1736 3981 1786 οὑκ

2413 1833 2700 1893 ἀνεύθυνος
2723 1831 2779 1882 δέ
2819 1829 3095 1889 παντελῶς
3111 1828 3422 1890 ἀπολύεται,
3440 1830 3630 1895 ὅτιπερ
3651 1828 3756 1879 ἔδει
3784 1827 3977 1879 τοῦτον

2414 1923 2764 1992 ἐξερευνῆσαι
2804 1922 2896 1972 καὶ
2933 1919 3494 1990 ἁκριϐολογησάμενον
3547 1918 3866 1985 άναμαθείν,
3923 1920 3975 1970 εἰ

2413 2018 2520 2084 ἄρα
2569 2019 2633 2084 τῇ
2672 2016 2922 2082 βουλήσει
2951 2013 3058 2065 τῶν
3086 2015 3351 2065 τεκόντων
3373 2014 3419 2064 οί
3451 2013 3585 2080 πρὸς
3618 2015 3791 2079 γάμον
3845 2029 3977 2063 συν-

2413 2105 2706 2172 απτὸμενοι
2732 2103 3016 2156 συνιστῶσι
3043 2103 3103 2155 τὸ
3131 2103 3483 2154 συνοικέσιον.
3508 2103 3605 2154 Διά
3633 2101 3810 2164 τοῦτο,
3837 2102 3978 2154 καθ-

2413 2196 2622 2265 αιρέσει
2658 2195 2755 2264 μὲν
2785 2196 2813 2246 ό
2837 2193 3076 2255 τοιοῦτος
3109 2194 3205 2262 οὑχ
3233 2192 3614 2258 ὑποϐάλλεται,
3656 2193 3750 2244 ἐπὶ⁵
3783 2194 3976 2262 χρόνον

2412 2286 2465 2337 δέ
2495 2303 2614 2339 τινα
2651 2285 2830 2354 ῥητὸν,
2882 2284 2982 2352 τῆς
3020 2285 3329 2352 ἱερουργίας
3379 2285 3820 2353 ἐπισχεθήσεται,
3878 2286 3977 2336 καὶ

2414 2379 2510 2446 τὴν
2538 2380 2594 2429 ἐν
2625 2380 2735 2440 τοῖς
2761 2377 2938 2439 ἄλλοις
2965 2376 3353 2445 ταλαιπωρίαν,
3387 2378 3659 2444 νηστείαις
3687 2393 3768 2439 τε,
3802 2376 3974 2444 φημὶ,

2415 2472 2507 2522 καὶ
2531 2473 2876 2539 προσευχαῖς,
2910 2471 3268 2538 ὑποστήσεται
3291 2487 3304 2500 ·
3326 2472 3353 2522 6
3380 2469 3437 2521 δέ
3471 2469 3658 2538 χρόνος
3698 2470 3796 2537 τῆς
3849 2472 3976 2522 ἐπι-

2412 2563 2710 2632 τιμήσεως,
2743 2561 2856 2632 ῆὲν
2888 2563 3293 2632 τεσσαράκοντα
3323 2561 3627 2630 ήμέραις,ἢ
3659 2561 3739 2622 δὶς
3773 2560 3975 2612 τοσαὺ-

2412 2669 2534 2714 ταις
2561 2651 3031 2721 παραταθήσεται,
3065 2653 3193 2720 πρὸς
3222 2653 3323 2720 τὴν
3348 2650 3635 2717 ἀναλογίαν
3673 2650 3773 2717 τῆς
3815 2651 3872 2700 ἐν
3903 2653 3973 2718 τῇ

2417 2741 2674 2810 μετανοίᾳ
2702 2741 3060 2811 Θερμότητος·
3082 2741 3156 2803 ὼς
3175 2741 3240 2793 ἆν
3265 2740 3323 2804 ἐξ
3349 2740 3582 2810 ἀμελοῦς
3610 2741 3702 2793 καὶ
3725 2740 3974 2810 ῥᾳθύμου

2413 2832 2637 2901 ⁴γνώμης
2684 2832 2948 2899 μηδέποτε
2986 2831 3179 2901 μηδενὶ
3232 2831 3458 2905 τοιούτῳ
3516 2833 3820 2903 περιπέσῃ·
3853 2831 3974 2883 ἀλλ’

2414 2922 2554 2975 οὕτω
2583 2923 2681 2991 μὲν
2710 2925 2758 2974 εί
2785 2925 2917 2992 πρὸς
2948 2924 3044 2992 τὴν
3067 2923 3283 2990 ἄγνοιαν
3308 2923 3602 2992 μεταφέρει
3631 2922 3691 2974 τὸ
3721 2922 3978 2992 ἁμάρτη-

2419 3027 2522 3079 μα*
2554 3012 2603 3063 εί
2648 3011 2705 3063 δὲ
2740 3011 2838 3081 τὴν
2866 3010 3120 3081 βούλησιν
3162 3010 3272 3064 τῶν
3327 3011 3578 3080 πατέρων
3615 3010 3973 3077 ἐξηπίστατο,

2415 3103 2509 3154 καὶ
2536 3103 2611 3166 ὡς
2649 3103 3020 3172 ἀπηρέσκοντο
3046 3105 3112 3174 τῇ
3154 3102 3415 3173 συναφείᾳ
3434 3119 3491 3154 τε
3521 3104 3613 3156 καὶ
3661 3102 3974 3171 συμφωνίᾳ,

2415 3192 2699 3247 καὶταῦτα
2728 3193 2904 3258 εἰδὼς,
2942 3193 3190 3263 ὑπερεῖδε
3221 3194 3320 3263 μὲν
3366 3194 3457 3245 τὸν
3505 3193 3729 3261 φυσικὸν
3785 3194 3975 3260 νόμον,

2417 3285 2665 3352 ὑπερεῖδε
2693 3284 2749 3336 δὲ
2779 3286 2870 3336 καὶ
2901 3284 2992 3336 τὸν
3014 3285 3376 3353 πνευματικὸν
3402 3285 3678 3354 (ἑκάτερος
3707 3284 3816 3354 γάρ
3845 3286 3980 3338 ἀκυ-

2421 3394 2512 3446 ρον
2541 3377 2829 3443 ἀποφαίνει
2871 3377 2970 3446 τὴν
2997 3377 3302 3444 συνάφειαν,
3336 3377 3443 3430 τῶν
3471 3377 3736 3429 τεκόντων
3781 3377 3843 3428 οὑ
3875 3394 3976 3445 φε-

2419 3470 2619 3539 ρόντων
2646 3469 2743 3537 τὴν
2765 3470 3156 3538 ἐπιτρέπουσαν
3171 3468 3390 3538 ψῆφον),
3418 3472 3445 3521 6
3464 3469 3697 3531 τοιοῦτος
3723 3469 3981 3531 ὑπόδικος

2419 3562 2576 3613 έστω.
2613 3561 2675 3612 El
2705 3561 2761 3612 δέ
2788 3561 2894 3631 ἄρα
2926 3561 3117 3630 μακρῷ
3165 3562 3358 3629 χρόνῳ,
3399 3561 3496 3629 τῆς
3522 3562 3701 3630 γάμου
3745 3566 3981 3630 νομικῆς

2418 3654 2631 3723 ἡλικίας
2657 3655 2764 3707 τῶν
2789 3654 2993 3706 παίδων
3019 3655 3326 3723 ἐπιτηδείας
3365 3654 3549 3724 οὔσης,
3596 3655 3980 3724 ὑπερετίϐεντο

2420 3744 2469 3794 oi
2498 3746 2694 3811 γονεῖς,
2731 3746 2823 3797 καὶ
2853 3744 2949 3814 τὴν
2971 3746 3216 3814 ἀνάγκην
3243 3746 3398 3798 αὐτοὶ
3437 3745 3738 3816 παρέσχον,
3777 3749 3870 3798 καὶ
3903 3747 3981 3816 μὴ

2421 3832 2757 3904 βουλομένων
2781 3836 2981 3896 αὑτῶν,
3005 3835 3177 3887 ἐλθεῖν
3197 3837 3322 3898 τοὺς
3348 3837 3540 3898 παῖδας
3558 3838 3636 3897 είς
3655 3837 3977 3903 συνάφειαν,

2419 3926 2716 3996 τηνικαῦτα
2745 3928 2835 3978 καὶ
2857 3927 2946 3980 τὸν
2972 3927 3209 3980 τοιοῦτον
3246 3928 3421 3996 γάμον
3465 3931 3493 3980 6
3527 3929 3686 3997 νόμος
3714 3932 3813 3980 οὐκ
3845 3932 3982 3982 ἄκυ-

2425 4037 2514 4088 ρον
2545 4019 2743 4088 τίθησι,
2775 4019 2869 4070 καὶ
2901 4021 2927 4070 6
2950 4021 3126 4087 ἱερεὺς
3159 4018 3348 4087 παρὼν
3378 4021 3467 4070 καὶ
3492 4020 3728 4085 ἁγιάζων
3753 4020 3842 4070 τὸν
3872 4021 3980 4087 γά-
4035 4029 4039 4032 ’

2425 4127 2522 4179 μον
2571 4111 2825 4179 οὐδεμιᾶς
2871 4109 3051 4172 αίτίας
3105 4112 3252 4162 ἐστὶν
3314 4111 3527 4180 ἔνοχος·
3565 4112 3830 4180 λαμϐάνει
3866 4114 3922 4164 δὲ
3952 4116 3982 4166 6

2419 4202 2655 4264 τοιοῦτος
2673 4202 2845 4270 γάμος
2872 4203 2930 4255 τὸ
2960 4203 3145 4272 κῦρος,
3175 4203 3360 4272 κριτοῦ
3385 4204 3482 4274 τὴν
3507 4203 3759 4257 ὑπόθεσιν
3785 4207 3981 4274 ἐπιτη-

2425 4294 2661 4363 ροῦντος,
2708 4295 2801 4346 καὶ
2845 4294 2942 4363 τῆς
2991 4294 3099 4345 τῶν
3146 4295 3411 4346 τεκόντων
3458 4296 3814 4364 κακουργίας,
3869 4298 3982 4348 τῶν

2422 4387 2627 4440 παίδων
2652 4387 2751 4455 τὴν
2778 4386 3002 4454 φύλαξίν
3032 4403 3089 4438 τε
3121 4389 3214 4438 καὶ
3243 4388 3462 4455 ἔννομον
3493 4386 3707 4456 θέλησιν
3746 4388 3982 4457 ἐπίπρο-

2425 4482 2548 4532 σθεν
2573 4480 2916 4548 ποιουμένου,
2961 4478 3126 4532 Ἀλλὰ
3168 4478 3294 4547 περὶ
3343 4479 3439 4548 μὲν
3471 4478 3562 4531 τοῦ
3611 4478 3982 4550 πρεσϐυτέρου

2423 4572 2591 4624 ταῦτα
2619 4571 2682 4622 τὸ
2709 4572 2916 4623 δίκαιον
2941 4569 3288 4640 ὑπαγορεύει.
3321 4571 3442 4623 Οὐδ’
3464 4573 3491 4622 6
3525 4570 3776 4641 δεύτερος
3801 4573 3858 4624 δέ
3883 4572 3983 4640 τὴν

777 4676 956 4737 fuerit,
1008 4675 1302 4742 nullojure
1340 4673 1509 4742 culpa:
1550 4682 1781 4725 tenetur.
1827 4670 2117 4725 Przesentia
2172 4673 2317 4724 enim
2352 4647 2386 4706 Π

2427 4662 2615 4729 σκέψιν
2643 4661 2817 4729 ἁπλῆν
2849 4660 3146 4725 ἐπιδέξεταπι
3165 4676 3179 4689 ο
3203 4659 3318 4712 ἀλλ’
3343 4663 3390 4712 εί
3423 4660 3521 4730 μὲν
3548 4661 3732 4727 ἠγνόει
3765 4662 3823 4712 τὸ
3854 4663 3984 4730 πρό-

778 4775 1058 4834 parentum
1109 4765 1160 4817 in
1215 4765 1419 4833 nuptiis
1468 4779 1714 4832 magnum
1764 4775 2094 4816 momentum
2129 4764 2198 4816 illi
2252 4765 2319 4818 ad

776 4856 1171 4909 absolutionem
1224 4855 1506 4923 impendit,
1548 4854 1637 4922 qui
1671 4853 1790 4906 ideo
1831 4853 1897 4906 ad
1950 4862 2320 4907 anteactorum

778 4945 1181 5015 inquisitionem
1213 4961 1318 4999 non
1342 4947 1506 5010 venit,
1535 4945 1674 5014 quod
1703 4944 1984 5012 praesentia
2016 4956 2320 5012 parentum,

776 5054 836 5091 ea
871 5040 934 5091 ad
969 5053 1194 5091 examen
1225 5038 1462 5090 revocari
1499 5053 1605 5089 non
1635 5036 1817 5089 ferret.
1846 5036 2000 5100 Quod
2030 5036 2074 5088 si
2107 5035 2306 5090 factum

776 5129 1105 5198 eonjugium,
1138 5139 1193 5181 et
1244 5138 1479 5181 secutam
1511 5128 1754 5197 copulam
1795 5127 2062 5179 carnalem
2091 5127 2324 5191 noverit,

775 5223 1028 5289 quoniam
1054 5222 1200 5289 quasi
1233 5237 1297 5274 ex
1328 5222 1664 5283 necessitate,
1706 5235 1812 5272 non
1844 5229 1967 5271 sunt
1993 5218 2045 5270 in
2075 5220 2323 5272 emlibatu

776 5314 1088 5366 continendi
1121 5315 1208 5381 qui
1243 5330 1269 5365 a
1316 5314 1476 5380 priori
1514 5312 1763 5382 coniugio
1810 5311 2192 5375 discesserunt,
2221 5313 2324 5364 'sed

779 5406 1014 5471 legitimo
1039 5406 1289 5472 conjugio
1321 5405 1608 5466 vinciendi,
1648 5419 1714 5456 ne
1741 5404 1791 5455 in
1822 5403 2174 5456 fornicatione
2203 5418 2320 5455 ver-

778 5505 984 5552 sentur,
1020 5511 1124 5547 non
1155 5496 1368 5564 quidem
1411 5496 1474 5547 ad
1529 5496 1684 5547 finem
1723 5494 1993 5547 arcebitur
2047 5509 2324 5546 sacrorum

778 5586 1065 5650 prtrnidalu
1097 5587 1186 5654 qui
1221 5587 1438 5649 nuptias
1465 5587 1823 5646 consecravit,
1857 5585 1950 5637 sed
1998 5584 2323 5637 moderatio-

781 5692 866 5728 res
906 5680 1160 5743 quasdam
1207 5694 1394 5746 pinnas
1431 5677 1650 5731 subibit.
1715 5676 1929 5730 Scilicet
1990 5676 2153 5744 quod,
2199 5691 2321 5727 eum

783 5768 949 5820 factas
980 5779 1101 5822 ante
1137 5770 1350 5837 nuptias
1387 5769 1729 5823 manifestum
1759 5776 1924 5832 esset,
1953 5783 2071 5835 qua:
2101 5767 2318 5835 quidem

2421 4770 2573 4822 τερον
2608 4751 2954 4815 συνοικέσιον,
3008 4751 3264 4820 οὐδεμίαν
3319 4750 3498 4820 ἔνοχός
3546 4754 3658 4802 ἐστι
3690 4752 3846 4819 δίκην
3881 4754 3984 4804 ὑπ-

2421 4845 2590 4913 έχειν·
2614 4843 2720 4894 τῶν
2759 4842 2866 4912 γὰρ
2893 4845 3156 4894 τεκόντων
3180 4842 3460 4911 παρόντων
3487 4845 3598 4904 τοῖς
3637 4845 3982 4911 συναπτομέ-

2421 4952 2550 4998 νοις,
2575 4935 2740 5001 πολλὴ
2782 4934 2919 5002 ῥοπὴ
2975 4934 3272 4995 άοωώσεως
3299 4933 3622 5003 βραόεὑεται
3663 4933 3856 5002 τούτῳ,
3884 4934 3981 4986 τοῦ

2424 5027 2497 5095 μὴ
2530 5027 2664 5095 πρὸς
2694 5026 2914 5096 ἔρευναν
2937 5026 3042 5076 τῶν
3075 5027 3481 5093 προγεγονότων
3511 5026 3867 5094 καταστῆναι,
3887 5027 3982 5079 καὶ

2423 5118 2720 5184 λογοθετεῖν
2771 5117 2806 5169 ἃ
2852 5116 3187 5186 ήπαρουσία
3232 5117 3338 5169 τῶν
3359 5118 3626 5170 τεκόντων
3669 5117 3978 5185 λογοθετεῖν

2421 5210 2520 5261 οὑκ
2575 5209 2763 5262 ἐδίδου.
2817 5209 2962 5261 Είδέ
2989 5209 3103 5278 ᾔδει
3146 5209 3242 5278 μὲν
3301 5201 3780 5280 προγεγενημένην
3849 5229 3979 5264 συν-

2423 5302 2637 5368 αφείαν,
2660 5303 2750 5353 καὶ
2770 5303 3136 5371 ὅτισαρκικῶς
3157 5303 3435 5372 ὡμίλησαν
3449 5303 3718 5373 ἀλλήλοις,
3742 5305 3860 5356 ἐπεὶ
3881 5305 3982 5374 οὑχ

2423 5389 2533 5444 οἷον
2560 5394 2619 5444 τέ
2651 5395 2764 5444 ἐστι
2799 5393 3120 5455 διαστάντας
3149 5394 3246 5463 τῆς
3285 5397 3550 5465 προτέρας
3583 5396 3864 5462 συζυγίας,
3921 5399 3980 5461 ἐξ

2424 5486 2664 5553 ἀνάγκης
2697 5484 2838 5545 τινὸς
2867 5485 3112 5551 ἀγάμους
3165 5485 3434 5553 κατέχειν,
3490 5485 3601 5536 ἀλλ’
3631 5488 3664 5554 ἢ
3701 5488 3979 5557 πορνείαις

2423 5573 2941 5642 ἐκδιαιτηθήσον-ται,
2974 5574 3007 5640 ἢ
3032 5573 3244 5642 νομίμῳ
3271 5575 3433 5642 γάμῳ
3471 5573 3786 5641 δοθήσονται
3809 5590 3824 5604 ·
3886 5592 3977 5626 τε-

2422 5666 2579 5726 λείως
2615 5667 2712 5734 μέν
2744 5666 2772 5714 6
2802 5666 3037 5732 ἁγιάσας
3071 5666 3160 5717 τὸν
3193 5665 3368 5734 γάμον
3397 5666 3456 5716 οὑ
3496 5665 3833 5718 πεπαύσεται
3883 5665 3982 5733 τῆς

2424 5763 2724 5833 ίεραρχίας,
2761 5763 3056 5830 ἐπιτιμίοις
3088 5761 3144 5815 δέ
3177 5779 3284 5815 τισι
3325 5762 3706 5832 μετριωτέροις
3750 5761 3983 5832 ὑποῦλη-
