4248 6444
281 438 383 501 793

1422 441 1960 503 EPISTOLARUM
1997 441 2225 501 LIBER
2265 441 2314 502 Ι.

3385 439 3492 504 794

280 550 503 618 θήσεται
525 566 537 581 ·
566 550 644 601 ὅτι
665 552 718 602 δὲ
746 552 842 620 τῆς
866 554 1339 622 προγεγενημένης
1363 560 1653 623 συναφείας
1682 572 1835 624 περι·
1867 568 1905 613 Α
1938 552 1957 606 f

1812 584 1835 592 -
1867 568 1905 613 Α
1938 552 2315 606 fornicationis
2352 550 2553 604 crimcn
2608 550 2836 603 evadere
2878 564 2983 603 non
3025 560 3270 617 possunt,
3316 566 3484 606 ausus

288 643 619 709 ρανεστάτης
647 643 969 711 γενομένης,
1001 645 1058 695 τὸ
1089 644 1143 696 δὲ
1174 648 1269 714 τῆς
1301 646 1554 714 πορνείας
1584 645 1831 714 ἔγκλημα

282 733 358 800 μὴ
384 733 799 803 διαφευγούσης,
827 737 1121 802 ἐτόλμησεν
1142 734 1314 798 οὗτος,
1331 738 1454 802 τοὺς
1476 739 1566 787 ἐπὶ
1583 738 1833 806 προδήλῳ

278 824 379 892 τῆς
416 826 687 895 ἁμαρτίας
720 828 1021 895 ἐγκλήματι
1051 830 1296 890 ἁλόντας,
1328 830 1403 891 ὡς
1438 830 1711 899 καθαροὺς
1742 830 1835 881 καὶ

279 916 623 983 ἀμέμπτους,
647 919 741 985 τῆς
771 920 1047 987 ἱερατικῆς
1073 921 1299 983 ἀξιῶσαι
1323 922 1585 987 εὐλογίας,
1610 923 1700 973 καὶ
1723 923 1835 984 τοῖς

283 1006 391 1055 τῶν
421 1008 702 1075 παρθένων
735 1012 1035 1076 στεφάνοις,
1066 1012 1192 1073 τοὺς
1240 1011 1444 1079 ταύτην
1492 1012 1676 1072 κακῶς
1712 1015 1835 1065 ἁπο-

288 1094 544 1163 οεμένους
579 1100 869 1167 κοσμῆσαι.
930 1099 988 1151 El
1029 1100 1208 1168 μέντοι
1256 1101 1471 1170 εὐδοκία
1502 1102 1608 1154 τῶν
1639 1103 1836 1167 γονέων

286 1188 315 1238 ὁ
332 1189 543 1255 πρῶτος
572 1190 743 1257 γάμος
767 1191 1001 1257 ἐγένετο,
1028 1188 1142 1243 εἶτα
1171 1194 1214 1243 δ’
1234 1192 1464 1259 ἔστησαν
1492 1194 1834 1261 παραλόγως,

283 1278 313 1326 ὀ
348 1279 443 1344 μὲν
476 1279 685 1344 πρῶτος
712 1282 1078 1350 πρεσϐύτερος
1108 1284 1383 1346 παντελῶς
1412 1284 1472 1336 τὸ
1517 1284 1840 1353 ἡϐωωμένον

286 1365 398 1430 ’ἐξει
420 1383 433 1397 ·
468 1370 496 1420 ὁ
528 1369 795 1441 δεύτερος,
851 1373 960 1423 εἴτε
1021 1374 1275 1441 παρῆσαν
1304 1376 1351 1425 oi
1374 1377 1569 1440 γονεῖς,
1608 1375 1715 1425 εἴτε
1742 1377 1838 1443 μὴ,

289 1460 694 1529 ζημιωθήσεται
748 1465 847 1532 τὴν
903 1464 1219 1533 ἱερωσύνην.
1287 1466 1590 1533 Ἐκθεσμον
1616 1467 1719 1534 γὰρ
1750 1468 1843 1517 καὶ

288 1550 602 1617 παράνομον
634 1551 947 1619 συνάφειαν,
975 1552 1098 1606 οὕτε
1132 1554 1409 1615 σύννευσις
1449 1556 1540 1605 καὶ
1575 1557 1842 1623 παρουσία

289 1641 561 1709 πατέρων,
627 1641 749 1694 οὔτε
811 1644 1088 1706 ἁνάνευσις
1142 1646 1233 1696 καὶ
1274 1646 1527 1705 ἁπειυσὲα,
1587 1645 1845 1713 εὗρε-[οὖν

287 1723 536 1776 ἀθώωσιν
566 1727 660 1795 τῆς
681 1726 1030 1796 βεὸηλώσεως
1055 1732 1152 1782 οὐκ
1177 1731 1242 1783 ἂν
1267 1734 1598 1802 μεταστήσῃ.

889 1824 1108 1875 ΕΠΙΣΤ.
1138 1826 1258 1877 ΚΔ¹.

294 1908 378 1973 Τῷ
430 1913 881 1979 θεοφιλεστάτῳ.
937 1915 1264 1981 ὀσιωτάτῳ,
1314 1915 1595 1983 Ιερωτάτῳ
1654 1919 1848 1986 ἀρχιε-

352 2002 455 2068 ρεῖ
479 2002 716 2071 ἀδελφῷ
746 2006 843 2058 καὶ
876 2006 1340 2074 συλλειτουργῷ,
1387 2008 1465 2072 τῷ
1512 2013 1845 2077 θαυμασιω-

354 2092 511 2158 τάτῳ
553 2098 649 2147 καὶ
696 2099 1039 2164 περιωνύμῳ
1082 2097 1528 2166 ἀρχιεπισκόπῳ
1584 2102 1681 2153 καὶ
1730 2120 1845 2169 μη-

359 2189 680 2255 τροπολίτῃ
770 2190 1119 2253 Ἀκυλείας,
1203 2190 1420 2255 Φώτιος
1490 2193 1637 2254 ἐλέῳ
1700 2196 1845 2248 Θεοῦ

352 2276 819 2344 ἀρχιεπίσκοπος
841 2283 1522 2348 Κωνσταντινουπόλεως
1540 2284 1679 2350 νέας
1714 2286 1846 2339 Ῥώ-

350 2387 471 2436 μης
501 2371 593 2422 καὶ
625 2375 1029 2439 οὶκουμενικός
1059 2374 1156 2443 (Ι).

1934 644 1999 696 sit
2047 658 2140 695 eos
2183 643 2272 711 qui
2326 643 2566 711 flagranti
2612 643 2818 710 peccati
2865 643 3091 696 crimine
3142 645 3493 711 tenebantur,

1946 742 2198 800 tanquam
2231 747 2395 799 puros
2441 741 2493 784 et
2522 733 2845 800 inculpatos,
2897 733 3215 787 sacerdotali
3261 738 3488 791 benedi—

1934 822 2080 875 tione
2113 821 2340 889 dignari,
2370 831 2424 874 et
2454 823 2775 890 virginitatis
2824 824 3059 886 coronis,
3088 840 3181 877 eos
3208 825 3299 892 qui
3325 826 3493 894 ipsam

1936 910 2074 963 male
2096 910 2457 977 deposuerant
2498 926 2709 965 ornare.
2743 912 2896 975 Quod
2929 911 2971 965 si
3003 912 3151 980 prius
3187 914 3493 983 conjugium

1937 1016 1999 1053 ex
2050 1015 2275 1052 assensu
2319 1009 2598 1067 parentum
2655 1001 2999 1069 processerit,
3059 1017 3088 1053 a
3137 1020 3243 1070 quo
3276 1004 3493 1067 deinde,

1937 1101 2133 1161 prieter
2167 1093 2451 1153 rationem,
2488 1092 2857 1156 discesserint,
2918 1093 3068 1161 prior
3106 1094 3321 1161 quidem
3371 1110 3497 1162 prc-

1940 1182 2121 1251 sbyter
2156 1182 2329 1235 omnis
2356 1183 2527 1250 culpse
2565 1184 2901 1242 absolvatur:
2935 1185 3226 1246 secundus,
3264 1187 3377 1239 sive
3414 1188 3497 1239 in-

1946 1272 2230 1326 terfuerint
2263 1284 2531 1341 parentes,
2588 1276 2701 1327 sive
2738 1291 2869 1338 non,
2919 1277 3221 1330 sacerdmio
3269 1278 3501 1330 excidet.

1940 1362 2072 1417 Nam
2106 1364 2339 1417 alienum
2369 1381 2398 1418 a
2448 1366 2657 1434 legibus
2692 1367 2864 1420 sacris
2918 1369 3249 1437 conjugium,
3286 1384 3385 1421 nec
3412 1370 3506 1420 ab—

1943 1456 2113 1505 sentia
2147 1463 2197 1506 et
2230 1453 2508 1509 dissensus
2548 1466 2834 1523 parentum
2868 1456 3017 1519 facit,
3070 1474 3172 1511 nec
3209 1459 3499 1526 praesentia

1943 1550 1999 1595 et
2052 1558 2330 1608 assensus,
2369 1554 2460 1598 aut
2522 1549 2665 1615 quod
2721 1546 3062 1616 profanatum
3107 1558 3190 1602 est
3229 1549 3504 1602 sanctitati

1944 1634 2199 1685 restituit.

2493 1833 2706 1887 EPIST.
2758 1835 2952 1891 XXIV.

1948 1929 2054 1980 Deo
2103 1930 2403 1983 charissima
2429 1971 2442 1991 .
2477 1934 2806 1985 sanctissimo
2829 1975 2843 1997 ,
2896 1937 3252 1988 sacratissimo
3295 1936 3506 2000 pra'suli

2013 2022 2166 2087 fratri
2196 2034 2241 2075 et
2265 2026 2633 2085 comministro,
2659 2028 2798 2077 omni
2828 2026 3179 2079 admiratione
3204 2028 3505 2095 dignissimo

2016 2114 2261 2182 famaque
2307 2116 2596 2168 clarissimo
2646 2119 3026 2185 archiepiscopo
3073 2129 3119 2171 et
3168 2118 3507 2184 metropolita!

2012 2207 2281 2273 Aquileia',
2332 2208 2544 2260 Photias
2595 2208 2687 2259 Dci
2726 2210 3055 2261 miseratione
3094 2210 3506 2278 archiepiscopus

2015 2300 2487 2367 Constantinopolis
2518 2316 2659 2352 nova'
2696 2299 2870 2353 Romw
2898 2311 2943 2353 et
2968 2302 3330 2357 wcumcnicus.

778 2465 916 2519 Edita
938 2482 963 2515 a
986 2469 1273 2519 Combetisio
1311 2470 1468 2531 (Auct.
1497 2471 1715 2531 Noviss.,
1740 2488 1785 2535 p.
1819 2476 1928 2537 527,
1951 2484 2003 2526 et
2030 2479 2194 2539 .lager,
2233 2475 2442 2526 Histoire
2467 2476 2528 2526 de
2554 2475 2771 2531 Photius.
2799 2492 2845 2538 p.
2872 2478 3000 2537 452).

357 2552 432 2605 Α’.
453 2553 524 2605 Τὸ
550 2554 645 2623 μὲν
672 2556 769 2625 τῆς
792 2556 921 2625 παρ’
950 2558 1101 2626 ὑμῶν
1123 2560 1519 2628 μακαριότητος
1548 2562 1843 2632 ἀφιγμένον

283 2644 520 2713 γράμμα
552 2645 714 2713 ἡμῖν,
750 2646 939 2715 πρῶτα
974 2649 1070 2717 μὲν
1094 2650 1491 2718 ἐχαρακτήριζε
1523 2650 1618 2721 τὴν
1644 2652 1844 2721 ταύτης

287 2738 432 2789 κατὰ
460 2735 589 2789 Θεὸν
625 2736 849 2807 γνώμην
868 2779 883 2803 ,
916 2741 1008 2790 καὶ
1035 2739 1095 2790 τὸ
1124 2740 1343 2809 φίλτρον
1372 2739 1464 2793 τοῦ
1497 2742 1803 2810 πνεύματος
1826 2783 1842 2807 ,

287 2827 365 2888 ὡς
390 2828 531 2897 μέγα
553 2845 609 2879 τε
633 2829 716 2897 εἴη
740 2832 831 2880 καὶ
853 2830 1072 2899 ὑψηλδν,
1095 2830 1187 2881 καὶ
1212 2831 1720 2899 ὑπερανῳκισμένον
1746 2834 1845 2900 τῆς

287 2921 398 2972 τῶν
437 2920 645 2973 πολλῶν
692 2924 1101 2984 καταστάσεως
1154 2922 1341 2975 ἔπειτα
1384 2922 1439 2976 δὲ
1487 2924 1580 2977 καὶ
1614 2923 1669 2988 ὃς
1715 2926 1845 2978 αὐτὸ

288 3013 681 3080 ἑνεκεχείριστο
714 3014 904 3064 τούτου
936 3013 1031 3064 τοῦ
1069 3014 1211 3083 ἱεροῦ
1249 3015 1438 3084 ἀνδρὸς
1467 3016 1566 3085 τήν
1594 3033 1653 3068 τε
1681 3017 1846 3083 ἄλλην

291 3103 490 3170 ἀρετὴν
516 3106 608 3155 καὶ
653 3105 863 3156 σύνεσιν
886 3144 901 3165 ,
932 3105 1025 3156 καὶ
1052 3104 1113 3157 τὸ
1148 3104 1289 3157 κατὰ
1328 3105 1565 3157 διάνοιαν
1594 3106 1848 3169 εὐσταθὲς

292 3209 353 3245 τι
382 3195 475 3245 καὶ
495 3195 840 3264 δραστήριον·
870 3194 935 3245 δι’
961 3188 1035 3247 ὧν
1060 3194 1135 3256 ὡς
1158 3194 1225 3246 δι’
1246 3196 1511 3265 ἐσόπτρου
1540 3195 1637 3264 τὴν
1664 3197 1850 3265 ὑμετέ-

296 3301 397 3352 ραν
426 3285 575 3354 ἱερὰν
602 3286 691 3337 καὶ
727 3284 1043 3352 θεοτίμητον
1072 3283 1346 3351 ὁσιότητα,
1380 3284 1478 3335 ὅσα
1505 3284 1566 3335 τὸ
1591 3285 1845 3352 γράμμα,

2015 2568 2052 2619 Ι.
2096 2566 2223 2631 Qua:
2255 2566 2317 2620 ad
2354 2581 2453 2618 nos
2481 2576 2745 2619 venerunt
2773 2566 3122 2621 beatitudinis
3146 2576 3335 2620 vestrt'e
3364 2566 3510 2621 litte-

1942 2670 2033 2715 ηιξ,
2069 2656 2302 2723 primum
2332 2654 2545 2722 quidem
2597 2654 2715 2722 ejus
2761 2656 3004 2726 religiosa
3040 2656 3237 2725 pietate
3267 2665 3507 2710 mentem

1941 2758 2087 2799 certa
2132 2747 2277 2798 velut
2330 2755 2455 2799 nota
2510 2747 2891 2816 obsignabant.
2932 2748 3259 2816 spiritusque
3310 2749 3508 2801 amoris

1946 2831 2079 2893 vim,
2134 2844 2293 2896 quam
2332 2844 2521 2899 magna
2554 2830 2622 2882 sit
2649 2839 2701 2881 et
2732 2831 2962 2892 excelsa,
2985 2841 3039 2883 et
3072 2831 3362 2899 vulgarium
3409 2831 3511 2883 ho—

1946 2920 2151 2974 minum
2201 2920 2565 2974 conditionem
2620 2931 2859 2989 superet,
2902 2922 3248 2975 exhibebant.
3307 2921 3510 2976 Deinde

1948 3027 2075 3064 vero
2102 3010 2289 3073 etiam,
2320 3013 2404 3065 cui
2444 3012 2547 3065 illae
2590 3013 2810 3066 creditae
2840 3023 3012 3075 erant.
3042 3015 3179 3067 sacri
3212 3014 3369 3081 hujus
3410 3013 3511 3067 viri

1947 3119 2067 3157 cum
2108 3105 2342 3171 reliquas
2376 3103 2603 3157 virtutes
2638 3120 2699 3157 ac
2742 3104 3082 3171 prudentiam
3110 3144 3125 3167 ,
3158 3112 3269 3157 tum
3313 3103 3512 3159 mentis

1947 3196 2304 3249 constantiam
2361 3210 2423 3247 ac
2456 3195 2751 3259 solertiam,
2781 3210 2877 3263 per
2909 3212 3047 3263 quae,
3077 3204 3135 3248 ut
3165 3211 3261 3263 per
3314 3210 3513 3263 specu~

1948 3286 2081 3348 lum,
2134 3299 2341 3338 sacram
2372 3294 2603 3337 vestram
2653 3285 2866 3353 Deoque
2911 3286 3272 3339 venerabilem
3320 3286 3514 3339 sancti-

292 3371 382 3428 οἷα
408 3376 469 3445 δὴ
501 3378 731 3447 γράμμα
752 3417 764 3438 ,
797 3377 1127 3445 παρέτρεχε,
1172 3374 1410 3445 καθορᾷν
1456 3378 1715 3444 παρεῖχεν
1745 3377 1842 3443 ὲμ-
1873 3365 1914 3421 C
1952 3387 1969 3429 t

1832 3365 1914 3421 -C
1952 3387 2131 3438 tatem,
2186 3393 2518 3445 quzecunque
2579 3378 2705 3445 ipsa:
2772 3380 2964 3431 littera:
3020 3379 3240 3447 (quippe
3295 3377 3509 3447 littera)

298 3469 621 3538 φανέστερόν
650 3486 708 3520 τε
740 3470 831 3521 καὶ⁵
865 3468 1186 3535 τελεώτερον
1207 3482 1223 3498 ο
1257 3468 1350 3518 καὶ
1382 3467 1474 3518 ἐπὶ
1508 3469 1619 3527 τοῖς
1647 3466 1847 3535 ταύτης

299 3560 714 3628 κατορθώμασιν
750 3560 971 3628 ἥδεσθαι
1005 3561 1096 3612 καὶ
1121 3558 1577 3628 κατατέρπεσθαι.
1609 3561 1717 3611 Καὶ
1738 3560 1846 3626 γὰρ

298 3648 507 3718 εἴδομεν
532 3650 697 3720 ἄνδρα
729 3652 934 3702 συνέσει
969 3649 1065 3718 μὲν
1097 3649 1293 3717 μᾶλλον
1320 3649 1351 3717 ἦ
1381 3652 1447 3718 τῇ
1471 3649 1629 3716 πολιᾷ
1651 3665 1847 3715 σεμνυ-

1951 3470 2109 3519 missa
2161 3468 2464 3531 faciebant;
2518 3468 2715 3522 clarius
2761 3469 3159 3538 perfectiusque
3207 3469 3509 3539 pervidere,

1948 3560 2224 3628 ipsiusque
2257 3561 2515 3612 virtutum
2547 3561 2917 3628 magnitudine
2948 3562 3222 3623 delectari,
3255 3562 3512 3615 nimium-

1946 3666 2050 3717 que
2092 3651 2342 3720 gauderc,
2396 3653 2704 3719 prmstabat.
2752 3649 2998 3705 Vidimus
3045 3652 3188 3704 enim
3238 3652 3513 3706 hominem

1782 3788 2009 3842 NOTxE.

373 3882 446 3943 (l)
488 3881 665 3933 Edidit
722 3881 1012 3939 liaronius.
1043 3897 1184 3934 anno
1224 3881 1326 3934 883
1349 3921 1361 3941 ,
1389 3895 1452 3931 ex
1499 3878 1841 3932 Vallicellana

296 3949 635 4010 Bibliotheca,
666 3951 921 4003 Fetlerico
950 3949 1105 4003 Μειῑο
1135 3952 1425 4018 interprete
1459 3968 1470 4001 :
1504 3950 1555 4001 in
1583 3965 1685 4015 qua
1724 3952 1843 4001 red-

302 4024 477 4075 denda
518 4031 703 4074 auctor
743 4030 825 4074 est
871 4020 1180 4089 diligentem
1225 4035 1442 4087 cperam
1493 4019 1843 4073 adhibuisse:

304 4093 524 4160 ipseque
557 4107 765 4144 veneno
811 4106 1042 4159 aspersa:
1079 4091 1339 4158 epistolae,
1378 4092 1603 4143 solerter
1626 4104 1692 4160 ac
1724 4105 1849 4142 eru-

302 4162 413 4213 dite
445 4159 780 4213 antidotum
840 4163 1077 4227 paravit;
1127 4161 1419 4214 ostendens
1462 4175 1621 4227 quam
1677 4159 1848 4212 iutilia

304 4231 503 4293 Photii,
541 4231 733 4297 quibus
767 4231 853 4283 hic
878 4231 1185 4297 juveniliter
1218 4230 1477 4289 exsultat,
1513 4240 1844 4297 argumenta.

304 4300 449 4353 Nihil
479 4316 605 4369 ergo
636 4315 855 4353 necesse
890 4309 1152 4368 repetere,
1186 4300 1299 4351 viro
1329 4300 1485 4369 docto
1507 4300 1710 4369 melius
1761 4314 1851 4369 oc-

304 4381 518 4437 cupata.
552 4368 767 4429 Graeca,
812 4384 932 4421 cum
993 4370 1366 4422 desiderentur
1412 4368 1847 4437 inmeritacuitio,

303 4436 529 4507 aliisque
564 4439 735 4491 Photii
772 4438 1013 4505 epistolis
1044 4439 1232 4502 editis,
1277 4439 1407 4491 libet
1436 4436 1525 4489 hic
1555 4452 1852 4505 repraesen-

1940 3885 2208 3950 aspirante
2243 3899 2304 3936 ac
2332 3883 2797 3953 Christianissimo
2825 3900 2950 3953 rege
2995 3899 3222 3950 semper
3271 3881 3510 3947 Victore,

1943 3954 2084 4020 regia
2135 3953 2344 4020 Lupara
2390 3954 2639 4005 Historia:
2674 3952 2977 4021 Byzantina:
3032 3965 3168 4021 pene
3198 3959 3509 4007 necessario

1945 4024 2356 4089 supplemento.
2414 4038 2536 4075 cum
2595 4022 2774 4075 Leone
2840 4023 3066 4075 diacono
3129 4030 3181 4075 et
3241 4022 3508 4078 Michaelc

1947 4093 2122 4146 l’sello
2152 4094 2357 4157 regium
2388 4106 2512 4143 vere
2544 4093 2822 4158 multiplici
2845 4094 3010 4143 .titulu
3055 4102 3466 4145 monumentum
3490 4135 3505 4156 ,

1945 4163 2083 4230 juris
2117 4162 2315 4231 publici
2351 4163 2494 4229 regia
2543 4160 2912 4214 muniticentia
2944 4162 3139 4222 faciat;
3175 4177 3244 4213 ne
3278 4162 3376 4214 sibi
3418 4179 3512 4228 per

1952 4248 2129 4285 moras
2162 4233 2409 4292 Batavus,
2442 4240 2535 4282 aut
2558 4246 2688 4299 gens
2712 4231 2835 4289 alia,
2863 4245 2979 4282 eam
3012 4232 3233 4299 gloriam
3264 4231 3458 4298 rapiat.

2022 4302 2248 4359 Titulus.
2280 4310 2338 4352 ut
2374 4308 2728 4367 reprtesentat
2774 4299 3054 4362 Barouius,
3096 4301 3223 4367 quin
3254 4302 3323 4353 sit
3362 4302 3508 4353 anti-

1955 4372 2127 4438 quarii
2162 4387 2322 4422 manu
2351 4370 2613 4438 genioque
2641 4370 2926 4436 ascriptus,
2953 4370 3067 4421 sive
3092 4371 3254 4422 etiam
3289 4385 3317 4421 a
3348 4369 3507 4424 Metio

1954 4441 2024 4493 ita
2076 4440 2437 4508 compositus,
2501 4454 2608 4491 non
2663 4455 2690 4490 a
2759 4439 2946 4492 I'hotio
2995 4438 3362 4508 perscriptus,
3418 4455 3506 4493 res

305 4520 440 4573 tare,
478 4508 799 4579 meoipsius
820 4509 966 4579 gstylo
992 4508 1231 4579 reddita;
1270 4510 1562 4579 paucisque
1608 4508 1851 4579 quanng
1884 4526 1928 4579 ι)
1956 4511 2099 4563 clara
2122 4507 2242 4563 est:
2269 4525 2389 4561 cum
2432 4509 2565 4560 nihil
2596 4508 2898 4579 epistolaris
2936 4508 3117 4579 forma}.
3156 4507 3368 4571 habeat,
3402 4524 3509 4575 qua

304 4594 410 4646 que
457 4577 687 4633 sutlixis.
723 4577 917 4645 quibus
953 4592 1059 4629 non
1112 4577 1241 4630 satis
1276 4578 1404 4629 mihi
1430 4576 1664 4646 probata
1706 4576 1851 4628 Metii

308 4645 448 4715 (viri
496 4648 624 4700 alias
660 4647 839 4713 docti)
886 4647 1083 4699 versio.
1121 4646 1234 4699 Non
1269 4647 1398 4698 satis
1428 4645 1643 4715 videtur
1672 4646 1856 4697 haberi

308 4714 373 4769 ex
410 4718 507 4770 hac
536 4716 755 4782 epistola
788 4716 1184 4782 Aquileiensem
1221 4714 1684 4781 archiepiscopum
1717 4715 1853 4778 (etsi

313 4786 745 4845 Schismaticum,
783 4800 953 4853 eoque
982 4786 1200 4837 nomine
1232 4785 1420 4836 Photio
1448 4784 1667 4851 perinde
1699 4784 1857 4837 Schi-

310 4858 534 4909 smatico
575 4854 816 4916 charum,
853 4856 1121 4921 tantisque
1153 4870 1215 4907 ac
1256 4854 1478 4905 fumosis
1510 4853 1755 4905 laudibus
1788 4855 1855 4907 ab

311 4942 376 4978 eo
406 4926 754 4989 celebratum)
792 4926 842 4976 in
879 4927 978 4977 hoc
1008 4925 1173 4991 ipsius
1201 4939 1383 4975 errore
1419 4923 1603 4983 fuisse,
1634 4923 1700 4974 de
1734 4939 1856 4989 pro-

311 4996 558 5047 cessione
606 4992 841 5060 Spiritus
887 4995 1057 5046 sancti
1089 5010 1116 5045 a
1162 4994 1275 5045 solo
1313 4992 1468 5045 Patre
1497 5011 1510 5045 :
1542 4992 1676 5044 nihil
1709 5001 1854 5046 certe

311 5064 534 5116 Photius
563 5064 821 5130 ejusmodi
862 5063 1088 5127 indicat,
1124 5063 1216 5116 sed
1245 5061 1296 5114 in
1333 5077 1454 5113 eum
1489 5062 1701 5114 trahere
1737 5071 1855 5114 stu-

308 5134 400 5186 det
433 5134 544 5201 ipsa
592 5137 689 5185 hac
741 5134 985 5201 epistola,
1021 5148 1087 5185 ne
1120 5141 1265 5184 tanta
1300 5132 1467 5182 virtus
1499 5147 1563 5183 ex
1599 5132 1714 5197 ejus
1740 5133 1855 5199 epi-

310 5204 443 5256 stola
476 5218 537 5254 ac
562 5202 721 5271 legati
751 5219 975 5270 persona
998 5204 1048 5254 in
1078 5218 1140 5255 eo
1168 5201 1523 5271 deprehensa,
1550 5216 1731 5253 errore
1760 5204 1854 5251 ile—

314 5283 454 5325 tecto
490 5270 663 5325 Photii
693 5272 948 5325 doctrina:
975 5274 1119 5332 luce,
1158 5272 1411 5338 deinceps
1448 5270 1497 5321 in
1525 5285 1590 5322 eo
1618 5279 1850 5334 nutaret,

312 5358 433 5394 cum
471 5343 730 5395 hactenus
770 5358 832 5393 ex
885 5352 1141 5409 occupata
1172 5341 1422 5409 opinione
1448 5355 1510 5392 ac
1552 5341 1851 5406 ignorantia

313 5413 586 5465 videretur
615 5412 781 5464 venite
828 5408 1033 5478 aliquid
1073 5411 1343 5462 habuisse.
1378 5408 1500 5478 llaec
1527 5411 1652 5463 mihi
1678 5410 1852 5465 Pliotii

313 5497 501 5541 lllclls,
539 5496 707 5547 eoque
753 5477 971 5534 trahunt
1018 5482 1158 5533 illius
1192 5481 1371 5532 verba.
1420 5477 1623 5532 Tantus
1652 5480 1854 5532 scilicet

314 5550 549 5603 hominis
603 5551 769 5602 fastus
825 5566 888 5603 ac
930 5551 1219 5615 jactantia;
1270 5551 1417 5600 velut
1451 5565 1588 5601 unus
1619 5550 1732 5615 ipse
1773 5550 1851 5601 sol

312 5630 476 5680 esset,
522 5636 583 5672 ac
628 5620 843 5673 lucerna
896 5619 1239 5687 dispellendis
1279 5619 1556 5685 quibusvis
1608 5634 1852 5672 errorum

316 5690 551 5742 tenebris
579 5705 824 5743 accensa.
850 5689 978 5756 Ejus
1000 5690 1221 5742 techuas
1242 5688 1512 5753 malasque
1537 5697 1700 5751 artes,
1730 5704 1853 5741 cum

313 5758 401 5809 alii
433 5759 700 5826 prosecuti
728 5766 874 5817 sunt.
906 5758 1076 5813 Graeci
1109 5758 1339 5827 aaquales
1380 5766 1471 5827 aut
1502 5771 1687 5824 parum
1722 5774 1851 5825 sup—

314 5843 489 5895 pares,
522 5839 635 5885 tum
666 5844 817 5882 meus
844 5828 1156 5899 Logotheta,
1176 5826 1240 5883 εἰ
1266 5826 1479 5896 quando
1519 5842 1646 5895 pace
1679 5828 1853 5883 lenius

1956 4591 2144 4633 auctor
2174 4580 2406 4631 amicum
2452 4581 2745 4631 convenire
2775 4578 2912 4631 solet
2939 4588 2993 4630 et
3033 4578 3266 4629 salutare
3300 4596 3314 4631 :
3348 4592 3507 4631 secus

1954 4664 2113 4715 quem
2144 4649 2417 4700 meliorem
2450 4647 2815 4714 producimus.
2850 4646 2903 4699 in
2935 4662 3041 4714 quo
3074 4661 3338 4699 summam
3369 4647 3509 4715 adu-

1953 4714 2230 4777 lationem,
2261 4733 2323 4770 ex
2356 4716 2473 4783 ipso
2525 4718 2706 4768 limine
2726 4757 2739 4777 ,
2766 4716 2943 4781 prodit
2972 4716 3214 4775 Photius,
3239 4714 3508 4768 ostendit-

1953 4803 2077 4854 que,
2112 4797 2169 4840 ut
2202 4797 2257 4839 ct
2290 4788 2531 4853 sequenti
2553 4786 2794 4843 exordio,
2825 4800 2981 4853 quam
3018 4800 3082 4837 ea
3112 4794 3227 4854 arte
3262 4784 3507 4854 polleret,

1955 4853 2013 4907 ut
2045 4858 2177 4910 nihil
2205 4857 2398 4909 mirum
2423 4856 2569 4907 sitea
2598 4856 2901 4921 Obrepsisse
2933 4854 3164 4921 primum
3185 4853 3368 4904 Bartla'.
3390 4854 3508 4907 (Ia:-

1954 4928 2079 4986 sari,
2113 4939 2165 4979 et
2193 4942 2286 4990 per
2314 4941 2457 4983 eum,
2496 4924 2753 4993 lgnatium
2804 4925 2928 4976 sede
2957 4924 3504 4993 depulisse,_tumque

1954 4997 2146 5049 Basilio
2178 4994 2469 5051 Macedoni,
2504 4990 2562 5044 ut
2612 4994 2733 5046 licet
2781 5002 3019 5045 amotum
3042 5033 3054 5054 ,
3105 4992 3232 5043 dum
3266 4990 3506 5059 lgnatius

1955 5066 2177 5129 viveret,
2212 5067 2263 5117 in
2307 5063 2498 5131 palatio
2547 5070 2724 5114 tamen
2770 5061 3027 5129 deinceps
3061 5062 3263 5123 aleret,
3309 5061 3505 5114 libero--

1953 5150 2179 5202 rumque
2229 5149 2442 5187 suorum
2492 5132 2795 5185 educationi
2855 5135 3156 5202 praeﬁceret
3180 5145 3242 5181 ac
3270 5143 3335 5202 eo
3372 5144 3503 5183 con-

1952 5200 2239 5267 summato,
2288 5204 2338 5253 in
2375 5202 2581 5259 sedem.
2631 5202 2784 5268 cujus
2810 5201 3016 5254 nefarie
3056 5202 3271 5252 invasor
3298 5200 3503 5259 fuerat,

1952 5275 2283 5333 sublimaret,
2317 5287 2572 5338 omnique
2617 5287 2839 5339 prorsus
2878 5272 3154 5339 indignum
3204 5270 3506 5322 sacerdotio

1952 5343 2223 5396 hominem
2245 5383 2257 5404 ,
2290 5356 2557 5393 summum
2618 5342 2775 5408 regite
2812 5341 2960 5393 urbis
2996 5339 3278 5407 praesulem
3311 5348 3365 5390 et
3396 5354 3506 5408 _pa-

1955 5416 2240 5467 triarcham
2288 5413 2461 5468 vellet.
2520 5406 2723 5477 suaque
2746 5406 3068 5463 auctoritate
3093 5408 3355 5461 Joannem
3395 5406 3506 5460 lto-

1955 5499 2172 5535 manum
2210 5480 2538 5549 pontiﬁcem,
2570 5496 2676 5532 non
2707 5482 2838 5533 satis
2866 5496 2928 5532 ex
2956 5480 3298 5532 decessorum
3323 5478 3508 5549 ponti—

1954 5554 2111 5606 ﬁcum
2133 5546 2370 5605 moribus
2393 5552 2546 5603 firmo
2571 5559 2806 5617 peclore,
2830 5551 2881 5602 in
2900 5562 3223 5601 consensum
3244 5546 3507 5617 traheret,

1952 5632 2006 5675 et
2034 5633 2090 5675 ut
2137 5624 2247 5689 ipse
2287 5621 2487 5687 pariter
2517 5616 2638 5673 eum
2673 5620 3033 5687 patriareham
3066 5616 3503 5689 probaret,_gdum

1953 5686 2170 5744 tandem
2209 5686 2313 5741 Leo
2344 5690 2406 5753 ν,
2436 5690 2701 5741 exstincto
2742 5698 2913 5755 patre.
2947 5686 3142 5741 iterum
3177 5688 3229 5737 in
3262 5686 3505 5739 ordinem

1952 5771 2188 5833 cogeret,
2217 5760 2373 5829 eique
2404 5760 2624 5813 fratrem
2653 5773 2809 5814 suum
2842 5758 3180 5827 subrogaret.
