4248 6444
756 376 864 440 795

1916 378 2176 440 PIIOTII
2213 379 2708 444 PATRIARCIMZ
2746 386 2852 446 CP.

3872 389 4000 455 796

759 484 1046 557 prudentia
1078 485 1245 555 magis
1273 498 1434 553 quam
1466 482 1663 538 canitie
1715 487 2081 540 venerandum
2111 505 2124 540 :
2152 488 2319 541 virtu-
2344 492 2395 550 Α
2419 508 2436 541 κ

2316 518 2319 527 ι
2344 492 2395 550 Α
2419 492 2896 562 νόμενονῆἀρεταῖς
2922 493 2978 547 δὲ
3008 493 3103 548 οὐκ
3133 496 3369 560 ἔλαττον,
3399 501 3429 568 ἣ
3464 498 3675 552 συνέσει
3701 502 3993 553 ποικιλλό-

763 589 878 632 tum
907 594 1118 646 quoque
1147 578 1345 646 reliqua
1380 578 1636 630 varietate
1661 594 1767 631 non
1797 579 1974 632 minus
1995 596 2153 648 quam
2190 597 2318 650 pru-

762 671 945 725 dentia
996 679 1266 732 ornatum,
1323 687 1384 722 ac
1407 671 1496 738 qui
1529 671 1632 738 pati
1679 671 1876 723 mentis
1905 671 2202 723 constantia
2256 687 2320 724 ac

762 761 1056 830 sagacitate
1105 760 1391 825 fulciatur;
1441 772 1599 829 atque
1650 768 1729 829 (ut
1761 762 1925 816 verbo
1975 763 2173 829 dicam)
2227 763 2318 815 tali

767 855 936 925 gratia
995 854 1297 922 prmditum,
1334 870 1437 922 qua
1477 870 1571 922 par
1605 865 1719 906 erat
1748 870 1870 907 eum
1901 853 2233 924 fulgere,qui
2289 872 2318 907 a

765 947 877 999 Deo
906 946 1131 1014 accepit,
1189 956 1247 999 nt
1279 947 1671 999 tremendorum
1702 954 2007 999 nostrorum
2043 949 2319 1016 mysterio-

768 1054 884 1090 rum
916 1039 1166 1092 sacerdos
1196 1048 1542 1100 statueretur,
1573 1048 1855 1107 vestraque
1881 1048 1934 1091 et
1967 1039 2208 1093 doctrina
2241 1041 2321 1094 di-

768 1146 904 1199 gnus
935 1142 989 1183 et
1011 1146 1262 1183 manuum
1325 1129 1665 1198 impositione
1699 1131 2022 1197 haberetur;
2053 1131 2208 1185 talem
2243 1131 2324 1185 fa~

766 1232 868 1275 cla:
904 1233 1092 1276 vestra:
1109 1222 1426 1287 sanctitatis,
1447 1238 1605 1289 quam
1629 1222 1971 1284 faciebamus,
1997 1224 2321 1291 experientia

771 1311 1020 1364 nuntium
1045 1313 1386 1365 ostendebat.
1418 1311 1655 1379 llincque
1699 1312 1835 1364 adeo
1865 1313 2159 1381 intelligere
2190 1313 2321 1368 lice-

769 1402 864 1456 bat
914 1413 1166 1470 certoque
1193 1403 1482 1470 conjicere,
1533 1418 1675 1467 eum,
1724 1403 1814 1471 qui
1843 1419 1951 1470 pra:
1981 1403 2074 1456 illo
2123 1404 2322 1472 primas

773 1492 999 1555 ferebat,
1043 1494 1265 1562 ejusque
1316 1494 1590 1546 ordinator
1620 1493 1814 1555 fuerat,
1861 1503 2006 1546 etut
2057 1495 2322 1563 legatione

773 1585 840 1637 ad
887 1600 986 1638 nos
1014 1585 1344 1652 fungeretur,
1379 1585 1449 1636 illi
1480 1596 1666 1638 auctor
1694 1584 1989 1649 exstiterat,
2021 1586 2322 1638 divinarum

774 1676 992 1742 plenum
1046 1677 1329 1744 gratiarum
1362 1692 1516 1738 esse;
1565 1693 1625 1730 ac
1653 1678 1742 1744 qui
1778 1679 1940 1731 totius
1979 1679 2098 1731 vitae
2147 1680 2325 1746 splen-

775 1767 927 1831 dore,
966 1768 1375 1835 dogmatumque
1401 1768 1609 1821 ardenti
1642 1771 1754 1821 zelo
1776 1779 1932 1837 atque
1957 1785 2137 1821 amore
2172 1771 2323 1838 longe

776 1859 1116 1926 conspicuus,
1154 1875 1364 1913 necnon
1413 1861 1598 1913 salutis
1618 1862 1888 1929 exemplar
1915 1861 1966 1913 in
2004 1862 2177 1930 ipsum
2199 1879 2330 1916 con-
2360 1851 2402 1905 Β

779 1952 1053 2004 tuentibus
1076 1952 1232 2005 foret.

852 2044 915 2095 ll.
961 2044 1070 2096 Nisi
1126 2045 1268 2095 enim
1321 2043 1514 2096 vestris
1558 2043 1801 2111 religiosa
1838 2043 2032 2110 pietate
2073 2042 2334 2096 doctrinis

778 2151 842 2186 ac
874 2137 1210 2188 documentis
1260 2136 1400 2204 large
1442 2137 1676 2187 imbutus
1699 2175 1712 2198 ,
1748 2135 1889 2203 quia
1938 2135 2087 2187 vobis
2118 2136 2334 2203 pontifi-

780 2228 913 2281 calis
969 2229 1207 2282 muneris
1237 2230 1458 2298 gratiam
1506 2229 1688 2290 trahit,
1726 2228 1802 2281 sic
1843 2227 2186 2289 elnxuriarct,
2237 2242 2337 2280 nec

782 2319 1028 2372 mirando
1075 2320 1326 2386 quodam,
1362 2328 1612 2386 tantoque
1661 2320 1893 2372 velutex
1944 2318 2088 2371 fonte
2133 2327 2336 2370 vestra-

784 2427 902 2462 rum
948 2411 1204 2463 virtutum
1261 2412 1460 2480 irriguo
1498 2412 1699 2479 potitus
1734 2420 1897 2471 eSSet,
1953 2425 2226 2476 nunquam
2271 2409 2336 2460 ad

791 2512 995 2555 tantam
1033 2504 1288 2556 virtutum
1325 2505 1642 2568 claritatem,
1681 2519 1776 2572 pro
1799 2518 1860 2555 eo
1888 2518 1951 2556 ae
1985 2517 2197 2555 summo
2242 2500 2338 2555 Dei

786 2594 1093 2649 sacerdotes
1145 2596 1319 2657 decet,
1357 2595 1633 2648 evasisset.
1666 2595 1780 2647 Non
1817 2609 2028 2662 semper
2045 2593 2209 2656 enim,
2256 2593 2341 2646 vel

784 2688 980 2756 exiguo
1003 2686 1194 2754 jubare
1230 2703 1291 2739 ac
1318 2686 1622 2754 splendore,
1649 2685 2050 2738 similitudinem
2100 2691 2340 2746 servant,

786 2792 907 2843 quae
960 2776 1194 2828 secunda
1227 2786 1371 2839 sunt,
1397 2791 1517 2828 cum
1564 2773 1770 2835 formis,
1806 2791 1923 2841 qua:
1951 2773 2056 2826 illis
2115 2774 2340 2841 punive-

788 2875 932 2919 runt.
975 2866 1213 2931 Quorum
1243 2868 1482 2921 omnium
1515 2882 1672 2920 causa
1702 2867 1962 2919 habenda:
2006 2865 2114 2918 Deo
2139 2866 2340 2933 gratim,

788 2959 881 3028 qui
939 2959 989 3011 in
1023 2975 1210 3012 omnes
1248 2960 1559 3012 muneribus
1605 2959 1810 3012 effusus
1869 2958 2343 3026 universorumque

791 3052 1040 3105 conditor
1073 3052 1356 3110 exsistens.
1411 3051 1551 3104 sicut
1593 3053 1645 3103 in
1687 3051 1916 3103 Orientis
1968 3050 2228 3118 partibus,
2267 3049 2344 3102 sic

790 3141 954 3193 etiam
1005 3141 1057 3192 in
1112 3139 1454 3204 Occidentis,
1503 3140 1787 3192 luminaria
1830 3139 2102 3207 ducesque
2156 3154 2342 3191 conse-

792 3248 969 3293 crans,
1032 3241 1090 3284 ut
1139 3232 1376 3300 quotidie
1423 3232 1653 3290 luceant,
1701 3231 1975 3299 plebisque
2020 3231 2226 3283 animos
2281 3219 2408 3282 acC

795 3333 1002 3375 mentes
1058 3323 1344 3384 illustrent,
1396 3322 1448 3375 in
1506 3322 1646 3375 celso
1702 3321 2083 3391 cpisc0palium
2135 3322 2342 3375 sedium

795 3415 1030 3470 culmine
1053 3413 1293 3482 przeftcit.

869 3506 952 3559 Ill.
998 3507 1100 3559 Sed
1123 3523 1244 3558 cum
1278 3521 1375 3558 nos
1401 3506 1467 3558 de
1501 3521 1649 3558 sacra
1680 3514 1854 3558 vestra
1894 3506 2089 3559 virtute
2118 3522 2177 3559 ea
2199 3524 2348 3561 mens

799 3601 1111 3657 incesseret.
1139 3600 1361 3666 ejusque
1388 3598 1655 3665 praeclaris
1685 3598 1900 3650 dotibus
1932 3614 1993 3650 ac
2019 3601 2350 3652 ornamentis

797 3689 1112 3760 gestircmus
1157 3700 1208 3743 et
1242 3691 1561 3752 laetarentur,
1593 3688 1732 3757 quod
1786 3705 1928 3743 nunc
1957 3689 2008 3743 in
2047 3705 2203 3744 aures
2255 3707 2351 3744 n.0-

798 3793 937 3836 stras
984 3782 1168 3834 incidit
1196 3787 1377 3853 (atque
1431 3783 1630 3833 utinam
1663 3797 1972 3848 nunquam:
2027 3783 2172 3834 dirus
2209 3783 2352 3835 enim

799 3873 985 3935 animi,
1023 3888 1129 3926 non
1163 3873 1401 3940 corporis
1440 3872 1592 3925 dolor
1627 3881 1746 3924 est:
1782 3887 1876 3940 per
1915 3873 2052 3927 hanc
2091 3875 2231 3927 enim
2288 3891 2354 3927 ex

801 3973 1014 4032 aspectu
1041 3979 1229 4032 magna
1254 3962 1407 4017 nobis
1433 3972 1692 4030 concepta
1716 3978 1829 4029 spe,
1861 3972 1918 4014 ut
1945 3972 2001 4015 et
2028 3965 2200 4032 ipsum
2230 3980 2358 4018 inne-

801 4071 974 4111 roretu
1023 4056 1346 4126 aperiamus,
1390 4070 1566 4124 operte
1615 4054 1846 4122 pretium
1890 4055 2185 4124 duximus),
2213 4056 2353 4108 haud

2431 601 2607 652 μενονσ
2651 587 2743 637 καὶ
2790 587 2867 655 τῷ
2910 587 3160 639 εὐσταθεί
3204 589 3301 657 τῆς
3347 590 3567 660 γνώμης
3614 593 3675 642 τὸ
3719 591 3996 660 ἀγχίνουν

2429 674 2988 744 ωμπροὸαλλόμενον.
3045 680 3151 730 Καὶ
3189 680 3371 742 ἀπλῶς
3411 683 3619 743 εἰπεῖν,
3649 683 3765 744 οἵας
3808 686 3997 752 ἐχρῆν

2427 768 2795 835 μετειληχέναι
2830 769 3046 838 χάριτος
3068 809 3082 831 ,
3117 769 3205 822 τὸν
3237 772 3482 841 ἱερᾶσθαι
3526 774 3675 842 παρά
3703 773 3837 825 Θεοῦ
3871 776 3997 827 τῶν

2425 859 2667 924 φρικτών
2695 859 2848 928 ἡμῶν
2880 863 3191 930 μυστηρίων
3223 867 3320 930 τὴν
3353 864 3573 934 τελετὴν
3606 865 3855 934 λαχόντα,
3886 869 3996 919 καὶ

2424 951 2520 1016 τῆς
2555 950 2707 1018 ὑμῶν
2756 952 2848 1002 καὶ
2891 951 3231 1014 διδασκαλίας
3280 955 3374 1006 καὶ
3421 954 3757 1023 χειροθεσίας
3803 957 3994 1019 ἀξιον,

2424 1037 2659 1089 τοιοῦτον
2699 1041 2732 1107 η
2789 1043 2951 1108 πεῖρα
2988 1041 3086 1107 τῆς
3128 1044 3277 1112 ἱερᾶς
3322 1045 3473 1112 ὑμῶν
3516 1046 3786 1112 ὁσιότητος
3834 1065 3996 1117 παρ-

2427 1130 2634 1184 εδείκνυ
2665 1132 2754 1183 τὸν
2785 1134 3098 1187 ἀπόστολον.
3127 1136 3430 1188 Κάκιτεῦθεν
3454 1133 3522 1206 ἦν
3550 1141 3777 1208 συνορᾷν
3800 1157 3859 1192 τε
3889 1142 3998 1192 καὶ

2427 1222 2720 1291 λαμϐάνειν
2753 1225 2850 1294 τὴν
2884 1225 3176 1292 ἀπόδειξιν,
3225 1228 3299 1290 ὼς
3336 1227 3364 1277 ὁ
3407 1228 3598 1280 τούτου
3628 1232 3695 1282 τὰ
3739 1237 3999 1300 πρωτεῖα

2429 1317 2720 1384 φερόμενος
2759 1318 2852 1366 καὶ
2882 1316 3250 1387 τελεσιουργὸς
3289 1320 3385 1389 (‘2),
3416 1323 3509 1373 καὶ
3539 1324 3636 1390 τῆς
3670 1326 3803 1392 πρὸς
3834 1327 4011 1394 ἡμᾶς

2429 1407 2728 1475 ἀποστολῆς
2757 1409 2927 1468 αἴτιος
2949 1446 2963 1469 ,
2990 1409 3199 1478 πλήρης
3229 1412 3323 1478 μὲν
3351 1411 3458 1463 τῶν
3488 1411 3647 1465 Θείων
3677 1417 3791 1467 ἐστὶ
3825 1417 4000 1485 χαρί-

2427 1519 2534 1553 των
2557 1503 2721 1563 ’.ὃλος
2755 1501 2810 1553 δὲ
2837 1503 2901 1570 τῇ
2941 1503 3032 1553 τοῦ
3066 1503 3179 1572 βίον
3223 1507 3596 1574 λαμπρότητι,
3630 1509 3722 1559 καὶ
3761 1507 3838 1575 τῷ
3877 1509 4001 1560 τῶν

2428 1592 2711 1660 δογμάτων
2732 1591 2976 1660 διαπύρῳ
3003 1593 3148 1663 ζήλῳ
3171 1596 3352 1664 καὶτῷ
3379 1595 3560 1665 ἔρωτι,
3587 1598 3999 1667 διασημότατός

2428 1698 2486 1733 τε
2510 1684 2575 1733 ἂν
2602 1683 2708 1751 εἴη,
2744 1685 2836 1736 καὶ
2875 1685 3222 1755 παράδειγμα
3253 1687 3523 1755 σωτηρίας
3567 1690 3679 1751 τοῖς
3711 1690 3790 1750 εἰς
3819 1690 4001 1742 αὑτὸν

2430 1773 2780 1836 ἀτενίζουσιν.

2501 2044 2574 2094 B'.
2608 2044 2670 2095 El
2718 2043 2791 2110 μὴ
2829 2043 2933 2112 γὰρ
2967 2043 3042 2111 (3)
3079 2045 3200 2104 ταῖς
3229 2043 3369 2095 κατά
3396 2043 3526 2094 Θεὸν
3557 2043 3709 2112 ὑμῶν
3735 2043 4007 2096 διδασκα-

2434 2134 2575 2196 λίαις
2603 2135 2694 2186 καὶ
2736 2137 3052 2204 εἰσηγήσεσι
3081 2135 3610 2203 ἐπιδαψιλευόμενος,
3652 2138 3679 2187 ὁ
3711 2136 3808 2203 τὴν
3853 2138 4000 2204 ἁρχ-

2433 2227 2708 2297 ιερατικὴν
2752 2227 2910 2296 χάριν
2968 2225 3027 2290 ἐξ
3069 2227 3222 2294 ὑμῶν
3261 2226 3431 2278 ἕλκων
3483 2225 3654 2288 οὕτως
3695 2227 3996 2297 ὲνετρύφα·

2436 2319 2529 2370 καὶ
2569 2320 2616 2369 εἰ
2662 2317 2734 2388 μὴ
2767 2318 3084 2387 θαυμαστῆς
3119 2335 3259 2379 τινος
3309 2319 3402 2370 καί
3445 2319 3710 2387 τοσαύτης
3745 2319 3999 2387 ἁπήλαυε

2435 2411 2533 2479 τῆς
2566 2413 2630 2462 ὲκ
2665 2411 2770 2463 τῶν
2820 2411 3027 2479 ἀρετῶν
3058 2411 3210 2479 ὑμῶν
3236 2412 3476 2479 πηγαίας
3506 2412 3720 2481 ἀρδείας
3745 2453 3758 2472 ,
3790 2414 3890 2464 οὐκ
3927 2413 4002 2464 ἂν

2438 2503 2514 2563 εἰς
2534 2501 2798 2572 τοσαύτην
2822 2501 3055 2574 προῆλθε
3085 2503 3225 2554 κατὰ
3252 2504 3310 2553 τὸ
3361 2504 3632 2572 προσῆκον
3677 2501 4000 2572 ἀρχιερεῦσι

2438 2594 2594 2656 Θεοῦ,
2640 2594 2846 2661 ἀρετῶν
2895 2595 3230 2660 ἐπιφάνειαν.
3285 2594 3523 2656 Σώζούσι
3575 2594 3679 2662 γὰρ
3727 2595 3828 2645 οὐκ
3885 2595 3996 2658 ἀεὶ,

2438 2685 2558 2737 οὐδὲ
2596 2687 2658 2737 ὲκ
2707 2685 2963 2755 βραχείας
3001 2687 3144 2747 τινὸς
3184 2687 3358 2754 αὐγῆς
3396 2689 3488 2739 καὶ
3533 2687 3870 2756 ἐλλάμψεως,
3895 2688 4002 2755 τὴν

2439 2776 2725 2843 ὁμοιότητα
2753 2777 2858 2828 τῶν
2891 2775 3265 2844 πρωτοτύπων
3303 2777 3371 2829 τὰ
3409 2777 3654 2847 δεύτερα.
3698 2779 3807 2830 Καὶ
3838 2779 4002 2846 χάρις

2443 2866 2535 2916 ἐπὶ
2564 2868 2694 2917 πᾶσι
2725 2865 2932 2928 τούτοις
2975 2864 3053 2934 τῷ
3097 2866 3355 2936 εὐεργέτῃ
3401 2869 3492 2919 καὶ
3531 2868 3842 2937 δημιουργῷ
3888 2867 4003 2919 τῶν

2441 2958 2575 3008 ὅλων
2605 2956 2740 3025 Θεῷ·
2764 2958 2842 3020 ὃς,
2861 2957 3046 3026 ὥσπερ
3073 2959 3129 3009 ἐν
3153 2961 3260 3019 τοῖς
3287 2959 3383 3027 τῆς
3400 2957 3564 3028 Ἐῲας
3593 2961 3832 3028 μέρεσιν,
3854 2959 4003 3012 οὕτω

2443 3049 2507 3118 δὴ
2537 3051 2630 3102 καὶ
2657 3052 2714 3102 ὲν
2747 3055 2859 3112 τοῖς
2890 3053 3190 3124 Ἐσπερίοις
3228 3053 3520 3122 φωστῆρας
3549 3053 3640 3104 καὶ
3669 3053 3892 3119 ὁδηγοὺς
3911 3070 4006 3104 τε-

2444 3139 2770 3209 λεσιουργῶν
2795 3143 2891 3211 (4),
2934 3145 3197 3212 ὁσημέραι
3229 3143 3463 3210 λάμπειν
3494 3144 3587 3195 καὶ
3635 3141 4005 3209 καταυγάζὲιν

2443 3230 2651 3281 πολλῶν
2671 3231 2846 3300 ψυχὰς
2868 3233 2962 3284 καὶ
2991 3233 3246 3296 διανοίας,
3275 3233 3333 3284 ὲν
3357 3233 3431 3302 τῷ
3459 3232 3568 3285 τῶν
3599 3233 4004 3304 ἀρχιερατικῶν

2444 3322 2564 3386 ὕψει
2589 3322 2792 3392 Θρόνων
2823 3322 3201 3393 προὸἀλλεται.

2519 3510 2592 3563 Γ’.
2641 3509 2780 3560 Ἀλλ’
2818 3507 2958 3560 οὕτω
2986 3508 3111 3580 περὶ
3142 3509 3238 3578 τῆς
3267 3509 3417 3576 ἱερᾶς
3442 3508 3592 3577 ὑμῶν
3625 3507 3822 3577 ἀρετῆς
3851 3508 4005 3576 ἕχον-

2448 3619 2558 3662 τες,
2588 3603 2680 3652 καὶ
2706 3603 2818 3662 τοῖς
2840 3601 3040 3669 ταύτης
3066 3603 3507 3670 ἐνσεμνυνόμενοί
3538 3619 3594 3652 τε
3626 3603 3718 3654 καὶ
3753 3601 4005 3670 ἡδόμενοι

2452 3690 2857 3763 κατορθώμασι,
2882 3693 2942 3744 τὸ
2977 3692 3071 3744 νῦν
3095 3692 3248 3760 ήμῶν
3273 3697 3401 3754 ταῖς.
3419 3693 3602 3753 ἀκοαῖς
3624 3692 3902 3752 ὲπιπεσὸν,
3926 3692 4003 3753 ὡς

2451 3783 2561 3835 εἶϐε
2610 3783 2682 3853 μὴ
2731 3781 2936 3850 ὢφελε·
2979 3781 3153 3850 ψυχῆς
3182 3784 3288 3852 γάρ
3329 3783 3482 3841 ἐστι,
3514 3782 3607 3834 καὶ
3651 3783 3710 3833 οὑ
3756 3781 4004 3850 σώματος

2451 3874 2690 3941 ἄλγημα.
2737 3872 2834 3924 Διά
2870 3872 3070 3940 ταύτης
3118 3873 3222 3924 ἀπὸ
3252 3871 3380 3934 θέας
3424 3873 3662 3941 μεγάλην
3690 3871 3876 3923 ἐλπίδα
3909 3872 4006 3923 λα-

2451 3964 2656 4025 ϐόντες.
2684 3965 2777 4017 καὶ
2801 3963 2932 4016 αὐτὸ
2957 3963 3017 4016 τὸ
3043 3963 3211 4025 πάθος
3234 3963 3568 4031 ἀνακαλύψω
3588 3962 3696 4014 δεῖν
3724 3963 3872 4032 ᾠήθη
3882 3980 4002 4031 μεν.

2453 4058 2566 4107 Ούκ
2596 4052 2711 4107 οἶδα
2740 4054 2854 4116 πῶς
2878 4054 2943 4107 ἂν
2970 4054 3190 4116 ἀλύπως
3218 4056 3374 4108 εῐπω·
3403 4055 3451 4106 εἰ
3475 4054 3549 4124 μὴ
3576 4053 3752 4116 καλῶς
3789 4054 3863 4125 (ε)
3887 4057 4006 4116 ταῖς

2278 4226 2508 4282 ΝΟΤᾸῦ.

872 4407 948 4470 (2)
984 4406 1091 4459 Kal
1132 4408 1561 4472 τελεσιουργός.
1611 4403 1710 4469 Qui
1751 4403 1981 4457 initiavit
2011 4413 2171 4472 atque
2205 4419 2343 4472 prie-

2450 4403 2657 4466 Quibus
2686 4411 2739 4454 et
2781 4402 3019 4470 magistri
3075 4401 3437 4464 sedulitatem,
3489 4407 3542 4454 et
3591 4399 3839 4468 discipuli
3881 4401 4007 4455 dili-

803 4483 972 4530 sulem
1003 4476 1288 4552 ordinavit,
1325 4471 1418 4528 seu
1451 4471 1516 4527 in
1544 4475 1871 4552 ερίεοοριιιη⁸
1884 4475 2005 4542 jure
2035 4471 2346 4552 m’etro’poli-
2380 4481 2422 4534 ι)
2452 4475 2685 4550 gentiam
2716 4472 2951 4551 celebrat
2986 4489 2998 4524 :
3031 4487 3132 4524 nec
3161 4471 3262 4550 nisi
3296 4473 3494 4536 primas
3526 4484 3589 4523 ac
3611 4471 4005 4536 excellentiam,

806 4549 912 4601 tico
941 4546 1294 4601 consecravit.
1326 4559 1622 4610 manusque
1646 4544 1920 4610 imposuit,
1945 4553 2003 4596 ut
2037 4544 2195 4610 paulo
2223 4552 2345 4595 ante

804 4617 1034 4669 dicebat.
1079 4614 1188 4680 Τῆς
1237 4614 1387 4680 ὑμῶν
1415 4613 1747 4680 χειροθεσίας
1789 4613 1958 4676 ἀξιον,
2009 4613 2231 4678 Dignum
2264 4613 2346 4664 cui

807 4702 991 4737 manus
1051 4684 1421 4747 imposueritis,
1480 4698 1629 4736 sacra
1692 4682 1898 4735 scilicet
1981 4682 2344 4735 ordinatione.

808 4755 996 4808 Metius
1026 4753 1106 4805 vel
1138 4769 1242 4804 non
1277 4753 1482 4815 habuit,
1508 4752 1593 4805 vel
1633 4766 1741 4804 non
1774 4751 2026 4817 reddidit,
2055 4752 2149 4805 sed
2184 4751 2350 4805 solius

806 4824 1078 4877 missionis
1110 4825 1370 4874 meminit.

881 4894 955 4959 (5)
995 4895 1060 4944 Et
1079 4891 1162 4958 μὴ
1197 4891 1324 4958 γάρ.
1358 4890 1489 4944 Male
1521 4891 1664 4944 hunc
1691 4891 1867 4944 locum
1898 4890 2089 4944 Metius
2122 4891 2348 4959 accepit,

808 4974 863 5017 et
891 4972 1076 5016 contra
1104 4960 1277 5013 Photii
1317 4977 1532 5014 sensum
1564 4977 1574 5012 :
1608 4975 1670 5012 ac
1695 4961 1784 5013 ubi
1819 4961 1907 5013 ille
1933 4960 2086 5029 legati
2113 4961 2350 5027 episcopi

811 5033 993 5085 laudes
1026 5031 1381 5099 prosequitur,
1416 5030 1698 5083 indicando
1752 5030 1869 5097 ejus
1898 5031 2113 5083 virtutis
2153 5031 2351 5083 fontem

810 5118 873 5155 ac
905 5101 1198 5166 exemplar,
1241 5102 1382 5167 quod
1430 5116 1639 5154 summa
1670 5101 1827 5154 laude
1872 5100 2165 5153 reddiderit
2218 5099 2352 5165 (etsi

812 5187 917 5223 non
945 5188 1063 5222 raro
1089 5185 1246 5224 secus
1275 5170 1591 5238 contingat),
1613 5171 1672 5232 is,
1701 5179 1850 5222 extra
1883 5185 2042 5222 omne
2070 5170 2353 5236 judicium,

809 5242 960 5307 quasi
1018 5255 1124 5292 non
1168 5241 1417 5308 adeptum
1446 5255 1564 5292 eam
1595 5240 1988 5306 praestantiam,
2026 5254 2144 5306 qua:
2177 5239 2354 5305 ponti-

814 5313 938 5362 fices
964 5309 1167 5364 deceat.
1202 5310 1292 5376 qui
1341 5309 1536 5362 missus
1567 5311 1802 5376 pontifex
1836 5317 1996 5367 esset,
2054 5319 2108 5361 et
2139 5309 2352 5376 quidem

814 5389 1077 5446 provecta:
1103 5382 1294 5442 :etatis,
1328 5380 1577 5446 deprimit
1616 5393 1677 5430 ac
1717 5380 1873 5445 plane
1903 5378 2171 5444 vituperat
2204 5398 2215 5430 :
2250 5377 2356 5429 Nec

813 5459 1082 5515 propterea
1117 5454 1181 5499 ad
1219 5467 1336 5501 eam
1382 5450 1578 5500 deveni:
1614 5448 1992 5514 prmstantiam,
2043 5463 2154 5513 qua:
2183 5449 2356 5512 ponti-

810 5519 930 5585 ﬁces
967 5519 1057 5569 Dei
1088 5519 1249 5570 decet.
1281 5520 1445 5580 Nugae
1476 5517 1770 5571 Potentiale
1801 5519 1852 5569 in
1882 5517 2208 5569 absolutum.
2246 5516 2354 5569 Nisi

814 5590 1014 5655 copiose
1044 5587 1282 5649 imbutus,
1314 5599 1440 5650 etc.,
1467 5588 1564 5638 οὐκ
1593 5587 1657 5638 ἂν
1681 5589 1759 5648 εἰς
1786 5586 2053 5654 τοσαύτην
2088 5587 2318 5654 προῆλθε
2339 5626 2354 5647 ,

819 5660 953 5709 κατά
992 5657 1049 5707 τὸ
1083 5657 1356 5724 προσῆκον
1401 5656 1713 5724 ἀρχιερεῦσι
1755 5655 1885 5706 Θεοῦ
1920 5656 2127 5724 ἀρετῶν
2161 5656 2357 5716 ὲπιφά-

816 5745 980 5778 νειαν.
1043 5725 1320 5791 Nunquam
1379 5728 1446 5778 ad
1501 5735 1706 5778 tantam
1763 5727 2012 5777 virtutum
2069 5726 2358 5776 claritatem

820 5798 1090 5861 evasisset,
1139 5814 1231 5863 pro
1277 5813 1332 5850 co
1362 5814 1421 5848 ac
1454 5812 1676 5850 summos
1717 5795 1811 5849 Dei
1854 5797 2141 5848 sau'nlotcs
2176 5797 2357 5847 dcccl:

2457 4542 2504 4594 ei
2540 4543 2630 4608 qui
2650 4551 2837 4593 auctor
2864 4542 2932 4594 sit
2962 4557 3025 4594 ac
3052 4540 3324 4609 magister,
3354 4548 3548 4593 servat.

2528 4611 2601 4679 (4)
2643 4610 2963 4676 Φωστῆρας
3010 4611 3108 4679 καλ
3148 4607 3408 4677 ὅδηγοὺς
3455 4607 3907 4679 τελεσιουργῶν.
3942 4610 4008 4662 Et

2457 4680 2542 4734 hic
2566 4681 2698 4732 mire
2719 4681 3037 4733 allucinatus
3065 4678 3272 4738 Metius,
3301 4679 3428 4732 dum
3447 4679 3517 4730 ita
3542 4678 3747 4731 reddit:
3775 4679 4002 4732 Lumina

2457 4751 2697 4818 quaedam
2748 4758 2794 4801 et
2845 4751 2995 4801 duces
3034 4750 3376 4801 sacerdotum.
3428 4745 3538 4800 lmo
3581 4756 3744 4812 certe,
3781 4746 4005 4800 Lumina

2457 4817 2708 4886 ducesque
2735 4835 3059 4878 consecrans,
3105 4819 3345 4881 initiatis,
3383 4817 3632 4869 ordinans
3663 4832 3680 4868 :
3720 4818 3862 4885 quod
3909 4833 4005 4884 per

2458 4889 2831 4942 auctoritatem
2864 4888 2988 4940 facit
3015 4888 3282 4950 Christus,
3319 4890 3429 4954 ipse
3461 4901 3704 4940 summus
3731 4889 4003 4946 sacerdos.

2459 4974 2663 5027 suoque
2707 4958 3004 5011 sacerdotio
3036 4959 3050 5024 (
3073 4957 3245 5024 primo
3275 4965 3369 5009 aut
3395 4957 3632 5027 secundo
3655 4956 3885 5023 ordine)
3913 4973 4007 5024 per

2460 5025 2588 5081 suos
2614 5027 2838 5080 vicarios
2869 5027 3294 5095 episeopos,eos
3324 5027 3415 5095 qui
3456 5025 3770 5095 initiantur.
3797 5039 3891 5095 sep
3922 5040 4007 5076 or-

2459 5099 2732 5162 dinantur,
2797 5093 3127 5164 impartiens.
3178 5093 3512 5148 Bene’Bud.
3564 5111 3618 5162 p.
3673 5094 3796 5148 8l7.
3847 5093 4008 5146 Τελε-

2463 5168 2710 5235 σιουργὸν
2758 5163 2984 5234 δύναμιν
3032 5166 3140 5218 τῶν
3186 5165 3454 5234 ἱεραρχῶν
3517 5164 3770 5232 Dionysio
3808 5163 4004 5216 dictam

2460 5236 2700 5304 exponit,
2739 5236 2847 5289 Vim
2876 5237 3210 5288 initiatricem
3240 5245 3286 5286 et
3311 5235 3705 5286 consecraticem
3728 5249 3746 5286 :
3783 5243 3836 5286 et
3861 5235 4007 5284 τελε-

2464 5309 2752 5374 σιουργείν,
2801 5306 2860 5374 τρ
2902 5306 3092 5358 τελεῖν.
3144 5304 3311 5374 Qujus
3366 5304 3478 5374 fere
3509 5318 3670 5374 voces
3711 5311 4008 5374 sequuntur

2464 5372 2788 5428 recentiores
2817 5373 3120 5427 Grmcorum
3149 5373 3406 5442 Theologi
3433 5392 3445 5425 :
3475 5387 3574 5425 nec
3607 5373 3662 5425 in
3693 5387 3750 5424 re
3777 5372 3857 5424 sic
3889 5372 4006 5425 trita

2462 5446 2646 5499 debuit
2675 5444 2866 5497 Metius
2891 5445 3172 5510 cespitare.

2534 5517 2610 5584 (5)
2642 5518 2706 5566 Εἰ
2751 5513 2833 5581 μὴ
2887 5512 3222 5584 καλὼςηΑὶ)
3257 5512 3359 5584 hac
3406 5510 3867 5584 expostulatione,
3911 5525 4008 5564 nec

2464 5581 2637 5651 ipsum
2677 5585 2742 5637 ad
2774 5599 2931 5649 quem
2978 5583 3185 5643 scribit,
3233 5582 3446 5635 videtur
3475 5581 3732 5651 eximere.
3765 5590 3858 5632 aut
3893 5585 4006 5651 ejus

2464 5649 2699 5706 mentem
2758 5654 2888 5706 alias
2934 5653 3258 5719 exploratam
3315 5651 3533 5703 habere.
3603 5649 3794 5702 Metius
3852 5650 4006 5701 etiam

2467 5723 2599 5776 nihil
2641 5723 2816 5775 Pliotli
2846 5721 3014 5782 πάθος
3046 5722 3319 5790 exprimit,
3354 5719 3496 5790 quod
3526 5719 3614 5772 hic
3643 5719 3878 5771 maximo
3904 5719 4006 5769 uti-

2469 5805 2572 5858 tur,
2607 5793 2680 5846 rei
2718 5788 3194 5861 indignitatcm,'ut
3222 5791 3325 5845 sibi
3365 5788 3599 5854 videtur,
3633 5803 3958 5856 exaggerans
3989 5803 4002 5839 :
