4248 6444
272 399 378 463 797

1411 368 1946 481 EPISTULARUM
1990 424 2223 485 LIBER
2263 425 2312 485 ι.
3379 420 3479 480 79s

273 510 579 575 Κυριακαῖς
605 514 806 577 φωναῖς
828 513 1260 582 ἑξαρκεσθέντες,
1283 518 1315 588 ἢ
1335 519 1440 572 τῶν
1465 524 1746 592 Πατρικῶν
1770 543 1827 578 τε
1854 531 1902 588 Α
1931 544 1950 598 ι

1772 543 1827 578 τε
1854 531 1902 588 Δ
1931 530 2091 598 plane
2117 533 2231 586 scio
2264 529 2536 600 quomodo
2571 545 2679 584 non
2707 543 2888 582 amaro
2916 527 3161 595 tristique
3198 525 3378 579 animo
3400 540 3449 580 ai

274 603 371 652 καὶ
397 601 682 654 συνοδικῶν
718 604 857 671 ὅρων
891 606 983 658 καὶ
1003 608 1286 675 δογμάτων
1317 611 1532 680 ἔχοντες
1565 614 1717 681 λόγον
1741 617 1829 668 ού-

269 687 427 751 δένα,
472 690 503 757 ἢ
543 691 639 759 τῆς
671 693 879 746 ἐκεῖθεν
909 697 1190 765 ἀκριϐείας
1235 699 1644 771 ὑπερορῶντες,
1677 705 1708 774 ἦ
1740 707 1829 758 τὸν

270 779 398 830 νοῦν
425 783 559 848 πρὸς
584 783 649 835 τὰ
677 786 896 838 τοιαῦτα
924 787 1180 858 φέροντες
1213 795 1630 863 πεπωρωμένον,
1667 796 1698 863 ἢ
1731 797 1828 850 οὐκ

269 867 367 958 οἷδ’
406 873 551 933 ὅπως
594 876 658 927 ἄν
698 895 781 940 τις
817 881 908 930 καὶ
946 880 1100 950 φαίη,
1151 883 1298 950 ὅμως
1327 881 1443 946 οῦν,
1469 885 1544 948 ὠς
1592 887 1702 939 εῐθε
1752 889 1826 958 μὴ

269 957 496 1026 ὤφελεν,
527 958 662 1032 ἧκεν
694 967 771 1027 είς
800 969 1070 1038 ἡμετέρας
1098 972 1284 1037 ἀκοὰς,
1320 973 1394 1036 ὦς
1418 991 1559 1035 τινες
1587 977 1692 1029 τῶν
1724 980 1826 1032 ἀνὰ

270 1053 372 1120 τὴν
409 1053 589 1118 Λύσιν,
616 1056 675 1108 τὸ
705 1057 845 1110 θεῖόν
875 1077 934 1112 τε
957 1064 1048 1114 καὶ
1075 1066 1336 1130 πανάγιον
1369 1065 1608 1134 Πνεῦμα.
1632 1070 1689 1121 οὐ
1729 1071 1824 1139 μό-

269 1161 362 1195 νον
399 1147 462 1198 ἐκ
498 1146 591 1198 τοῦ
632 1148 764 1201 Θεοῦ
798 1154 888 1204 καὶ
925 1155 1155 1225 Πατρὸς,
1189 1157 1324 1209 ἀλλὰ
1354 1161 1448 1210 καὶ
1474 1161 1537 1212 ἐκ
1569 1161 1662 1213 τοῦ
1696 1162 1823 1214 Υἱοῦ

270 1234 662 1303 ἐκπορεύεσθαι
687 1246 1100 1312 παρεισάγουσι’
1132 1250 1224 1302 καὶ
1249 1249 1449 1317 πολλὴν
1475 1252 1718 1304 ἐντεῦθεν
1730 1253 1824 1323 τὴν

270 1325 478 1393 βλάϐην
520 1329 604 1383 διὰ
654 1335 754 1400 τῆς
796 1335 1048 1406 τοιαύτης
1094 1341 1275 1407 φωνῆς
1325 1343 1438 1403 τοῖς
1489 1343 1824 1411 πειθομένοις

266 1419 690 1486 ἀπεργάζονται.
717 1425 885 1477 Τοῦτο
903 1427 957 1478 δὲ
990 1432 1127 1482 κατὰ
1157 1431 1380 1501 γνώμην
1405 1436 1500 1501 μὲν
1526 1438 1633 1498 τοῖς
1656 1434 1823 1500 οὕτως

267 1507 329 1570 ἐξ
366 1508 560 1575 ἀλόγου
594 1513 910 1582 προλήψεως
948 1518 1190 1587 ἔχουσιν,
1222 1522 1279 1572 οὐ
1311 1525 1596 1588 τοσαύτην,
1649 1528 1822 1579 καίτοι

265 1599 491 1667 πολλὴν,
523 1601 609 1653 διὰ
637 1603 695 1654 τὸ
721 1603 819 1672 τῆς
857 1608 1074 1674 ἀγνοίας
1119 1614 1489 1681 προκάλυμμα
1512 1656 1525 1676 ,
1559 1616 1693 1670 viva
1724 1619 1820 1679 ούγ

265 1690 334 1743 ἂν
371 1694 746 1763 προξενήσειεν
769 1714 780 1725 ·
811 1700 1035 1767 ἐρεύνης
1071 1701 1125 1753 δὲ
1157 1704 1538 1774 προτεθείσης,
1571 1709 1662 1758 καὶ
1691 1725 1821 1777 τρα-

265 1784 375 1844 νῶς
413 1785 502 1836 διὰ
540 1804 595 1837 τε
623 1789 718 1855 τῆς
750 1791 912 1858 ἄλλης
944 1793 1097 1860 ημῶν
1143 1794 1292 1862 ἱερᾶς
1321 1796 1560 1865 Γραφῆς,
1605 1801 1694 1850 καὶ
1725 1799 1819 1851 αύ-

263 1875 367 1942 τῆς
399 1876 462 1944 δὴ
494 1879 590 1945 τῆς
614 1880 893 1948 Κυριακῆς
921 1883 1100 1950 φωνῆς
1135 1885 1477 1957 ἐλεγχθείσης
1510 1889 1734 1957 πλάνης,
1770 1891 1816 1941 εὶ

267 1968 344 2034 μὴ
371 1966 560 2018 θᾶττον
588 1971 684 2036 μὲν
713 1972 998 2025 ἀποσταῖεν
1024 1974 1096 2034 ὡς
1118 1976 1467 2045 ἐνησχαμένοι
1492 1979 1589 2046 τῆς
1615 1980 1814 2032 ἀτόπου

264 2058 456 2123 δόξης·
498 2059 690 2112 θᾶττον
739 2062 793 2113 δὲ
838 2067 948 2124 τοῖς
997 2065 1171 2134 ὀρθῶς
1223 2068 1673 2140 ἐπιδεδειγμένοις
1726 2074 1815 2124 καὶ

264 2148 604 2215 προτεθεῖσιν
667 2153 1113 2221 ἐπασμενίσειεν,
1172 2159 1250 2220 είς
1305 2161 1434 2229 ὅσην
1487 2163 1535 2212 οἱ
1589 2165 1814 2217 τοιοῦτοι

263 2241 660 2309 καταφέρονται
691 2245 1054 2316 βλασφημίαν·
1088 2252 1216 2321 ὅσης
1244 2255 1298 2306 δέ
1329 2256 1618 2327 καταδίκης
1649 2259 1814 2310 ὑπευ-

263 2330 458 2393 θύνους
479 2335 699 2397 ἑαυτοὺς
718 2339 1092 2407 ἀποφαίνουσι,
1117 2344 1218 2397 κᾶν
1239 2346 1423 2415 μηδεὶς
1442 2351 1813 2422 ἀνακηρύττῃ,

263 2424 583 2492 κατάδηλον.
629 2428 1009 2486 Ἐκπεσοῦνται
1046 2436 1153 2505 γὰρ
1188 2441 1324 2505 μετὰ
1347 2440 1451 2492 τῶν
1480 2441 1650 2494 ἄλλων
1679 2446 1813 2511 dva-

264 2516 393 2576 θῶν.
434 2520 524 2571 καὶ
558 2521 651 2573 τοῦ
682 2525 777 2590 τῆς
819 2527 1099 2591 εὐσεϐείας
1136 2533 1499 2600 φρονήματος,
1531 2536 1623 2587 καὶ
1650 2536 1811 2588 αὐτοῦ

260 2610 358 2660 τοῦ
387 2611 528 2663 θείου
556 2613 897 2683 Πνεύματος,
938 2618 1011 2680 ὼς
1052 2622 1432 2686 ταπεινοῦντες
1474 2625 1533 2677 τὸ
1568 2627 1809 2694 Πνεῦμα,

262 2703 351 2751 οἱα
377 2701 438 2770 δὴ
468 2704 530 2754 ἐκ
556 2704 646 2754 τοῦ
689 2705 813 2758 Υἰοῦ
841 2706 1255 2777 δογματίζοντες
1281 2714 1693 2783 ἐκπορεύεσθαι·
1721 2722 1813 2772 καὶ

263 2791 489 2860 δευτέρα
523 2795 752 2864 προόδῳ,
781 2799 907 2848 αὐτὸ
933 2799 1030 2868 μὲν
1053 2802 1439 2870 ἐνυϐρίζοντες,
1469 2807 1813 2874 χλευάζοντες

262 2878 318 2930 δὲ
348 2883 440 2931 καὶ
466 2881 560 2948 τὴν
603 2883 729 2950 μίαν
767 2886 1110 2956 ἐκπορευσιν.
1149 2889 1268 2954 Πῶς
1302 2892 1408 2962 γὰρ
1447 2895 1544 2946 οὐκ
1579 2897 1773 2946 ἄτοπον
1797 2912 1810 2924 ⁸

264 2967 462 3037 μᾶλλον
484 2969 560 3035 δὲ,
591 2973 706 3035 πῶς
737 2974 836 3026 οὐκ
863 2977 1096 3046 ἐσχάτης
1127 2979 1472 3050 βλασφημίας
1499 2986 1721 3053 πλῆρες,
1755 2987 1814 3038 τὸ

261 3061 399 3129 πρὸς
451 3063 618 3124 αὐτὰς
643 3063 741 3125 τὰς
798 3068 1134 3131 Δεσποτικὰς
1179 3072 1356 3138 φωνὰς
1413 3075 1809 3143 ἀπομάχεσθαι·

1935 635 2077 673 eam.
2115 621 2276 676 Velut
2307 635 2541 688 namque
2571 620 2862 674 Dominicze
2886 633 3041 671 voces
3063 618 3188 685 ipsa:
3215 633 3320 669 non
3348 617 3485 670 bene

1929 711 2209 774 haberent,
2243 721 2334 766 aut
2367 712 2446 765 eis
2476 711 2805 772 sufficerent,
2841 709 2922 763 vel
2963 709 3158 762 nullam
3184 707 3399 760 Patrum
3429 716 3483 760 ct

1926 802 2273 856 conciliorum
2323 803 2694 856 definitionum
2740 818 2803 855 ac
2833 801 3171 854 decretorum
3218 798 3479 851 rationem

1930 891 2212 952 haberent,
2239 907 2495 945 eorumve
2540 907 2605 944 eo
2641 892 2857 944 nomine
2895 890 3222 959 diligentiam
3253 904 3481 957 sperne-

1926 990 2066 1045 rent,
2098 992 2191 1034 aut
2234 982 2284 1034 in
2333 983 2528 1035 talibus
2564 997 2705 1035 czeco
2738 984 2914 1035 :mimo
2941 990 3140 1044 essent,
3177 983 3260 1034 vel
3298 980 3480 1034 nescio

1925 1072 2195 1139 quomodo
2249 1073 2370 1141 quis
2397 1073 2558 1125 etiam
2595 1074 2764 1141 possit
2806 1072 2982 1141 eloqui
3020 1081 3216 1138 ;atque
3275 1070 3477 1122 utinam

1924 1176 2025 1214 nec
2048 1177 2132 1214 res
2159 1175 2321 1224 esset,
2358 1161 2604 1230 pervenit
2640 1161 2703 1214 ad
2733 1171 2945 1214 nostras
2973 1177 3151 1223 aures,
3174 1160 3314 1228 quod
3340 1175 3479 1212 non-

1923 1253 2053 1304 nulli
2085 1253 2522 1314 Occidentalium,
2565 1252 2803 1306 divinum
2827 1267 2890 1304 ac
2921 1252 3316 1305 sanctissimum
3365 1250 3479 1319 Spi-

1923 1344 2084 1396 ritum
2128 1358 2235 1395 non
2278 1343 2448 1395 solum
2478 1359 2542 1396 ex
2581 1343 2689 1396 Deo
2718 1353 2772 1396 et
2801 1343 2976 1404 Patre,
3013 1360 3193 1394 verum
3220 1343 3379 1394 etiam
3411 1359 3475 1396 ex

1923 1435 2056 1488 Filio
2101 1435 2392 1503 procedere
2425 1449 2562 1488 novo
2591 1436 2839 1503 dogmate
2885 1434 3277 1498 introducunt;
3333 1435 3474 1487 niul-

1923 1534 2139 1590 tamque
2185 1522 2306 1575 inde
2342 1523 2537 1583 labem,
2586 1538 2683 1590 per
2737 1523 3065 1590 ejuscemodi
3119 1539 3326 1582 vocem.
3371 1523 3476 1575 illis

1920 1623 2123 1677 creant,
2183 1614 2273 1680 qui
2303 1613 2382 1667 eis
2408 1613 2639 1666 credunt
2689 1628 2752 1665 ac
2793 1623 3002 1680 parent.
3035 1613 3184 1676 Quod
3245 1629 3373 1667 vero
3409 1630 3470 1666 ex

1923 1721 2111 1758 eorum
2144 1716 2324 1759 mente
2345 1715 2449 1766 est,
2474 1707 2564 1773 qui
2606 1705 2684 1758 sic
2734 1705 3035 1757 inconsulte
3069 1715 3324 1772 occupata
3353 1706 3474 1772 opi-

1921 1797 2083 1850 nione
2104 1797 2289 1850 imbuti
2326 1807 2471 1860 sunt,
2499 1795 2597 1849 etsi
2625 1811 2888 1864 magnam,
2917 1803 3131 1864 propter
3161 1795 3473 1864 ignorantia:

1851 1865 1889 1918 Β
1921 1897 2095 1940 tamen
2151 1887 2424 1954 objeetum
2475 1886 2714 1938 velamen
2765 1885 2906 1938 haud
2954 1893 3152 1937 tantam
3204 1884 3280 1937 eis
3335 1883 3472 1936 forte

1915 1994 2105 2031 noxam
2151 1979 2445 2032 attulerint.
2475 1978 2748 2046 Proposita
2794 1991 2917 2029 vero
2943 1976 3208 2045 indagine,
3258 1991 3473 2028 eorum-

1914 2087 2017 2140 que
2059 2087 2244 2126 errore
2274 2087 2394 2124 cum
2426 2085 2488 2124 ex
2518 2069 2638 2123 aliis
2693 2068 2858 2121 sacris
2899 2068 3212 2136 Scripturis,
3247 2076 3357 2118 tum
3403 2081 3468 2120 ex

1914 2163 2026 2231 ipsa
2083 2163 2264 2231 utique
2299 2161 2572 2215 Dominica
2622 2174 2749 2211 voce
2794 2159 2985 2210 clarius
3014 2159 3308 2220 confutato,
3365 2157 3466 2210 nisi

1915 2256 2312 2324 quan'iprimum
2353 2254 2418 2307 ab
2459 2252 2761 2321 huiusmodi
2797 2251 3023 2305 absurda
3056 2250 3308 2318 opinione
3340 2250 3469 2303 resi-

1913 2347 2144 2416 puerint.
2205 2346 2462 2413 ociusque
2522 2345 2622 2405 his,
2673 2359 2792 2410 qua:
2845 2343 2946 2395 rite
2994 2342 3212 2410 probata
3240 2352 3366 2394 sunt
3405 2357 3469 2396 ac

1913 2435 2180 2504 proposita
2218 2451 2322 2487 non
2369 2432 2752 2502 acqnicvet'iut,
2786 2434 2850 2485 ad
2886 2449 3042 2500 quam
3083 2432 3466 2500 blasphemiam

1918 2525 2220 2580 istiusmodi
2252 2526 2622 2594 prolabantur,
2651 2540 2712 2577 ac
2735 2534 2944 2593 quanta:
2961 2524 3316 2577 damnationis
3349 2540 3469 2577 reos

1912 2620 2120 2688 scipsos
2145 2620 2396 2682 efficiant,
2421 2620 2519 2672 etsi
2542 2619 2756 2672 nemine
2781 2618 3120 2687 prindicante,
3147 2617 3301 2686 plane
3321 2631 3465 2670 com-

1911 2719 2124 2778 pertum
2174 2719 2282 2762 est.
2337 2709 2603 2761 Excideut
2651 2707 2792 2761 enim
2841 2722 2963 2760 cum
3017 2706 3236 2775 reliquis
3289 2706 3464 2766 bonis,

1911 2803 2072 2856 etiam
2126 2818 2154 2854 a
2188 2801 2399 2870 pietatis
2449 2816 2633 2860 sensu,
2668 2800 2890 2868 ipsoque
2930 2799 3114 2852 divino
3142 2798 3359 2866 Spiritu,
3410 2806 3470 2850 ut

1910 2895 1997 2962 qui
2029 2893 2258 2963 Spiritus
2286 2892 2530 2962 dignitati
2563 2892 2887 2956 detrahant;
2940 2891 3136 2959 quippe
3166 2890 3257 2958 qui
3288 2890 3469 2942 dicant

1912 2984 2058 3038 illuni
2094 3000 2156 3038 ex
2189 2984 2322 3037 Filio
2355 2983 2672 3054 procedere,
2701 2981 2909 3049 aliaque
2939 2980 3320 3048 processione;
3356 2987 3468 3030 tum

1910 3071 1982 3123 illi
2034 3071 2413 3124 contumeliam
2469 3070 2766 3139 irrogantes
2798 3111 2814 3134 ,
2876 3078 2988 3121 tum
3041 3076 3094 3121 et
3143 3063 3468 3134 singularem

262 3152 359 3203 xui.
388 3155 453 3222 τῇ
490 3154 761 3223 πανταχοῦ
797 3158 1067 3230 κρατούσῃ
1091 3161 1198 3214 τῶν
1233 3164 1482 3231 μεγάλων
1509 3168 1602 3219 καὶ
1629 3169 1810 3238 ἀρχιε-
1837 3197 1878 3253 C
1913 3178 1939 3214 ll

1791 3199 1810 3208 -
1837 3197 1878 3253 ε
1913 3177 2177 3229 unamque
2211 3160 2609 3229 processionem
2651 3157 2887 3212 ostentui
2923 3157 3200 3210 habentes.
3234 3157 3468 3222 Quomo-

263 3245 723 3315 ρατικῶνθρόνων
743 3248 816 3318 (6)
844 3253 1133 3322 παραδόσει
1153 3271 1210 3306 τε
1239 3257 1331 3308 καὶ
1347 3257 1662 3330 διδασκαλίᾳ⁴
1686 3262 1808 3313 ἀντ-

258 3337 648 3392 ιπανίστασθαι
681 3357 698 3406 ς

330 3683 404 3737 Δ’.
435 3687 544 3738 Καὶ
572 3687 678 3758 γὰρ
704 3689 788 3742 ἵνα
815 3692 938 3753 τοὺς
961 3692 1069 3762 πρὸ
1097 3693 1260 3748 αὑτοῦ
1289 3697 1450 3758 ἐάσω,
1483 3699 1574 3750 καὶ
1599 3699 1748 3751 Λέων
1777 3700 1805 3751 ὁ

258 3775 360 3842 τῆς
386 3775 600 3847 Ῥώμης
622 3781 924 3850 ἀρχιερεὺς,
958 3783 986 3834 ὃ
1001 3800 1058 3835 τε
1081 3784 1322 3849 παλαιὸς,
1341 3788 1432 3838 καὶ
1445 3786 1600 3838 πάλιν
1620 3790 1647 3838 ὁ
1669 3789 1804 3857 μετὰ

257 3867 446 3919 τοῦτον
474 3868 590 3932 νέος
621 3872 788 3936 Λέων,
827 3875 897 3923 τὰ
927 3874 1063 3926 αὐτὰ
1091 3876 1409 3944 φρονοῦντες
1436 3883 1499 3947 τῇ
1545 3879 1802 3948 καθολικῇ

259 3960 354 4012 καὶ
374 3961 697 4032 ἀποστολικῇ
731 3965 1043 4035 Ἐκκλησία,
1068 3968 1158 4020 καὶ
1180 3972 1288 4029 τοῖς
1309 3969 1412 4038 πρὸ
1434 3971 1610 4022 αὐτῶν
1629 3971 1803 4038 ἁγίοις

255 4049 589 4119 ἀρχιερεῦσι,
626 4055 715 4105 καὶ
750 4058 859 4118 τοῖς
890 4057 1261 4121 ἀποστολικοῖς
1291 4058 1651 4129 θεσπίσμασιν
1686 4065 1802 4114 ἐπι-

254 4138 576 4196 δείκνυνται.
614 4144 669 4198 '0
696 4145 814 4213 μὲν,
843 4149 910 4217 τῇ
935 4148 1164 4220 τετάρτῃ
1188 4151 1279 4203 καὶ
1301 4153 1647 4225 οίκουμενικῇ
1670 4155 1800 4225 ἁγίᾳ

1911 3253 1979 3306 do
2006 3251 2150 3304 enim
2180 3266 2286 3302 non
2333 3248 2624 3303 absurdum
2659 3265 2674 3312 ;
2710 3249 2792 3301 vel
2833 3247 3033 3316 potius,
3061 3247 3330 3316 quomodo
3359 3263 3464 3300 non

1908 3351 2165 3396 extremae
2205 3341 2422 3409 plenum
2460 3339 2803 3408 blasphemia:
2847 3351 2947 3401 est,
2990 3337 3279 3391 Dominicis
3337 3339 3467 3406 ipsis

1912 3429 2134 3483 vocibus
2181 3429 2497 3481 adversari?
2542 3429 2813 3481 traditioni
2851 3443 3062 3495 quoque
3110 3437 3162 3481 et
3208 3429 3467 3482 doctrinie

1911 3521 2186 3590 refragari,
2219 3537 2338 3590 qua:
2367 3520 2563 3588 ubique
2588 3522 2731 3589 apud
2758 3536 2973 3591 magnas
3003 3521 3264 3589 primique
3290 3537 3466 3574 sacer-

1909 3612 2037 3665 dotii
2071 3612 2224 3665 sedes
2253 3611 2433 3680 viget?

1979 3701 2066 3755 IV.
2103 3705 2276 3770 Atque
2308 3711 2366 3755 ut
2393 3702 2484 3755 illo
2532 3702 2840 3770 superiores
2869 3705 3135 3771 omittam,
3167 3705 3328 3759 etiam
3356 3705 3466 3758 Leo

1904 3793 2176 3847 Romanus
2196 3794 2431 3862 pontifex
2454 3833 2468 3855 ,
2503 3803 2614 3846 tum
2645 3795 2844 3858 senior,
2878 3806 3095 3866 tumque
3135 3813 3340 3860 rursus,
3372 3801 3464 3866 qui

1905 3885 2051 3938 illum
2101 3894 2320 3938 secutus
2372 3893 2470 3945 est,
2502 3882 2836 3951 Leojunior,
2870 3889 3055 3942 eadem
3084 3890 3283 3942 sentire
3340 3906 3461 3943 cum

1903 3973 2164 4026 catholica
2209 3981 2264 4026 et
2296 3972 2584 4041 apostolica
2616 3973 2875 4039 Ecclesia,
2924 3987 2978 4030 et
3015 3978 3215 4031 sanctis
3254 3979 3462 4047 episco-

1907 4067 2007 4135 pis,
2039 4066 2126 4133 qui
2160 4080 2254 4118 eos
2284 4075 2696 4133 praecesserunt,
2750 4083 2849 4121 nec
2879 4085 2984 4121 non
3028 4071 3338 4139 apostolicis
3365 4073 3463 4126 dc-

1906 4159 2068 4212 cretis
2084 4158 2352 4222 assentiri,
2372 4170 2687 4216 noscuntur.
2713 4163 2918 4233 Nempe
2945 4161 3110 4232 prior,
3139 4164 3230 4233 qui
3256 4175 3460 4233 quarm:

1766 4330 1991 4387 NOTAE.

256 4479 1365 4570 qummtainen‘eiusinepta.exaggeratio,
1418 4499 1474 4544 et
1501 4506 1606 4570 qua
1633 4492 1799 4570 confi-
1827 4491 1879 4550 D
1907 4493 2367 4570 testatenfundata,
2394 4505 2448 4570 et
2490 4513 2586 4570 per
2625 4498 2846 4552 aliarum
2889 4498 3140 4568 injuriam
3172 4512 3455 4570 provecta,

255 4552 696 4629 (_:‘iatur,ppra:ter
753 4552 942 4629 primoA
977 4552 1222 4629 traditam
1267 4558 1434 4629 fidem
1492 4552 1574 4612 vel
1636 4563 1802 4616 sacris

259 4617 688 4697 Evangeliis._vel
721 4617 879 4697 etiam
911 4622 1181 4697 S_ym_bolo,
1227 4627 1357 4679 nihil
1385 4643 1478 4695 per
1508 4630 1800 4685 Ecclesiam

256 4689 497 4753 potuisse
534 4688 654 4738 addi
703 4688 1074 4757 explicationis
1115 4711 1295 4755 causa,
1331 4688 1472 4749 et'ad
1521 4715 1688 4753 novos
1721 4718 1806 4754 er-

258 4770 409 4807 rores
455 4758 852 4823 coitvellcnclos,
883 4763 984 4815 nisi
1027 4779 1234 4816 summa
1268 4768 1568 4821 temeritate
1598 4781 1652 4822 et
1679 4785 1806 4823 con-

255 4835 465 4905 tenith
505 4825 810 4905 divinorum
859 4831 1215 4905 eloquioruiti,
1247 4837 1396 4902 quasi
1437 4837 1522 4888 illa
1554 4839 1665 4891 sola
1696 4856 1800 4894 non

255 4894 580 4972 sufﬁcerent.
608 4895 862 4972 Quodque
889 4894 1161 4972 [io-manus
1194 4894 1449 4969 pontifex,
1473 4908 1630 4959 etiam
1653 4921 1802 4963 extra

254 4963 838 5040 concilium“generale
884 4969 1103 5040 fecerit,
1152 4963 1287 5025 nihil
1336 4963 1551 5035 mirum,
1601 4990 1804 5033 cumet

255 5033 372 5097 ipse
409 5033 648 5114 conciliis
697 5039 1036 5114 generalibus
1067 5042 1194 5114 quid
1239 5033 1586 5098 sanciendum
1626 5048 1799 5114 palam

256 5107 676 5178 prinscripserit,
735 5107 1075 5174 regulamque
1121 5111 1366 5165 Patribus
1400 5107 1716 5176 dederitfut
1746 5119 1799 5170 in

255 5179 418 5251 tertio
478 5183 736 5248 sextoque
794 5179 1087 5241 praesertim
1144 5181 1330 5248 liquet,
1380 5199 1498 5251 qua:
1553 5184 1800 5241 fidelibus

250 5240 505 5290 omnibus
537 5240 929 5297 niaxitnwsunt
950 5240 1300 5304 auctoritatis.

285 5375 295 5384 ι
327 5309 403 5384 (β)
443 5309 551 5359 Καὶ
593 5313 1021 5384 ἀρχιερατικων
1073 5321 1315 5384 θρόνων.
1355 5321 1626 5378 Romanus
1660 5323 1791 5381 Cod.

253 5376 297 5428 Si
345 5376 484 5460 Pcnc
517 5376 987 5460 τοδίλίίίίιήδίθιίηςν
1026 5376 1452 5460 πλαέριςξρχικὼν,
1487 5376 1627 5460 Quod
1657 5376 1793 5450 forte

253 5445 467 5511 melius,
504 5459 596 5531 aut
621 5453 804 5504 saltent
837 5445 1161 5531 expressius.
1193 5445 1379 5514 E'xnhis
1404 5445 1547 5515 enim

253 5531 399 5600 mutu
430 5519 646 5600 sedibus
676 5533 891 5600 propter
908 5519 1202 5600 primatum
1231 5532 1534 5600 sacerdotii,
1566 5519 1792 5600 petenda

253 5585 620 5674 fidei;
664 5585 755 5642 sed
777 5585 1074 5674 iprascipue
1117 5612 1178 5674 ac
1211 5598 1461 5668 singulari
1496 5585 1791 5674 privilegio,

253 5667 283 5740 τι
323 5653 558 5740 Romana
583 5675 752 5740 ,“Clllll
797 5653 1248 5740 reliquis__sa:pius
1277 5653 1428 5722 error
1471 5653 1790 5740 o'hreps'eciit:

254 5728 548 5809 prmiserunt
577 5728 1218 5809 _Constantinopolitaiiat,
1260 5754 1378 5805 qua:
1423 5757 1556 5795 nova
1591 5728 1790 5809 l'loma;

256 5796 544 5849 secundum
572 5797 734 5867 jactat
764 5818 792 5853 a
829 5796 1070 5872 seuit-ire;
1098 5796 1213 5875 ipsa
1239 5796 1474 5865 siculari
1502 5814 1676 5882 potius
1701 5796 1791 5884 μυί

1906 4564 2658 4638 quam_Chi_jistiinstitutione
2689 4579 2781 4621 aut
2828 4564 3119 4638 apostolica
3156 4564 3184 4622 ε’
3203 4587 3307 4623 non
3349 4564 3459 4625 sic?

1909 4635 2148 4710 ut_sedes
2175 4635 2337 4696 Petri,
2380 4652 2538 4704 quam
2567 4637 2709 4690 fulsit
2755 4635 2934 4691 divina
2961 4641 3265 4708 protiiissio,
3291 4656 3461 4708 eaque

1908 4709 2189 4777 primatum
2219 4713 2383 4766 tenet,
2409 4722 2471 4759 ac
2500 4723 2662 4759 unum
2684 4710 2783 4761 sub
2800 4709 3016 4763 Christo
3034 4720 3192 4777 caput
3215 4710 3456 4763 omnium

1906 4771 2286 4850 Ecclesiarum,
2349 4778 2850 4850 ειυυιιιιπηιευὶωιι⁸
2889 4771 3112 4850 hahctf
3162 4779 3459 4847 ineptitque

1905 4841 2150 4899 l’hotius.
2191 4845 2280 4908 qui
2315 4859 2438 4903 sua,
2477 4841 2774 4901 aliorumve
2819 4846 3168 4900 Orientalium
3221 4841 3457 4902 auctori-

1907 4918 2031 4970 tate,
2079 4913 2123 4963 ei
2174 4913 2300 4983 velit
2357 4916 2704 4980 pneserihere
2735 4935 2746 4968 :
2781 4915 3018 4983 falsoque
3072 4919 3174 4970 sibi
3233 4918 3461 4971 assumit

1905 4995 2137 5054 oinnes,_
2177 4982 2264 5049 qui
2306 4983 2606 5054 verborum
2661 4982 3056 5038 Dominicorum
3115 4987 3458 5054 simplicitate

1903 5051 2160 5111 contenti,
2199 5051 2606 5118 explicationem
2649 5065 2830 5121 aperte
2861 5070 2969 5108 non
3008 5051 3300 5124 abjiciant:
3350 5056 3455 5108 ini-

1903 5133 2127 5191 rumque
2182 5136 2282 5173 nec
2334 5137 2495 5173 unum
2548 5134 2787 5176 veterum
2823 5125 3015 5178 afferre
3051 5126 3324 5191 potuisse.
3370 5126 3454 5178 vel

1901 5184 2173 5265 Photium,
2231 5191 2310 5241 vel
2361 5191 2493 5242 alios
2529 5203 2801 5265 sequaces,
2840 5195 2927 5261 qui
2957 5184 3202 5265 spiritum
3237 5210 3290 5265 ar
3320 5193 3455 5265 Filio

1899 5260 2249 5320 inliciaretur,
2298 5268 2388 5310 aut
2426 5276 2488 5312 ex
2520 5263 2631 5314 solo
2658 5261 2812 5316 Patre
2841 5260 3062 5324 diceret,
3093 5264 3196 5316 nisi
3245 5264 3330 5317 ubi
3365 5278 3454 5315 εο-

1898 5329 2000 5400 niel
2040 5331 2212 5397 plagio
2245 5344 2435 5381 manus
2467 5332 2720 5400 sacrilega
2771 5333 2957 5395 Steviit,
2999 5348 3097 5385 nec
3126 5342 3301 5385 tamen
3335 5333 3453 5399 pla-

1897 5397 2042 5470 gium
2089 5401 2340 5465 obtegere
2389 5401 2593 5466 potuit;
2631 5397 2686 5454 ut
2717 5417 2799 5454 ρει
2837 5413 3023 5456 auctor
3054 5401 3314 5470 Georgius
3336 5397 3454 5456 Me-

1899 5469 2114 5541 tochita,
2149 5472 2301 5536 cujus
2330 5473 2529 5522 utinam
2565 5487 2758 5525 aureos
2791 5472 2951 5525 libros
2997 5489 3026 5525 a
3069 5487 3153 5524 ine
3203 5469 3454 5541 acceptos

1895 5539 2194 5608 evulgassct
2248 5541 2356 5591 Leo
2425 5541 2670 5604 Allatius,
2724 5542 2931 5608 illisque
2981 5541 3196 5594 tertium
3247 5539 3449 5595 tomum

1894 5604 2112 5660 Griecia:
2163 5609 2489 5662 Orthodoxae
2538 5612 2768 5676 primum
2824 5604 3040 5663 fecisse.
3091 5611 3243 5663 Dolet
3302 5622 3449 5663 certe

1895 5678 2025 5729 tanti
2060 5680 2387 5732 confessoris
2432 5680 2855 5734 lucubratioucm
2905 5681 3071 5743 illam,
3109 5681 3306 5733 tuenda
3339 5680 3451 5732 lto-

1893 5762 2049 5871 maitila
2091 5758 2142 5801 et
2173 5750 2466 5818 apostolica
2522 5750 2648 5819 fide,
2696 5766 2796 5806 nec
2830 5750 3014 5806 Roma:
3059 5750 3303 5806 invenire
3354 5750 3446 5820 qui

1893 5831 1988 5871 ltro
2031 5829 2162 5871 ucat.

1892 5829 2162 5883 producat.
