4248 6444
828 358 936 422 799

1941 356 2196 418 PHOTII
2235 359 2730 421 PATRIARCHAZ
2768 365 2876 424 CP.

3942 377 4049 437 80-0

829 469 1176 523 mcumenieae
1252 478 1449 522 sancta:
1505 470 1705 540 synodo
1775 471 2031 524 momenti
2092 470 2506 540 plttrimumAa

2372 488 2381 524 ι
2411 475 2455 530 Α
2485 473 2686 543 συνόδῳ
2716 477 2915 548 πολλὴν
2945 477 3368 548 συνεισενεγκὼν
3407 482 3506 552 τὴν
3541 484 3908 553 συγκρότησιν
3947 487 4049 551 (7),

826 559 1027 622 attulit,
1060 570 1171 614 tum
1225 576 1318 628 per
1365 576 1546 614 sacros
1584 561 1728 614 viros
1767 577 1899 630 quos
1927 577 1990 616 ex
2017 578 2245 631 persona
2286 578 2382 618 sua

827 650 1029 719 legatos
1072 650 1359 702 destinavit
1433 667 1494 703 ac
1527 651 1756 704 vicarios
1779 692 1792 714 ,
1825 661 1879 703 ιιι
1920 668 2015 720 per
2062 652 2340 721 epistolam
2365 694 2379 718 ,

823 758 930 811 qua
969 743 1273 796 Nestorium
1318 754 1476 810 atque
1504 741 1778 814 Eutychen
1811 745 2098 812 prostravit
2131 762 2144 797 :
2172 744 2226 797 in
2275 760 2381 813 qua

824 837 985 889 etiam
1044 836 1300 904 Spiritum
1327 845 1570 887 sanctum
1598 853 1660 888 ex
1690 835 1844 889 l’atre
1878 837 2185 904 procedere,
2227 836 2382 904 juxta

821 927 1103 995 superiora
1131 927 1363 986 decreta,
1400 943 1508 980 non
1549 939 1726 981 autem
1767 943 1830 981 ex
1874 928 2029 991 Filio,
2049 929 2380 998 prtedicavit.

893 1102 959 1154 γ.
998 1103 1254 1156 Similiter
1288 1121 1414 1157 vero
1451 1106 1611 1158 etiam
1648 1105 1757 1160 Leo
1798 1107 1982 1173 junior
2012 1108 2205 1174 prioris
2234 1107 2380 1162 illius

824 1193 1021 1245 nedum
1067 1209 1283 1256 nomen,
1316 1194 1406 1246 sed
1445 1204 1499 1247 et
1555 1209 1734 1262 parem
1779 1194 1933 1246 fidem
1970 1196 2194 1263 adeptus
2229 1215 2241 1247 :
2292 1196 2380 1250 hic

822 1282 1076 1335 nimirum
1116 1301 1128 1346 ;
1157 1284 1263 1346 hic,
1296 1285 1531 1352 inquam,
1592 1285 1803 1353 pietatis
1841 1285 2054 1339 fervens
2080 1288 2376 1353 aemulator,

821 1383 880 1424 ut
909 1375 1057 1426 nullo
1097 1386 1271 1442 pacto,
1308 1376 1534 1428 barbaro
1568 1377 1819 1429 idiomate
1843 1377 2160 1430 intemerata
2181 1387 2380 1432 nostra!

821 1459 943 1512 fidei
994 1463 1170 1530 regula
1204 1475 1665 1531 corrumperetur,
1700 1464 1883 1516 Graeca
1908 1465 2125 1539 lingua,
2159 1475 2218 1518 ut
2258 1475 2311 1519 et
2345 1481 2376 1519 a

822 1551 1087 1616 principio
1119 1553 1315 1605 dictata
1367 1555 1540 1606 fuerat
1569 1564 1728 1621 atque
1757 1556 1910 1617 lecta,
1942 1571 2037 1623 per
2059 1572 2176 1608 eam
2219 1557 2375 1611 Occi-

818 1641 1125 1695 dentalibus
1173 1645 1490 1698 laudandam
1550 1663 1611 1700 ac
1686 1648 2078 1715 priedicandam
2137 1650 2370 1702 divinam

815 1740 1167 1798 sanctamque
1194 1732 1509 1786 Trinitatem
1537 1736 1771 1789 tradidit.
1810 1735 1992 1805 Neque
2025 1739 2075 1790 id
2102 1740 2266 1792 verbo
2286 1755 2373 1792 so-

817 1818 928 1871 lum
969 1821 1311 1887 acjussiouc,
1335 1838 1522 1875 verum
1557 1825 1716 1876 etiam
1747 1825 2062 1892 quibusdam
2112 1827 2376 1881 ancilibus

817 1911 965 1961 velut
1019 1911 1184 1962 titulis
1210 1911 1577 1964 coltnnnarum
1627 1929 1773 1965 more
1819 1915 2136 1977 inscribens,
2200 1918 2375 1984 obque

816 2002 1056 2052 omnium
1115 2018 1322 2068 ponens
1355 2005 1556 2065 oculos,
1592 2004 1658 2056 ad
1707 2003 1847 2058 fores
1889 2006 2127 2060 ecclesiae
2160 2008 2327 2060 aflixit
2357 2026 2370 2063 :

815 2106 923 2157 quo
960 2091 1207 2144 videlicet
1254 2095 1462 2146 cunctis
1498 2094 1671 2160 facile,
1698 2097 1948 2164 nullaque
1994 2099 2373 2166 depravatione

815 2179 972 2232 fidem
1006 2181 1281 2234 addiscere
1316 2183 1540 2247 liceret;
1585 2200 1686 2238 nec
1736 2202 1959 2254 usquam
1992 2188 2073 2240 via
2108 2200 2250 2242 esset
2278 2207 2372 2244 oc-

814 2271 972 2323 cultis
1003 2272 1264 2339 ejusmodi
1310 2274 1752 2342 depravatoribus
1790 2293 1853 2331 ac
1886 2295 2144 2332 vanorum
2175 2281 2373 2334 doctri-

814 2375 1004 2412 narum
1045 2364 1358 2416 auctoribus
1389 2366 1722 2420 adulterandi
1769 2379 2005 2423 nostram
2039 2370 2370 2425 Christiano-

814 2467 932 2504 rum
979 2451 1158 2513 fidem,
1207 2456 1539 2524 alteramque
1587 2468 1780 2525 praeter
1829 2461 2090 2538 Patrem,
2136 2463 2371 2532 Spiritus

810 2558 1051 2606 causam,
1083 2545 1275 2599 Filium
1307 2548 1627 2613 iuvehendi;
1677 2551 1764 2620 qui
1801 2553 1913 2621 pari
1944 2553 2170 2616 honore,
2205 2571 2311 2624 quo
2338 2573 2367 2610 a

806 2635 971 2688 Patre
1001 2635 1167 2690 Filius
1192 2639 1401 2706 genitus
1440 2651 1539 2701 est,
1582 2657 1611 2693 a
1643 2640 1797 2695 Patre
1830 2645 2087 2710 procedit.

885 2729 972 2782 Vl.
1007 2729 1190 2798 Neque
1225 2731 1276 2783 hi
1309 2732 1417 2784 duo
1456 2734 1629 2785 solum
1676 2734 1729 2785 in
1781 2734 2068 2790 Occidente
2100 2739 2368 2807 quondam

811 2821 1071 2877 micantes
1102 2824 1294 2876 sacrati
1331 2824 1450 2886 viri,
1501 2825 1569 2878 ab
1598 2827 1742 2879 omni
1793 2826 2085 2880 immunem
2132 2829 2369 2883 novitate

811 2914 1068 2981 pietatem
1113 2925 1397 2968 servarunt
1425 2919 1554 2984 (non
1583 2917 1726 2970 enim
1759 2918 1838 2972 sic
1891 2919 1988 2972 rati
2023 2920 2076 2972 in
2129 2919 2367 2975 Ecclesia

811 3003 1138 3059 Occidentali
1168 3008 1302 3060 sacri
1347 3024 1621 3076 pra’cones
1637 3020 1797 3078 atque
1836 3011 2104 3078 doctores)
2158 3028 2366 3079 verum,

815 3095 976 3149 etiam
1019 3099 1155 3151 alius
1187 3115 1372 3152 eorum
1411 3117 1516 3153 non
1548 3101 1700 3153 facile
1735 3102 2080 3155 numerabilis
2105 3113 2275 3157 cmtus
2307 3121 2368 3160 ac

811 3189 1029 3252 chorus,
1091 3193 1179 3257 qui
1220 3192 1343 3253 illis,
1390 3207 1524 3258 quos
1551 3193 1814 3254 dicebam,
1870 3194 2036 3256 viris,
2067 3195 2219 3262 quasi
2267 3213 2365 3250 ex-

811 3281 996 3332 tremis
1020 3282 1349 3348 summisque
1372 3282 1657 3349 interjccti,
1677 3282 1786 3350 pari
1815 3282 2026 3350 pietatis
2045 3284 2163 3338 luce
2181 3287 2364 3354 splen-

810 3371 1056 3424 desi-unt.
1085 3373 1217 3425 Cum
1251 3373 1411 3442 igitur
1429 3373 1667 3426 Ecclesia
1701 3375 1939 3430 Itomana
1971 3391 2074 3427 una
2105 3378 2364 3431 cumaliis

808 3472 1037 3528 quatuor
1067 3464 1222 3531 primi
1255 3466 1537 3519 sacerdotii
1583 3467 1798 3518 sedibus
1840 3467 2028 3519 eadem
2085 3469 2282 3524 sentiat
2310 3481 2365 3524 et

808 3554 1126 3606 ronlitcatur
1159 3572 1172 3617 ;
1231 3557 1359 3607 etin
1392 3567 1538 3624 petra
1576 3559 1853 3609 verborum
1891 3558 2098 3611 Domini
2145 3562 2364 3617 fundata

808 3641 878 3695 sit
907 3655 1066 3713 atque
1107 3646 1312 3699 firmata
1340 3663 1401 3700 ac
1433 3648 1662 3701 radicula
1694 3647 1931 3701 Ecclesia
1964 3651 2169 3719 (contra
2201 3670 2360 3723 quam

2483 564 2572 616 διά
2602 583 2660 618 τε
2685 567 2792 619 τῶν
2820 570 2898 631 είς
2925 570 3217 640 πρόσωπον
3243 571 3406 625 αὐτοῦ
3433 574 3731 627 σταλέντων
3763 577 3928 645 ἱερῶν
3957 578 4055 628 ἁν-

2483 655 2660 724 δρῶν,
2698 659 2791 709 καὶ
2835 658 2922 711 διὰ
2972 660 3071 728 τῆς
3120 661 3324 726 οἰκείας
3365 665 3671 734 ἐπιπολῆς·
3727 667 3792 718 δι’
3834 665 3903 737 ἧς
3959 675 4054 720 καὶ

2483 747 2773 817 Νεστόριος
2800 752 2891 802 καὶ
2927 752 3171 823 Εὐτυχής
3196 756 3650 826 καταὸέὸληνται·
3689 760 3744 810 ὲν
3855 761 3953 812 καὶ
3989 765 4057 812 τὸ

2483 838 2704 907 Πνεῦμα
2726 842 2785 892 τὸ
2812 842 2964 909 ᾶγιον
2991 845 3054 894 ἐκ
3079 843 3171 896 τοῦ
3209 846 3418 914 [ἰατρὸς
3448 848 3589 899 κατὰ
3613 848 3709 911 τὰς
3741 850 3848 918 πρὸ
3877 851 4050 902 αὐτο)

2484 930 2762 999 συνοδικὰς
2785 933 2996 1002 ψήφους
3015 950 3029 965 ο
3049 933 3164 987 ἀλλ’
3190 935 3310 1006 οὐχὶ
3338 938 3431 989 καὶ
3458 940 3520 990 ἐκ
3551 937 3646 990 τοῦ
3680 939 3809 991 Υἱοῦ
3845 942 4052 1009 ἀνεκή-

2484 1037 2673 1090 ρυττεν
2700 1021 3113 1090 ἐκπορεύεσθαι.

2551 1111 2624 1163 Ε’.
2665 1110 2936 1174 Ὡσαύτως
2964 1113 3020 1165 δὲ
3045 1115 3138 1166 καὶ
3162 1115 3190 1168 ὁ
3216 1119 3672 1188 μεταγενέστερος
3695 1120 3866 1181 Λέων,
3890 1122 3920 1172 ὁ
3947 1122 4055 1189 τὴν

2481 1203 2662 1256 πίστιν
2692 1205 2878 1275 ὥσπερ
2904 1208 3000 1273 τὴν
3030 1209 3219 1276 κλῆσιν
3249 1211 3562 1278 ἐφάμιλλος·
3591 1208 3744 1274 οὗτος
3772 1213 3859 1282 δὴ,
3887 1211 4048 1276 οὗτος

2479 1296 2507 1346 ὸ
2527 1297 2624 1362 τῆς
2648 1296 2924 1358 εὐσεϐείας
2953 1298 3153 1366 θερμὸς
3174 1299 3438 1371 ζηλωτὴς,
3471 1301 3545 1364 ὡς
3577 1301 3641 1354 ἂν
3669 1306 3810 1355 κατὰ
3838 1305 4047 1372 μηδένα

2478 1388 2676 1456 τρόπον
2715 1388 2973 1456 μηδαμῶς
3007 1392 3482 1460 παραχαράττοιτο
3523 1394 3783 1464 βαρόάρῳ
3817 1396 4046 1466 γλώσσῃ

2477 1478 2537 1529 τὸ
2562 1479 2825 1548 ἄχραντον
2849 1481 3007 1550 ἡμῶν
3029 1483 3126 1550 τῆς
3153 1483 3434 1546 εὐσεϐείας
3476 1486 3725 1555 μάθημα,
3774 1487 4046 1556 Ἑλληνίδι

2478 1573 2649 1640 φωνῇ,
2685 1571 2870 1642 ὥσπερ
2898 1574 2961 1643 δὴ
2989 1575 3082 1626 καὶ
3103 1575 3221 1626 κατ’
3254 1575 3425 1647 ἀρχὰς
3455 1576 3666 1646 εἴρηται
3701 1579 3800 1647 (8),
3833 1584 3950 1641 τοῖς
3984 1584 4043 1632 ἐν

2475 1663 2540 1729 τῇ
2564 1664 2719 1714 Δυσει
2741 1663 2806 1714 δι’
2833 1665 2996 1716 αὐτοῦ
3013 1665 3313 1731 δοξολογεῖν
3342 1667 3436 1717 καὶ
3465 1667 3732 1733 θεολογεῖν
3753 1670 3852 1737 τὴν
3873 1671 4044 1738 ἁγίαν

2479 1751 2682 1819 Τριάδα
2733 1754 3104 1823 παραδέδωκε.
3143 1756 3252 1806 Καὶ
3281 1756 3340 1808 οὐ
3371 1757 3512 1825 λόγῳ
3547 1760 3704 1826 μόνον
3744 1766 3838 1810 καὶ
3865 1779 4041 1831 προσ-

2477 1839 2749 1908 τάγματι,
2819 1842 2954 1894 me
3011 1845 3106 1896 κα)⁸
3161 1842 3373 1912 θυρεοῖς
3436 1862 3546 1896 τισι
3604 1850 3996 1914 πεποιημένοις
4026 1894 4039 1912 ,

2475 1929 2659 2000 ὥσπερ
2684 1933 2904 2002 στήλαις
2932 1936 3073 1986 τισὶν
3112 1935 3564 2005 ἀναγραψάμενος
3591 1956 3648 1989 τε
3673 1940 3766 1990 καὶ
3804 1942 3884 2001 εἰς
3917 1941 4042 2008 ὄψιν

2476 2023 2727 2075 ἁπάντων
2761 2024 3009 2094 προθεὶς,
3046 2028 3185 2079 κατὰ
3232 2029 3330 2090 τάς
3371 2030 3540 2092 πύλας
3585 2030 3685 2095 τῆς
3737 2032 4040 2102 ἐκκλησίας

2476 2113 2841 2182 προσέπηξεν·
2872 2117 2946 2177 ὡς
2976 2116 3041 2169 ἂν
3072 2118 3235 2169 πᾶσιν
3274 2117 3357 2187 εἴη
3391 2119 3571 2188 ρᾀίον
3603 2137 3660 2171 τε
3688 2122 3780 2172 καὶ
3814 2122 4039 2190 ἀκαπὴ-

2472 2204 2653 2256 λευτον
2689 2206 3047 2273 ἐκμανθάνειν
3090 2208 3188 2278 τὴν
3228 2210 3510 2262 εὐσέϐειαν
3532 2227 3545 2240 ·
3580 2212 3670 2263 κα)¹
3720 2212 4037 2281 μηδαμόθεν

2471 2298 2579 2357 τοῖς
2601 2298 2848 2365 κρυφίοις
2878 2301 3326 2368 παραχαράκταις
3347 2302 3440 2353 καὶ
3466 2302 3763 2370 κενολὸγοις
3787 2304 3863 2374 (9)
3901 2305 4034 2372 μέθ-

2474 2385 2589 2449 οδος
2631 2388 2717 2455 εἴη
2761 2388 3100 2456 κιδδηλεύειν
3133 2391 3289 2457 ἡμῶν
3317 2392 3425 2444 τῶν
3449 2394 3789 2461 Χριστιανῶν
3821 2397 3922 2463 τὴν
3945 2396 4032 2448 εὐ-

2471 2476 2704 2528 σέϐειαν·
2733 2479 2826 2529 καὶ
2858 2477 3106 2546 δεύτερον
3136 2481 3306 2532 αῐτιον
3335 2483 3573 2549 εἰσάγειν
3606 2483 3754 2552 παρὰ
3795 2483 3887 2534 τὸν
3916 2485 4031 2535 Πα-

2469 2566 2601 2636 τέρα
2631 2568 2721 2619 τὸν
2761 2569 2909 2634 Υίὸν,
2942 2571 3035 2622 τοῦ
3070 2573 3345 2641 ὀμοτίμως
3371 2574 3448 2643 τῷ
3476 2576 3787 2646 γεννηθέντι
3818 2578 3932 2647 Υίῷ
3966 2580 4030 2630 ἐκ

2468 2659 2560 2712 τοῦ
2586 2661 2793 2725 Πατρὸς
2819 2663 3245 2733 ἐκπορευομένου
3270 2666 3602 2736 Πνεύματος.

2541 2755 2631 2818 ς’.
2661 2755 2768 2806 Καὶ
2793 2755 2889 2822 οὐχ
2910 2758 2940 2822 ἡ
2964 2755 3091 2818 δυὰς
3116 2753 3255 2827 αὕτη
3287 2759 3444 2828 μόνον
3471 2761 3578 2812 τῶν
3613 2763 3772 2830 ἱερῶν
3793 2763 4025 2833 ἀνδρῶν,

2470 2846 2608 2896 κατὰ
2629 2846 2724 2914 τὴν
2747 2845 2909 2899 Δύσιν
2925 2848 3361 2919 διαλαμψάντων,
3381 2853 3479 2921 τὴν
3504 2855 3782 2908 εὐσέὅειαν
3802 2857 4028 2909 ἁκαινο-

2467 2935 2701 3005 τόμητον
2751 2937 3074 2992 διεσώσαντο
3126 2941 3258 3010 (οὐχ
3291 2942 3431 2995 οὕτω
3477 2946 3724 3008 σπανίζει
3763 2947 4026 3017 κηρύκων

2469 3026 2734 3095 ἐσπερίων
2777 3031 2809 3096 ἡ
2858 3028 3206 3097 Ἐκκλησία),
3240 3032 3372 3084 ἀλλὰ
3407 3035 3501 3087 καὶ
3530 3035 3684 3097 ἄλλος
3727 3038 3886 3105 χορὸς
3927 3040 4026 3090 οὐκ

2395 3148 2435 3203 C
2470 3117 2848 3187 εὐαρίθμητος·
2884 3121 2931 3172 οἱ
2965 3121 3213 3191 καθάπερ
3239 3124 3425 3194 ἄκροις
3455 3129 3566 3187 τοῖς
3592 3127 3902 3196 εἰρημένοις
3933 3131 4025 3182 ἀν·-

2469 3206 2626 3272 δράσι
2659 3208 3073 3278 ἐμπεριέχονταί
3104 3229 3162 3263 τε
3205 3214 3296 3264 καὶ
3331 3215 3768 3282 συνεκλάμπουσι
3808 3219 3906 3286 τὴν
3936 3220 4022 3270 εὐο

2470 3295 2701 3349 σέϐειαν.
2738 3298 2890 3350 Οὕτω
2917 3299 3044 3364 γοῦν
3073 3301 3172 3369 τῆς
3207 3303 3520 3371 Ῥωμαῖκῆς
3558 3306 3882 3376 Ἐκκλησίας
3910 3312 3927 3376 ζ
3938 3311 4020 3374 l0)

2468 3391 2578 3450 τοῖς
2614 3388 2791 3450 ἄλλοις
2839 3389 3129 3458 τέσσαρσιν
3180 3392 3583 3462 ἀρχιερατικοῖς
3636 3396 3846 3465 θρόνοις
3884 3416 4020 3468 συμ-

2470 3481 2748 3550 φωνούσης
2782 3499 2838 3533 τε
2873 3483 2964 3533 καὶ
2993 3483 3445 3552 ἁνομολογούσης·
3488 3489 3578 3538 καί
3628 3489 3686 3538 ἐν
3728 3492 3794 3558 τῇ
3843 3492 4019 3560 πέτρα

2467 3570 2573 3620 τῶν
2590 3570 2930 3620 Δεσποτικῶν
2960 3571 3216 3639 ῥημάτων
3237 3574 3588 3641 ὲνιδρυμένης
3617 3593 3675 3626 τε
3705 3580 3797 3629 καὶ
3827 3596 4013 3647 στηρι-

2469 3660 2697 3729 ζομένης
2729 3662 2827 3729 τῆς
2869 3661 3189 3732 Ἐκκλησίας
3215 3665 3370 3730 (καθ’
3405 3661 3471 3736 ἦς
3508 3667 3625 3720 οὐδὲ
3659 3669 3829 3732 πύλας
3864 3671 4013 3740 ᾅδου,

2288 3787 2518 3845 NOT/E.

877 3940 952 4006 (7)
999 3937 1476 4003 Συνεισενετκὼν
1522 3937 1636 4000 τὴν
1664 3941 2092 4005 συγκρότησιν.
2130 3939 2356 3992 Multum

805 4009 1070 4076 augmenti
1130 4008 1340 4073 opisque
1383 4009 1623 4058 contulit.
1676 4007 1807 4059 Nam
1862 4006 2012 4060 Suid.
2050 4013 2354 4077 συγκροτεῖ,

803 4067 974 4140 αὔξει,
1001 4067 1360 4145 συμπράττει.
1390 4077 1605 4128 Multum
1643 4079 1964 4129 monumenti
1989 4067 2165 4129 attulit
2193 4067 2224 4130 ἐ
2264 4067 2355 4131 illo

803 4147 1086 4201 conflaudo
1114 4147 1313 4198 inultus
1340 4147 1460 4207 luit,
1503 4147 1725 4214 ejusque
1757 4147 2176 4210 definitionibus,
2211 4164 2271 4200 ac
2311 4150 2354 4201 si

802 4218 932 4285 quid
973 4216 1232 4282 ejusmodi
1288 4232 1386 4267 vox
1433 4219 1746 4285 συγκροτεῖν
1781 4217 1846 4268 ad
1885 4218 2218 4285 propositum
2260 4233 2354 4284 po-

803 4296 908 4339 test
951 4285 1140 4353 exponi
1175 4305 1186 4337 :
1220 4302 1326 4337 non
1359 4287 1496 4352 quod
1545 4286 1716 4338 reddit
1765 4285 1952 4338 Metius
1979 4296 2125 4339 extra
2173 4287 2346 4340 Photii

803 4372 1055 4414 sensum,
1106 4354 1302 4406 Multus
1353 4355 1532 4407 laudes
1585 4365 1656 4406 est
1715 4365 1978 4408 arsecutus
2013 4371 2030 4406 :
2068 4357 2164 4409 etsi
2201 4358 2344 4413 enim

802 4426 956 4478 valde
1008 4425 1254 4494 laudatus
1283 4425 1333 4476 in
1381 4435 1569 4493 quarta
1601 4426 1803 4492 synodo
1845 4424 1951 4477 Leo
1968 4424 2096 4494 fuit,
2127 4427 2347 4494 ejusque

802 4495 1029 4562 epistola
1065 4496 1127 4546 ad
1179 4493 1508 4552 Flavianum.
1545 4494 1677 4546 nihil
1738 4506 1916 4546 tamen
1961 4493 2184 4548 Photius
2229 4493 2349 4547 eam

801 4565 1026 4617 arcessit
1058 4564 1290 4626 laudem,
1324 4566 1415 4616 sed
1444 4565 1550 4615 vim
1585 4564 1753 4631 ipsam
1780 4564 2036 4616 doctrina:
2061 4580 2122 4617 ac
2153 4574 2350 4618 rectam

803 4633 986 4692 fidem,
1013 4650 1115 4700 qua
1153 4634 1289 4685 idem
1332 4633 1435 4685 Leu
1474 4635 1675 4702 synodo
1707 4632 1933 4700 praeivit,
1968 4649 2192 4701 eamque
2222 4651 2352 4686 con-

801 4703 1058 4756 stabilivit
1109 4713 1268 4770 atque
1330 4703 1600 4755 instruxit.
1657 4703 1808 4764 Illud,
1849 4703 1940 4753 καὶ
1994 4704 2112 4770 οὐχὶ
2144 4705 2206 4753 ὲκ
2257 4703 2348 4755 τοῦ

803 4772 956 4833 Υίοῦ,
987 4772 1156 4824 Photii
1186 4774 1445 4840 glossema
1472 4785 1571 4832 est,
1599 4773 1881 4826 adversum
1913 4771 2122 4840 Leonis,
2147 4774 2348 4834 menti,

799 4843 889 4908 qui
941 4857 1006 4894 ex
1052 4839 1275 4908 utroque
1311 4843 1485 4909 palam
1528 4841 1782 4908 Spiritum
1839 4843 1951 4894 suis
1984 4843 2046 4894 ad
2087 4839 2350 4909 Hispanos

801 4911 992 4964 litteris
1031 4910 1301 4978 professus
1360 4921 1436 4964 est
1480 4928 1491 4962 :
1528 4911 1626 4963 etsi
1657 4912 1712 4964 in
1762 4913 1964 4981 synodo
2014 4911 2204 4964 Filium
2240 4926 2349 4964 non

800 4984 1080 5048 expressit.

872 5052 947 5117 (8)
990 5052 1211 5116 Ὥσπερ
1244 5048 1319 5116 δὴ
1359 5050 1482 5102 κατ’
1525 5051 1711 5117 ἀρχὰς
1737 5052 1980 5117 εἴρηται.
2019 5050 2288 5112 Quomodo
2315 5069 2348 5105 a

799 5122 1054 5188 principio
1085 5122 1307 5184 dictata,
1346 5131 1497 5186 atque
1533 5123 1673 5174 edita
1723 5121 1842 5188 fidei
1888 5119 2086 5188 regula.
2139 5120 2211 5170 Τὸ
2247 5123 2344 5189 τῆς

800 5189 1077 5258 εὐσεϐείας
1121 5192 1365 5257 μαθημα.
1415 5189 1616 5254 Nempe
1659 5189 1967 5258 Symboium
2009 5189 2342 5242 CPlitanum.

803 5256 891 5313 Sic
933 5276 1040 5312 non
1088 5261 1223 5313 bene
1255 5256 1479 5323 Metius,
1531 5261 1590 5315 Ut
1642 5256 1791 5311 initio
1825 5260 2019 5310 dictum
2054 5270 2158 5320 est;
2192 5262 2344 5324 quasi

800 5329 916 5394 ejus
944 5330 1141 5396 aliquid
1171 5339 1322 5382 antea
1351 5329 1946 5406 Photiusmeminisset.
1977 5330 2084 5381 Leo
2115 5329 2215 5406 iste
2245 5344 2344 5406 aut

802 5401 1059 5465 tiquitatis
1111 5409 1296 5460 tenax,
1356 5401 1667 5466 cogentibus
1727 5399 1910 5459 Gallis,
1963 5399 2187 5465 utquod
2243 5399 2341 5464 ipsi

797 5470 1019 5535 alit-que
1052 5479 1234 5537 gentes
1272 5484 1300 5520 a
1340 5468 1573 5521 Romana
1616 5469 1741 5521 sede
1773 5467 2123 5535 accepissent,
2167 5471 2342 5521 ltoune

798 5540 1039 5606 symbolo
1074 5541 1235 5591 inseri
1274 5554 1336 5592 ac
1366 5539 1641 5606 przedicari
1675 5540 1902 5605 juberet,
1937 5538 2144 5589 fortiter
2173 5538 2340 5588 obsti-

801 5599 880 5667 tit,
916 5625 1115 5678 negans
1146 5599 1542 5686 omnem-tidem
1588 5599 1746 5676 atque
1777 5608 2072 5686 doctrinam
2103 5608 2341 5686 symbolo

801 5680 1165 5740 inserendam;
1198 5678 1290 5730 sed
1346 5679 1475 5729 satis
1513 5694 1631 5731 esse
1666 5688 1734 5754 ut
1758 5687 1933 5730 mente
1966 5685 2225 5754 lellttz‘lll'll',
2265 5678 2338 5728 uti

802 5747 914 5816 ipse
962 5751 1176 5803 tenebat
1221 5764 1284 5800 ex
1343 5749 1604 5814 majorum
1640 5748 1876 5812 ratione,
1927 5761 2044 5800 esse
2083 5745 2338 5815 Spiritum

2457 3955 2699 3998 sanctum
2726 3948 2886 4001 etiam
2918 3965 2983 4002 ex
3015 3948 3168 4003 Filio.
3203 3950 3472 4006 Metucbat
3501 3953 3633 4007 forte
3653 3955 4009 4014 Orientalium

2455 4015 2828 4089 offensionem.
2868 4035 3026 4086 quam
3061 4037 3157 4074 nec
3207 4037 3269 4074 ea
3318 4022 3718 4089 dispensatione
3767 4028 4008 4085 Ecclesia

2456 4084 2694 4138 Romana
2727 4084 2898 4141 vitare
2930 4091 3123 4156 potuit,
3159 4100 3212 4143 et
3240 4100 3296 4144 ut
3328 4084 3805 4148 Schismaticorum
3841 4084 4010 4155 livore

2453 4156 2651 4233 erroris
2682 4156 2735 4207 in
2767 4157 2869 4211 fide
2897 4174 2958 4210 ea
2990 4171 3137 4226 parte
3168 4163 3832 4236 non‘notaretur,‘Photio
3867 4186 4006 4236 pra:-

2452 4223 2636 4297 sc‘rtim
2667 4236 2910 4297 auctore
2943 4246 2954 4280 :
2987 4223 3143 4294 quem
3196 4230 3491 4297 majoribus
3543 4223 3738 4286 animis
3788 4223 4008 4292 sec'utns

2454 4291 2679 4366 Michael
2723 4291 3050 4366 Cerularius,
3077 4299 3188 4366 pari
3219 4291 3331 4366 ipse
3374 4300 3562 4362 livore,
3593 4302 3893 4361 insanabile
3926 4291 4009 4362 di;

2454 4363 2681 4414 vortium
2712 4364 2856 4418 fecit.

2526 4431 2599 4500 (9)
2637 4435 2744 4511 Καὶ
2792 4436 3151 4511 κενολόγοις.
3203 4436 3353 4511 Legit
3393 4439 3587 4511 Metius
3638 4443 4004 4511 καινολόγοις·

2457 4503 2787 4577 ῃουᾳιονίὺω
2806 4521 2824 4556 :
2848 4505 2923 4556 uti
2945 4503 3102 4577 etiam
3132 4507 3184 4558 in
3217 4503 3400 4570 Pa'ulo,
3426 4509 3455 4561 I
3483 4509 3609 4563 Tim.
3638 4528 3712 4571 vr.
3747 4516 3832 4577 to,
3858 4503 4005 4570 varia

2456 4571 2614 4653 lectio
2642 4582 2725 4651 est
2761 4589 2787 4653 :_
2812 4589 2912 4653 nec
2928 4576 3023 4653 vel
3069 4577 3303 4645 antiquis
3345 4589 3572 4653 certum.
3605 4591 3782 4653 utrum
3820 4571 4004 4653 legen-

2453 4641 2578 4714 dum
2610 4643 2700 4704 sit,
2736 4645 2831 4705 τὰς
2861 4643 3118 4712 βεϐήλους
3146 4641 3496 4714 κενοφωνίας,
3530 4659 3587 4701 ut
3630 4652 3790 4705 modo
3819 4641 4004 4710 Caeca

2454 4711 2685 4792 habent,
2735 4727 2826 4792 an_
2863 4711 3248 4792 καινοφῳνίας,
3392 4717 3529 4792 legit
3554 4717 3711 4792 _Vulg.
3751 4721 4003 4792 favetque

2451 4779 2641 4853 Ehrys.
2688 4782 2995 4853 quodalias
3031 4779 3114 4846 τὸ,
3158 4779 3757 4853 βεῦήλους,’νὶάει·οἷιιι·
3786 4779 3999 4848 vacare.

2451 4848 2898 4930 ‘Sanequidquid
2945 4853 3120 4930 κενὸν,
3146 4848 3386 4930 uacuum,
3428 4857 3603 4930 inane,
3639 4860 3810 4930 ipsum
3839 4862 4000 4930 βέὸη-

2451 4916 2538 5040 λὲν
2569 4919 2658 5039 (‘id
2701 4916 2802 4982 est,
2840 4922 3160 4992 profanum)
3196 4939 3300 4976 non
3333 4916 3459 4978 item
3488 4916 3745 4996 quidquid
3790 4916 3996 4997 καινὸν,

2451 5002 2464 5039 Ι
2530 5003 2587 5040 es
2639 5005 2844 5040 novum.

2449 4996 2500 5040 id
2530 4996 2612 5041 est
2639 5005 2844 5041 novum.

2519 5059 2639 5128 (10)
2673 5058 2782 5121 Τῆς
2829 5058 3149 5126 Ῥωμαϊκῆς
3205 5060 3576 5127 Ἐκκλησίας.
3611 5063 3763 5128 Quod
3808 5067 4000 5123 Roma-

2448 5140 2569 5177 nam
2604 5127 2895 5181 Eci-lesiam
2933 5131 2984 5182 in
3015 5140 3221 5204 partem
3252 5131 3513 5204 dogmatis
3546 5127 3707 5186 trahit
3735 5135 3994 5204 Photius;

2446 5207 2759 5286 argument?
2783 5207 2863 5251 est
2895 5200 3122 5286 necdum
3155 5200 3537 5286 liqumiacrius
3566 5217 3862 5286 pugnaturn
3902 5200 3997 5277 pro

2447 5278 2510 5336 eo
2553 5266 2828 5336 articulo;
2873 5272 2953 5320 vel
2991 5270 3165 5336 potius
3207 5271 3274 5323 de
3329 5266 3581 5324 Romana
3625 5266 3865 5331 Ecclesia
3902 5266 3996 5332 'sic

2444 5334 2742 5415 dissimulat
2792 5334 3014 5389 Photius
3057 5354 3152 5405 pro
3183 5355 3277 5415 sua
3308 5356 3430 5415 cum
3477 5341 3694 5415 Joanne,
3728 5360 3865 5415 papa
3901 5364 3993 5402 ne-

2445 5404 2804 5485 cessitudine,
2851 5416 2918 5485 et.
2948 5404 3164 5484 accepta
3199 5410 3264 5485 ab
3305 5425 3368 5462 eo
3402 5404 3762 5485 indulgentia.
3798 5404 3906 5485 qua
3943 5430 3994 5472 et

2444 5473 2561 5550 ejus
2612 5474 2809 5542 legatos
2846 5476 2960 5557 sibi
3013 5473 3353 5557 consensisse
3398 5473 3650 5557 jac-tabat.
3689 5473 3837 5538 Alios
3868 5503 3993 5557 ergo

2445 5541 2975 5625 incertos‘suggillant,
3007 5555 3131 5614 puta
3153 5546 3329 5601 Gallos
3357 5541 3449 5602 aut
3471 5550 3758 5619 Hispanos,
3789 5557 3869 5612 sic
3901 5541 3993 5625 pii-

2443 5610 2544 5663 lam
2574 5626 2639 5687 ex
2666 5610 2798 5687 Filio
2816 5610 3150 5685 profitentes,
3175 5633 3204 5671 a
3231 5633 3457 5687 quorum
3483 5610 3642 5676 sensu
3667 5610 3860 5681 studet
3872 5610 3995 5682 σλο-

2442 5696 2563 5735 care
2588 5682 2997 5750 Aquileienscm.
