4248 6444
202 454 304 513 801

1356 435 1885 502 EPISTOLARUM
1927 436 2155 497 LIBER
2197 438 2244 496 Ι.

3344 433 3451 495 802

204 566 327 632 ἦτοι
363 560 429 611 τὰ
455 558 714 612 ἀπύλωτα
740 557 847 609 τῶν
879 553 1262 626 αίρετιζὸντων
1294 552 1559 619 στόματα,
1599 545 1773 616 μηδα-
1803 550 1850 603 Α
1879 559 1881 595 1

1803 550 1850 603 Α
1879 559 2053 610 neque
2104 546 2261 599 inferi
2305 553 2489 614 portas
2524 546 2567 577 ³⁸
2600 583 2614 607 ,
2649 558 2741 597 ora
2794 544 3043 598 videlicet
3075 544 3451 601 haereticorum

208 654 327 723 μῶς
356 652 558 720 ἰσχύειν
574 651 709 720 αὐτῇ
735 648 1092 718 διετράνωσεν
1117 647 1149 714 ἡ
1172 644 1443 711 ἀλήθεια),
1470 639 1653 702 πόθεν,
1683 637 1776 689 καὶ

208 749 277 799 ἐκ
308 747 465 797 τίνων
491 746 523 812 ὴ
549 743 705 811 καινὴ
730 741 867 809 α”ύτη
896 737 1295 808 παραναδύεται
1319 734 1460 786 κατά
1488 730 1579 784 τοῦ
1599 730 1778 783 Ἱινεύ-

212 856 385 906 ματος
417 835 731 905 βλασφημία
753 852 767 897 ;
795 832 906 886 Καὶ
930 831 1045 893 πῶς
1074 829 1172 882 ούκ
1196 828 1261 881 ἂν
1278 827 1363 895 εἴη
1388 826 1446 877 τὸ
1470 820 1780 890 συνενεχθὲν

212 930 427 982 ⁸πολλῶν
459 930 556 996 μὲν
586 927 735 991 ἀξιον
784 923 1103 994 στεναγμῶν
1123 939 1135 950 ·
1176 919 1387 973 πολλῶν
1415 917 1473 970 δὲ
1505 914 1778 985 δακρύων,

212 1024 418 1091 ’πολλῆς
449 1024 505 1074 δὲ
550 1019 784 1087 σπουδῆς
819 1018 1162 1087 ἀναχαιτίσαι
1200 1015 1301 1082 τὴν
1347 1011 1517 1081 νομὴν
1550 1010 1640 1061 τοῦ
1676 1008 1785 1061 πά·-

211 1114 368 1177 οους,
400 1114 492 1164 καὶ
525 1116 598 1180 μὴ
625 1113 841 1171 πλείους
880 1111 1013 1179 ὀρᾷν
1071 1105 1542 1173 καταὸοσκόμενον
1570 1100 1676 1154 τῶν
1707 1101 1785 1162 είς

218 1208 457 1275 ποίμνην
488 1202 622 1255 Θεοῦ
652 1201 1148 1268 καταλογισθέντων
1172 1198 1233 1251 τὸ
1263 1197 1507 1267 νόσημα;

300 1385 370 1433 Z'.
403 1384 501 1432 Διά
520 1399 601 1433 τοι
618 1380 774 1432 τοῦτο
795 1380 889 1432 καὶ
915 1381 948 1449 ὴ
977 1379 1008 1447 ἡ
1018 1379 1131 1446 μῶν
1155 1378 1441 1447 μετριότης
1461 1376 1647 1443 ὥσπερ
1673 1373 1793 1427 τινὰ

230 1474 401 1542 μέγαν
424 1472 520 1541 τῆς
558 1472 883 1540 Ἐκκλησίας
911 1471 1213 1539 πρόμαχον,
1252 1470 1345 1521 καὶ
1373 1462 1462 1521 οἷα
1500 1467 1565 1535 δὴ
1596 1467 1795 1518 σκοπὸν

225 1563 539 1631 τεθειμένον
598 1562 674 1631 τῷ
726 1563 858 1628 οἴκῳ
924 1561 1158 1631 Ἰσραὴλ,
1214 1560 1314 1627 τὴν
1382 1559 1652 1628 ὑμετέραν
1711 1556 1795 1609 ἐπ’

229 1655 400 1723 ἀρετῇ
434 1653 747 1720 τελειότητα
784 1652 1225 1722 προκαλούμεθα.
1264 1652 1355 1703 τὸν
1385 1652 1442 1702 ὲν
1489 1652 1554 1718 τῇ
1602 1650 1799 1720 καρδίᾳ

232 1748 397 1813 ζῆλον
427 1744 603 1797 ΞνΟεον
642 1749 719 1806 εἰς
757 1745 918 1813 μέσον
945 1744 1337 1813 ὲκπυρσεῦσαι·
1370 1743 1463 1793 καὶ
1497 1738 1584 1794 οἷα
1612 1760 1675 1811 οη
1702 1759 1799 1809 την

231 1840 335 1905 τῆς
385 1838 791 1907 ἀρχιερωσύνης
850 1837 1071 1906 λυχνίαν
1115 1836 1456 1897 ἀνάπτοντα,
1511 1836 1646 1886 πᾶσι
1688 1837 1798 1895 τοῖς

234 1929 610 1997 πλανωμένοις
664 1928 777 1995 φῶς
832 1930 1095 1997 σωτήριον
1159 1926 1490 1992 ὲναυγάσαιο
1552 1925 1645 1978 καὶ
1700 1927 1798 1995 τῆς

238 2022 449 2089 πλάνης
483 2022 580 2090 μὲν
614 2022 952 2089 ἀποστῆσαι,
998 2020 1407 2090 χειραγωγῆσαι
1441 2018 1495 2070 δὲ
1527 2023 1659 2087 πρὸς
1698 2019 1801 2072 ἀνὰ

237 2117 418 2166 πᾶσαν
446 2115 542 2181 τὴν
577 2114 901 2182 οἰκουμένην
935 2112 1326 2181 ἐξηπλωμένην
1356 2110 1656 2166 εὐσέϐειαν.

311 2206 393 2258 H’.
432 2205 649 2273 Πρῶτον
696 2204 793 2272 μὲν
831 2204 961 2272 γὰρ,
1009 2202 1082 2263 ῶς
1128 2201 1362 2271 εἴρηται,
1396 2200 1493 2269 τὴν
1518 2198 1802 2268 Κυριακὴν

238 2297 352 2364 ἔχει
398 2297 607 2365 φωνὴν,
674 2296 1057 2365 λαμπροτέραν
1112 2296 1290 2363 πάσης
1335 2293 1678 2363 λαμπηδόνος
1718 2291 1805 2354 se-

238 2391 725 2459 αστράπτουσαν,ἡ
758 2393 819 2441 ἐκ
847 2389 941 2441 τοῦ
967 2389 1176 2459 Πατρὸς
1200 2389 1291 2441 τοῦ
1315 2388 1450 2440 Πνεύ
1461 2404 1625 2458 ματος
1652 2386 1806 2436 ὲκπό-

242 2498 445 2550 ρευσις’
491 2483 621 2549 πρὸς
657 2484 721 2551 ἧν
753 2482 1165 2543 ἀναϐλέποντες,
1196 2482 1300 2532 κᾶν
1348 2481 1445 2548 ὀψὲ
1498 2478 1625 2545 γοῦν
1660 2480 1707 2529 οί
1742 2479 1803 2529 ὲκ

240 2574 335 2624 τοῦ
372 2572 497 2624 Υἱοῦ
528 2574 586 2624 τὸ
629 2574 850 2638 Πνεῦμα
879 2572 1330 2640 δυσφημήσαντες
1373 2568 1761 2637 ἐκπορεύεσθαι
1786 2606 1801 2628 ,

242 2663 647 2715 παυσάσθωσαν
680 2664 777 2731 τῆς
815 2665 873 2714 ὲν
912 2662 1089 2733 πλάνῃ
1135 2662 1230 2714 καὶ
1282 2661 1456 2729 σκότῳ
1501 2660 1803 2729 διατριῦῆς,

242 2759 342 2809 καὶ
380 2758 455 2829 τῷ
487 2760 621 2824 φωτὶ
650 2757 746 2825 τῆς
793 2755 1071 2817 εύσεδείας
1100 2754 1535 2823 ἐλλαμπόμενοι,
1583 2755 1662 2815 εἰς
1710 2752 1807 2812 τὰς

244 2851 437 2903 ἄδυτον
469 2849 693 2917 ἐχούσας
714 2848 949 2918 μάνδρας
982 2851 1080 2919 τὴν
1118 2846 1217 2916 τῆς
1246 2845 1553 2917 ὀρθοδοξίας
1588 2845 1809 2914 αἴγλην,

244 2945 360 3003 τοῖς
384 2941 627 2993 εὐσεὸέσι
654 2941 1089 3003 συνεισιέτωσαν,
1123 2938 1539 3007 καταιδούμενοι
1578 2937 1812 3007 μάλιστα

246 3034 345 3085 καὶ
374 3034 462 3085 τὸν
496 3032 807 3103 ἐπιστήοιον
838 3033 945 3085 τῶν
977 3033 1243 3104 οὐρανίων
1287 3032 1568 3099 δογμάτων
1606 3029 1813 3097 μύστην

248 3127 344 3177 καὶ
377 3128 753 3195 μυσταγωγὸν,
778 3127 867 3179 τὸν
888 3126 985 3195 τῆς
1017 3124 1289 3193 θεολογίας
1327 3123 1577 3191 Ἰωάννην
1603 3119 1811 3172 ἐπώνυ-

1878 640 2048 706 portis
2078 638 2337 699 carentia,
2380 639 2490 691 ullo
2521 648 2676 706 pacto
2700 637 2989 706 przevaicrc
3015 652 3195 705 posse,
3229 638 3453 707 ipsamet

1880 731 2179 784 declaravit
2225 732 2467 797 veritas),
2506 732 2669 795 unde,
2718 739 2772 783 et
2811 744 2876 782 ex
2908 730 3104 797 quibus
3164 746 3299 781 nova
3341 732 3454 783 ha:c

1880 827 2103 878 emersit
2131 824 2390 877 adversus
2420 822 2681 891 Spiritum
2703 822 3081 891 blasphemia?
3122 823 3187 875 Et
3220 838 3449 890 quomo-

1884 914 1955 967 do
2008 930 2116 968 non
2180 915 2365 968 multis
2411 914 2557 967 istud
2615 913 3050 982 prosequendum
3093 912 3342 982 lacrymis
3398 928 3459 965 ac

1887 1008 2139 1077 suspiriis
2169 1008 2192 1059 ?
2223 1007 2497 1074 Multaque
2519 1021 2655 1075 opus
2678 1006 2954 1075 diligentia
2997 1005 3061 1057 ad
3092 1006 3456 1059 cohibendum

1890 1100 2052 1169 hujus
2083 1101 2202 1152 mali
2236 1114 2601 1169 progressum,
2634 1114 2697 1152 ac
2738 1114 2808 1151 ne
2836 1099 3018 1168 plures
3038 1098 3329 1166 depascere
3382 1098 3460 1150 la-

1889 1194 2015 1248 bem
2061 1193 2360 1255 videamus,
2392 1206 2599 1257 eorum,
2633 1190 2727 1260 qui
2760 1190 2812 1243 in
2846 1190 2936 1243 Dei
2973 1204 3131 1259 grege
3182 1203 3467 1241 numeran-

1893 1290 2001 1335 ῑιιτ.

1964 1374 2069 1427 Vll.
2115 1373 2226 1427 llac
2290 1374 2452 1443 igitur
2484 1374 2549 1428 de
2604 1389 2785 1435 causa,
2820 1390 2919 1426 nos
2960 1392 3173 1445 quoque
3215 1379 3467 1441 humiles,

1896 1464 2045 1517 velut
2075 1480 2329 1532 magnum
2358 1465 2626 1533 quoddam
2654 1464 2907 1519 Ecclesia:
2941 1468 3211 1531 columen,
3248 1484 3307 1522 ac
3340 1487 3471 1536 qua-

1897 1559 1943 1611 si
1971 1558 2363 1626 speculatorem
2416 1560 2650 1626 positum
2688 1559 2867 1613 domui
2912 1560 3095 1625 Israel,
3129 1574 3471 1631 praestantem

1900 1659 2135 1703 vestram
2173 1666 2529 1717 provocamus
2561 1652 2838 1713 virtutem,
2875 1662 2931 1704 ut
2962 1652 3053 1704 Dei
3086 1654 3279 1714 zelum.
3312 1671 3471 1723 quem

1902 1759 1952 1794 in
1986 1744 2148 1795 corde
2180 1742 2409 1804 habetis,
2452 1743 2503 1794 in
2532 1743 2771 1795 medium
2806 1744 3019 1796 lucente
3064 1745 3272 1802 flamma
3306 1756 3475 1805 susci-

1904 1834 2397 1901 tetis:summique
2452 1834 2738 1886 sacerdotii
2776 1836 2922 1889 velut
2961 1852 3185 1893 accensa
3236 1843 3473 1906 lucerna,

1904 1925 2214 1979 errantibus
2241 1925 2496 1979 omnibus
2525 1926 2760 1980 salutare
2789 1930 2970 1983 lumen
3007 1932 3293 1995 invchatis,
3318 1946 3475 2004 atque

1903 2017 1968 2069 ab
1986 2032 2169 2070 errore
2199 2028 2471 2080 avocatos,
2508 2020 2572 2071 ad
2618 2019 2874 2087 pietatem
2908 2032 3021 2074 toto
3054 2034 3315 2078 terrarum
3348 2029 3476 2079 orbe

1904 2110 2246 2177 explicatam,
2279 2126 2442 2163 manu
2485 2111 2720 2166 ducatis.

1979 2201 2107 2254 \‘lll.
2150 2201 2390 2255 Primum
2442 2204 2659 2271 quidem
2704 2206 2799 2274 (uti
2828 2208 2938 2275 jam
2973 2210 3175 2264 dictum
3217 2212 3320 2277 est)
3372 2212 3476 2265 Do-

1906 2292 2157 2347 minicam
2202 2293 2412 2346 habetis
2439 2310 2646 2359 vocem,
2680 2298 2870 2365 quavis
2926 2299 3038 2353 face
3073 2301 3325 2364 lucidius,
3358 2302 3479 2371 Spi-

1906 2387 2069 2439 ritum
2102 2402 2131 2438 a
2165 2386 2321 2439 Patre
2347 2391 2643 2455 procedere
2672 2390 2991 2458 prodentem
3023 2410 3035 2443 :
3070 2394 3133 2445 ad
3176 2410 3333 2461 quam
3369 2405 3481 2447 tau-

1907 2478 2029 2531 dem
2094 2479 2384 2546 aliquando
2415 2479 2655 2531 levantes
2701 2482 2909 2544 oculos,
2964 2484 3052 2551 qui
3090 2500 3184 2552 per
3229 2484 3478 2554 blasphe-

1908 2568 2094 2629 miam.
2134 2570 2366 2637 Spiritus
2396 2586 2457 2623 ex
2495 2570 2632 2624 Filio
2654 2574 3065 2640 processionem
3098 2576 3311 2641 docent,
3342 2577 3479 2630 desi-

1909 2673 2043 2716 nant
2087 2663 2140 2715 in
2171 2678 2354 2715 errore
2386 2678 2447 2715 ac
2500 2664 2740 2717 tenebris
2777 2668 2977 2718 versari
3013 2684 3025 2720 :
3082 2668 3311 2737 ﬁdeique
3358 2669 3477 2723 lucc

1912 2756 2235 2819 collustrati,
2272 2756 2382 2825 pari
2414 2771 2535 2809 cum
2580 2755 2896 2813 orthodoxis
2930 2758 3131 2813 [cedere
3171 2762 3352 2815 caulas
3402 2762 3485 2814 in-

1913 2849 2240 2919 grediantur,
2268 2849 2599 2903 orthodoxiaa
2631 2852 2901 2906 radiantes
2923 2853 3133 2920 jubare,
3154 2855 3291 2923 quod
3314 2858 3489 2909 nescit

1914 2954 2164 2991 occasum
2192 2957 2205 3003 ;
2257 2955 2379 2992 eum
2413 2940 2711 3009 praesertim
2744 2942 2963 2995 reveriti
2995 2946 3085 3011 qui
3120 2959 3149 2997 e
3206 2944 3488 2999 Dominico

1916 3042 2132 3100 pectore
2190 3032 2396 3085 haustis
2446 3034 2763 3102 liquoribus,
2814 3036 3115 3089 cmlestium
3170 3038 3482 3107 dogmatum

1918 3122 2214 3190 discipulus
2244 3139 2304 3175 ac
2336 3124 2544 3186 doctor,
2580 3125 2827 3188 eUectus,
2875 3124 3109 3181 Joannes
3145 3146 3172 3181 ιι
3198 3128 3484 3200 Theologia

252 3236 372 3287 μον·
411 3220 501 3271 καὶ
533 3224 609 3281 εἰς
640 3219 933 3288 πρεσϐείαν
970 3218 1441 3287 προδαλλέτωσαν,
1480 3214 1812 3281 συγγνώμης
1844 3231 1885 3287 C
1919 3230 1929 3265 1

1811 3231 1812 3236 “
1844 3231 1885 3287 C
1919 3229 2115 3266 nomen
2151 3223 2232 3267 CSt
2265 3226 2626 3269 (ξριιερςυιιιδξ
2662 3232 2725 3270 80
2755 3218 3112 3273 ἰιιιυτςρςδοιε
3134 3238 3344 3273 γριιιειη]
3370 3238 3488 3290 prc-

250 3314 433 3380 τυχείν
463 3305 543 3372 οἷς
562 3312 889 3371 άπεναντίας
918 3310 1083 3362 αὑτοῦ
1119 3326 1180 3361 τε
1213 3310 1304 3360 καὶ
1338 3307 1433 3360 τοῦ
1463 3305 1780 3358 διδασκάλου
1801 3344 1816 3366 ,

250 3402 350 3452 καὶ
393 3403 499 3452 τῶν
548 3399 806 3468 μαοητῶν
851 3400 945 3451 τοῦ
996 3398 1452 3464 θεολογικωτάτου
1503 3396 1612 3463 (Η)
1654 3394 1821 3446 πάλαι

252 3494 385 3545 ποτὲ
408 3493 797 3560 ἐπανέστησαν.
830 3492 953 3553 Τοῖς
982 3491 1090 3559 γὰρ
1119 3492 1180 3541 ἐκ
1206 3488 1299 3540 τοῦ
1342 3488 1555 3557 Πατρδς
1602 3488 1695 3539 καὶ⁵
1725 3486 1820 3539 τοῦ

256 3585 388 3638 Υἱοῦ
429 3587 488 3636 τὸ
536 3587 798 3651 πανάγιον
847 3585 1067 3650 Πνεῦμα
1112 3578 1504 3649 ἐκπορεύεσθαι
1554 3578 1822 3647 δογματί-

255 3680 431 3738 ζουσι,
468 3675 561 3726 δύο
595 3675 807 3735 πάντως
849 3674 993 3725 αἴτια
1042 3673 1134 3737 καὶ
1167 3673 1331 3741 ἀρχαὶ
1362 3670 1818 3737 συνεισέρχονται·

257 3770 353 3819 καὶ
389 3770 421 3836 ἠ
449 3770 504 3818 ἐν
536 3769 597 3834 τῇ
624 3764 811 3834 Τριάδι
838 3762 1099 3832 μοναρχία
1130 3761 1355 3829 φροῦδος
1392 3762 1691 3829 οἰχήσεται.
1722 3758 1824 3809 Δύο

257 3860 367 3928 γάρ
396 3858 644 3928 φανερῶς
680 3860 792 3918 τοῖς
818 3856 957 3907 οὓτω
1002 3855 1217 3919 λέγουσι
1243 3854 1310 3904 τά
1344 3852 1491 3904 αἴτια
1519 3867 1823 3918 συνανακη-

261 3954 541 4021 ρύσσεται.
575 3952 634 4015 ἐξ
676 3943 750 4002 ὧν
772 3950 866 4001 καὶ
890 3950 923 4017 ὴ
966 3949 1064 4017 μία
1099 3948 1177 4007 εἰς
1216 3944 1307 3995 δύο
1340 3944 1512 4013 ἀρχάς
1543 3944 1817 4012 (τρέποιτο

258 4048 401 4098 δὲτὸ
442 4047 751 4115 βλάσφημον
782 4046 861 4107 είς
894 4044 993 4105 τὰς
1026 4044 1132 4094 τῶν
1171 4042 1359 4095 αἰτίων
1398 4039 1657 4108 κεφαλὰς)
1700 4056 1824 4089 συν-

262 4139 616 4206 διασχίζεται.

340 4231 418 4283 Θ’.
453 4232 658 4292 ’Ἄλλως
698 4249 751 4283 τε
784 4231 859 4295 δὲ,
894 4232 941 4282 εἰ
972 4230 1071 4299 μὲν
1106 4230 1283 4281 τελεία
1322 4231 1354 4298 ἡ
1393 4229 1455 4280 ἐκ
1482 4228 1573 4279 τοῦ
1618 4226 1823 4296 Πατρός

267 4322 416 4371 ἐστιν
464 4320 802 4387 ἐκπόρευσις,
848 4318 928 4381 τίς
965 4321 998 4388 ὴ
1042 4320 1198 4387 χρεία
1240 4319 1336 4385 τῆς
1367 4318 1621 4388 δευτέρας
1660 4320 1823 4369 ἐκπο-

272 4414 529 4478 ρεύσεως,
556 4412 655 4480 ἥδη
678 4413 774 4479 τῆς
803 4411 1134 4479 τελειότητος
1169 4414 1231 4462 ἐκ
1262 4412 1359 4478 τῆς
1390 4411 1659 4479 πατρικῆς
1691 4426 1823 4477 προ-

271 4507 388 4556 όδου
433 4503 820 4572 καθορωμένης
852 4502 927 4570 τῷ
958 4503 1231 4572 Πνεύματι
1261 4520 1274 4565 ;
1308 4503 1367 4553 ΕΞ
1410 4502 1453 4553 δ’
1480 4501 1692 4571 ἀτελὴς,
1742 4501 1825 4563 τίς

1924 3314 2135 3365 centur.
2164 3307 2305 3374 quod
2343 3308 2413 3359 illi
2447 3322 2507 3360 ac
2540 3309 2818 3377 magistro,
2838 3310 3337 3380 discipulorumque
3366 3314 3488 3366 albo

1926 3397 2207 3465 theologia:
2238 3398 2402 3450 radiis
2436 3400 2847 3464 micantissimo,
2895 3404 3180 3455 contrariis
3215 3405 3488 3471 opinioni—

1924 3489 2024 3543 bus
2064 3490 2386 3558 quandoque
2430 3493 2555 3545 olim
2589 3494 2933 3547 obstiterunt.
2995 3495 3146 3559 Quod
3185 3499 3329 3549 enim
3362 3513 3487 3550 san—

1926 3581 2197 3633 (llSSitIIUS
2253 3581 2485 3649 Spiritus
2524 3600 2551 3635 a
2599 3584 2755 3637 I'atre
2788 3594 2836 3638 et
2870 3586 3004 3639 Filio
3050 3589 3261 3640 dicatur
3300 3606 3485 3655 procc-

1926 3672 2074 3733 dcre,
2133 3672 2265 3725 duas
2306 3675 2532 3727 omnino
2583 3692 2773 3727 causas
2803 3692 2865 3729 ac
2899 3676 3156 3745 principia
3195 3688 3276 3729 est
3322 3678 3490 3730 intro-

1926 3765 2123 3817 ducere
2150 3783 2161 3817 :
2189 3782 2362 3833 eoque
2393 3768 2442 3817 in
2476 3776 2660 3819 sancta
2702 3767 2967 3821 Trinitale
3004 3770 3366 3822 monarchlaiu
3399 3787 3488 3840 pe—

1926 3854 2070 3906 nitus
2097 3856 2328 3909 aholere.
2366 3855 2462 3920 Qui
2482 3857 2623 3909 enim
2655 3860 2730 3909 sic
2766 3858 3089 3925 loquuntur,
3116 3860 3247 3911 duas
3275 3860 3494 3927 perinde

1928 3963 2116 3999 causas
2165 3948 2535 4015 prtedicabunt
2569 3968 2578 4000 :
2640 3950 2873 4017 hincque
2910 3951 3043 4002 adeo
3076 3967 3239 4002 uoum
3292 3954 3495 4019 pariter

1928 4038 2253 4105 principium
2303 4050 2499 4103 (vertat
2532 4039 2671 4092 Deus
2705 4041 2757 4092 in
2803 4057 3016 4094 reorum
3054 4053 3217 4111 caput
3248 4045 3497 4112 blaspbea

1927 4130 2109 4197 iniam)
2149 4131 2200 4181 in
2232 4132 2338 4183 duo
2363 4132 2654 4186 dividetur.

2007 4222 2093 4275 ΙΧ.
2136 4224 2419 4286 Prteterea,
2454 4226 2497 4277 si
2522 4226 2756 4293 perlecta
2792 4236 2873 4279 est
2904 4242 2966 4280 ex
2998 4229 3155 4281 Patre
3184 4231 3490 4297 processio,

1925 4317 2051 4383 quid
2091 4331 2227 4384 opus
2264 4325 2342 4369 est
2386 4317 2553 4369 altera
2594 4322 2938 4385 proccssiouc
2963 4361 2977 4383 ,
3011 4336 3133 4373 cum
3172 4338 3234 4374 ex
3272 4330 3492 4389 paterna

1922 4406 2032 4474 jam
2084 4408 2427 4475 proccssione
2483 4408 2717 4476 Spiritus
2746 4413 3019 4478 perlectus
3056 4428 3175 4465 esse
3235 4414 3496 4480 intelliga-

1932 4500 2056 4551 tur?
2110 4499 2205 4553 Sin
2261 4510 2440 4553 autem
2490 4502 2830 4569 imperfecta,
2887 4504 3006 4570 quis
3056 4504 3191 4556 feret
3230 4506 3370 4572 quod
3424 4507 3493 4555 ita

273 4594 485 4644 ύττοίσει
512 4570 579 4644 τὸν
604 4570 835 4655 ἄτοπον;
878 4570 1115 4659 Πρῶτον
1141 4592 1237 4659 μὲν
1266 4591 1372 4660 γὰρ
1404 4592 1431 4641 ό
1462 4570 1638 4641 τοῦτο
1667 4591 1826 4658 φάναι
1857 4570 1900 4623 D
1932 4605 1950 4641 ο

1820 4570 1900 4641 ιῘ)
1932 4590 2163 4643 absurde
2215 4591 2514 4643 asseritur?
2560 4592 2798 4644 Primum
2842 4595 2985 4645 enim
3025 4595 3113 4662 qui
3153 4597 3253 4647 hoc
3305 4595 3497 4647 audeat

273 4684 566 4753 τολμήσας,
597 4686 661 4752 τῇ
694 4682 990 4750 παντελείῳ
1018 4682 1203 4749 Τριάδι
1233 4682 1293 4732 τὸ
1332 4681 1519 4742 ἀτελὲς
1549 4682 1834 4752 ὲναπέρῤι-

271 4777 393 4843 ψεν.
428 4776 655 4826 Ἔπειτα
688 4775 743 4827 δὲ
774 4776 870 4827 καὶ⁸
899 4778 961 4826 ὲκ
989 4774 1082 4825 δύο
1124 4774 1285 4826 πάλιν
1317 4774 1516 4825 ἀτελῶν
1546 4775 1603 4825 τὸ
1636 4777 1833 4827 τελειο-

277 4867 428 4918 ποιὸν
458 4865 684 4933 Πνεῦμα
714 4865 1203 4932 συγκατεσκεύασε.
1234 4866 1339 4917 Ναὶ
1372 4866 1435 4935 δὴ
1465 4866 1557 4919 καὶ
1583 4866 1831 4918 σύνθετον

276 4960 629 5020 ἀπετέλεσεν,
676 4959 749 5019 ὠς
791 4961 853 5009 ὲκ
897 4959 989 5009 δύο
1018 4958 1176 5008 τινῶν
1211 4958 1428 5009 αίτίων’
1462 4956 1551 5008 καί
1591 4958 1712 5008 τότε
1746 4958 1834 5029 (ὣ

281 5048 529 5116 γλώσσης
569 5047 834 5117 ἀκρατοῦς
869 5050 959 5099 καὶ
989 5046 1211 5116 γνώμης
1243 5047 1604 5115 ἀγνώμονοςί)
1633 5049 1833 5111 ἀτελῶς

281 5143 338 5206 ἐξ
385 5143 641 5210 ἐκατέρου
685 5141 1115 5208 ἐκπορευομένου
1163 5138 1256 5190 τοῦ
1299 5138 1629 5208 Πνεύματος.
1670 5142 1731 5191 Οἱ
1779 5142 1833 5193 δὲ

280 5233 452 5303 ταύτῃ
493 5237 558 5301 τῇ
600 5234 880 5301 δυσφημίᾳ
928 5233 1165 5301 κάτοχοι,
1208 5232 1301 5283 καὶ
1340 5232 1527 5283 υἱωνὸν
1570 5235 1741 5285 εἰπεῖν
1775 5234 1834 5285 τὸ

283 5326 524 5395 Πνεῦμα,
554 5327 652 5377 οὐκ
678 5326 742 5376 ἂν
776 5326 1158 5394 ἀποκνήσαιεν.
1189 5324 1249 5375 El
1286 5323 1339 5374 δὲ
1369 5324 1467 5392 τὴν
1507 5327 1687 5393 φωνὴν
1736 5343 1834 5393 φυ-

352 5445 393 5475 ³²
434 5444 619 5498 Matth.
655 5460 765 5507 XVI,
798 5444 881 5497 18.

1932 4681 2133 4745 dicere,
2172 4680 2443 4741 Trinitati,
2476 4699 2593 4750 qua:
2620 4684 2795 4736 modis
2829 4685 3081 4737 omnibus
3110 4687 3345 4753 perlecta
3393 4697 3495 4749 est,

1934 4772 2393 4840 imperfectionem
2446 4776 2651 4828 tribuit.
2694 4776 2896 4830 Deinde
2955 4793 3107 4841 vero,
3163 4794 3228 4831 ex
3288 4780 3500 4831 duobtts

1934 4880 2150 4917 rursum
2202 4866 2552 4928 imperfectis,
2604 4878 2879 4921 auctorem
2940 4869 3115 4921 omnis
3150 4869 3500 4937 perfectionis

1936 4956 2199 5023 Spiritum
2231 4958 2547 5009 constituit:
2575 4959 2706 5027 quin
2754 4972 2804 5012 et
2838 4961 3221 5027 compositum,
3266 4962 3408 5013 Velut
3435 4977 3499 5014 ex

1934 5048 2144 5101 duabus
2190 5049 2508 5115 quibusdam
2556 5054 2736 5103 causis
2768 5068 2829 5103 ac
2862 5053 3198 5114 auctoribus,
3231 5052 3391 5105 fecit:
3448 5063 3501 5106 et

1934 5140 2005 5191 ita
2057 5142 2111 5207 (ο
2154 5140 2388 5209 linguam
2430 5139 2857 5192 incontinentem
2915 5150 2966 5193 el
3010 5145 3289 5209 reprobain
3345 5158 3499 5194 meu-

1936 5243 2041 5285 tem
2070 5236 2106 5300 ἱ)
2166 5250 2229 5285 ex
2283 5244 2509 5301 utroque
2568 5232 2882 5300 imperfecte
2938 5233 3169 5301 Spiritus
3226 5236 3495 5303 procedet.

1934 5326 2034 5391 Qui
2079 5328 2177 5380 hac
2211 5343 2372 5395 porro
2421 5336 2711 5379 teneantur
2751 5325 3086 5394 blasphemia
3114 5366 3127 5390 ,
3179 5342 3279 5380 nec
3326 5327 3498 5394 Spiri-

1839 5554 2070 5611 NOTAE.

354 5673 462 5740 (ll)
505 5669 632 5724 Τῶν
656 5669 936 5738 μαθητῶν
959 5670 1064 5721 τοῦ
1092 5667 1607 5740 θεολογικωτάτου.
1640 5665 1831 5719 Metius

283 5738 474 5814 plurali
508 5757 735 5814 numero
764 5741 967 5814 reddit_:
1004 5740 1069 5791 Et
1095 5742 1225 5814 alios
1255 5738 1568 5814 discipulos,-
1600 5752 1833 5814 non__ex-

286 5806 479 5883 plicata
508 5812 668 5864 etiam
690 5826 820 5883 voce
853 5811 1326 5883 θεολογικωτάτου,
1363 5806 1500 5883 velit
1527 5808 1665 5861 forte
1700 5807 1835 5883 Pau-

284 5877 418 5947 lum,
466 5897 736 5936 summum
782 5881 918 5934 inter
964 5881 1234 5949 apostolos
1290 5878 1627 5947 theologum,
1683 5877 1837 5945 cujus

1936 5670 2161 5736 perinde
2188 5669 2407 5747 vocibus
2435 5670 2578 5748 abuti
2607 5670 2825 5747 Latinos
2844 5669 3195 5748 sequentibus
3222 5678 3474 5748 causet‘ur

1941 5745 2007 5790 At
2054 5741 2347 5791 straminea
2397 5743 2596 5807 omnia,
2646 5756 2707 5795 ac
2730 5740 2859 5794 satis
2896 5740 3003 5807 jam
3036 5754 3303 5807 superque
3336 5754 3363 5790 a
3398 5741 3505 5791 Ca»

1945 5809 2157 5863 tholicis
2196 5810 2345 5864 elisa.
