4248 6444
819 427 927 493 803

1930 424 2188 484 ΡΠΟΤΠ
2229 426 2728 488 PATRIARClI/E
2763 428 2872 491 (ΣΙ).

3929 442 4052 508 804

821 546 940 592 tum
969 543 1224 604 nepotem
1271 533 1454 588 dicere
1481 531 1872 586 recusaverint.
1905 532 2020 587 Etsi
2049 533 2194 586 enim
2236 534 2375 587 hanc
2404 545 2448 595 Α
2475 534 2498 586 λ

2369 553 2375 586 :
2404 545 2448 595 Α
2475 534 2758 589 λάττονται
2792 537 2940 608 φόϐῳ
2969 540 3079 593 τῶν
3104 542 3363 597 εὐσεϐῶν·
3407 544 3523 599 ἀλλ’
3552 540 3648 601 οὑν
3670 548 3732 602 τὸ
3759 550 4046 621 φρόνημα.

821 641 1010 680 vocem
1044 627 1254 694 piorum
1284 632 1430 678 metu
1461 625 1652 684 vitant,
1689 632 1744 675 at
1769 629 1986 676 sensum
2023 635 2220 684 tamen,
2252 625 2374 692 qui-

821 719 926 772 bus
956 720 1026 771 ita
1056 718 1270 780 docent,
1305 716 1733 769 subministrant.
1759 712 1888 766 Nam
1917 715 1960 766 si
1990 714 2154 768 Filius
2182 731 2245 768 ex
2275 715 2375 767 Pa-

821 821 906 864 tre
960 810 1070 863 exit
1100 824 1195 877 per
1233 809 1654 877 generationem,
1707 806 1938 875 Spiritus
1973 823 2098 860 vero
2127 823 2192 860 ex
2243 805 2375 858 Filio

821 917 921 970 per
966 899 1365 967 processionem
1397 897 1626 957 exsistit,
1672 898 1828 965 plane
1886 898 1937 948 in
1972 898 2182 965 nepotis
2227 898 2375 950 ordi-

822 1006 944 1042 nem
976 991 1249 1044 transibit.
1291 990 1342 1041 ld
1376 1005 1503 1041 vero
1543 1005 1645 1056 qua
1676 991 1878 1042 ratione
1908 989 2209 1051 ferendum,
2253 990 2372 1056 qui-

823 1080 926 1131 bus
959 1095 1102 1132 cura;
1133 1080 1201 1132 sit
1232 1089 1287 1130 ut
1326 1079 1576 1146 pietatem
1625 1079 1821 1138 colant,
1856 1088 1909 1129 et
1944 1077 2373 1130 Christianorum

821 1183 1050 1220 numero
1069 1179 1388 1221 censeantur
1411 1167 1432 1217 ?
1453 1176 1546 1219 aut
1564 1168 1834 1234 qumnodo
1851 1167 2051 1219 diutius
2071 1166 2373 1234 neglectum

820 1271 892 1309 ne
921 1266 1194 1324 arguatur,
1231 1272 1337 1308 non
1366 1272 1459 1309 eos
1483 1257 1572 1324 qui
1601 1257 1780 1316 silent,
1814 1255 1903 1308 Dei
1937 1265 2114 1309 tamen
2152 1270 2376 1308 munere

823 1366 986 1403 sensu
1027 1350 1230 1417 praediti
1263 1359 1578 1417 suntatque
1615 1350 1801 1419 gratiis
1836 1350 1901 1402 ad
1935 1351 2289 1418 arguendum,
2320 1350 2374 1400 in

824 1442 1122 1510 parem,his
1151 1443 1241 1510 qui
1271 1443 1666 1511 blasphemant,
1709 1443 1888 1495 trahet
1918 1441 2190 1494 interitum
2217 1440 2239 1490 ?

895 1532 960 1584 Χ.
1005 1531 1084 1584 Tu
1115 1547 1246 1586 vero
1268 1534 1419 1595 mihi,
1452 1548 1730 1585 sacrorum
1767 1532 2043 1583 hominum
2076 1529 2376 1584 sacratissi-

822 1635 930 1684 me,
960 1621 1104 1688 quod
1133 1636 1194 1673 ex
1229 1621 1440 1672 illorum
1468 1620 1701 1672 absurda
1749 1619 2002 1687 opinione
2036 1619 2262 1685 emergit
2293 1617 2375 1669 in-

821 1712 1186 1772 commodum,
1217 1712 1294 1763 eis
1321 1711 1516 1777 objice.
1549 1711 1606 1762 Si
1636 1710 1779 1762 enim
1809 1710 1968 1763 etiam
1997 1709 2230 1776 Spiritus
2254 1724 2376 1774 pro-

823 1803 966 1856 cedit
996 1802 1110 1855 Filii
1144 1802 1518 1871 generatione,
1542 1816 1604 1855 ac
1635 1801 1792 1853 simul
1810 1801 1944 1853 alter
1971 1800 2187 1868 quidem
2212 1798 2378 1869 gigni-

2475 627 2542 678 δι’
2579 621 2653 679 ὧν
2682 630 3084 698 δογματίζουσι,
3122 633 3434 690 θάλπουσιν.
3478 639 3539 691 El
3563 641 3672 710 γὰρ
3701 643 3730 694 6
3779 644 3873 710 μὲν
3905 645 4047 705 Υἱὸς

2476 719 2538 769 ἐκ
2569 719 2663 771 τοῦ
2693 722 2904 790 Πατρὺς
2929 725 3014 776 διὰ
3041 729 3345 795 γεννήσεως
3376 732 3611 800 πρόεισι·
3636 734 3696 784 τὺ
3727 735 3953 804 Πνεῦμα
3982 737 4044 787 δὲ

2476 805 2538 855 ἐκ
2564 805 2655 856 τοῦ
2688 807 2815 858 Υίοῦ
2844 810 2910 860 δι’
2939 812 3341 881 ἐκπορεύσεως,
3378 821 3457 880 είς
3485 820 3680 872 υἱωνοῦ
3704 823 3852 886 τάξιν
3873 843 4048 894 περιο

2477 899 2747 964 στήσεται⁸
2777 900 3007 964 καὶπῶς
3050 904 3116 955 ἂν
3158 905 3243 974 εἴη
3278 907 3436 959 τοῦτο
3475 912 3705 978 φορητὸν
3736 917 3844 975 τοῖς
3876 917 4047 966 εὐσε-

2475 987 2587 1037 ϐεῖν
2628 990 2866 1057 σπουδὴν
2892 996 3260 1062 ποιουμένοις,
3309 999 3404 1050 καὶ
3437 1001 3514 1068 τῷ
3545 1001 3652 1053 τῶν
3693 1005 4045 1073 Χριστιανῶν

2475 1079 2758 1148 καταλόγῳ
2809 1085 3294 1153 συνεξετάζεσθσις
3344 1090 3376 1158 ἢ
3424 1093 3542 1154 πῶς
3575 1095 3665 1144 ἐπὶ
3699 1096 3830 1146 πολὺ
3885 1115 4042 1168 παρ-

2475 1170 2745 1238 ορώμενον
2771 1174 3158 1240 ἀνεξέλεγκτον
3173 1180 3232 1230 οὑ
3248 1180 3584 1245 συνελκύσει,
3614 1187 3737 1247 τοὺς
3768 1187 4043 1252 σιγῶντας

2479 1261 2597 1328 μὲν,
2623 1262 2712 1314 νοῦ
2742 1265 2797 1315 δὲ
2829 1266 2894 1318 ἐκ
2918 1266 3052 1318 Θεοῦ
3087 1271 3180 1321 καὶ
3210 1274 3446 1340 χαρίτων
3474 1274 3767 1345 διελέγχειν
3792 1280 4043 1332 ἀπολαύ-

2478 1366 2692 1417 σαντας,
2723 1357 2802 1416 εἰς
2823 1356 2922 1425 τὴν
2949 1358 3056 1411 τῶν
3086 1359 3593 1433 βλασφημησάντων
3617 1369 3926 1437 ἀπώλειανς

2546 1530 2602 1584 I'.
2647 1533 2720 1583 Σὺ
2745 1532 2800 1584 δέ
2824 1551 2914 1601 μοι
2963 1537 3170 1604 ἀνδρῶν
3203 1540 3363 1609 ιερῶν
3402 1543 3685 1612 ἱερώτατε,
3725 1547 3820 1600 καὶ
3871 1549 4039 1603 τοῦτο

2475 1621 2570 1688 τῆς
2604 1623 2782 1675 αὑτῶν
2824 1627 3024 1678 ἀτόπου
3063 1629 3223 1700 δόξης
3261 1633 3636 1702 ἀναφυόμενον
3678 1638 3865 1702 αὑτοῖς
3907 1642 4038 1693 ἐπι-

2474 1710 2706 1766 δείκνυε.
2741 1714 2804 1766 Ei
2847 1718 2954 1786 γὰρ
2983 1723 3048 1788 τῇ
3079 1722 3171 1773 τοῦ
3211 1723 3342 1775 Υίοῦ
3387 1728 3639 1795 γεννήσει
3675 1731 4038 1800 ἐκπορεύεται

2476 1804 2568 1854 καὶ
2595 1807 2656 1855 τὸ
2684 1807 2926 1876 Πνεῦμα·
2958 1812 3052 1863 καὶ
3082 1813 3197 1882 ἄμα
3224 1817 3252 1867 6
3285 1815 3407 1884 μὲν,
3435 1821 3708 1883 γεννᾶται·
3740 1824 3801 1874 τὸ
3827 1824 3903 1886 δὲ,
3942 1825 4037 1877 τοῦ

817 1901 910 1949 tur
942 1910 956 1957 ;
1007 1866 1315 1947 altervvero
1354 1909 1417 1946 ex
1453 1908 1517 1946 eo
1554 1893 1815 1961 procedit,
1847 1893 1939 1960 qui
1972 1866 2237 1961 gignitur,
2274 1866 2373 1945 seu
2409 1866 2494 1959 81

2360 1906 2373 1943 ι
2409 1866 2449 1924 Β
2477 1896 2812 1963 γεννωμένου
2842 1866 3222 1967 ἐκπορεύεται,
3245 1866 3638 1962 οὑδὲννὲλαττον
3662 1912 3756 1964 τοῦ
3782 1866 3914 1966 Υίοῦ

822 1985 1105 2048 nascitur;
1140 1985 1272 2037 nihil
1307 1984 1487 2037 minus
1515 1985 1676 2036 etiam
1716 1983 1968 2051 Spiritus,
1997 2000 2156 2050 quam
2187 1984 2372 2042 Filius.

821 2092 885 2128 ex
919 2077 1072 2129 Patre
1106 2077 1368 2146 gignendo
1396 2077 1667 2144 procedet,
1710 2076 2140 2144 quandoquidem
2158 2086 2377 2146 generat

823 2170 1016 2222 Filium
1075 2167 1268 2232 Pater;
1302 2166 1536 2236 Spiritus
1575 2183 1702 2220 vero
1737 2183 1838 2219 una
1865 2182 1988 2220 cum
2012 2167 2145 2220 Filio
2192 2184 2378 2236 proce-

821 2261 983 2312 dente
1013 2275 1107 2327 per
1139 2259 1558 2327 generationem,
1598 2259 1860 2326 procedit.
1891 2258 1984 2311 Sin
2017 2269 2197 2312 autem
2233 2259 2373 2311 aliud

821 2352 902 2405 eis
955 2363 1162 2418 tempus
1193 2350 1385 2403 Filium
1429 2366 1491 2402 ex
1523 2351 1683 2404 Patre
1711 2351 1980 2419 gignendo
2029 2351 2374 2419 cogitandum

823 2445 1043 2514 ingerit,
1073 2443 1219 2496 aliud
1253 2458 1380 2496 vero
1410 2441 1666 2511 Spiritum
1716 2459 1781 2496 ex
1807 2443 1947 2496 Filio
1976 2445 2265 2511 procedere
2295 2445 2374 2497 fa-

821 2537 895 2590 cit
929 2535 1173 2604 (forsitan
1204 2535 1347 2588 cnim
1397 2535 1571 2603 ipsum
1600 2536 1701 2588 hoc
1725 2534 1891 2604 pressi
1920 2535 2229 2588 diliicultate
2261 2535 2376 2587 lin-

824 2632 994 2698 gent),
1033 2643 1253 2696 prorsus
1286 2643 1504 2680 necesse
1538 2627 1639 2681 erit
1666 2637 1726 2680 ut
1771 2626 2023 2696 Spiritum
2049 2629 2166 2680 Filii
2211 2644 2374 2697 gene-

823 2719 1032 2771 ratione
1064 2716 1438 2784 posteriorem,
1465 2715 1660 2782 illoque
1691 2716 1960 2784 juniorem
1997 2726 2256 2770 statuant.
2281 2717 2373 2770 Sin

823 2817 1005 2861 autem
1031 2805 1328 2859 manifesta:
1365 2806 1523 2871 hujus
1549 2805 1838 2874 impietatis
1866 2806 2158 2874 periculum
2180 2808 2376 2861 subve-

823 2909 1008 2953 rentes
1055 2899 1371 2962 resilierint,
1406 2898 1590 2968 procul
1640 2898 1804 2951 dubio
1829 2898 2090 2961 Spiritum
2137 2900 2374 2971 genitum

823 3006 945 3046 esse
975 2990 1128 3043 fateri
1165 3001 1443 3059 cogentur.

899 3079 987 3132 XI.
1027 3080 1202 3132 Audio
1231 3089 1410 3132 autem
1449 3079 1582 3133 istos
1616 3078 1872 3133 adversus
1913 3076 2135 3131 Paulum
2158 3079 2373 3143 audere,

823 3171 1172 3238 divinumque
1218 3185 1341 3222 cum
1371 3169 1547 3222 virum
1581 3179 1767 3222 contra
1809 3183 2150 3222 communem
2193 3168 2372 3223 Domi-
2402 3197 2444 3254 ς

824 3278 954 3316 num
1007 3278 1069 3315 ac
1096 3263 1432 3331 magistrum,
1461 3263 1679 3316 haeresis
1698 3278 1806 3316 suae
1831 3263 2184 3330 patrocinium
2227 3264 2376 3331 obje-

825 3363 992 3407 ctare.
1027 3353 1191 3406 Aiunt
1212 3354 1354 3405 enim
1386 3353 1605 3416 dixisse,
1628 3353 1764 3405 Misit
1795 3353 1931 3406 Deus
1954 3352 2204 3418 Spiritum
2247 3353 2375 3405 Filii

824 3445 926 3503 sui,
968 3445 1281 3496 clamantem
1323 3445 1378 3494 in
1411 3444 1649 3495 cordibus
1680 3445 1888 3506 nostris,
1925 3445 2088 3509 Abba,
2123 3445 2285 3498 Pater
2309 3446 2372 3499 ³³.

827 3536 932 3589 Sed
965 3536 1061 3598 illi,
1091 3537 1179 3604 qui
1207 3537 1383 3588 verbis
1414 3535 1530 3588 istis
1561 3536 1797 3603 Apostoli
1835 3552 1982 3589 suam
2023 3552 2080 3589 se
2114 3538 2374 3590 inscitiam

824 3628 1145 3680 conlirmare
1198 3626 1527 3687 existimant,
1565 3627 1691 3679 illud
1734 3631 2001 3688 noverint,
2029 3628 2224 3695 quibus
2273 3629 2374 3682 sibi

824 3717 922 3771 niti
975 3717 1226 3770 videntur
1255 3717 1489 3784 Apostoli
1523 3718 1822 3779 sententiis,
1857 3718 2042 3770 iisdem
2072 3719 2237 3788 magis
2289 3734 2374 3772 cr-

822 3819 945 3855 rare
987 3805 1131 3870 ipsos
1162 3805 1330 3872 argui.
1367 3801 1482 3854 Non
1506 3805 1647 3855 enim
1677 3821 1758 3869 ea,
1800 3822 1918 3873 qum
1952 3807 2148 3859 Paulus
2197 3810 2373 3869 docet,

823 3911 887 3948 ac
918 3895 1191 3962 praedicat,
1225 3895 1352 3947 vitio
1383 3897 1639 3947 vertimus
1674 3914 1686 3947 :
1725 3897 1814 3949 sed
1845 3914 1947 3964 qua
1977 3897 2186 3952 divinas
2234 3899 2375 3953 illius

823 4001 984 4040 voces
1006 3988 1318 4054 depravant,
1360 3988 1820 4055 reprehendimus.
1858 3989 1923 4041 Et
1955 3991 2206 4056 quoniam
2255 4008 2376 4059 qua:

824 4090 924 4127 nec
952 4073 1087 4126 dixit
1117 4091 1347 4142 unquam
1382 4076 1484 4136 ille,
1513 4092 1612 4128 nec
1646 4084 1703 4128 ut
1737 4075 1942 4129 diceret
1973 4077 2021 4129 ei
2055 4078 2107 4129 in
2138 4089 2370 4132 mentem

822 4166 989 4228 venit,
1041 4166 1105 4218 ad
1149 4167 1264 4233 ejus
1289 4166 1610 4218 calumniam
1663 4166 2001 4234 impudenter
2050 4168 2370 4222 adducunt:

822 4271 997 4323 eaque
1046 4256 1251 4308 ratione
1297 4256 1496 4324 justam
1539 4255 1590 4307 in
1636 4256 1840 4324 seipsos
1894 4256 2374 4324 deprehenduntur

824 4348 965 4401 ferre
1015 4346 1375 4400 damnationis
1434 4347 1773 4400 sententiam.
1819 4347 1931 4400 Filii
1991 4347 2153 4418 igitur
2206 4349 2374 4417 Spiri—

827 4449 938 4491 tum
978 4437 1061 4490 vir
1117 4437 1199 4489 ille
1232 4437 1368 4490 cmlo
1399 4437 1666 4501 sublimis,
1722 4452 1749 4488 a
1783 4438 1939 4489 Patre
1978 4439 2201 4490 missum
2256 4455 2375 4492 esse

2474 1985 2534 2035 τὸ
2565 1987 2785 2054 Πνεῦμα
2827 1991 2892 2042 ἂν
2929 1995 3012 2061 εἴη
3045 1995 3110 2046 ὲκ
3145 1996 3236 2048 τοῦ
3270 1998 3480 2068 Πατρὸς
3507 2003 3608 2069 τὴν
3637 2004 3864 2073 πρόοδον
3897 2006 4040 2074 λαμ-

2476 2076 2636 2130 ϐάνον
2673 2081 2760 2132 διὰ
2786 2085 3118 2152 γεννήσεωςο
3163 2087 3321 2156 εἴπερ
3351 2093 3512 2160 γεννᾷ
3544 2095 3642 2160 μὲν
3670 2095 3698 2144 6
3727 2095 3915 2164 Πατὴρ
3947 2099 4039 2148 τὸν

2477 2168 2623 2232 Υίὸν,
2676 2172 2736 2222 τὸ
2770 2173 2992 2243 Πνεῦμα
3016 2177 3073 2227 δὲ
3102 2179 3180 2247 τῷ
3211 2180 3324 2249 Υἱῷ
3348 2181 3438 2234 διά
3461 2185 3762 2252 γεννήσεως
3789 2189 4036 2254 προῶντι

2476 2260 2852 2327 συμπρόεισιν.
2901 2264 2961 2317 Εἰ
3008 2265 3108 2333 μὲν
3135 2267 3242 2335 γὰρ
3275 2268 3434 2331 ἄλλος
3481 2271 3662 2331 αὑτοῖς
3707 2273 3896 2342 καιρὸς
3945 2275 4041 2325 τὸν

2475 2348 2601 2400 Υίὸν
2625 2352 2690 2403 ἐκ
2716 2352 2810 2404 τοῦ
2839 2355 3046 2425 [ἰατρὸς
3075 2357 3363 2412 ὑποϐάλλει
3394 2364 3462 2430 τῇ
3489 2364 3760 2430 γεννήσει,
3791 2364 3952 2427 ἄλλος
3981 2366 4040 2418 δὲ

2473 2444 2535 2494 τὸ
2574 2445 2797 2515 Πνεῦμα
2840 2448 2903 2499 ὲκ
2944 2448 3040 2501 τοῦ
3088 2450 3216 2503 Υίοῦ
3254 2455 3398 2504 ποιεί
3428 2455 3827 2524 ἐκπορεύεσθαι
3859 2459 3878 2520 ι’
3894 2459 4038 2525 τάχα

2474 2536 2580 2604 γὰρ
2599 2537 2862 2591 καὶτοῦτο
2883 2541 3327 2611 συνελαυνόμενοι
3342 2546 3789 2617 ἀναπλάσσουσι,)
3817 2549 4039 2612 πάντως

2473 2631 2534 2680 τὸ
2565 2630 2788 2699 Πνεῦμα
2820 2631 3079 2702 νεώτερον
3111 2636 3210 2702 τῆς
3240 2637 3336 2690 τοῦ
3372 2638 3501 2691 Υἱοῦ
3533 2642 3833 2710 γεννήσεως
3862 2643 4038 2709 ἀναγ-

2475 2720 2617 2791 κάσῃ
2656 2720 3086 2791 ὑποστήσασθαι.
3128 2727 3191 2778 El
3219 2727 3276 2779 δὲ
3307 2728 3509 2800 ταύτης
3558 2732 3657 2800 τῆς
3699 2734 4040 2801 περιφανοῦς

2476 2810 2768 2878 θεομαχίας
2795 2812 2885 2862 τὸν
2913 2811 3154 2865 κίνδυνον
3175 2814 3487 2884 ὑφορῶντες
3506 2817 3923 2886 ἀποστήσονται,
3957 2823 4038 2881 εἰς

2474 2901 2536 2953 τὸ
2570 2902 2826 2971 γεννητὸν
2855 2903 3137 2972 ὁμολογεῖν
3176 2905 3238 2958 τὸ
3275 2905 3499 2976 Πνεῦμα
3534 2909 3761 2972 ἑαυτοὺς
3809 2913 4038 2963 συνελά-

2477 3007 2676 3043 σουσιν.

2547 3083 2649 3134 IA'.
2686 3081 2894 3137 Ἀκούω
2925 3085 2983 3138 δὲ
3011 3085 3235 3150 τούτους
3261 3087 3689 3158 θρασυνομένους
3717 3091 3860 3144 κατά
3888 3091 4040 3144 Παύ-

2476 3172 2569 3225 λου
2596 3175 2689 3225 καὶ
2717 3175 2860 3226 κατά
2885 3175 2990 3244 ιτοῦ
3019 3177 3199 3230 κοινοῦ
3240 3181 3508 3232 Δεσπότου
3549 3181 3642 3233 καὶ
3678 3182 3996 3235 διδασκάλου
4016 3223 4035 3247 ,

2475 3265 2566 3316 τὸν
2603 3265 2743 3318 θεῖον
2788 3267 2996 3320 Παῦλον
3025 3269 3104 3329 είς
3154 3271 3480 3340 συνηγορίαν
3519 3272 3618 3340 τῆς
3661 3274 3869 3333 οἰκείας
3899 3291 4038 3342 προ-

2476 3356 2836 3424 ϐαλλομένους
2871 3358 3156 3427 αἱρέσεως.
3203 3360 3624 3421 Ἑξαπέστειλε
3665 3365 3771 3433 γὰρ
3795 3404 3811 3427 ,
3847 3367 4032 3431 φασιν,

2477 3444 2662 3511 εἶπεν,
2697 3451 2728 3501 ὁ
2758 3449 2901 3513 Θεὸς
2925 3449 2990 3500 τὸ
3021 3450 3258 3518 Πνεῦμα
3281 3451 3386 3504 τοῦ
3441 3453 3571 3506 Υἱοῦ
3602 3455 3786 3507 αὐτοῦ
3819 3454 4036 3521 κράζω-

2478 3538 2546 3589 ὲν
2573 3537 2699 3602 ταῖς
2729 3537 2990 3604 καρδίαις
3018 3537 3204 3606 ἡμῶν,
3222 3539 3387 3595 Ἀϐσᾶ
3417 3543 3451 3594 ό
3479 3541 3678 3609 Πατήρ
3704 3559 3716 3571 ·
3738 3543 3856 3595 ἀλλ’
3886 3545 3942 3596 οῖ
3971 3562 4036 3611 γε

2477 3628 2632 3680 τοῦτο
2667 3629 2724 3679 τὸ
2756 3631 2920 3697 ῥητὸν
2952 3631 3048 3698 τὴν
3083 3631 3289 3684 οἰκείαν
3339 3633 3624 3700 κρατύνειν
3672 3634 3910 3702 ἀμαθίαν
3945 3654 4036 3687 νο-

2482 3718 2745 3785 μίζοντες,
2777 3721 2951 3773 έκεῖνο
2979 3723 3414 3786 γινωσκέτωσαν,
3450 3724 3524 3786 ὡς
3562 3728 3618 3777 ὲν
3655 3721 3756 3788 οἷς,
3791 3728 3902 3789 τοῖς
3936 3729 4033 3780 τοῦ

2480 3810 2689 3862 Παύλου
2724 3812 2907 3880 ῥητοῖς
2947 3811 3416 3880 ὑπολαμϐάνουσιν
3461 3816 3868 3884 ἐπερείδεσθαι,
3902 3821 4034 3873 ἑαυ-

2474 3902 2598 3962 τοὺς
2652 3901 2847 3969 μᾶλλον
2897 3904 3308 3970 ἁμαρτάνοντας
3353 3905 3741 3976 ἐξελέγχουσιν.
3795 3911 3872 3963 Οὑ
3923 3914 4031 3980 γὰρ

2475 3993 2666 4054 αὑτοὺς
2703 3996 2759 4044 ἐν
2791 3989 2871 4056 οἷς
2916 3993 3176 4063 κηρύσσει
3223 3997 3430 4059 Παῦλος
3481 4001 3841 4070 μεμφόμεθα·
3891 4005 4034 4059 ἀλλα

2474 4081 2541 4133 δι’
2568 4075 2643 4134 ὧν
2671 4082 2767 4144 τὰς
2797 4083 3005 4134 ἐκείνου
3041 4083 3426 4147 θεοπνεύστους
3453 4089 3634 4154 φωνὰς
3667 4098 4029 4162 παραχαράσ-

2477 4191 2657 4227 σουσιν
2684 4173 3004 4242 αἰτιώμεθα·
3032 4178 3123 4227 καὶ
3149 4176 3388 4244 διότιπερ
3415 4177 3452 4230 ἃ
3479 4180 3614 4246 μήτε
3639 4177 3790 4233 εἶπεν
3844 4185 4030 4248 αὐτὸς,

2478 4269 2616 4335 μήτε
2651 4267 2780 4317 ποτὲ
2814 4267 3128 4334 ἐνενόησεν,
3163 4269 3242 4328 εἰς
3295 4271 3624 4340 κατηγορίαν
3669 4273 3835 4327 αὑτοῦ
3877 4280 4031 4331 ἀναι-

2477 4362 2760 4429 σχυντοῦσι
2788 4361 3138 4431 προκομίζειν
3156 4378 3168 4390 °
3193 4363 3278 4415 διὰ
3300 4363 3455 4416 τοῦτο
3480 4367 3694 4420 δικαίαν
3723 4370 3876 4425 αὑτοὶ
3903 4375 4030 4428 καθ’

2477 4453 2681 4505 ἑαυτῶν
2713 4453 3017 4505 ἁλίσκονται
3047 4454 3144 4521 τὴν
3175 4454 3515 4521 κατάγνωσιν
3547 4459 3918 4530 ἐπιφέροντες,
3957 4468 4032 4519 Τὸ

818 4530 977 4584 dixit.
1027 4527 1196 4580 Dicito
1223 4537 1277 4580 et
1323 4537 1376 4580 tu
1410 4529 1650 4582 eamdem
1677 4544 1739 4581 ac
1782 4528 1977 4582 Paulus
2009 4546 2215 4584 vocem.
2283 4532 2376 4585 Est
2402 4521 2495 4598 Β]

2357 4541 2376 4585 ι
2402 4521 2454 4579 D
2479 4545 2700 4612 Πνεῦμα
2724 4546 2901 4598 τοίνυν
2926 4545 3017 4598 τοῦ
3048 4545 3176 4598 Υἰοῦ
3197 4548 3225 4597 6
3257 4547 3546 4615 μετάρσιος
3571 4521 3855 4620 ἄνθρωπος
3878 4521 4029 4624 λέγει

821 4622 964 4676 enim
994 4620 1107 4673 Filii
1135 4621 1398 4687 Spiritus;
1427 4637 1548 4673 nam
1585 4637 1681 4674 nec
1708 4622 1932 4686 alienus,
1958 4638 2056 4676 nec
2086 4627 2374 4693 pugnantia

823 4713 1076 4781 loquitur,
1109 4722 1201 4764 aut
1225 4712 1271 4764 ei
1300 4712 1564 4763 contraria
1589 4713 1798 4765 sancire
1829 4713 1976 4765 visus
2001 4722 2082 4764 est
2103 4730 2368 4782 unquam:

821 4805 913 4858 sed
941 4804 1063 4870 quia
1091 4803 1229 4856 sicut
1251 4803 1490 4870 ejusdem
1519 4803 1765 4856 essentia:
1796 4819 1857 4856 ac
1890 4805 2102 4857 virtutis
2133 4816 2276 4869 sunt,
2300 4807 2372 4860 ita

819 4896 1060 4962 ejusdem
1109 4910 1319 4963 quoque
1370 4894 1578 4947 consilii
1611 4911 1672 4948 ac
1709 4896 2021 4956 voluntatis,
2072 4898 2371 4966 eodemque

821 4985 1066 5039 similiter
1089 4986 1247 5038 modo
1268 4986 1331 5038 ad
1359 5001 1522 5038 unum
1555 4987 1860 5040 referuntur
1893 4988 2016 5056 (qua
2059 4989 2192 5042 alter
2214 5000 2371 5043 natus

821 5085 924 5140 est,
955 5077 1089 5130 alter
1117 5078 1419 5145 processit).
1463 5075 1578 5130 Filii
1613 5076 1868 5146 Spiritum
1916 5081 2264 5148 nuncupavit.
2294 5081 2369 5135 Ita

823 5167 875 5219 hi
903 5183 1114 5236 quoque
1142 5168 1428 5235 loquantur
1461 5186 1474 5220 :
1522 5169 1807 5237 nullusque
1853 5169 1956 5221 erit
1981 5171 2068 5237 qui
2103 5172 2369 5225 hmreseos

824 5259 1113 5312 insimulet.
1141 5257 1256 5311 Non
1291 5259 1442 5318 dixit,
1479 5258 1713 5312 Procedit
1746 5278 1777 5311 a
1819 5258 1954 5313 Filio
1987 5277 2004 5313 :
2036 5264 2176 5331 quod
2205 5263 2246 5316 si
2278 5265 2368 5331 qui

821 5349 1021 5410 dicant,
1040 5364 1158 5400 eum
1192 5346 1336 5399 Pauli
1364 5348 1615 5400 doctrina:
1653 5349 1830 5415 injurii
1856 5359 2000 5412 sunt,
2030 5361 2139 5403 tum
2165 5367 2221 5404 se
2250 5354 2368 5420 Opi-

818 5440 997 5491 nionis
1030 5439 1290 5492 haereticm
1313 5455 1432 5492 reos
1460 5440 1811 5491 constituunt.
1847 5438 1938 5493 Sin
1962 5452 2139 5494 autem
2168 5443 2366 5498 idcirco

817 5530 958 5597 quod
999 5529 1194 5582 dicitur
1239 5528 1464 5596 Spiritus
1506 5527 1656 5589 Filii,
1691 5531 1850 5582 etiam
1900 5533 2191 5599 procedere
2241 5550 2363 5588 cunt

818 5620 1161 5682 existimant,
1194 5620 1404 5672 Patrem
1436 5634 1646 5688 quoque
1697 5636 1758 5673 ex
1785 5621 1917 5674 Filio
1949 5624 2237 5690 procedere
2267 5626 2361 5679 do-

888 5816 930 5845 ³³
958 5815 1072 5869 Gal.
1107 5834 1176 5881 tv,
1211 5818 1261 5869 (ἶ,

2477 4638 2807 4690 ἀπεστάλθαι
2839 4638 2989 4706 παρά
3025 4637 3118 4690 τοῦ
3150 4639 3380 4706 Πατρός·
3427 4642 3552 4708 λέγε
3585 4645 3678 4695 καὶ
3713 4647 3778 4698 σὺ
3805 4649 3906 4716 τήν
3935 4651 4030 4701 αὑ-

2475 4728 2572 4796 τὴν
2621 4728 2698 4795 τῷ
2745 4729 2940 4795 Παύλῳ
2989 4730 3188 4796 φωνήν.
3231 4730 3385 4781 Ἔστι
3425 4734 3532 4801 γάρ
3565 4733 3624 4784 τὸ
3662 4734 3884 4805 Πνεῦμα
3934 4741 4028 4792 τοῦ

2475 4817 2638 4881 Υἱοῦ,
2688 4819 2808 4870 ἐπεὶ
2841 4819 2961 4888 μηδ’
3007 4819 3317 4887 ἀλλότριον,
3370 4821 3491 4889 μηδ’
3537 4823 4028 4898 ἀντιφθεγγόμενον

2474 4911 2644 4979 αὑτῷ.
2697 4911 2818 4978 μηδ’
2870 4910 3312 4976 ἀντινομοθετοῦν
3367 4911 3520 4981 ὤφθη
3578 4918 3734 4968 ποτέ·
3778 4920 3896 4971 ἀλλ’
3945 4924 4026 4976 ὅτι

2473 4999 2659 5068 ὥσπερ
2695 5002 2791 5067 τῆς
2829 4999 2996 5065 αὐτῆς
3037 4999 3224 5060 οὑσίας
3257 5001 3350 5051 καὶ
3401 5001 3711 5071 δυνάμεως,
3761 5008 3903 5062 οὕτω
3937 5018 4027 5065 καὶ

2472 5091 2573 5159 τῆς
2621 5093 2789 5157 αὑτῆς
2851 5090 3041 5159 βουλῆς
3095 5092 3188 5142 καὶ
3244 5091 3504 5161 γνώμης,
3564 5097 3658 5149 καὶ
3705 5100 3803 5169 τῆς
3856 5104 4024 5172 αὐτῆς

2473 5181 2667 5250 ὁμοίως
2699 5182 2831 5250 πρὸς
2862 5181 2921 5232 τὸ
2947 5181 3026 5232 ἒν·
3059 5182 3115 5245 ἐξ
3141 5176 3222 5246 οὗ,
3256 5183 3315 5234 τὸ
3346 5185 3462 5252 μὲν,
3489 5187 3828 5256 γεγέννηται·
3857 5195 3918 5245 τὸ
3945 5195 4021 5253 δὲ,

2472 5269 2820 5338 ὲξεπορεύΟη,
2853 5270 3204 5335 συννεύσεως,
3239 5268 3392 5325 εἶπεν
3421 5271 3554 5328 εἶναι
3588 5278 3648 5328 τὸ
3682 5281 3903 5351 Πνεῦμα
3927 5285 4021 5337 τοῦ

2471 5359 2621 5410 Υίοῦ.
2651 5357 2805 5411 Οὕτω
2827 5361 3064 5412 κάκεῖνοι
3092 5362 3417 5428 λεγέτωσανο
3445 5366 3616 5429 οὐδεὶς
3642 5369 3838 5434 αὐτοὺς
3868 5376 4020 5442 αἶρέ..

2472 5467 2606 5512 σεως
2635 5452 2661 5502 6
2693 5451 3054 5519 γραφόμενος.
3086 5454 3198 5504 υὺκ
3231 5450 3382 5506 εἶπεν
3403 5495 3417 5518 ,
3465 5458 3878 5526 Ἐκπορεύεται
3915 5467 4020 5518 τοῦ

2479 5541 2642 5593 Υἱοῦ’
2675 5541 2738 5592 ἂν
2769 5541 2926 5592 τοῦτό
2957 5558 3097 5603 τινες
3142 5542 3369 5609 λέγωσι,
3403 5547 3496 5597 καὶ
3541 5548 3638 5615 τὴν
3683 5550 3898 5604 Παύλου
3939 5557 4018 5605 δι.

2467 5629 2758 5684 δασκαλίαν
2803 5629 3080 5701 ὑϐρίζουσι
3108 5673 3123 5697 ,
3170 5635 3260 5687 καὶ
3302 5635 3458 5705 δόξης
3496 5638 3777 5708 αἱρετικῆς
3821 5644 4017 5710 αὑτοὺς
