4248 6444
269 402 378 463 805

1409 394 1940 458 EPISTOLARUM
1972 394 2201 455 LIBER
2238 394 2291 455 Ι.

3370 391 3474 456 806

268 510 485 575 ἐνοχους
513 505 866 561 δεικνύουσιν.
920 506 982 560 Ei
1015 504 1062 558 δ’
1095 506 1177 559 ὅτι
1220 505 1437 572 λέγεται
1468 506 1534 557 τὸ
1583 505 1822 571 Πνεῦμα
1850 512 1892 567 Α

1868 504 2139 565 tcebunt.
2192 504 2401 573 Ubique
2435 502 2578 557 enim
2630 502 2784 557 Pater
2831 502 2948 557 Filii
2981 503 3220 572 dicitur;
3248 507 3473 561 multos.

265 595 376 647 τοῦ
418 594 554 647 Υἱοῦ
574 636 587 657 ,
617 594 704 646 διὰ
740 592 897 644 τοῦτο
922 593 1278 662 φαντάζονται
1318 592 1411 644 καὶ
1439 593 1498 645 τὸ
1526 594 1825 660 ἐκπορεύε-

268 685 430 737 σθαι·
480 686 572 735 καὶ
612 685 701 736 τὸν
733 686 946 754 Πατέρα
976 684 1067 736 τοῦ
1114 683 1243 735 Υίοῦ
1284 684 1701 752 δογματίσουσιν
1738 684 1827 733 ἐκ·

268 777 620 844 πορεύεσθαι.
667 779 895 845 Λέγεται
936 776 1041 845 γὰρ
1098 776 1125 826 ὁ
1176 776 1362 845 Πατὴρ
1412 773 1685 843 πανταχοῦ
1734 774 1824 826 τοῦ

272 866 428 917 Υίοῦ.
475 867 583 918 Καὶ
620 867 845 928 πολλοὺς
879 866 923 917 δ’
954 867 1020 918 ἂν
1050 865 1099 916 οἱ
1135 864 1364 917 τοιοῦτοι
1394 864 1690 933 προὸολέας
1735 863 1827 915 καὶ

270 958 421 1009 αἴτια
448 957 539 1010 τοῦ
573 958 881 1025 Πνεύματος
906 957 1317 1026 ὑποστήσονται.
1351 956 1581 1021 Λέγεται
1604 957 1709 1023 γὰρ
1741 956 1827 1007 οὑ·-

269 1046 359 1096 δὲν
382 1047 629 1107 ἔλαττον,
658 1048 752 1097 καὶ
779 1047 967 1113 σοφίας
1007 1046 1246 1114 Πνεῦμα,
1278 1046 1375 1098 καὶ
1416 1046 1690 1112 γνώσεως,
1736 1044 1829 1096 καὶ

272 1138 577 1206 δυνάμεως,
624 1139 717 1189 καὶ
764 1140 1021 1189 τοιούτων
1059 1138 1376 1209 θεοπρεπῶν
1408 1138 1601 1190 ἄλλων.
1635 1139 1695 1190 Ei
1735 1132 1828 1188 οὖν

271 1231 405 1281 διότι
452 1233 654 1283 τούτων
684 1230 743 1281 τὸ
784 1230 1003 1299 Πνεῦμα
1047 1230 1303 1296 λέγεται,
1333 1230 1419 1281 διὰ
1450 1229 1607 1282 τοῦτο
1638 1229 1729 1281 καὶ
1770 1229 1829 1293 ἐξ

274 1322 459 1373 αὑτῶν
506 1322 825 1374 ἀπαιτοῦσιν
868 1322 1280 1392 ἐκπορεύεσθαι,
1313 1321 1444 1391 όρᾷν
1481 1320 1625 1372 ἐστιν
1653 1320 1830 1371 αὐτῶν

275 1415 338 1467 τὸ
372 1414 532 1483 σοφὸν
556 1417 653 1483 τῆς
677 1415 936 1479 ἐπινοίας,
962 1417 1040 1473 εἰς
1065 1408 1175 1466 οἷον
1205 1413 1475 1485 βάραθρον
1500 1413 1706 1480 πλάνης
1734 1412 1833 1464 αὑ-

274 1506 404 1566 τοὺς
432 1506 857 1575 κατακρημνίζει
885 1506 978 1557 καὶ
1010 1506 1317 1574 ἀποπλανᾷ.

352 1594 449 1647 IB’.
478 1595 595 1645 Ἐτέ
605 1611 680 1664 ρῳ
704 1595 759 1645 δὲ
785 1595 969 1664 τρόπῳ
1000 1596 1161 1646 πάλιν
1184 1593 1370 1661 ’έτερον
1395 1592 1709 1661 βλάσφημον
1731 1590 1831 1659 τῆς

278 1686 460 1736 αὑτῶν
489 1688 680 1753 ὁρᾶται
701 1686 855 1753 δόξης
893 1686 1281 1753 ἀναφυόμενον.
1317 1686 1377 1736 Εἰ
1411 1685 1515 1755 γὰρ
1537 1684 1827 1751 ἐκπορεύε-

278 1791 371 1825 ται
413 1776 507 1841 μὲν
544 1776 603 1825 τὸ
629 1776 847 1844 Πνεῦμα
877 1776 939 1826 ἐκ
961 1776 1053 1827 τοῦ
1086 1775 1237 1826 Υίοῦ·
1261 1776 1359 1843 οὑχ
1396 1773 1619 1843 ὕστερον
1655 1774 1709 1825 δὲ
1732 1773 1830 1842 τῆς

279 1866 446 1917 αὑτοῦ
496 1867 794 1933 γεννήσεως
839 1867 959 1918 οὑδὲ
1000 1867 1299 1937 πρότερον·
1342 1866 1399 1917 ὲν
1441 1866 1548 1936 γάρ
1598 1868 1664 1936 τῇ
1695 1882 1830 1917 παν·
1860 1846 1906 1907 Β

282 1954 414 2022 αγία
436 1954 622 2021 Τριάδι
662 1955 728 2007 τὰ
765 1956 987 2023 χρονικὰ
1016 1954 1188 2005 ταῦτα
1237 1955 1594 2023 προσρήματα
1635 1970 1833 2005 παντε-

282 2046 390 2106 λῶς
418 2045 749 2115 ἀπελήλαται
776 2062 790 2074 ⁸
821 2046 867 2096 εί
898 2045 1075 2096 τοίνυν
1093 2046 1209 2110 ἅμα
1236 2046 1333 2112 μὲν
1363 2044 1719 2115 ἐκπορεύεται
1740 2044 1833 2096 τοῦ

286 2138 517 2205 Πατρὸς,
545 2137 663 2205 ἅμα
689 2137 745 2189 δὲ
774 2136 865 2189 τοῦ
884 2137 1035 2202 Υἱοῦ,
1067 2136 1560 2206 συνδιαιρεθὴσεται
1591 2140 1709 2199 ταῖς
1729 2137 1836 2189 τῶν

286 2229 735 2299 προϐαλλομένων
770 2230 1093 2282 ὑποστάσεσι
1143 2229 1236 2281 καὶ¹
1272 2229 1402 2281 αὑτὸ
1431 2230 1491 2281 τὸ
1536 2229 1835 2298 προϐαλλόο

289 2336 468 2392 μενον·
500 2324 589 2373 καὶ
609 2321 700 2373 δύο
724 2323 838 2373 ἀνθ’
860 2321 976 2383 ἑνὸς
1008 2323 1187 2383 αὑτοῖς
1221 2321 1370 2373 ἔσται
1409 2322 1470 2372 τὸ
1496 2322 1714 2391 Πνεῦμα
1736 2336 1750 2351 °
1777 2321 1837 2374 τὸ

292 2415 413 2483 μὲν,
442 2413 533 2465 τοῦ
570 2416 811 2484 Πατρός·
852 2414 912 2466 τὸ
957 2415 1032 2478 δὲ,
1066 2414 1157 2467 τοῦ
1208 2415 1337 2467 Υἰοῦ
1385 2415 1834 2483 ἐκπορευόμενον.

290 2508 401 2560 Καὶ
432 2508 536 2576 γὰρ
568 2507 716 2559 οὐδέν
742 2509 854 2559 ὲστι
884 2506 1123 2559 τοιοῦτον
1149 2506 1541 2574 καινιζόμενον,
1590 2507 1707 2558 οὑδὲ
1746 2506 1838 2557 ἐπὶ

287 2598 397 2651 τῶν
423 2599 508 2651 διὰ
549 2600 849 2667 γεννήσεως
878 2598 1148 2650 λαϐόντων
1174 2599 1269 2668 τὴν
1299 2597 1529 2667 ὓπαρξιν
1551 2612 1565 2626 ⁸
1609 2597 1840 2667 διαφορὰ

294 2690 394 2758 μὲν
428 2692 534 2760 γὰρ
565 2692 698 2760 ὁρᾷν
740 2691 851 2741 ἔστι
880 2690 1001 2742 καθ’
1032 2689 1322 2741 ὑπόστασιν
1354 2693 1416 2742 ὲκ
1453 2690 1582 2755 μιᾶς
1630 2692 1721 2741 καὶ
1743 2691 1839 2756 τῆς

288 2782 458 2850 αὑτῆς
491 2784 747 2852 προϊόντα
781 2782 1125 2845 ὑποστάσεως
1149 2799 1162 2812 ’
1188 2782 1243 2834 ἓν
1277 2783 1333 2836 δὲ
1363 2784 1456 2835 καὶ
1479 2784 1540 2833 τὸ
1566 2782 1694 2834 αὑτὸ
1720 2782 1840 2833 καθ’

291 2874 588 2925 ὑπόστασιν
643 2875 706 2925 ὲκ
764 2873 1031 2943 διαφόρων
1065 2876 1332 2942 προϊέναι,
1380 2876 1472 2926 καὶ
1507 2874 1580 2945 μὴ
1609 2873 1842 2925 συνδιαι-

296 2965 507 3033 ρεῖσθαι
559 2966 677 3026 ταῖς
733 2965 1178 3033 προϐαλλομένων
1229 2966 1609 3028 ὑποστάσεσιν,
1652 2964 1840 3035 abte!)

293 3058 503 3124 γένεσις
521 3053 676 3119 οἶδεν,
716 3057 834 3108 οὑδὲ
856 3057 910 3107 εί
938 3073 989 3108 τι
1028 3058 1270 3125 κρεῖττον
1294 3057 1390 3122 τῆς
1416 3055 1703 3123 γενέσεως.

366 3242 462 3292 ll".
500 3241 607 3291 Καὶ
644 3241 750 3308 γὰρ
778 3240 960 3299 παῖδες
991 3238 1085 3307 μὲν
1117 3238 1297 3289 πολλοὶ
1322 3237 1599 3303 πολλάκις,
1622 3240 1684 3289 ἐκ
1714 3238 1841 3307 μιᾶς

296 3334 391 3385 καὶ
420 3336 513 3399 τῆς
551 3334 717 3399 αὐτῆς
741 3331 946 3397 νηδύος,
980 3330 1073 3381 καὶ
1102 3331 1237 3397 ἅμα.
1287 3330 1379 3381 καὶ
1412 3332 1580 3398 χωρὶς
1610 3331 1841 3399 ὁρῶνται

294 3422 777 3491 τελεσφορούμενοι
801 3437 812 3449 ·
856 3423 951 3471 καὶ
980 3423 1012 3488 ὴ
1043 3422 1177 3488 αὑτὴ
1209 3422 1327 3489 χεὶρ
1372 3424 1464 3472 καὶ
1503 3420 1717 3482 τύπτει,
1750 3422 1843 3473 καὶ

296 3513 493 3583 γράφει
524 3514 616 3564 καὶ
649 3513 927 3581 εὐεργετεῖ
948 3551 963 3575 ,
1004 3513 1094 3562 καὶ
1128 3513 1258 3577 πρὸς
1291 3513 1352 3562 τὸ
1390 3511 1539 3563 Θεῖον
1568 3513 1842 3563 ἀνατείνε-

295 3619 416 3654 ται·
452 3604 508 3653 τὸ
529 3603 755 3671 γράφειν
784 3603 838 3653 δὲ
862 3602 1039 3670 χειρὸς
1074 3601 1228 3671 ἔργον
1256 3602 1542 3671 ὀλόκληρον
1575 3602 1681 3672 (12)
1713 3606 1843 3673 ὀρᾷν

298 3696 389 3745 καὶ
422 3693 575 3753 ποδὸς
599 3692 796 3760 ὁμοίως
821 3708 834 3720 ·
874 3692 907 3761 ἢ
936 3692 993 3743 τὸ
1024 3691 1255 3760 βαδίζειν
1282 3690 1537 3752 ὡσαύτως
1559 3692 1665 3742 τῶν
1695 3694 1843 3759 εἰρη-

302 3786 476 3852 μένων
504 3782 839 3851 ἐκατέρου,ἢ
880 3782 939 3833 τὸ
971 3783 1183 3850 βλέπειν
1227 3783 1466 3850 ὄμματος
1508 3784 1598 3832 καὶ
1624 3783 1779 3843 ὠτὸς,
1810 3783 1844 3851 ἦ

297 3879 364 3927 τά
385 3876 623 3935 τοιαῦτα,
654 3876 753 3926 οὑκ
783 3875 847 3926 ἄν
868 3891 948 3934 τις
970 3873 1289 3941 καθαρεύων
1314 3872 1662 3939 ἀναισθησίας
1697 3873 1846 3940 νομί-

299 3985 443 4019 σειεν
463 3986 475 3999 ~
517 3967 624 4017 ἀλλ’
652 3966 837 4033 ὣσπερ
859 3966 1099 4033 ἀλλήλων
1128 3966 1195 4016 τά
1226 3967 1363 4034 μέρη
1392 3970 1456 4033 τῇ
1481 3965 1655 4033 οἰκεία
1689 3982 1847 4033 περι-

298 4061 481 4128 γραφῇ
518 4058 882 4124 διεστήκασιν,
946 4056 1083 4107 οὑτω
1134 4056 1225 4107 καὶ
1280 4057 1569 4123 ὴέκάστον
1602 4055 1847 4121 ἐνέργεια

300 4151 435 4217 πρὸς
458 4148 555 4216 τὴν
579 4147 683 4199 τῶν
717 4145 1075 4216 ἐνεργούντων
1102 4145 1259 4212 φύσιν
1295 4144 1699 4211 συνδιαιρεῖται,
1752 4142 1846 4194 καὶ

297 4241 407 4290 τῶν
433 4239 604 4290 ἄλλων
641 4237 1129 4289 συναποδιίσταται.
1161 4237 1267 4288 Καὶ
1298 4235 1390 4286 ἐπὶ
1431 4235 1539 4286 τῶν
1574 4234 1847 4295 παντελῶς

299 4331 357 4380 δὲ
390 4330 800 4398 κεχωρισμένην
829 4328 1098 4395 λαχόντων
1146 4326 1244 4395 τὴν
1276 4327 1590 4390 ὑπόστασιν,
1621 4326 1650 4377 ὁ
1687 4326 1847 4387 αὐτὸς

301 4422 489 4489 εἱρμὸς
524 4420 618 4487 τῆς
642 4419 870 4487 θεωρίας
902 4416 1241 4479 διασώζεται.

1928 609 2033 662 quc
2059 594 2111 647 hi
2145 594 2495 663 productorcs
2525 601 2578 647 et
2606 609 2798 649 causas
2830 596 2891 661 ³⁸,
2930 612 3023 650 scu
3055 606 3302 651 auctores
3349 599 3475 668 Spi-

1928 686 2062 737 ritus
2092 685 2444 739 constituent.
2480 683 2619 738 Nihil
2653 686 2797 739 enim
2838 688 3018 742 minus
3049 689 3211 741 ctiam
3246 688 3478 757 Spiritus

1926 774 2203 843 sapientia:
2246 786 2300 828 et
2328 776 2587 840 scientiae,
2618 777 2984 847 intelligentize
3014 791 3068 833 et
3124 779 3474 843 fortitudinis,

1927 874 1981 918 et
2017 866 2246 919 aliorum
2274 866 2574 920 istiusmodi
2619 868 2923 921 divinorum
2956 870 3216 923 donorum
3256 872 3477 925 dicitur.

1929 956 1985 1010 Si
2019 958 2180 1027 igitur
2204 958 2343 1027 quod
2366 959 2559 1012 horum
2588 957 2819 1028 Spiritus
2836 960 3067 1024 dicatur,
3100 961 3295 1014 idcirco
3316 963 3477 1015 etiam

1926 1062 1991 1101 ex
2020 1047 2123 1101 illis
2149 1047 2442 1117 procedere
2479 1048 2718 1119 exigunt,
2765 1050 2892 1104 licet
2924 1051 3223 1121 intelligere
3252 1052 3302 1103 in
3336 1053 3478 1121 quod

1928 1154 2022 1192 eos
2050 1140 2251 1193 erroris
2275 1140 2587 1195 barathrum
2616 1140 2921 1211 prmcipites
2943 1151 3083 1212 agat,
3111 1156 3297 1199 eorum
3328 1159 3477 1196 men-

1929 1228 1997 1283 tis
2016 1229 2249 1285 solertia.

1998 1600 2116 1654 ΧΠ.
2154 1600 2274 1655 Alio
2315 1610 2573 1670 praaterea
2618 1600 2798 1665 modo,
2835 1601 2937 1655 alia
2990 1602 3184 1656 iterum
3231 1604 3484 1671 blasphe-

1932 1696 2057 1755 mia,
2093 1708 2159 1746 ex
2188 1709 2372 1746 eorum
2398 1693 2656 1761 opinione
2684 1693 2811 1745 oriri
2837 1694 3094 1748 cernitur.
3128 1696 3258 1748 Nam
3288 1697 3328 1749 si
3361 1696 3477 1765 Spi-

1933 1784 2070 1838 ritus
2104 1800 2133 1837 a
2164 1783 2296 1838 Filio
2322 1785 2583 1853 proCedit,
2624 1799 2730 1837 non
2762 1786 2945 1854 utique
2984 1788 3271 1853 posterius,
3308 1803 3484 1855 neque

1936 1876 2085 1944 prius
2116 1875 2236 1928 Filii
2267 1875 2615 1945 generatione
2647 1876 2923 1944 procedet.
2960 1876 3185 1929 Prorsus
3210 1878 3353 1929 enim
3384 1879 3485 1930 eli-

1934 1966 2207 2020 minantur
2229 1982 2258 2019 a
2290 1966 2629 2019 sanctissima
2656 1966 2917 2020 Trinitate
2937 1968 3188 2020 adverbia
3219 1967 3332 2022 1)ch
3356 1979 3488 2023 tetu-

1934 2056 2097 2124 poris.
2136 2054 2190 2109 Si
2224 2055 2385 2126 igitur
2432 2055 2591 2109 simul
2618 2055 2833 2123 quidem
2870 2070 2898 2108 a
2930 2056 3105 2116 Patre,
3137 2056 3402 2126 simulque
3456 2074 3485 2111 a

1935 2145 2069 2200 Filio
2117 2148 2394 2216 procedit,
2444 2149 2510 2200 ab
2537 2147 2776 2214 utrisque
2832 2146 3241 2215 producentium
3291 2150 3489 2216 pariter

1934 2239 2224 2292 distinctus
2277 2238 2520 2307 personis
2562 2238 2666 2290 erit
2698 2255 2711 2290 :
2747 2251 2809 2288 ac
2848 2252 2943 2305 pro
2975 2252 3102 2300 uno,
3134 2237 3328 2305 duplex
3386 2240 3488 2293 illis

1935 2330 2040 2383 erit
2095 2329 2346 2398 Spiritus,
2382 2330 2519 2382 alter
2555 2328 2647 2397 qui
2697 2343 2726 2380 a
2758 2328 2933 2391 Patre,
2978 2329 3114 2382 alter
3148 2331 3237 2398 qui
3276 2345 3305 2383 a
3356 2330 3489 2384 Filio

1936 2421 2195 2491 procedit.
2256 2419 2396 2475 Sane
2418 2422 2562 2475 enim
2604 2421 2740 2474 nihil
2785 2421 2903 2490 ejus
2935 2422 3189 2476 novitatis
3231 2424 3486 2485 occurrit,

1938 2530 2039 2568 nec
2064 2516 2115 2567 in
2143 2514 2227 2568 his
2269 2514 2466 2583 quibus
2499 2527 2595 2581 per
2626 2514 3024 2583 generationem
3059 2522 3118 2567 ut
3157 2514 3265 2567 sint
3300 2515 3349 2566 in
3406 2531 3489 2568 re-

1938 2623 2056 2661 rum
2088 2616 2277 2660 natura
2306 2606 2591 2676 contingit.
2624 2605 2843 2657 Diversa
2869 2606 3011 2658 enim
3038 2606 3332 2659 secundum
3361 2606 3489 2659 sub-

1939 2697 2186 2750 stantiam
2243 2696 2423 2749 videre
2454 2695 2597 2758 licet,
2629 2710 2748 2763 qua:
2773 2710 2840 2749 ex
2872 2710 2976 2749 una
3018 2695 3313 2763 eademque
3358 2697 3490 2749 sub-

1941 2790 2136 2843 stantia
2154 2790 2269 2859 (seu
2301 2787 2589 2858 hypostasi)
2624 2788 2941 2857 procedunt.
2984 2786 3135 2851 Quod
3173 2803 3297 2842 vero
3323 2805 3489 2842 unum

1942 2890 1996 2933 et
2018 2880 2157 2933 idem
2201 2879 2498 2932 secundum
2534 2878 2892 2932 substantiam
2926 2892 2990 2930 ex
3020 2878 3247 2931 diversis
3300 2894 3490 2947 proce-

1942 2972 2052 3033 dat,
2085 2985 2183 3024 nec
2200 2971 2309 3038 pari
2341 2984 2404 3022 ac
2434 2968 2793 3037 producentes
2813 2968 3129 3021 substantiae
3157 2969 3489 3022 distinetioui

1944 3063 2239 3131 subjaceat,
2288 3075 2465 3128 neque
2493 3059 2766 3131 generatio
2804 3069 3064 3129 ortusque
3122 3060 3494 3129 productionis

1868 3176 1911 3235 ο
1946 3164 2123 3202 rerum
2155 3146 2418 3217 agnoscit,
2442 3161 2540 3200 nec
2566 3147 2609 3199 si
2633 3148 2757 3214 quid
2784 3147 2872 3200 illo
2895 3148 3238 3216 prmstautius
3260 3147 3489 3202 exsistit.

2012 3241 2151 3295 XIII.
2194 3241 2401 3295 Etenim
2442 3239 2534 3292 ﬁlii
2564 3239 2717 3292 multi
2758 3253 3129 3306 saepenumero
3155 3256 3219 3292 ex
3255 3255 3360 3292 uno
3393 3255 3490 3293 co-

1940 3330 2168 3397 demque
2197 3336 2372 3389 utero,
2413 3336 2467 3381 et
2499 3327 2680 3391 simul,
2713 3335 2767 3380 et
2818 3329 3040 3379 seorsim
3091 3338 3385 3382 cernuntur
3432 3329 3485 3381 in

1941 3418 2113 3470 lucem
2148 3418 2232 3470 edi
2258 3433 2274 3479 ;
2314 3417 2607 3484 eademque
2637 3432 2826 3468 manus
2850 3425 2903 3468 et
2933 3418 3087 3469 credit
3115 3428 3168 3471 et
3198 3420 3400 3481 scribit,
3438 3427 3493 3472 et

1944 3510 2200 3563 benetieia
2255 3516 2489 3577 praestat,
2523 3517 2577 3562 et
2615 3508 2679 3561 ad
2713 3507 2878 3560 Deum
2932 3509 3165 3561 tenditur
3197 3527 3209 3561 :
3257 3511 3492 3563 scribere

1944 3609 2122 3652 autem
2152 3614 2273 3652 eum
2302 3615 2494 3653 manus
2520 3600 2785 3667 integrum
2808 3614 2942 3666 opus
2974 3599 3172 3663 videre,
3210 3610 3318 3653 tum
3344 3602 3493 3654 simi-

1945 3690 2063 3743 liter
2094 3691 2277 3758 pedis:
2311 3700 2403 3742 aut
2448 3690 2724 3743 ambulare
2753 3690 2978 3757 perinde
3009 3691 3285 3759 utriusque
3321 3694 3491 3745 dicto-

1945 3798 2061 3835 rum
2098 3795 2292 3833 umnus
2319 3794 2467 3843 esse,
2500 3780 2733 3847 itemque
2765 3779 3037 3833 oculorum
3060 3782 3376 3850 auriumque
3409 3785 3491 3835 vi-

1945 3874 2201 3936 dere,aut
2225 3872 2269 3924 si
2306 3886 2409 3939 qua
2450 3871 2712 3937 ejusmodi
2768 3881 2913 3932 sunt,
2942 3887 3102 3925 nemo
3132 3888 3273 3926 same
3298 3878 3493 3929 mentis

1945 3961 2259 4030 putaverit:
2316 3960 2408 4013 sed
2465 3960 2917 4027 quemadmodum
2970 3962 3208 4015 membra
3248 3978 3341 4016 sua
3387 3966 3493 4018 cir-

1946 4050 2363 4119 cumscriptione
2415 4051 2517 4102 alia
2554 4049 2621 4103 ab
2663 4049 2782 4103 aliis
2829 4051 3076 4105 distincta
3121 4062 3266 4113 sunt,
3318 4057 3397 4109 sic
3440 4066 3495 4109 et

1946 4141 2203 4207 cujusque
2222 4139 2298 4191 vis
2331 4153 2392 4192 ex
2410 4140 2747 4207 operantium
2776 4139 2952 4193 indole
2976 4143 3358 4207 condividitur,
3380 4156 3434 4199 et
3463 4163 3495 4199 a

1946 4232 2168 4300 reliquis
2184 4230 2652 4299 condistinguitur.
2679 4231 2852 4298 Atque
2874 4232 3007 4285 adeo
3032 4234 3083 4286 in
3104 4235 3169 4288 iis
3189 4237 3347 4290 etiam
3378 4254 3496 4306 qua:

1946 4324 2159 4391 penitus
2218 4323 2504 4376 discretam
2546 4333 2702 4376 nacta
2744 4331 2870 4376 sunt
2908 4326 3293 4394 substantiam,
3354 4332 3493 4386 idem

1948 4414 2414 4482 contemplationis
2443 4414 2577 4467 ordo
2609 4427 2872 4469 servatur.

373 4513 467 4565 Μ’.
495 4513 588 4573 Τίς
623 4513 715 4564 οῦν
741 4514 898 4578 ἑτέρα
926 4511 1196 4580 πρόφασις
1226 4511 1339 4571 τοῖς
1391 4508 1727 4579 βλασφημεῖν
1766 4509 1847 4560 αί-
1872 4494 1906 4553 Ῑ

1872 4494 1925 4553 Ι)
2020 4505 2158 4559 XIV.
2198 4506 2331 4570 Qua:
2360 4506 2522 4576 igitur
2546 4506 2647 4559 alia
2674 4507 2981 4561 volentibus
3011 4509 3377 4578 blasphemare
3408 4530 3497 4566 re-

302 4605 583 4675 ρουμένοις
622 4603 969 4655 ὑπολείπεται
1001 4620 1014 4665 ;
1052 4602 1368 4670 Εὑμήχανον
1399 4602 1507 4669 γάρ
1560 4602 1587 4650 ὁ
1615 4600 1847 4667 πονηρὸς

302 4699 383 4760 εἰς
416 4697 626 4763 ἀπάτην
648 4712 661 4724 ·
719 4695 818 4746 κᾶν
851 4696 882 4762 ἡ
913 4692 1003 4747 τοῦ
1060 4693 1450 4760 ἀκρογωνιαίου
1510 4690 1656 4741 λίθου
1690 4691 1848 4757 σοφία

304 4788 396 4839 καὶ
423 4785 667 4852 δύναμις,
723 4784 807 4835 διὰ
834 4784 939 4834 τῶν
966 4782 1127 4834 αὑτοῦ
1156 4782 1499 4851 θεραπόντων
1523 4778 1720 4849 ῥᾳδίως
1756 4778 1852 4829 αὑ-

302 4879 395 4930 τοῦ
440 4878 791 4947 καταθραύσῃ
834 4878 899 4930 τὰ
947 4878 1329 4947 μηχανήματα.
1372 4874 1531 4927 Ἀλλὰ
1570 4873 1621 4926 τί
1650 4873 1856 4935 τούτοις

374 5055 418 5086 ³⁸
456 5060 555 5113 lsa.
591 5074 664 5123 ιι,
696 5061 747 5113 1.

1952 4597 2093 4665 liqua
2132 4596 2341 4651 occasio
2366 4597 2388 4649 ?
2416 4596 2591 4651 Facile
2619 4598 2761 4651 enim
2791 4599 2881 4666 qui
2929 4616 3089 4668 prava
3119 4613 3200 4656 est
3228 4615 3406 4657 mente
3444 4606 3495 4658 iu

1953 4702 2187 4741 errorem
2224 4688 2454 4753 labitur;
2486 4688 2694 4742 tametsi
2722 4690 2992 4757 angularis
3021 4691 3210 4759 lapidis
3237 4696 3496 4763 sapientia

1945 4795 2009 4833 ac
2032 4780 2219 4845 virtus,
2245 4796 2341 4849 per
2368 4796 2553 4835 servos
2578 4797 2723 4845 suos,
2757 4796 2943 4835 eorum
2990 4781 3142 4837 facile
3169 4786 3326 4839 elidat
3364 4804 3494 4840 eon-

1948 4872 2089 4927 silia.
2120 4874 2206 4937 At,
2241 4872 2367 4940 quid
2397 4873 2503 4927 illis
2530 4875 2593 4927 ad
2628 4873 3012 4942 blasphemiam
3048 4875 3357 4943 reliquum?
3393 4878 3495 4930 Uo-

1776 5205 2005 5264 ΝΟΤᾹΞ.

378 5376 489 5441 (ιῖ)
559 5378 775 5441 Ἔργον
806 5376 1159 5440 ὀλόκληρον.
1198 5372 1390 5424 Metius
1416 5370 1627 5441 videtur
1666 5368 1856 5441 legisse

306 5440 683 5511 κατάλληλον-⁷
725 5447 890 5511 magis
938 5459 1216 5511 congruum
1270 5456 1434 5507 opus:
1486 5440 1575 5491 sed
1628 5440 1853 5511 nihilad

308 5532 423 5568 rem
462 5516 653 5567 reddit.
699 5510 902 5565 lusulsu
933 5510 1155 5565 I’hotius
1197 5518 1529 5578 argumento,
1565 5510 1704 5573 quod
1732 5524 1854 5559 sen-

308 5601 466 5637 suum
520 5585 706 5635 vitales
744 5586 1083 5649 operationes
1113 5582 1375 5633 distincta:
1400 5620 1411 5639 ,
1443 5588 1495 5631 ct
1527 5594 1617 5629 sua
1658 5579 1854 5644 cuique

309 5652 547 5722 pmpria,
579 5667 676 5703 nec
701 5667 819 5703 uina
854 5654 1054 5717 integra
1094 5667 1155 5703 ex
1184 5651 1395 5722 duobus
1426 5649 1569 5699 exire
1599 5650 1782 5722 possint,
1810 5664 1851 5722 _:t

312 5716 475 5773 ium-ut
520 5723 810 5779 ambulare,
844 5738 871 5772 a
920 5716 1050 5787 ptétlc
1094 5720 1346 5776 scribere,
1377 5728 1503 5775 cur,
1532 5718 1677 5787 quod
1731 5716 1852 5782 Spi-

316 5793 454 5845 ritus
479 5807 505 5843 a
549 5791 701 5844 l‘atrc
732 5786 999 5859 procedat,
1035 5807 1137 5843 tum
1175 5806 1327 5857 posse
1359 5797 1409 5839 et
1447 5804 1473 5838 ιι
1506 5786 1635 5837 Filio
1668 5802 1853 5853 proce-

1952 5370 2100 5426 dere.
2152 5369 2298 5436 quasi
2354 5368 2421 5420 sit
2467 5368 2675 5422 illorum
2728 5368 2993 5437 disparata
3025 5370 3192 5421 virtus
3238 5385 3342 5420 non
3395 5385 3494 5421 uua

1953 5441 2375 5507 simplicissima,
2418 5452 2520 5503 qua
2575 5449 2698 5490 sunt
2746 5455 2911 5490 unum
2966 5439 3305 5507 principium,
3361 5454 3498 5490 unus

1952 5523 2157 5567 auctor,
2193 5524 2295 5559 una
2331 5524 2489 5559 causa
2534 5508 2784 5575 Spiritus,
2836 5523 2958 5559 vere
2978 5508 3274 5559 dormitaus
3303 5518 3356 5559 et
3385 5508 3497 5559 iue—

1954 5580 2129 5646 ptieus
2171 5577 2419 5631 somniat.
2470 5578 2690 5642 Aliaque
2733 5578 2817 5629 hic
2847 5578 3047 5629 insulsa
3082 5577 3397 5637 deblaterat,
3428 5592 3497 5629 ne

1952 5649 2190 5699 veritatis
2253 5648 2468 5714 quidem
2530 5647 2634 5697 ulla
2690 5647 2897 5715 specie,
2978 5656 3032 5699 ut
3090 5662 3272 5715 parum
3326 5648 3497 5699 cautis

1954 5719 2197 5785 obrepat.
