4248 6444
748 438 849 500 807

1892 426 2148 489 PHOTII
2184 423 2680 485 PATRIARCH/E
2717 425 2825 485 (ΣΡ.

3853 411 3989 477 808

751 552 885 606 mini
912 550 1080 619 ipsam
1119 547 1223 602 sibi
1254 561 1441 601 vocem
1472 553 1756 611 usurpant,
1795 542 1948 610 quasi
1995 540 2176 594 minus
2204 536 2303 589 ha-
2332 541 2380 597 Α
2405 553 2428 586 τ

2332 541 2380 597 Α
2405 536 2542 605 πρὸς
2571 535 2922 606 βλασφημίαν
2951 537 3272 599 ὑπόλοιπονς
3320 534 3430 604 Τὴν
3458 529 3738 602 Κυριακὴν
3780 529 3990 597 φωνὴν

751 642 933 700 beant,
962 639 1104 708 quod
1140 637 1241 706 ipsi
1287 652 1317 689 a
1355 650 1414 690 se
1447 635 1733 688 Dominum
1778 631 2174 699 blasphemant,
2204 629 2307 681 nisi

751 733 905 800 prius
938 747 1060 783 eum
1108 728 1201 798 qui
1231 727 1657 797 blasphematur,
1711 725 1829 792 ejus
1857 722 2025 789 ipsius
2061 719 2312 787 blasphe-

757 825 881 877 miaa
918 822 1298 889 Legislatorem
1323 828 1486 888 atque
1515 827 1788 868 auctorem
1831 821 2144 866 arcessant:
2179 813 2314 866 dixit

758 918 928 975 enim,
963 913 1134 972 aiunt,
1174 912 1436 970 Salvator,
1473 910 1566 962 Ille
1607 916 1668 960 de
1696 923 1804 959 meo
1830 908 2067 975 accipiet,
2109 914 2157 958 et
2208 922 2310 958 an-

757 1005 1012 1057 nuntiubit
1046 1004 1182 1055 vobis
1205 1005 1268 1055 ³⁸.
1302 1003 1386 1062 At,
1415 1001 1455 1053 si
1479 1000 1693 1068 quidem
1722 999 1859 1051 istud
1881 1014 1909 1050 a
1939 997 2094 1050 nobis
2122 999 2313 1049 adver-

755 1113 848 1150 sus
877 1096 995 1148 illos
1034 1093 1310 1152 aﬂeratur,
1348 1101 1407 1144 ut
1458 1092 1748 1160 probemus
1780 1089 2034 1156 Spiritum
2067 1105 2128 1140 ex
2159 1087 2314 1141 Patre

757 1188 1024 1252 accipere,
1054 1194 1211 1250 atque
1229 1200 1291 1235 ex
1314 1184 1425 1243 illo,
1458 1198 1566 1234 non
1588 1197 1713 1234 vero
1744 1197 1807 1233 ex
1838 1180 1970 1231 Filio
2001 1180 2311 1247 procedere,

757 1276 1028 1343 quodnam
1087 1273 1226 1324 aliud
1255 1255 1538 1339 'cﬂngium
1586 1286 1653 1322 tte
1699 1278 2055 1336 coarguantur
2108 1269 2316 1336 possint

758 1362 1122 1416 adinvenire?
1155 1361 1254 1421 Qui
1312 1361 1475 1428 igitur
1508 1375 1569 1411 ea
1619 1375 1736 1425 qua:
1779 1358 2059 1411 manifeste
2106 1358 2313 1409 illorum

762 1455 982 1508 haeresis
1020 1453 1292 1505 convincit
1328 1451 1608 1512 insaniam,
1639 1452 1752 1504 haec
1776 1452 2016 1503 eamdem
2053 1450 2168 1516 ejus
2187 1465 2316 1502 con-

762 1546 1036 1599 ﬁrmanda:
1060 1560 1218 1596 causa
1268 1543 1560 1611 proferant,
1595 1542 1863 1610 quomodo
1896 1556 2004 1593 non
2033 1541 2316 1608 deplorata!

761 1636 959 1688 tuentis
985 1650 1146 1687 sensu
1175 1633 1353 1686 miseri
1387 1633 1616 1706 habendi
1648 1633 1773 1695 sint,
1801 1633 2318 1699 miserabilioresque

763 1727 964 1778 mentis
1003 1726 1268 1776 sententia
1314 1734 1367 1776 et
1399 1724 1709 1776 voluntate?
1737 1723 1874 1786 Qttid
1925 1723 2068 1775 enim
2124 1723 2318 1774 clarius

766 1813 1041 1865 Dominica
1098 1815 1195 1865 hac
1224 1828 1374 1873 voce,
1406 1811 1470 1864 ad
1518 1827 1702 1862 eorum
1751 1812 1840 1878 qni
1877 1811 2018 1862 illam
2066 1810 2313 1870 aderunt,

764 1906 1066 1958 elidendam
1091 1903 1479 1969 impudentiam
1505 1901 1526 1951 ‘!
1557 1899 1691 1964 Quid
1727 1903 1963 1967 apertius
1997 1901 2061 1952 ad
2087 1900 2317 1966 proban-

766 1999 893 2049 dum
952 1997 1092 2060 quod
1127 2011 1234 2046 non
1297 2010 1361 2046 ex
1402 1991 1554 2055 Filio,
1606 1993 1699 2044 scd
1739 2008 1803 2044 ex
1859 1993 2015 2045 Patre
2071 1993 2321 2059 procedat

767 2089 999 2157 Spiritus
1029 2088 1050 2138 ?

839 2177 951 2230 XV.
995 2176 1206 2229 Etenim
1260 2176 1401 2243 quod
1432 2175 1550 2226 aliis
1586 2175 1713 2227 locis
1743 2175 1876 2226 dixit
1915 2175 2178 2231 Salvator,
2202 2172 2321 2240 Spi-

770 2269 933 2322 ritum
968 2284 1030 2320 ex
1069 2266 1226 2318 Patre
1258 2267 1568 2334 procedere,
1608 2266 1709 2318 hoc
1744 2267 1914 2334 ipsum
1948 2281 2091 2317 nunc
2119 2265 2171 2317 in
2198 2281 2322 2333 pro-

770 2360 943 2429 posita
979 2361 1137 2411 docet
1191 2357 1530 2417 auctoritate,
1559 2358 1808 2419 dicendo,
1853 2355 2073 2425 Spiritus
2097 2358 2159 2408 de
2213 2371 2324 2406 meo

771 2451 1009 2517 accipiet.
1045 2447 1162 2500 Non
1196 2450 1336 2501 enim
1362 2450 1517 2512 dixit,
1553 2465 1616 2502 ex
1649 2465 1752 2513 me,
1790 2449 1902 2507 sed,
1933 2451 1995 2502 de
2017 2465 2148 2510 meo,
2182 2446 2326 2498 vide-

774 2540 898 2592 licet
943 2539 1139 2601 Patre;
1199 2541 1299 2592 nisi
1338 2541 1472 2592 l'orte
1512 2541 1697 2603 velint,
1756 2539 1900 2592 aliud
1945 2539 2071 2605 quid
2116 2547 2328 2605 praeter-

773 2647 934 2697 quam
966 2631 1180 2684 Patrem
1207 2641 1259 2683 et
1299 2632 1558 2702 Spiritum
1587 2647 1703 2686 esse
1731 2632 1940 2699 'pariter
1970 2644 2032 2681 ac
2053 2629 2155 2682 dici
2187 2628 2326 2681 Filii.

773 2719 832 2773 Si
874 2721 1032 2789 igitur
1085 2721 1154 2772 ita
1187 2730 1373 2789 aperta
1400 2729 1586 2773 contra
1633 2735 1750 2772 sese
1776 2726 2090 2785 argumenta
2121 2732 2218 2786 pro
2271 2731 2330 2769 se

775 2821 918 2866 stare
950 2819 1156 2879 putant,
1192 2811 1458 2863 undeuam
1487 2825 1643 2878 opem
1673 2810 1828 2861 aliam
1856 2809 2100 2861 conferre
2127 2808 2332 2876 possint

777 2911 837 2954 nt
877 2917 1091 2971 pravam
1121 2912 1354 2954 mentem
1387 2917 1538 2954 suam
1569 2916 1630 2954 ac
1659 2900 1978 2953 sententiam
2019 2899 2333 2952 stabiliant?

781 2993 889 3047 Sed
929 3005 986 3047 ut
1016 2996 1246 3057 videtur,
1273 2995 1360 3045 isti
1395 3008 1492 3046 nec
1542 2993 1750 3045 cunctis
1780 3003 1934 3044 notas
1958 3007 2115 3044 voces
2140 2991 2336 3044 intelli-

784 3097 994 3157 gentes,
1024 3103 1125 3139 nec
1155 3088 1237 3139 vel
1275 3087 1536 3139 trivialem
1570 3101 1748 3138 rerum
1785 3085 2025 3137 notitiam
2054 3085 2333 3146 habentes,

2346 1865 2392 1922 B

2411 629 2590 689 αὐτοῖς
2621 628 3026 690 ὑποϐάλλονται,
3084 649 3184 679 ουκ
3229 625 3510 699 ἀγαπητὸν
3566 623 3852 692 ἡγούμενοι
3899 618 3990 670 δι’

2412 721 2621 773 ἑαυτῶν
2649 721 2738 772 τὸν
2767 721 3042 789 Δεσπότην
3063 719 3380 788 δυσφημεῖν,
3418 719 3466 768 εί
3491 717 3565 787 μὴ
3605 717 3696 766 καὶ
3725 714 3816 765 τὸν
3834 713 3986 765 δυσ-

2412 813 2781 882 φημούμενον,
2828 812 3120 882 νομοθέτην
3167 812 3265 877 τῆς
3308 809 3614 878 δυσφημίας
3642 809 3734 860 καὶ
3762 806 3988 874 προλα-

2412 904 2596 965 ϐόντες
2625 906 3110 971 κατηγορήσουσιν.
3135 898 3270 953 Εῖπε
3302 902 3430 969 γὰρ,
3455 901 3640 969 φησὶν,
3685 900 3713 950 ὀ
3752 898 3980 965 Σωτὴρ,

2426 995 2679 1060 Ἐκεῖνος
2731 996 2801 1047 ἐκ
2855 994 2960 1048 τοῦ
3013 994 3157 1064 ἐμοῦ
3187 993 3460 1060 λήψεται,
3518 991 3613 1044 καί
3654 986 3990 1056 ἀναγγελεῖ

2413 1087 2574 1155 ὑμῖν.
2617 1088 2756 1139 Ἀλλ’
2784 1087 2938 1156 εἴπερ
2963 1088 3095 1156 ἡμῖν
3124 1085 3282 1138 τοῦτο
3323 1085 3441 1137 κατ’
3480 1083 3656 1136 αὐτῶν
3685 1081 3984 1150 ἐκομίζετο

2416 1177 2550 1247 πρὸς
2607 1177 2896 1243 ἀπόδειξιν,
2948 1178 3030 1230 ὃτι
3077 1178 3140 1228 ἐκ
3176 1174 3280 1248 ,τοῦ
3341 1174 3550 1241 Πατρὸς
3596 1172 3860 1241 λαμϐἀνει
3911 1171 3982 1222 τὸ

2417 1268 2658 1338 Πνεῦμα,
2693 1271 2788 1320 καὶ
2827 1269 2883 1333 ἐξ
2917 1267 3103 1329 αὐτοῦ,
3135 1267 3249 1318 ἀλλ’
3279 1265 3378 1317 οὐκ
3425 1266 3488 1315 ἐκ
3527 1261 3623 1314 τοῦ
3650 1261 3777 1314 Tia-3
3813 1263 3984 1313 ἐκπο-

2420 1364 2628 1432 ρεύεται
2646 1403 2660 1424 ,
2678 1363 2798 1414 τίνα
2823 1362 2887 1414 ἂν
2913 1359 3196 1429 ἀποφυγὴν
3217 1359 3320 1410 τῶν
3339 1357 3575 1425 ἐλέγχων
3601 1356 3812 1415 ἑαυτοῖς
3840 1354 3972 1403 ἐπι-

2417 1459 2698 1525 νοήσαιντο
2730 1471 2745 1517 ;
2781 1457 2846 1506 Ἀ
2875 1454 3051 1506 τοίνυν
3083 1451 3259 1505 αὐτῶν
3294 1448 3604 1518 περιφανῶς
3637 1448 3845 1515 ἐλέγχει
3869 1447 3981 1514 τὴν

2419 1548 2601 1600 ἄνοιαν
2629 1549 2724 1616 τῆς
2749 1547 3031 1616 αἱρέσεως,
3055 1544 3227 1596 ταῦτα
3257 1543 3392 1610 πρὸς
3421 1541 3518 1608 τὴν
3545 1541 3711 1609 αὐτῆς
3742 1538 3980 1607 βεϐαίω-

2420 1656 2502 1689 σιν
2532 1637 2971 1706 προϐαλλόμενοι,
3033 1636 3150 1699 πῶς
3204 1635 3302 1688 οὑκ
3336 1632 3401 1684 ἂν
3449 1632 3637 1700 εἴησαν
3669 1631 3840 1684 ἄθλιοι
3872 1629 3980 1697 μὲν

2418 1730 2505 1781 τὸν
2539 1729 2681 1791 νοῦν,
2710 1729 3021 1796 ἀθλιώτεροι
3046 1727 3102 1778 δὲ
3134 1729 3233 1794 τὴν
3263 1725 3616 1794 προαίρεσινς
3659 1723 3723 1774 Τί
3763 1723 3870 1790 γὰρ
3909 1722 3981 1773 ἂν

2420 1818 2500 1885 εἴη
2532 1819 2734 1884 ταύτης
2767 1820 2864 1885 τῆς
2894 1817 3225 1885 Δεσποτικῆς
3271 1817 3455 1883 φωνῆς
3481 1814 3820 1882 τρανότερον,
3863 1814 3983 1863 τῶν

2425 1909 2864 1979 προκομιζόντων
2879 1908 3047 1976 αὐτὴν
3064 1907 3387 1959 καταϐαλεῖν
3402 1907 3499 1974 τὴν
3519 1905 3789 1956 ἀναίδειαν
3808 1921 3822 1967 ;
3841 1904 3909 1954 Τί
3925 1903 3984 1954 δὲ

2421 2002 2764 2070 παραστῆσαι
2795 1999 3174 2070 φανερώτερον
3201 2000 3274 2060 ὡς
3297 2000 3395 2050 οὐκ
3422 2000 3484 2049 ἐκ
3531 1996 3622 2048 τοῦ
3655 1993 3804 2050 Υίοῦ.
3862 1994 3984 2048 ἀλλ’

2422 2095 2483 2144 ἐκ
2507 2093 2601 2143 τοῦ
2633 2093 2841 2161 Πατρὸς
2863 2093 2924 2144 τὺ
2947 2091 3162 2157 Πνεῦμα
3195 2089 3583 2159 ἐκπορεύεται;

2492 2184 2594 2234 ιε’.
2630 2184 2741 2234 Kal.
2769 2182 2877 2252 γὰρ
2929 2183 3065 2251 ὅπερ
3098 2183 3156 2232 ἐν
3203 2180 3382 2241 ἄλλοις
3432 2175 3583 2230 εἶπεν
3619 2179 3645 2228 ὁ
3678 2176 3887 2245 Σωτὴρ,
3923 2177 3989 2227 τὸ

2421 2272 2644 2343 Πνεῦμα
2673 2275 2736 2326 ἐκ
2768 2273 2859 2325 τοῦ
2907 2273 3116 2342 [ἰατρὸς
3152 2271 3531 2341 ἐκπορεύεται,
3576 2269 3730 2321 τοῦτο
3761 2269 3856 2320 καὶ
3884 2266 3990 2319 νῦν

2422 2364 2507 2414 διὰ
2531 2364 2628 2431 τῆς
2652 2363 3015 2431 προκειμένης
3039 2361 3347 2414 ἐκδιδάσκει
3372 2363 3600 2429 ρἠεως,
3623 2361 3691 2413 Td
3718 2358 3985 2424 Πνεῦμα.

2425 2455 2615 2522 λέγων,
2649 2454 2717 2506 ἐκ
2768 2453 2876 2506 τοῦ
2918 2452 3062 2520 ἐμοῦ
3114 2452 3392 2519 λήψεται.
3426 2453 3499 2503 υὺ
3525 2451 3632 2520 γὰρ
3683 2447 3853 2511 εἶπεν,
3893 2447 3987 2511 Ἐξ

2427 2545 2709 2613 ἐμοῦ,ἀλλ⁹
2743 2549 2843 2598 Ἐκ
2870 2546 2977 2598 τοῦ
3001 2545 3172 2613 ἐμοῦ·
3197 2544 3352 2614 δῆλον
3373 2545 3474 2607 ὅτι,
3499 2542 3589 2594 τοῦ
3617 2542 3825 2611 Πατρός
3847 2541 3983 2611 (15)’

2428 2639 2477 2688 εἰ
2502 2637 2574 2705 μή
2595 2653 2647 2687 τι
2676 2634 2782 2704 ἄρα
2814 2635 3084 2703 βούλοιντο
3105 2635 3291 2704 ἕτερον
3325 2635 3476 2702 παρὰ
3517 2633 3606 2686 τὸν
3645 2634 3860 2701 Πατέρα
3890 2632 3987 2684 καὶ

2427 2729 2488 2781 τὸ
2511 2728 2752 2799 Πνεῦμα,
2776 2725 2916 2781 εἷναί
2944 2745 3003 2780 τε
3032 2729 3126 2780 καὶ
3175 2725 3535 2796 ὀνομάζεσθαι
3585 2724 3679 2777 τοῦ
3711 2723 3867 2777 Υίοῦ.
3921 2725 3984 2778 Οί

2431 2820 2560 2888 γοῦν
2577 2822 2700 2883 τοὺς
2722 2820 2866 2872 οὕτω
2883 2821 3203 2889 περιφανεῖς
3229 2819 3349 2872 κατ’
3372 2819 3548 2869 αὐτῶν
3573 2818 3826 2884 ἐλέγχους
3845 2815 3991 2884 ὑπὲρ

2433 2914 2609 2965 αὐτῶν
2647 2913 2953 2981 νομίζοντες
2987 2911 3260 2975 ἵστασθαι,
3291 2912 3437 2973 τίνος
3477 2902 3789 2978 συμμαχίαν
3821 2908 3990 2974 ἀλλην

2435 3005 2570 3071 πρὸς
2593 3003 2878 3073 βεϐαίωσιν
2906 3004 2999 3054 τοῦ
3025 3003 3437 3070 πεπλανημένου
3465 3004 3805 3071 φρονήματος
3824 3003 3992 3053 ἐκπο-

2440 3094 2705 3164 ρίσονται;
2733 3093 2873 3144 Ἀλλ’
2895 3093 2967 3154 ὡς
2988 3092 3182 3155 ἔοικεν,
3203 3093 3321 3144 οὐδὲ
3347 3093 3440 3152 τὰς
3466 3093 3626 3143 πᾶσιν
3645 3090 3994 3157 ἐγνωσμένας

781 3181 981 3233 nedum
1024 3196 1129 3231 non
1158 3179 1338 3231 lerunt
1367 3179 1433 3231 ab
1453 3178 1569 3230 aliis
1587 3178 1764 3230 doceri
1796 3193 1913 3245 qua:
1949 3177 2195 3246 ignorant
2216 3177 2332 3244 (etsi
2362 3203 2406 3264 Ο
2442 3200 2458 3248 ς

2321 3177 2332 3227 i
2362 3203 2406 3264 ρ
2442 3183 2623 3250 φωνὰς
2690 3183 2952 3241 συνιέντες
2983 3176 3146 3244 οὗτοι,
3177 3181 3297 3231 οὐδὲ
3351 3181 3458 3231 τῶν
3490 3184 3548 3232 ἐν
3575 3179 3733 3248 χερσὶ
3757 3178 3994 3246 μάθησιν

784 3286 940 3324 orare
963 3271 1243 3332 deberent,
1273 3279 1326 3323 et
1357 3270 1545 3322 sedulo
1574 3284 1834 3337 quaerere.
1878 3269 1964 3335 qui
1989 3283 2053 3320 ex
2081 3268 2335 3336 ignoran-

787 3363 874 3416 tia:
925 3361 1193 3430 profundo
1225 3361 1573 3426 extraheret),
1605 3371 1663 3412 ut
1703 3361 1799 3428 ipsi
1836 3359 2013 3427 potius
2035 3375 2248 3413 suorum
2281 3373 2338 3411 se

787 3453 1096 3507 deliriorum
1151 3455 1430 3521 magistros
1475 3454 1824 3506 constituant.
1874 3451 2151 3514 Quomodo
2198 3451 2339 3503 enim

789 3560 898 3596 non
942 3545 1125 3611 pudet.
1159 3543 1369 3597 dicente
1397 3543 1639 3603 Domino,
1671 3542 1895 3609 Spiritus
1936 3542 1998 3593 de
2048 3559 2159 3593 meo
2200 3543 2341 3593 acci-

790 3636 915 3702 piet,
953 3646 997 3687 et
1027 3637 1357 3687 annuutiabit
1391 3637 1545 3694 vobis,
1579 3651 1682 3688 non
1718 3636 1787 3688 ita
1821 3650 1884 3687 ac
1932 3634 2018 3687 ille
2045 3634 2178 3686 dixit
2200 3635 2338 3686 istud

861 3793 904 3823 ³⁵
932 3791 1089 3846 Joan.
1127 3808 1236 3854 xvt,
1269 3790 1354 3851 Η,
1381 3790 1468 3842 15.

2442 3273 2672 3341 ἔχοντες,
2704 3273 2763 3323 οὺ
2800 3273 2955 3340 μόνον
2983 3272 3081 3324 οὐκ
3106 3273 3383 3340 ἀνέχονται
3417 3272 3545 3341 παρ’
3568 3270 3766 3340 ἐτέρων
3803 3268 4001 3338 μαθεῖν

2443 3365 2504 3416 τὸ
2568 3363 2961 3432 ἀγνοούμενονο
3016 3365 3254 3429 καίτοιγε
3291 3363 3622 3429 παρακαλεῖν
3675 3362 3865 3430 ἐχρῆν,
3901 3363 4000 3414 καὶ

2450 3455 2650 3522 σπουδῇ
2684 3453 2885 3524 ζητεῖν,
2915 3456 3038 3515 τοὺς
3065 3455 3256 3506 αὐτοὺς
3290 3454 3386 3521 τῆς
3412 3453 3629 3520 ἀγνοίας
3673 3453 4000 3505 ἀνελκύσον-

2451 3560 2547 3604 τας
2576 3559 2588 3572 ·
2620 3545 2667 3594 οἱ
2696 3543 2774 3596 δὲ.
2810 3546 2901 3595 καὶ
2938 3542 3286 3603 διδασκάλους
3342 3541 3564 3601 ἑαυτοὺς
3623 3539 3730 3591 τῶν
3781 3539 4005 3590 οἰκείων

2445 3635 2882 3704 ἀναπλασμάτων
2937 3633 3345 3703 προκαθίζουσι.
3381 3631 3502 3692 Πῶς
3529 3631 3636 3700 γὰρ
3663 3631 3762 3680 οὑκ
3810 3627 4004 3694 αἰσχύ-

2286 3940 2515 3995 NOT/E.

862 4084 972 4150 (l5)
1014 4080 1208 4145 Δῆλον
1241 4081 1350 4140 ὅτι,
1399 4080 1505 4132 τοῦ
1535 4082 1782 4146 Πατρός.
1819 4079 2010 4146 Liquet
2043 4080 2096 4132 in
2126 4080 2356 4133 violenta

795 4156 896 4209 hac
915 4153 1270 4220 expositione,
1299 4151 1387 4202 uni
1414 4152 1624 4217 propria
1650 4152 1858 4211 l’ltotio,
1883 4166 1986 4217 qua
2009 4152 2086 4203 sic
2105 4151 2353 4213 exsultat,

795 4231 876 4279 sic
923 4221 1238 4288 triumphat,
1271 4235 1332 4271 ac
1360 4220 1402 4271 si
1434 4221 1580 4271 locus
1626 4220 1710 4270 ille
1747 4220 1988 4280 Joannis,
2025 4231 2355 4288 lotumicon-

797 4293 965 4346 vellat
990 4287 1181 4357 dogma
1207 4291 1271 4341 de
1298 4289 1639 4355 processione
1670 4289 1904 4357 Spiritus
1929 4290 2086 4340 etiam
2111 4305 2172 4340 ex
2201 4287 2352 4350 Filio,

795 4379 902 4416 non
929 4361 1053 4413 illud
1086 4368 1286 4412 statuat
1317 4359 1449 4410 l'also
1479 4359 1749 4410 insimulat
1768 4359 1908 4426 quod
1926 4359 2062 4409 τὸέκ
2088 4357 2178 4408 τοῦ
2199 4357 2356 4425 ἐμοῦ,

799 4431 1149 4498 depravarint
1175 4429 1369 4498 Latini,
1403 4430 1551 4498 quasi
1580 4430 1695 4493 ejus
1726 4429 1840 4479 l0t-o
1867 4426 2086 4498 sitam?
2119 4427 2347 4495 legerint

798 4495 891 4553 aut
918 4499 1250 4566 scripserint.
1279 4496 1420 4548 Nihil
1461 4497 1534 4548 illi
1574 4499 1835 4562 ejusmodi
1870 4514 1882 4548 :
1911 4495 2137 4565 Cyrillus
2167 4507 2344 4548 tamen

799 4573 874 4623 sic
902 4555 1039 4622 non,
1068 4567 1503 4635 depravationem
1547 4555 1769 4632 putavit.
1813 4575 1872 4618 ut
1899 4555 2050 4632 quasi
2087 4566 2226 4618 idem
2276 4567 2347 4618 si-
2381 4555 2423 4610 Ῐ)

800 4637 1444 4707 gnitieantihusvoeibus
1476 4650 1603 4707 usus
1630 4636 1716 4688 sit.
1751 4635 1804 4687 In
1839 4635 1998 4707 iloan.
2039 4636 2175 4707 μη,
2205 4636 2306 4707 c._i
2337 4653 2349 4686 :

802 4704 911 4759 Καὶ
953 4709 1021 4767 εἰ,
1078 4705 1321 4770 καθάπερ
1372 4705 1530 4764 αὑτός
1569 4721 1754 4772 φησιν,
1816 4704 1904 4765 Ἐξ
1933 4705 2062 4772 ἐμοῦ
2094 4705 2354 4772 λαμϐάνει

800 4779 862 4828 το
916 4774 1165 4844 Πνεῦμα,
1217 4779 1390 4825 καίτοι
1443 4774 1615 4824 πάντα
1679 4775 1858 4842 ἰσχῦον
1895 4777 1985 4824 καὶ
2038 4773 2352 4844 κατορθοῦν,

803 4845 920 4906 πῶς
955 4847 1017 4896 ἂν
1051 4841 1208 4904 αὐτὸς
1243 4844 1338 4894 οὐκ
1368 4845 1462 4911 ἔχῃ
1491 4845 1549 4892 τὸ
1578 4844 1661 4908 ἐφ’
1690 4841 1893 4895 ἅπασιν
1930 4843 2141 4912 ἰσχυρόν
2163 4841 2182 4906 ;’
2209 4841 2355 4905 Quod

803 4918 848 4967 si
883 4921 972 4981 (ut
1000 4916 1106 4981 ipse
1137 4915 1210 4964 ait
1235 4914 1252 4978 )
1281 4913 1341 4962 de
1361 4929 1418 4963 eo
1447 4912 1670 4977 Spiritus
1692 4915 1902 4981 accipit,
1931 4913 2159 4980 quamvis
2185 4915 2355 4964 omnia

805 4985 970 5054 possit
1012 4984 1334 5054 etiimpleat,
1370 4982 1622 5054 quomodo
1651 4985 1759 5054 ipse
1796 4985 2027 5054 animum
2057 4991 2356 5054 potestatem

806 5051 905 5105 non
940 5053 1178 5104 habebit?
1227 5052 1390 5119 Igitur
1432 5053 1512 5105 τὸ.
1548 5053 1612 5101 ἐκ
1644 5053 1736 5103 τοῦ
1768 5051 1922 5119 ἐμοῦ,
1971 5053 2108 5104 idem
2156 5054 2217 5100 ἐκ
2251 5052 2356 5102 τῶν

807 5122 963 5189 ἐμοῦ,
1015 5124 1234 5191 perinde
1269 5125 1338 5191 ἐκ
1361 5121 1466 5171 τῶν
1495 5121 1732 5183 Πατρός,
1769 5121 2007 5188 exponit.
2041 5121 2355 5191 Λαμὸἁνειν

805 5209 862 5242 τε
895 5189 1035 5243 οῦτω
1071 5193 1130 5243 τὸ
1157 5190 1377 5257 Πνεῦμὰ
1413 5207 1589 5257 φαμεν
1617 5193 1676 5241 ἐκ
1699 5209 1755 5242 τε
1786 5193 1878 5242 τοῦ
1906 5190 2111 5258 [Ιατρὸς
2145 5193 2235 5241 καὶ
2265 5189 2356 5241 τοῦ

811 5261 937 5311 Υἱοῦ
966 5265 1029 5310 τὰ
1055 5262 1251 5319 αὐτῶν,
1276 5262 1371 5327 οὐχ
1403 5261 1475 5320 ὡς
1505 5262 1632 5311 ποτὲ
1665 5262 1761 5327 μὲν
1789 5262 1890 5310 οὑκ
1927 5259 2064 5326 ἔχον.
2095 5262 2256 5328 Atque
2285 5262 2359 5310 ita

809 5347 898 5381 nos
931 5331 1155 5381 dicemus
1180 5329 1432 5396 Spiritum
1453 5332 1685 5397 accipere
1715 5347 1775 5382 ea:
1805 5330 1967 5382 Patre
1989 5341 2034 5380 et
2060 5330 2212 5384 Filio.
2245 5345 2358 5396 qua:

808 5415 987 5452 eorum
1017 5412 1155 5461 sum,
1191 5417 1288 5450 non
1321 5400 1477 5464 quod,
1507 5409 1610 5468 etc.
1639 5398 1743 5452 Nec
1773 5401 1924 5451 aliter
1948 5398 2360 5468 Cltrysostomus

811 5468 951 5535 quod
990 5483 1092 5520 una
1143 5469 1209 5520 sit
1258 5470 1482 5521 scientia
1539 5467 1655 5520 Filii
1702 5479 1755 5521 et
1790 5467 2359 5536 Spiritus;'quomodo

812 5539 973 5590 etiam
1021 5538 1186 5590 Filius
1211 5538 1437 5597 dicitur,
1477 5553 1580 5589 non
1615 5554 1641 5589 a
1674 5554 1729 5592 se
1758 5539 1921 5605 loqui,
1951 5539 2042 5590 sed
2069 5553 2185 5605 qua:
2215 5539 2362 5589 audt-

814 5608 892 5658 vit
919 5623 947 5659 a
991 5607 1167 5668 Patre,
1196 5619 1391 5659 mterna
1427 5609 1633 5660 scilicet
1669 5609 2030 5676 generatione,
2062 5619 2115 5659 et
2139 5623 2241 5675 qua
2269 5609 2361 5657 οὑ-

816 5677 954 5738 σίαν,
989 5689 1044 5730 et
1066 5694 1181 5744 quae
1210 5677 1326 5743 ejus
1358 5687 1485 5728 sunt
1513 5679 1712 5736 omnia,
1746 5679 1950 5742 accepit
1983 5694 1994 5728 :
2027 5678 2207 5743 sicque
2230 5678 2362 5728 adeo

820 5748 1053 5812 Spiritus
1079 5747 1236 5798 etiam
1257 5763 1283 5798 a
1306 5744 1455 5806 Filio,
1479 5762 1784 5812 quanquam
1813 5763 1840 5798 a
1867 5747 2020 5798 Patre
2049 5755 2105 5797 ut
2131 5763 2363 5811 προκατ-

817 5817 1077 5885 αρκτικοῦ
1119 5816 1289 5868 αἰτίου
1316 5855 1330 5880 ,
1360 5831 1422 5868 ac
1458 5816 1609 5882 quasi
1642 5816 1823 5869 fontali
1858 5817 2122 5886 principio
2149 5828 2200 5869 et
2230 5835 2255 5868 υ
2284 5833 2361 5881 se,

2453 4099 2576 4135 eum
2610 4077 2778 4137 Filius
2809 4085 2924 4152 ipse
2953 4099 3074 4137 cum
3105 4082 3259 4135 Patre
3293 4082 3614 4151 principium
3651 4081 3730 4152 sit_
3758 4091 3812 4135 et
3840 4098 3867 4134 a
3897 4082 4004 4136 Pa-

2455 4162 2555 4213 tre,
2587 4150 2860 4222 unumque
2889 4169 3010 4207 cum
3041 4154 3131 4207 illo
3177 4150 3497 4221 principium
3524 4151 3664 4219 quod
3695 4150 3864 4204 Graeci
3892 4153 4013 4207 fere

2457 4225 2855 4296 propositione
2872 4224 2980 4296 διά,
3012 4232 3193 4296 amant
3213 4223 3480 4296 explicare
3500 4239 3519 4296 ;_
3536 4224 3766 4296 ipseque
3798 4222 4006 4296 ihi_Cy-

2455 4292 2638 4355 rillus;
2684 4293 2896 4360 Ἐπειδὴ
2928 4292 3213 4360 ὁμοούσιόν
3242 4293 3356 4342 ἐστι
3394 4291 3468 4360 τῷ
3507 4291 3638 4357 Υίῴ,
3668 4293 3760 4342 καὶ
3790 4291 4012 4358 πρόεισι

2455 4360 2769 4429 θεοπρεπῶς
2808 4362 2874 4413 δι’
2923 4361 3119 4424 αὐτοῦ,
3163 4363 3341 4413 πᾶσαν
3385 4361 3545 4412 αὑτοῦ
3585 4362 3682 4428 τὴν
3717 4360 3802 4426 ἐφ’
3833 4363 4009 4413 ἀπασι

2455 4431 2790 4501 τελεωτάτην
2819 4433 2937 4500 ἕχον
2963 4432 3235 4501 ἐνέργειαν
3256 4447 3315 4480 τε
3339 4434 3430 4482 καὶ
3457 4431 3704 4501 δύναμιν,
3736 4429 3822 4480 διὰ
3842 4430 4004 4481 τοῦτό

2452 4517 2634 4567 φησιν·
2665 4500 2789 4552 ’Ότι
2819 4502 2886 4553 ἐκ
2916 4501 3020 4554 τοῦ
3058 4500 3201 4568 ἐμοῦ
3229 4501 3503 4566 λήψεται.
3540 4500 3860 4568 ’Υφεστῦναι
3897 4501 4012 4568 γάρ

2453 4565 2584 4623 αὐτὸ
2634 4571 2753 4622 καθ’
2796 4571 2957 4621 ἑαυτὸ
3005 4565 3337 4636 τὺῚἹνεῦμα
3386 4569 3728 4636 πιστεύομεν,
3766 4565 3916 4636 εἷναί
3948 4565 4008 4620 τε

2454 4641 2572 4690 κατ’
2596 4640 2870 4707 ἀλήθειαν,
2899 4638 3042 4691 τοῦθ’
3071 4639 3203 4705 ὅπερ
3227 4635 3342 4688 ἐστὶ
3374 4641 3464 4689 καὶ
3484 4635 3718 4704 λέγεται.
3748 4635 4010 4699 Quoniam

2455 4710 2908 4761 consubstantialis
2938 4718 3013 4760 est
3045 4707 3184 4759 Filio
3218 4724 3280 4759 ac
3302 4710 3468 4759 divine
3496 4723 3586 4774 per
3606 4723 3722 4758 eum
3751 4710 4007 4770 procedit,

2454 4795 2653 4831 omnem
2682 4778 2792 4846 ejus
2833 4778 3259 4846 perfectissimam
3290 4778 3340 4828 in
3367 4781 3599 4846 ommbus
3626 4779 3873 4841 operandi
3905 4778 4007 4827 tim

2455 4848 2646 4900 habens
2674 4845 2735 4898 ac
2765 4845 3084 4916 efﬁcaciam;
3112 4848 3305 4916 idcirco
3335 4848 3478 4905 dicit,
3510 4845 3642 4909 Quia
3671 4847 3736 4896 de
3762 4860 3882 4897 meo
3917 4861 4012 4897 ac-

2456 4918 2640 4984 cipiet.
2674 4914 2847 4983 Ipsum
2891 4917 3026 4968 enim
3053 4933 3142 4985 per
3164 4933 3216 4968 se
3240 4914 3493 4982 Spiritum
3529 4915 3799 4985 subsistere
3840 4917 4011 4985 credi—

2457 4983 2592 5048 mus,
2640 4997 2686 5038 et
2731 5003 2841 5039 esse
2878 4983 3062 5037 revera
3103 4987 3156 5038 id
3194 4986 3329 5053 quod
3358 4995 3429 5038 est
3474 4995 3622 5050 atque
3664 4984 3885 5053 dicitur.
3919 4983 4008 5037 Sic

2458 5071 2566 5108 non
2594 5055 2737 5109 favet
2787 5056 3062 5110 Dominica
3085 5056 3172 5108 illa
3199 5051 3298 5106 vox
3331 5070 3483 5107 nova:
3509 5051 3725 5108 Graeciae
3751 5061 3805 5105 et
3833 5054 4010 5106 Photii

2458 5140 2639 5179 errore
2662 5127 3001 5186 dementatae,
3025 5127 3116 5178 sed
3143 5125 3264 5176 lidei
3297 5124 3573 5177 veritatem
3596 5122 3797 5176 Graecis
3846 5124 4007 5176 etiam

2458 5195 2584 5247 olim
2625 5195 2880 5264 agnitam,
2929 5195 3138 5248 suadet.
3173 5193 3370 5247 Eadem
3421 5208 3554 5264 voce
3582 5196 3815 5264 πρόεισι,
3845 5196 4009 5245 etiam

2460 5264 2574 5317 Filii
2602 5261 2681 5316 εί
2698 5264 2851 5316 Patre
2877 5266 3273 5331 processionem
3319 5265 3458 5316 idem
3485 5263 3556 5315 illi
3583 5261 3811 5330 Cyrillus
3845 5277 4011 5330 espo-

2462 5335 2560 5391 nit.
2590 5351 2657 5386 ne
2702 5335 2824 5401 quis
2867 5334 2954 5386 hic
2993 5335 3292 5394 cavilletur,
3320 5335 3470 5402 quasi
3498 5333 3581 5393 τὸ,
3618 5332 4010 5402 ἐκπορεύεσθαι

2462 5404 2636 5471 majus
2667 5403 2866 5471 aliquid
2906 5405 2993 5463 sit,
3027 5413 3082 5456 et
3111 5401 3682 5456 eterna’emanationi
3713 5401 4011 5471 addictum,

2461 5469 2582 5525 eum
2610 5469 2836 5526 alterum
2869 5476 3048 5541 potius
3073 5473 3322 5540 respiciat
3349 5473 3693 5539 temporalem
3720 5469 3971 5522 elIectum
3998 5489 4008 5519 :

2461 5559 2568 5610 quo
2593 5559 2649 5595 se
2676 5545 2854 5597 fucum
2875 5546 3049 5595 facere
3071 5551 3281 5610 putant,
3315 5542 3406 5610 qui
3429 5541 3774 5610 schismatico
3795 5541 4010 5610 spiritu.

2462 5609 2569 5664 non
2599 5614 2792 5674 lucem,
2823 5614 2916 5666 sed
2948 5609 3154 5665 fumum
3181 5626 3241 5663 ac
3267 5609 3518 5665 tenebras
3541 5609 3769 5662 labentis
3794 5609 4012 5662 Graecia.-

2465 5683 2707 5736 l':ecibus.
2754 5694 2875 5749 post
2911 5692 3055 5735 tanta
3086 5685 3204 5750 ejus
3243 5683 3367 5734 olim
3419 5680 3652 5741 lumina,
3683 5681 4013 5734 ministrant.

2464 5753 2566 5805 Sed
2595 5753 2707 5806 [HEC
2735 5753 3007 5821 prosequi,
3037 5752 3256 5806 alterius
3276 5751 3368 5806 otii
3395 5762 3553 5820 atque
3573 5764 3771 5820 operae.
